4000 6060
190 271 333 327 1017

993 262 1303 317 DECRETI
1344 258 1527 313 PARS
1562 254 1740 308 XVII.
1768 278 1830 288 --
1858 250 1952 302 DE
1991 249 2177 313 FIDE,
2218 249 2347 302 SPE
2386 250 2478 301 ΒΤ
2514 247 2805 299 CHARIT.

3472 244 3607 300 1018

187 399 293 454 sed
312 401 374 451 ut
393 389 1071 465 intelligant,attendant
1085 386 1303 457 quibus
1318 381 1765 450 dixerit,nempe
1782 376 1843 429 in
1875 375 1927 440 Α
1959 388 2113 438 mus,
2140 371 2420 444 quoniam
2446 386 2551 424 nos
2572 368 2733 440 ipsos
2756 367 3003 423 miseros
3025 383 3127 439 per
3148 367 3484 423 miserantis
3510 368 3608 424 Dei

187 483 502 556 Evangelia
529 464 613 537 sic
640 480 927 550 scriptum
951 480 1037 533 est
1066 492 1077 529 :
1107 476 1248 530 Cum
1281 464 1847 543 loqueretur,rogavit

188 572 587 644 illumquidam
602 568 921 625 Pharisaei»
935 575 992 620 ut
1002 563 1303 636 pranderet
1326 559 1469 631 apud
1490 564 1621 621 se,et
1634 559 1844 625 ingres-

187 682 282 720 sus
304 663 575 718 recubuit.
600 658 921 714 Pharisaeus
941 660 1125 710 autem
1146 653 1308 722 cazpit
1333 652 1486 705 intra
1508 663 1566 701 se
1586 648 1847 716 reputans

190 750 383 806 dicere
403 764 581 820 quare
609 763 720 802 non
754 746 1072 815 baptizatus
1105 744 1247 796 esset
1276 742 1402 793 ante
1432 735 1751 808 prandium.
1781 734 1846 786 Et

189 842 270 895 ait
325 838 584 893 Dominus
628 835 698 891 ad
746 835 951 889 illum:
999 834 1174 895 Nunc,
1222 844 1312 884 vos
1360 826 1660 893 Pharisrri,
1705 821 1846 893 quod

189 928 406 998 deforis
448 935 528 981 est
563 923 753 981 colicis
798 926 851 978 et
892 921 1068 976 catini
1126 916 1425 985 mundatis,
1476 913 1616 984 quod
1661 914 1846 965 autem

190 1019 345 1073 intus
375 1025 451 1072 est
500 1018 765 1080 vestrum,
798 1012 1023 1085 plenum
1064 1013 1143 1065 est
1195 1006 1393 1077 rapina
1423 1007 1473 1059 et
1521 1001 1841 1072 iniquitate.

189 1107 383 1172 Stulli,
419 1120 597 1160 nonne
643 1102 739 1173 qui
797 1101 925 1172 fecit
981 1100 1040 1154 id
1081 1097 1219 1170 quod
1264 1097 1402 1166 foris
1445 1100 1547 1162 est,
1575 1091 1741 1147 etiam
1789 1090 1845 1143 id

191 1196 334 1268 quod
408 1197 560 1249 intus
646 1200 728 1247 est
795 1189 927 1261 fecit
979 1191 1002 1241 .9
1058 1188 1446 1243 Verumtamen
1532 1180 1673 1252 quod
1753 1195 1844 1231 su-

186 1288 405 1357 perest,
428 1283 554 1338 date
579 1283 1003 1351 eteemosynam,
1038 1280 1086 1330 et
1116 1290 1235 1328 ecce
1266 1273 1455 1328 omnia
1492 1270 1696 1324 munda
1720 1274 1849 1322 sunt

189 1373 347 1429 vobis
374 1372 560 1442 (Ibid)
594 1373 679 1426 Ita
702 1386 773 1424 ne
806 1367 914 1423 hoc
946 1362 1299 1421 intellecturi
1332 1377 1558 1425 sumus,
1593 1362 1657 1413 ut
1698 1358 1846 1412 Pha-

193 1462 382 1518 risaeis
405 1478 519 1516 non
536 1457 897 1515 habentibus
922 1455 1093 1509 ﬁdem
1119 1452 1359 1519 Christi,
1381 1450 1553 1505 etiam
1580 1448 1627 1503 si
1648 1464 1761 1502 non
1788 1447 1844 1499 in

195 1568 332 1607 eum
364 1548 744 1614 crediderint,
778 1564 883 1601 nec
917 1544 1099 1600 renati
1134 1540 1352 1597 fuerint
1382 1557 1449 1595 ex
1466 1555 1620 1609 aqua
1637 1540 1692 1591 et
1722 1536 1848 1607 Spi-

194 1641 311 1697 ritu
345 1639 747 1708 sancto(Joan.
776 1636 882 1703 ιιι),
908 1632 1131 1688 munda
1154 1631 1273 1685 sint
1295 1628 1516 1698 omnia,
1537 1632 1769 1682 tantum
1798 1627 1846 1683 si

1956 460 2422 517 misericordiam
2448 457 2885 529 requisivimus,
2911 457 3141 526 justum
3161 456 3455 526 judicium
3478 458 3606 527 ejus

1954 551 2323 616 confitentes,
2358 565 2472 620 quo
2510 545 2706 601 miseri
2742 545 2925 599 allecti
2961 561 3192 612 sumus,
3227 545 3295 598 de
3320 561 3433 614 quo
3466 545 3606 599 dicit

1954 640 2275 710 Apostolus
2309 655 2322 693 :
2356 637 2634 693 Judiczum
2665 634 2881 704 quidem
2912 650 2981 687 ac
3012 649 3119 687 uno
3166 634 3225 686 in
3270 633 3607 687 conde/nutu

1955 733 2157 788 tionem
2187 729 2360 799 (Rom.
2392 726 2471 795 v).
2505 725 2573 777 Et
2627 738 2852 793 magnae
2884 720 3157 774 charitati
3221 721 3349 790 ejus
3389 720 3607 790 gratias

1958 825 2215 893 agentes,
2242 817 2310 870 de
2345 830 2461 886 qua
2494 813 2649 867 idem
2675 811 2799 881 ipse
2828 808 2970 864 dicit
3002 809 3201 879 gratiae
3228 809 3605 878 praedicator:

1958 906 2305 966 Commendat
2346 908 2528 959 autem
2556 918 2721 955 suam
2768 898 3112 953 dilectionem
3163 898 3300 951 Deus
3340 897 3401 950 in
3430 898 3607 966 nobis,

1955 999 2211 1071 quoniam
2243 1012 2366 1050 cum
2396 992 2575 1048 adhuc
2602 997 2915 1061 peccatores
2944 1002 3203 1054 essemus,
3232 987 3488 1040 Christus
3508 1003 3605 1057 pro

1954 1089 2109 1144 nobis
2138 1090 2393 1141 mortuus
2419 1085 2497 1136 est
2526 1078 2733 1151 (Ibid),
2768 1082 2833 1131 ut
2862 1082 2917 1131 et
2954 1092 3055 1131 nos
3091 1074 3371 1130 veraciter
3400 1075 3471 1129 de
3501 1092 3604 1129 no-

1956 1184 2077 1235 stra
2096 1173 2335 1231 miseria
2357 1171 2716 1243 judicantes,
2742 1171 2798 1221 et
2822 1165 2921 1220 Dei
2946 1164 3288 1219 charitatem
3313 1180 3490 1235 quam
3512 1165 3606 1218 do-

1956 1266 2113 1323 navit
2142 1265 2288 1336 ipse,
2322 1262 2654 1332 diligentes,
2688 1256 2778 1327 pic
2811 1258 3082 1324 recteque
3126 1253 3409 1307 vivamus.
3447 1254 3605 1318 Quod

1948 1354 2241 1427 judicium
2278 1356 2336 1406 et
2366 1348 2713 1406 charitatem
2752 1345 2848 1400 Dei
2882 1360 3018 1398 cum
3052 1342 3330 1397 Pharisaei
3367 1347 3607 1413 praster-

1957 1446 2108 1499 irent
2137 1444 2288 1514 (Luc.
2321 1439 2423 1510 x1),
2456 1435 2833 1491 decimabant
2865 1437 3060 1487 tamen
3094 1434 3301 1501 praeter
3323 1431 3609 1502 [propter]

1958 1532 2358 1601 eleemosynas
2385 1542 2534 1597 quas
2567 1523 2877 1588 faciebant,
2913 1519 3090 1575 etiam
3141 1534 3387 1590 quisque
3416 1519 3612 1573 minu-

1957 1620 2190 1676 tissima
2222 1620 2524 1674 fructuum
2577 1627 2821 1668 suorum
2868 1607 3102 1680 ((Matth.
3145 1612 3328 1676 χχιιι).
3372 1609 3437 1662 Et
3478 1608 3607 1663 ideo

195 1728 599 1800 eleemosynas
622 1724 909 1793 dederint,
935 1722 1089 1778 sicut
1108 1720 1206 1776 isti
1238 1736 1336 1774 eas
1357 1718 1580 1773 dandas
1614 1720 1851 1795 putant,
1885 1746 1931 1809 Β
1961 1727 2077 1767 non
2109 1709 2325 1764 dabant
2347 1705 2779 1771 eleemosynam
2808 1716 2841 1754 a
2872 1698 3084 1769 seipsis
3115 1697 3483 1768 incipientes,
3519 1712 3611 1751 se-

1594 1807 1605 1809 _
1716 1807 1735 1809 _
1767 1807 1779 1809 _
2302 1794 2313 1805 ο
2480 1788 2872 1809 ',_,,:___A_‘l:e_..-
2900 1788 3176 1809 P.--:-_L-_
3226 1786 3373 1809 -1-.-L
3397 1784 3494 1809 2-1:
3520 1800 3611 1809 ...υ-

198 1835 334 1875 cum
377 1818 497 1873 sint
528 1814 824 1870 immundi
855 1828 1060 1868 omnes
1110 1825 1256 1881 quos
1280 1824 1394 1862 non
1427 1807 1675 1861 mundat
1708 1807 1851 1861 ﬁdes

204 1906 442 1973 Christi,
474 1906 545 1960 de
576 1921 693 1976 qua
738 1902 1025 1973 scriptum
1071 1904 1199 1965 est;
1233 1897 1506 1954 Mundans
1546 1896 1653 1967 ﬁde
1690 1896 1853 1951 corda

203 2011 396 2053 eorum
426 1993 560 2065 (Act.
593 1992 706 2061 xv).
744 1992 807 2045 Et
829 1990 982 2045 dicat
1012 1986 1328 2058 Apostolus
1363 2002 1374 2040 :
1410 1984 1720 2041 Immundis
1751 2002 1852 2039 au-

205 2093 312 2140 tem
337 2087 387 2138 et
430 2080 743 2151 infidelibus
782 2078 925 2134 nihil
968 2082 1049 2132 est
1078 2076 1370 2142 mundum,
1390 2075 1484 2129 sed
1500 2076 1710 2145 polluta
1727 2078 1855 2130 sunt

204 2188 397 2227 eorum
440 2185 594 2224 mens
644 2178 697 2223 et
735 2168 1077 2223 conscientia
1108 2166 1228 2236 (Tit.
1262 2162 1320 2233 ι).
1364 2162 1663 2228 Quomodo
1719 2178 1854 2232 ergo

204 2258 515 2315 Pharisseis
548 2257 748 2312 omnia
781 2256 1005 2311 munda
1027 2258 1246 2323 essent,
1275 2251 1324 2306 si
1347 2251 1744 2323 eleemosynas
1762 2252 1857 2305 da-

206 2352 359 2418 rent,
382 2352 439 2402 et
469 2346 672 2402 ﬁdeles
704 2362 819 2417 non
873 2344 1118 2401 essent?
1149 2344 1262 2397 Aut
1303 2341 1598 2411 quomodo
1658 2339 1856 2395 ﬁdeles

204 2434 521 2509 [infideles]
553 2438 771 2501 essent,
806 2436 856 2490 si
899 2434 957 2489 in
989 2431 1285 2487 Christum
1309 2429 1563 2497 credere,
1587 2432 1759 2499 atque
1798 2429 1856 2482 in

203 2527 332 2596 ejus
354 2524 580 2580 renasci
600 2523 790 2595 gratia
804 2522 1133 2578 noluissent
1153 2517 1566 2591 [voluissent]?
1580 2518 1648 2571 Et
1661 2521 1855 2572 tamen

209 2628 409 2668 verum
459 2615 551 2667 est
592 2611 747 2682 quod
802 2610 1307 2666 audierantzDate
1355 2607 1771 2676 eteemosynam,
1805 2609 1859 2660 et

206 2717 323 2757 ecce
352 2700 548 2756 omnia
577 2700 788 2754 munda
817 2703 945 2754 sunt
967 2698 1115 2753 vobis
1148 2700 1300 2769 (Luc.
1332 2700 1430 2768 x1).

207 2820 339 2871 CAP.
383 2818 502 2871 127.
531 2847 602 2857 —
633 2814 783 2883 Quod
838 2829 948 2869 non
1005 2816 1079 2868 sit
1122 2814 1392 2869 vocandus
1448 2813 1717 2867 inimicus
1764 2813 1863 2883 qui

353 2891 578 2944 veniam
609 2902 810 2956 rogare
855 2886 1124 2956 disponit.
1159 2887 1297 2956 Aug.
1339 2884 1491 2948 (ibid.
1524 2901 1574 2940 c.
1604 2885 1717 2954 74).

282 2989 414 3044 Jam
442 3001 577 3042 vero
606 2985 707 3056 qui
753 3000 887 3039 eum
920 2984 979 3037 in
1031 2999 1204 3053 quem
1258 2981 1516 3055 peccavit
1560 2981 1859 3036 hominem

216 3080 405 3148 rogat,
442 3074 491 3130 si
524 3077 760 3145 peccato
808 3088 913 3127 suo
974 3074 1242 3125 movetur
1298 3074 1362 3125 ut
1392 3074 1573 3142 roget,
1607 3085 1723 3123 non
1775 3072 1863 3122 est

214 3163 406 3220 adhuc
437 3162 810 3233 deputandus
830 3159 1128 3226 inimicus,
1153 3163 1217 3213 ut
1233 3175 1366 3214 eum
1390 3159 1632 3230 diligere
1653 3158 1731 3212 sit
1753 3156 1862 3211 dif-

211 3250 385 3319 ﬁcile,
414 3249 569 3306 sicut
616 3247 854 3303 difﬁcile
901 3251 1023 3304 erat
1062 3248 1295 3318 quando
1329 3246 1671 3302 inimicitias
1699 3262 1859 3302 exer-

214 3340 403 3395 eebat.

213 3459 349 3512 CAP.
394 3454 514 3508 128.
549 3483 616 3492 —
646 3457 766 3509 Non
816 3452 1035 3507 remitti
1059 3457 1278 3521 peccata
1318 3453 1435 3506 nisi
1461 3452 1767 3507 remittenti
1796 3465 1865 3505 ex

380 3526 544 3580 corde
570 3525 628 3578 in
660 3540 716 3578 se
740 3523 1010 3594 peccanti.
1045 3524 1181 3593 Aug.
1216 3523 1498 3595 (Proxime
1523 3522 1691 3594 post).

287 3613 575 3684 Quisquis
630 3616 827 3667 autem
889 3612 1120 3682 roganti
1151 3616 1209 3666 et
1258 3610 1481 3681 peccati
1540 3610 1631 3664 sui
1681 3609 1863 3680 pceni-

214 3700 363 3756 tenti
418 3716 535 3755 non
581 3715 649 3754 ex
685 3699 857 3754 corde
913 3697 1180 3764 dimittit,
1214 3695 1376 3751 nullo
1436 3696 1608 3751 modo
1664 3694 1864 3750 existi-

216 3792 340 3843 met
396 3806 429 3843 a
480 3788 726 3843 Domino
796 3802 907 3841 sua
967 3789 1205 3855 peccata
1282 3783 1520 3854 dimitti,
1584 3784 1864 3854 quoniam

217 3876 459 3930 mentiri
505 3875 720 3930 veritas
769 3890 883 3929 non
935 3878 1143 3946 potest.
1181 3876 1363 3939 Quem
1404 3888 1537 3927 vero
1570 3870 1866 3943 Evangelii

213 3963 395 4020 lateat
431 3964 778 4027 auditorem,
805 3962 924 4016 sive
953 3960 1261 4017 electorem
1300 3960 1433 4031 quis
1473 3959 1722 4015 dixerit:
1748 3960 1865 4031 Ego

216 4067 351 4106 sum
381 4049 638 4105 veritas?
666 4050 843 4119 (Joan.
876 4049 1013 4117 xxv).
1048 4048 1155 4113 Qui
1180 4064 1311 4103 cum
1336 4046 1634 4101 docuisset
1659 4045 1865 4100 oratio-

217 4155 376 4207 nem,
406 4139 557 4192 hanc
588 4138 646 4191 in
686 4153 755 4192 ea
800 4136 1051 4208 positam
1102 4136 1454 4191 sententiam
1495 4134 1869 4191 vehementer

217 4225 669 4290 commendavit,
702 4223 926 4279 dicens.
947 4223 1008 4277 Si
1038 4224 1187 4277 enim
1207 4223 1533 4277 dimiseritis
1554 4221 1869 4277 hominibus

218 4324 436 4385 peccata
466 4330 674 4381 eorum,
706 4312 947 4367 dimittet
968 4320 1021 4367 et
1059 4312 1210 4367 vobis
1238 4313 1409 4366 Pater
1440 4319 1610 4367 vester
1638 4311 1867 4366 cwlestis

219 4402 423 4457 delicta
452 4407 665 4457 vestra.
701 4400 760 4456 Si
792 4409 975 4457 autem
1007 4416 1119 4456 non
1149 4399 1485 4454 dimiseritis
1533 4399 1865 4465 hominibus,

1962 1813 2211 1868 cumque
2228 1794 2393 1868 prius
2416 1788 2878 1846 misericordiam
2900 1788 3200 1851 facientes,
3224 1786 3377 1841 sicut
3397 1784 3498 1839 isti
3516 1800 3614 1839 eas

1963 1889 2187 1945 dandas
2220 1887 2447 1958 putant.
2484 1884 2725 1952 PrOpter
2771 1893 2947 1949 quem
2978 1876 3304 1931 dilectionis
3347 1875 3613 1930 ordinem

1965 1979 2190 2034 dictum
2234 1980 2324 2030 est
2359 1991 2372 2029 :
2406 1973 2611 2042 Diliges
2639 1969 2961 2041 proximum
2994 1969 3149 2020 tuum
3195 1965 3337 2019 sicut
3386 1965 3619 2034 teipsum

1966 2067 2175 2139 (Matth.
2211 2063 2373 2134 XXII).
2399 2062 2543 2118 Cum
2574 2075 2708 2131 ergo
2738 2058 3099 2127 increpasset
3129 2070 3228 2109 eos
3259 2053 3413 2123 quod
3438 2052 3618 2107 forin-

1965 2173 2135 2213 secus
2168 2171 2232 2210 se
2260 2153 2546 2219 levarent,
2569 2148 2730 2203 intus
2762 2150 2958 2202 autem
2983 2144 3189 2215 rapina
3220 2148 3275 2198 et
3306 2142 3619 2213 iniquitate

1966 2244 2123 2319 pleni
2179 2245 2397 2308 essent,
2440 2241 2764 2294 admonens
2823 2233 3142 2305 quamdam
3185 2233 3615 2301 eleemosynam

1968 2350 2145 2405 quam
2179 2332 2292 2387 sibi
2323 2331 2497 2384 homo
2539 2327 2712 2381 debet
2742 2323 3018 2395 primitus
3050 2322 3211 2388 dare,
3244 2324 3301 2375 et
3340 2319 3618 2373 interiora

1968 2422 2259 2478 mundare
2294 2436 2307 2473 :
2344 2420 2756 2481 Verumtamen,
2792 2409 3154 2481 iuquit,quod
3201 2416 3461 2478 superest,
3494 2406 3619 2461 date

1968 2512 2395 2581 elemosynam,
2462 2512 2514 2559 et
2565 2518 2686 2559 ecce
2759 2503 2953 2556 omnia
3008 2497 3217 2552 munda
3268 2499 3397 2550 sunt
3468 2494 3617 2550 vobis

1970 2601 2120 2670 (Luc.
2153 2598 2254 2669 ιιι).
2272 2595 2490 2651 Deinde
2513 2596 2577 2647 ut
2598 2590 2928 2647 ostenderet
2949 2586 3087 2658 quid
3111 2583 3540 2652 admonuisset,
3565 2586 3620 2637 et

1971 2689 2115 2761 quid
2154 2686 2268 2758 ipsi
2301 2685 2489 2739 facere
2529 2696 2646 2735 non
2696 2680 2993 2742 curarent,
3027 2691 3098 2729 ne
3142 2673 3309 2728 illum
3342 2675 3621 2743 putarent

1972 2759 2379 2845 eleemosynas
2410 2785 2611 2827 eorum
2644 2766 2939 2838 ignorare,
2972 2763 3075 2819 sed
3104 2776 3190 2819 v.2
3219 2760 3391 2830 vobis,
3425 2759 3620 2831 inquit

1970 2863 2304 2930 Pharisaeis,
2326 2866 2611 2931 tanquam
2631 2856 2850 2911 diceret
2868 2870 2880 2908 :
2897 2854 3014 2925 Ego
3029 2851 3266 2923 quidem
3281 2848 3618 2905 commonui

1971 2971 2072 3010 vos
2084 2953 2156 3009 ad
2175 2951 2605 3020 eleemosynam
2620 2946 2731 3000 dan
2741 2944 3009 3013 dam,per
3021 2956 3200 3011 quam
3217 2938 3385 2993 vobis
3399 2938 3622 2991 munda.

1973 3044 2092 3099 sint
2121 3040 2341 3108 omnia,
2364 3037 2466 3093 sed
2488 3052 2564 3091 vae
2593 3033 2742 3089 vobis
2763 3034 2859 3104 qui
2906 3029 3186 3086 decimatis
3233 3030 3538 3090 mentitam,
3571 3030 3622 3080 et

1971 3139 2175 3197 rutam,
2207 3133 2257 3185 et
2287 3142 2447 3183 omne
2480 3125 2597 3179 olus
2626 3120 2835 3193 (Ibid),
2869 3118 2973 3174 has
3000 3117 3157 3172 enim
3191 3115 3324 3170 novi
3373 3114 3623 3168 eleemo-

1971 3236 2148 3291 synas
2177 3221 2423 3281 vestras,
2457 3229 2528 3268 ne
2561 3213 2633 3267 de
2662 3209 2780 3267 illis
2810 3224 2900 3263 me
2930 3223 3032 3262 vos
3063 3221 3219 3259 nunc
3245 3202 3625 3257 admonuisse

1972 3306 2361 3371 arbitremini,
2385 3308 2437 3359 et
2452 3300 2759 3373 prwteritis
2780 3297 3049 3368 iudicium
3069 3303 3119 3349 et
3134 3294 3465 3348 charitatem
3492 3292 3622 3345 Dei.

1971 3399 2095 3461 Qua
2115 3395 2482 3463 eleemosyna
2503 3388 2754 3459 possetis
2772 3387 2842 3440 ab
2856 3382 3015 3440 omni
3036 3380 3502 3451 iniquinamento
3529 3379 3622 3431 in-

1972 3484 2173 3542 teriori
2196 3480 2494 3548 mundari,
2526 3483 2591 3532 ut
2613 3475 2777 3531 vobis
2807 3472 3029 3527 munda
3060 3476 3256 3524 essent
3292 3472 3348 3523 et
3379 3482 3623 3537 corpora

1974 3592 2101 3647 quae
2123 3570 2353 3639 lavatis,
2369 3569 2477 3623 hoc
2500 3572 2589 3622 est
2609 3565 2765 3621 enim
2789 3560 3005 3626 omnia,
3021 3562 3077 3613 et
3099 3556 3376 3612 interiora
3399 3554 3625 3610 scilicet

1974 3644 2032 3719 et
2062 3660 2365 3718 exteriora.
2404 3655 2569 3711 Sicut
2601 3651 2740 3708 alibi
2770 3649 2986 3720 legitur
3010 3665 3023 3703 :
3046 3644 3320 3701 Mandata
3335 3658 3458 3714 quae
3476 3645 3623 3698 intus

1972 3759 2119 3818 sunt,
2154 3756 2205 3804 et
2234 3762 2353 3819 quae
2381 3745 2522 3815 foris
2569 3744 2696 3796 sunt
2725 3736 2932 3794 munda
2980 3738 3147 3790 erunt
3175 3733 3385 3804 (Matth.
3434 3732 3621 3802 χχιιι),

1973 3839 2084 3894 Sed
2110 3853 2179 3892 ne
2233 3818 2375 3890 istas
2432 3831 2834 3900 eleemosynas
2865 3841 2991 3897 quis
3023 3824 3175 3878 ﬁunt
3218 3822 3289 3876 de
3337 3818 3624 3875 fructibus

1976 3933 2141 3983 terrm
2190 3922 2487 3995 respuisse
2533 3919 2873 3974 videretur:
2910 3917 3066 3980 Haec,
3122 3910 3331 3980 inquit,
3382 3909 3625 3978 oportuit

1973 4021 2173 4086 facere,
2196 4013 2253 4068 id
2276 4016 2386 4076 est,
2404 4009 2698 4081 judicium
2725 4009 2781 4060 et
2801 4003 3146 4058 charitatem
3171 3998 3289 4065 Dei,
3315 4001 3368 4052 et
3394 3997 3492 4051 illa
3514 4011 3622 4050 non

1971 4103 2431 4177 praterireuuc.
2464 4100 2565 4170 xx),
2595 4096 2654 4150 id
2701 4098 2808 4158 est,
2867 4090 3267 4160 eleemosynas
3324 4085 3621 4139 fructuum

1973 4200 2362 4250 terrenarum.

1978 4311 2107 4365 CAP.
2136 4307 2255 4362 130.
2289 4336 2357 4343 -
2385 4304 2462 4357 Ne
2483 4299 2604 4371 quis
2642 4295 3033 4371 impunitatem
3072 4287 3622 4371 sibi_peccandi__dari

2072 4362 2245 4450 putet,
2276 4362 2683 4444 eleeniosynam
2715 4362 2923 4424 dando.
2959 4372 3109 4433 Aug.
3144 4363 3310 4432 ibid.,
3331 4377 3379 4417 c.
3412 4362 3524 4432 77).

222 4506 328 4545 nec
358 4492 523 4546 Pater
543 4495 718 4545 vester
746 4489 987 4545 dimittet
1016 4490 1166 4544 vobis
1184 4492 1417 4560 peccata
1446 4493 1625 4544 vestra
1648 4489 1869 4560 (Matth.
1904 4469 1947 4532 Π
2051 4496 2175 4550 Non
2209 4509 2343 4564 ergo
2377 4508 2439 4545 se
2469 4489 2694 4555 fallant,
2729 4486 2830 4558 qui
2865 4502 2963 4557 per
2984 4482 3383 4552 eleemosynas
3406 4476 3626 4550 quasli-

224 4582 326 4646 γι).
360 4578 446 4631 Ad
501 4586 613 4633 tam
648 4594 924 4649 magnum
976 4576 1306 4634 tonitruum
1358 4577 1456 4649 qui
1508 4580 1623 4631 non
1664 4592 1872 4648 exper-

222 4665 491 4736 giscitur,
515 4683 632 4720 non
656 4667 892 4735 dormit,
915 4667 1016 4721 sed
1038 4672 1310 4721 mortuus
1332 4670 1440 4721 est.
1466 4666 1536 4720 Et
1558 4670 1751 4721 tamen
1777 4682 1873 4737 po-

222 4759 355 4809 tens
384 4758 473 4809 est
508 4753 605 4809 ille
634 4753 810 4810 etiam
842 4759 1107 4811 mortuos
1138 4754 1411 4811 excitare.

223 4869 359 4924 CAP.
398 4870 518 4926 129.
539 4902 607 4910 —
635 4872 768 4925 Item
792 4870 1056 4940 quomodo
1090 4870 1380 4939 lurgienda
1400 4872 1473 4926 sit
1501 4870 1871 4941 eleemosyna.

760 4944 897 5012 Aug.
931 4941 1115 5013 (ibid,
1147 4959 1192 4997 c.
1227 4942 1338 5013 76).

294 5032 401 5095 Qui
443 5036 638 5087 autem
688 5031 811 5086 vult
859 5032 1123 5087 ordinate
1176 5034 1314 5088 dare
1360 5034 1792 5105 eleemosynam
1842 5050 1875 5087 a

222 5121 415 5191 seipse
445 5121 615 5176 debet
635 5121 913 5191 incipere,
935 5125 991 5176 et
1012 5138 1139 5177 eam
1172 5122 1283 5177 sibi
1308 5122 1565 5194 primum
1591 5124 1749 5177 dare.
1777 5123 1877 5177 Est

221 5209 379 5264 enim
408 5210 775 5281 eleemosyna
807 5226 954 5280 opus
986 5209 1427 5280 misericordiae,
1451 5211 1877 5281 verissimeque

224 5297 448 5351 dictum
473 5303 562 5353 est
594 5316 607 5352 :
642 5298 896 5353 Miserere
943 5300 1153 5353 anima:
1186 5303 1298 5355 tua:
1335 5302 1564 5372 placens
1616 5300 1875 5370 Deo(Ec-

222 5382 319 5438 cli.
349 5386 502 5455 xxx).
538 5390 782 5457 Propter
810 5386 920 5441 hoc
953 5388 1342 5455 renascimur,
1386 5392 1450 5443 ut
1497 5389 1613 5443 Deo
1646 5386 1877 5458 placea-

228 5489 364 5528 mus
388 5474 481 5528 cui
512 5474 720 5530 merito
743 5474 1016 5545 displicet
1048 5476 1204 5546 quod
1257 5479 1548 5531 nascendo
1580 5476 1875 5532 contraxi-

234 5578 389 5617 mus.
427 5566 554 5618 Haac
583 5568 671 5619 est
700 5563 893 5634 prima
922 5562 1294 5635 eleemosyna
1315 5580 1491 5635 quam
1511 5564 1680 5620 nobis
1712 5565 1874 5621 dedi-

1983 4586 2079 4639 bet
2099 4581 2467 4655 largissimas
2496 4580 2794 4632 fructuum
2816 4591 3083 4641 suorum,
3105 4570 3191 4625 vel
3215 4571 3501 4641 cujusque
3526 4582 3624 4637 pe-

1983 4673 2167 4729 cunias
2198 4668 2611 4742 impunitatem
2636 4682 2696 4720 se
2727 4679 2918 4718 emere
2947 4661 3287 4717 existimant
3314 4657 3375 4711 in
3408 4656 3625 4712 facino-

1983 4780 2113 4818 rum
2172 4774 2413 4815 suorum
2463 4753 2832 4810 immanitate
2862 4768 2928 4806 ac
2978 4748 3337 4820 ﬂagitiorum
3365 4744 3627 4815 nequitia

1984 4848 2401 4922 permanando.
2426 4845 2551 4900 Non
2586 4842 2777 4898 solum
2811 4840 2970 4896 enim
3002 4838 3125 4893 haec
3158 4835 3398 4903 faciunt,
3431 4832 3627 4888 sedita

1985 4920 2239 5009 diligunt
2266 4939 2329 4989 ut
2358 4933 2416 4987 in
2441 4933 2525 4988 eis
2559 4946 2791 5000 semper
2811 4931 3032 5000 optent,
3058 4931 3288 4981 tantum
3312 4922 3359 4977 si
3375 4920 3624 4991 possint,

1986 5006 2225 5097 impune
2252 5023 2489 5078 versari.
2525 5021 2642 5093 Qui
2670 5023 2864 5074 autem
2899 5016 3085 5086 diligit
3114 5013 3479 5084 iniquitatem,
3511 5006 3628 5062 odit

1984 5120 2231 5173 animum
2258 5128 2414 5167 suam
2444 5110 2617 5181 (Psal.
2651 5109 2726 5179 κ),
2760 5112 2816 5162 et
2847 5106 2947 5177 qui
2995 5104 3117 5159 odit
3146 5100 3402 5156 animam
3435 5113 3623 5166 suam,

1987 5223 2100 5261 non
2150 5209 2239 5258 est
2293 5199 2647 5264 misericors,
2682 5197 2782 5252 sed
2834 5192 3124 5258 crudelis;
3158 5187 3452 5259 diligendo
3495 5199 3623 5239 eam

1986 5294 2204 5364 quippe
2257 5288 2581 5344 secundum
2631 5283 2936 5349 sarculum,
2970 5279 3093 5335 odit
3140 5294 3266 5333 eam
3296 5272 3623 5330 secundum

1986 5384 2190 5438 Deum.
2216 5379 2271 5434 Si
2287 5394 2420 5449 ergo
2442 5376 2613 5431 vellet
2635 5374 2682 5429 ei
2703 5375 2841 5427 dare
2862 5371 3312 5439 eleemosynam,
3332 5376 3623 5434 perquam

1990 5472 2209 5526 munda
2235 5468 2322 5523 illi
2371 5469 2570 5522 essent
2616 5460 2833 5527 omnia,
2868 5459 3089 5514 odisset
3125 5472 3252 5511 eam
3294 5450 3621 5507 secundum

1987 5559 2360 5627 saeculum,et
2379 5555 2649 5627 diligeret
2667 5550 2991 5607 secundum
3010 5548 3214 5604 Deum.
3230 5543 3411 5601 Nemo
3430 5544 3625 5597 autem
