3948 6072
434 199 572 254 1019

1474 220 1540 272 1).
1583 220 1825 277 IVONIS
1859 224 2356 288 CARNOTENSIS
2391 237 2795 295 EPISCOPUS.

3729 245 3868 299 1020

432 323 530 376 dat
560 323 992 401 eleemosynam
1027 336 1366 404 quamlibet,
1405 340 1518 394 nisi
1553 343 1705 400 unde
1747 347 1847 402 det
1876 350 1947 404 ab
1979 349 2076 407 illo
2105 356 2160 421 Α
2188 357 2334 412 enim
2367 360 2701 431 offendimus
2719 378 2906 418 omnes
2934 363 3067 434 (Jac.
3095 363 3202 436 111),
3232 368 3462 436 oportet
3477 371 3545 423 ut
3577 368 3861 440 quotidie

427 411 677 484 accipiat
710 417 807 487 qui
840 435 953 475 non
990 427 1138 492 eget.
1174 425 1240 480 Et
1272 426 1401 481 ideo
1444 429 1669 488 dictum
1701 439 1831 490 est:
1868 438 2075 495 Miseri-

431 502 621 557 cordia
649 506 768 576 ejus
787 511 1081 578 praeveniet
1108 529 1196 568 me
1224 515 1397 585 (Psal.
1435 522 1609 591 Lvm).

431 671 563 723 CAP.
599 672 721 726 131.
754 705 821 714 —
849 678 955 758 Ifro
993 679 1239 762 inimicis
1268 685 1539 762 similiter
1558 699 1626 762 ut
1659 709 1759 762 pro
1806 698 2075 756 maximis

676 749 911 813 peccatis
939 751 1228 807 orandum.
1251 755 1390 826 Aug.
1429 759 1608 830 (ibid.,
1632 749 1678 817 εί
1709 765 1821 836 78).

500 895 633 958 Qum
664 895 782 950 sint
831 903 1026 955 autem
1061 903 1228 970 levia,
1266 923 1391 978 quae
1423 911 1622 982 gravia
1663 921 1919 986 peccata,
1954 937 2070 977 non

428 982 814 1050 humano,sed
839 988 1036 1045 divino
1057 997 1192 1047 sunt
1213 1001 1768 1071 pensandajudicio.
1789 1007 2070 1067 Videmus

425 1070 579 1124 enim
610 1075 873 1142 quaedam
899 1079 970 1134 ab
993 1079 1138 1152 ipsis
1159 1100 1393 1156 quoque
1415 1070 1693 1160 apostolis
1715 1095 2071 1167 ignoscendo

423 1158 604 1215 fuisse
647 1177 941 1221 concessa.
980 1170 1152 1240 quale
1202 1172 1344 1230 illud
1377 1158 1470 1233 est
1516 1184 1668 1252 quod
1717 1158 2069 1247 venerabilis

424 1248 634 1304 Paulus
662 1255 1012 1324 conjugibus
1034 1259 1115 1314 ait
1139 1276 1151 1314 :
1184 1262 1368 1320 Nolite
1384 1269 1650 1337 fraudare
1679 1273 1932 1344 invicem,
1957 1280 2071 1334 nisi

419 1353 494 1391 cx
523 1355 786 1396 consensu
807 1344 875 1397 ad
906 1349 1136 1418 tempus,
1168 1361 1229 1407 ut
1251 1359 1448 1411 vacetis
1493 1362 1758 1432 orationi,
1785 1369 1838 1419 et
1866 1368 2070 1423 iterum

419 1429 479 1479 in
509 1427 757 1499 idipsum
781 1437 1149 1503 revertimini,
1183 1458 1254 1496 ne
1284 1459 1375 1497 vos
1404 1449 1573 1503 tentet
1596 1449 1837 1508 Satanas
1846 1462 2070 1526 propter

422 1507 884 1566 incontinentiam
939 1521 1176 1575 vestram
1207 1522 1256 1591 (Ι
1315 1524 1436 1579 Cor.
1471 1528 1588 1599 v11).
1650 1507 1811 1595 Quod

422 1603 621 1665 posset
651 1617 765 1655 non
788 1618 913 1658 esse
936 1612 1264 1677 peccatum,
1287 1613 1520 1670 misceri
1551 1619 1775 1676 scilicet
1804 1625 2065 1698 conjugi,

425 1700 541 1740 non
584 1686 838 1746 ﬁliorum
879 1700 1373 1764 procreandorum
1409 1721 1604 1774 causa,
1639 1713 1795 1780 quod
1845 1714 2064 1770 bonum
2097 1727 2144 1793 Β

421 1779 510 1830 est
539 1779 818 1848 nuptiale,
844 1785 943 1838 sed
964 1789 1217 1845 carnalis
1238 1792 1415 1848 etiam
1438 1779 1774 1871 voluptatis,
1800 1808 1864 1858 ut
1885 1805 2066 1861 forni-

419 1864 682 1932 cationis,
701 1869 820 1924 sive
850 1872 1144 1943 adulterii,
1169 1879 1288 1934 sive
1309 1883 1658 1956 cujusquam
1684 1890 1925 1950 alterius
1951 1897 2064 1952 im-

425 1954 728 2010 munditia
753 1961 1120 2019 mortiferum
1143 1967 1388 2039 malum,
1411 1954 1567 2043 quod
1593 1981 1760 2050 turpe
1777 1990 1862 2037 est
1884 1985 2062 2041 etiam

423 2039 636 2112 dicere,
659 2061 774 2115 quo
798 2053 1259 2119 potesttentante
1282 2039 2060 2142 Satanalibido‘pertrahere,

422 2128 911 2192 incontinentiam
958 2141 1171 2198 devitet
1219 2146 1546 2207 inﬁrmitas.
1583 2155 1786 2211 Posset
1808 2174 1964 2230 ergo,
2000 2168 2064 2218 ut

419 2218 556 2288 dixi,
583 2220 691 2278 hoc
713 2228 906 2295 putari
930 2246 1044 2285 non
1068 2248 1196 2290 esse
1217 2243 1543 2310 peccatum,
1568 2243 1680 2298 nisi
1702 2218 2057 2306 addidisset:

415 2309 523 2362 Hoc
549 2315 731 2367 autem
761 2314 883 2371 dico
925 2322 1223 2378 secundum
1254 2324 1676 2398 indulgentiam,
1708 2351 1820 2390 non
1863 2353 2057 2394 secun-

413 2397 544 2452 dum
569 2401 870 2470 imperium
904 2408 1108 2478 (Ibid).
1143 2413 1283 2476 Quis
1311 2421 1508 2473 autem
1533 2397 1668 2490 jam
1691 2437 1820 2479 esse
1851 2441 2055 2496 pecca-

411 2490 535 2544 tum
570 2496 760 2561 neget,
791 2510 922 2550 cum
949 2499 1074 2554 dari
1105 2502 1335 2560 veniam
1359 2505 1712 2567 facientibus
1733 2490 2055 2584 apostolica

407 2580 726 2636 auctoritas
763 2583 1015 2641 fateatur
1038 2588 1065 2642 ‘l
1103 2590 1241 2647 Tale
1290 2596 1570 2665 quiddam
1606 2605 1698 2656 est
1727 2580 1827 2657 ubi
1858 2605 2003 2661 dicit
2033 2623 2047 2662 :

403 2667 573 2722 Audet
602 2671 892 2744 quisquam
924 2687 1167 2734 vestrum
1193 2682 1458 2740 adversus
1504 2689 1738 2745 alterum
1769 2695 2051 2763 negotium

404 2754 628 2822 habens,
651 2761 904 2830 judicari
928 2767 1075 2836 apud
1106 2771 1343 2840 iniquos,
1374 2778 1428 2828 et
1454 2791 1565 2831 non
1601 2781 1755 2848 apud
1782 2754 1998 2839 sanctos
2026 2789 2051 2838 .9

401 2845 446 2910 (ι
479 2845 603 2899 Cor.
633 2851 733 2919 v1.)
763 2855 835 2905 Et
863 2856 1038 2922 paulo
1069 2863 1200 2926 post
1227 2877 1248 2914 ,ο
1277 2861 1584 2920 Saecularia
1613 2845 1784 2937 iqitur
1803 2872 2043 2943 judicia,

396 2934 447 2986 si
476 2934 804 3007 habueritis,
838 2940 1052 3011 inquit,
1082 2961 1175 2999 eos
1222 2951 1319 3018 qui
1344 2934 1782 3025 contemptibiles
1803 2934 1946 3015 vsunt
1984 2934 2046 3016 in

398 3021 652 3090 Ecclesia,
685 3027 780 3080 hos
808 3028 1165 3087 collocatemt
1210 3021 1600 3106 judicandum.
1651 3047 1734 3100 Ad
1787 3063 2039 3104 reveren-

393 3109 524 3162 tiam
558 3113 706 3167 vobis
737 3115 854 3170 dico
880 3133 893 3170 :
925 3119 1018 3173 Sic
1049 3137 1157 3176 non
1181 3128 1259 3178 est
1290 3125 1440 3182 inter
1466 3145 1556 3185 vos
1595 3133 1890 3206 quisquam
1946 3155 2036 3194 sa-

388 3199 567 3266 piens,
599 3201 696 3270 qui
724 3205 892 3271 possit
921 3207 1070 3261 inter
1095 3213 1330 3279 fratrem
1359 3232 1521 3271 suum
1560 3199 1825 3289 judicare
1877 3229 2040 3298 [inter

388 3287 622 3353 fratrem
649 3294 701 3343 et
728 3294 963 3361 fratrem
982 3297 1284 3372 judicare.)
1337 3293 1440 3358 Sed
1467 3287 1648 3376 frater
1683 3324 1812 3366 cum
1863 3287 2038 3384 fratre

383 3375 602 3444 judicio
631 3382 928 3453 contendit,
959 3389 1012 3440 et
1039 3387 1138 3442 hoc
1165 3391 1312 3460 apud
1341 3393 1592 3464 inﬁdeles
1622 3399 1778 3468 (Ibid.
1789 3401 1828 3473 ).
1863 3375 2033 3460 'Nam

389 3469 446 3518 et
477 3465 570 3522 hic
593 3474 791 3538 posset
811 3474 1002 3542 putari
1021 3476 1316 3546 judicium
1343 3483 1557 3542 habere
1582 3465 1863 3547 adversus
1893 3493 2032 3549 alte-

391 3570 521 3608 rum
554 3573 669 3610 non
701 3574 831 3614 esse
863 3571 1188 3636 peccatum,
1223 3572 1321 3625 sed
1356 3577 1764 3634 tantummodo
1795 3581 1852 3635 id
1875 3587 2036 3638 extra

390 3641 707 3699 Ecclesium
740 3647 1183 3722 vellejudicari,
1221 3659 1334 3714 nisi
1374 3671 1612 3721 secutus
1643 3668 1986 3741 adjungeret
2018 3690 2030 3727 :

385 3730 508 3784 Jam
537 3733 755 3802 quidem
775 3742 998 3796 omnino
1028 3742 1288 3802 delictum
1317 3759 1394 3805 est
1424 3751 1574 3808 inter
1593 3730 1865 3827 vos,'quia
1877 3761 2034 3830 judi-

385 3821 473 3872 cia
503 3822 710 3877 habetis
740 3827 1021 3884 vobiscum
1043 3833 1249 3904 (Ibid).
1273 3836 1342 3892 Et
1373 3855 1443 3894 ne
1475 3821 1789 3914 quisquam
1821 3821 1903 3903 ita
1924 3849 2034 3904 hoc

388 3917 711 3980 excusaret,
745 3919 812 3970 ut
855 3917 1073 3974 diceret
1095 3923 1327 3989 justum
1378 3943 1440 3981 se
1470 3927 1687 3986 habere
1714 3937 2031 4004 negotium,

388 3998 487 4051 sed
539 3999 912 4072 iniquitatem
947 4023 1010 4062 se
1041 4009 1184 4079 pati,
1217 4029 1395 4084 quam
1427 4015 1567 4073 velit
1597 4037 1630 4074 a
1677 4037 1739 4077 se
1760 3998 2031 4093 judicum

389 4090 678 4145 sententia
699 4096 1005 4161 removeri,
1030 4100 1308 4157 continuo
1331 4104 1548 4161 talibus
1580 4109 2034 4180 cogitationibus

390 4176 475 4230 vel
510 4182 987 4240 excusationibus
1037 4190 1291 4245 occurrit
1321 4197 1494 4264 atque
1527 4197 1608 4252 ait
1641 4215 1653 4252 :
1691 4199 1872 4267 Quare
1917 4222 2030 4260 non

383 4269 564 4332 magis
592 4271 946 4339 iniquitatem
975 4277 1281 4344 patimini?
1311 4298 1482 4352 quare
1514 4301 1622 4341 non
1667 4293 1847 4360 potius
1866 4296 2028 4363 frau-

383 4353 645 4409 damini?
672 4358 852 4428 (lbid.)
887 4361 1046 4417 Utad
1080 4364 1223 4422 illud
1257 4371 1526 4428 redeatur
1556 4353 1709 4446 quo-d
1744 4353 2028 4439 Dominus

384 4441 465 4496 ait
493 4461 512 4496 :
543 4443 606 4498 Si
641 4445 763 4516 quis
792 4449 1028 4505 voluerit
1051 4456 1294 4511 tunicam
1318 4466 1468 4516 tuam
1491 4441 1698 4535 tollere,
1733 4478 1784 4524 et
1819 4472 2032 4542 judicio
2064 4467 2109 4532 D

382 4533 560 4585 tecum
585 4536 932 4604 contendere,
964 4540 1184 4599 dimitte
1213 4545 1310 4602 illi
1337 4557 1389 4604 et
1432 4533 1923 4629 pallium(Matth.
1950 4566 2024 4631 v).

383 4619 453 4673 Et
482 4619 594 4675 alio
626 4621 789 4680 loco:
826 4628 934 4695 Qui
978 4630 1283 4702 abstulerit,
1317 4619 1528 4711 inquit,
1561 4651 1676 4710 tua,
1703 4619 1825 4702 noli
1868 4619 2026 4721 repe-

381 4715 496 4763 tere
535 4710 685 4779 (Luc.
709 4715 810 4786 v,).
844 4715 1151 4776 Probibuit
1176 4723 1374 4798 itaque
1396 4710 1536 4786 suos
1555 4733 1624 4788 de
1645 4710 2027 4795 saecularibus

382 4797 555 4855 rebus
588 4815 720 4856 cum
754 4804 885 4861 aliis
911 4805 1126 4866 habere
1150 4797 1442 4882 judicium
1469 4837 1483 4886 ;
1515 4836 1582 4875 ex
1614 4838 1731 4892 qua
1760 4825 2025 4884 doctrina

377 4887 693 4958 Apostolus
746 4893 887 4951 dicit
944 4914 1073 4955 esse
1122 4901 1381 4960 delictum
1418 4906 1463 4976 (I
1496 4887 1770 4983 Con-v1).
1804 4914 2022 4972 Tamen

378 4990 512 5031 cum
541 4978 758 5036 sinitin
791 4983 1044 5045 Ecclesia
1076 4990 1217 5046 talia
1238 4993 1468 5063 judicia
1505 4996 1661 5056 finiri
1721 5001 1873 5058 inter
1903 5004 2022 5060 fra-

377 5067 518 5132 tres,
553 5066 830 5126 fratribus
855 5074 1284 5144 judicantibus,
1317 5087 1478 5139 extra
1523 5087 1837 5146 Ecclesium
1887 5111 2021 5151 vero

378 5152 715 5211 terribiliter
745 5164 918 5228 vetat,
951 5163 1324 5224 manifestum
1366 5175 1454 5226 est
1506 5174 1684 5232 etiam
1734 5178 1828 5236 hic
1879 5185 2018 5255 quid

376 5245 701 5300 secundum
727 5249 954 5306 veniam
969 5255 1604 5320 concedaturiufirmis.
1641 5266 1879 5340 PrOpter
1899 5272 2020 5327 haec

376 5335 550 5402 atque
582 5334 921 5403 hujusmodi
953 5347 1207 5415 peccata,
1233 5353 1290 5400 et
1315 5346 1451 5414 alia,
1483 5350 1620 5408 licet
1647 5354 1720 5410 iis
1769 5357 2016 5429 minora,

375 5436 502 5488 quis
530 5421 679 5478 fiunt
708 5425 1018 5482 verborum
1043 5434 1098 5484 et
1129 5433 1544 5503 cogitationum
1570 5442 2014 5506 oti'ensionibus.

377 5507 638 5574 apostolo
667 5507 886 5568 Jacobo
918 5514 1233 5576 conﬁtente
1263 5538 1329 5578 ae
1389 5524 1620 5587 dicente
1653 5540 1667 5588 ι
1698 5530 1763 5589 In
1815 5533 2013 5596 multis

2185 445 2508 518 crebroque
2539 467 2774 507 oremus
2808 456 3014 521 Deum,
3047 457 3222 524 atque
3280 454 3548 512 dicamus
3574 474 3586 512 :
3614 458 3862 512 Dimitte

2183 536 2341 590 nobis
2379 537 2562 595 debita
2619 549 2812 597 nostra
2845 542 3051 612 (Matth.
3086 545 3188 613 VI),
3219 560 3324 599 nec
3355 544 3413 599 in
3444 562 3510 602 eo
3554 546 3730 616 quod
3768 563 3857 601 se-

2184 625 2389 696 quitur
2415 629 2794 700 mentiamur,
2822 632 2966 687 sicut
2993 641 3044 688 et
3074 647 3169 688 nos
3200 632 3536 691 dimittimus
3567 633 3857 692 debitori-

2185 714 2280 768 bus
2317 718 2519 772 nostris
2551 718 2708 789 (ibid.
2715 723 2761 787 ).

2181 857 2309 940 CAP:
2345 859 2468 940 132.
2493 890 2570 940 ,ε-
2601 861 2861 940 Qumdam
2899 879 3021 940 esse
3075 865 3573 940 peccata__gravia,
3607 883 3747 940 quae
3782 869 3849 923 ab

2288 929 2605 987 hominibus
2637 934 2784 988 levia
2809 929 3098 1005 putantur.
3131 937 3270 1006 Aug.
3304 929 3490 1008 (Ibid.
3517 929 3570 994 ei
3611 929 3744 1010 ’79).

2252 1045 2404 1102 Sunt
2434 1051 2632 1104 autem
2667 1049 2934 1122 quadam
2964 1066 3093 1122 quae
3131 1049 3432 1107 levissima
3465 1057 3847 1125 putarentur,

2179 1134 2295 1189 nisi
2326 1134 2384 1190 in
2434 1136 2754 1210 Scripturis
2811 1139 3361 1196 demonstrarentur
3391 1142 3680 1214 opinione
3716 1159 3847 1214 gra-

2180 1222 2357 1278 viora.
2383 1224 2522 1289 Quis
2555 1225 2711 1280 enim
2740 1226 3032 1284 dicentem
3055 1229 3221 1284 fratri
3251 1245 3359 1284 suo
3395 1247 3407 1284 :
3439 1230 3642 1298 Fatue,
3671 1249 3842 1288 reum

2178 1311 2457 1384 gehennae
2487 1317 2739 1384 putaret,
2775 1314 2888 1371 nisi
2933 1317 3162 1372 Veritas
3198 1317 3418 1374 diceret
3443 1317 3472 1374 ?
3499 1320 3717 1391 (Matth.
3761 1325 3842 1390 v.)

2178 1399 2281 1455 Cui
2313 1404 2509 1456 tamen
2559 1402 2788 1460 vulneri
2836 1405 3092 1477 subjecit
3140 1407 3417 1463 continuo
3450 1409 3838 1476 medicinam,

2178 1495 2531 1561 prmceptum
2556 1492 2822 1548 fraternae
2839 1492 3299 1552 reonciliationis
3321 1496 3661 1570 adjungens
3684 1515 3837 1566 ,mox

2178 1577 2395 1650 quippe
2427 1578 2509 1634 ait
2538 1596 2557 1634 :
2580 1579 2645 1634 Si
2671 1595 2805 1651 ergo
2836 1583 2997 1655 offers
3032 1599 3236 1639 manus
3266 1594 3424 1640 tuum
3452 1585 3528 1641 ad
3558 1587 3770 1661 altare,
3789 1596 3833 1644 et

2177 1667 2260 1722 ibi
2287 1669 2614 1724 recordatus
2659 1669 2838 1740 fueris
2866 1669 3000 1743 quia
3044 1676 3222 1744 frater
3249 1681 3375 1728 tuus
3413 1674 3576 1730 habet
3623 1676 3833 1747 aliquid

2175 1755 2468 1812 adversum
2493 1763 2544 1812 te
2597 1758 2781 1830 (Ibid).
2815 1765 2925 1815 etc.
2959 1765 3075 1816 Aut
3106 1762 3240 1833 quis
3293 1762 3619 1820 mstimaret
3650 1781 3824 1836 quam

2177 1861 2458 1918 magnum
2487 1853 2792 1918 peccatum
2827 1849 2904 1905 sit
2933 1849 3060 1906 dies
3091 1851 3400 1908 observare
3430 1861 3483 1908 et
3508 1870 3749 1926 menses,
3780 1862 3828 1911 et

2172 1950 2368 2005 annos,
2397 1943 2450 1991 et
2479 1939 2732 2008 tempora
2753 1937 2902 2007 (Gal.
2927 1940 3026 2010 1v),
3055 1937 3208 1995 sicut
3231 1940 3543 1997 observant
3568 1941 3670 2014 qui
3706 1960 3820 1999 cer-

2174 2021 2248 2078 tis
2306 2025 2534 2094 diebus,
2568 2026 2688 2081 sive
2745 2027 2934 2095 annis,
2969 2029 3089 2084 sive
3146 2028 3474 2099 mensibus,
3497 2029 3709 2088 volunt
3736 2033 3822 2088 vel

2174 2109 2380 2168 nolunt
2412 2113 2635 2187 aliquid
2669 2115 2964 2185 inchoare,
2994 2133 3059 2172 eo
3093 2118 3250 2188 quod
3282 2118 3610 2174 secundum
3639 2135 3822 2176 vanas

2171 2199 2464 2257 doctrinas
2494 2201 2801 2260 hominum
2835 2205 3027 2261 fausta
3054 2204 3142 2260 vel
3182 2205 3444 2262 infausta
3490 2209 3825 2266 existiment

2168 2293 2454 2362 tempora,
2487 2291 2599 2348 nisi
2632 2293 2808 2364 hujus
2831 2294 2970 2350 mali
3003 2295 3480 2367 magnitudinem
3510 2313 3581 2353 ex
3609 2298 3821 2354 timore

2164 2379 2428 2450 Apostoli
2449 2397 2856 2452 pensaremus,
2885 2382 2986 2456 qui
3008 2381 3229 2440 talibus
3255 2386 3369 2441 ait:
3400 2386 3586 2442 Timeo
3619 2403 3738 2458 vos,
3758 2405 3820 2444 ne

2161 2470 2309 2539 forte
2336 2468 2456 2527 sine
2484 2485 2648 2525 causa
2677 2469 3050 2528 laboraverim
3082 2473 3143 2529 in
3172 2473 3322 2529 vobis
3359 2473 3570 2548 (Ibid).

2163 2611 2296 2668 CAP.
2331 2613 2455 2668 133.
2503 2644 2573 2692 -έ
2623 2615 3122 2692 Qualepeccatum
3165 2616 3373 2692 clamor
3417 2619 3488 2692 in
3523 2618 3809 2692 Scriptura

2419 2691 2610 2741 sancta
2639 2687 2965 2758 appelletur.
2997 2689 3135 2759 Aug.
3159 2687 3312 2760 (ibid.
3346 2705 3396 2745 c.
3424 2690 3543 2758 50).

2226 2799 2374 2855 Hinc
2395 2801 2618 2857 accedit
2640 2803 2797 2873 quod
2821 2807 3061 2874 peccata
3081 2802 3352 2875 quamvis
3370 2820 3592 2877 magna
3605 2811 3662 2862 et
3683 2807 3808 2864 bor-

2159 2889 2361 2958 renda,
2395 2905 2529 2944 cum
2559 2889 2620 2944 in
2653 2891 3144 2948 consuetudinem
3173 2893 3462 2964 venerint,
3494 2901 3807 2968 autparva,

2155 2981 2257 3031 aut
2278 2976 2441 3034 nulla
2471 2994 2600 3035 esse
2629 2980 2970 3048 creduntur,
2995 2998 3184 3054 usque
3214 2983 3353 3039 adeo
3377 2987 3441 3038 ut
3471 2999 3589 3038 non
3619 2984 3806 3040 solum

2072 3091 2113 3158 ρ
2156 3081 2272 3120 non
2321 3066 2694 3158 occultanda,
2724 3085 2924 3125 verum
2958 3069 3134 3126 etiam
3162 3071 3290 3141 jam
3339 3071 3720 3142 praedicanda
3749 3089 3808 3130 ac

2152 3153 2514 3210 diﬂ‘amanda
2537 3156 2865 3212 videantur.
2899 3158 3144 3222 Quando
3176 3158 3331 3214 sicut
3358 3160 3646 3232 scriptum
3682 3167 3806 3218 est:

2154 3242 2436 3298 Laudatur
2487 3248 2739 3315 peccator
2767 3245 2830 3300 in
2877 3247 3168 3304 desideriis
3218 3248 3422 3304 anim
3451 3265 3588 3317 suae,
3622 3255 3680 3306 et
3716 3255 3810 3322 qui

2152 3332 2340 3400 iniqua
2371 3336 2533 3401 gerit.
2569 3334 2908 3390 benedicitur
2936 3336 3107 3406 (Psal.
3141 3336 3241 3406 1x).
3276 3336 3436 3392 Talis
3468 3339 3529 3392 in
3589 3339 3806 3395 divinis

2150 3417 2315 3475 libris
2349 3420 2632 3494 iniquitas
2665 3422 2890 3480 clamor
2920 3429 3163 3480 vocatur
3196 3442 3209 3481 :
3245 3425 3398 3482 sicut
3426 3425 3616 3482 babes
3646 3429 3799 3502 apud

2152 3508 2362 3564 Isaiam
2405 3510 2753 3581 prophetam
2795 3513 2866 3568 de
2895 3513 3066 3568 vinea
3096 3511 3252 3569 mala
3283 3531 3297 3568 :
3327 3514 3680 3586 Exspectavi,
3712 3515 3802 3570 in-

2151 3597 2295 3667 quit,
2331 3605 2390 3653 ut
2434 3601 2638 3670 faceret
2675 3599 2981 3672 judicium,
3009 3603 3140 3672 fecit
3189 3610 3377 3658 autem
3423 3603 3798 3676 iniquitatem,

2148 3690 2199 3739 et
2228 3702 2337 3741 non
2359 3688 2674 3758 justitiam,
2707 3691 2804 3744 sed
2834 3691 3128 3746 clamorem
3157 3691 3292 3761 (Isai
3313 3691 3391 3762 v).
3423 3691 3593 3746 Unde
3625 3697 3719 3748 est
3746 3696 3799 3748 et

2149 3771 2292 3828 illud
2324 3775 2381 3830 in
2415 3775 2626 3832 Genesi
2659 3791 2672 3832 :
2704 3776 2924 3834 Clamor
2951 3778 3311 3836 Sodomorum
3331 3788 3384 3835 et
3415 3779 3797 3839 Gomorrhsee-

2147 3877 2273 3916 rum
2301 3864 2708 3935 multiplicatus
2736 3870 2816 3922 est
2847 3868 3002 3938 (Gen.
3033 3871 3211 3936 xvni).
3247 3867 3395 3934 Quia
3431 3885 3550 3926 non
3608 3869 3794 3927 solum

2139 3951 2267 4021 jam
2300 3954 2454 4023 apud
2487 3969 2586 4010 eos
2613 3971 2726 4010 non
2759 3955 3159 4026 puniebantur
3188 3955 3289 4012 illa
3321 3956 3568 4029 ﬂagitia,
3598 3975 3794 4016 verum

2145 4040 2317 4096 etiam
2342 4041 2571 4111 publice
2583 4043 2880 4116 velutlege
2898 4045 3446 4117 frequentabantur.
3462 4046 3560 4101 Sic
3583 4048 3796 4103 nostris

2145 4129 2509 4200 temporibus
2529 4132 2609 4188 ita
2630 4132 2816 4189 multa
2830 4132 3012 4201 mala,
3029 4134 3137 4190 etsi
3153 4151 3268 4190 non
3282 4133 3423 4190 talia
3449 4134 3510 4190 in
3532 4142 3792 4208 apertam

2145 4219 2770 4292 consuetudinemjam
2792 4227 3080 4278 venerunt
3120 4227 3301 4294 utpro
3334 4223 3428 4280 his
3460 4240 3578 4280 non
3603 4224 3792 4294 solum

2143 4309 2652 4366 excommunicare
2709 4311 2965 4382 aliquem
3013 4311 3230 4368 laicum
3278 4329 3394 4368 non
3445 4314 3790 4382 audeamus,

2143 4395 2244 4450 sed
2269 4411 2376 4451 nec
2397 4396 2676 4454 clericum
2699 4400 3042 4471 degradare.
3077 4399 3240 4456 Unde
3270 4417 3406 4457 cum
3437 4418 3787 4474 exponerem

2142 4489 2277 4539 ante
2299 4484 2526 4556 aliquot
2538 4503 2725 4544 annos
2745 4488 3069 4560 Epistolam
3102 4490 3174 4546 ad
3206 4489 3468 4559 Galatas,
3489 4492 3550 4547 in
3576 4507 3644 4549 eo
3667 4492 3791 4566 ipso

2139 4571 2264 4628 loco
2315 4574 2416 4628 ubi
2466 4575 2546 4631 ait
2597 4577 2954 4648 Apostolus:
2995 4580 3177 4635 Timeo
3205 4596 3320 4649 vos,
3363 4596 3433 4637 ne
3484 4583 3632 4651 forte
3675 4585 3791 4637 sine

2138 4677 2306 4716 causa
2335 4662 2707 4720 laboraverim
2727 4667 2787 4721 in
2811 4666 2961 4723 vobis
2981 4666 3129 4738 (Gal.
3156 4669 3257 4736 1v),
3282 4667 3616 4726 exclamem
3637 4686 3788 4727 com-

2135 4748 2345 4819 pulsus
2361 4767 2494 4807 sum
2520 4770 2532 4808 :
2574 4772 2596 4803 (ι
2628 4753 2723 4808 Vis
2746 4755 3002 4825 peccatis
3032 4755 3343 4812 hominum
3369 4756 3382 4810 l
3405 4773 3532 4827 qua
3559 4757 3690 4815 sola
3709 4759 3787 4814 in-

2135 4837 2354 4894 usitata
2382 4839 2877 4912 exhorrescimus,
2901 4843 3120 4900 usitata
3140 4859 3273 4900 vero
3303 4860 3407 4914 pro
3436 4844 3661 4916 quibus
3691 4847 3785 4902 ab-

2133 4921 2370 4980 luendis
2400 4925 2528 4981 Filii
2561 4927 2663 4983 Dei
2695 4928 2940 5002 sanguis
2971 4930 3196 4987 eﬁ‘usus
3227 4933 3337 4998 est,
3370 4933 3648 5002 quamvis
3670 4938 3781 4989 tam

2134 5030 2349 5085 magna
2378 5015 2519 5087 sint,
2543 5023 2608 5074 ut
2624 5019 2866 5075 omnino
2897 5019 3091 5076 claudi
3124 5025 3327 5076 contra
3349 5037 3412 5077 se
3442 5021 3670 5079 faciant
3699 5039 3782 5078 re-

2131 5119 2314 5174 gnum
2347 5104 2471 5176 Dei,
2505 5123 2656 5179 srepe
2686 5109 2931 5165 vivendo
2963 5109 3160 5165 omnia
3191 5109 3462 5182 tolerare,
3497 5128 3656 5185 saepe
3702 5118 3779 5168 to-

2130 5189 2371 5250 lerando
2404 5196 2688 5253 nonnulla
2709 5197 2886 5254 etiam
2919 5198 3105 5256 facere
3135 5198 3436 5271 cogimur;
3471 5204 3653 5273 atque
3674 5201 3779 5256 uti-

2129 5298 2287 5352 nam,
2319 5300 2350 5336 o
2382 5283 2649 5356 Domine,
2681 5303 2798 5342 non
2848 5286 3047 5343 omnia
3078 5303 3206 5358 quis
3248 5304 3364 5345 non
3415 5290 3779 5360 potuerimus

2129 5371 2461 5442 prohibere,
2494 5373 2802 5432 faciamus.
2837 5376 2945 5432 Sed
2995 5376 3124 5431 vids
3155 5376 3400 5448 [videro]
3433 5381 3640 5434 utrum
3691 5395 3776 5434 me

2126 5455 2552 5518 immoderatus
2583 5462 2749 5521 dolor
2778 5463 3014 5520 incaute
3036 5461 3261 5535 aliquid
3289 5467 3654 5537 compulerit
3692 5466 3776 5522 dl-

2130 5551 2282 5603 οοιοιο
2308 5557 2338 5596 ﬂ
