4000 6060
194 189 353 241 1021

1538 180 1746 232 NOTAE
1787 178 1861 230 IN
1900 176 2317 230 DECRETUM.

3500 173 3639 228 1022

195 314 356 368 CAP.
394 312 513 365 134.
549 340 618 350 --
650 308 802 376 Quod
856 309 1067 363 duabus
1097 324 1165 362 ea:
1194 308 1379 361 causis
1434 318 1731 375 peccemus.
1765 301 1876 355 Au-
1907 299 1960 365 Α
1990 298 2157 363 dens,
2189 296 2514 352 contemnit
2534 301 2760 353 tantam
2779 297 2959 353 divini
2990 299 3254 353 muneris
3283 298 3634 370 largitatem,

705 388 845 447 gust.
882 380 1066 448 (ibid.,
1098 396 1215 453 cap.
1257 378 1372 447 82).

280 477 405 526 Hoc
436 488 592 525 nunc
622 470 832 535 dicam,
868 469 1022 539 quod
1048 467 1285 538 quidem
1309 470 1364 520 et
1386 466 1443 519 in
1467 465 1598 519 aliis
1620 478 1869 534 opuscu-

199 563 410 617 lorum
462 574 726 615 meorum
787 556 928 611 locis
989 573 1138 626 smpe
1163 558 1286 626 jam
1344 553 1480 608 dixi.
1534 553 1774 608 Duabus
1807 567 1870 606 ex

198 649 413 707 causis
445 664 779 720 peccamus,
813 649 914 701 aut
944 645 1201 699 nondum
1235 644 1483 698 videndo
1511 642 1651 712 quid
1684 642 1872 696 facere

198 739 558 805 debeamus,
591 744 689 790 aut
720 750 835 790 non
866 732 1131 788 faciendo
1162 731 1316 801 quod
1358 729 1566 784 debere
1598 728 1718 782 ﬁeri
1744 728 1869 797 jam

195 827 504 881 videmus.
538 824 799 887 Quorum
832 823 1081 876 duorum
1108 819 1249 874 illud
1279 818 1624 889 ignorantiaa
1645 816 1871 871 malum

195 919 317 983 est,
356 915 464 969 hoc
496 911 879 967 inﬁrmitatis.
916 911 1129 965 Contra
1168 926 1293 980 quas
1342 907 1578 979 quidem
1612 922 1873 978 pugnare

196 1020 314 1059 nos
348 1001 637 1070 convenit,
671 1000 771 1056 sed
806 999 1060 1072 profecto
1101 997 1412 1063 vincimur,
1448 997 1560 1053 nisi
1592 996 1871 1051 divinitus

196 1092 649 1163 adjuvemur,ut
677 1105 791 1144 non
816 1088 1009 1143 solum
1036 1087 1341 1142 videamus
1363 1085 1503 1155 quid
1538 1086 1871 1141 faciendum

198 1181 307 1245 sit,
339 1181 439 1234 sed
473 1179 646 1234 etiam
680 1178 988 1232 accedente
1030 1176 1281 1230 sanitate
1313 1173 1616 1230 delectatio
1639 1175 1874 1245 justitia

197 1271 409 1324 vincat
436 1267 496 1322 in
529 1267 696 1321 nobis
720 1282 919 1321 earum
950 1281 1145 1319 rerum
1172 1264 1762 1335 delectationes,quas
1785 1252 1871 1318 vel

198 1358 426 1413 habere
477 1356 784 1427 cupiendo,
835 1354 921 1409 vel
954 1354 1223 1409 amittere
1256 1354 1588 1423 metuendo,
1622 1353 1873 1409 scientes

198 1447 594 1515 videntesque
626 1461 937 1516 peccamus
962 1464 975 1512 ;
996 1444 1117 1513 jam
1154 1460 1268 1498 non
1294 1443 1483 1498 solum
1515 1448 1874 1513 peccatores,

197 1535 363 1606 quod
395 1550 631 1589 eramus
664 1534 839 1587 etiam
873 1549 1006 1587 cum
1037 1548 1138 1602 per
1168 1531 1560 1602 ignorantiam
1596 1532 1871 1602 peccaba-

200 1638 574 1695 mus,verum
599 1622 776 1677 etiam
803 1621 947 1693 legis
972 1621 1466 1693 praevaricatores,
1498 1636 1632 1674 cum
1669 1620 1724 1673 id
1757 1637 1871 1674 non

1981 390 2038 440 et
2067 386 2126 440 in
2160 386 2270 441 hac
2318 386 2714 442 obstinatione
2746 386 2957 441 mentis
3007 386 3162 441 diem
3194 388 3414 442 claudit
3446 392 3635 443 extre-

1984 491 2167 545 mum,
2203 492 2337 530 reus
2360 480 2449 530 est
2471 475 2570 529 illo
2592 474 2985 529 irremissibili
3017 480 3252 545 peccato
3275 475 3331 528 in
3354 476 3634 547 Spiritum

1982 569 2275 631 sanctum,
2308 565 2365 619 in
2398 582 2512 636 quo
2543 564 2807 619 Christus
2841 570 3079 634 peccata
3112 563 3379 620 dimittit.
3414 570 3489 619 De
3523 583 3637 637 qua

1982 654 2302 725 quaestione
2333 653 2558 708 difﬁcili
2610 654 2669 707 in
2721 654 2975 723 quodam
3023 657 3257 724 prepter
3304 652 3413 708 hoc
3444 654 3632 708 solum

1982 742 2314 813 conscripto
2346 741 2568 807 libello,
2600 741 3096 808 enucleatissime,
3131 746 3417 813 quantum
3451 742 3635 813 potui,

1982 830 2299 902 disputavi.

1982 931 2116 985 CAP.
2153 928 2274 982 l37.
2310 960 2375 969 —-
2407 930 2479 982 De
2518 928 2678 983 rebus
2729 926 2798 1000 ad
2844 928 3213 1000 venerabilem
3254 929 3434 1000 locum,
3465 930 3637 1000 perti—

2054 1000 2327 1142 ntentibzfs,
2359 1018 2473 1055 non
2493 998 2802 1055 alienandis
2828 1000 3039 1069 (Novel.
3076 998 3258 1054 Const.
3281 1001 3334 1067 7,
3364 998 3472 1066 §Si
3490 1016 3634 1069 vero,

2054 1088 2081 1127 e
2135 1088 2240 1142 seq.
2277 1115 2289 1127 .

2053 1077 2104 1127 et
2135 1077 2289 1142 seq.).

2056 1160 2271 1215 Omnes
2303 1160 2542 1215 omnino
2573 1162 2905 1215 sacerdotes
2936 1176 3182 1215 arerum
3216 1160 3637 1216 ecclesiastica-

1985 1266 2117 1303 rum
2151 1248 2504 1303 alienatione
2529 1265 2589 1303 se
2611 1248 3178 1319 abstineant,poenas
3200 1249 3473 1304 timentes
3497 1265 3639 1320 quas

1983 1340 2277 1393 Leoniana
2309 1337 2649 1392 constitutio
2681 1337 2959 1405 minatur,
2995 1338 3051 1391 id
3086 1343 3195 1406 est,
3228 1342 3291 1392 ut
3320 1338 3370 1392 is
3402 1339 3637 1410 quidem

1984 1427 2081 1496 qui
2114 1427 2538 1497 comparaverit
2560 1444 2680 1481 rem
2714 1425 2840 1481 loco
2870 1426 3208 1491 venerabili,
3233 1427 3438 1483 reddat
3470 1428 3641 1498 cujus

1984 1520 2040 1570 et
2069 1520 2242 1572 antea
2261 1514 2474 1583 fuerat,
2500 1514 2724 1571 scilicet
2745 1532 2879 1570 cum
2904 1515 3189 1570 fructibus
3212 1515 3457 1585 aliisque
3480 1533 3636 1571 emo-

1986 1604 2292 1669 lumentis,
2327 1620 2451 1675 quae
2482 1603 2542 1657 in
2577 1603 2770 1658 medio
2803 1608 3066 1674 tempore
3092 1605 3243 1658 facta
3274 1608 3433 1660 sunt.
3467 1606 3639 1659 OEco-

202 1712 462 1769 facimus
494 1712 649 1783 quod
680 1710 1015 1767 faciendum
1049 1710 1314 1779 essejam
1350 1708 1640 1777 novimus,
1674 1708 1759 1764 vel
1794 1710 1874 1764 la-
1911 1735 1914 1741 ε

1988 1708 2199 1748 nomus
2233 1698 2425 1747 autem
2457 1691 2727 1747 Ecclesiae
2772 1692 2872 1763 qui
2904 1697 3177 1762 praestare
3209 1709 3380 1748 omne
3410 1694 3636 1748 lucrum

203 1803 404 1857 cimus
436 1802 591 1871 quod
626 1817 739 1855 non
774 1800 1109 1855 faciendum
1145 1799 1413 1868 essejam
1447 1798 1691 1854 scimus.
1725 1798 1876 1861 Qua-

206 1895 452 1963 propter
477 1907 595 1945 non
628 1888 821 1944 solum
854 1890 902 1943 si
938 1888 1304 1959 peccavimus
1337 1892 1401 1941 ut
1430 1888 1717 1958 ignoscat,
1751 1904 1881 1957 pro-

204 1984 340 2050 pter
390 1979 545 2050 quod
607 1977 903 2032 dicimus:
954 1976 1180 2032 Dimitte
1238 1978 1393 2032 nobis
1443 1976 1624 2031 debita
1664 1986 1873 2044 nostra,

201 2070 354 2122 sicut
385 2078 436 2122 et
458 2085 557 2124 nos
580 2067 912 2123 dimittimus
943 2066 1275 2122 debitoribus
1296 2068 1499 2122 nostris
1522 2067 1730 2137 (Matth.
1756 2070 1830 2135 v1)
1861 2085 1872 2122 :

202 2173 409 2211 verum
433 2157 607 2212 etiam
640 2172 712 2211 ne
736 2172 1047 2228 peccemus
1079 2157 1359 2212 concedat
1390 2157 1476 2225 [ut
1508 2156 1713 2226 regat],
1738 2173 1873 2226 pro-

204 2250 337 2316 pter
367 2246 521 2315 quod
570 2245 966 2300 dicimuszNe
1011 2262 1110 2300 nos
1157 2246 1362 2315 inferas
1406 2246 1465 2298 in
1516 2248 1872 2301 tentationem

201 2333 412 2405 (Ibid.).
448 2333 548 2389 Ille
599 2335 897 2406 rogandus
944 2338 1051 2400 est,
1098 2333 1191 2387 cui
1243 2334 1457 2387 dicitur
1507 2334 1564 2387 in
1601 2334 1869 2404 psalmo:

202 2424 471 2477 Dominus
500 2422 848 2477 illuminatio
880 2439 1024 2491 mea,
1058 2428 1113 2477 et
1143 2423 1294 2477 salus
1324 2439 1444 2477 mea
1472 2423 1643 2494 (Psal.
1678 2429 1867 2493 xxvr):

205 2516 271 2564 ut
302 2510 657 2565 illuminatio
711 2511 979 2566 detrahat
1029 2511 1441 2582 ignorantiam,
1493 2512 1655 2566 salus
1700 2513 1867 2567 inﬁr-

207 2597 497 2653 unitatem.

209 2705 346 2760 CAP.
408 2706 527 2759 135.
560 2735 629 2746 -
669 2705 800 2759 Sine
854 2707 1234 2761 misericordia
1288 2708 1392 2761 Dei
1447 2707 1722 2762 hominem
1774 2708 1865 2763 in-

279 2778 623 2901 fruscztuosam
680 2794 844 2846 agere
896 2778 1316 2848 prem'tentiam.
1376 2780 1622 2848 August.
1683 2780 1865 2853 (ibat)

279 2864 324 2901 ε.
435 2888 447 2901 .

277 2864 324 2901 ε.
358 2864 447 2901 cz.

277 2936 424 2991 Nam
455 2940 510 2991 et
539 2937 670 3008 ipsa
701 2936 1049 3007 pcenitentia
1092 2938 1325 3008 quando
1358 2938 1537 3010 digna
1567 2956 1746 2997 causa
1776 2947 1865 2997 est

206 3025 532 3079 secundum
564 3042 787 3080 morem
834 3024 1101 3080 Ecclesiae
1142 3030 1206 3082 ut
1254 3030 1479 3096 agatur,
1514 3027 1859 3099 plerumque
1892 3046 1933 3110 ρ

205 3114 543 3169 inﬁrmitate
569 3132 684 3170 non
708 3115 921 3186 agitur.
949 3116 1091 3179 Quia
1116 3120 1171 3171 et
1201 3117 1392 3186 pudor
1410 3116 1587 3171 timor
1616 3123 1705 3172 est
1735 3119 1858 3173 dis-

204 3201 623 3273 plicendi,dum
639 3204 770 3276 plus
785 3203 1028 3259 delectat
1044 3203 1345 3259 hominum
1361 3206 1668 3261 aestimatio
1684 3224 1858 3278 quam

200 3292 453 3359 justitia,
487 3309 603 3362 qua
633 3310 694 3348 se
730 3293 981 3364 quisque
1012 3293 1287 3350 humiliat
1312 3295 1665 3365 pcenitendo.
1701 3296 1859 3353 Unde

207 3396 319 3434 non
354 3382 547 3435 solum
578 3398 711 3435 cum
745 3384 939 3453 agitur
961 3384 1323 3453 poenitentia,
1356 3400 1555 3438 verum
1587 3385 1764 3438 etiam
1798 3392 1861 3439 ut

206 3474 414 3540 agatur
430 3470 530 3523 Dei
554 3470 958 3525 misericordia
981 3472 1310 3525 necessaria
1329 3472 1716 3543 est.Alioquin
1742 3491 1857 3528 non

210 3558 427 3614 diceret
456 3559 773 3630 Apostolus
805 3560 875 3614 de
906 3560 1261 3630 quibusdam
1288 3575 1300 3613 :
1332 3560 1407 3613 Ne
1434 3564 1575 3630 forte
1615 3561 1701 3615 det
1732 3562 1858 3618 illis

207 3648 342 3702 Deus
370 3650 760 3717 pwnitentiam
789 3649 864 3719 (II
902 3650 1033 3703 Tim.
1069 3648 1153 3713 ιι).
1204 3652 1279 3702 Et
1311 3653 1373 3703 ut
1420 3649 1630 3704 Petrus
1663 3668 1858 3709 amare

210 3736 391 3801 ﬁeret,
444 3737 708 3807 premisit
758 3737 1116 3808 evangelista
1173 3742 1230 3792 et
1272 3738 1390 3793 ait:
1451 3740 1702 3810 Respexit
1731 3757 1857 3796 eum

209 3823 477 3878 Dominus
505 3826 653 3896 (Luc.
686 3827 847 3900 XXII).

208 3935 339 3991 CAP.
369 3938 487 3993 136.
525 3941 1001 4012 --Ιννειηίειςίρίε
1053 3941 1171 4007 fore
1218 3950 1493 4009 peccatum
1538 3942 1716 4007 illius,
1760 3945 1857 4012 qui

276 4024 384 4083 non
406 4010 583 4083 credit
613 4011 672 4064 in
722 4011 962 4065 Ecclesia
1010 4020 1199 4066 sancta
1228 4027 1382 4077 posse
1419 4015 1608 4067 omnia
1634 4010 1855 4083 peccata

276 4079 502 4135 dimitti.
535 4084 879 4153 Augustinus
912 4082 1066 4152 (ibid.
1099 4100 1145 4137 ο.
1179 4085 1289 4152 83).

276 4170 379 4231 Qui
411 4186 549 4225 vero
580 4172 637 4226 in
696 4173 956 4228 Ecclesia
1004 4172 1218 4226 remitti
1278 4178 1513 4242 peccata
1565 4191 1680 4229 non
1729 4192 1849 4230 cre-

1988 1798 2056 1837 ex
2081 1782 2425 1851 hujusmodi
2458 1780 2755 1852 prohibita
2779 1781 3128 1837 alienatione
3150 1782 3515 1850 senserit,vel
3540 1783 3637 1853 qui

1987 1869 2257 1925 Ecclesia:
2280 1871 2564 1925 damnum
2597 1869 2872 1930 effecerit.
2898 1887 2931 1924 a
2951 1869 3277 1925 ministerio
3298 1872 3640 1926 submovea-

1985 1962 2105 2026 tur,
2139 1959 2221 2013 ita
2252 1963 2316 2013 ut
2345 1959 2403 2013 in
2430 1962 2729 2029 posterum
2762 1975 3101 2013 ceconomus
3124 1976 3238 2013 non
3271 1960 3368 2014 sit.
3394 1960 3517 2016 Non
3543 1976 3639 2014 so-

1986 2046 2107 2102 lum
2134 2053 2329 2103 autem
2358 2048 2609 2119 ipse,sed
2635 2047 2813 2102 etiam
2838 2064 3209 2103 successores
3232 2050 3358 2117 ejus
3386 2049 3493 2103 hac
3514 2047 3639 2121 lego

1984 2140 2315 2203 teneantur,
2378 2137 2496 2191 sive
2546 2135 3043 2192 archimconomus
3097 2136 3457 2204 alienaverit,
3519 2138 3638 2193 sive

1984 2226 2304 2296 respiciens
2335 2225 2688 2280 alienantem
2721 2226 3061 2296 episcopum
3096 2242 3209 2280 non
3252 2226 3635 2296 prohibuerit,

1984 2314 2169 2368 multo
2206 2315 2395 2385 magis
2427 2315 2475 2368 si
2508 2314 2888 2369 consenserit.
2912 2314 3332 2381 Tabellionem,
3366 2314 3466 2385 qui
3497 2315 3637 2371 talia

1980 2403 2292 2458 interdicta
2313 2403 2708 2457 instrumento
2742 2403 3107 2473 conscripsit,
3133 2406 3410 2474 perpetuo
3434 2403 3634 2458 exsilio

1980 2491 2130 2545 tradi
2165 2495 2406 2561 Oportet.
2436 2491 2811 2561 Magistratus
2837 2496 3030 2545 autem
3057 2492 3153 2562 qui
3187 2493 3387 2546 eadem
3409 2492 3630 2546 instru-

1981 2585 2178 2633 menta
2210 2579 2605 2648 admiserunt,
2639 2584 2695 2633 et
2724 2580 3004 2633 ofﬁciales
3054 2580 3154 2649 qui
3186 2596 3424 2649 operam
3456 2581 3629 2635 dede—

1979 2673 2137 2734 runt,
2188 2668 2593 2723 monumentis
2644 2667 3013 2732 intimentur,
3059 2672 3114 2721 et
3162 2668 3505 2723 donationes
3543 2670 3629 2723 vel

1978 2762 2128 2811 certe
2143 2757 2191 2810 al
2203 2757 2525 2811 ienationes
2541 2757 2685 2811 actis
2702 2756 3224 2810 intervenientibus
3237 2757 3573 2812 infirmentu
3585 2776 3629 2813 r.

1975 2846 2098 2899 Non
2134 2845 2323 2900 solum
2366 2846 2766 2916 magistratus,
2801 2846 2901 2900 sed
2951 2846 3125 2899 etiam
3160 2845 3474 2916 dignitates
3506 2846 3629 2902 alia:

1974 2934 2352 2991 facultatibus
2375 2935 2499 2990 suis
2523 2936 2753 2990 cedant.
2778 2935 3043 2991 Remittit
3071 2941 3268 2991 autem
3292 2937 3629 2991 constitutio

1972 3040 2037 3078 ea
2060 3040 2189 3094 quae
2211 3024 2268 3078 in
2294 3024 2584 3095 praeterito
2604 3031 2865 3093 tempore
2877 3026 3622 3096 actasunt.Excipitautem

1973 3115 2260 3183 quosdam
2319 3118 2680 3183 contractus,
2727 3129 2877 3183 quos
2926 3113 2985 3167 in
3030 3114 3416 3186 sequentibus
3458 3130 3625 3183 expo-

1976 3201 2058 3255 nit
2089 3200 2382 3273 capitulis,
2416 3219 2517 3274 per
2546 3218 2694 3273 quos
2744 3200 3123 3258 ecclesiarum
3177 3203 3508 3259 immobiles
3540 3219 3629 3258 res

1971 3289 2211 3345 alienari
2244 3295 2509 3361 possunt.
2545 3290 3016 3356 Xenodochium,
3044 3291 3097 3345 id
3132 3296 3240 3357 est,
3274 3291 3439 3346 locus
3464 3309 3627 3347 vene.

1970 3379 2195 3442 rabilis,
2230 3379 2287 3433 in
2322 3394 2436 3448 quo
2470 3379 2759 3449 peregrini
2799 3380 3243 3448 suscipiuntur;
3294 3380 3623 3448 ptochotro-

1971 3467 2197 3537 pbium,
2232 3466 2287 3520 id
2322 3471 2431 3533 est,
2466 3466 2627 3521 locus
2648 3467 3089 3534 venerabili3,in
3114 3483 3227 3537 quo
3258 3484 3545 3538 pauperes
3570 3475 3624 3523 et

1969 3555 2189 3609 inﬁrmi
2222 3554 2491 3610 homines
2542 3562 2906 3626 pascuntur;
2960 3556 3387 3623 nosocomium,
3422 3558 3479 3611 id
3512 3564 3622 3624 est,

1966 3643 2127 3697 locus
2148 3642 2526 3713 venerabilis,
2554 3644 2611 3698 in
2636 3661 2747 3714 quo
2781 3645 2978 3714 mgroti
3012 3644 3281 3699 homines
3304 3652 3621 3716 curantur;

1966 3732 2563 3802 orphanotropbium,
2594 3734 2649 3787 id
2682 3738 2791 3799 est,
2820 3734 2982 3787 locus
3015 3734 3384 3801 venerabilis,
3419 3736 3477 3788 in
3511 3752 3623 3805 quo

1964 3821 2307 3892 parentibus
2327 3820 2513 3874 orbati
2535 3821 2697 3890 pueri
2724 3825 3074 3891 pascuntur;
3096 3824 3622 3891 gerontocomium,

1964 3908 2020 3963 id
2056 3908 2335 3979 est,locus
2357 3907 2729 3973 venerabilis,
2753 3908 2810 3961 in
2837 3924 2951 3979 quo
2977 3925 3284 3980 pauperes,
3307 3916 3362 3965 et
3384 3916 3621 3981 propter

1965 4002 2323 4053 senectutem
2356 3996 2543 4052 solam
2575 3997 2797 4051 inﬁrmi
2830 3996 3095 4052 homines
3134 4004 3451 4065 curantur;
3486 4001 3613 4053 bre-

1964 4086 2445 4158 phothrophium,
2480 4085 2536 4139 id
2570 4091 2678 4154 est,
2712 4085 2874 4142 locus
2904 4087 3253 4143 venerabilis
3284 4088 3341 4141 in
3375 4103 3490 4157 quo
3524 4088 3613 4143 in-

1961 4178 2146 4231 fantes
2179 4175 2437 4229 aluntur.

2077 4314 2289 4324 -.—-—-—.——

2292 4314 2463 4322 __——-.

525 4419 1076 4541 NOT/E
1190 4422 1387 4543 IN
1488 4423 2523 4547 DEGRETUM
2630 4423 3291 4547 IVONIS

1077 4745 1729 4839 PRZEFATIO
1790 4747 1953 4839 AD
2031 4746 2736 4841 LECTOREM.

280 4918 579 4994 Decretum
602 4918 814 4994 Ivonis,
839 4921 993 4990 quod
1022 4922 1227 4994 tandiu
1261 4920 1589 4989 delituerat,
1612 4927 1667 4977 et
1689 4940 1721 4978 a
1745 4922 2032 4994 theologis
2055 4924 2492 4994 acjurisperitis
2511 4922 2783 4979 omnibus
2811 4928 3093 4990 creatum,
3120 4942 3233 4978 non
3257 4924 3601 4988 visum,tan-

212 4990 881 5070 tqpereodesiderabatur,
916 4993 1203 5062 superiori
1235 4993 1445 5070 saeculo
1468 4995 1554 5070 vir
1584 4990 2229 5070 clarissimus—Joannes
2259 4990 2563 5070 Molinqu
2591 5012 2824 5070 summo
2850 4997 3027 5070 totius
3051 4996 3319 5070 Ecclesia:
3344 4996 3494 5051 bono
3518 5003 3603 5069 ty-

213 5063 583 5138 pisprimum
616 5063 818 5138 excudi
844 5069 1239 5138 curaverat,th
1262 5065 1511 5135 ipsemet
1544 5067 1601 5120 in
1634 5084 1742 5121 sua
1774 5068 2111 5136 przefatione
2143 5069 2361 5122 docuit.
2397 5068 2507 5123 Sed
2542 5068 2642 5138 qui
2676 5068 2915 5122 unicum
2949 5067 2996 5120 ei
3022 5068 3369 5137 suppetebat
3397 5063 3603 5123 manu-

213 5132 931 5208 scriptumexemplarmec
956 5136 1098 5189 satis
1121 5137 1219 5188 otii
1244 5132 1313 5190 ad
1340 5140 1689 5192 conterenda
1710 5132 1843 5193 cum
1868 5139 1967 5194 illo
1989 5138 2367 5195 conciliorum
2392 5144 2448 5194 et
2471 5132 2707 5192 Patrum
2738 5132 3407 5203 originalia,a‘ccuratum
3435 5139 3602 5208 plane

215 5210 306 5257 aut
336 5206 668 5279 absolutum
701 5207 871 5260 edere
892 5223 1018 5279 Anon
1052 5211 1506 5276 potuerat.Quod
1537 5216 1661 5264 erat
1685 5211 2001 5277 peritorum
2025 5211 2285 5266 omnium
2315 5211 2694 5274 desiderium,
2721 5211 2817 5279 qui
2844 5214 3071 5264 tantum
3097 5226 3243 5279 opus
3264 5213 3352 5262 tot
3372 5206 3599 5264 mendis

216 5280 429 5353 scatere
459 5277 770 5353 dolebant:
808 5276 1006 5353 nullus
1030 5283 1217 5331 tamen
1236 5279 1312 5353 _de
1336 5297 1399 5333 eo
1423 5276 1825 5353 investigando
1849 5285 2301 5338 restaurandove
2332 5283 2661 5353 cogitabat;
2688 5276 2816 5335 cum
2846 5280 2940 5335 alii
2967 5280 3094 5353 aliis
3126 5276 3399 5353 operibus
3422 5296 3597 5353 occu-

217 5352 505 5424 parentur,
537 5348 631 5424 alii
666 5365 917 5424 quorum
946 5348 1054 5402 hoc
1078 5348 1288 5424 saeculo
1314 5352 1564 5424 maxima
1587 5348 1742 5424 pars,
1770 5354 1932 5407 novis
1961 5356 2297 5409 auctoribus
2328 5348 3027 5424 operibusquemeglectis
3060 5348 3292 5424 penitus
3314 5351 3595 5421 antiquis,

220 5417 363 5486 quod
400 5420 649 5495 maxime
686 5417 1021 5495 dolendum,
1052 5419 1157 5495 toti
1194 5417 1618 5495 incumberent.
1652 5421 1960 5495 l_\’os,‘quia
1986 5417 2885 5495 jamjamprelosubjiciendum
2914 5417 3076 5495 opus
3099 5417 3499 5495 audieramus1
3526 5417 3598 5495 ne

219 5484 343 5545 cum
373 5486 497 5543 Iul:
528 5487 739 5549 lterum
762 5489 991 5547 mendis
1016 5487 1634 5564 oudaretur,tantaque
1656 5484 1814 5551 me
1838 5484 2061 5563 hostio,
2086 5484 2201 5552 lino
2233 5484 2529 5567 Ecclesia,
2556 5484 2720 5551 ﬁeret
2748 5484 2987 5565 anurioI.
3010 5504 3252 5550 manum
3284 5487 3443 5563 operl
3462 5484 3599 5550 licet
