4000 6060
213 260 353 317 1033

1529 260 1736 317 ΝΟΤΕ
1774 259 1851 315 IN
1888 258 2305 315 DECRETUM.

3483 265 3622 326 1034

209 386 323 460 bus
356 383 415 441 S.
449 383 760 460 Augustini
792 386 1045 460 excusis,
1078 400 1268 460 neque
1299 386 1476 442 etiam
1508 385 1568 440 in
1588 384 1869 441 vetustis-
1899 393 1949 460 Α
2057 386 2189 460 CAP.
2219 383 2345 460 286_.
2380 384 2582 460 Uxores
2620 385 2907 443 duxerint.
2956 388 3084 444 Haec
3128 388 3243 447 duo
3294 392 3468 449 verba
3506 410 3624 452 non

206 459 360 514 simo
392 456 590 512 codice
618 461 674 512 8.
698 458 977 512 Germani
1011 474 1045 513 a
1076 456 1285 512 Pratis.

279 532 413 583 CAP.
446 529 537 582 85.
570 558 639 567 —
668 531 917 598 Quanto,
950 532 1057 584 etc.
1093 528 1224 584 Haec
1256 528 1593 584 addidimus
1625 543 1694 583 ex
1716 526 1864 598 orig.

208 602 349 673 quia
377 615 631 673 sensum
658 600 855 673 magis
880 599 1201 655 illustrant.

280 671 417 727 CAP.
447 672 538 743 90.
572 670 810 726 Titulus
844 670 1024 740 hujus
1057 670 1287 743 capitis,
1311 671 1542 743 opinor,
1567 671 1867 742 negligen-

206 742 292 798 tia
320 741 698 797 librariorum
730 746 1048 814 appositus
1078 741 1271 798 fuerat
1301 741 1371 797 ad
1415 742 1636 798 calcem
1663 741 1861 812 supe-

207 814 382 886 rioris
411 814 643 885 capitis,
681 816 849 885 quasi
883 816 951 870 ad
986 813 1135 869 illud
1186 813 1523 886 pertineret,
1574 814 1675 869 sed
1726 830 1862 869 eum

205 884 334 942 loco
365 902 472 940 suo
508 885 897 941 restituimus.

279 958 421 1012 CAP.
453 957 544 1011 91.
577 955 904 1028 Corruptus
939 956 1108 1027 plane
1139 960 1267 1011 erat
1298 955 1391 1011 hic
1421 955 1608 1024 locus,
1659 956 1761 1012 sed
1795 972 1863 1011 ex

208 1027 479 1085 originali
514 1034 604 1082 est
638 1027 967 1083 restitutus.

324 1117 417 1155 AP.
449 1099 539 1152 98.
572 1099 857 1155 Feminam
880 1100 981 1155 sub
1010 1099 1130 1153 viro
1159 1115 1297 1153 esse.
1332 1098 1611 1153 Nonnihil
1667 1098 1863 1154 differt

206 1171 279 1227 ab
311 1170 697 1242 originalibus
728 1177 847 1227 tam
882 1186 1027 1226 mss.
1054 1187 1230 1241 quam
1260 1172 1512 1225 excusis.
1543 1171 1637 1225 Sic
1661 1176 1860 1225 autem

204 1242 389 1299 habet
415 1261 428 1298 :
464 1243 746 1298 Feminam
774 1243 875 1297 sub
904 1251 1064 1313 patre
1112 1246 1408 1314 antequam
1459 1242 1651 1310 nubat,
1683 1246 1735 1296 et
1761 1242 1861 1314 sub

208 1317 326 1370 viro
355 1322 585 1384 nuptam
615 1314 797 1369 noluit
822 1316 912 1369 lea:
942 1330 1154 1381 vovere,
1188 1313 1265 1368 ita
1296 1314 1430 1384 aliq.
1458 1320 1564 1369 etc.
1597 1330 1775 1379 suam,
1802 1313 1861 1369 id

210 1390 308 1451 est,
341 1385 402 1439 in
434 1388 757 1456 aliquarum
786 1402 977 1442 rerum
1005 1386 1105 1439 lat.
1137 1400 1259 1440 con.
1302 1385 1485 1441 abast.
1537 1391 1597 1439 ut
1642 1387 1702 1439 in
1750 1386 1859 1440 eis-

209 1457 333 1512 dem
374 1458 511 1511 votis
567 1456 812 1527 feminea
856 1472 965 1512 non
1014 1458 1316 1527 praevaleat
1362 1456 1495 1527 (ms.
1548 1458 1606 1512 S.
1663 1457 1856 1511 Germ.

208 1529 419 1598 valeat)
452 1528 773 1584 auctoritas.
810 1530 892 1583 Ita
922 1532 982 1583 ut
1012 1527 1147 1598 (ms.
1190 1528 1249 1581 S.
1300 1527 1521 1594 Germ.)
1569 1530 1621 1583 si
1667 1528 1860 1583 adimo

206 1599 499 1681 innupta,
518 1604 628 1655 etc.
661 1609 712 1656 et
740 1602 815 1655 sit
843 1601 1088 1655 omnino.
1120 1600 1233 1654 Lex
1262 1615 1377 1656 non
1398 1606 1488 1655 est
1507 1600 1568 1654 in
1599 1615 1733 1669 ms.,
1753 1616 1858 1654 nec

210 1688 272 1726 1n
303 1687 444 1726 θιου
454 1686 558 1725 818.

279 1744 409 1798 CAP.
444 1742 566 1797 101.
598 1744 661 1798 In
692 1741 841 1813 orig.
875 1756 1094 1796 sensus
1123 1744 1215 1814 est
1243 1740 1545 1814 integrior.

279 1817 410 1869 CAP.
444 1814 564 1869 103.
600 1812 1030 1885 Ipsum’corpus.
1063 1812 1224 1885 Orig.
1275 1812 1586 1870 sic'habet
1608 1828 1621 1869 :
1646 1884 1649 1885 ν
1671 1816 1856 1885 Ipsum

207 1900 408 1957 corpus
436 1890 596 1957 tuum
626 1883 893 1956 templum
922 1883 982 1938 in
1015 1888 1065 1939 te
1092 1883 1434 1955 est'Spiritus
1460 1884 1669 1940 sancti.
1694 1883 1858 1942 Sicut

211 1958 283 2011 ad
310 1956 646 2015 marginem
679 1962 945 2011 notatum
977 1961 1085 2010 est.
1123 1957 1338 2011 Eodem
1393 1956 1565 2012 modo
1608 1957 1858 2015 habetur

210 2028 270 2082 in
303 2044 417 2082 ms.
454 2027 513 2083 S.
547 2027 821 2082 Germani
854 2044 887 2081 a
916 2027 1132 2082 Pratis.

285 2099 422 2153 CAP.
458 2099 579 2153 116.
613 2098 746 2152 Cum
771 2114 1024 2168 persona.
1057 2103 1146 2154 Ita
1174 2096 1388 2170 legitur
1416 2098 1475 2152 in
1509 2098 1691 2170 orig.:
1722 2099 1856 2155 Cum

207 2184 505 2242 personam
520 2186 720 2242 quam,
750 2173 859 2225 etc.
891 2171 1096 2242 fatigat
1126 2168 1373 2240 quotidie
1391 2168 1644 2239 conterit,
1677 2187 1855 2242 quan-

212 2240 280 2295 do
316 2242 436 2296 vult
462 2240 533 2296 ad
548 2240 833 2312 judicium
859 2241 1043 2296 educit
1067 2245 1302 2311 quando,
1344 2246 1452 2296 etc.
1506 2240 1854 2312 prazeeperat,

210 2314 340 2384 quis
370 2317 451 2367 est
478 2315 575 2383 qui
601 2315 788 2368 dicere
829 2315 1010 2384 possit
1050 2314 1278 2382 quantis
1319 2312 1486 2367 matis
1538 2312 1858 2370 introducta

208 2383 586 2439 submittitur.

280 2454 571 2528 CAP.‘15_2.
594 2456 730 2528 Post
757 2455 958 2528 paruit.
982 2456 1044 2509 In
1081 2457 1324 2524 utraque
1364 2454 1630 2510 versione
1680 2456 1857 2528 hujus

211 2525 561 2597 conciliisio
591 2526 880 2581 habetur:
938 2527 1066 2581 Post
1110 2541 1323 2580 annum
1368 2527 1489 2580 sine
1521 2525 1857 2597 pauitantia

209 2596 564 2653 reconciliari
590 2598 879 2653 debebunt.

281 2669 416 2724 CAP.
452 2669 574 2723 153.
606 2668 763 2739 Quod
790 2668 918 2724 dico
946 2668 1389 2735 competentibus.
1427 2667 1488 2722 In
1516 2669 1660 2738 orig.
1684 2668 1857 2724 habe-

202 2744 345 2795 tur:
380 2741 532 2808 Quod
558 2738 678 2795 dico
725 2741 1158 2809 competentibus
1199 2743 1251 2794 et
1301 2738 1580 2807 ﬁdelibus,
1625 2741 1858 2796 audiant

203 2813 548 2882 paenitentcs.
581 2811 731 2879 Quod
761 2811 880 2867 dico
906 2811 1181 2883 ﬁdelibus,
1228 2809 1351 2866 dico
1397 2820 1448 2865 et
1493 2812 1854 2882 competenti-

208 2885 311 2937 bus
337 2887 388 2938 et
416 2882 831 2951 paenitentibus.

279 2954 574 3023 Sufﬁciunt
600 2953 751 3010 vobis
779 2968 998 3008 uxores.
1033 2953 1096 3007 In
1127 2952 1274 3024 orig.
1310 2952 1586 3024 sequitur
1614 2962 1720 3009 aut
1757 2970 1857 3009 nec

206 3041 432 3082 uxores.

277 3102 410 3151 CAP.
446 3097 568 3151 162.
598 3095 829 3151 Secund.
863 3095 1054 3150 eccles.
1084 3110 1203 3162 reg.
1238 3098 1301 3148 In
1356 3093 1554 3150 Graeco
1601 3100 1691 3150 est
1718 3096 1855 3149 κατά

199 3166 294 3220 τὸν
309 3165 762 3235 ἐκκλησιαστικὸν
777 3165 1013 3220 κάνωνα.
1029 3167 1225 3222 Canon
1240 3169 1436 3220 autem
1458 3165 1555 3221 ille
1575 3167 1852 3222 ecclesia-

205 3239 394 3294 sticus
425 3243 516 3293 est
544 3255 613 3294 ex
643 3255 806 3293 conc.
841 3236 1301 3309 Neocaesarieusir
1323 3244 1642 3293 memorato
1675 3255 1856 3309 supra

204 3310 279 3366 ab
321 3312 512 3373 Ivone,
546 3327 597 3365 ο.
633 3310 770 3374 16ος
804 3309 1091 3365 videndus
1121 3307 1215 3363 hic
1247 3308 1450 3363 Binius
1481 3310 1552 3364 ad
1586 3307 1853 3365 huncca-

210 3397 427 3436 nonem
460 3397 622 3435 conc.
652 3379 981 3436 Laodiceni.

277 3451 411 3507 CAP.
451 3453 570 3507 170.
608 3453 871 3523 Rapiunt.
904 3450 1186 3523 Sequitur
1213 3449 1273 3504 in
1309 3450 1455 3522 orig.
1489 3451 1575 3506 vel
1594 3466 1857 3507 consensu

199 3528 505 3595 parentum
532 3522 827 3595 accipiunt.

276 3591 723 3649 Pwnitenliafln
756 3593 903 3664 orig.
957 3591 1215 3664 additur,
1273 3597 1326 3645 et
1363 3608 1556 3664 sponso
1603 3593 1857 3662 legaliter

198 3668 382 3720 multa
436 3674 728 3738 componat
779 3662 956 3719 et'ad
1012 3662 1339 3734 marginem
1389 3663 1659 3728 habetur,
1710 3671 1855 3735 forte

201 3737 462 3792 multum.

277 3807 663 3877 Propulsatus.
698 3806 982 3861 Additur:
1026 3808 1076 3860 et
1116 3804 1379 3860 canonice
1414 3807 1719 3876 nequiverit
1756 3823 1852 3877 ap-

204 3881 443 3947 probari
468 3879 765 3933 secundum
795 3885 1107 3933 sanctorum
1133 3879 1361 3931 Patrum
1393 3883 1616 3944 statuta,
1641 3893 1700 3933 se
1726 3894 1855 3946 pur-

207 3966 352 4024 gare
377 3956 625 4024 cogatur.
751 4019 763 4024 Α
826 4020 855 4024 __
938 4014 949 4024 _

281 4022 416 4077 CAP.
451 4021 571 4075 178.
603 4019 769 4091 Apud
818 4020 975 4074 Crat.
1014 4019 1108 4083 27,
1142 4036 1197 4090 q.
1232 4020 1286 4071 2.
1321 4023 1378 4073 et
1407 4020 1497 4086 33,
1528 4036 1585 4090 q.
1620 4024 1669 4085 1,
1721 4036 1849 4091 cap.

212 4093 364 4161 Quod
391 4096 579 4147 autem
644 4092 1006 4162 interrogasti
1049 4093 1266 4162 citatur
1312 4106 1380 4144 ex
1428 4091 1706 4161 Gregorio
1755 4092 1854 4146 Ju-

212 4160 411 4232 niore;
448 4163 533 4218 sic
567 4163 745 4217 etiam
777 4160 1029 4231 Capitul.
1062 4160 1100 4216 l.
1133 4178 1207 4230 v1,
1241 4178 1291 4215 ο.
1323 4162 1413 4216 55.

281 4231 414 4291 CAP.
451 4235 571 4289 181.
606 4234 722 4288 Hoc
752 4238 929 4304 caput
957 4248 1070 4286 non
1103 4236 1389 4302 reperitur
1417 4231 1475 4285 in
1505 4232 1737 4297 Tribur,
1762 4232 1851 4286 ni-

209 4305 260 4361 si
292 4307 448 4375 quod
480 4306 634 4359 idem
672 4307 785 4359 fere
816 4310 905 4359 est
951 4319 1184 4375 sensus,
1219 4310 1559 4375 nontamen
1613 4304 1852 4359 omnino

206 4373 441 4433 similis.
476 4376 681 4431 Diﬂ'ert
708 4375 886 4446 etiam
919 4374 1171 4446 multum
1205 4374 1361 4446 apud
1411 4373 1778 4429 Gratianum.

277 4446 408 4503 CAP.
441 4448 567 4502 203.
592 4447 675 4501 Ad
703 4445 917 4500 calcem
944 4445 1121 4513 hujus
1151 4445 1277 4517 cap.
1299 4446 1419 4501 haec
1445 4446 1722 4500 videntur
1748 4446 1847 4499 ad-

206 4520 400 4575 denda
431 4536 503 4574 ex
533 4516 712 4588 orig.:
746 4518 807 4572 Si
832 4518 1197 4588 resuscitatus
1216 4516 1407 4572 rursus
1429 4519 1608 4587 fuerit
1625 4518 1852 4573 mwcha.

207 4599 318 4655 tus,
347 4589 572 4660 placuit
602 4589 839 4643 ulterius
866 4604 973 4642 non
1004 4587 1188 4643 ludere
1216 4604 1341 4642 eum
1370 4589 1434 4642 de
1469 4590 1860 4644 communione

205 4659 386 4734 pacis.
419 4661 499 4715 Ex
527 4660 711 4734 altera
748 4659 1144 4734 versione_non
1169 4660 1326 4734 edere
1353 4675 1498 4723 eum,
1507 4665 1642 4734 _etc.

288 4732 415 4787 CAP.
445 4733 572 4787 213.
600 4731 726 4785 Non
757 4733 897 4786 sunt
925 4730 1125 4785 eadem
1167 4730 1344 4785 verba
1399 4735 1460 4786 in
1506 4731 1739 4785 Tribur.
1772 4735 1862 4786 est

215 4806 414 4858 tamen
449 4803 567 4857 fere
598 4802 749 4857 idem
775 4817 1007 4857 sensus.

291 4874 425 4929 CAP.
456 4874 583 4928 228.
619 4873 753 4940 Qum
780 4875 859 4929 est
887 4879 1066 4943 apost.
1085 4871 1474 4943 prxcipJHaac
1499 4872 1702 4927 addita
1723 4876 1864 4927 sunt

221 4945 292 5001 ad
327 4943 777 4999 illustrationem
810 4944 992 5013 hujus
1023 4942 1153 4998 loci.

293 5017 428 5071 CAP.
460 5015 587 5070 232.
621 5016 940 5085 Comparem
966 5030 1010 5069 s.
1056 5016 1117 5068 In
1151 5013 1289 5083 orig.
1348 5013 1636 5069 habetur:
1687 5029 1863 5085 comp.

219 5103 266 5142 s.
311 5090 365 5142 et
406 5088 497 5142 bos
549 5088 792 5156 requirit
819 5094 870 5141 et
908 5101 1098 5156 equus,
1124 5091 1234 5140 etc.
1269 5089 1326 5140 et
1357 5102 1539 5155 supra
1569 5085 1692 5140 loco
1722 5087 1868 5140 alius

220 5158 471 5213 habetur
497 5166 834 5228 frequenter,
861 5174 966 5228 pro
997 5156 1254 5225 deieceril
1278 5162 1366 5211 est
1402 5157 1659 5227 defuerit.
1688 5157 1753 5211 Et
1785 5158 1868 5212 sic

217 5230 280 5284 in
313 5230 548 5284 duobus
586 5245 733 5283 mss.
766 5228 825 5283 S.
859 5228 1155 5283 Germani.

292 5304 421 5356 CAP.
453 5300 580 5355 235.
616 5301 692 5355 Ita
724 5310 983 5354 manente
1012 5300 1073 5352 in
1100 5314 1156 5353 se
1177 5299 1419 5353 vinculo.
1448 5299 1511 5353 la
1541 5297 1686 5367 orig.
1713 5298 1873 5351 addi-

219 5376 356 5427 tur:
396 5373 640 5428 Fwderis
670 5371 977 5442 conjugalis
1006 5385 1149 5442 uiror
1184 5368 1495 5442 dimittitur
1541 5370 1605 5424 ob
1651 5385 1873 5424 causam

218 5441 769 5516 fornicationisLnec
791 5441 1001 5496 carebit
1030 5441 1397 5516 illo_vinculo,
1421 5442 1664 5507 etiamsi,
1700 5444 1808 5495 etc.

291 5518 431 5570 CAP.
462 5515 589 5568 261.
623 5513 741 5570 Hoc
771 5517 949 5583 caput
995 5510 1235 5567 omnino
1269 5512 1666 5583 depravatum
1698 5515 1872 5583 erat;

222 5586 382 5641 unde
415 5585 485 5641 ad
509 5580 914 5657 marginemﬁin
936 5582 1279 5653 praecedenti
1305 5580 1557 5657 editione
1580 5582 1876 5639 Molinzeus

222 5660 584 5728 apposuerat
615 5653 762 5712 locus
790 5656 1068 5720 obscurus,
1092 5669 1302 5728 nempe
1325 5654 1463 5725 quia
1483 5653 1592 5728 hoc
1616 5659 1879 5725 tempore

228 5724 496 5784 nondum
528 5732 695 5783 erant
725 5743 938 5783 excusa
967 5724 1266 5798 llincmari
1299 5724 1519 5798 opera,
1540 5724 1757 5798 Ipsum
1772 5742 1880 5781 au-

226 5802 350 5857 tem
381 5814 451 5858 ex
481 5799 660 5857 editis
691 5814 894 5855 recens
920 5796 1356 5872 exemplaribus
1385 5796 1773 5856 restituimus.

551 5927 818 5989 PATROL.
864 5925 1065 5989 CLXI.

1889 1714 1941 1831 Β,

1983 460 2125 510 sunt
2154 456 2213 510 in
2245 456 2455 527 origin.

2049 527 2178 604 CAP.
2210 526 2675 604 295.7t5xpetendo
2701 529 2981 586 honorem.
3012 530 3208 604 Neque
3239 532 3357 589 haec
3373 536 3489 593 duo
3518 536 3624 593 ba-

1976 598 2191 653 bentur
2218 598 2277 654 in
2312 598 2459 670 orig.

2046 673 2174 746 CAP.
2208 671 2481 746 3011Non
2517 671 2765 746 habetur
2793 672 2897 746 hoc
2927 678 3102 744 caput
3132 674 3257 730 loco
3289 676 3484 746 citato,
3518 680 3623 736 sed

1974 738 2167 796 simile
2198 741 2335 811 quid
2371 743 2428 796 in
2460 743 2664 797 eodem
2692 744 2925 811 concil.,
2961 738 3015 798 οῖ
3042 745 3096 801 7.

2044 813 2177 892 CAP.
2210 813 2335 867 303.
2358 814 2737 892 AEtipeccatum
2765 831 2875 892 non
2906 823 3001 885 est,
3033 819 3144 892 etc.
3176 818 3499 892 Corruptus
3529 826 3622 878 est

1974 879 2068 960 hic
2100 884 2284 960 locus,
2319 889 2375 939 et
2404 879 2489 939 sic
2521 885 2929 941 restituendus
2957 879 3025 942 ex
3056 888 3198 960 orig.
3233 895 3289 944 et
3310 879 3618 949 Gratiano:

1969 954 2036 1007 Et
2064 957 2204 1028 quod
2232 968 2510 1031 peceatum
2541 973 2650 1012 non
2690 966 2769 1013 est
2813 959 2956 1014 solvi
3004 954 3409 1031 inter'peccata
3463 965 3622 1021 credi

1970 1026 2193 1084 omnino
2222 1026 2331 1082 non
2353 1026 2525 1083 debet.
3182 1026 3198 1031 ’
3574 1062 3576 1065 -

2049 1099 2772 1174 CAP._315.Connubio._ln
2822 1116 3021 1174 conc;
3040 1099 3293 1157 habetur
3340 1107 3611 1174 convivio,

1970 1173 2126 1246 quod
2161 1171 2391 1246 yidetur
2416 1171 2636 1246 aptius.
2668 1171 2762 1226 Sic
2792 1172 2949 1246 enim
2983 1171 3247 1228 Graecum
3267 1171 3611 1246 exemplare.

1969 1237 2066 1319 Etc
2116 1240 2316 1315 γὰμοις
2367 1237 2765 1319 διγᾶμονήτων-
2806 1242 2882 1313 μή
2916 1241 3223 1319 ’ἑστιᾶσθαῆ
3250 1247 3343 1319 ad
3386 1237 3618 1319 nuptias

1970 1313 2306 1392 bigamorum
2339 1313 2445 1392 non
2474 1313 2765 1392 convivari
2794 1313 2965 1392 ςγδι.
2990 1317 3052 1370 in
3081 1313 3314 1392 _nuptiis_
3361 1313 3478 1391 ejus
3524 1320 3620 1392 qui

1968 1386 2105 1442 duas
2138 1402 2336 1441 uxores
2354 1386 2505 1439 ducit
2537 1401 2645 1440 non
2674 1386 2983 1451 convivari,
3009 1386 3119 1455 vel,
3150 1386 3404 1445 convivio
3424 1386 3618 1446 secun-

1966 1458 2165 1533 darum
2195 1459 2523 1533 nuptiarum
2552 1472 2661 1512 non
2692 1458 2975 1533 interesse,
3003 1458 3114 1526 vel,
3168 1462 3239 1533 in,
3278 1462 3491 1533 nuptiis
3541 1463 3619 1519 bi-

1965 1531 2118 1600 gami
2145 1545 2251 1585 non
2273 1530 2576 1600 prandere,
2609 1533 2673 1582 ut
2696 1527 2913 1584 habent
2940 1534 3063 1586 tres
3093 1527 3410 1589 versione's.

2501 1706 2595 1761 AD
2637 1706 2928 1763 PARTEM
2980 1711 3079 1765 IX.

2035 1856 2169 1910 CAP.
2204 1855 2423 1932 1._Cum
2451 1856 2701 1932 his,_etc.
2735 1858 2798 1914 In
2831 1859 2975 1932 orig.
3012 1860 3096 1917 sic
3127 1862 3417 1921 habetur:
3477 1867 3614 1922 Cum

1964 1926 2049 1982 his
2077 1932 2238 1995 pater
2259 1929 2497 1983 incertus
2525 1927 2619 1984 sit.

2037 2002 2192 2077 (ἕλιξ.-
2327 1999 2443 2077 Hoc
2493 2004 2669 2077 caput
2708 2001 2894 2077 uariat
2940 2004 3095 2074 apud
3148 2006 3463 2062 Baronium
3513 2007 3613 2077 qui

1966 2073 2108 2123 tom.
2146 2072 2194 2125 lI
2229 2069 2453 2140 Annal.,
2488 2069 2686 2127 ad‘an.
2718 2073 2843 2140 998,
2870 2069 3032 2129 num.
3067 2069 3608 2141 1,itailludretert:

1966 2145 2134 2222 Pater
2180 2145 2327 2222 tuus,
2361 2147 2485 2222 etc.
2524 2142 2592 2222 ab
2636 2147 2812 2222 antea.
2863 2151 3048 2201 nostro
3093 2149 3352 2222 Gregorio
3407 2151 3460 2214 V,
3488 2167 3612 2206 cum

1964 2216 2126 2291 episc.
2167 2215 2264 2291 qui
2313 2213 2949 2291 plaeitoqinterfuerunt
2995 2213 3312 2289 reprehensi
3356 2213 3507 2291 sunt,
3555 2226 3615 2277 ut

1965 2288 2143 2362 postea
2173 2284 2243 2339 ad
2267 2284 2466 2351 sedem,
2501 2289 2611 2362 etc.
2643 2285 2870 2362 Alicubi
2903 2284 3098 2362 autem
3132 2292 3189 2345 in
3222 2293 3473 2362 quodam
3492 2284 3611 2349 'ms.

1965 2356 2216 2435 habetur
2231 2356 2785 2435 excommunicatiut
2806 2359 2862 2413 in
2891 2360 3156 2431 margine
3175 2356 3612 2435 adnotavimus,

1964 2426 2173 2506 in’qua
2204 2426 2288 2506 sic
2318 2426 2830 2506 lggendu_m,__alias
2861 2426 3053 2506 sensus
3091 2450 3204 2488 non
3235 2439 3315 2490 est
3372 2426 3610 2506 integer:

2037 2499 2167 2552 CAP.
2210 2500 2292 2578 ιβ.
2325 2498 2388 2551 Et
2412 2498 2626 2578 matris.
2664 2500 2791 2554 Haec
2822 2502 3162 2559 addidimus
3195 2522 3263 2560 ex
3293 2506 3437 2578 orig.
3474 2498 3615 2578 quia

1967 2568 2295 2623 necessaria
2327 2574 2467 2623 sunt
2497 2572 2566 2623 ad
2599 2586 2861 2625 sensum.

2035 2643 2162 2694 CAP.
2198 2641 2283 2694 46.
2320 2646 2467 2694 Ante
2501 2641 2608 2695 hoc
2638 2648 2814 2710 caput
2844 2643 3091 2699 habetur
3122 2644 3267 2701 illud
3318 2647 3377 2701 in
3404 2663 3515 2704 ms.
3546 2649 3606 2704 S.

1963 2709 2214 2791 Yictoris
2247 2710 2427 2791 Paris.
2450 2713 2588 2791 :_Ea.
2610 2709 2839 2791 epistola
2870 2713 3136 2787 Gregorii
3165 2735 3289 2788 pop.
3340 2720 3610 2791 episcOpis

1965 2780 2162 2860 Galliae
2212 2782 2397 2860 missa.
2458 2780 2786 2860 Progeniem
2839 2780 3003 2840 suam
3049 2780 3490 2860 unumquemque
3521 2780 3611 2846 ἰιιί

1961 2855 2254 2930 septimam
2308 2854 2651 2908 decernimus
2706 2858 2997 2930 observare
3050 2854 3487 2930 generationem,
3557 2867 3610 2918 et

1963 2925 2210 3002 quamdiu
2237 2941 2294 2978 se
2317 2931 2622 3002 agnoscunt
2650 2929 2928 3002 afﬁnitate
2962 2925 3312 3002 propinquos,
3351 2934 3425 2987 ad
3475 2925 3607 2988 con-

1952 2999 1980 3066 j
1987 3012 2088 3071 ugAa
2099 2997 2205 3050 lem
2219 3011 2327 3071 cep
2334 2998 2491 3071 utam
2502 2997 2755 3054 accedere
2782 2997 3131 3071 denegamus.

2038 3066 2173 3143 CAP.
2208 3068 2297 3122 69.
2334 3068 2439 3122 Nec
2468 3067 2839 3143 ipsi,qetc._ln
2874 3066 3019 3143 orig.
3056 3072 3342 3129 habetur:
3372 3076 3476 3130 Nec
3503 3076 3610 3131 illa

1885 3134 1927 3199 C
1964 3137 2217 3213 adultera
2244 3155 2420 3204 soror,
2453 3134 2551 3193 nec
2578 3140 2678 3194 ille
2706 3140 2795 3196 vir
2823 3144 2920 3213 qui
2944 3134 3072 3199 cuum
3114 3145 3216 3200 illa
3266 3145 3613 3205 adulteravit

1964 3210 2108 3263 alios
2131 3226 2379 3281 unquam
2407 3212 2712 3281 accipiant.

2018 3281 2178 3361 .Cap.-
2206 3281 2326 3361 11-3.
2366 3286 2749 3361 Desumptum
2783 3285 3010 3361 esthoc
3041 3291 3217 3361 caput
3246 3304 3314 3342 ex
3345 3288 3608 3345 Palladio

1965 3350 2559 3429 HistoriaLausiacaz,
2586 3350 2640 3408 δ.
2672 3356 2764 3418 68,
2798 3357 2899 3429 sed
2936 3350 3500 3429 paulo-expressius;
3527 3361 3611 3416 sic

1964 3424 2133 3498 enim,
2158 3423 2331 3498 habet
2356 3440 2368 3476 :
2397 3423 2592 3498 Videte
2620 3440 2688 3479 ne
2722 3428 2867 3498 quis,
2898 3423 2998 3497 qui
3040 3423 3220 3482 noctu'
3247 3423 3607 3498 phantasiam

1964 3492 2155 3548 habuit
2173 3495 2656 3557 mulieris,audeat
2674 3492 2930 3551 accedere
2946 3498 3015 3552 ad
3033 3510 3227 3553 sancta
3237 3492 3602 3557 sacramenta.

1961 3565 2039 3619 Ne
2059 3565 2182 3637 quis
2210 3565 2462 3640 exqvobis
2492 3568 2623 3640 visis
2661 3567 3049 3640 etphantasiis
3088 3569 3283 3640 pulsus
3329 3572 3562 3629 somniet
3581 3590 3603 3635 ,°

1961 3636 2089 3715 nam
2120 3638 2217 3706 qui
2243 3638 2445 3707 absque
2469 3636 2781 3715 phantasiis
2808 3639 2951 3715 ﬁunt
2977 3636 3165 3709 ﬂuuius
3190 3643 3440 3715 seminis,
3469 3660 3605 3700 casu

1966 3708 2123 3775 fiunt,
2155 3724 2252 3761 nec
2280 3724 2349 3762 ea:
2378 3709 2808 3779 uniuscuiusque
2839 3708 3010 3767 libero
3036 3713 3216 3768 animi
3245 3708 3485 3771 arbitrio
3516 3716 3605 3771 in-

1962 3783 2111 3843 sunt,
2142 3780 2455 3855 sedabsque
2470 3780 2764 3855 voluntate.
2782 3782 3086 3838 Procedunt
3110 3785 3259 3840 enim
3284 3803 3354 3841 ea:
3372 3797 3602 3855 natura,

1962 3855 2013 3904 et
2043 3866 2113 3903 ea:
2142 3849 2484 3905 redundanti
2509 3855 2745 3925 materia
2773 3860 3166 3911 excernuntur.
3201 3857 3464 3925 Quocirca
3507 3849 3604 3914 nec

1958 3925 2092 3999 sunt
2116 3928 2335 3999 peccato
2364 3922 2628 3999 obnoxii;
2655 3926 2993 3999 visaaatem
3032 3944 3095 3982 ac
3121 3922 3436 3997 phantasia?
3473 3946 3599 3999 pro-

1961 3993 2156 4069 cedunt
2172 4010 2243 4069 eo:
2257 3993 2431 4069 libera
2450 3994 2695 4062 eligendi
2711 3997 2988 4051 voluntate
3006 4002 3058 4052 et
3081 3993 3209 4053 sunt
3223 3993 3607 4069 argumentum

1960 4065 2098 4118 mali
2125 4066 2326 4138 animi.
2362 4065 2773 4138 llinc_apparet
2802 4075 2978 4136 caput
3010 4068 3117 4123 hoc
3159 4065 3603 4138 intelligendum

1960 4152 2089 4211 esse
2111 4136 2182 4190 de
2205 4135 2631 4211 pollutionibus
2649 4135 2975 4211 nocturnis,
2997 4155 3123 4208 quae
3145 4157 3212 4194 ex
3232 4135 3608 4211 praecedenti-

1960 4206 2071 4260 bus
2092 4212 2149 4261 tu
2162 4208 2364 4283 rpibus
2388 4209 2843 4283 cogitationibus
2861 4206 3207 4273 accidunt,si
3228 4206 3398 4283 culpa
3412 4218 3613 4269 nostra

1963 4294 2077 4354 non
2106 4294 2171 4331 ex
2188 4277 2541 4354 inﬁrmitate
2557 4279 2919 4354 contingant,
2946 4287 3009 4335 ut
3025 4283 3242 4338 clarius
3263 4277 3422 4354 patet
3441 4302 3509 4339 ex
3528 4292 3611 4339 te-

1960 4348 2237 4426 stimonio
2260 4348 2615 4426 D_._Gregorii
2636 4348 2787 4426 apud
2815 4354 3048 4426 Ivonem
3074 4348 3527 4426 nostrdm,part.
3548 4373 3615 4419 η.

1964 4435 2090 4492 cap.
2123 4421 2214 4481 52,
2252 4418 2348 4492 ubi
2376 4418 2527 4492 hanc
2554 4418 2935 4492 quzestionem
2965 4424 3310 4481 mirabiliter
3331 4418 3612 4483 e'l'ucidat.

1888 4493 1931 4557 D
1968 4489 2928 4571 D‘ehhoc‘et‘iammvideCassianum
2964 4495 3157 4571 collat.
3190 4498 3286 4562 22,
3334 4514 3462 4571 cap.
3499 4501 3551 4570 4,
3581 4500 3617 4553 5

1971 4566 2029 4617 et
2055 4562 2089 4614 6
2119 4586 2131 4627 ;
2166 4565 2226 4636 ct
2248 4561 2318 4636 ρ.
2353 4562 2663 4636 Thomam,
2695 4580 2756 4618 ιιι
2793 4570 2966 4635 part.,
2998 4584 3055 4636 τι.
3086 4568 3175 4636 80,
3208 4561 3315 4623 art.
3347 4571 3400 4624 7.

2041 4636 2170 4687 CAP.
2208 4634 2331 4707 120.
2364 4632 2483 4689 Hoc
2527 4640 2705 4707 caput
2763 4632 3058 4692 diversum
3108 4632 3197 4695 est
3242 4640 3301 4694 in
3334 4645 3495 4697 textu
3546 4641 3615 4697 D.

1971 4704 2310 4776 Augustini.

2521 4821 2614 4876 AD
2672 4822 2963 4880 PARTEM
3001 4828 3075 4881 Χ.

2049 4949 2177 5025 CAP.
2211 4945 2298 4998 25.
2334 4947 2561 5025 Per/eet.
2593 4950 2869 5025 consequi.
2905 4950 2969 5005 In
3002 4954 3196 5025 Graeco
3226 4953 3479 5009 habetur
3530 4956 3627 5007 τοῦ

1974 5012 2192 5098 «stitio»
2226 5012 2538 5089 μετάσχὲιν,
2571 5034 2685 5098 quo
2718 5012 2888 5098 verbo
2921 5023 3139 5093 sacpius
3169 5025 3356 5098 utitur
3375 5026 3629 5098 hiccon-

1978 5088 2179 5168 cilium
2214 5105 2319 5168 pro
2353 5088 2763 5168 communione
2793 5095 2868 5168 ad
2896 5088 3071 5168 quam
3106 5095 3327 5168 scilicet
3348 5097 3630 5168 poeniten-

1978 5165 2230 5229 tes.pnst
2249 5165 2550 5237 peractam
2573 5162 3557 5237 pmnitentigam,admittcbantur,ut
3571 5184 3632 5222 se

1982 5247 2115 5284 cum
2132 5232 2357 5318 cwteris
2380 5231 2733 5318 ﬁdelibusad
2753 5234 3062 5316 perfectam
3088 5240 3337 5318 gratiam
3368 5231 3629 5318 plenam-

1983 5318 2107 5376 gue‘
2126 5307 2604 5376 communionem
2625 5307 2925 5376 admissos
2951 5323 3079 5362 esse
3102 5307 3516 5376 intelligerent.
3544 5313 3632 5365 Ita

1986 5372 2187 5427 Binius
2217 5374 2287 5428 ad
2325 5374 2428 5427 hoc
2451 5375 2758 5430 concilium
2794 5392 2863 5429 ex
2894 5376 3162 5433 Baronio.
3198 5379 3274 5433 De
3295 5372 3415 5434 hac
3447 5397 3507 5435 re
3544 5383 3632 5435 vi-

1985 5444 2214 5499 dendus
2245 5461 2430 5500 canon
2468 5447 2531 5499 18
2554 5462 2715 5500 conc.
2750 5446 3137 5503 Nannetensis
3170 5451 3280 5504 sub
3330 5451 3631 5507 Formoso.

2056 5516 2516 5595 CAP._31..TY§’_QQ
2549 5516 2669 5595 Dei:
2689 5518 2770 5595 Ad
2793 5521 3117 5595 marginem
3141 5521 3317 5595 hujus
3340 5523 3553 5595 capitis
3573 5525 3635 5579 in

1991 5586 2336 5657 praecedenti
2370 5586 2625 5642 editione
2656 5586 3019 5646 habebatur:
3074 5586 3237 5648 Treva
3283 5594 3380 5649 Dei
3414 5586 3637 5653 videtur

1987 5659 2272 5737 proprium
2300 5674 2640 5737 nomenesse
2670 5660 2921 5737 alicujus
2941 5663 3063 5719 loci.
3095 5665 3202 5719 Sed
3237 5682 3351 5720 non
3378 5672 3552 5737 recte,
3571 5674 3639 5723 ut

1990 5728 2050 5784 in
2074 5727 2319 5806 lectione
2349 5727 2732 5806 conciliorum
2767 5727 3065 5806 paulisper
3090 5739 3338 5794 versatis
3371 5727 3631 5806 constat;

2008 5801 2162 5858 unde
2192 5800 2301 5858 hoc
2329 5816 2396 5858 ex
2425 5800 2745 5875 peritorum
2768 5800 2992 5877 judicio
3045 5810 3455 5884 expunximus.
3508 5800 3644 5869 Erat

3245 5938 3319 6001 33
