3948 6072
364 286 503 342 1035

1025 285 1097 339 D.
1137 283 1376 340 IVONIS
1411 281 1906 338 CARNOTENSIS
1941 282 2164 337 EPISC.
2196 311 2264 321 —
2288 280 2496 337 NO’I‘E
2535 281 2610 335 IN
2646 280 3061 336 DECRETUM.

3641 281 3782 338 1036

363 415 560 468 autem
592 413 752 465 trsva
779 407 870 463 vel
903 406 1088 463 trevia
1115 405 1204 462 vel
1226 411 1435 475 treuga
1452 405 1551 460 Dei
1577 403 1827 458 inducias
1854 419 2004 474 quaa-
2044 411 2092 476 Α
2195 408 2328 461 CAP.
2360 406 2448 460 83.
2481 405 2720 460 Matrim.
2756 407 2817 460 In
2851 405 2995 475 orig.
3029 404 3287 475 additur,
3317 409 3369 461 et
3395 405 3528 463 dicit
3549 407 3653 464 hoc
3675 425 3784 466 non

363 485 500 538 dam
526 482 598 537 ab
631 480 885 537 Ecclesia
910 481 1218 544 institutae,
1251 477 1464 547 quibus
1495 477 1572 530 ab
1590 476 1746 532 omni
1765 475 1886 543 lite,
1907 476 2009 531 ho-

365 555 611 610 stilitate
641 558 699 608 et
726 551 1026 607 vexatione
1057 565 1405 620 quacunque
1437 547 1747 620 abstinere
1785 552 2012 618 oporte-

365 627 487 682 bat.
508 625 585 680 De
612 625 716 679 hac
742 623 928 678 multa
950 619 1378 691 dici’poterant,
1402 620 1501 674 sed
1535 619 1862 689 impediunt
1881 635 2009 690 pro-

366 701 641 768 perantes
671 693 1044 768 typographi.
1077 690 1353 768 Omnium
1386 691 1573 768 instar
1602 690 1737 768 erit_
1762 691 2016 761 insignis

367 759 511 824 nota
537 783 664 839 quis
697 759 945 839 trahatur
976 762 1381 839 inappendice
1396 759 2019 839 ad_cgn_c._(_llaroni_un-

366 833 575 896 tanuni
607 839 715 893 sub
747 835 978 891 Urbano
1012 833 1172 900 lI,'in
1208 833 1322 888 fine
1346 833 1492 889 torni
1533 833 1707 888 XXVI
1741 833 2021 888 Concilio-

366 928 498 967 rum
524 907 796 965 editionis
814 907 1038 962 ultime:
1065 905 1511 972 Parisiensis,ex
1529 905 1914 976 typographia
1932 921 2017 960 re-

365 983 481 1056 gia,
513 995 666 1036 anno
699 979 860 1045 1644,
897 979 970 1033 ad
1005 994 1185 1051 quam
1216 977 1495 1033 lectorem
1529 977 1911 1032 remittimus.

914 1085 1010 1139 AD
1048 1084 1338 1139 PARTEM
1369 1083 1488 1140 XII.

437 1186 573 1241 ΟΑΡ.
602 1184 694 1238 77.
731 1181 1116 1254 Unusquisque
1143 1181 1294 1237 enim
1312 1198 1470 1252 prop.
1493 1185 1554 1237 In
1580 1183 1790 1254 origin.
1816 1183 1897 1236 ita
1919 1181 2024 1237 ha-

364 1257 573 1314 betur:
610 1255 991 1326 Unusquisque
1011 1255 1162 1309 enim
1207 1254 1352 1308 sicut
1387 1257 1514 1308 ante
1533 1256 1719 1310 altare
1746 1262 1898 1309 stans
1932 1255 2026 1308 Dei

363 1331 620 1384 timorem
646 1327 806 1382 habet
832 1342 947 1397 prae
976 1327 1172 1397 oculis,
1204 1328 1256 1379 et
1281 1327 1570 1396 prapriam
1617 1327 2022 1381 conscientiam

363 1400 630 1456 mundam
655 1396 841 1453 servat
866 1398 994 1463 Deo,
1025 1396 1168 1467 quod
1201 1399 1257 1450 in
1289 1400 1555 1452 memoria
1584 1400 1811 1461 retinet,
1833 1399 2020 1452 nulla-

365 1482 517 1529 tenus
539 1471 702 1526 habet
722 1467 1112 1534 intermittere,
1135 1470 1396 1538 quoniam
1421 1484 1478 1522 os
1501 1469 1642 1539 quod
1678 1479 1874 1536 ment.,
1909 1473 2018 1524 etc.

436 1547 568 1598 CAP.
595 1541 691 1598 85.
735 1542 1043 1596 Iusserunt.
1079 1539 1215 1595 Post
1245 1539 1366 1594 haec
1397 1540 1634 1594 additur
1668 1540 1724 1593 in
1763 1539 1976 1610 origin.
2004 1558 2020 1593 :

366 1613 668 1685 Omnesque
696 1611 866 1668 simul
893 1613 1178 1685 utriusque
1207 1611 1416 1666 ordinis
1447 1613 1591 1667 viros
1618 1613 1854 1682 infames
1911 1627 2023 1667 esse

362 1684 713 1751 censuerunt,
746 1693 800 1740 et
824 1699 938 1739 non
967 1684 1166 1752 solum,
1199 1688 1314 1737 etc.

882 1791 976 1846 AD
1016 1790 1312 1845 PARTEM
1353 1791 1500 1845 XIII.

2124 493 2238 533 esse
2263 493 2563 556 peccatum.
2598 548 2607 559 θ

2126 621 2146 624 _
2187 549 2328 624 CAP.
2361 549 2448 602 95.
2484 549 2604 624 Nisi
2648 562 2734 624 ea,
2768 549 2875 624 etc.
2931 545 3086 624 Haec
3114 563 3227 624 non
3278 546 3590 624 habentur,
3623 555 3778 624 apud

2125 619 2440 685 Isidorum,
2475 620 2574 674 sed
2608 635 2641 672 a
2673 617 3008 672 Burchardo
3039 622 3097 673 et
3129 618 3321 686 Ivone,
3355 623 3509 678 unde
3541 617 3777 680 sint-ad-

2127 693 2270 757 dita,
2308 708 2422 745 non
2453 691 2660 760 liquet.

2199 767 2329 817 CAP.
2354 764 2418 838 Ψ
2440 804 2473 838 _.
2499 758 3135 838 tiliccaputpaululum
3165 760 3359 838 differt
3380 763 3452 838 ab
3475 765 3773 838 originali.

2199 838 2328 889 CAP.
2363 833 2630 889 110.110c
2661 837 2839 902 caput
2887 832 3041 902 apud
3098 832 3505 890 Burchardum
3561 832 3777 893 citetur

2129 906 2306 979 etiam
2345 922 2418 979 ea:
2445 904 2606 979 dictis
2639 903 2856 979 Basilii,
2889 919 3023 956 veru
3037 920 3092 979 in
3126 919 3202 979 επὶ
3251 904 3326 979 S._
3359 907 3571 963 Isidoro
3622 912 3776 979 apud

2132 978 2315 1041 Grat.,
2350 977 2434 1045 11,
2467 993 2523 1048 q.
2556 976 2612 1048 3,
2638 992 2687 1030 c.
2719 975 2826 1042 Qui
2851 977 3134 1048 consentit.
3170 975 3280 1048 Sed
3313 975 3372 1032 in
3422 983 3632 1036 neutro
3665 975 3780 1037 —ha-

2133 1045 2556 1124 bet_ur,_veru_m
2591 1047 2648 1124 in
2688 1045 2911 1124 Regula
2937 1045 3344 1124 orientalium,
3377 1053 3434 1124 et
3464 1050 3520 1105 in
3555 1051 3778 1124 Regula

2131 1124 2189 1175 S.
2219 1119 2536 1183 Pachomii,
2563 1123 2626 1172 ut
2649 1123 2802 1173 recte
2821 1117 3044 1172 notavit
3062 1119 3434 1189 antiquitatis
3461 1117 3776 1180 studiosis~

2133 1191 2322 1265 simus
2352 1190 2662 1265 indagator
2691 1189 3042 1265 Maynardus
3072 1189 3130 1265 in
3163 1191 3445 1247 Concord.
3479 1194 3694 1265 regul.,
3727 1213 3775 1252 c.

2129 1263 2222 1316 74.
2260 1265 2335 1317 Ex
2358 1279 2472 1332 quo
2501 1262 2679 1334 hujus
2711 1261 2919 1332 capitis
2951 1260 3288 1334 citationem
3350 1260 3743 1322 restituimus.
3844 1329 3850 1334 ,

2203 1339 2312 1388 CAP
2370 1335 2485 1387 124.
2525 1333 2638 1408 Cur
2667 1347 2904 1408 canones
2935 1332 3140 1408 interd‘.
3186 1333 3283 1408 eis.
3332 1337 3406 1408 ‘I_n
3453 1337 3602 1408 orig.
3653 1340 3777 1394 bre-

2128 1405 2278 1479 vius,
2311 1421 2416 1479 cur
2438 1421 2550 1479 non
2579 1405 2658 1479 eis
2689 1407 2807 1479 qui,
2840 1408 2949 1459 etc.
2985 1404 3054 1458 Et
3083 1404 3166 1459 sic
3222 1405 3283 1460 in
3330 1404 3681 1479 Moguntina
3723 1417 3776 1466 et

2133 1477 2556 1532 Wormatiensi
2588 1475 2821 1547 legitur.

2655 1627 2747 1680 AD
2788 1625 3078 1682 PARTEM
3129 1627 3247 1683 XV.

2198 1734 2331 1791 CAP.
2369 1735 2453 1790 19.
2489 1735 2654 1790 Prius
2684 1750 2812 1789 eum
2840 1734 2994 1807 tond.
3029 1734 3091 1789 In
3123 1734 3334 1807 origin.
3367 1738 3589 1793 desunt
3612 1741 3768 1796 haec:

2263 485 2563 548 peccatum.

2051 1781 2097 1846 Β
2129 1807 2235 1862 Aut
2263 1810 2320 1862 in
2353 1809 2536 1862 cinere
2561 1815 2614 1862 et
2643 1807 2830 1862 cilicio
2861 1806 3113 1879 habitum
3140 1781 3778 1879 miftare‘fdciat,u;‘isi

435 1883 570 1938 CAP.
604 1882 690 1937 10.
719 1881 892 1951 Juxta
912 1886 1150 1948 formam
1178 1877 1446 1951 divinitus
1475 1877 1683 1933 datam.
1716 1878 1846 1933 Haec
1893 1894 2009 1934 non
2115 1880 2281 1950 prius
2309 1888 2424 1934 aut.
2459 1883 2679 1951 Desunt
2709 1879 2884 1951 etiam
2918 1878 3068 1951 ista:
3101 1879 3210 1933 Aut
3240 1877 3419 1936 velata
3450 1884 3632 1951 fuerit
3660 1895 3775 1940 aut.

365 1955 661 2009 habentur
691 1952 844 2022 apud
878 1950 1134 2017 lvouem,
1166 1950 1268 2004 sed
1297 1949 1571 2004 restituta
1601 1956 1742 2005 sunt
1775 1967 1842 2005 ex
1863 1952 2005 2021 orig.

370 2031 429 2081 et
456 2023 735 2080 Gratiano
767 2022 838 2077 ob
872 2036 1139 2076 sensum.

443 2095 578 2150 CAP.
608 2095 699 2148 50.
731 2093 850 2148 Ηοο
880 2099 1054 2164 caput
1098 2091 1346 2164 habetur
1387 2088 1448 2144 in
1501 2092 1761 2164 secunda
1803 2092 2006 2164 regula

350 2171 594 2222 Patrum
615 2165 834 2220 codicis
859 2161 969 2218 ms:
989 2162 1400 2228 Floriacensis,
1424 2161 1597 2232 cujus
1620 2163 1854 2217 initium
1872 2161 1999 2219 ast:

352 2240 489 2295 Cum
527 2239 589 2292 in
617 2237 838 2292 nomine
872 2236 1093 2290 Domini
1120 2251 1244 2290 cum
1270 2233 1548 2305 fratribus
1580 2236 1785 2290 nostris
1805 2251 2000 2290 conve-

348 2311 639 2376 nissemus,
672 2317 738 2362 ul
770 2311 924 2361 recte
967 2310 1130 2362 notat
1160 2305 1534 2377 Maynardus.

419 2381 554 2436 CAP.
586 2380 676 2434 62.
711 2379 749 2433 A
781 2377 1175 2444 sacerdotibus,
1207 2376 1318 2432 etc.
1349 2376 1478 2431 Haec
1502 2391 1687 2446 usque
1709 2377 1777 2430 ad
1803 2378 1996 2432 nolue-

347 2455 463 2508 rint
493 2452 692 2507 addita
717 2455 858 2505 sunt
876 2465 946 2504 ex
975 2449 1119 2518 orig.
1155 2449 1226 2504 ad
1261 2447 1579 2519 pleniorem
1607 2464 1869 2503 sensum.

416 2525 553 2579 CAP.
583 2523 676 2578 77.
710 2525 775 2576 In
813 2519 1031 2587 Regula
1060 2521 1116 2576 S.
1153 2519 1481 2587 Fructuosi,
1510 2535 1539 2573 c
1589 2519 1674 2578 l7.
1695 2519 1754 2573 in
1779 2520 1890 2574 ﬁne
1909 2519 1992 2575 sic

345 2594 679 2650 habeturde
703 2590 1008 2648 monachis
1030 2590 1306 2662 loquens:
1327 2591 1585 2662 Ebriosus
1602 2593 1725 2661 quis
1745 2590 1796 2644 si
1814 2607 1994 2662 reper-

344 2674 432 2722 tus
463 2669 522 2721 in
552 2663 791 2720 canobio
822 2665 1014 2736 fuerit,
1046 2661 1324 2736 superiori
1350 2661 1641 2736 sententia?
1668 2661 1989 2736 subjacebit,

337 2738 455 2793 sive
485 2740 533 2793 is
560 2737 657 2808 qui
681 2733 831 2808 citra
851 2736 1180 2804 permissum
1200 2733 1555 2808 abbatissice
1575 2733 1862 2808 praepositi
1882 2734 1990 2788 ali-

337 2810 470 2864 cubi
499 2805 716 2864 litteras
737 2807 1117 2872 destinaverit,
1150 2807 1233 2861 vel
1263 2808 1330 2860 ab
1369 2805 1484 2860 alio
1513 2805 1815 2861 destinatas
1833 2822 1988 2861 acce-

339 2882 507 2950 perit,
542 2883 606 2934 ut
638 2881 805 2933 notat
831 2877 1180 2949 Maynardus
1240 2878 1312 2932 ad
1362 2882 1538 2949 caput
1585 2877 1653 2930 50
1703 2877 1984 2932 Concord.

344 2968 492 3024 reg.,
519 2953 547 3022 ξ
573 2949 658 3004 13.

866 3050 964 3100 AD
1002 3045 1296 3101 PARTEM
1343 3044 1486 3100 XIV.

412 3144 548 3200 CAP.
579 3143 634 3198 3.
663 3143 893 3199 Iudicis.
925 3142 1148 3213 Origin.
1181 3142 1355 3198 habet
1381 3142 1599 3210 iudicii.

412 3217 549 3271 Ante
579 3213 828 3270 rectitud.
857 3214 1058 3284 operis.
1090 3217 1156 3270 In
1187 3213 1396 3285 origin.
1433 3214 1701 3282 habetur,
1737 3222 1870 3270 ante
1903 3232 1989 3271 re-

341 3286 629 3344 ctitudinis
657 3287 1045 3358 operationem.

373 3431 384 3442 ο
409 3359 538 3415 CAP.
653 3353 1172 3442 litteratosln'o‘rig.
1198 3355 1495 3442 inseritur
1541 3372 1644 3427 per
1673 3355 1980 3428 parenthe-

335 3431 474 3500 sim,
505 3432 638 3503 quia
665 3427 952 3513 maledicto
981 3427 1210 3483 debeant
1222 3427 1416 3554 Aeriri.
1466 3498 1478 3510 .
1667 3427 1687 3509 ς
1887 3501 1896 3510 ι

406 3503 536 3579 CAP.
563 3503 622 3579 5.
649 3503 826 3579 Aliter
855 3516 1033 3579 enim,
1057 3503 1168 3579 etc.
1221 3570 1232 3579 .
1272 3515 1390 3579 r_i_g._
1433 3516 1516 3579 sic
1538 3576 1545 3579 Δ
1565 3498 1710 3579 _leglt
1733 3499 1984 3579 :Hrtlzter

331 3577 482 3629 enim
512 3573 870 3628 maledictum
897 3574 1184 3641 profertur
1203 3570 1422 3640 judicio
1441 3572 1688 3641 iustitiae,
1723 3571 1887 3625 aliter
1919 3572 1981 3626 li-

332 3661 458 3700 vore
479 3644 764 3700 vindicta}.
788 3643 1128 3697 Maledictum
1149 3643 1350 3711 quippe
1356 3642 1601 3713 justitiae
1619 3642 1846 3710 iudicio,
1867 3647 1977 3696 etc.

401 3716 538 3770 CAP.
569 3715 659 3769 34.
686 3714 1002 3769 Mandatum
1031 3713 1084 3768 ei
1105 3715 1370 3782 dirigere.
1397 3713 1738 3769 Mandatum
1770 3714 1874 3768 hoc
1894 3713 1980 3768 lu-

331 3802 396 3842 co
430 3787 583 3842 idem
615 3791 704 3841 est
735 3801 801 3842 ac
833 3785 1128 3847 nuntium,
1149 3783 1527 3855 signiﬁcatio,
1549 3784 1776 3854 legatio.
1806 3785 1872 3839 Et
1895 3785 1978 3840 sic

330 3858 442 3912 hoc
475 3856 733 3913 declarat
763 3855 982 3926 aliquid
1016 3871 1118 3925 per
1144 3853 1573 3926 internuntium
1614 3853 1971 3926 isignificare.

328 3928 536 3984 Melius
580 3927 816 3994 Gallice,
862 3925 961 3982 ilui
1010 3925 1241 3998 mander
1295 3927 1525 3997 quelque
1573 3925 1748 3994 chose,
1809 3928 1978 3998 plura

333 3999 974 4073 Maynardus_in_notis
1001 3999 1072 4052 ad
1107 3997 1215 4052 hoc
1245 4003 1444 4073 caput.

403 4068 536 4128 CAP.
567 4071 763 4126 75..Ex
795 4069 901 4125 hoc
935 4074 991 4124 et
1042 4068 1332 4140 sequenti
1382 4085 1508 4139 cap.
1561 4068 1976 4140 compendiose

330 4144 573 4199 collecta
605 4141 716 4198 fult
748 4143 936 4197 forma
969 4140 1306 4212 publicandi
1337 4140 1751 4205 anathematis,
1787 4141 1842 4194 id
1865 4145 1972 4205 est,

329 4213 955 4272 sxcommunicationis
985 4213 1266 4268 solemnis
1297 4229 1399 4282 pro
1448 4213 1815 4283 gravioribus
1853 4213 1976 4266 cul-

328 4289 440 4358 pis,
473 4304 600 4358 qua
633 4286 882 4358 habetur
913 4289 1080 4356 parte
1111 4283 1972 4358 tertia,_RomaniPontilicalis,

325 4355 452 4431 cap.
487 4355 559 4416 De
584 4357 780 4415 ordine
796 4355 1314 4414 excommunicandi
1340 4362 1392 4412 et
1422 4355 1759 4412 absolvendi.

2190 1951 2406 2033 βέζψὶαςς
2427 1952 2578 2006 enim
2611 1950 2772 2006 latcis
2802 1950 2941 2004 Post
2974 1949 3092 2006 haec
3123 1967 3238 2007 non
3271 1949 3522 2008 habetur
3536 1971 3665 2010 eum
3688 1963 3775 2026 fe-

2116 2038 2313 2077 mm“.

2114 2093 2319 2218 b.CAP.
2350 2094 2438 2148 22.
2467 2093 2530 2148 In
2563 2091 2773 2164 origin.
2808 2107 3023 2163 magna
3054 2098 3143 2148 est
3168 2094 3496 2151 differentia
3539 2097 3600 2151 in
3633 2114 3769 2154 ver-

2158 2181 2230 2218 ιε.

2184 2234 2312 2291 CAP.
2342 2237 2433 2291 29.
2469 2238 2531 2291 Et
2554 2237 2612 2290 in
2642 2250 2761 2303 per,
2793 2241 2905 2291 etc.
2940 2241 3067 2294 Hac
3098 2240 3375 2307 corrupta
3421 2243 3578 2294 sunt.
3638 2241 3758 2296 Me-

2111 2305 2226 2361 lius
2256 2307 2539 2378 originale
2564 2309 2622 2361 in
2651 2309 2893 2376 periculi
2921 2309 3168 2376 urgentis
3197 2305 3489 2364 instantia.

2179 2380 2306 2453 CAP.
2339 2379 2428 2434 36.
2458 2382 2542 2434 Ne
2570 2381 2701 2453 obl._,
2735 2383 2841 2434 etc.
2879 2381 2941 2435 1n
2978 2379 3316 2453 Moguntina
3374 2383 3456 2436 ita
3503 2381 3752 2453 legitur:

2103 2449 2179 2504 Ne
2205 2451 2312 2577 obfli.
2345 2451 2907 2575 efcommunicatione
2934 2449 3113 2509 alien'i
3149 2465 3218 2505 etc
3263 2454 3536 2508 consortio
3564 2449 3750 2511 'bo'io-

2103 2537 2230 2576 rum
2297 2539 2369 2576 an
2405 2564 2418 2577 .

2102 2537 2230 2576 rum
2261 2528 2418 2577 ﬁant.

2176 2595 2327 2650 Unct.
2359 2595 2484 2648 olei.
2522 2593 2584 2648 In
2617 2591 2957 2664 Moguntino
2987 2594 3270 2650 habetur:
3299 2595 3451 2650 Unct.
3471 2597 3595 2651 Dei.
3629 2598 3748 2652 Ca3-

2100 2667 2226 2718 tera
2255 2671 2395 2719 sunt
2423 2664 2662 2719 similia.

2172 2736 2306 2792 CAP.
2339 2738 2429 2810 57.
2463 2741 2525 2810 l_n
2556 2737 2692 2810 line,
2725 2737 2981 2810 innotuit.
3006 2737 3079 2810 ln
3113 2736 3404 2805 origin.et
3425 2740 3582 2810 apud
3611 2739 3752 2797 Gra-

2099 2805 2326 2862 tianum
2360 2809 2441 2863 sic
2474 2808 2758 2863 habetur:
2793 2809 3054 2874 Innotuit,
3088 2811 3341 2866 videlicet
3379 2805 3528 2874 quod
3561 2814 3618 2866 in
3651 2829 3745 2867 ca-

2097 2894 2241 2933 none
2266 2880 2624 2950 Ancyrituno,
2655 2895 2776 2952 cap.
2808 2880 2896 2944 19,
2929 2880 3134 2948 legitur
3166 2898 3179 2936 :
3217 2889 3345 2937 Post
3385 2880 3604 2952 lapsum
3627 2900 3749 2938 cor-

2092 2952 2340 3020 poralem
2361 2951 2782 3006 restaurandum
2806 2952 3030 3006 honoris
3058 2952 3294 3020 gradum
3325 2951 3449 3023 post
3478 2957 3750 3024 perniten-

2096 3024 2267 3085 tiam;
2296 3023 2436 3078 alibi
2465 3038 2590 3078 vero
2624 3024 2860 3091 tegitur:
2888 3025 3016 3078 Post
3047 3024 3392 3094 hujusmodi,
3434 3023 3550 3081 etc.
3605 3028 3752 3082 Vide

2104 3110 2286 3166 supra
2314 3095 2385 3148 ad
2418 3111 2467 3149 c.
2500 3095 2602 3148 397
2634 3100 2692 3149 et
2721 3095 2846 3160 398,
2881 3099 3027 3164 part.
3059 3112 3136 3151 v1.

2021 3141 2065 3208 C
2105 3141 2467 3221 "65.7%
2500 3141 2612 3222 ab}.
2637 3141 3152 3238 Βὲιῖιὶΐρὶἷιὶὶἱιιᾶὧ
3183 3166 3370 3222 variat
3397 3167 3459 3222 in
3488 3169 3642 3240 orig.

2617 3317 2711 3373 AD
2756 3318 3043 3376 PARTEM
3083 3317 3223 3374 XVI.

2162 3423 2406 3499 (ΞΛ-Ρηϐ.Δ
2452 3424 2814 3499 Criminibus.
2867 3424 3146 3499 Nonnihil
3202 3425 3384 3499 variat
3430 3427 3744 3499 originale,

2090 3496 2245 3566 quod
2272 3495 2362 3570 _sic
2394 3495 2602 3570 habet:
2639 3497 2980 3552 Criminibus
3011 3515 3140 3568 erga
3186 3495 3555 3554 ecclesiastica
3594 3495 3747 3570 justo

2087 3571 2136 3623 et
2168 3566 2532 3622 rationabilia
2547 3569 2776 3638 judicia
2813 3566 3148 3639 contemptor
3168 3573 3418 3639 repertus
3438 3566 3637 3639 fuerit,
3665 3575 3746 3627 vel

2088 3640 2316 3708 inﬂatus
2345 3656 2408 3694 ac
2439 3639 2685 3695 tumidus
2717 3641 2943 3695 monitis
2972 3642 3365 3696 ecclesiasticis
3395 3657 3459 3694 ac
3517 3651 3743 3699 sancto-

2086 3727 2212 3765 rum
2244 3713 2472 3766 Patrum
2500 3713 2984 3767 constitutionibus
3013 3712 3382 3766 contradiclor
3403 3711 3495 3766 vel
3513 3716 3746 3770 subsan-

2085 3785 2247 3908 ngfor
2290 3784 2668 3908 comprobatus
2712 3785 2906 3853 fuerit,
2963 3785 3015 3839 si
3059 3785 3285 3840 monitis
3332 3783 3745 3856 episwpalz'bus

2086 3869 2115 3908 o
2169 3869 2344 3908 .emo..
2380 3871 2408 3908 e
2440 3871 2490 3908 c.

2086 3861 2344 3924 obtemp.,
2380 3861 2490 3909 etc.

2157 3924 2292 3978 CAP.
2323 3927 2412 3979 23.
2443 3927 2833 3999 Auctoritatem
2861 3926 3317 3984 ecclesiasticam.
3355 3931 3418 3981 lu
3453 3927 3614 3999 orig.
3650 3931 3744 3985 ad-

2086 3996 2247 4051 ditur
2277 4013 2339 4051 ac
2367 3999 2452 4060 ius
2481 3997 2670 4052 civile.

2158 4067 2344 4140 Partis
2371 4068 2607 4140 decimae
2640 4068 2902 4139 septimae
2935 4067 3193 4140 plurima
3221 4069 3412 4139 capita
3443 4085 3580 4124 cum
3622 4072 3746 4126 ori-

2081 4139 2375 4211 ginalibus
2407 4139 2785 4206 contulimus,
2819 4141 2920 4194 sed
2942 4139 3055 4211 iper
3094 4141 3404 4211 angustias
3451 4144 3745 4210 temporis

2084 4228 2198 4266 non
2232 4210 2397 4266 licuit
2424 4215 2784 4276 varietatem,
2818 4229 2942 4282 quae
2963 4210 3089 4266 non
3125 4210 3376 4267 maxima
3399 4217 3601 4268 tamen
3633 4221 3749 4280 est,

2083 4283 2378 4358 adnotare,
2411 4283 2586 4358 _unde
2637 4283 2981 4358 urgentibus
3045 4283 3294 4338 nimium
3354 4286 3749 4358 typographis

2083 4354 2252 4409 finem
2285 4354 2380 4410 hic
2409 4354 2711 4426 imponere
2741 4353 2922 4410 coacti
2956 4371 3189 4410 sumus.
