4000 6060
177 228 316 285 1041
1411 233 1812 288 PANORMIA.
1855 262 1924 272 —-
1961 232 2237 290 PROLOG

2007 232 2358 290 ROLOGUS.
3455 229 3600 286 1042

253 355 428 427 Hanc,
455 351 766 427 Christiane
796 355 1004 427 Lector,
1035 355 1347 425 Epistotam
1377 357 1438 412 Ι).
1472 357 1655 412 leonis
1703 356 1768 411 de
1815 357 1902 412 his
1941 359 2038 427 qui
2067 373 2262 413 uxores
2302 356 2580 412 adulteras
2626 354 2910 409 dimittere
2938 353 3222 425 cupientes
3257 355 3386 410 aliis
3408 353 3595 410 adhae-

175 442 310 500 rere
339 425 622 500 volebant,
659 425 848 500 inveni
875 425 936 479 in.
966 441 1081 480 meo
1099 429 1422 500 exemplari
1451 428 1822 482 vetustissimo
1851 425 2250 500 manuscripto,
2283 433 2334 484 et
2375 427 2507 500 quia
2537 443 2824 498 nunquam
2853 429 3044 496 fuerat
3089 428 3374 497 impressa,
3423 443 3493 482 ne
3539 432 3594 481 te

175 513 250 552 ea
278 497 583 567 fradarem,
607 497 752 568 typis
781 514 902 552 eam
932 497 1132 553 excudi
1160 497 1353 553 curavi
1383 502 1550 571 atque
1580 501 1898 558 Panormia
1927 497 2195 569 adiicere.

248 759 528 814 UMBERTO
561 760 688 830 (leg.
723 759 1105 830 DAIMBBRTO],
1162 760 1258 816 Dei
1306 761 1500 833 gratia
1547 761 1895 817 Senensium
1945 761 2406 833 archiepiscopo,
2457 761 2552 817 Ivo
2600 758 2845 815 humilis
2893 757 3167 815 Ecclesia
3215 756 3596 815 Carnotensis

174 847 474 913 minister,
497 864 631 902 cum
663 848 875 903 humili
909 849 1217 906 devotione
1243 849 1568 906 servitium.

248 937 331 992 De
361 937 947 1010 Hierosolymatanis,
980 943 1092 994 etc.

177 1029 389 1100 (Exstat
416 1044 562 1084 nunc
609 1028 728 1086 haec
784 1029 1023 1101 epistola
1081 1029 1225 1086 inter
1284 1031 1588 1088 lvonianas
1643 1030 1840 1158 ordini
1876 1033 2199 1174 galeamn
2246 1031 2505 1088 vicesima
2565 1029 2780 1103 quinta.
2852 1028 2984 1086 Vide
3040 1032 3250 1084 tomum
3285 1031 3601 1100 sequentem

1745 1119 1845 1159 co.
2005 1145 2019 1160 .

1745 1119 1845 1159 σοι.
1876 1119 2019 1160 150).

1080 1365 1486 1428 MELCHIOR
1529 1367 1580 1428 Α
1625 1367 2135 1429 VOSMEDIANO
2182 1367 2308 1428 P10
2364 1365 2695 1428 LECTORI

253 1497 605 1570 curaveram,
635 1497 952 1570 Christiane
983 1499 1189 1563 Lector,
1222 1507 1282 1554 ut
1310 1500 1566 1570 epistolas
1595 1500 1732 1556 duas
1761 1501 1824 1555 D.
1858 1501 2037 1557 Ivonis
2057 1499 2210 1570 juris
2243 1501 2543 1569 utriusque
2565 1497 2920 1570 peritissimi,
2969 1513 3105 1568 quas
3134 1499 3194 1552 in
3238 1513 3359 1553 meo
3415 1512 3594 1553 exem-

176 1568 332 1639 plari
361 1568 732 1641 vetustissimo
764 1569 1104 1634 inveneram,
1140 1574 1199 1626 in
1232 1568 1406 1626 lucem
1436 1575 1760 1641 emitterem,
1805 1572 1898 1628 sed
1930 1568 2120 1641 unam,
2174 1571 2244 1626 ad
2296 1568 2636 1636 Umbertum,
2682 1569 2950 1641 (difﬁcile
2980 1571 3185 1638 tamen)
3211 1571 3370 1640 potui
3401 1570 3593 1641 tegere,

173 1642 336 1714 potui
355 1639 522 1714 etiam
550 1641 939 1714 transcribere,
974 1643 1163 1697 Altera
1184 1659 1306 1698 vero
1336 1644 1406 1698 ad
1440 1645 1702 1713 Ulricum,
1734 1639 1842 1699 non
1873 1653 1987 1699 tam
2015 1639 2267 1711 corrosis,
2319 1659 2492 1714 quam
2537 1642 2728 1696 deletis
2768 1639 2913 1712 pene
2941 1639 3355 1714 characteribus
3382 1657 3484 1694 nec
3518 1640 3596 1714 ad

181 1712 357 1766 lucem
389 1713 542 1785 solis,
575 1729 675 1768 nec
705 1714 764 1767 in
793 1713 971 1768 medio
1003 1715 1131 1780 cole,
1164 1731 1340 1785 neque
1363 1716 1482 1770 luce
1509 1711 1749 1782 intensa,
1781 1732 1879 1770 nec
1907 1733 1966 1770 ea
1999 1717 2249 1783 remissa,
2279 1711 2473 1769 multis
2507 1715 2563 1768 in
2597 1715 2729 1769 locis
2759 1711 2873 1768 ullo
2902 1712 3061 1768 modo
3088 1714 3254 1785 valui
3278 1713 3474 1785 legere,
3517 1711 3598 1785 ita

179 1787 240 1837 ut
267 1786 385 1837 tam
413 1783 632 1854 penitus
658 1785 1030 1851 desperassem
1053 1802 1206 1855 posse
1236 1782 1320 1842 me
1350 1803 1474 1840 eam
1506 1789 1569 1842 in
1590 1789 1766 1842 lucem
1797 1787 1972 1843 eriere.
2003 1787 2108 1842 Sed
2135 1782 2258 1841 cum
2280 1785 2497 1842 vexatio
2527 1787 2615 1840 det
2647 1785 2988 1839 intellectum
3026 1786 3086 1839 in
3135 1784 3193 1838 id
3241 1782 3462 1854 (divina
3494 1782 3595 1836 ad-

169 1855 381 1930 jutrice
413 1855 618 1930 gratia)
653 1855 828 1911 incidi
858 1860 1317 1930 experimentum,
1352 1867 1412 1912 ut
1442 1859 1584 1929 quod
1615 1861 1723 1930 tegi
1753 1860 1905 1914 nullo
1952 1861 2108 1914 modo
2137 1863 2391 1930 poterat,
2411 1855 2580 1927 facile
2615 1855 2734 1930 legi
2753 1857 2946 1930 possit,
2987 1856 3156 1926 faeile
3207 1857 3384 1911 etiam
3414 1863 3598 1910 trans-

177 1927 325 1981 cribi
351 1927 490 1997 quod
513 1930 639 1998 feci,
672 1933 732 1982 ut
766 1937 823 1984 tu
853 1945 919 1984 ea
938 1929 1178 2000 fruaris,
1208 1935 1259 1985 te
1281 1946 1365 1985 me
1387 1927 1496 1986 tuis
1519 1927 1863 1987 orationibus
1893 1933 2046 2003 apud
2078 1927 2246 1986 Deum
2277 1929 2547 2002 Optimum
2577 1929 2890 1983 maximum
2912 1928 3093 1998 juves.

255 2027 408 2082 Vale.
441 2027 745 2085 Bruxellw.

247 2264 363 2332 Ivo,
396 2262 497 2319 Dei
529 2263 718 2334 gratia
747 2263 1122 2320 Carnotensis
1156 2265 1428 2322 minister
1453 2265 1663 2322 dilecto
1695 2265 1808 2322 sibi
1836 2265 1896 2321 in
1928 2263 2157 2320 Christo
2189 2262 2351 2320 fratri
2381 2263 2594 2319 Umeo
2633 2261 2908 2319 salutem.

247 2351 308 2405 In
339 2350 552 2408 litteris
580 2352 702 2408 tuis
736 2353 1088 2421 continetur,
1126 2358 1238 2410 etc.

1061 2480 1218 2551 (Vide
1259 2481 1404 2536 inter
1432 2482 1614 2537 Ivonis
1633 2481 1890 2553 epistolas
1918 2479 2195 2550 sequentis
2222 2476 2378 2545 tomi,
2404 2477 2506 2534 col.
2543 2477 2690 2546 160.)

588 2749 1208 2880 INCIPIT
1307 2748 2192 2882 PROLOGUS
2289 2743 3186 2878 PANOBMUE

1509 2986 2265 3108 IVONIS

1095 3209 1994 3298 CARNOTENSIS
2079 3203 2676 3296 EPISCOPI

395 3365 482 3423 De
515 3363 890 3424 multimoda
926 3363 1314 3424 distinctione
1347 3364 1811 3442 Scripturarum
1843 3363 1958 3424 sub
1988 3381 2110 3422 una
2140 3368 2451 3422 castorum
2484 3356 2876 3436 eloquiorum
2907 3357 3367 3414 contentarum.

180 3493 487 3569 (capitulis
517 3496 588 3550 42
616 3501 848 3552 constat
879 3497 975 3552 hic
1018 3497 1317 3569 prologue,
1349 3514 1600 3569 quorum
1639 3495 2101 3569 l-34Aprologum
2135 3495 2352 3569 Decreto
2383 3489 2751 3569 przemissum
2783 3486 2854 3542 ad
2887 3480 3589 3569 verbumreprtpse'ptant.

251 3553 641 3639 Piubricarum
669 3569 880 3624 seriem
910 3553 1044 3626 cum
1069 3553 1512 3639 unuscujusque
1543 3553 2245 3638 capituli‘initinldamus.
2278 3553 2546 3635 Capitula
2581 3560 2777 3627 35-42,
2811 3575 2939 3631 quae
2971 3554 3206 3612 nonnisi
3252 3553 3325 3610 ad
3373 3553 3588 3607 Panor-

247 3637 425 3694 miam
452 3645 744 3712 spectant,
777 3642 1006 3713 integra
1035 3637 1361 3697 exibantur.
1395 3637 1554 3696 Eorr.
1589 3637 1784 3710 PAm.)

251 3927 386 3984 CAP.
418 3932 462 3986 Ι.
496 3930 877 4003 Exceptiones
905 3932 1436 3989 ecclesiasticarum
1461 3932 1822 4004 regularum,
1854 3930 1907 3995 Α
2078 3931 2206 3982 CAP.
2240 3925 2330 3980 XI.
2365 3922 2638 3996 Neophyti
2673 3920 3033 3994 prohibentur
3060 3934 3094 3973 a
3125 3914 3445 3973 sacerdotio.

180 4003 289 4055 οἷδ’
398 4088 426 4092 ξ
592 4091 607 4092 κ
2006 4034 2167 4088 Sicut
2199 4035 2414 4088 sanctas
2449 4028 2718 4086 Ecclesia:
2752 4027 3052 4092 Romana,
3083 4027 3192 4080 etc.

389 4088 524 4145 CAP.
563 4091 630 4146 II.
667 4092 740 4147 De
779 4092 1084 4149 intentione
1134 4093 1345 4150 divinae
1367 4099 1611 4165 paginae.

251 4177 436 4234 Habet
467 4179 620 4234 enim
656 4181 850 4236 omnis
884 4181 1286 4238 ecclesiastica
1335 4182 1666 4254 disciplina,
1715 4187 1824 4240 etc.

249 4268 382 4324 CAP.
418 4272 514 4325 III.
551 4271 700 4340 Quod
723 4275 904 4328 omnis
934 4275 1067 4329 boni
1095 4273 1362 4346 magistra
1391 4276 1463 4329 sit
1490 4274 1754 4330 charitas.

250 4357 598 4430 Quicunque
627 4376 764 4432 ergo
795 4361 1252 4431 ecclesiasticus,
1285 4368 1397 4418 etc.

251 4447 383 4501 CAP.
415 4446 504 4503 IV.
542 4449 708 4514 Item,
758 4449 880 4505 hinc
927 4453 1257 4519 attendens,
1317 4452 1587 4522 diligens,
1648 4453 1830 4510 lector
1937 4464 2070 4516 CAp.
2103 4460 2261 4516 XIII.
2294 4462 2417 4514 Non
2445 4473 2658 4529 semper
2687 4458 2748 4529 in
2786 4469 2876 4511 eos
2913 4454 3300 4529 quiipecca‘nt,
3345 4445 3590 4503 vindicta

2007 4159 2145 4216 CAP.
2178 4160 2304 4214 XII.
2335 4159 2460 4226 Quae
2507 4152 2924 4282 conititutiones
2956 4150 3173 4206 valeant
3199 4142 3519 4217 temperari,

2578 4243 2606 4282 e
2668 4239 2791 4282 ause
2817 4239 2951 4279 non.

2578 4239 2627 4282 et
2668 4239 2791 4297 quae
2817 4239 2951 4279 non.

2011 4338 2170 4392 Idem
2205 4341 2263 4391 et
2293 4338 2648 4407 prmtaxatus
2676 4331 2789 4386 Leo
2822 4345 2996 4402 papa,
3027 4331 3137 4383 etc.

181 4533 496 4607 intelliget,
535 4542 648 4592 etc.
1436 4521 1449 4522 ί
2265 4534 2345 4587 est
2370 4521 2677 4586 exercenda
2706 4528 2877 4600 (Aug.
2910 4521 2981 4582 ad
3015 4521 3247 4593 Bonif.).

606 4629 738 4683 CAP.
779 4632 848 4685 V.
883 4630 958 4684 De
997 4630 1387 4688 admonitione.
2009 4639 2092 4710 Si,
2126 4637 2422 4710 inquiunt,
2457 4639 2688 4708 Oportet
2720 4638 2784 4689 ut
2815 4649 2921 4688 nos
2953 4634 3115 4688 extra
3157 4625 3479 4684 Ecclesiam
3527 4626 3586 4679 et

253 4713 323 4768 Et
353 4713 544 4786 prima
574 4715 836 4788 quidem,
871 4719 1212 4790 admonitio,
1244 4724 1354 4776 etc.
1937 4728 2217 4783 adversus
2249 4725 2566 4782 Ecclesiam
2591 4723 2772 4779 fuisse
2803 4720 3104 4794 pmniteat,
3137 4722 3249 4773 etc.

575 4808 743 4904 ,σθ’
778 4805 869 4862 VI'
903 4809 976 4862 De
1014 4807 1414 4908 indulgefuaﬁ
1439 4900 1454 4908 _
1502 4903 1511 4908 _
1687 4906 1692 4908 _
1937 4842 2072 4898 CAP.
2109 4841 2250 4897 XIV.
2285 4840 2500 4896 Leviter
2528 4840 2756 4908 occulta,
2790 4837 3031 4893 severius
3060 4836 3244 4908 autem
3297 4826 3587 4908 ραηίεηάα

188 4963 205 4970 _
253 4891 628 4964 Indulgentia
657 4911 813 4961 vero,
848 4901 1134 4968 quantum
1169 4899 1336 4954 nobis
1361 4900 1610 4969 videtur,
1645 4906 1754 4958 etc.
1943 4891 2237 4968 "Enn-tuac

2007 4891 2250 4968 sunt—ab
2285 4891 3130 4979 Ecclesia—delictaimanifesta
3177 4891 3346 4975 (Αυὰ.
3383 4903 3582 4958 contra

252 4989 385 5043 CAP.
417 4989 542 5044 VII.
584 4992 656 5047 De
684 4995 1148 5063 praceptionibus
1179 5000 1230 5050 et
1262 4997 1753 5067 prohibitionibus.
2005 4984 2167 5056 θρίδί·
2198 4986 2237 5039 Ρ

2007 4984 2167 5056 epist.
2198 4986 2498 5053 Parmen.,
2532 4983 2632 5038 lib.
2669 4999 2753 5047 ιιι,
2785 4998 2912 5052 cap.
2933 4982 3012 5050 2).

253 5086 676 5159 Praeceptiones
708 5089 909 5164 itaque
940 5097 1000 5148 et
1020 5094 1467 5166 prohibitiones,
1501 5101 1611 5153 etc.
2009 5092 2251 5156 Quando
2284 5091 2642 5162 cujusquam
2676 5088 2898 5145 crimen
2929 5089 3134 5142 notum
3167 5086 3278 5151 est,
3310 5084 3422 5138 etc.

252 5175 381 5276 CAP.
413 5177 571 5276 VIII.
609 5180 866 5276 Clericus
911 5189 1042 5254 post
1072 5190 1264 5241 actam
1287 5186 1358 5243 de
1387 5187 1634 5244 crimine
1667 5189 1827 5245 dam-
1936 5207 2068 5264 CAP,
2104 5207 2213 5265 xv,
2250 5209 2404 5276 Quod
2431 5225 2464 5264 α
2493 5205 2845 5263 multitudine
2870 5205 3134 5276 peccatur
3161 5199 3246 5276 vel
3284 5197 3352 5253 ab
3389 5211 3450 5254 eo
3491 5195 3590 5276 qui

183 5264 364 5381 narbili
399 5267 826 5381 pgnitentiam,
861 5276 973 5328 etc.
1860 5317 1908 5381 B
2010 5264 2424 5381 multitjidlin‘fm
2457 5280 2618 5381 habet
2643 5279 2849 5381 .301:in
2870 5264 2950 5330 ἀδ
2983 5273 3222 5328 Εεεῑεεία
3261 5286 3373 5327 ηοη
3419 5264 3588 5340 Ρυηί·

310 5370 370 5381 ...ι
559 5358 691 5381 m_-1_
732 5364 809 5381 --ι
848 5362 942 5381 2",,
972 5363 987 5381 ι
1022 5363 1033 5375 ο
1119 5364 1156 5381 n
1344 5366 1380 5381 ν
1514 5372 1522 5381 .
2015 5360 2104 5381 η...
2136 5369 2190 5381 ,Α
2296 5351 2316 5381 ,⁸
2363 5360 2512 5381 4-0....
2565 5353 2584 5381 ἒ
2623 5350 2644 5381 .'

257 5351 392 5409 cAp.
427 5355 524 5412 1x.
559 5358 696 5415 Tale
725 5364 815 5417 est
847 5362 991 5419 illud
1020 5363 1078 5420 in
1119 5364 1442 5436 Evangelia,
1475 5372 1583 5424 etc.
1860 5350 1908 5381 ”
2011 5360 2104 5407 ιιιν
2131 5353 2226 5406 sed
2257 5351 2512 5424 diﬂertur
2543 5350 2747 5422 (ibidi-

612 5459 746 5516 CAP.
789 5461 856 5516 Χ.
890 5463 964 5518 De
1000 5462 1403 5534 dipensatione.
2009 5467 2210 5540 Neque
2238 5467 2395 5524 enim
2429 5470 2624 5541 potest
2655 5479 2785 5521 esse
2816 5458 3073 5519 salubris
3104 5475 3137 5516 a
3166 5454 3368 5514 multis
3391 5467 3584 5512 corre-

255 5543 438 5603 Multa
467 5563 700 5623 quoque
731 5551 1028 5625 principes
1059 5552 1472 5627 Ecclesiarum,
1506 5561 1616 5613 etc.
1941 5554 2078 5626 otio,
2109 5560 2220 5614 etc.
