3948 6072
409 229 550 287 1043

1495 228 1562 278 D.
1601 223 1842 279 IVONIS
1877 217 2378 277 CARNOTENSIS
2411 217 2736 274 EPISCOPI

3700 212 3838 266 10H

411 355 548 410 CAP.
597 352 746 408 XVI.
802 353 886 409 0b
931 352 1197 434 peruium
1236 350 1472 434 multum
1513 345 1723 402 crimen
1772 345 2053 417 permanet
2082 344 2137 409 Α
2168 342 2588 396 secrandorum
2622 344 2680 396 et
2727 339 3290 411 consignandorum,
3337 342 3394 394 et
3442 336 3837 408 consignato-
3903 336 3905 376 Ι

981 420 1226 478 {nultum
1258 420 1467 491 (ibid.).

474 533 693 588 Revera
723 547 855 587 cum
891 507 1157 602 cdntagio
1189 525 1465 600 peccandi
1502 522 1944 579 multitudinem
1967 521 2056 576 in-

405 622 646 690 vaserit,
683 625 793 676 etc.
997 659 1010 665 κ

894 718 1023 772 CAP.
1058 715 1233 771 XVII.
1269 715 1340 769 De
1369 713 1576 769 eodem.

482 819 681 876 Turba
713 821 909 873 autem
946 816 1308 886 iniquorum,
1341 818 1456 868 etc.

418 941 542 992 CAP.
565 932 774 988 XVIII.
808 934 917 986 Per
966 947 1163 986 manus
1212 929 1613 1000 impositionem
1671 924 2066 1000 conﬁr_mentur

488 1009 586 1078 qui
611 1007 680 1078 (rb
711 1004 988 1078 haereticis
1020 995 1301 1078 baptisma:
1338 999 1621 1070 accipiunt
1665 997 1799 1068 (Leo
1835 995 1854 1048 I
1894 1009 2064 1064 papa,

494 1074 586 1149 ep.
616 1077 706 1142 77,
741 1077 812 1130 ad
847 1076 1134 1140 Nicetam,
1169 1090 1216 1128 c.
1247 1074 1324 1144 7).

418 1165 586 1222 Soleo
617 1165 820 1220 audire
851 1164 910 1218 in
946 1167 1234 1234 potestate
1258 1175 1388 1216 esse
1408 1157 1653 1229 judicis,
1687 1160 1768 1213 et.

420 1273 552 1330 CAP.
587 1271 734 1326 XIX.
771 1272 905 1339 Quae
933 1286 1030 1341 pro
1081 1269 1402 1341 necessitate
1455 1264 1848 1341 conceduntur,
1881 1259 2075 1341 eadem

485 1352 724 1399 cessante
767 1333 1056 1398 cessabunt
1090 1343 1310 1412 (INNOC.
1346 1339 1368 1394 I
1399 1354 1572 1409 papa,
1605 1353 1696 1406 ep.
1735 1335 1826 1397 2‘2,
1860 1351 1909 1387 ο.
1943 1333 1996 1386 5.

488 1442 870 1498 Sacerdotum
902 1457 1137 1496 summa
1167 1437 1508 1494 deliberatio
1535 1435 1658 1489 haec
1691 1433 1821 1497 fuit,
1853 1435 1960 1485 etc.

493 1531 606 1586 Sed
657 1530 764 1586 hoc
815 1546 1068 1585 canones
1107 1529 1263 1600 apud
1313 1527 1607 1581 Nicaenam
1652 1519 1956 1577 constituti
2003 1517 2075 1571 de

415 1619 760 1676 Novatianis
792 1619 916 1675 ﬁeri
948 1618 1365 1691 permiserunt.
1401 1611 1678 1669 Priusille
1704 1625 1888 1665 canon
1913 1624 1946 1662 a
1966 1611 2073 1660 Pa-

416 1709 612 1765 tribus
642 1708 956 1764 institutus
1003 1707 1311 1780 ponendus
1340 1709 1452 1771 est,
1507 1707 1572 1757 ut
1620 1698 1918 1772 possimus
1977 1696 2073 1750 ad-
2103 1720 2152 1783 Β

417 1803 663 1868 vertere,
695 1797 782 1854 vel
810 1797 976 1869 quid.
1033 1795 1121 1852 vel
1167 1793 1420 1867 qualiter
1470 1792 1543 1848 ab
1575 1789 1794 1845 eisdem
1829 1799 2071 1840 sensum

427 1889 504 1945 sit
529 1887 616 1944 vel
649 1891 1024 1958 praeceptum.

494 1982 617 2032 CAP.
651 1975 762 2030 XX.
803 1997 824 2023 ε
861 1979 938 2029 De
968 1973 1083 2040 his,
1114 1971 1330 2045 inquit,
1366 1970 1466 2043 qui
1511 1967 1819 2024 nominant
1849 1962 2074 2034 seipsos

422 2067 728 2131 Catharos,
754 2066 811 2121 id
847 2070 937 2121 est
968 2065 1246 2130 mundos,
1279 2069 1335 2119 et
1367 2060 1688 2132 aliquando
1730 2055 1974 2112 veniunt
2002 2053 2070 2105 ad

423 2154 785 2212 Catholicam
819 2154 1158 2222 Ecclesiam,
1215 2151 1436 2224 placuit
1489 2153 1709 2205 sancta
1758 2150 1814 2200 et
1862 2155 2075 2212 magno

419 2245 665 2317 synodo,
702 2248 766 2298 ut
789 2249 1029 2316 accepta
1060 2259 1273 2298 manus
1295 2238 1671 2312 impositione
1693 2234 1776 2289 sic
1800 2233 2080 2286 maneant

420 2334 480 2388 in
513 2333 690 2388 clero.
723 2351 750 2383 ι

491 2425 623 2476 CAP.
655 2421 798 2475 XXI.
830 2419 1024 2475 Simili
1055 2418 1500 2491 dispensatione
1532 2415 1740 2468 beatus
1761 2406 2078 2478 Gregorius

421 2527 574 2584 papa
600 2527 634 2565 a
663 2509 1011 2565 Nestoriana
1043 2507 1249 2564 haeresi
1283 2508 1640 2561 revertentes
1683 2501 1738 2554 in
1792 2496 1918 2553 suis
1944 2511 2078 2566 gra-

422 2601 598 2656 dibus
646 2599 825 2670 recipi
861 2600 1056 2670 jubet,
1106 2597 1189 2653 ita
1238 2595 1500 2652 scribens
1546 2592 1618 2648 ad
1667 2590 1973 2662 episcopos
2021 2585 2078 2638 in

424 2687 699 2746 Hibernia
727 2687 1038 2743 Catholicae
1073 2686 1361 2742 Ecclesiae.

495 2779 623 2834 CAP.
681 2777 857 2832 XXII.
924 2798 951 2825 «

427 2867 670 2937 Christi,
705 2889 732 2916 »
767 2870 876 2922 etc.

427 2979 557 3030 CAP.
593 2974 797 3029 XXIII.
843 2975 925 3028 Ea:
978 2971 1387 3043 dispensatione
1437 2967 1690 3043 quaedam
1748 2965 2080 3043 tolerantur,

534 3027 926 3102 itali—canonum
958 3027 1109 3114 rigér
1183 3027 1506 3097 condemnet
1556 3041 1828 3111 (CYRILL.,
1883 3051 1971 3106 θρα
2008 3027 2081 3086 ad

534 3063 624 3102 uae
651 3063 926 3100 canonum
958 3063 1109 3114 rigor
1183 3063 1270 3097 con

498 3063 734 3172 glaxim.
771 3117 922 3170 diae.
954 3114 1270 3184 Antioch.).

500 3213 801 3269 Habemus
833 3213 1027 3268 simile
1060 3211 1200 3283 quid
1235 3212 1292 3265 in
1328 3208 1579 3281 epistola
1609 3206 1826 3280 Cyrilli,
1861 3209 1968 3260 etc.

695 3311 828 3368 CAP.
859 3310 1057 3366 XXIV.
1093 3311 1165 3363 De
1194 3307 1376 3364 eodem
1410 3308 1560 3379 (ead.
1593 3305 1808 3378 epist.).

501 3409 574 3466 Ut
603 3413 799 3466 autem
831 3426 946 3465 non
971 3408 1380 3464 existimemur
1402 3421 1600 3461 amare
1623 3401 2076 3466 contentionem,

431 3504 545 3558 etc.

434 3607 558 3662 CAP.
593 3605 752 3661 XXV.
784 3606 855 3659 De
881 3604 1066 3659 eodem
1117 3604 1388 3670 (CrarLL.,
1447 3619 1538 3672 ep.
1590 3601 1661 3656 ad
1720 3599 1963 3655 Januar.
2021 3602 2080 3652 et

986 3675 1244 3740 Armich.
1295 3673 1533 3746 presb.).

1012 2776 1196 2848 Igitur
1253 2775 1324 2830 ad
1381 2773 1687 2829 veritatem
1745 2761 2080 2822 Nativitatis

506 3763 982 3837 Dispensationes
1014 3780 1232 3831 rerum,
1267 3769 1376 3817 etc.

503 3854 628 3910 CAP.
677 3852 861 3909 XXVI
911 3853 1094 3922 (ibid)
1153 3852 1221 3908 Et
1271 3851 1392 3906 haec
1455 3850 1650 3906 scribo
1717 3866 2076 3922 cognoscens

431 3947 583 4018 quod
615 3945 805 4019 pietas
835 3948 956 4014 tua,
990 3948 1098 4000 etc.

499 4037 625 4092 CAP.
648 4032 1260 4106 XXVII(ibid.).Igitur
1280 4046 1350 4087 ne
1370 4031 1616 4104 refugiat
1634 4030 1816 4103 pietas
1831 4035 2073 4096 tus,etc.

497 4130 623 4183 CAP.
685 4123 931 4180 XXVIII.
980 4123 1197 4178 Eadem
1255 4119 1629 4176 discretionis
1679 4118 2079 4174 moderatione

428 4213 676 4270 Romani
709 4212 802 4268 usi
835 4217 975 4268 sunt
1001 4211 1328 4282 pontiﬁces,
1361 4214 1472 4265 etc.

499 4304 627 4358 CAP.
660 4301 851 4358 XXIX.
883 4301 1128 4366 Quidam
1175 4315 1409 4372 quoque
1460 4298 1708 4356 Romani
1750 4297 2076 4370 pontiﬁces,

432 4394 544 4446 etc.

2169 447 2316 496 rum,
2349 436 2406 484 et
2437 430 2506 484 de
2531 429 2933 485 observatione
2983 426 3378 498 singulorum,
3406 430 3461 480 et
3515 427 3666 496 quid
3703 443 3838 481 con-

2168 517 2313 572 ferat
2345 517 2674 588 baptismus
2702 535 2715 584 ;
2750 516 2888 587 quid
2922 514 3324 580 confirmatio;
3361 515 3432 570 de
3452 521 3838 570 sacramento

2170 605 2427 677 corporis
2455 611 2510 660 et
2541 605 2847 678 sanguinis
2880 604 3118 664 Christi.
3153 605 3222 658 de.
3254 603 3438 659 missa
3485 610 3545 660 et
3595 604 3832 659 sancti.

2169 701 2285 750 tate
2315 695 2566 750 aliorum
2599 699 3126 751 sacramentorum.

2243 793 2369 849 CAP.
2403 793 2662 848 XXXVI.
2698 794 2967 849 Secunda
2991 809 3126 863 pars
3158 792 3418 848 continet
3439 793 3510 848 de
3543 791 3839 848 constituo

2172 881 2332 936 tione
2354 883 2619 938 Ecclesiae
2649 888 2706 938 et
2739 882 3137 938 oblationibus
3172 881 3456 948 ﬁdelium,
3491 881 3564 936 de
3597 881 3838 936 dedica-

2174 970 2330 1026 tione
2361 978 2417 1025 ct
2447 972 2884 1027 consecratione
2911 971 3290 1027 ecclesiarum
3321 976 3378 1026 et
3409 971 3730 1026 altarium.
3769 970 3840 1025 De

2177 1057 2481 1129 sepultura
2511 1065 2567 1113 et
2597 1059 2973 1131 presbyteris,
3010 1064 3068 1114 et
3100 1059 3168 1114 de
3198 1075 3400 1114 eorum
3432 1058 3745 1123 ecclesiis,
3778 1059 3840 1112 de

2178 1147 2440 1213 decimis,
2474 1148 2545 1202 de
2576 1147 2835 1220 legitima
2865 1147 3256 1220 possessione,
3281 1153 3339 1202 et
3381 1149 3452 1202 de
3484 1146 3840 1219 confugien-

2178 1236 2338 1290 tibus
2367 1237 2438 1290 ad
2461 1235 2789 1302 ecclesiam,
2814 1237 2885 1290 de
2911 1236 3240 1307 sacrilegio,
3265 1237 3334 1291 de
3364 1235 3730 1291 libertorum
3758 1241 3841 1290 tu.

2178 1324 2315 1390 tela,
2335 1325 2404 1378 de
2417 1324 2766 1380 alienatione
2792 1331 2849 1379 et
2869 1324 3400 1379 communicatione
3423 1340 3630 1379 rerum
3657 1325 3839 1379 eccle-

2181 1414 2426 1479 siarum,
2461 1415 2532 1468 de
2562 1413 2872 1485 scripturis
2921 1419 2979 1468 et
3023 1413 3378 1468 authenticis
3413 1412 3728 1480 conciliis,
3776 1415 3841 1468 de

2182 1502 2732 1571 consuetudinibus,
2765 1503 2835 1557 de
2859 1503 3088 1572 jejunio
3114 1506 3170 1557 et
3199 1501 3596 1574 eleemosyna.

2253 1603 2381 1655 CAP.
2415 1599 2694 1655 XXXVII.
2728 1599 3072 1672 Tertiapars
3087 1599 3346 1656 continet
3377 1599 3449 1655 de
3467 1599 3769 1656 electione
3789 1605 3840 1654 et

2183 1689 2621 1744 consecratione
2655 1705 2838 1760 papae,
2871 1688 3472 1761 archiepiscoporum,
3495 1689 3571 1743 de
3607 1689 3840 1744 ordini-

2183 1779 2398 1848 bus,de
2424 1777 2673 1847 clericis,
2697 1782 2753 1833 et
2777 1779 2845 1833 de
2875 1777 3043 1833 laicis
3065 1777 3409 1833 ordinandis
3440 1781 3496 1832 et
3527 1793 3650 1832 non
3689 1777 3840 1832 ordi-

2183 1868 2420 1938 nandis,
2452 1868 2522 1921 de
2567 1868 2893 1922 mutatione
2935 1867 3370 1939 episcoporum,
3415 1867 3487 1922 de
3541 1866 3838 1922 ordinatis

2185 1949 2298 2012 non
2327 1956 2758 2023 reordinandis,
2793 1957 2863 2012 de
2885 1955 3248 2012 continentia
3297 1955 3747 2024 ordinatorum,
3779 1959 3841 2011 de

2185 2045 2506 2100 simoniace
2536 2045 2824 2100 ordinatis
2869 2049 2927 2100 et
2970 2043 3432 2109 ordinatoribus,
3461 2044 3563 2116 qui
3599 2043 3843 2099 omnino

2186 2139 2325 2188 sunt
2355 2134 2704 2204 deponendi,
2739 2139 2794 2188 et
2829 2133 2927 2204 qui
2959 2133 3418 2188 misericorditer
3461 2132 3846 2188 reconcilian-

2185 2221 2265 2291 di,
2298 2222 2369 2276 de
2393 2222 2753 2292 professione
2780 2222 3210 2288 haereticorum,
3243 2221 3315 2275 de
3344 2221 3530 2292 lapsis
3561 2221 3618 2276 in
3651 2223 3842 2277 sacris

2187 2311 2517 2377 ordinibus,
2546 2310 2642 2380 qui
2676 2327 2788 2365 non
2819 2311 3070 2366 debeant
3100 2309 3432 2366 ministrare
3455 2316 3513 2365 et
3536 2312 3640 2382 qui
3667 2312 3841 2366 mise-

2188 2399 2493 2454 ricorditer
2541 2401 2610 2454 ad
2667 2400 3128 2455 ministraudum
3185 2399 3410 2471 possint
3440 2400 3750 2468 accedere,
3779 2403 3841 2453 de

2189 2487 2412 2542 clericis
2445 2487 2760 2543 homicidis
2810 2488 2910 2560 qui
2954 2505 3068 2543 non
3104 2489 3318 2542 debent
3366 2488 3738 2554 ministrare,
3771 2491 3833 2542 de

2190 2576 2496 2646 usurariis,
2531 2578 2601 2632 de
2633 2577 2816 2633 servis
2847 2594 2948 2648 per
2979 2577 3373 2648 ignorantiam
3402 2577 3728 2644 ordinatis,
3749 2577 3839 2648 qui

2189 2667 2440 2721 debeant
2471 2682 2704 2722 manere
2737 2665 2793 2721 in
2826 2666 3211 2736 ordinatione,
3244 2666 3343 2738 qui
3388 2682 3525 2720 non.
3567 2671 3645 2721 De
3677 2665 3836 2720 cleri-

2190 2755 2275 2809 cis
2307 2753 2573 2822 ebriosis,
2595 2754 3102 2824 scurrilaloribus,
3134 2755 3204 2809 de
3238 2753 3544 2810 monachis
3570 2755 3643 2810 de
3675 2759 3835 2809 aetate

2192 2861 2307 2914 qua
2353 2845 2581 2914 possint
2631 2849 2903 2916 parentes
2937 2843 3336 2899 contradicere
3387 2842 3663 2911 religioni
3711 2843 3843 2898 ﬁlio-

2193 2948 2346 2998 rum,
2381 2939 2438 2987 et
2471 2949 2587 3002 qua
2618 2949 2729 2987 non
2761 2933 3008 3004 possint,
3042 2932 3114 2986 de
3141 2932 3356 3002 viduis,
3402 2936 3458 2987 et
3509 2931 3839 3004 virginibus

2193 3021 2417 3087 velatis,
2446 3023 2516 3078 de
2549 3023 2889 3078 abbatissis.

2259 3124 2386 3174 CAP.
2419 3120 2718 3174 XXXVIII.
2753 3122 2970 3185 Quarta
3013 3137 3148 3192 pars
3179 3119 3436 3176 continet
3479 3119 3552 3175 de
3591 3120 3838 3191 primatu

2189 3213 2245 3262 et
2267 3208 2553 3278 dignitate
2585 3209 2857 3264 Romanis
2901 3210 3194 3278 Ecclesia,
3229 3209 3299 3264 de
3329 3209 3597 3264 conciliis
3629 3226 3838 3264 convo-

2189 3299 2406 3363 candis,
2440 3299 2510 3352 de
2542 3298 2843 3368 provincia
2872 3315 3107 3370 quoque
3156 3299 3448 3371 quomodo
3488 3301 3569 3352 sit
3621 3299 3840 3354 consti-

2187 3387 2422 3454 tuenda,
2438 3387 2508 3441 de
2523 3391 2806 3458 potestate
2821 3387 3139 3459 primatum
3162 3393 3219 3442 et
3241 3387 3832 3458 metropolitanorum

2186 3475 2620 3546 episcOporum,
2645 3476 2716 3531 de
2743 3476 2995 3548 negotiis
3032 3482 3089 3532 et
3128 3477 3324 3531 causis
3356 3475 3708 3530 clericorum
3737 3476 3831 3531 ubi

2188 3564 2438 3619 debeant
2470 3565 2726 3631 tractari,
2750 3566 2820 3620 de
2841 3565 3108 3638 spoliatis
3135 3563 3541 3631 revestiendis,
3571 3565 3641 3620 de
3671 3581 3837 3620 accu-

2189 3654 2435 3723 satione,
2469 3660 2524 3710 et
2555 3672 2670 3726 quo
2703 3656 2926 3724 ordine,
2959 3661 3016 3711 et
3046 3673 3078 3711 a
3111 3656 3328 3726 quibus
3352 3653 3646 3726 personis,
3673 3661 3728 3710 et
3744 3656 3837 3709 ad-

2187 3759 2392 3799 versus
2415 3761 2562 3815 quas
2603 3761 2887 3816 personas
2927 3745 3135 3800 debeat
3163 3743 3251 3799 vel
3285 3760 3398 3798 non
3426 3744 3662 3816 debeat,
3697 3745 3835 3806 ﬁeri,

2187 3832 2257 3886 de
2289 3833 2539 3888 testibus
2571 3833 2690 3904 qui,
2715 3838 2771 3888 et
2796 3834 3089 3905 quomodo
3123 3838 3180 3888 et
3211 3836 3373 3905 quot,
3409 3837 3466 3887 et
3495 3831 3556 3887 in
3591 3849 3710 3904 quo
3743 3850 3834 3888 ne-

2187 3921 2342 3991 gotio
2373 3922 2673 3977 testiﬁcari
2698 3923 2951 3977 debeant
2997 3922 3083 3978 vel
3127 3939 3268 3990 non,
3298 3922 3370 3976 de
3400 3921 3686 3986 induciis,
3721 3939 3826 3994 quo

2187 4015 2447 4080 tempore
2495 4017 2551 4066 et
2596 4016 2814 4082 quanto
2844 4016 3106 4084 tempore
3140 4012 3366 4078 dandae,
3405 4011 3475 4066 de
3525 4011 3829 4066 subterfu-

2188 4101 2502 4171 gientibus,
2535 4105 2754 4172 quanto
2786 4105 3050 4173 tempore
3091 4105 3146 4156 et
3175 4117 3294 4172 qua
3323 4099 3549 4156 ratione
3600 4115 3835 4172 exspec-

2188 4190 2297 4244 tari
2329 4191 2597 4246 debeant.
2631 4192 2711 4247 De
2735 4192 3038 4263 judicibus
3059 4191 3266 4263 quales
3295 4190 3548 4246 debeant
3598 4207 3754 4260 esse,
3787 4197 3835 4244 et

2188 4282 2424 4350 quando
2477 4281 2830 4336 sententiam
2873 4281 3083 4351 judicii
3136 4281 3388 4336 debeant
3438 4279 3726 4352 proferre,
3776 4281 3837 4333 de

2190 4368 2602 4440 appellatione,
2633 4387 2749 4442 quo
2794 4375 3055 4441 tempore
3102 4375 3157 4426 et
3206 4387 3324 4442 qua
3371 4369 3604 4424 ratione
3632 4369 3838 4424 debeat

507 4477 633 4535 CAP.
665 4477 844 4533 XXX.
897 4477 1006 4533 Sed
1057 4477 1129 4532 ad
1179 4477 1613 4550 reprimendum
1679 4475 2074 4547 quorumdam
2109 4456 2154 4520 D
2185 4457 2328 4524 ﬁeri,
2363 4462 2421 4513 et
2451 4459 2522 4514 de
2547 4476 2717 4530 Ραθυθι
2741 4458 2890 4515 male
2913 4457 3368 4530 appellantium-

438 4567 935 4640 presbyterorum,
969 4569 1076 4622 etc.

512 4656 636 4712 CAP.
668 4654 875 4712 XXXI.
911 4655 1202 4721 Quiavero
1228 4655 1634 4727 episcoporum
1673 4653 1936 4725 plurimi,
1967 4661 2078 4710 etc.

462 4757 599 4810 CAP.
621 4752 848 4807 XXXII.
879 4751 1045 4823 Lapsi
1069 4757 1194 4823 post
1222 4753 1500 4817 ordinem,
1556 4752 1758 4807 habita
1799 4750 2082 4822 condigna

503 4825 852 4897 paenitentia,
881 4827 1012 4880 sunt
1038 4824 1368 4880 restituendi
1398 4827 1641 4896 (CYRILL.
1675 4841 1766 4896 ep.
1803 4823 1873 4878 ad
1905 4823 2076 4880 Joan.

507 4895 818 4968 Antioch).

503 5004 795 5061 Plurimos
827 5004 1003 5060 etiam
1037 5004 1365 5075 episcopos,
1401 5008 1510 5059 etc.

501 5092 627 5149 CAP.
663 5093 920 5149 XXXIII.
957 5095 1332 5162 Quaecunque
1373 5092 1713 5163 imperator,
1747 5098 1856 5149 etc.

500 5185 635 5238 CAP.
659 5182 907 5238 XXXIV.
945 5183 1258 5238 Possemus
1290 5181 1361 5236 de
1393 5181 1737 5253 hujusmodi
1788 5182 2075 5254 plurimas

429 5271 712 5337 rationes,
746 5276 856 5327 etc.
1233 5312 1241 5322 .

503 5360 629 5417 CAP.
663 5362 880 5416 XXXV.
914 5358 1110 5414 Prima
1140 5375 1274 5430 pars
1305 5358 1484 5429 hujus
1516 5359 1651 5415 libri
1701 5361 1962 5417 continet
2003 5363 2074 5417 de

433 5448 548 5505 ﬁde
579 5453 636 5504 et
657 5450 728 5504 de
757 5447 1078 5504 haeresibus
1109 5447 1375 5515 diversis,
1409 5448 1480 5503 de
1521 5454 1888 5505 sacramento
1937 5451 2073 5505 ﬁdei

433 5542 494 5596 et
523 5537 894 5608 baptismate,
929 5540 986 5594 et
1010 5535 1334 5594 ministerio
1356 5537 1840 5609 baptizandorum
1864 5544 1920 5596 et
1939 5556 2074 5596 con-

2260 4558 2389 4612 CAP.
2422 4555 2665 4611 XXXIX.
2719 4556 2934 4622 Quinta
2990 4571 3123 4626 pars
3170 4554 3433 4610 continet
3480 4555 3553 4610 de
3617 4553 3840 4610 clericis

2190 4643 2314 4699 sola
2345 4644 2590 4700 infamia
2619 4644 2746 4700 sine
2768 4644 3018 4700 testibus
3036 4643 3349 4710 accusatis,
3373 4647 3551 4716 quota
3580 4659 3768 4699 manu
3785 4661 3839 4699 se

2189 4733 2398 4789 debeat
2430 4750 2701 4806 purgare,
2737 4735 2805 4789 de
2836 4732 3032 4789 causis
3061 4737 3118 4788 et
3148 4732 3400 4806 negotiis
3431 4731 3753 4800 laicorum,
3776 4733 3835 4788 de

2188 4824 2488 4879 vocatione
2516 4823 3238 4891 excommunicandorum,
3263 4823 3333 4879 de
3361 4821 3526 4878 licita
3556 4827 3620 4878 et
3642 4821 3836 4877 illicita

2187 4913 2808 4984 excommunicatione,
2833 4914 2902 4968 de
2930 4912 3318 4982 absolutione,
3355 4913 3426 4968 de
3466 4910 3587 4968 illis
3613 4911 3719 4984 qui
3751 4927 3834 4968 ex-

2188 5004 2636 5059 communicatis
2674 5003 3014 5058 inﬁdelitate
3065 5007 3165 5058 aut
3198 5006 3568 5059 sacramento
3601 5001 3818 5056 astricti

2187 5098 2344 5161 sunt,
2379 5093 2479 5164 qui
2513 5097 2759 5165 possunt
2790 5093 2915 5148 sine
2949 5093 3202 5164 perjurio
3252 5092 3476 5149 absolvi
3505 5090 3580 5147 ab
3615 5090 3716 5147 illo
3746 5108 3825 5146 sa-

2185 5188 2504 5250 cramento,
2535 5185 2604 5238 de
2632 5183 2920 5239 haereticis
2957 5190 3092 5255 post
3143 5189 3386 5238 mortem
3420 5179 3822 5237 excommuni-

2184 5273 2409 5340 candis,
2445 5275 2600 5344 quod
2630 5273 2706 5328 sit
2735 5273 3298 5328 communicandum
3337 5287 3454 5326 non
3486 5287 3555 5326 ex
3601 5270 3828 5326 nomine

2184 5363 2727 5419 excommunicatis.

2254 5451 2385 5506 CAP.
2419 5453 2540 5506 XL.
2593 5454 2763 5506 Sexta
2811 5467 2946 5520 pars
2992 5449 3252 5507 continet
3299 5451 3372 5506 de
3406 5447 3657 5522 nuptiis,
3712 5460 3817 5518 quo

2184 5541 2410 5598 scilicet
2439 5547 2700 5613 tempore
2731 5544 2788 5596 et
2816 5540 2965 5596 inter
2999 5557 3143 5612 quas
3182 5556 3486 5612 personas,
3526 5543 3586 5596 et
3616 5555 3730 5609 qua
3759 5536 3822 5592 de
