4000 6054
237 242 378 298 1045

1571 247 1970 302 PANORMIA.
2006 271 2074 283 -
2102 246 2238 297 LIB.
2279 248 2324 296 Ῑ.

3515 223 3654 281 1046

236 385 416 423 causa
447 369 698 425 debeant
729 371 873 439 ﬁeri,
905 373 975 428 de
1004 374 1195 428 tribus
1227 389 1354 443 qum
1396 372 1714 443 perfectum
1757 371 1885 425 red-
1914 370 1967 436 Α
2000 383 2206 422 uxores
2238 365 2449 436 subjici
2492 362 2628 418 viris
2660 361 2804 416 suis.
2857 361 2981 424 Qua
3025 355 3251 410 ratione
3310 369 3427 408 non
3483 352 3653 407 debet

236 458 386 512 dunt
412 459 771 529 conjugium,
804 461 874 516 dc
926 462 1172 532 perfecto
1205 467 1261 516 et
1292 461 1631 532 imperfecto
1683 459 1892 528 conju-

240 547 354 617 gio,
389 547 458 601 de
488 549 855 605 concubinis.
908 551 987 604 De
1037 550 1392 621 conjugibus
1442 565 1695 620 quorum
1749 546 1895 602 alter

241 635 366 690 sine
409 635 587 690 altero
621 638 1039 694 continentiam
1066 640 1242 706 vovit,
1271 639 1356 694 vel
1393 637 1691 710 religionis
1725 636 1892 690 habi-

242 727 369 777 tum
404 725 679 795 sumpsit,
716 727 786 781 de
810 728 1087 783 uxoribus
1115 745 1241 798 quae
1257 728 1396 782 viris
1418 727 1475 780 in
1501 725 1891 796 captivitatem

241 814 453 882 ductis,
513 816 641 870 aliis
698 835 969 888 nupsere.
1005 820 1165 882 Quod
1220 821 1295 874 sit
1353 817 1693 887 conjugium
1741 815 1893 869 inter

242 920 522 974 personas
553 907 815 976 ejusdem
842 907 1160 980 religionis,
1194 908 1280 962 vel
1315 907 1469 974 fidei,
1496 907 1603 961 hoc
1625 910 1712 960 est
1742 906 1894 958 inter

241 993 486 1062 gentiles
537 1003 590 1049 et
620 995 772 1050 inter
799 996 1057 1063 Judaaos,
1089 996 1239 1051 inter
1273 1012 1550 1068 personas
1581 1011 1712 1049 vero
1765 1010 1889 1063 quas

243 1100 356 1136 non
390 1090 529 1139 sunt
555 1086 818 1155 ejusdem
852 1087 1150 1154 religionis
1195 1087 1280 1142 vel
1341 1087 1498 1154 ﬁdei,
1552 1102 1666 1140 non
1699 1089 1888 1154 potest

243 1173 366 1227 ﬁeri
397 1175 758 1246 conjugium.
795 1177 1018 1240 Quibus
1043 1178 1113 1230 de
1145 1176 1338 1231 causis
1372 1193 1485 1230 non
1519 1176 1726 1229 debeat
1744 1173 1888 1228 solvi

241 1263 604 1333 conjugium.
638 1265 980 1334 Cujusmodi
1013 1265 1350 1334 conjunctio
1384 1282 1497 1318 non
1528 1264 1664 1318 facit
1686 1265 1888 1332 conju-

240 1347 425 1418 gium,
459 1349 529 1404 de
589 1351 961 1420 separatione
1014 1351 1294 1421 conjugii,
1365 1368 1478 1406 non
1534 1350 1605 1405 ob
1649 1366 1889 1404 causam

242 1439 673 1496 fornicationis.

315 1531 451 1583 CAP.
484 1529 622 1584 XLI.
671 1530 932 1602 Septima
972 1548 1106 1602 pars
1138 1530 1400 1585 continet
1428 1531 1497 1585 de
1527 1529 1892 1601 separatione

241 1619 500 1691 conjugii
532 1620 602 1674 ob
635 1638 872 1676 causam
908 1621 1312 1676 fornicationis
1344 1620 1616 1674 carnalis.
1658 1621 1730 1674 De
1774 1619 1893 1672 viro

240 1708 344 1779 qui
375 1725 508 1763 cum
545 1709 786 1765 alterius
819 1727 994 1764 uxore
1028 1710 1369 1777 fornicatur,
1401 1709 1540 1780 quia
1572 1713 1700 1780 post
1740 1725 1892 1762 mor-

2006 457 2126 511 ﬁeri
2161 456 2497 527 conjugium
2529 452 2993 521 inter'iparentes,
3019 446 3090 499 de
3113 460 3179 498 eo
3212 444 3543 514 quodiunus
3566 441 3652 496 vir

2006 565 2116 602 non
2142 552 2332 618 potest
2349 547 2496 600 duas
2514 545 2864 598 commatres
2878 539 3086 593 ducere
3111 551 3287 588 unam
3305 538 3434 604 post
3450 531 3647 587 aliam.

2003 637 2082 692 De
2112 654 2177 692 eo
2210 637 2304 707 qui
2338 651 2470 690 cum
2506 631 2683 687 ﬁliola
2711 647 2838 699 sua,
2874 631 2975 682 aut
3001 642 3134 680 cum
3165 629 3349 678 matre
3381 639 3506 687 sua,
3550 625 3650 675 aut

2003 728 2101 799 qui
2136 727 2323 780 ﬁlium
2356 741 2531 781 suum
2580 720 2908 791 baptizavit,
2944 721 3043 772 aut
3073 715 3242 785 cujus
3279 729 3420 768 uxor
3461 711 3644 764 ﬁlium

2003 833 2199 880 suum,
2232 819 2332 870 aut
2365 813 2696 885 privignum
2732 824 2905 865 suum
2941 807 3009 860 de
3040 821 3204 859 sacro
3237 803 3395 858 fonte
3418 799 3650 866 levavit,

2002 910 2102 960 aut
2134 905 2203 958 ad
2235 901 2740 960 confirmationem
2774 896 2983 962 tenuit,
3016 898 3072 948 et
3102 894 3229 948 ideo
3275 891 3458 946 voluit
3489 905 3651 960 sepa-

2000 995 2135 1063 rari,
2152 996 2210 1048 in
2227 1011 2340 1065 quo
2360 989 2692 1047 ramusculo
2713 982 3242 1057 consanguinitatis
3260 985 3654 1052 possuntcon-

1985 1085 2159 1160 jugia
2189 1082 2332 1151 ﬁeri,
2367 1083 2436 1136 de
2467 1079 2841 1136 accusatione
2899 1069 3456 1143 consanguinitatis,
3510 1071 3569 1121 et
3621 1082 3655 1120 a

1996 1155 2210 1245 quibus
2233 1169 2498 1243 personis
2527 1170 2699 1223 debet
2719 1164 2860 1231 ﬁeri;
2879 1166 2949 1219 de
2966 1161 3317 1235 inquirenda
3331 1155 3653 1230 parenteia,

1998 1268 2054 1318 et
2082 1265 2150 1317 de
2179 1261 2516 1316 incestuoso
2557 1256 2848 1326 conjugio,
2887 1252 3160 1317 dissidio,
3193 1254 3248 1304 et
3277 1248 3348 1302 de
3370 1245 3653 1318 gradibus

2000 1348 2532 1421 consanguinitatis
2566 1351 2719 1400 recto
2747 1349 3080 1398 transverso
3112 1340 3316 1395 ordine
3346 1332 3652 1406 depositis.

2071 1441 2201 1495 CAP.
2236 1439 2406 1493 XLII.
2460 1437 2673 1491 Octava
2723 1449 2856 1504 pars
2909 1430 3170 1486 continet
3219 1427 3288 1480 de
3333 1422 3650 1504 homicidio

2002 1533 2343 1599 spontaneo,
2371 1529 2428 1579 et
2461 1540 2575 1578 non
2605 1498 2949 1592 spontaneo,
2981 1522 3038 1572 et
3096 1515 3250 1586 quod
3293 1515 3485 1584 potest
3527 1498 3651 1563 ﬁeri

2003 1619 2128 1672 sine
2170 1619 2402 1687 peccato
2432 1631 2445 1680 ;
2481 1613 2550 1666 de
2582 1627 2646 1666 eo
2681 1610 2780 1681 qui
2809 1605 3127 1680 quemlibet
3175 1602 3450 1658 clericum
3499 1597 3651 1653 occi-

2004 1707 2176 1772 derit,
2209 1704 2348 1775 quid
2382 1703 2589 1756 debeat
2620 1700 2954 1756 emendare.
2998 1696 3078 1750 De
3110 1710 3176 1749 eo
3207 1692 3300 1762 qui
3350 1703 3653 1762 percusse-

242 1753 344 1779 γ..
377 1753 508 1763 η...
545 1753 786 1765 cum“...
822 1753 994 1764 ...ψη
1028 1753 1369 1777 .ν.....,...,..,
1401 1753 1540 1780 ην...
1572 1753 1700 1780 νυ--
1741 1753 1857 1762 .-.μ
2006 1753 2176 1772 πω,
2213 1753 2348 1775 Ἰω-
2388 1753 2586 1756 nn---
2628 1753 2643 1756 -
3224 1753 3239 1762 .
3350 1753 3368 1762 -

239 1801 358 1854 tem
394 1799 585 1853 mariti
621 1817 734 1854 non
774 1805 966 1871 potest
995 1817 1120 1855 eam
1157 1800 1368 1855 habere
1406 1816 1663 1864 uxorem,
1705 1800 1776 1854 de
1809 1799 1893 1853 in-
1928 1753 1973 1816 B
2006 1796 2082 1851 rit
2138 1794 2441 1849 mulierem
2501 1792 2561 1845 in
2623 1793 2786 1844 utero
2845 1787 3182 1847 habentem,
3234 1787 3290 1837 et
3329 1775 3652 1840 abortierit,

239 1887 645 1944 terfectoribus
678 1892 997 1961 conjugum
1047 1907 1312 1944 suarum.
1379 1891 1452 1944 De
1510 1889 1892 1943 fornicatione

240 1978 531 2049 spirituali
556 1980 707 2049 quod
743 1986 981 2051 propter
1012 1998 1138 2035 eam
1173 1980 1330 2034 licite
1361 1981 1694 2034 dimittatur
1726 1995 1888 2032 uxor.

240 2068 320 2122 De
346 2068 813 2124 reconciliatione
846 2071 1188 2141 conjugum,
1226 2071 1294 2124 de
1323 2069 1706 2123 sacramentis
1739 2067 1892 2138 quod

242 2159 457 2213 debent
477 2159 582 2212 viri
606 2159 789 2214 facere
813 2161 1183 2226 mulieribus,
1208 2165 1264 2215 et
1286 2161 1564 2215 mulieres
1587 2159 1724 2214 viris
1748 2158 1892 2227 suis,

240 2247 474 2317 quando
503 2248 974 2319 reconciliantur,
1010 2249 1078 2304 de
1112 2250 1477 2318 subjectione
1529 2265 1647 2319 qua
1681 2249 1896 2303 debent

2000 1890 2197 1940 utrum
2229 1881 2613 1938 homicidium
2645 1879 2860 1944 fecerit,
2897 1891 3099 1940 necne;
3135 1873 3204 1927 de
3233 1865 3657 1938 lincantationi-

2001 1977 2111 2030 bus
2141 1978 2198 2028 et
2229 1973 2455 2026 diverso
2487 1984 2696 2041 genere
2730 1965 2967 2036 magicas
3003 1963 3141 2016 artis
3168 1979 3180 2026 ;
3216 1961 3285 2014 de
3310 1962 3516 2012 natura
3546 1955 3656 2009 dae-

2003 2080 2278 2119 monum:
2331 2063 2400 2114 de
2429 2059 2708 2122 sortibus;
2762 2056 2832 2109 de
2865 2050 3267 2108 observatione
3329 2047 3554 2101 dierum
3603 2046 3658 2097 et

2004 2153 2294 2208 mensium
2326 2148 2788 2218 :dejuramento
2820 2143 2973 2214 quod
3001 2141 3210 2196 debeat
3238 2135 3422 2191 teneri
3454 2148 3655 2196 necne,

2005 2248 2061 2299 et
2092 2258 2238 2313 quos
2271 2240 2484 2294 habeat
2513 2235 2780 2291 comites:
2816 2233 2886 2287 de
2909 2229 3069 2286 omni
3100 2241 3311 2298 genere
3343 2219 3653 2277 mendacii.

241 2379 3650 2424 ____________________________.

592 2542 1336 2707 INCIPIT
1448 2539 1890 2701 PANt

2005 2530 2513 2695 ΒΜΙΑ
2624 2522 3109 2689 IVON
3119 2519 3307 2682 IS

888 2825 2056 2954 GARNOTENSIS
2191 2813 3000 2943 EPISCOPI.

1478 3183 1845 3278 LIBER
1913 3176 2402 3275 PRIMUS.

244 3344 331 3403 De
363 3340 510 3414 ﬁde,
543 3341 619 3401 de
651 3341 909 3401 diversis
942 3340 1301 3410 haeresibus,
1365 3339 1440 3399 de
1495 3337 1897 3416 baptismate,
1952 3340 2014 3416 et
2061 3330 2404 3416 ministerio
2461 3324 2990 3416 baptizanlorum,
3047 3325 3107 3380 et
3156 3316 3646 3396 baptizatorum,

1273 3413 1845 3481 consecrandorum
1878 3421 1940 3476 et
1968 3413 2448 3491 signandorum,
2483 3414 2602 3467 etc.

957 3674 1094 3729 CAP.
1132 3674 1172 3728 Ι.

307 3763 617 3819 Credimus
649 3780 833 3818 unum
870 3763 1052 3818 Deum
1090 3779 1218 3818 esse
1242 3763 1570 3830 Patrem,et
1601 3759 1809 3814 Filium
1834 3765 1887 3813 et

238 3853 523 3923 Spiritum
556 3857 848 3908 sanctum:
878 3853 1104 3908 Patrem
1138 3869 1202 3907 eo
1236 3853 1389 3923 quod
1418 3852 1627 3905 habeat
1649 3848 1885 3916 Filium,

242 3940 458 3995 Filium
491 3958 559 3996 eo
590 3942 741 4009 quod
778 3941 988 3995 habeat
1021 3945 1274 4005 Patrem,
1309 3939 1586 4010 Spiritum
1615 3941 1886 3991 sanctum

238 4045 304 4084 eo
329 4031 483 4100 quod
519 4031 597 4084 sit
625 4047 689 4084 ex
721 4034 887 4084 Patre
917 4036 972 4084 et
1001 4030 1166 4085 Filio.
1192 4031 1354 4084 Pater
1375 4045 1509 4100 ergo
1534 4027 1888 4098 principium

240 4119 502 4188 deitatis,
535 4119 635 4189 qui
669 4119 823 4173 sicut
857 4135 1158 4188 nunquam
1184 4117 1292 4172 fuit
1318 4135 1430 4172 non
1458 4116 1728 4184 Deus,ita
1751 4131 1891 4168 non-

244 4224 551 4279 nunquam
584 4213 774 4274 Pater,
807 4226 839 4262 ει
869 4225 984 4279 quo
1008 4208 1186 4262 Filius
1218 4213 1413 4271 natus,
1442 4224 1473 4261 a
1500 4223 1614 4276 quo
1637 4205 1889 4276 Spiritus

239 4303 478 4352 sanctus
538 4315 652 4351 non
686 4302 881 4366 natus,
916 4297 1054 4366 quia
1085 4313 1198 4350 non
1232 4300 1321 4351 est
1351 4295 1548 4363 Filius,
1583 4309 1770 4364 neque
1802 4291 1888 4344 in-

238 4387 474 4457 genitus
505 4385 645 4457 quia
673 4403 787 4440 non
823 4393 910 4441 est
933 4387 1121 4453 Pater,
1154 4402 1342 4456 neque
1373 4385 1561 4440 factus
1592 4389 1680 4439 est
1708 4381 1891 4452 Spiri-

240 4477 336 4528 tus
361 4478 622 4542 sanctus,
655 4473 792 4544 quia
824 4490 938 4528 non
969 4477 1057 4528 est
1086 4489 1152 4528 ex
1184 4473 1388 4542 nihilo,
1412 4473 1512 4527 sed
1547 4487 1612 4526 ex
1643 4471 1758 4525 Deo
1783 4470 1888 4523 Pa-

239 4565 348 4628 tre,
384 4567 440 4615 et
463 4562 578 4616 Deo
616 4561 754 4616 Filio
811 4561 910 4616 Dei
947 4579 1048 4633 pro
1081 4565 1249 4617 Patre
1309 4566 1579 4628 mternus,
1635 4577 1700 4614 eo
1732 4559 1888 4629 quod

242 4649 458 4704 habeat
489 4650 699 4704 Filium
734 4654 1014 4705 aeternum
1051 4652 1222 4720 cujus
1270 4654 1522 4704 zetcrnus
1575 4649 1652 4703 sit
1680 4649 1885 4702 Pater:

240 4738 423 4794 Filius
455 4743 706 4794 aeternus
739 4755 803 4794 eo
842 4740 997 4807 quod
1032 4739 1181 4794 Patri
1215 4743 1271 4794 et
1293 4738 1534 4810 Spiritui
1567 4742 1768 4793 sancto
1791 4755 1889 4793 co-

240 4833 512 4884 aeternus.
546 4828 796 4901 Spiritus
824 4837 1062 4884 sanctus
1093 4832 1344 4883 aeternus
1365 4844 1429 4882 eo
1454 4828 1606 4898 quod
1635 4827 1712 4882 sit
1732 4827 1886 4882 Patri

241 4922 297 4971 et
327 4917 468 4972 Filio
520 4923 860 4974 coaeternus.
915 4918 1041 4976 Non
1082 4919 1325 4974 confusa
1381 4919 1439 4972 in
1475 4934 1590 4971 una
1641 4933 1889 4988 persona

1927 3663 1969 3729 C
2010 3678 2270 3743 sanctus,
2304 3673 2402 3728 sed
2437 3670 2617 3726 Filius
2639 3669 2966 3735 tantum,ut
2996 3664 3094 3736 qui
3128 3662 3331 3719 eratin
3350 3659 3655 3716 divinitate

2005 3765 2192 3820 Patris
2226 3762 2324 3818 Dei
2359 3761 2564 3827 Filius,
2609 3759 2734 3830 ipse
2786 3757 2950 3812 ﬁeret
2982 3754 3041 3808 in
3102 3751 3343 3808 homine
3396 3749 3655 3805 hominis

2013 3854 2192 3918 ﬁlius,
2229 3868 2415 3923 neque
2445 3849 2571 3904 Filii
2605 3864 2816 3903 nomen
2849 3846 2918 3901 ad
2952 3844 3198 3900 alterum
3232 3838 3531 3907 transiret,
3556 3837 3656 3908 qui

1998 3961 2111 3998 non
2134 3947 2288 3998 esset
2309 3940 2609 3996 nativitate
2632 3935 2938 3992 Filius.Dei
2970 3949 3105 4005 ergo
3137 3930 3444 3986 nativitate
3474 3927 3654 3992 ﬁlius,

1998 4033 2256 4088 hominis
2292 4032 2481 4085 factus
2512 4032 2601 4081 est
2634 4025 2837 4089 Filius,
2873 4028 3045 4077 natus
3078 4019 3402 4075 secundum
3447 4015 3652 4069 verita-

1997 4128 2117 4177 tem
2152 4125 2371 4175 naturas
2403 4135 2470 4172 ex
2501 4118 2614 4171 Deo
2648 4115 2743 4169 Dei
2789 4113 2970 4177 ﬁlius,
3003 4115 3057 4165 et
3087 4107 3411 4163 secundum
3446 4103 3652 4157 verita-

1999 4216 2115 4266 tem
2162 4214 2384 4264 naturaa
2416 4224 2484 4261 ex
2514 4204 2750 4259 homine
2783 4200 3039 4256 hominis
3090 4196 3266 4262 ﬁlius,
3319 4198 3384 4249 ut
3441 4192 3653 4247 veritas

2000 4300 2183 4371 geniti
2236 4315 2350 4352 non
2393 4294 2727 4364 adoptione,
2792 4306 2906 4344 non
2966 4283 3378 4358 appellatione,
3438 4282 3540 4336 sed
3590 4280 3651 4334 in

2002 4395 2251 4456 utroque
2286 4384 2585 4439 nativitate
2619 4380 2721 4434 ﬁlii
2767 4394 2980 4433 nomen
3013 4373 3306 4430 nascendo
3330 4371 3657 4438 haberet,et

2003 4481 2160 4532 esset
2190 4491 2363 4529 verus
2393 4477 2568 4537 Deus,
2601 4484 2774 4524 verus
2805 4466 3002 4534 homo,
3033 4480 3204 4519 verus
3242 4460 3437 4516 Filius.

2696 4574 2825 4627 CAP.
2862 4572 2960 4626 ΙΙΙ.

2696 4574 2736 4627 C
2813 4614 2825 4626 .
2948 4613 2960 4625 .

2070 4672 2181 4738 (25.
2217 4686 2271 4740 q.
2301 4669 2353 4736 3,
2389 4684 2438 4722 ο.
2474 4665 2712 4733 Quidam
2739 4573 2975 4730 ἒιῗιιεᾞ.)
3006 4659 3129 4712 Non
3153 4672 3290 4728 ergo
3314 4657 3461 4712 duos
3484 4654 3655 4710 Chri-

1999 4767 2144 4825 stos,
2197 4774 2382 4827 neque
2415 4756 2562 4811 duos
2596 4751 2793 4819 Filios,
2855 4749 2952 4805 sed
3017 4749 3194 4802 Deum
3245 4751 3302 4800 et
3349 4745 3650 4800 hominem

2000 4865 2185 4906 unum
2221 4846 2451 4914 Filium,
2481 4859 2655 4915 quem
2690 4844 3014 4913 propterea,
3050 4841 3105 4892 et
3135 4835 3516 4906 Unigenitum
3557 4835 3649 4888 di-

2005 4940 2213 5001 cimus,
2243 4940 2300 4990 et
2333 4939 2664 4989 manentem
2686 4931 2743 4985 in
2770 4929 3001 4984 duabus
3026 4925 3273 4993 naturis,
3298 4923 3448 4978 sicut
3477 4923 3526 4977 ei
3552 4939 3650 4976 na-

243 5006 523 5100 Trinitas,
559 5012 622 5061 Ut
653 5008 940 5100 salleni“
973 5008 1133 5075 (Ποίίῖ
1170 5024 1358 5100 99‘19‘?
1389 5011 1659 5100 εθρατθίει
1681 5007 1886 5100 θυίμάῨ
1919 5036 1964 5100 Ι)
1997 5034 2139 5085 turre
2171 5025 2384 5083 veritas
2415 5021 2686 5090 contulit,
2718 5036 2830 5075 non
2865 5015 3126 5073 confusis
3168 5011 3398 5067 naturis
3456 5027 3648 5081 neque

239 5095 364 5150 visa
395 5095 454 5149 in
481 5097 1270 5165 naturadivinitas,utArius
1293 5096 1678 5168 blasphemat,
1697 5098 1794 5151 sed
1811 5097 1888 5151 al-

242 5183 406 5255 tergin
433 5201 682 5255 persona
707 5189 898 5256 Pater,
919 5186 1132 5240 alterin
1163 5202 1410 5257 persona
1433 5185 1634 5253 Filius,
1660 5185 1806 5240 alter
1828 5187 1887 5241 in

239 5274 760 5344 personaSpiritus
781 5280 1042 5330 sanctus.
1084 5274 1239 5329 Unus
1271 5275 1331 5328 in
1347 5275 1653 5340 natura,in
1689 5282 1893 5332 sancta

243 5360 532 5417 Trinitate
558 5363 712 5418 Deus
745 5368 932 5432 Pater,
987 5368 1044 5419 et
1095 5363 1274 5419 Filius
1307 5369 1362 5419 et
1387 5365 1638 5435 Spiritus
1663 5372 1890 5422 santus.

565 5473 700 5529 CAP.
739 5475 805 5530 II.
839 5476 914 5529 De
934 5476 1316 5530 incarnatione
1347 5473 1573 5530 Christi.

320 5559 448 5616 Non
482 5565 648 5619 Pater
703 5579 936 5620 carnem
999 5561 1340 5634 assumpsit,
1401 5580 1591 5634 neque
1648 5566 1899 5638 Spiritus

1997 5116 2300 5184 immistis,
2358 5114 2512 5170 sicut
2562 5107 2922 5166 Timothiani
2953 5106 3176 5170 volunt,
3234 5102 3333 5156 sed
3378 5102 3652 5156 societate

2000 5207 2202 5263 unitis.
2241 5207 2390 5261 Deus
2418 5221 2555 5275 ergo
2613 5198 2939 5270 assumpsit
2997 5192 3319 5258 hominem,
3372 5189 3546 5245 homo
3592 5187 3652 5241 in

2004 5303 2184 5352 Deum
2216 5295 2624 5359 transivit,non
2662 5295 2884 5346 natura:
2915 5282 3280 5349 visibilitate,
3310 5279 3464 5334 sicut
3492 5276 3648 5333 tertii

2002 5385 2431 5458 Apollinaristae
2460 5383 2685 5448 dicunt,
2721 5379 2821 5434 sed
2856 5375 2955 5430 Dei
3013 5371 3374 5443 dignatione,
3429 5371 3493 5423 ut
3543 5383 3649 5423 nec

2005 5476 2159 5530 Deus
2194 5478 2518 5529 mutaretur
2549 5472 2606 5527 in
2665 5470 2989 5524 humanam
3036 5459 3430 5518 substantiam
3481 5474 3650 5513 assu-

2010 5563 2222 5619 mendo
2253 5563 2568 5633 hominem,
2593 5575 2696 5616 nec
2726 5558 2902 5613 homo
2923 5554 2984 5610 in
3015 5550 3271 5608 divinam
3289 5547 3650 5622 gloriﬁcatus
