4000 6054
318 215 466 280 ³1047

1412 229 1478 278 D.
1520 225 1758 280 IVONIS
1793 221 2289 276 CARNOTENSIS
2323 221 2644 276 RPISCOPI

3593 218 3741 272 1048

322 349 382 403 in
416 347 767 420 Deum,quia
798 347 1160 404 mutabilitas
1207 347 1293 403 vel
1326 348 1636 404 visibilitas
1668 351 1887 403 naturas
1917 351 1972 402 et
2003 345 2053 411 Α
2086 343 2219 402 CAP.
2252 345 2376 400 VII.
2410 344 2486 400 De
2512 345 2622 414 ﬁde
2649 346 2936 420 Trinitatis
2991 348 3043 420 et
3073 345 3305 399 unitatis
3337 342 3748 398 inviolabiliter

324 436 779 494 diminutionem
812 441 867 493 et
899 438 1270 492 abolitionem
1305 437 1818 494 facitsubstantiaa.
1839 439 1968 493 Cre-

327 526 489 581 ditur
525 544 558 581 a
589 527 758 583 nobis
788 528 914 582 sine
945 527 1286 582 confusione
1343 529 1654 599 conjuncta
1693 527 1970 593 Trinitas,

327 616 454 670 sine
482 617 848 687 separatione
879 617 1174 672 distincta.
1227 618 1410 672 Natus
1463 623 1553 672 est
1582 634 1717 688 ergo
1750 617 1846 672 Dei
1877 617 1970 670 Fi—

326 703 442 760 lius
471 721 539 760 ex
569 705 806 760 homine
837 711 892 759 et
924 722 1035 760 non
1072 722 1173 777 per
1199 707 1521 776 hominem,
1545 707 1601 760 id
1637 712 1722 760 est
1755 723 1868 760 non
1902 722 1969 760 ex

323 793 430 849 viri
449 795 625 863 coitu,
659 795 810 850 sicut
840 794 1020 848 Ebion
1053 795 1213 861 dicit,
1241 797 1340 850 sed
1373 812 1605 850 carnem
1639 812 1706 850 ex
1727 794 1972 864 virginis

328 899 568 954 corpore
600 883 856 950 trahens,
912 890 969 938 et
999 899 1114 938 non
1165 885 1236 938 de
1275 884 1414 938 coelo
1475 900 1667 938 secum
1702 885 1971 948 atterens,

325 973 485 1027 sicut
515 971 792 1041 Marcion,
827 971 1100 1043 Origenes
1131 978 1188 1028 et
1220 972 1489 1028 Eutiches
1521 975 1838 1039 atlirmant,
1873 989 1971 1027 ne-

330 1076 442 1129 que
472 1059 531 1114 in
564 1059 968 1131 phantasia,id
1001 1067 1090 1116 est
1123 1062 1344 1132 absque
1375 1078 1550 1117 carne
1580 1060 1733 1116 sicut
1763 1061 1970 1116 Valen-

327 1149 510 1216 tinus,
542 1164 730 1220 neque
761 1149 993 1219 Aorchi,
1051 1151 1108 1205 id
1141 1155 1229 1204 est
1277 1149 1532 1220 putative
1562 1149 1973 1222 imaginatum,

328 1238 428 1292 sed
463 1253 674 1308 corpus
705 1255 929 1305 verum,
959 1256 1072 1294 non
1115 1244 1344 1293 tantum
1398 1255 1631 1295 carnem
1662 1256 1730 1294 ex
1782 1255 1973 1305 carne,

328 1325 482 1380 sicut
531 1325 882 1394 Marcianus,
916 1329 1017 1383 sed
1049 1345 1218 1383 verus
1268 1328 1442 1387 Deus.
1476 1344 1541 1382 ex
1575 1327 1893 1396 divinitate,
1922 1332 1980 1381 et

325 1431 500 1470 verus
551 1416 728 1471 homo
757 1433 825 1471 ex
857 1433 1049 1483 carne,
1084 1434 1238 1472 unus
1268 1417 1468 1487 Filius,
1502 1421 1559 1471 et
1587 1417 1644 1470 in
1679 1416 1981 1471 divinitate

330 1506 588 1559 Verbum
625 1506 832 1572 Patris,
865 1512 922 1560 et
956 1507 1102 1561 Deus
1136 1507 1190 1560 in
1228 1506 1467 1561 homine
1517 1507 1710 1560 anima
1745 1510 1800 1560 et
1827 1522 1981 1573 caro,

332 1594 532 1649 anima
564 1611 678 1650 non
711 1595 936 1667 absque
967 1613 1142 1651 sensu
1165 1601 1222 1651 et
1244 1596 1486 1662 ratione,
1513 1601 1577 1649 ut
1606 1595 1980 1664 Apollinaris.

333 1683 532 1753 Neque
562 1700 694 1739 caro
725 1686 948 1756 absque
979 1686 1196 1751 anima,
1233 1690 1295 1739 ut
1341 1687 1691 1749 Anomacus,
1725 1685 1824 1737 sed
1859 1683 1982 1738 ani-

335 1787 496 1827 mam
529 1789 663 1828 cum
695 1774 920 1829 ratione
971 1791 1102 1840 sua,
1133 1780 1191 1829 et
1248 1790 1480 1829 carnem
1522 1790 1656 1828 cum
1711 1773 1984 1827 sensibus

338 1862 485 1927 suis,
519 1879 622 1932 per
671 1879 819 1933 quos
879 1879 1086 1918 sensus
1132 1879 1299 1918 veros
1355 1863 1414 1917 in
1448 1863 1720 1934 passione
1751 1869 1807 1917 et
1851 1868 1983 1916 ante

331 1949 672 2020 passionem
699 1951 894 2007 carnis
926 1968 1044 2007 suae
1075 1951 1303 2008 dolores
1331 1951 1633 2007 sustinuit.

337 2073 475 2128 CAP.
511 2073 601 2130 IV.
635 2075 710 2131 De
737 2077 1036 2131 nativitate
1084 2075 1308 2143 Christi,
1341 2080 1535 2132 contra
1583 2077 1982 2132 Arthemomem

843 2156 894 2202 et
923 2155 1149 2204 δαείω-οε
1169 2150 1473 2204 haereticos.

407 2256 607 2323 Neque
634 2254 717 2308 sic
748 2259 923 2309 natus
953 2259 1044 2309 est
1075 2271 1142 2310 ex
1163 2254 1400 2326 Virgine
1435 2259 1496 2310 ut
1528 2255 1714 2310 deitas
1746 2255 1979 2310 initium

336 2339 513 2397 homo
545 2344 837 2398 nascendo
867 2344 1174 2415 acceperit,
1209 2344 1375 2415 quasi
1409 2349 1723 2415 antequam
1761 2345 1830 2399 de
1854 2344 1984 2398 Vir-

334 2430 471 2501 gine
503 2435 842 2487 nasceretur
873 2437 1022 2488 Deus
1054 2449 1166 2490 non
1191 2433 1383 2497 fuerit,
1409 2433 1562 2488 sicut
1583 2434 1900 2488 Artbemon
1925 2439 1983 2488 et

336 2518 586 2576 Berillus
617 2524 674 2576 et
713 2519 1010 2576 Marcillus
1070 2522 1340 2592 docuere,
1385 2523 1485 2578 sed
1546 2527 1799 2578 aeternus
1829 2523 1982 2579 Deus

337 2606 513 2664 homo
543 2625 609 2664 ex
630 2608 868 2681 Virgine
891 2614 1085 2666 natus.

449 2723 660 2782 CAP.V.
695 2727 769 2782 De
798 2729 1087 2782 nativitate
1117 2727 1540 2794 Chrisli,contra
1569 2729 1875 2785 haereticos.

413 2832 570 2888 Nihil
591 2840 850 2888 creatum
882 2840 982 2889 aut
1012 2835 1270 2890 serviens
1313 2835 1372 2890 in
1403 2835 1684 2891 Trinitate
1741 2839 1988 2892 creden-

344 2920 509 2985 dum,
543 2927 608 2976 ut
635 2921 758 2977 vult
786 2923 1122 2994 Dionysius,
1158 2925 1286 2979 fons
1317 2925 1435 2979 Arii
1469 2943 1481 2992 ;
1520 2925 1666 2980 nihil
1703 2926 1988 2997 inaequale

342 3015 406 3064 ut
435 3011 756 3079 Onomius;
794 3011 940 3067 nihil
971 3013 1166 3082 gratias
1194 3013 1434 3085 aequale,
1470 3019 1533 3068 ut
1577 3014 1699 3069 vult
1743 3015 1984 3083 Ethius;

343 3097 489 3171 nigil
521 3100 780 3155 anterius
813 3103 1223 3172 posteriusque
1281 3108 1381 3157 aut
1409 3102 1626 3171 minus,
1671 3108 1733 3158 ut
1782 3106 1986 3174 Arius;
2019 3091 2060 3158 C

345 3187 492 3242 nihil
523 3193 863 3244 extraneum
897 3195 998 3244 aut
1025 3191 1275 3245 ofﬁcials
1307 3190 1568 3256 alterius,
1631 3197 1694 3246 ut
1727 3193 1988 3248 Macedo-

349 3277 527 3356 nius;
560 3277 705 3338 nihil
738 3279 1116 3350 persuasione
1148 3284 1250 3334 aut
1280 3279 1654 3350 subreptione
1683 3281 1990 3350 insertum,

347 3370 412 3420 ut
440 3366 832 3422 Manichacus:
871 3367 1016 3422 nihil
1047 3385 1414 3440 corporeum,
1451 3374 1513 3424 ut
1555 3369 1744 3425 Melite
1777 3375 1832 3426 et
1853 3373 1990 3425 Ter-

345 3455 668 3526 tullianus;
705 3456 851 3512 nihil
883 3457 1262 3528 corporaliter
1310 3459 1632 3529 elfigiatum
1687 3464 1749 3514 ut
1784 3465 1993 3515 Antro-

347 3545 649 3616 pomorfus
676 3551 731 3600 et
755 3547 1089 3613 Vadianus;
1125 3545 1269 3600 nihil
1303 3546 1412 3601 sibi
1437 3547 1756 3615 invisibile,
1794 3552 1856 3603 ut
1877 3549 1995 3604 Ori-

347 3649 563 3704 genas;
596 3631 742 3686 nihil
774 3635 1058 3688 creaturis
1093 3633 1341 3696 visibile,
1378 3638 1441 3688 ut
1471 3635 1868 3702 Fortunatus;
1907 3635 1994 3689 ni-

350 3719 435 3775 hil
467 3720 733 3776 moribus
762 3720 850 3775 vel
881 3721 1179 3777 voluntate
1209 3723 1525 3791 diversum,
1587 3731 1652 3778 ut
1700 3724 1994 3790 Marcion;

350 3809 497 3864 nihil
520 3809 826 3864 Trinitatis
848 3809 1102 3865 essentia
1124 3815 1226 3864 aut
1247 3815 1645 3866 creaturarum
1670 3818 1880 3868 natura
1906 3815 1996 3867 de-

347 3899 614 3965 ductum,
650 3900 709 3954 ut
743 3899 903 3954 Plato
933 3905 990 3954 et
1010 3898 1424 3966 Tertulianus;
1461 3899 1602 3954 nihil
1658 3902 1848 3956 cilicio
1879 3902 1996 3956 sin-

349 3987 554 4060 gulare
596 3992 698 4044 aut
718 3988 887 4044 alteri
918 3987 1427 4052 communicabile,
1453 3993 1516 4042 ut
1546 3989 1817 4060 Origenes
1843 4008 1856 4058 ;
1906 3991 1996 4045 ni-

350 4076 432 4132 hil
465 4078 799 4150 coufusum,
835 4083 899 4133 ut
929 4078 1238 4148 Sabellius,
1271 4078 1369 4134 sed
1405 4083 1590 4133 totum
1653 4080 1996 4151 perfectum,

352 4167 489 4236 quia
527 4185 595 4223 ex
626 4172 743 4224 toto
763 4185 971 4233 unum,
1005 4184 1117 4222 non
1154 4172 1347 4222 tamen
1380 4167 1730 4234 solitarium,
1768 4172 1827 4222 ut
1851 4185 1998 4238 prae-

353 4259 601 4308 sumunt
630 4254 900 4310 Silvanus
932 4260 987 4310 et
1016 4255 1288 4323 Praxeas,
1336 4254 1770 4327 Pentapolitana
1830 4257 2000 4312 dam-

354 4341 572 4396 nabilis
596 4342 695 4397 illa
724 4344 1006 4399 doctrina.

2731 416 3087 472 observanda.

2241 560 2414 614 Divus
2449 558 2836 630 Augustinus,
2869 557 2971 614 lib.
3006 575 3022 611 ι
3055 559 3128 613 De
3163 559 3419 625 Trinitc.,
3453 575 3499 612 ε.
3535 557 3564 609 4

2152 727 2295 796 (135.
2333 728 2556 785 Omnes
2592 747 2739 801 quos
2772 729 2964 801 legere
2995 728 3156 800 potui
3181 727 3282 800 qui
3315 733 3447 784 ante
3481 744 3572 783 me
3596 727 3748 783 scri-

2079 829 2322 886 pserunt
2362 818 2431 871 de
2477 818 2779 884 Trinitate,
2816 835 2941 890 quae
2966 818 3119 872 Deus
3145 823 3252 883 est,
3288 817 3622 872 divinorum
3673 816 3747 871 li-

2080 904 2318 959 brorum
2353 911 2611 961 veterum
2642 912 2698 962 et
2724 924 3008 962 novorum
3044 905 3325 962 Catholici
3359 910 3734 971 tractatores,

2081 992 2191 1047 hoc
2224 995 2603 1051 intenderunt
2633 997 2957 1051 secundum
2980 997 3309 1068 Scripturas
3333 996 3557 1062 docere,
3578 995 3742 1068 quod

2084 1083 2253 1137 Pater
2281 1088 2338 1137 et
2370 1084 2549 1139 Filius
2581 1089 2638 1139 et
2665 1085 2921 1156 Spiritus
2951 1089 3194 1140 sanctus
3229 1083 3404 1140 unius
3435 1085 3746 1156 ejusdem-

2085 1187 2196 1241 que
2227 1172 2966 1245 substantieeinseparabili
2991 1173 3325 1245 mqualitate
3377 1173 3573 1228 divina
3595 1173 3749 1228 insi-

2083 1263 2284 1327 nuent,
2304 1261 2610 1316 unitatem.
2639 1264 2888 1335 Ideoque
2903 1279 3016 1318 non
3033 1268 3173 1318 sunt
3200 1273 3315 1317 tres
3335 1262 3436 1327 dii,
3455 1263 3555 1318 sed
3581 1279 3741 1316 unus

2085 1348 2257 1403 Deus.
2295 1350 2570 1415 Quamvis
2603 1351 2772 1407 Pater
2803 1351 3010 1407 Filium
3035 1353 3322 1424 genuerit,
3371 1356 3430 1406 et
3476 1352 3603 1406 ideo
3637 1352 3733 1404 Fi-

2087 1436 2205 1492 lius
2239 1455 2352 1493 non
2387 1439 2464 1494 sit
2495 1440 2595 1510 qui
2628 1441 2796 1496 Pater
2827 1447 2937 1510 est,
2963 1440 3267 1511 Filiusque
3297 1458 3331 1495 a
3361 1440 3530 1495 Patre
3553 1440 3632 1495 sit
3648 1455 3749 1509 ge-

2093 1527 2273 1593 nitus,
2309 1534 2364 1580 et
2394 1527 2521 1582 ideo
2556 1529 2724 1582 Pater
2755 1546 2868 1584 non
2903 1529 2978 1584 sit
3036 1531 3136 1598 qui
3169 1528 3348 1584 Filius
3386 1532 3509 1596 est;
3555 1527 3748 1598 Spiri-

2093 1618 2306 1686 iusque
2333 1622 2573 1673 sanctus
2606 1635 2709 1672 nec
2737 1619 2905 1673 Pater
2959 1618 3052 1686 sit,
3088 1633 3193 1672 nec
3247 1617 3450 1683 Filius,
3476 1617 3575 1670 sed
3610 1625 3743 1670 tan-

2015 1722 2060 1786 B
2094 1707 2396 1762 tummodo
2429 1707 2616 1762 Patris
2647 1712 2703 1762 et
2741 1706 2865 1762 Filii
2898 1706 3190 1779 Sipiritus,
3225 1711 3282 1761 et
3303 1710 3468 1762 Pater
3487 1708 3575 1761 est
3598 1705 3750 1759 Filio

2094 1799 2443 1863 coaeternus,
2476 1795 2649 1850 etiam
2687 1797 2806 1867 ipse
2857 1795 3167 1867 coaequalis
3226 1799 3282 1851 et
3331 1795 3400 1849 ad
3433 1793 3750 1849 Trinitatis

2095 1883 2392 1954 pertinens
2420 1885 2859 1940 unitatem.Non
2886 1890 3081 1940 tamen
3116 1885 3379 1940 eamdem
3403 1883 3754 1938 Trinitatem

2094 1977 2290 2026 natam
2327 1991 2389 2027 ex
2421 1975 2642 2046 virgine
2663 1975 2860 2044 Maria,
2894 1979 2950 2029 et
2981 1975 3088 2029 sub
3122 1974 3327 2029 Pontio
3351 1973 3531 2028 Pilato
3556 1972 3747 2028 cruci-

2089 2058 2286 2127 fixam,
2319 2065 2374 2114 et
2405 2061 2720 2132 sepultam,
2754 2065 2809 2117 et
2830 2062 3000 2116 tertia
3030 2062 3123 2116 die
3146 2061 3554 2127 resurrexisse,
3588 2067 3647 2116 et
3688 2061 3749 2115 in

2092 2147 2298 2202 caelum
2339 2151 2698 2219 ascendisse,
2731 2152 2830 2206 sed
2889 2152 3302 2206 tantummodo
3335 2151 3584 2218 Filium;
3641 2165 3751 2206 nec

2091 2238 2356 2292 eamdem
2378 2238 2723 2294 Trinitatem
2757 2241 3208 2295 descendissein
3243 2240 3439 2311 specie
3460 2239 3750 2295 columbae

2092 2342 2269 2396 super
2296 2325 2501 2381 Jesum
2531 2327 2912 2400 baptizatum,
2947 2334 3049 2384 aut
3078 2328 3172 2384 die
3201 2333 3574 2384 Pentecostes
3612 2334 3752 2400 post

2094 2415 2495 2470 ascensionem
2521 2416 2751 2472 Domini
2776 2419 2970 2473 sonitu
2998 2419 3148 2473 facto
3171 2419 3242 2473 de
3264 2417 3406 2474 coelo
3429 2418 3599 2488 quasi
3627 2419 3747 2472 fer-

2095 2509 2255 2558 retur
2278 2505 2451 2561 flatus
2471 2505 2877 2576 vehemens,et
2895 2507 3111 2575 linguis
3133 2507 3357 2564 divisus
3378 2507 3534 2562 velut
3569 2507 3753 2578 ignis,

2095 2595 2190 2649 sed
2221 2595 2622 2650 tantummodo
2647 2595 2928 2667 Spiritum
2963 2600 3272 2664 sanctum;
3331 2613 3434 2651 nec
3480 2599 3753 2651 eamdem

2097 2684 2440 2738 Trinitatem
2473 2685 2686 2740 dixisse
2719 2687 2788 2740 de
2827 2687 2971 2740 ccslo
3000 2704 3012 2741 :
3049 2688 3121 2740 Tu
3145 2704 3205 2740 es
3258 2687 3405 2756 ﬁlius
3435 2703 3608 2753 meus,
3634 2686 3757 2741 sive

2097 2789 2230 2828 cum
2264 2773 2597 2844 baptizatus
2649 2779 2737 2828 est
2789 2775 3076 2830 aJoanne
3137 2775 3356 2845 (Matth.
3409 2793 3493 2843 xu,
3544 2775 3665 2830 sive
3695 2775 3756 2830 in

2099 2867 2317 2926 monte,
2343 2865 2576 2932 quando
2609 2880 2738 2918 cum
2776 2862 2875 2918 illo
2897 2869 3063 2918 erant
3092 2868 3208 2919 tres
3235 2863 3506 2935 discipuli
3534 2865 3756 2932 (Matth.

2097 2957 2255 3017 xvn),
2285 2957 2386 3006 aut
2417 2953 2650 3022 quando
2675 2953 2872 3008 sonuit
2903 2969 3010 3007 vox
3041 2953 3276 3008 dicens:
3327 2954 3390 3008 Et
3419 2954 3759 3024 rlariﬁcari,

2097 3049 2146 3095 ct
2173 3044 2372 3094 iterum
2402 3041 2718 3112 clariﬁcabo
2763 3045 2948 3109 (Joan.
2982 3043 3126 3113 xu);
3177 3045 3274 3099 sed
3339 3043 3759 3098 tantummodo

2101 3130 2290 3184 Patris
2321 3146 2518 3184 vocem
2568 3131 2750 3186 fuisse
2805 3132 2874 3186 ad
2928 3131 3135 3188 Filium
3188 3133 3421 3187 factam.
3473 3133 3762 3196 Quamvis

2100 3219 2271 3273 Pater
2299 3223 2355 3274 et
2385 3220 2567 3274 Filius
2597 3225 2653 3274 et
2684 3220 2938 3292 Spiritus
2970 3225 3234 3290 sanctus,
3269 3221 3421 3274 sicut
3453 3221 3763 3291 insepara-

2103 3307 2249 3362 biles
2281 3314 2439 3376 sunt,
2476 3309 2554 3362 ita
2585 3309 3059 3378 inseparabiliter
3083 3310 3585 3380 operantur(i36).
3609 3309 3762 3364 Nam

2103 3412 2219 3466 quo
2249 3395 2546 3451 intellectu
2580 3397 2754 3452 homo
2787 3398 2970 3452 Deum
3005 3399 3184 3470 capit,
3213 3399 3310 3469 qui
3344 3397 3540 3469 ipsum
3585 3398 3762 3452 intel-

2105 3486 2317 3540 lectum
2333 3503 2503 3540 suum
2530 3503 2644 3558 quo
2667 3502 2800 3541 eum
2825 3486 3191 3558 vultcapere,
3213 3489 3475 3542 nondum
3510 3488 3768 3558 capitur.

2107 3574 2164 3630 Si
2197 3580 2390 3629 autem
2425 3573 2581 3628 hunc
2607 3575 2730 3644 jam
2765 3575 2922 3647 capit
2960 3576 3225 3630 attendat
3255 3575 3568 3647 diligenter
3613 3575 3768 3630 nihil

2107 3664 2165 3717 in
2188 3680 2254 3717 eo
2277 3680 2404 3718 esse
2436 3663 2492 3717 in
2527 3664 2617 3718 sui
2650 3668 2860 3718 natura
2886 3664 3100 3720 melius
3128 3672 3180 3720 et
3204 3663 3394 3719 videat
3439 3669 3638 3719 utrum
3680 3665 3767 3719 ibi

2105 3751 2293 3806 videat
2325 3751 2444 3806 ulla
2474 3751 2830 3807 lineamenta
2849 3753 3195 3821 formarum,
3227 3752 3445 3808 nitores
3469 3751 3763 3818 colorum,

2108 3840 2431 3911 speciosam
2467 3841 3158 3912 granditatem,partium
3193 3841 3560 3907 distantiam,
3586 3841 3767 3897 molis

2107 3927 2520 3983 distentionem
2548 3947 2561 3994 ;
2597 3927 2826 4000 aliquas
2859 3945 2960 4001 per
2988 3929 3296 3986 intervalla
3317 3929 3578 3985 locorum
3629 3947 3760 3985 mo-

2107 4016 2315 4084 tiones,
2337 4016 2424 4070 vel
2457 4015 2676 4087 aliquid
2701 4017 3014 4086 eiusmodi.
3039 4019 3195 4072 Nihil
3219 4025 3371 4074 certe
3393 4018 3643 4074 istorum
3669 4019 3730 4073 in
3747 4049 3771 4060 -

2105 4107 2373 4160 venimus
2405 4105 2463 4160 in
2493 4121 2582 4171 eo,
2615 4122 2731 4176 quo
2762 4106 2820 4161 in
2855 4112 3066 4162 natura
3098 4112 3300 4162 nostra
3344 4108 3491 4162 nihil
3541 4107 3762 4163 melius

2107 4195 2460 4260 invenimus,
2512 4195 2571 4248 id
2603 4199 2693 4250 est
2721 4194 2779 4250 in
2815 4201 3011 4251 nostro
3043 4195 3338 4251 intellectu
3373 4213 3487 4267 quo
3518 4202 3769 4267 sapien-

2106 4285 2247 4339 tiam
2280 4283 2568 4354 capimus,
2593 4288 2812 4354 quanto
2863 4301 3103 4356 capaces
3132 4301 3362 4341 sumus.
3413 4285 3576 4349 Quod
3609 4302 3757 4357 ergo

2109 4390 2223 4428 non
2259 4372 2612 4437 invenimus,
2647 4370 2702 4424 id
2735 4377 2824 4426 est
2854 4372 2912 4426 in
2946 4372 3182 4428 meliore
3236 4381 3454 4442 nostro,
3489 4390 3604 4428 non
3658 4373 3775 4428 de-

357 4459 486 4516 Csp.
518 4460 607 4518 VI.
643 4460 784 4529 Quid
811 4462 883 4516 sit
910 4462 1255 4528 homousion,
1287 4466 1478 4517 contra
1536 4463 1850 4520 Nestorium
1881 4465 1995 4520 hm-
2029 4462 2075 4528 D
2108 4463 2314 4516 bemus
2344 4459 2401 4514 in
2436 4459 2534 4514 illo
2565 4475 2821 4529 quaerere
2850 4461 3004 4532 quod
3038 4461 3210 4533 longe
3269 4461 3479 4518 melius
3509 4466 3598 4517 est
3623 4465 3764 4527 ,‘me-

1049 4535 1305 4588 relicum.

430 4639 787 4697 Homonsion
819 4657 952 4708 ergo
983 4641 1040 4695 in
1099 4641 1400 4697 divinitate
1431 4643 1615 4697 Patris
1658 4641 1859 4713 Filius,
1892 4643 2000 4699 bo-

359 4731 632 4786 monsiou
665 4729 820 4784 Patri
849 4735 906 4784 et
939 4729 1076 4784 Filio
1125 4730 1377 4801 Spiritus
1436 4735 1694 4786 sanctus.
1746 4731 2001 4786 Homon-

359 4820 488 4876 sion
521 4819 636 4874 Deo
667 4822 723 4874 et
767 4817 986 4872 homini
1042 4835 1195 4874 unus
1243 4818 1424 4872 Filius
1469 4835 1713 4874 manens
1743 4824 1893 4873 Deus
1940 4819 1998 4874 in

359 4910 594 4967 homine
625 4909 739 4964 Deo
771 4909 832 4962 in
863 4907 1046 4980 gloria
1076 4907 1249 4976 Patri,
1283 4909 1690 4964 desiderabilis
1719 4910 1900 4964 videri
1928 4911 2001 4964 ab

355 4999 606 5072 angelis,
635 4998 794 5054 sicut
815 5002 979 5052 Pater
1005 5001 1062 5051 et
1082 4997 1336 5068 Spiritus
1356 5003 1598 5052 sanctus
1629 4999 1907 5052 adoratur
1929 4999 2000 5053 ab

357 5086 604 5158 angelis,
637 5092 692 5141 et
721 5087 880 5140 omni
905 5091 1190 5140 creatura.
1217 5085 1340 5140 Non
1366 5086 1538 5141 homo
1564 5092 1799 5156 propter
1820 5091 2000 5142 Deum

354 5178 443 5234 vel
475 5177 744 5232 Christus
775 5192 908 5230 cum
941 5174 1078 5244 Deo,
1112 5175 1264 5229 sicut
1285 5175 1584 5230 Nestorius
1606 5175 1996 5246 blasphemat.

357 5267 457 5323 sed
491 5267 665 5322 homo
696 5265 755 5320 in
792 5267 971 5320 Deum
1003 5268 1059 5320 et
1089 5265 1242 5320 Deus
1275 5266 1332 5318 in
1365 5264 1618 5318 homine.

432 5411 576 5480 (I35)
608 5410 687 5464 De
739 5409 1035 5471 Consecr.,
1067 5408 1206 5475 dist,
1237 5407 1290 5460 3.
1319 5423 1354 5480 7c
1389 5408 1612 5480 Onytes.
1647 5406 1715 5459 Et
1747 5407 2001 5480 ostendit

363 5477 503 5552 quid
539 5477 770 5552 preprie
802 5481 873 5535 ad
907 5484 1160 5544 Patrem,
1194 5479 1336 5552 quid
1369 5479 1438 5532 ad
1481 5477 1713 5546 Filium,
1772 5482 1828 5532 et
1860 5478 1999 5549 quid

363 5549 434 5610 ad
468 5549 753 5622 Spiritum
786 5554 1056 5608 sanctum
1087 5549 1356 5622 pertinet.

2109 4549 2250 4605 liore
2282 4553 2504 4614 nostro,
2529 4553 2593 4603 ut
2624 4548 2706 4604 sic
2737 4549 3140 4620 intelligamus
3175 4555 3351 4606 Deum
3376 4551 3424 4605 si
3459 4549 3770 4623 possimus

2110 4644 2395 4710 quantum
2431 4654 2771 4709 possumus,
2823 4638 2951 4693 sine
3007 4639 3292 4710 qualitate
3339 4639 3583 4706 bonum,
3638 4639 3774 4696 sine

2111 4731 2225 4786 situ
2261 4733 2634 4801 praesentem,
2669 4727 2794 4784 sine
2824 4727 3028 4784 habitu
3090 4729 3489 4785 continentem
3538 4730 3764 4797 omnia,

2111 4821 2238 4876 sine
2270 4819 2392 4876 loco
2426 4819 3023 4890 ubiquejtotuszine
3041 4819 3771 4892 temporesempiternum,

2113 4909 2238 4964 sine
2270 4907 2390 4962 ulla
2421 4908 2508 4962 sui
2538 4907 2960 4962 communitate
2992 4907 3299 4964 mutabilia
3331 4909 3665 4975 facientem,
3686 4910 3778 4964 ni-

2111 4997 2310 5068 hilque
2344 4997 2677 5067 patientem.
2703 4996 2984 5066 Quisquis
3008 4996 3162 5051 Deus
3187 4998 3267 5053 ita
3288 4999 3525 5070 cogitat,
3546 5004 3602 5053 et
3626 5015 3772 5054 non-

2111 5088 2251 5141 dum
2288 5091 2476 5156 potest
2506 5087 2744 5140 omnino
2793 5085 3054 5140 invenire
3086 5088 3226 5157 quid
3278 5088 3374 5153 sit,
3425 5087 3517 5159 pie
3567 5092 3767 5144 tamen

2111 5179 2273 5230 cavet
2303 5179 2591 5245 quantum
2627 5179 2816 5243 potest
2845 5175 2914 5229 de
2958 5190 3024 5228 eo
3069 5175 3291 5246 aliquid
3333 5177 3550 5232 sentire
3609 5177 3768 5246 quod

2111 5281 2225 5319 non
2258 5263 2355 5318 sit.
2387 5263 2487 5318 Est
2516 5266 2713 5317 tamen
2742 5261 2867 5316 sine
2892 5262 3256 5319 dubitatione
3277 5265 3637 5333 substantia,
3669 5263 3774 5320 vel.

2183 5403 2562 5478 ([36)Abhinc
2584 5407 3066 5478 quzegsequuntur
3089 5423 3276 5478 usque
3296 5408 3366 5462 ad
3384 5407 3557 5463 ﬁnem
3582 5407 3769 5478 hujus

2111 5494 2238 5604 Sept.
2265 5494 2378 5604 11300
2412 5477 2700 5532 habentur
2719 5475 2778 5530 in
2803 5475 2928 5547 cap.
2955 5477 3150 5534 Omnes
3179 5475 3330 5550 auos,
3365 5483 3440 5536 De
3463 5475 3764 5547 Consecr.,

2156 5566 2204 5604 ιε
2238 5589 2250 5603 .
2323 5589 2335 5602 .

2156 5566 2250 5604 ιει.
2282 5566 2335 5604 ό.
