4000 6054
218 234 357 288 1049

1550 234 1947 288 PANORMIA.
1984 260 2051 272 -—-
2082 234 2214 285 LIB.
2258 234 2302 285 Ι.

3484 216 3627 287 4050

214 359 263 414 si
282 359 834 433 meliusappellatur
852 362 958 414 hoc
980 358 1256 418 essentia.
1281 374 1457 429 quam
1480 357 1658 413 Graeci
1686 357 1869 413 usiam
1900 358 1952 424 Α
1982 372 2231 426 rumque
2266 354 2616 420 moriuntur,
2662 354 3005 426 priusquam
3065 369 3134 409 ex
3186 370 3247 410 se
3305 356 3627 428 quidquam

226 452 455 504 vocant.

215 556 344 611 CAP.
378 555 528 611 VIII.
566 557 637 611 De
659 562 1003 609 sacramento
1047 553 1452 623 baptismatlis,
1498 552 1562 608 de
1599 551 1872 623 originali

668 636 891 686 peccato
921 630 970 679 et
1007 625 1251 680 remedio
1281 628 1415 693 eius.

344 716 410 771 D.
441 716 810 787 Augustinus
840 716 910 770 ad
947 715 1179 769 Petrum
1220 715 1555 781 diaconum,
1590 731 1640 767 c.
1673 714 1760 767 26.

280 824 382 892 (De
414 824 711 887 Consecr.,
746 822 882 876 dist.
918 822 970 889 4,
1004 838 1053 875 c.
1089 821 1481 891 Firmissime.)
1508 820 1871 875 Firmissime

213 917 368 977 tene,
403 917 460 967 et
493 910 829 966 nullatenus
860 910 1113 977 dubites,
1166 926 1397 965 omnem
1426 909 1727 963 hominem
1769 909 1870 980 qui

213 1019 317 1073 per
346 1002 724 1073 concubitum
755 999 862 1055 viri
885 1006 942 1055 et
964 999 1226 1055 mulieris
1247 1000 1577 1069 concipitur
1597 1015 1729 1053 cum
1753 998 1871 1053 ori-

216 1089 397 1162 ginali
433 1094 670 1161 peccato
704 1088 864 1144 nasci
896 1088 1164 1160 inpietati
1219 1088 1547 1157 subditum,
1581 1088 1869 1158 mortique

213 1180 571 1249 subjectum,
605 1184 664 1234 et
692 1179 764 1234 ob
796 1178 903 1233 hoc
937 1185 1147 1232 natura
1176 1177 1275 1232 ira;
1335 1176 1522 1233 filium
1584 1176 1766 1245 nasci,
1798 1177 1869 1231 de

218 1284 335 1338 qua
361 1268 503 1322 dicit
530 1267 843 1339 Apostolus
872 1287 885 1335 ;
920 1268 1151 1321 Eramus
1180 1268 1329 1321 enim
1356 1271 1557 1321 natura
1598 1265 1709 1335 ﬁlii
1770 1266 1869 1320 irae

211 1348 355 1412 sicut
382 1362 434 1411 et
462 1358 665 1412 czeteri.
696 1358 740 1411 A
773 1373 889 1426 qua
919 1355 1016 1410 irae
1049 1355 1250 1411 nullus
1280 1355 1579 1424 liberatur,
1614 1354 1727 1410 nisi
1769 1371 1870 1427 per

227 1447 400 1501 fidem
450 1444 787 1501 Mediatoris
810 1445 908 1499 Dei
943 1450 999 1500 et
1044 1445 1370 1515 hominum,
1421 1444 1678 1500 hominis
1729 1444 1866 1500 Jesu

213 1534 452 1600 Christi,
484 1534 622 1606 quia
652 1534 776 1607 ipse
810 1539 897 1590 est
929 1540 1131 1607 Agnus
1168 1534 1263 1589 Dei
1305 1534 1403 1606 qui
1436 1534 1588 1589 tollit
1633 1538 1869 1606 peccata

216 1623 445 1679 mundi.

217 1740 350 1794 CAP.
412 1739 504 1794 IX.
566 1738 717 1806 Quod
745 1739 969 1809 parvuli
1026 1738 1269 1809 quisunt
1329 1740 1386 1793 in
1422 1746 1572 1793 utero
1629 1726 1947 1793 matrumB

426 1812 785 1879 damnantur,
814 1815 864 1866 el
903 1811 1081 1865 adulti
1124 1810 1241 1866 nisi
1281 1810 1650 1881 baptizentur.

408 1899 551 1954 Item
584 1899 650 1953 D.
683 1898 1047 1971 Augustinus
1079 1900 1151 1954 ad
1204 1900 1459 1965 Petrum,
1497 1916 1543 1954 c.
1578 1900 1667 1953 26.

287 2005 390 2075 (De
419 2005 713 2072 Consecr.,
748 2006 883 2061 dist.
918 2007 970 2075 4,
1015 2023 1063 2061 c.
1124 2004 1513 2076 ﬁrmissime.)
1570 2005 1692 2060 Nisi
1744 2022 1868 2076 quis

212 2098 443 2149 renatus
468 2096 641 2164 fuerit
671 2111 741 2149 ea:
769 2110 915 2165 aqua
943 2102 993 2150 et
1023 2095 1237 2164 Spiritu
1264 2098 1452 2149 sancto
1480 2110 1590 2149 non
1613 2096 1868 2151 introibit

213 2184 273 2237 in
300 2198 535 2251 regnum
564 2183 822 2238 caelorum
855 2185 1030 2250 (Joan.
1065 2186 1174 2252 ιιι),
1227 2184 1568 2237 ﬁrmissime
1626 2189 1758 2239 tene
1813 2188 1869 2239 et

213 2270 554 2327 nullatenus
584 2271 817 2327 dubites
854 2289 866 2327 :
903 2289 1017 2326 non
1042 2272 1231 2327 solum
1256 2272 1527 2328 homines
1547 2272 1672 2342 jam
1699 2273 1870 2327 ratio-

214 2375 287 2414 ne
321 2364 578 2429 utentes,
610 2377 809 2415 verum
843 2360 1013 2416 etiam
1051 2360 1325 2431 parvulos
1350 2360 1447 2431 qui
1469 2361 1664 2416 sivein
1687 2362 1869 2416 uteris

214 2455 472 2503 matrum
500 2450 696 2505 vivere
729 2450 1020 2521 incipiunt
1044 2456 1101 2505 et
1131 2449 1210 2503 ibi
1235 2450 1587 2516 moriuntur,
1613 2451 1864 2519 sivejam

216 2539 287 2593 de
320 2538 610 2594 matribus
646 2540 764 2593 nati
798 2543 938 2594 sunt
978 2539 1103 2594 sine
1136 2543 1501 2593 sacramento
1533 2539 1721 2593 sancti
1764 2540 1866 2593 ba-

215 2630 520 2701 ptismatis
546 2632 699 2702 quod
734 2632 989 2686 daturin
1025 2633 1259 2686 nomine
1304 2630 1491 2685 Patris
1540 2636 1597 2686 et
1654 2631 1781 2686 Filii
1812 2635 1869 2686 et

218 2720 472 2791 Spiritus
505 2721 715 2788 sancti,
737 2722 805 2776 de
830 2722 935 2775 hoc
954 2721 1165 2776 szeculo
1186 2726 1510 2790 transeunt,
1537 2720 1689 2792 ignis
1712 2726 1870 2775 aeter-

218 2809 276 2863 ni
315 2811 672 2881 sempiterno
702 2810 991 2882 supplicio
1024 2810 1372 2881 puniendos,
1408 2809 1547 2881 quia
1577 2810 1699 2865 etsi
1734 2826 1866 2881 pec-

216 2901 412 2952 catum
448 2899 689 2970 propriae
724 2898 973 2953 actionis
1005 2898 1232 2952 nullum
1266 2898 1539 2967 habuere,
1564 2898 1868 2971 originalis

214 2990 413 3041 tamen
447 2987 667 3059 peccati
702 2986 1141 3042 damnationem
1176 2986 1394 3043 carnali
1426 2988 1867 3059 conceptionem

213 3080 460 3131 traxere.

213 3185 345 3236 CAP.
377 3184 450 3238 X.
506 3183 655 3237 Sicut
711 3199 861 3237 nunc
890 3185 950 3238 in
1011 3184 1355 3253 baptismate,
1386 3186 1435 3237 et
1492 3182 1569 3237 ita
1625 3183 1762 3237 olim
1810 3184 1870 3239 in

284 3256 723 3326 circumcisione,
770 3256 1197 3309 remittebantur
1248 3264 1516 3326 peccata.
1579 3254 1679 3309 Vel
1749 3255 1863 3309 sic:

289 3325 447 3393 Quod
474 3333 600 3380 ante
656 3325 951 3381 adventum
1002 3328 1228 3393 Christi,
1283 3325 1435 3395 ﬁdes,
1504 3326 1867 3397 sacriﬁcium,

284 3397 629 3452 circumcisio
662 3397 803 3452 idem
840 3397 1010 3453 valuit
1033 3398 1175 3469 quod
1205 3398 1361 3452 modo
1394 3398 1712 3467 baptismus.

361 3490 422 3540 Ι).
456 3485 771 3557 Gregorius
808 3528 820 3552 ,
852 3488 1151 3542 Moralium
1182 3487 1238 3540 in
1269 3486 1369 3540 Job
1401 3492 1441 3540 Ι.
1478 3504 1553 3551 ιν,
1588 3503 1637 3541 c.
1670 3487 1721 3539 2.

286 3593 393 3663 (De
427 3593 720 3663 Consecr.,
755 3593 894 3648 dist.
928 3594 981 3661 4,
1014 3610 1062 3648 c.
1100 3592 1249 3661 Quod
1269 3594 1504 3661 autem.)
1530 3594 1689 3658 Quod
1711 3594 1867 3665 apud

216 3699 322 3737 nos
356 3682 507 3737 valet
538 3700 691 3755 aqua
722 3682 1116 3753 baptismatis,
1150 3682 1259 3738 hoc
1292 3682 1411 3754 egit
1441 3683 1595 3754 apud
1646 3687 1867 3738 veteres

215 3770 303 3828 vel
337 3788 437 3842 pro
472 3772 729 3842 parvulis
755 3771 878 3825 sola
898 3772 1065 3838 ﬁdes,
1090 3770 1173 3827 vel
1201 3788 1303 3843 pro
1332 3770 1656 3841 majoribus
1683 3771 1867 3828 virtus

215 3860 509 3929 sacrificii,
540 3860 627 3915 vel
661 3876 763 3931 pro
796 3859 888 3913 his
912 3860 1011 3932 qui
1046 3860 1115 3915 ab
1152 3860 1397 3916 Abrahae
1427 3859 1606 3931 stirpe
1638 3860 1868 3932 prodie-

214 3953 345 4003 rant
375 3949 717 4019 mysterium
752 3948 1238 4005 circumcisionis.

213 4075 340 4126 CAP.
382 4072 479 4127 XI.
530 4074 810 4143 Originale
853 4080 1133 4141 peccatum
1190 4090 1339 4127 nunc
1396 4075 1459 4128 in
1521 4073 1863 4143 baptismate,

485 4143 623 4199 olim
654 4146 713 4197 in
742 4143 1164 4199 circumcisione
1191 4145 1589 4199 remittebatur.

216 4233 280 4289 D.
312 4233 704 4304 Augustinus,
738 4232 840 4287 lib.
877 4250 916 4287 ιι
950 4234 1021 4288 De
1043 4233 1261 4359 1nluptiis
1326 4242 1376 4289 et
1402 4235 1865 4305 concupiscentia,

946 4321 997 4359 c.
1116 4345 1128 4359 .

946 4321 997 4360 Ο.
1043 4321 1128 4359 ll.

283 4394 384 4465 (De
413 4393 707 4463 Consecr.,
742 4393 880 4450 dist.
941 4394 994 4463 4,
1029 4410 1077 4447 c.
1131 4397 1216 4449 Ex
1243 4394 1391 4464 quo.)
1422 4394 1499 4448 Ex
1550 4412 1663 4467 quo
1693 4395 1867 4449 insti-

1983 462 2331 515 cognoscere
2365 445 2683 517 potuerint,
2717 462 2833 515 qua
2866 445 2921 497 in
2958 460 3017 499 re
3050 445 3196 499 satis
3227 446 3319 516 pie
3362 452 3631 518 recteque

1982 535 2240 589 creditur
2269 535 2548 605 prodesse
2582 533 2818 604 parvulo
2850 549 3051 588 eorum
3099 534 3263 603 fides,
3325 552 3358 588 a
3415 536 3630 604 quibus

1981 624 2407 679 consecrandus
2441 623 2700 688 offertur,
2755 627 2814 676 et
2872 622 2980 676 hoc
3030 622 3296 678 Ecclesiae
3329 640 3629 679 commen-

1982 712 2082 765 dat
2111 711 2500 765 saluberrima
2531 711 2868 777 auctoritas,
2905 715 2968 764 ut
2998 728 3065 765 ex
3096 727 3161 767 eo
3193 712 3464 783 quisquis
3496 729 3629 768 sen-

1982 799 2089 854 tiat
2121 800 2274 870 quod
2309 800 2418 854 sibi
2456 801 2639 871 prosit
2670 802 2813 855 fides
2843 818 2970 865 sua,
3009 802 3242 870 quando
3271 802 3327 855 in
3379 800 3626 857 aliorum

1981 904 2214 959 quoque
2240 888 2539 955 beneficio,
2581 889 2680 960 qui
2741 889 3034 961 propriam
3096 890 3357 945 nondum
3416 891 3633 945 habent

1979 981 2352 1048 potestatem,
2386 978 2690 1033 commoda
2715 978 2810 1032 sit.

1976 1084 2107 1139 CAP.
2163 1083 2311 1139 XIII.
2367 1083 2586 1139 Salutio
2645 1086 2871 1139 canonis
2926 1084 3325 1155 praecedentis.
3380 1086 3627 1141 Aliorum

2173 1156 2277 1225 ﬁde
2306 1164 2359 1210 et
2384 1155 2769 1227 promissione,
2800 1158 3022 1226 parvuli
3053 1157 3429 1227 baptizantur.

2172 1247 2237 1302 D.
2276 1246 2557 1315 Isidorus,
2586 1248 2685 1302 lib.
2720 1265 2759 1302 11
2791 1248 2863 1303 De
2896 1248 3095 1318 ofﬁciis
3124 1249 3333 1316 eccles.,
3362 1250 3431 1302 24

2050 1336 2151 1407 (De
2181 1338 2477 1406 Consecr.,
2511 1337 2649 1393 dist.
2692 1339 2743 1405 4,
2796 1354 2845 1392 c.
2897 1337 3178 1406 Parvuli.)
3228 1335 3459 1392 Parvuli
3515 1337 3627 1393 alio

1978 1425 2286 1496 profitente
2318 1425 2715 1497 baptizantur,
2744 1426 2879 1496 quia
2911 1427 3059 1481 aduc
3091 1426 3249 1497 loqui
3277 1426 3361 1482 vel
3396 1427 3629 1481 credere

1979 1515 2275 1581 nesciunt,
2309 1514 2461 1570 sicut
2488 1520 2543 1571 et
2575 1515 2730 1585 aegri,
2764 1516 2907 1570 muti
2937 1520 2993 1570 et
3024 1516 3185 1571 surdi
3220 1532 3469 1586 quorum
3505 1516 3630 1571 vice

1978 1602 2127 1658 alius
2161 1604 2466 1675 prolitetur
2495 1609 2558 1658 ut
2592 1621 2692 1675 pro
2725 1605 2809 1659 eis
2843 1605 3196 1676 respondeat
3235 1605 3376 1659 dum
3436 1604 3629 1676 bapti-

1978 1697 2202 1747 zantur.

1978 1782 2114 1837 CAP.
2144 1782 2284 1836 XIV.
2346 1781 2550 1836 Simile
2579 1782 2644 1837 de
2695 1782 3110 1849 aegrotantibus,
3141 1799 3252 1837 non
3309 1783 3619 1838 valentibus

2049 1854 2213 1923 loqui.
2251 1854 2346 1907 Vel
2383 1854 2499 1908 sic:
2535 1855 2784 1908 Aliorum
2812 1856 3121 1909 testimonio
3144 1859 3475 1924 a'grotantes
3495 1862 3624 1909 sunt

2050 1925 2402 1996 baptizandi.

2401 2014 2576 2070 Cone.
2608 2014 2873 2086 Carthag.
2910 2031 2990 2069 ιιι.
3028 2031 3075 2069 c.
3109 2014 3198 2068 34.

2050 2103 2149 2173 (De
2180 2103 2473 2171 Consecr.,
2505 2103 2640 2158 dist.
2676 2103 2730 2168 4,
2764 2120 2813 2158 c.
2846 2103 3234 2174 Aigrotantes.)
3264 2104 3631 2174 Egrotantes

1976 2193 2026 2247 si
2059 2208 2163 2263 pro
2196 2208 2257 2247 se
2288 2193 2638 2263 respondere
2672 2209 2784 2247 non
2819 2195 3085 2264 possunt,
3122 2208 3254 2247 cum
3305 2191 3625 2247 voluntatis

1977 2297 2175 2336 eorum
2211 2282 2620 2336 testimonium
2653 2281 2793 2352 (sui)
2823 2281 3094 2344 dixerint,
3128 2280 3517 2351 baptizentur,
3547 2282 3626 2335 si-

1980 2370 2197 2426 militer
2225 2374 2282 2425 et
2311 2372 2382 2424 de
2415 2371 2836 2440 paenitentibus
2867 2370 3181 2441 agendum.

1978 2478 2109 2533 CAP.
2160 2477 2269 2532 XV.
2330 2478 2726 2547 Argumentum
2768 2493 2801 2530 a
2856 2478 3139 2532 contrario
3183 2492 3343 2532 sensu
3398 2478 3631 2531 canonis

2045 2550 2436 2619 praecedentis.
2461 2548 2565 2603 Vel
2598 2549 2722 2603 sic:
2774 2548 2924 2615 Quod
2970 2564 3082 2602 non
3131 2549 3487 2614 baptizantur
3536 2565 3629 2617 qui

2049 2620 2372 2691 respondere
2398 2628 2625 2689 possunt
2662 2622 2771 2674 nisi
2828 2620 3185 2690 respondeant
3228 2622 3285 2674 in
3336 2620 3626 2690 baptismo.

2148 2708 2215 2763 D.
2248 2709 2631 2779 Augustinus,
2666 2707 2767 2763 lib.
2800 2725 2833 2763 v
2860 2710 2931 2762 De
2963 2708 3248 2779 baptismo,
3284 2724 3332 2762 c.
3364 2708 3455 2763 24.

2051 2796 2153 2867 (De
2183 2797 2477 2861 Consecr.,
2510 2797 2649 2867 dist,
2686 2803 2735 2866 4,
2769 2815 2816 2853 c.
2857 2797 2991 2852 Cum
3017 2814 3117 2869 pro
3162 2813 3343 2868 parv.,
3376 2800 3403 2864 §
3460 2798 3526 2851 At
3579 2798 3630 2851 si

1973 2902 2075 2956 pro
2104 2885 2210 2957 eo.)
2234 2886 2291 2940 Si
2327 2903 2429 2957 pro
2456 2904 2519 2941 eo
2552 2886 2651 2957 qui
2686 2887 2993 2956 respodere
3024 2890 3213 2958 potest
3241 2886 3300 2941 in
3333 2886 3625 2957 baptismo

1978 2974 2131 3029 alius
2162 2977 2529 3045 respondeat,
2572 2992 2687 3030 non
2721 2976 2921 3031 itidem
2954 2976 3126 3042 valet,
3160 2992 3228 3031 ex
3259 2992 3375 3047 qua
3397 2975 3622 3047 regula,

1896 3098 1939 3164 C
1980 3063 2125 3118 illud
2161 3064 2219 3118 in
2252 3063 2558 3136 Evangelio
2590 3066 2808 3119 dictum
2841 3069 2949 3132 est,
2997 3066 3151 3136 quod
3208 3082 3431 3132 omnes,
3490 3082 3624 3121 cum

1976 3152 2213 3224 legitur,
2248 3152 2593 3208 naturaliter
2650 3160 2882 3210 monet:
2916 3154 3149 3210 ZEtatem
3177 3155 3341 3209 habet
3387 3157 3501 3226 ipse
3526 3170 3626 3225 pro

1975 3258 2033 3297 se
2065 3243 2315 3312 loquatur
2337 3244 2512 3311 (Joan.
2543 3244 2647 3313 Ix).

1977 3333 2112 3387 ΟΑΡ.
2146 3331 2297 3385 XVI.
2335 3330 2595 3386 Generale
2626 3333 2895 3402 baptisma
2925 3350 3036 3387 non
3068 3341 3125 3387 ut
3151 3333 3387 3388 Sabbato
3416 3336 3630 3389 sanctm

2048 3404 2272 3457 Paschar
2296 3405 2710 3457 elPentecostes
2740 3404 3060 3458 celebretur.
3119 3405 3215 3457 Vel
3276 3404 3397 3458 sic:
3458 3406 3627 3458 Nemo

2051 3472 2360 3543 baptisetur
2390 3476 2449 3527 in
2480 3474 2666 3528 Natali
2696 3475 2937 3540 Domini,
2972 3474 3331 3544 Epiphaniae,
3372 3491 3466 3529 seu
3497 3492 3628 3543 apo-

2046 3546 2341 3685 ;‘tolorum,
2371 3546 2458 3599 vel
2487 3555 2799 3600 sanctorum
2830 3546 3257 3616 festivitatibus,
3287 3547 3397 3601 nisi
3416 3562 3629 3601 necesse

2074 3625 2237 3671 uerit.

2074 3633 2237 3671 uerzt.

1978 3706 2089 3761 Leo
2124 3722 2273 3777 papa
2307 3706 2350 3773 Ι,
2383 3705 2631 3777 epistola
2666 3707 2776 3761 tad
2813 3706 3088 3761 Imerium
3108 3711 3624 3763 Tarraconensem.

2050 3795 2150 3866 (De
2181 3795 2475 3863 Consecr.,
2510 3794 2649 3850 dist.
2682 3796 2734 3865 4,
2796 3812 2845 3851 c.
2878 3800 3000 3851 Non
3049 3797 3308 3867 ratione.)
3351 3797 3476 3851 Non
3536 3813 3626 3851 ra-

1976 3884 2135 3940 tione
2168 3884 2539 3940 auctoritatis
2564 3885 2839 3955 alicujus,
2864 3886 2964 3941 sed
2991 3885 3115 3941 sola
3138 3887 3461 3941 temeritate
3488 3902 3629 3956 prae-

1976 3974 2253 4041 sumitur,
2290 3979 2355 4028 ut
2386 3973 2605 4046 passim
2640 3978 2695 4028 et
2751 3974 2931 4030 libere
2960 3974 3233 4031 Natalitio
3278 3974 3490 4030 Christi
3525 3990 3625 4029 seu

1974 4062 2376 4134 Apparitione,
2411 4080 2513 4117 nec
2547 4080 2659 4117 non
2695 4063 3091 4134 apostolorum
3140 4080 3241 4117 seu
3303 4068 3626 4133 martyrum

1975 4150 2751 4215 festivitatibusinnumeraz,
2779 4157 2841 4204 ut
2863 4151 3099 4219 asseris,
3126 4150 3322 4223 plebes
3347 4151 3626 4221 baptismi

1975 4242 2319 4311 mysterium
2354 4246 2813 4309 consequantur,
2859 4256 2992 4293 cum
3053 4239 3165 4293 sibi
3224 4239 3331 4294 hoc
3392 4240 3623 4311 privile-

1976 4328 2134 4400 gium
2169 4330 2319 4398 apud
2356 4345 2483 4396 nos,
2519 4334 2575 4382 et
2617 4329 2770 4397 apud
2820 4327 3109 4383 Ecclesiae
3168 4344 3372 4384 omnes
3432 4328 3627 4383 Domi-

1979 4419 2175 4473 nicum
2196 4417 2418 4472 Pascha
2440 4416 2771 4488 specialiter
2792 4433 2924 4471 cum
2949 4421 3148 4472 sancto
3171 4416 3506 4473 Pentecoste
3529 4418 3629 4473 de-

211 4486 339 4538 tuta
368 4487 460 4538 est
491 4483 863 4538 circumcisio
897 4482 956 4536 in
990 4481 1206 4553 populo
1238 4482 1357 4552 Dei,
1393 4484 1544 4554 quod
1579 4488 1702 4539 erat
1733 4492 1868 4538 tunc
1900 4470 1945 4535 D

213 4570 584 4643 signaculum
617 4571 1014 4641 fideijustitire
1050 4572 1171 4639 Dei,
1215 4573 1282 4626 ad
1336 4572 1864 4628 sanctificationem

212 4659 582 4731 purgationis
612 4658 841 4714 valebat
887 4659 1145 4730 parvulis
1185 4658 1487 4730 originalis
1533 4660 1866 4732 veterisque

211 4748 454 4820 peccati,
489 4748 641 4803 sicut
670 4747 847 4803 etiam
880 4748 1215 4819 baptismus
1272 4763 1340 4803 ex
1397 4747 1496 4803 illo
1550 4748 1739 4804 valere
1770 4748 1862 4804 in-

210 4838 404 4909 C(Bpit,
437 4837 507 4892 ad
542 4836 976 4893 innovationem
1007 4836 1265 4892 hominis
1295 4854 1363 4893 ex
1411 4853 1525 4908 quo
1558 4836 1862 4894 institutus

208 4930 321 4982 est.

205 5046 348 5118 Car.
376 5044 510 5118 XII,
541 5045 797 5118 Porculis
826 5046 880 5118 in
916 5044 1241 5114 baptismate
1271 5044 1619 5118 offerentium
1641 5043 1861 5118 prodest

276 5116 430 5191 ﬁdes.
464 5115 680 5191 Velsic
708 5134 720 5191 ς
756 5116 903 5184 Quid
926 5118 1099 5187 prosit
1126 5115 1378 5187 parvulis
1403 5115 1722 5191 baptismus,
1744 5125 1857 5174 sta-

278 5190 379 5242 tim
410 5193 531 5256 post
565 5188 897 5258 baptismum
929 5193 1180 5246 mortuis.

274 5281 332 5329 D.
366 5275 756 5348 Augustinus,
791 5277 894 5332 lib.
923 5294 984 5331 ιιι
1020 5280 1088 5334 De
1132 5280 1305 5336 libero
1336 5281 1589 5350 arbitrio,
1622 5295 1673 5335 c.
1704 5280 1793 5333 23.

277 5381 380 5444 (De
409 5386 707 5453 Consecr.,
740 5384 877 5439 dist.
914 5384 966 5449 4,
1000 5399 1050 5439 c.
1084 5385 1227 5439 Illud
1250 5386 1639 5457 perscrutari.)
1697 5385 1853 5440 Illud

206 5474 562 5543 perscrutari
582 5472 850 5529 homines
868 5471 1077 5540 solent,
1120 5479 1556 5532 sacramentum
1573 5474 1855 5547 baptismi

206 5559 424 5617 Christi
455 5560 593 5632 quid
627 5561 885 5633 parvulis
916 5562 1118 5634 prosit,
1163 5578 1297 5619 cum
1328 5578 1395 5620 eo
1444 5568 1679 5636 accepto
1729 5563 1857 5637 ple-

1975 4613 2110 4668 CAP.
2143 4612 2319 4667 XVII.
2354 4611 2506 4684 Quod
2535 4611 2643 4668 duo
2676 4617 2925 4684 tempora
2958 4617 3089 4668 sunt
3147 4613 3487 4684 baptizandi,
3518 4614 3626 4670 sci-

2367 4683 2489 4739 licet
2532 4684 2756 4741 Pascha:
2786 4683 2837 4739 et
2870 4683 3232 4741 Pentecostes’.

1972 4772 2137 4845 Item,
2171 4774 2281 4830 Leo
2314 4790 2465 4845 papa
2493 4773 2937 4899 episcopistptir
2965 4773 3220 4831 Siciliam
3267 4775 3625 4845 constitutis,

2664 4862 2789 4899 eois
2825 4887 2837 4899 .
2920 4888 2931 4899 .

2664 4862 2837 4917 eptsn.
2886 4862 2931 4900 1.

2045 4933 2147 5005 (De
2177 4932 2447 4990 Consecr.
2482 4933 2619 4991 dist.
2651 4934 2705 5000 4,
2740 4951 2789 4990 c.
2824 4935 2937 4990 Duo
2994 4940 3236 5009 tempora
3264 4953 3286 4998 ;
3319 4940 3375 4991 et
3405 4953 3453 4991 c.
3508 4936 3623 5007 Non

1964 5033 2146 5100 potest
2176 5023 2362 5082 eadem
2395 5026 2569 5096 dist).
2632 5024 2938 5084 Evidenter
2967 5027 3283 5102 agnoscitis
3342 5027 3401 5082 in
3434 5026 3624 5097 bapti-

1968 5117 2175 5172 zandis
2206 5117 2405 5171 electis
2439 5117 2537 5187 qui
2572 5119 2896 5173 secundum
2932 5120 3311 5190 apostolicam
3363 5117 3623 5189 regulam

1972 5205 2316 5261 exorcismis
2349 5206 2647 5260 scrutandi
2708 5213 2866 5271 sunt,
2892 5207 3134 5277 jejuniis
3192 5208 3624 5274 sanctiﬁcandi,

1976 5294 2455 5365 etfrequentibus
2478 5295 2989 5366 prmdicationibus
3015 5296 3315 5351 imbuendi
3338 5297 3621 5361 sunt,duo

1966 5386 2199 5440 tantum
2230 5388 2517 5455 tempora,
2550 5384 2774 5441 Pascha
2805 5387 2861 5439 et
2894 5383 3295 5457 Pentecosten,
3325 5402 3453 5441 esse
3494 5403 3618 5442 ser-

1963 5472 2176 5529 vanda.

1965 5562 2099 5619 CAP.
2132 5561 2336 5619 XVIII.
2370 5563 2487 5632 Qua
2542 5560 2762 5620 ratione
2822 5561 3067 5620 Christus
3126 5563 3390 5622 Dominus
3434 5569 3617 5623 noster
