4000 6054
421 182 554 241 1051

1501 201 1569 252 D.
1611 199 1851 256 IVONIS
1885 201 2384 261 CARNOTENSIS
2418 207 2738 264 EPISCOPI

3685 210 3834 266 1052

484 307 1055 408 polueritubaptizpri
1106 315 1188 399 in.
1220 317 1382 408 festo.
1402 321 1783 408 ,ιῐρίιζήιιηηίεεξῆΔ
1824 330 1875 380 et
1923 325 2062 408 quod
2090 331 2142 396 Α
2174 329 2366 385 nuerit
2383 330 2429 385 si
2466 331 2674 387 mortis
2693 329 2950 402 periculo
2973 335 3232 402 urgetur,
3262 331 3350 387 vel
3372 331 3502 404 ipsa
3525 333 3676 390 hora
3706 353 3826 408 qua

486 379 604 434 alia
622 383 806 451 gratia
844 379 1128 464 confertur
1165 379 1580 464 inibaptisr'na'te
1606 379 1865 464 Spiritus
1880 379 2062 453 sdncti

481 467 592 522 qua
622 469 722 508 nos
752 459 1112 527 renascimur,
1146 470 1194 512 et
1229 458 1284 514 in
1319 462 1585 532 baptismo
1616 458 1863 522 Ioannis.

414 556 556 613 Item
588 559 699 616 Leo
732 578 882 635 papa
911 564 1200 648 episcopis
1232 584 1338 694 per;
1379 570 1643 628 Siciliam
1697 576 2055 645 constitutis,

1105 654 1230 694 ems
1260 680 1272 692 .
1348 679 1361 694 .

1105 654 1272 708 epist.
1309 654 1361 694 4.

477 735 574 807 (De
605 737 873 794 Consecr.
908 741 1045 796 dist.
1080 743 1132 808 4,
1167 760 1215 798 c.
1247 745 1313 802 .Si
1344 746 1466 817 quis
1522 752 1756 821 autem.)
1802 752 1862 808 Si
1921 753 2055 824 quis

405 830 602 881 autem
635 826 968 897 Epiphaniae
1001 830 1374 890 festivitatem
1429 853 1556 909 quas
1603 839 1662 894 in
1713 857 1820 896 suo
1853 843 2056 898 ordine

405 913 598 970 debito
633 914 847 971 honore
880 922 1210 977 veneranda
1239 928 1350 990 est,
1383 926 1454 980 ob
1497 927 1603 983 hoc
1651 930 1903 986 mstimat
1935 932 2052 1002 pri-
2128 988 2132 993 .

402 1001 678 1074 vilegium
712 1003 925 1062 habere
955 1006 1509 1084 baptismatis,qnia
1538 1016 1644 1072 hoc
1675 1020 1913 1089 quidem
1936 1001 2057 1091 lpu-

402 1093 529 1144 tant
558 1093 713 1161 quod
747 1093 804 1148 in
839 1096 1041 1152 eodem
1075 1098 1357 1157 Dominus
1390 1103 1460 1158 ad
1503 1105 1866 1178 baptismum
1918 1126 2053 1164 san-

400 1177 474 1233 cti
505 1182 749 1238 Joannis
781 1187 1112 1258 accesserit,
1145 1189 1293 1245 sciat
1350 1191 1509 1249 illius
1559 1177 1834 1268 baptismi
1877 1197 2052 1254 aliam

400 1269 651 1338 gratiam
687 1270 894 1343 fuisse,
927 1274 1101 1332 aliam
1144 1279 1452 1352 rationem,
1501 1301 1606 1340 nec
1654 1286 1723 1341 ad
1783 1289 2049 1343 eamdem

399 1358 757 1428 pertinuisse
791 1362 1090 1435 virtutem,
1125 1385 1242 1440 qua
1291 1387 1392 1441 per
1436 1373 1721 1444 Spiritum
1781 1381 2050 1433 sanctum

398 1455 812 1516 renascuntur,
865 1454 937 1509 de
991 1455 1208 1525 quibus
1254 1459 1504 1517 dicitur:
1557 1465 1664 1532 Qui
1692 1481 1797 1520 non
1831 1481 1900 1520 ex
1927 1484 2052 1522 san-

397 1537 683 1610 guinibus,
714 1557 894 1613 neque
921 1559 990 1598 ex
1018 1546 1296 1602 voluntate
1327 1553 1534 1620 carnis,
1556 1569 1728 1624 neque
1756 1569 1825 1609 ex
1850 1559 2051 1610 volun-

395 1633 504 1680 tate
531 1628 662 1695 viri,
695 1631 788 1684 sed
816 1647 886 1686 ex
914 1633 1018 1689 Deo
1073 1635 1198 1690 nati
1252 1643 1379 1694 sunt
1435 1641 1614 1711 (Joan.
1644 1646 1704 1711 I).
1766 1643 2048 1701 Dominus

396 1714 556 1771 enim
589 1717 810 1774 nullius
833 1721 1107 1793 indigens
1129 1725 1474 1784 remissione
1504 1731 1747 1802 peccati,
1769 1750 1873 1788 nec
1891 1751 2048 1805 quee-

396 1818 531 1859 rens
565 1809 889 1864 remedium
925 1814 1268 1870 renascendi
1297 1818 1382 1872 sic
1401 1818 1582 1874 voluit
1603 1821 1886 1892 baptizari
1909 1840 2050 1895 quo-

396 1893 567 1947 modo
600 1900 657 1949 et
687 1896 868 1952 voluit
898 1899 1263 1972 circumcidi,
1287 1893 2049 1980 hostiamqueemundatio-

395 1980 487 2034 nis
519 1998 622 2053 pro
655 2000 716 2039 se
747 1986 962 2059 oII'erri,
998 1994 1062 2045 ut
1100 1992 1200 2062 qui
1250 1994 1443 2051 {actus
1491 2003 1614 2053 erat
1661 2017 1729 2055 ex
1780 2001 2044 2069 muliere,

397 2068 551 2124 sicut
580 2073 896 2143 Apostolus
928 2078 1030 2146 ait,
1066 2079 1226 2136 ﬁeret
1281 2087 1339 2138 et
1391 2085 1500 2141 sub
1557 2087 1683 2158 lege
1741 2089 1883 2160 (Gal.
1944 2068 2044 2162 iv),

391 2173 565 2228 quam
599 2177 714 2217 non
744 2171 981 2222 venerat
1009 2169 1252 2238 solvere,
1286 2174 1387 2229 sed
1438 2175 1778 2249 adimplere,
1830 2183 1886 2234 et
1933 2179 2044 2235 im-

393 2244 608 2316 plendo
642 2250 828 2322 (inire,
861 2255 1011 2311 sicut
1045 2258 1252 2316 beatus
1274 2244 1909 2337 Apostolus'przedicat
1953 2269 2040 2322 di-

395 2351 532 2392 cens
562 2353 574 2391 :
610 2340 763 2395 Finis
791 2351 977 2399 autem
1008 2346 1151 2418 legis
1175 2349 1388 2407 Chistus
1434 2353 1506 2408 ad
1547 2355 1833 2425 justitiam
1889 2358 2044 2413 omni

388 2425 631 2483 credenti
655 2429 830 2500 (Rom.
863 2426 941 2505 αἱ).
974 2437 1261 2506 Baptismi
1293 2445 1489 2497 autem
1544 2444 1636 2498 sui
1684 2446 1951 2502 condidit
1979 2448 2038 2503 in

389 2529 454 2569 se
475 2524 936 2593 sacramentum,
961 2525 1100 2590 quia
1122 2527 1178 2581 in
1204 2530 1479 2586 omnibus
1495 2533 1812 2604 primatum
1833 2539 2038 2594 tenens

387 2603 612 2698 (Coloss.
647 2607 708 2698 1),
731 2624 795 2664 se
824 2610 1027 2668 docuit
1053 2631 1181 2671 esse
1212 2603 1590 2692 principium.
1615 2624 1685 2678 Et
1713 2629 1854 2680 tunc
1871 2643 2036 2698 rege-

385 2693 706 2787 nerationis
739 2701 1060 2768 potentiam
1093 2707 1308 2774 sanxit,
1343 2711 1578 2780 quando
1606 2712 1677 2767 de
1706 2711 1886 2770 latere
1937 2693 2035 2787 ip-

389 2778 514 2878 sius
548 2784 873 2878 proﬂuxere
903 2792 1146 2864 sanguis
1179 2778 1602 2870 redemptionis
1633 2806 1690 2856 et
1746 2819 1900 2874 aqua
1930 2778 2034 2860 ba-

380 2871 703 2938 ptismatis.

379 2981 516 3040 CAP.
548 2987 697 3044 XIX.
733 2989 884 3057 Quod
913 2995 1070 3077 omni
1095 2999 1336 3077 tempore
1385 3001 1459 3056 sit
1491 3005 1901 3077 baptizandum,
1933 3025 2030 3065 ur-

933 3071 1095 3135 gente
1122 3071 1469 3129 necessitate.

449 3159 553 3232 (De
588 3162 858 3259 Consecr.
918 3169 1053 3226 dist.
1089 3174 1139 3240 4,
1186 3192 1235 3230 ο.
1295 3176 1357 3233 Si
1406 3181 1502 3250 qui
1547 3198 1618 3237 ex
1671 3185 2034 3259 necessitate.)

377 3248 555 3306 Porro
588 3253 689 3324 qui
725 3271 793 3310 ex
819 3260 1169 3318 necessitate
1197 3248 1429 3336 mortis,
1459 3270 1850 3341 aegritudinis,
1872 3248 2033 3332 obsi;

377 3337 594 3411 dionis,
627 3346 1053 3414 persecutionis
1087 3355 1142 3407 et
1174 3355 1463 3429 naufragii
1511 3337 1814 3432 urgentur,
1868 3366 2032 3421 omni

375 3430 635 3501 tempore
667 3433 879 3491 debent
911 3437 1215 3510 baptizari.
1254 3445 1379 3500 Haec
1410 3463 1547 3520 ergo
1575 3430 1778 3506 vestras
1815 3452 2031 3510 indici-

375 3532 510 3574 mus
541 3521 834 3594 cbaritati,
861 3529 925 3580 ut
955 3527 1026 3582 ab
1059 3532 1394 3601 apostolicis
1425 3535 1720 3596 institutis
1751 3541 1914 3597 nullo
1948 3543 2030 3598 ul-

373 3607 557 3661 terius
581 3611 867 3668 recedatis
885 3621 1304 3692 excessu,quia
1323 3623 1581 3682 inultum
1605 3634 1738 3700 post
1762 3629 1882 3686 haec
1903 3647 2028 3689 esse

373 3709 489 3792 non
523 3699 756 3792 poterit,
785 3701 832 3792 si
893 3705 1208 3777 quisquam
1267 3699 1623 3783 apostolicae
1680 3719 1918 3792 regulas
1967 3722 2027 3777 in

373 3781 570 3854 aliquo
603 3788 919 3846 crediderit
948 3781 1350 3868 negligendas.

369 3899 506 3953 CAP.
538 3898 654 3957 XX.
686 3903 749 3959 In
771 3907 1115 3983 solemnitate
1146 3914 1402 3983 paschali
1445 3927 1495 3973 et
1544 3926 1881 3982 Pentecostes
1930 3943 2027 3983 ca-

764 3977 1078 4037 techumeni
1114 3977 1244 4040 sunt
1295 3988 1630 4060 baptizandi.

440 4077 544 4149 (De
602 4081 872 4171 Consecr.
907 4088 1043 4144 dist.
1104 4091 1156 4162 4,
1191 4110 1241 4148 e.
1274 4096 1348 4150 De
1401 4100 1733 4171 catechum.)
1761 4104 1841 4160 De
1871 4111 2024 4163 cate-

369 4165 676 4260 chumenis
701 4173 1066 4244 baptizandis
1087 4180 1144 4236 id
1169 4183 1467 4242 decretum
1487 4193 1596 4260 est,
1620 4195 1686 4246 ut
1707 4165 1766 4248 in
1787 4196 2027 4254 Pascha:

367 4254 737 4350 solemnitate
759 4263 845 4318 vel
865 4254 1649 4350 Pentescostes,cmterisque
1673 4282 2022 4342 solemnita-

364 4343 523 4400 tibus
557 4346 776 4405 inﬁrmi
811 4358 1036 4412 tantum
1068 4359 1320 4417 debeant
1350 4343 1657 4436 baptizari.

365 4459 498 4515 CAP.
534 4462 832 4547 XXI.‘Nisi
858 4473 1180 4547 necessitate
1207 4488 1450 4545 cogente,
1500 4482 1652 4539 inter
1705 4487 1917 4545 Pascha
1968 4499 2024 4547 et
2051 4447 2098 4512 D

565 4535 923 4597 Pentecosten
948 4546 1138 4602 nullus
1171 4535 1461 4621 baptizare
1491 4535 1812 4625 priesuma—t'.

700 4643 973 4706 Gelasius
1003 4651 1159 4710 clero
1191 4661 1248 4712 et
1275 4659 1427 4728 plebi
1459 4662 1692 4719 Terent.

434 4748 537 4842 (Pe
569 4747 841 4842 Consecr.
869 4755 1006 4815 dist.
1041 4760 1094 4827 4,
1143 4778 1191 4818 c.
1247 4769 1648 4842 Venerabilis.)
1702 4771 2019 4829 Venerabi-

360 4831 436 4889 lis
468 4834 747 4908 baptismi
771 4854 1209 4906 sacramentum
1235 4853 1347 4909 nisi
1372 4855 1429 4910 in
1452 4858 1712 4929 paschali
1740 4860 2016 4917 solemni-

363 4925 482 4980 tate
512 4930 568 4980 et
599 4931 971 5020 Pentecostes
1004 4940 1234 4997 tradere
1267 4960 1383 4999 non
1417 4925 1734 5016 praesumat
1789 4950 2020 5020 episco-

363 5027 475 5108 pus
504 5017 760 5087 exceptis
791 5025 1137 5092 aegritudine
1159 5028 1584 5102 laborantibus,
1610 5017 1840 5108 quibus
1863 5028 2018 5095 mor4

361 5099 438 5156 tis
469 5109 714 5175 urgente
746 5111 1006 5180 periculo
1037 5115 1256 5174 talibus
1279 5127 1526 5195 oportet,
1549 5099 1708 5180 ne-in
1737 5133 2018 5185 aeternum

361 5198 624 5265 pereant,
659 5201 930 5258 remediis
961 5206 1278 5263 subveniri.

1035 5324 1166 5378 CAP.
1199 5324 1349 5382 XXII

833 5408 1172 5469 Gasoomus
1207 5415 1546 5474 Aunus'rmo

430 5504 744 5579 Baptizari,
777 5513 865 5570 vel
896 5516 1088 5589 ipsam
1120 5520 1450 5597 mulierem,
1484 5524 1569 5583 vel
1601 5525 1709 5585 hoc
1740 5531 1894 5601 quod
1919 5547 2016 5604 ge-

2169 417 2375 489 gignit,
2409 419 2495 474 vel
2529 420 2636 475 hoc
2668 421 2821 492 quod
2849 420 3136 492 gignitur,
3171 421 3374 477 eadem
3409 422 3550 479 hora
3581 441 3703 495 qua
3724 442 3826 480 na-

2167 510 2293 561 tum
2328 514 2418 563 est
2452 509 2614 564 nullo
2649 511 2821 565 modo
2854 509 3220 582 prohibetur.

2166 612 2290 692 CA_P_.
2314 615 2528 692 XXIII.
2566 616 2717 684 Quod
2757 617 2874 692 soli
2912 617 3219 692 sacerdotes
3267 618 3462 674 debent
3506 621 3821 692 baptizare.

2235 685 2349 812 Vell
2389 688 2509 742 sic:
2567 694 2739 745 Nemo
2810 688 2926 744 nisi
2979 691 3232 746 sacerdos
3279 685 3823 764 baptizare-praesu-

2235 773 2324 811 ma
2355 799 2367 812 .

2233 773 2367 812 mat.

2334 846 2619 916 Isidorus,
2657 849 2757 904 lib.
2795 867 2836 904 ιι
2870 854 2945 904 De
2975 850 3182 920 ofﬁciis
3211 851 3425 920 eccles.,
3471 870 3523 911 c.
3555 855 3648 908 24.

2238 934 2341 1005 (De
2369 937 2638 992 Consecr.
2673 937 2812 994 dist.
2845 939 2897 1008 4,
2932 955 2981 994 ο.
3041 939 3322 1009 Constat.)
3377 946 3615 998 Constat
3673 945 3820 1016 bap-

2165 1023 2338 1080 tisma
2369 1025 2512 1082 solis
2545 1027 2943 1083 sacerdotibus
2965 1044 3093 1084 esse
3111 1029 3419 1101 traditum,
3441 1031 3686 1102 ejusque
3711 1033 3825 1087 mi-

2166 1112 2476 1170 nisterium
2509 1131 2612 1171 nec
2643 1116 2789 1188 ipsis
2823 1117 3168 1173 diaconibus
3200 1117 3427 1189 explere
3459 1125 3549 1175 est
3583 1120 3820 1176 licitum

2163 1201 2382 1272 absque
2413 1205 2688 1276 episcopo
2719 1205 2805 1260 vel
2838 1206 3196 1279 presbytero,
3229 1207 3339 1262 nisi
3368 1207 3424 1263 in
3449 1207 3540 1264 his
3559 1210 3657 1279 qui
3691 1227 3819 1282 pro-

2162 1290 2257 1346 cul
2315 1294 2657 1350 absentibus
2717 1295 2925 1352 ultima
2978 1295 3280 1368 languoris
3339 1303 3508 1370 cogat
3555 1299 3819 1355 necessi-

2161 1381 2302 1436 tudo
2327 1382 2690 1456 [necessitas]
2715 1402 2727 1453 ;
2747 1386 2901 1458 quod
2917 1390 2972 1441 et
2995 1385 3158 1441 laicis
3183 1385 3452 1443 ﬁdelibus
3467 1387 3628 1460 pleru
3642 1405 3816 1461 mque

2161 1471 2542 1540 permittitur.

2156 1562 2291 1616 CAP.
2325 1560 2526 1618 XXIV.
2562 1561 2713 1630 Quod
2744 1562 2880 1619 laici
2909 1563 3113 1690 ίὲἕὲἰεηί
3145 1563 3427 1636 baptizare
3457 1567 3520 1620 in
3576 1569 3814 1622 necessi-

3000 1652 3047 1690 e.

3000 1652 3047 1691 ϐ.

2079 1703 2127 1768 Β
2155 1721 2422 1777 Gelasius
2453 1723 2747 1796 episcopis
2769 1741 2872 1796 per
2894 1723 3214 1780 Lucaniam
3237 1729 3294 1781 et
3311 1725 3568 1782 Siciliam
3591 1729 3816 1784 consti-

2897 1799 3067 1853 tutis.

2227 1885 2330 1948 (De
2359 1882 2631 1938 Consecr.
2666 1884 2805 1940 dist.
2865 1885 2918 1940 4.
2988 1902 3039 1940 c.
3091 1887 3153 1941 In
3208 1888 3573 1955 necessitate.)
3624 1887 3813 1944 Laicis

2154 1969 2501 2026 Christianis
2534 1972 2824 2044 baptizare
2857 1973 3203 2046 plerumque
3232 1975 3591 2032 conceditur.

2153 2079 2285 2132 CAP.
2319 2077 2493 2152 XXV.
2517 2081 2685 2136 Nullo
2725 2081 2881 2136 modo
2909 2083 3114 2137 mulier
3162 2082 3316 2138 debet
3364 2083 3670 2152 baptizare.
3705 2083 3806 2140 Vel

2384 2151 2507 2205 sic:
2541 2153 2654 2206 Non
2686 2158 2999 2222 praesumat
3036 2154 3240 2208 mulier
3271 2151 3572 2225 baptizare.

2223 2239 2327 2308 (De
2349 2238 2622 2296 Consecr.
2658 2242 2797 2299 dist.
2831 2242 2884 2312 4,
2917 2259 2967 2297 c.
3001 2243 3246 2315 Mulier.)
3271 2243 3479 2299 Mulier
3503 2245 3800 2316 baptizare

2153 2344 2268 2382 non
2303 2334 2642 2398 praesumat.

2147 2419 2274 2471 CAP.
2309 2417 2498 2474 XXVI.
2531 2418 2715 2474 Etiam
2747 2419 2896 2489 laici,
2955 2420 3278 2478 necessitate
3321 2425 3558 2494 cogente,
3619 2423 3799 2494 bapti-

2764 2507 2894 2548 zare
2929 2496 3176 2563 possunt.

2516 2580 2883 2649 Augustinus
2915 2581 2986 2636 ad
3015 2581 3419 2638 Fortunatum.

2216 2667 2317 2738 (De
2347 2667 2618 2724 Consecr.
2652 2669 2788 2724 dist.
2825 2670 2875 2736 4,
2911 2686 2960 2725 c.
2992 2671 3055 2725 In
3087 2671 3318 2742 necess.)
3354 2673 3412 2727 In
3447 2672 3801 2728 necessitate

2144 2772 2280 2812 cum
2301 2756 2557 2829 episcopi
2581 2762 2638 2813 et
2660 2757 2982 2830 presbyteri
3007 2763 3108 2815 aut
3128 2759 3374 2832 quilibet
3395 2760 3802 2817 ministrorum

2142 2860 2258 2900 non
2291 2845 2694 2915 inveniuntur,
2721 2853 2778 2902 et
2807 2851 2974 2920 urget
3007 2849 3331 2920 periculum
3365 2850 3493 2922 ejus
3515 2851 3612 2922 qui
3630 2851 3798 2922 petit,

2141 2950 2214 2989 ne
2245 2933 2374 2992 sine
2407 2935 2520 2992 isto
2552 2941 2920 2992 sacramento
2978 2939 3155 2994 vitam
3215 2939 3384 2995 ﬁniat
3415 2939 3579 3005 hanc,
3614 2939 3795 2996 etiam

2143 3021 2323 3080 laicos
2363 3025 2500 3080 dare
2529 3026 2716 3082 solere
2747 3030 3177 3083 sacramentum
3209 3028 3362 3100 quod
3421 3033 3797 3101 acceperunt,

2145 3113 2350 3169 audire
2383 3112 2668 3170 solemus.

2142 3218 2278 3274 CAP.
2309 3220 2539 3294 XXVII.
2572 3225 2845 3294 Paganus
2886 3224 3096 3294 postest
3146 3221 3440 3294 baptisma.
3500 3222 3602 3278 Vel
3664 3223 3788 3279 sic:

2209 3295 2331 3367 Non
2361 3291 2659 3349 reiteretur
2689 3291 2961 3364 baptisma
2989 3293 3131 3366 quod
3164 3291 3443 3367 a'pagano
3501 3296 3796 3352 ministra-

2213 3365 2323 3418 tur.
2493 3437 2572 3488 Ex
2603 3435 2862 3491 Deeretis
2911 3435 3123 3492 Isidori
3151 3436 3430 3510 episcOpi.

2208 3521 2312 3591 (De
2342 3522 2612 3578 Consecr.
2651 3523 2786 3579 dist.
2821 3525 2874 3591 4,
2900 3540 2950 3580 c.
2977 3525 3294 3598 Romanus.)
3319 3526 3616 3582 Romanus
3643 3541 3792 3599 pon-

2136 3611 2277 3666 tifex
2308 3628 2423 3666 non
2449 3611 2750 3668 hominem
2775 3612 3006 3684 judicat
3035 3615 3136 3686 qui
3156 3615 3430 3687 baptizat,
3469 3615 3573 3670 sed
3599 3615 3791 3686 Spiri-

2135 3703 2262 3755 tum
2296 3705 2566 3756 sanctum
2587 3702 3038 3758 subministrare
3056 3704 3306 3775 gratiam
3327 3703 3626 3776 baptismi,
3651 3703 3792 3760 licet

2136 3805 2399 3860 paganus
2431 3789 2508 3844 sit
2539 3791 2636 3861 qui
2672 3791 2951 3862 baptizat.

2135 3895 2250 3972 CAP
2283 3896 2547 3972 XXVIII.
2579 3899 2876 3972 [hereticus
2931 3902 3128 3972 potest,
3161 3900 3455 3972 baptizare.
3515 3899 3639 3972 Vel
3667 3901 3793 3956 sic:

2203 3968 2322 4042 Non
2349 3970 2648 4042 reiteratur
2677 3969 2948 4040 baptisma
2989 3970 3130 4042 quod
3161 3968 3238 4026 in'
3267 3971 3490 4028 nomine
3551 3971 3797 4028 Trinita-

2205 4040 2276 4094 tis
2304 4038 2675 4095 ministratur.

2329 4126 2394 4182 D.
2419 4127 2783 4198 Augustinus
2817 4130 2888 4185 ad
2920 4131 3213 4197 Orosium,
3242 4131 3279 4186 l.
3314 4149 3374 4197 ιι,
3409 4148 3466 4202 q.
3496 4132 3586 4188 65.

2203 4215 2304 4287 (De
2331 4219 2599 4274 Consecr.
2634 4217 2772 4274 dist.
2807 4219 2862 4289 4,
2882 4236 2932 4274 c.
2958 4220 3265 4292 Quamvis.)
3303 4219 3578 4286 Quamvis
3603 4237 3790 4276 unum

2134 4303 2425 4376 baptisma
2454 4307 2533 4361 sit
2561 4311 2616 4362 et
2648 4307 3080 4377 haereticorum,
3112 4313 3170 4364 et
3198 4325 3400 4365 eorum
3431 4308 3656 4364 scilicet
3687 4309 3794 4381 qui

2133 4393 2194 4448 in
2228 4394 2466 4450 nomine
2495 4394 2703 4463 Patris,
2737 4399 2796 4451 et
2820 4396 2968 4464 Filii,
2998 4401 3057 4452 et
3086 4397 3344 4470 Spiritus
3374 4397 3561 4454 sancti
3591 4398 3792 4470 bapti-

2129 4487 2265 4538 zant
2292 4487 2348 4538 et
2377 4483 2649 4539 Ecclesia:
2701 4484 3030 4554 Catholicae,
3060 4490 3260 4543 tamen
3311 4487 3450 4558 quia
3479 4487 3618 4543 foris
3665 4487 3783 4542 Ec-

2130 4571 2371 4628 clesiam
2403 4572 2803 4644 baptizantur,
2836 4591 2951 4630 non
2981 4579 3227 4630 sumunt
3285 4575 3649 4648 baptismum
3709 4577 3786 4632 ad

2130 4659 2405 4726 salutem,
2437 4661 2534 4716 sed
2566 4663 2636 4716 ad
2668 4663 2988 4733 perniciem
3020 4663 3303 4720 habentes
3353 4664 3636 4719 nimirum
3667 4665 3791 4721 for-

2131 4766 2287 4806 mam
2320 4751 2695 4821 sacramenti,
2728 4752 3006 4808 virtutem
3054 4758 3250 4809 autem
3305 4753 3434 4824 ejus
3481 4753 3789 4826 abnegau-

2128 4842 2238 4895 tes.

2127 4933 2260 4984 CAP.
2292 4927 2490 5000 XXIX.
2521 4928 2745 4985 Judazus
2771 4932 2944 5000 potest
2993 4929 3298 5000 baptizare.
3341 4929 3445 4986 Vel
3478 4930 3600 4986 sic:
3663 4934 3790 4988 Non

2269 4999 2571 5056 reiteratur
2602 4999 2875 5072 baptisma
2902 5003 3008 5057 sia
3033 4999 3222 5059 Judwo
3253 5001 3636 5058 ministratur.

2298 5087 2572 5146 Nicolaus
2604 5091 2675 5145 ad
2723 5089 2994 5146 consulta
3026 5091 3436 5164 Bulgarorum,
3469 5108 3517 5147 c.
3551 5092 3606 5147 3.

2194 5177 2300 5249 (De
2330 5181 2599 5233 Consecr.
2634 5179 2774 5234 dist.
2835 5180 2886 5247 4,
2948 5195 2998 5235 c.
3050 5181 3090 5235 Α
3140 5180 3422 5253 quodam.)
3479 5183 3518 5236 Α
3575 5180 3785 5236 Judaeo

2126 5266 2407 5338 quodam,
2443 5267 2681 5323 nescitis
2739 5271 2938 5324 utrum
2995 5268 3330 5326 Christiano
3389 5287 3463 5325 an
3524 5285 3789 5342 pagano,

2125 5355 2342 5412 multos
2363 5357 2424 5412 in
2452 5357 2642 5428 patria
2668 5362 2860 5414 vestra
2890 5357 3217 5428 baptizatos
3249 5360 3534 5431 asseritis,
3557 5364 3614 5416 et
3635 5359 3783 5431 quid

2123 5443 2260 5501 inde
2290 5447 2585 5517 agendum
2619 5447 2696 5503 sit
2720 5446 3052 5515 consulitis,
3085 5449 3179 5505 his
3210 5451 3492 5522 profecto,
3515 5450 3564 5506 si
3587 5449 3650 5506 in
3674 5465 3787 5505 no-

2125 5533 2283 5590 mine
2304 5540 2521 5594 sanctae
2550 5536 2850 5594 Trinitatis
2880 5536 2970 5594 vel
2999 5540 3230 5596 tantum
3259 5539 3317 5596 in
3343 5538 3580 5598 nomine
3612 5537 3792 5596 Chri-
