4000 6054
259 226 400 282 1053

1576 229 1968 284 PANORMIA.
1996 258 2061 269 —
2094 232 2229 284 LIB.
2271 237 2316 287 ι.

3535 235 3672 290 1054

260 350 359 415 sti,
395 349 547 405 sicut
578 349 635 403 in
668 348 1069 421 apostolorum
1100 350 1342 406 Actibus
1371 351 1603 423 legitur,
1630 351 1906 423 baptizati
1936 357 1990 422 Α
2024 352 2169 408 dixit
2198 355 2457 412 omnino.
2481 356 2674 427 Neque
2704 356 2860 413 enim
2892 356 3152 412 omnium
3176 358 3417 428 aequalis
3439 363 3529 413 est
3550 358 3674 431 glo-

258 443 419 504 sunt,
442 454 624 492 unum
655 437 873 509 quippe
924 438 1197 509 idemque
1221 443 1333 509 est,
1353 440 1492 511 quia
1520 457 1630 496 non
1658 440 1913 508 illorum,

260 529 359 584 sed
383 529 513 599 ejus
536 532 648 595 est,
678 531 742 580 ut
772 532 1016 582 sanctus
1050 528 1403 585 Ambrosius
1432 530 1691 601 exponit.

257 642 391 698 CAP.
426 641 603 697 XXX.
654 640 803 708 Quod
854 641 1160 712 baptismus
1189 659 1221 695 a
1274 643 1429 698 bonis
1470 653 1523 698 et
1548 661 1579 698 a
1608 644 1776 699 mulis
1804 646 1915 699 mi-

328 715 526 768 nistris
557 715 725 768 datus
756 729 971 783 semper
998 722 1074 769 est
1108 717 1293 769 bonus.
1328 714 1430 769 Vel
1480 716 1563 769 sic
1586 734 1605 770 :
1637 717 1788 770 Sicut
1817 732 1917 782 per

330 786 551 850 bonum,
577 787 661 840 ita
690 800 789 855 per
818 787 1035 841 malum
1090 788 1433 851 ministrum,
1455 802 1611 857 aeque
1642 790 1916 859 baptisma

324 860 706 912 ministratur.

252 945 321 1000 D.
372 946 746 1018 Augustinus
803 950 1009 1001 contra
1038 945 1443 1017 Cresconium,
1487 946 1587 1003 lib.
1622 964 1708 1018 ιιι,
1743 964 1794 1003 c.
1821 946 1910 1005 69.

328 1052 431 1123 (De
461 1052 733 1107 Consecr.
786 1053 923 1107 dist.
958 1054 1009 1119 4,
1058 1069 1106 1108 c.
1140 1052 1202 1108 Si
1234 1054 1424 1124 inter.)
1455 1054 1514 1111 Si
1548 1053 1700 1109 inter
1730 1054 1913 1109 bonos

256 1142 559 1197 ministros
592 1157 726 1195 cum
759 1140 837 1196 sit
864 1140 1015 1197 alius
1049 1141 1162 1197 alio
1197 1141 1425 1211 melior,
1451 1159 1567 1197 non
1596 1148 1686 1198 est
1709 1142 1915 1197 melior

252 1231 583 1302 baptismus
616 1230 713 1301 qui
749 1247 851 1301 per
886 1232 1184 1285 meliorem
1210 1232 1402 1301 datur,
1432 1231 1593 1286 nullo
1626 1232 1797 1286 modo
1825 1236 1915 1285 est

252 1320 445 1375 malus
503 1319 603 1391 qui
660 1318 837 1374 etiam
895 1336 998 1390 per
1029 1320 1249 1375 malum
1283 1320 1457 1375 datur
1487 1322 1723 1391 quando
1754 1319 1910 1375 idem

253 1408 554 1481 baptisma
584 1410 718 1475 dat;
754 1412 810 1462 et
840 1408 969 1462 ideo
1005 1424 1108 1479 per
1139 1408 1443 1464 ministros
1492 1410 1759 1481 dispares
1809 1408 1907 1464 Dei

252 1514 472 1553 munus
532 1495 756 1569 aequale
818 1500 928 1566 est,
965 1496 1105 1567 quia
1163 1513 1279 1551 non
1326 1497 1584 1567 illorum,
1622 1499 1721 1553 sed
1780 1498 1907 1568 ejus

257 1591 366 1642 est.

257 1684 392 1741 CAP.
452 1684 646 1740 XXXI.
704 1686 818 1740 Non
878 1687 1091 1739 merita
1148 1686 1553 1750 ministrorum,
1586 1684 1676 1741 sed
1733 1687 1906 1740 virtus

592 1756 801 1812 Christi
829 1758 889 1811 in
924 1757 1251 1827 baptismate
1279 1762 1559 1829 operatur.

691 1851 870 1917 Aug.,
903 1850 963 1901 in
995 1850 1160 1901 Joan.
1194 1851 1364 1901 tract.
1396 1864 1452 1901 v.

317 1934 420 2005 (De
452 1935 723 1990 Consecr.
781 1936 919 1990 dist.
984 1936 1036 2004 4,
1089 1952 1138 1990 c.
1175 1936 1528 2006 Baptismus.)
1564 1936 1902 2006 Baptismus

247 2024 385 2079 talis
416 2029 505 2079 est
534 2025 725 2096 qualis
749 2028 839 2101 est
858 2022 957 2078 ille
982 2024 1037 2078 in
1069 2026 1241 2095 cujus
1264 2030 1551 2097 potestate
1568 2028 1759 2089 datur,
1785 2043 1899 2081 non

247 2112 447 2183 qualis
478 2118 568 2168 est
598 2112 696 2167 ille
728 2130 831 2185 per
861 2112 1034 2182 cujus
1068 2112 1464 2168 ministerium
1497 2116 1688 2169 datur.
1732 2118 1900 2182 Item,

246 2202 403 2273 quod
438 2206 675 2258 noverat
706 2203 962 2273 Baptista
996 2201 1331 2257 Dominum.
1357 2203 1503 2266 Quid
1532 2221 1643 2259 non
1666 2208 1902 2260 noverat

245 2294 599 2362 potestatem
623 2291 899 2363 baptismi
932 2291 1208 2346 Dominici
1242 2292 1301 2346 in
1334 2291 1564 2347 nullum
1598 2292 1897 2348 hominem

250 2398 283 2436 a
298 2381 541 2436 Domino
556 2381 960 2449 transiturum,
983 2383 1079 2435 sed
1099 2381 1491 2437 ministerium
1510 2381 1678 2453 plane
1694 2382 1903 2437 transi—

252 2472 469 2524 turum.
502 2469 852 2525 Potestatem
886 2488 914 2525 a
948 2470 1195 2525 Domino
1228 2470 1284 2524 in
1320 2470 1637 2535 neminem,
1664 2471 1763 2525 sed
1791 2470 1899 2525 mi-

250 2559 564 2614 nisterium
594 2558 652 2614 in
687 2560 873 2615 bonos
903 2565 958 2615 et
989 2560 1043 2613 in
1082 2560 1289 2615 malos.
1318 2560 1492 2615 Item:
1526 2561 1643 2631 Ego
1674 2560 1899 2627 dico,et

249 2663 355 2703 nos
389 2648 643 2703 dicimus
702 2665 928 2715 omnes,
986 2648 1125 2720 quia
1152 2649 1351 2719 justos
1382 2654 1609 2721 oportet
1639 2665 1767 2703 esse
1798 2666 1901 2720 per

247 2753 396 2808 quos
433 2738 787 2809 baptizatur,
815 2737 958 2809 quia
988 2742 1216 2809 Oportet
1246 2753 1375 2792 esse
1402 2739 1595 2808 justos
1626 2738 1771 2791 tanti
1795 2739 1899 2807 ju-

250 2824 397 2879 dicis
446 2826 769 2881 ministros.
827 2827 977 2881 Sunt
1035 2825 1291 2880 ministri
1317 2826 1466 2894 justi
1500 2826 1548 2880 si
1588 2825 1805 2893 volunt,
1848 2826 1897 2881 si

246 2919 439 2969 autem
473 2914 790 2969 noluerunt
819 2931 948 2970 esse
985 2914 1136 2983 justi
1184 2914 1285 2986 qui
1316 2915 1376 2969 in
1408 2915 1687 2969 cathedra
1714 2914 1899 2986 Moysi

246 3004 473 3068 sedent,
500 3019 772 3059 securum
808 3020 901 3058 me
934 3004 1068 3058 fecit
1098 3003 1380 3075 magister
1411 3020 1597 3075 meus,
1658 3005 1728 3059 de
1781 3020 1897 3075 quo

242 3093 497 3165 Spiritus
519 3094 647 3165 ejus
667 3094 845 3149 dicit:
872 3093 965 3148 hic
989 3099 1077 3149 est
1100 3094 1196 3165 qui
1218 3094 1492 3165 baptizat,
1541 3095 1719 3149 item:
1746 3112 1894 3165 quos
1927 3099 1970 3166 ρ

244 3182 787 3254 baptizavitJudas,
813 3182 1080 3238 Christus
1112 3183 1448 3255 baptizavit.
1488 3182 1547 3239 Si
1580 3200 1714 3254 ergo
1748 3201 1896 3255 quos

246 3270 564 3342 baptizavit
589 3270 877 3340 ebriosus,
910 3287 1055 3343 quos
1073 3271 1387 3343 baptizavit
1411 3271 1724 3339 homicida,
1747 3290 1896 3343 quos

246 3361 566 3431 baptizavit
598 3360 850 3427 adulter,
885 3362 934 3416 si
958 3361 1291 3432 baptismus
1321 3361 1538 3417 Christi
1563 3370 1708 3431 erat,
1730 3361 1895 3415 Chri-

246 3453 375 3504 stus
426 3450 760 3522 baptizavit,
813 3467 927 3504 non
973 3448 1152 3505 timeo
1184 3449 1501 3520 ebriosum,
1538 3449 1893 3517 adulterum,

242 3537 627 3606 homicidam,
651 3537 1138 3610 quiacolumbam
1169 3539 1402 3593 attendo
1423 3554 1524 3610 per
1545 3555 1721 3608 quam
1748 3538 1894 3593 mihi

241 3625 494 3680 dicitur:
520 3625 614 3681 hic
636 3632 722 3681 est
742 3628 843 3696 qui
868 3625 1142 3697 baptizat.
1172 3627 1388 3681 Iterum
1414 3625 1712 3680 homicida
1734 3626 1896 3681 dedit

238 3713 603 3785 baptismum
654 3716 894 3785 Christi,
944 3715 1097 3787 quod
1134 3719 1571 3770 sacramentum
1605 3720 1725 3769 tam
1759 3731 1895 3770 san-

240 3807 400 3857 ctum
433 3809 542 3872 est,
592 3809 657 3859 ut
705 3820 810 3859 nec
844 3805 1139 3860 homicida
1170 3804 1540 3860 ministrante
1572 3804 1890 3876 polluatur.

240 3906 377 3962 CAP.
436 3907 661 3965 XXXII.
722 3910 1037 3979 Bapttsmus
1094 3918 1144 3964 et
1194 3912 1549 3979 sacrilegium
1608 3910 1892 3967 haeretico-

314 3996 460 4043 rum,
520 3997 630 4035 non
684 3988 816 4035 sunt
847 3989 1209 4038 sacramenta.
1262 3982 1360 4037 Vel
1408 3984 1529 4037 sic:
1566 3982 1716 4049 Quod
1748 3986 1893 4037 inve-

310 4053 503 4105 niatur
549 4052 616 4123 ab
673 4054 935 4123 apostolis
982 4052 1211 4121 dictum,
1269 4056 1647 4110 ministerium
1688 4071 1889 4121 meum,

317 4122 684 4191 Evangelium
710 4122 942 4195 ’meum,
1009 4145 1035 4172 »
1097 4124 1187 4179 sed
1216 4141 1524 4197 nunquam,
1562 4147 1590 4177 ‹‹
1622 4126 1893 4199 baptisma

310 4210 512 4250 meum.
549 4217 577 4243 ὶ)

310 4283 375 4337 D.
413 4283 781 4354 Augustinus
808 4282 845 4339 l.
879 4300 942 4338 III
970 4284 1045 4339 De
1068 4286 1231 4340 unico
1263 4285 1547 4356 baptismo,
1583 4302 1632 4341 c.
1667 4287 1755 4342 11.

310 4383 411 4451 (De
467 4383 739 4437 Consecr.
792 4380 928 4437 dist.
962 4382 1016 4451 4,
1050 4399 1098 4437 c.
1131 4387 1293 4439 Nunc
1320 4385 1553 4456 autem.)
1582 4384 1749 4440 Nunc
1782 4401 1892 4439 au-

234 4475 351 4526 tem
408 4471 565 4527 sicut
613 4470 851 4526 haeresis
881 4470 1310 4540 haereticorum,
1341 4474 1495 4529 sicut
1537 4490 1700 4529 error
1729 4474 1891 4545 ipso-

238 4575 370 4613 rum
401 4562 510 4629 est,
545 4563 601 4613 et
631 4559 783 4614 sicut
813 4558 1187 4632 sacrilegium
1211 4561 1601 4619 dissensionis
1625 4563 1888 4634 ipsorum

233 4652 343 4717 est,
370 4648 454 4703 sic
485 4648 662 4705 etiam
694 4649 1048 4720 baptismus,
1074 4651 1173 4721 qui
1197 4649 1416 4707 Christi
1448 4656 1559 4723 est,
1581 4652 1755 4707 debet
1774 4652 1888 4707 dici

233 4752 524 4809 Ipsorum.

303 4837 437 4894 CAP.
470 4836 714 4893 XXXIII.
748 4836 1002 4910 Ejusdem
1030 4836 1352 4907 argumenti
1380 4855 1445 4894 ac
1461 4837 1803 4911 praecedens.

646 4932 707 4982 D.
738 4927 1103 5000 Aug.,ibit1.,
1136 4926 1175 4983 I.
1207 4946 1261 4995 ν,
1292 4944 1344 4983 c.
1381 4929 1465 4982 13.

304 5018 403 5092 (De
434 5019 705 5075 Consecr.
767 5019 907 5073 dist.
941 5019 992 5083 4,
1028 5036 1077 5074 c.
1114 5019 1248 5074 Cum
1281 5018 1545 5093 tantum.)
1577 5022 1719 5076 Cum
1753 5021 1881 5077 tan-

227 5117 353 5165 tum
373 5108 559 5165 valeat
581 5109 913 5180 baptismus
933 5125 1034 5179 per
1056 5108 1351 5165 hominem
1376 5110 1879 5181 contemptibilem

228 5204 519 5270 quantum
555 5215 654 5265 per
686 5197 1029 5269 Apostolum
1064 5199 1256 5261 datus,
1304 5199 1386 5255 ita
1417 5218 1522 5256 nec
1557 5199 1743 5267 illius,
1776 5215 1881 5256 nec

224 5287 421 5357 istius,
447 5288 547 5343 sed
571 5287 785 5343 Christi
817 5302 945 5342 esse
979 5287 1375 5358 cognoscitur.
1414 5290 1553 5345 Item
1598 5306 1611 5346 :
1647 5288 1877 5344 Inveni-

224 5393 360 5433 mus
391 5377 615 5432 dictum
643 5376 715 5432 ab
746 5375 1029 5448 apostolis
1050 5375 1377 5445 Etgloriam
1397 5394 1578 5434 meam
1602 5378 1873 5449 (Philipp.

228 5468 318 5536 ιι),
352 5465 619 5535 quamvis
677 5466 881 5536 utique
911 5481 945 5521 a
975 5464 1221 5520 Domino
1278 5465 1646 5538 impertitum
1697 5470 1873 5539 atque

230 5556 533 5622 donatum,
569 5554 931 5626 baptismum
988 5557 1186 5611 autem
1243 5569 1412 5612 nemo
1442 5573 1644 5613 eorum
1676 5573 1873 5613 meum

2027 439 2133 508 ria,
2187 459 2291 498 nec
2348 445 2687 501 ministrant
2731 444 3035 515 aequaliter
3064 461 3291 512 omnes,
3328 462 3433 500 nec
3464 446 3673 518 zequali

2024 532 2338 602 prudentia
2369 540 2726 590 suntomnes
2753 534 2998 606 praediti,
3023 539 3079 589 et
3099 534 3157 588 in
3182 534 3494 606 Evangelio
3518 536 3672 589 alius

2024 618 2135 673 alio
2168 620 2378 677 melius
2410 628 2705 695 operatur,
2740 628 2795 678 et
2826 624 2953 677 ideo
2988 622 3101 677 dici
3135 626 3325 694 potest
3374 622 3525 677 alius
3557 624 3670 679 alio

2025 708 2249 765 doctior
2278 711 2336 766 in
2373 713 2502 783 ipsa
2533 713 2796 768 doctrina
2827 712 3093 767 salutari.
3132 712 3292 767 Alius
3324 717 3518 767 autem
3555 713 3669 767 alio

2025 799 2216 869 majus
2251 801 2516 855 minusve
2546 801 2876 873 baptizatus
2907 800 3021 855 dici
3049 817 3163 855 non
3197 805 3408 872 potest,
3442 800 3563 855 sive
3595 800 3666 856 ab

2022 882 2313 953 inferiore,
2349 889 2472 943 sive
2504 906 2536 942 a
2569 889 2787 959 majore
2823 888 3173 959 baptizetur.

2465 1008 2599 1061 CAP.
2636 1004 2879 1058 XXXIV.
2916 1007 2990 1059 De
3020 1006 3228 1059 eodem.

2174 1100 2238 1155 D.
2280 1102 2664 1174 Augustinus,
2699 1100 2800 1155 lib.
2838 1119 2888 1156 IV
2921 1103 2992 1156 De
3024 1102 3318 1171 baptismo,
3351 1117 3400 1154 c.
3432 1102 3518 1157 IS.

2091 1207 2193 1277 (De
2225 1210 2497 1266 Consecr.
2555 1210 2693 1266 dist.
2727 1211 2780 1273 4,
2809 1226 2859 1265 c.
2893 1209 3086 1279 Satis.)
3117 1207 3270 1263 Satis
3302 1207 3668 1263 ostendimus

2020 1296 2088 1350 ad
2126 1297 2480 1369 baptisrmtm
2515 1300 2615 1371 qui
2649 1299 2839 1354 verbis
2889 1296 3238 1369 evangelicis
3270 1302 3665 1364 consecratur,

2020 1391 2135 1430 non
2171 1379 2457 1447 pertinere
2490 1380 2839 1448 cujusquam
2871 1377 2956 1431 vel
2988 1377 3181 1432 dantis
3213 1376 3301 1431 vel
3329 1377 3669 1447 accipientis

2018 1479 2271 1520 errorem
2329 1467 2451 1521 sive
2499 1467 2569 1522 de
2604 1468 2793 1531 Patre,
2828 1467 2949 1521 sive
2978 1466 3050 1521 ds
3083 1464 3245 1530 Filio,
3278 1464 3401 1519 sive
3434 1464 3502 1518 de
3534 1463 3667 1535 Spi-

2017 1555 2132 1607 ritu
2194 1560 2419 1623 sancto,
2469 1555 2687 1610 sentiat
2716 1554 2885 1610 aliter
2908 1570 3085 1624 quam
3118 1553 3385 1609 doctrina
3411 1552 3665 1608 caelestis

2017 1644 2304 1701 insinuat.

1935 1731 1982 1795 Β
2013 1759 2144 1815 CAP.
2181 1761 2410 1815 XXXV.
2473 1762 2632 1829 Quod
2680 1760 2861 1817 omnis
2890 1761 3046 1816 homo
3076 1759 3333 1815 accedens
3370 1760 3449 1814 ad
3480 1758 3665 1829 bapti-

2081 1848 2259 1912 smum
2289 1832 2445 1912 debet
2468 1833 2661 1912 primo
2710 1848 2871 1903 agere
2918 1832 3311 1912 paenitentiam
3421 1830 3665 1900 facultas

2082 1904 2273 1973 fuerit.
2310 1905 2402 1958 Vel
2434 1904 2517 1959 sic
2547 1923 2559 1960 :
2593 1906 2709 1960 Non
2742 1904 2950 1959 transit
2982 1904 3042 1958 in
3073 1920 3273 1958 novam
3304 1904 3472 1958 vitam
3505 1919 3664 1973 quem

2083 1991 2189 2029 non
2222 1978 2446 2045 ptenitet
2478 1977 2678 2030 veteris
2708 1977 2859 2032 vitae.

2010 2093 2078 2143 D.
2111 2090 2497 2160 Augustinus,
2534 2089 2636 2145 lib.
2670 2107 2710 2145 ιι
2741 2091 2815 2145 De
2842 2091 3189 2162 paenitentiae
3210 2086 3507 2154 medicina,
3535 2103 3585 2144 c.
3608 2089 3663 2158 2,

2084 2204 2183 2275 (De
2240 2205 2512 2261 Consecr.
2559 2205 2696 2262 dist.
2731 2207 2783 2276 4,
2818 2224 2867 2262 c.
2905 2205 3142 2277 Omnis.)
3175 2204 3380 2260 Omnis
3412 2204 3511 2275 qui
3538 2204 3661 2273 jam

2012 2294 2230 2349 arbiter
2261 2312 2380 2350 suae
2408 2295 2727 2350 voluntatis
2749 2296 3111 2350 constitutus
3134 2297 3245 2360 est,
3274 2309 3407 2348 cum
3432 2294 3661 2348 accedit

2011 2384 2080 2438 ad
2117 2389 2551 2440 sacramentum
2586 2384 2876 2452 fidelium,
2913 2384 3026 2440 nisi
3060 2399 3190 2439 eum
3227 2382 3504 2454 pmniteat
3534 2381 3660 2436 vitas

2009 2473 2242 2540 veteris,
2278 2491 2487 2529 novam
2523 2490 2635 2529 non
2670 2479 2861 2545 potest
2890 2473 3187 2529 inchoare.
3220 2472 3304 2527 Ab
3337 2471 3443 2525 hac
3475 2470 3664 2542 poeni-

2010 2561 2195 2616 tentia
2226 2578 2358 2617 cum
2394 2562 2769 2633 baptizantur
2798 2560 2904 2616 soli
2930 2560 3154 2632 parvuli
3178 2560 3473 2614 immunes
3496 2562 3655 2625 sunt,

2011 2652 2274 2705 nondum
2308 2651 2463 2706 enim
2498 2651 2581 2705 uti
2616 2654 2867 2721 possunt
2900 2649 3083 2705 libero
3114 2648 3377 2704 arbitrio.

2463 2769 2593 2823 CAP.
2629 2765 2871 2821 XXXVI.
2902 2767 2974 2820 De
3000 2764 3204 2820 eodem.

2153 2857 2219 2912 D.
2255 2854 2636 2926 Augustinus,
2670 2871 2761 2927 ep.
2798 2855 2919 2922 108,
2953 2855 3022 2909 ad
3046 2853 3480 2909 Seleucianum.

2083 2977 2181 3042 (De
2233 2972 2506 3029 Consecr.
2566 2971 2704 3027 dist.
2734 2972 2787 3039 4,
2835 2989 2883 3026 c.
2917 2972 3147 3040 Agunt.)
3174 2971 3367 3043 Agunt
3391 2970 3661 3027 homines

2010 3067 2143 3119 ante
2165 3062 2528 3133 baptismum
2554 3060 2957 3134 pcenitentiam
2982 3060 3052 3116 de
3074 3060 3371 3132 prioribus
3385 3061 3661 3131 peccatis,

2009 3154 2089 3208 ita
2120 3156 2313 3208 tamen
2349 3156 2414 3207 ut
2443 3150 2614 3206 etiam
2649 3150 3041 3222 baptizentur,
3075 3149 3229 3203 sicut
3259 3149 3542 3219 scriptum
3575 3155 3665 3205 est

2008 3242 2063 3295 in
2102 3241 2340 3295 Actibus
2372 3237 2797 3310 apostolorum,
2822 3238 3097 3309 loquente
3131 3237 3294 3292 Petro
3314 3237 3383 3291 ad
3416 3238 3658 3293 Judceos

2009 3345 2075 3384 ac
2106 3329 2374 3384 dicente:
2436 3327 2591 3397 Agite
2635 3326 3039 3395 paenitentiam,
3073 3327 3124 3379 et
3154 3326 3465 3395 baptizetur
3494 3326 3662 3396 unus)

2007 3420 2240 3489 quisque
2267 3425 2507 3471 vestrum
2536 3416 2595 3470 in
2625 3416 2847 3470 nomine
2876 3414 3101 3468 Domini
3129 3414 3313 3468 nostri
3338 3415 3465 3467 Jesu
3498 3412 3660 3468 Chri-

2005 3509 2077 3561 sti
2104 3507 2241 3577 (Act.
2277 3506 2338 3567 ι).

2004 3616 2138 3671 CAP.
2173 3616 2439 3672 XXXVII.
2493 3617 2630 3684 Quot
2676 3616 2861 3671 diebus
2917 3623 3040 3669 ante
3070 3615 3334 3685 baptisma
3373 3613 3522 3669 debet
3550 3619 3659 3672 Ju-

2074 3689 2228 3745 dwus
2283 3703 2449 3760 agere
2501 3690 2903 3760 paenitentiam.
2964 3686 3655 3760 VelgsicqgQuadraginta

2076 3762 2301 3816 dierum
2325 3758 2671 3815 abstinentia
2699 3759 2900 3816 Iudaeis
2932 3758 3280 3830 baptizandis
3310 3759 3561 3813 additur.

2074 3876 2140 3932 D.
2176 3876 2416 3948 Gregor.
2454 3876 2730 3931 Faustino
2761 3874 3076 3943 defensori,
3110 3873 3211 3928 lib.
3244 3889 3345 3944 vn,
3377 3891 3470 3945 ep.
3501 3875 3591 3929 24.

2077 3992 2176 4063 (De
2229 3994 2501 4048 Consecr.
2563 3992 2703 4046 dist.
2767 3990 2820 4055 4,
2881 4006 2933 4045 c.
2994 3990 3088 4057 Ne,
3149 3987 3294 4058 quod
3334 3986 3519 4051 absit.)
3551 3988 3654 4050 Ne,

2004 4083 2157 4154 quod
2181 4080 2756 4151 absil,longadilatio
2785 4086 2936 4133 retro
2973 4076 3512 4149 possitJudtsorum
3535 4074 3659 4128 ani-

2004 4187 2129 4226 mos
2153 4186 2441 4236 revocare,
2465 4169 2789 4223 cumfratre
2812 4171 3013 4221 nostro
3037 4165 3311 4236 episcopo
3335 4162 3441 4218 loci
3470 4161 3653 4233 illius,

2003 4264 2069 4315 ut
2100 4258 2443 4331 pmnitentia
2474 4274 2539 4311 ac
2572 4254 2931 4309 abstinentia
2961 4254 3030 4307 40
3050 4252 3259 4308 diebus
3282 4252 3530 4318 indicta,
3553 4258 3655 4306 aut

2003 4349 2097 4403 die
2122 4346 2445 4414 Dominica,
2480 4348 2580 4400 aut
2602 4344 2650 4399 si
2674 4342 3053 4398 celeberrima
3075 4340 3363 4397 festivitas
3382 4340 3654 4396 fortassis

1922 4471 1969 4536 Β
2002 4437 2341 4505 occurrerit,
2374 4451 2472 4489 eos
2503 4432 2925 4505 omnipotentis
2958 4430 3057 4487 Dei
3091 4429 3493 4487 misericordia
3518 4447 3648 4501 pro-

1997 4530 2227 4599 tegente
2253 4522 2533 4595 baptizes.

1996 4661 2126 4717 CAP.
2162 4657 2466 4714 XXXVIII.
2503 4656 2665 4724 Quod
2693 4654 3031 4712 auctoritate
3063 4652 3281 4709 Domini
3309 4661 3439 4708 ante
3468 4652 3650 4724 bapti-

2067 4748 2245 4786 smum
2302 4723 2548 4784 homines
2581 4727 2773 4783 debent
2818 4726 3169 4782 catechizari.
3202 4724 3303 4780 Vel
3336 4725 3463 4781 sic:
3496 4723 3643 4796 Olﬁ-

2066 4806 2214 4858 cium
2247 4800 2576 4873 baptizandi
2600 4798 2984 4854 catechumeni
3008 4801 3340 4869 praeveniat.

2199 4900 2492 4971 Rabanus,
2524 4897 2629 4955 lib.
2666 4917 2684 4953 I
2712 4899 2783 4954 De
2812 4897 2989 4953 instit.
3023 4897 3231 4966 cleric.,
3266 4912 3316 4950 c.
3348 4894 3437 4949 25.

2065 5024 2213 5076 Ante
2244 5018 2598 5089 baptismum
2632 5011 3029 5071 catecbizandi
3076 5012 3288 5067 debent
3314 5007 3375 5063 in
3406 5006 3644 5063 homine

1990 5106 2308 5179 praevenire
2331 5104 2614 5169 ofﬁcium,
2636 5101 2725 5159 vel
2745 5101 2874 5156 ﬁdei
2901 5099 3157 5171 primum
3185 5094 3643 5153 catechumenus

1992 5196 2239 5269 accipiat
2269 5194 2691 5250 rudimentum.
2729 5193 2868 5246 Item
2896 5206 2908 5243 :
2946 5188 3113 5243 Prius
3139 5188 3263 5258 ipse
3292 5186 3465 5240 Jesus
3507 5183 3641 5239 caeci

1990 5290 2112 5345 nati
2144 5286 2345 5344 oculos
2378 5285 2501 5341 luto
2559 5300 2627 5339 ex
2657 5285 2829 5353 sputo
2862 5281 3013 5335 facto
3047 5276 3440 5350 superlinivit,
3472 5278 3529 5329 et
3559 5272 3642 5328 sic

1988 5378 2059 5433 ad
2092 5392 2278 5448 aquas
2306 5372 2457 5428 Siloe
2486 5370 2668 5439 misit,
2702 5368 2839 5440 quia
2871 5367 3033 5438 prius
3055 5366 3227 5421 debet
3253 5361 3641 5433 baptizandus

1986 5466 2101 5520 ﬁde
2131 5462 2405 5521 credulus
2463 5458 2721 5523 admitti,
2772 5460 2838 5511 ut
2869 5455 3018 5511 sciat
3047 5455 3214 5525 cujus
3245 5452 3443 5522 gratias
3481 5451 3539 5506 in
3571 5467 3638 5507 eo

1985 5560 2072 5611 est
2101 5552 2412 5626 particeps,
2445 5555 2503 5606 et
2530 5546 2623 5603 cui
2649 5547 2776 5617 jam
2806 5544 3033 5600 debitor
3065 5544 3167 5598 ﬂat
3189 5541 3488 5613 deinceps.
