3938 6074
334 216 473 274 1055

1411 218 1478 268 D.
1521 215 1762 269 IVONIS
1799 212 2292 268 CARNOTENSIS
2331 215 2652 276 EBISCOPI

3608 209 3762 264 1056

331 339 464 394 CAP.
498 339 756 395 XXXIX.
819 340 932 407 Quo
990 345 1226 409 tempore
1255 337 1630 411 catechumeni
1659 336 1728 411 ad
1758 337 1978 411 exorcio
2008 343 2056 405 Α
2091 337 2386 407 sapientiae
2420 355 2534 411 quo
2595 337 2907 392 initiantur
2965 335 3368 391 catechumeni
3411 334 3468 389 in
3515 334 3760 390 cunctis

398 412 649 466 nandum
677 418 807 466 sunt
834 408 1139 482 deferendi.
1195 410 1294 464 Vel
1318 410 1450 482 sic:
1487 410 1624 476 Quot
1670 408 1855 463 diebus
1888 424 1977 462 ca-

398 484 749 538 techumenus
779 481 905 537 ante
936 483 1266 553 baptismum
1295 481 1445 534 debet
1477 481 1704 536 instrui.

799 573 972 627 Conc.
1007 571 1239 625 Bracar.
1275 587 1340 639 11,
1376 586 1424 625 c.
1458 570 1511 622 8.

399 680 502 750 (De
531 683 801 734 Consecr.
836 679 972 732 dist.
999 677 1053 741 4,
1087 693 1137 732 c.
1172 678 1308 730 Ante
1336 676 1754 746 viginti.)Ante
1777 674 1982 747 viginti

331 767 454 822 dies
487 767 769 838 baptismi
802 767 869 822 ad
907 765 1317 837 purgationem
1365 764 1672 820 exorcismi
1705 764 1980 818 catechu-

328 856 750 922 menicurrant,
778 856 834 909 in
864 855 1079 926 quibus
1101 855 1306 926 viginti
1333 854 1541 909 diebus
1564 854 1804 909 omnino
1828 870 1982 925 sym-

325 946 524 1001 bolum
558 945 710 1016 quod
745 950 853 1012 est,
883 944 1060 1000 Credo
1099 943 1158 997 in
1187 945 1354 1000 Deum
1383 944 1622 1011 Patrem,
1657 942 1983 1014 spirituali-

325 1038 413 1090 ter
441 1035 779 1089 doceantur.

322 1143 630 1222 CAPP‘XL.
689 1151 752 1205 In
808 1166 1142 1222 unaquaque
1193 1149 1979 1222 ecclesia,_catechumeniba-

395 1221 650 1294 ptizandi
705 1220 1018 1277 exorcizari
1070 1230 1314 1294 possunt.
1358 1220 1462 1294 Vel
1509 1221 1630 1276 sic:
1664 1220 1981 1277 Sacerdotes

389 1293 826 1418 uniittscujusque
881 1295 1124 1349 ecclesia
1197 1293 1552 1349 catechismos
1606 1295 1790 1363 facere
1857 1308 1978 1364 pos-

395 1380 498 1418 διατι
530 1406 543 1418 .

395 1380 543 1419 sunt.

525 1453 798 1510 Nicolaus
831 1472 980 1526 papa
1000 1453 1214 1509 Joanni
1249 1453 1508 1525 archiep.
1545 1453 1760 1508 Raven.

387 1560 490 1630 (De
521 1561 792 1616 Consecr.
827 1560 965 1615 dist.
1023 1561 1074 1625 4,
1111 1577 1159 1616 c.
1199 1560 1583 1630 Catechismi.)
1629 1558 1978 1614 Catechismi

318 1649 806 1721 baptizandorum
823 1666 856 1705 a
873 1651 1282 1705 sacerdotibus
1303 1649 1768 1719 uniuscujusque
1784 1647 1980 1703 Eccle-

320 1738 422 1794 βίω
445 1743 694 1809 possunt
727 1738 850 1794 ﬁeri
883 1739 1038 1793 sicut
1064 1737 1120 1792 in
1146 1737 1254 1793 hac
1278 1742 1484 1792 sancta
1506 1737 1768 1792 Romana
1793 1736 1979 1791 Eccle-

319 1827 428 1897 sia,
458 1829 572 1896 cui,
612 1833 722 1884 Deo
779 1833 1034 1896 auctore,
1081 1827 1482 1881 ministerium
1519 1825 1836 1880 famulatus
1868 1841 1974 1880 no-

320 1917 425 1972 stri
456 1917 825 1983 exhibemus,
859 1916 1201 1971 solemniter
1235 1915 1358 1970 ﬁeri
1391 1915 1873 1985 comprobantur.

321 2035 456 2088 CAP.
493 2032 629 2087 XLI.
694 2030 850 2099 Quod
889 2032 1165 2101 signiﬁcat
1196 2032 1513 2101 exsufﬂatio
1539 2032 1598 2085 in
1631 2031 1894 2101 baptismo
1926 2047 1978 2088 et

429 2119 600 2174 quare
631 2103 956 2174 baptizandi
985 2105 1371 2159 exorcizentur
1400 2111 1450 2158 et
1481 2105 1866 2174 exsul/lentur.

511 2201 810 2268 Rabanus,
842 2201 945 2258 lib.
981 2218 998 2256 1
1032 2202 1107 2257 De
1136 2200 1319 2256 instit.
1351 2201 1564 2270 cleric.,
1597 2217 1648 2255 c.
1681 2201 1771 2257 27.

389 2309 493 2380 (De
522 2309 793 2366 Consecr.
830 2309 967 2366 dist.
1002 2312 1053 2368 4.
1106 2326 1153 2364 c.
1188 2311 1532 2382 Postquam.)
1563 2310 1874 2380 Postquam
1906 2326 1969 2366 se

319 2397 708 2470 baptizandus
765 2415 866 2469 per
924 2399 1352 2454 confessionem
1383 2415 1526 2454 verae
1569 2398 1705 2454 ﬁdei
1735 2398 1793 2453 in
1825 2398 1967 2454 alte-

322 2487 446 2542 rius
473 2487 966 2542 commendaverit
1009 2487 1336 2543 dominium
1369 2492 1425 2542 et
1457 2504 1559 2559 per
1587 2487 1968 2542 abrenuntia-

320 2575 564 2645 tionem,
588 2593 621 2631 a
645 2576 855 2646 prioris
884 2576 1239 2648 possessoris
1263 2592 1324 2631 se
1345 2575 1686 2631 alienaverit
1707 2576 1964 2644 servitio,

320 2664 668 2720 exsufﬂatur
725 2665 794 2720 ab
855 2681 922 2719 eo
953 2682 1102 2720 saeva
1129 2669 1408 2736 potestas,
1441 2669 1504 2719 ut
1537 2681 1638 2736 per
1671 2665 1834 2736 pium
1866 2681 1966 2720 sa-

2093 441 2335 496 operum
2371 434 2705 483 nostrorum
2739 425 3066 491 sacrificiis,
3095 425 3302 480 offerre
3324 423 3633 495 jubemur.

2092 531 2225 587 CAP.
2258 532 2446 588 XLVI.
2475 537 2658 602 Quare
2679 531 2998 603 baptizandi
3029 531 3232 586 iterum
3259 528 3680 586 exorcimntur.

2307 623 2605 692 Rabanus,
2643 621 2741 676 lib.
2778 638 2795 676 1
2826 622 2892 676 De
2927 619 3082 675 instit
3112 619 3327 689 cleric.,
3359 636 3409 674 c.
3441 619 3533 689 27,

2163 715 2264 778 (De
2322 713 2590 767 Consecr.
2642 711 2777 766 dist.
2813 711 2866 778 4,
2899 727 2948 764 c.
2984 708 3235 779 Dehinc.)
3269 708 3489 764 Dehinc
3515 707 3743 762 iterum

2093 799 2471 866 exorcizatur,
2497 799 2842 855 utdiabolus
2865 815 3032 855 suam
3050 798 3370 870 nequitiam
3385 813 3762 870 cognoscens

2083 889 2316 958 justum
2349 906 2524 960 super
2556 905 2617 945 se
2670 889 2772 944 Dei
2822 887 3114 960 judicium
3147 887 3362 941 timens
3412 887 3654 942 recedat
3686 887 3759 940 ab

2090 977 2328 1033 homine
2344 979 2589 1049 necjam
2614 979 2931 1033 contendat
2953 993 3086 1032 eum
3115 979 3240 1031 arte
3255 992 3362 1031 sua
3385 976 3760 1042 subvertere,

2091 1083 2162 1122 ne
2179 1067 2542 1137 baptismum
2566 1071 2982 1138 consequatur,
3006 1065 3106 1121 sed
3125 1065 3313 1137 magis
3326 1064 3609 1120 honorem
3638 1069 3762 1119 Deo

2090 1156 2339 1212 creatori
2398 1173 2504 1212 suo
2561 1157 2844 1213 exhibens
2900 1155 3110 1212 reddat
3138 1171 3289 1226 opus
3348 1154 3461 1210 Deo
3493 1154 3759 1210 creatori

2089 1260 2218 1299 SUO.

2089 1335 2225 1390 CAP.
2287 1333 2510 1391 XLVII.
2589 1336 2662 1390 De
2719 1333 2930 1391 eodem.
2989 1331 3307 1388 Sacerdotes

2612 1405 2887 1461 daemonia
2920 1405 3218 1476 repellunt.

2371 1495 2565 1567 Greg.,
2599 1495 2758 1551 hom.
2789 1495 2862 1549 29
2905 1510 3083 1564 super
3120 1492 3456 1565 Evangelia.

2159 1583 2262 1653 (De
2293 1587 2564 1639 Consecr.
2625 1584 2765 1639 dist.
2818 1584 2871 1653 4,
2923 1599 2974 1637 c.
3009 1581 3368 1648 Sacerdoles.)
3401 1580 3753 1636 Sacerdotes

3378 1330 3759 1388 exorcizando

2011 1708 2057 1772 B
2091 1689 2224 1726 cum
2257 1687 2359 1743 per
2396 1672 2704 1728 exorcismi
2756 1672 3007 1743 gratiam
3069 1687 3306 1726 manum
3361 1669 3751 1724 credentibus

2087 1760 2404 1832 imponunt
2432 1766 2488 1816 et
2519 1762 2783 1816 habitare
2842 1759 3135 1833 malignos
3167 1759 3412 1831 spiritus
3444 1759 3502 1813 in
3537 1774 3746 1814 eorum

2086 1854 2282 1905 mente
2312 1851 2743 1918 contradicunt,
2771 1849 2912 1922 quid
2944 1849 3102 1904 aliud
3138 1848 3361 1903 faciunt
3389 1847 3503 1902 nisi
3535 1847 3732 1901 demo

2087 1938 2184 1993 nia
2214 1938 2457 2009 ejiciunt
2479 1938 2506 1992 ‘l

2157 2030 2285 2081 CAP.
2346 2026 2591 2082 XLVIII.
2653 2027 2833 2094 Quare
2888 2025 2953 2082 de
3009 2026 3189 2082 saliva
3239 2041 3400 2082 aures
3469 2033 3520 2081 et
3573 2040 3740 2081 nares

2743 2101 3073 2167 tanguntur.

2599 2186 2878 2242 Rabanus
2912 2187 3010 2242 ubi
3037 2203 3224 2258 supra.

2148 2277 2251 2348 (De
2306 2278 2579 2334 Consecr.
2633 2277 2773 2332 dist.
2807 2278 2862 2344 4,
2897 2279 3215 2349 c.1Postea.)
3248 2279 3458 2332 Postea
3488 2276 3573 2331 eis
3606 2279 3740 2330 tan-

2077 2374 2296 2437 guntur
2320 2383 2492 2420 nares
2518 2371 2574 2421 et
2606 2382 2778 2422 aures
2799 2382 2932 2421 cum
2965 2365 3150 2422 saliva
3171 2369 3228 2420 et
3249 2364 3469 2420 dicitur
3497 2365 3586 2419 eis
3615 2380 3744 2419 ver-

2076 2454 2218 2508 bum
2245 2454 2647 2526 evangelicum
2670 2455 2824 2525 quod
2856 2454 3029 2510 Jesus
3061 2455 3206 2509 dixit
3236 2454 3471 2525 quando
3502 2459 3735 2507 mutum

2076 2548 2135 2598 et
2164 2545 2407 2598 surdum
2433 2545 2663 2598 sanavit
2687 2548 2934 2614 tangens
2958 2560 3092 2599 cum
3117 2547 3291 2616 sputo
3314 2542 3578 2614 linguam
3604 2543 3735 2612 ejus

2075 2639 2130 2687 et
2161 2633 2402 2687 mittens
2434 2633 2684 2704 digitum
2744 2632 2804 2687 in
2857 2631 3182 2687 auriculam
3210 2632 3334 2702 ejus
3365 2630 3553 2686 dixit:
3587 2631 3734 2702 Eph-

321 2719 573 2809 cerdotis
608 2719 998 2808 ministerium
1031 2719 1275 2825 Spiritui
1307 2719 1508 2809 sancto
1537 2719 1702 2809 beast
1734 2754 1965 2826 fugiens
2070 2719 2263 2826 h'eta’_
2292 2722 2443 2826 1W“
2475 2729 2574 2826 ‘8,“
2601 2720 2891 2826 adaperin
2920 2720 3286 2826 (ΜανθχΪηλ
3319 2719 3613 2826 Ῑῗοθξηῖω
3635 2736 3731 2826 θ’

320 2841 615 2913 malignus
647 2841 913 2913 spiritus.

791 2961 924 3013 CAP.
958 2957 1132 3013 XLII.
1175 2959 1248 3013 De
1275 2959 1487 3015 eodem.

643 3047 1031 3117 Augustinus,
1064 3052 1146 3102 De
1174 3048 1438 3119 symbolo,
1469 3048 1569 3103 lib.
1603 3066 1642 3102 1.

391 3137 492 3206 (De
521 3136 792 3192 Consecr.
828 3137 963 3191 dist.
998 3139 1053 3202 4,
1085 3153 1134 3192 c.
1159 3136 1314 3192 Sicut
1331 3139 1546 3205 nostis.)
1569 3138 1732 3193 Sicut
1753 3137 1963 3206 nostis,

322 3224 548 3296 parvuli
609 3229 667 3280 et
695 3225 1081 3280 exsufﬂantur
1108 3230 1166 3281 et
1195 3226 1600 3281 exorcizantur
1629 3231 1695 3281 ut
1715 3226 1966 3298 pellatur

318 3315 390 3370 ab
423 3313 509 3369 eis
539 3313 754 3368 diaboli
786 3320 1047 3385 potestas
1080 3313 1335 3384 inimica,
1369 3332 1495 3387 quae
1525 3315 1753 3387 decepit
1782 3316 1965 3372 homi-

320 3419 454 3458 nem
480 3411 544 3459 ut
569 3405 892 3474 possideret
921 3403 1210 3459 homines.
1244 3403 1367 3459 Non
1398 3421 1536 3476 ergo
1574 3410 1840 3462 creatura
1864 3406 1961 3461 Dei

319 3493 378 3547 in
412 3493 738 3549 infantibus
770 3492 1130 3548 exorcizatur
1161 3498 1265 3548 aut
1293 3493 1586 3563 sufﬂatur,
1607 3495 1706 3551 sed
1733 3495 1830 3552 ille
1853 3496 1964 3551 sub

319 3599 436 3654 quo
467 3588 607 3638 sunt
636 3582 736 3654 qui
767 3583 874 3638 sub
909 3587 1142 3654 peccato
1175 3588 1519 3640 nascuntur.

319 3700 454 3755 CAP.
513 3700 699 3755 XLIII.
735 3700 915 3767 Quare
941 3699 1599 3840 signafmrtbaptizandus
1638 3704 1698 3758 in
1729 3703 1885 3760 corde
1912 3707 1965 3758 et

992 3788 1052 3826 in
1115 3788 1217 3827 ron
1244 3789 1290 3828 e.

992 3788 1052 3826 ιη
1092 3788 1290 3828 Ironte.

529 3859 830 3928 Rabanus,
860 3859 962 3916 lib.
998 3878 1012 3915 1
1047 3861 1117 3915 De
1144 3859 1325 3914 instit.
1352 3863 1560 3928 cleric.,
1594 3879 1643 3917 c.
1675 3865 1767 3918 27.

391 3967 494 4037 (De
524 3968 793 4022 Consecr.
827 3967 964 4020 dist.
999 3966 1051 4029 4,
1085 3980 1136 4019 c.
1170 3967 1417 4037 Postea.)
1458 3967 1665 4022 Postea
1696 3969 1966 4041 signatur

320 4055 708 4128 baptizandus
741 4053 1046 4126 signaculo
1077 4058 1295 4109 sanctae
1326 4055 1516 4109 crucis
1548 4060 1667 4111 tam
1693 4057 1750 4112 in
1778 4059 1966 4114 fronte

323 4163 499 4216 quam
533 4146 592 4201 in
652 4146 846 4212 corde,
881 4151 945 4198 ut
972 4143 1099 4214 ipse
1129 4147 1395 4214 apostata
1438 4145 1708 4201 diabolus
1738 4145 1797 4202 in
1829 4164 1966 4203 vase

322 4250 428 4289 suo
443 4235 701 4306 pristina
717 4249 834 4288 suae
855 4231 1324 4303 interemptionis
1349 4249 1707 4304 cognoscens
1728 4234 1963 4308 signum

314 4324 438 4394 jam
471 4323 582 4378 sibi
616 4322 762 4378 sciat
792 4321 1066 4392 deinceps
1095 4337 1224 4377 esse
1255 4321 1535 4379 alienum.

323 4437 454 4494 CAP.
486 4437 686 4493 XLIV.
711 4440 898 4506 Quare
917 4452 1082 4508 super
1103 4437 1450 4506 baptizandis
1470 4439 1751 4496 orationes
1771 4441 1964 4498 dicun-

515 4514 625 4565 tur.
659 4511 723 4565 Et
751 4509 893 4581 quid
921 4508 1204 4579 signiﬁcat
1227 4511 1312 4564 sal
1345 4511 1404 4565 in
1434 4526 1492 4566 os
1519 4511 1773 4570 missum.

920 4598 1216 4668 Rabanus,
1249 4599 1385 4655 ibid.

394 4689 500 4760 (De
529 4689 800 4746 Consecr.
837 4689 971 4744 dist.
1000 4689 1055 4755 4,
1086 4705 1135 4744 c.
1169 4690 1447 4761 Exhinc.)
1479 4691 1555 4746 Ex
1579 4692 1851 4764 hincjam
1879 4693 1966 4748 di-

322 4786 540 4837 cuntur
572 4795 750 4850 super
779 4795 913 4834 eum
946 4779 1239 4835 orationes
1273 4785 1335 4834 ut
1360 4781 1462 4835 ﬁat
1486 4782 1962 4838 catechumenus.

319 4869 483 4924 Tunc
506 4869 682 4936 datur
699 4865 1046 4937 baptizando
1080 4865 1167 4920 sal
1200 4867 1565 4924 benedictum
1593 4870 1648 4925 in
1674 4887 1758 4940 os,
1780 4875 1847 4926 ut
1869 4887 1968 4942 per

323 4959 408 5015 sal
442 4958 699 5031 typicum
761 4953 1057 5023 sapientiae
1089 4956 1360 5012 conditus
1416 4958 1594 5014 fetore
1624 4965 1818 5016 careat
1847 4959 1966 5014 ini-

323 5048 592 5123 quitatis,
627 5051 692 5102 ut
747 5061 850 5100 nec
883 5061 917 5099 a
946 5043 1244 5099 vermibus
1274 5053 1642 5116 peccatorum
1677 5048 1829 5104 ultra
1861 5066 1968 5120 pu-

320 5143 562 5206 trescat,
621 5137 717 5193 sed
783 5132 971 5206 magis
1032 5130 1251 5189 illaesus
1283 5141 1546 5192 servetur
1577 5139 1647 5192 ad
1684 5140 1966 5210 majorem

321 5230 570 5304 gratiam
606 5225 1062 5302 percipiendam.

443 5352 577 5407 CAP.
608 5345 769 5403 XLV.
803 5347 984 5414 Quare
1007 5342 1091 5398 sal
1123 5341 1390 5397 initiatur
1417 5343 1850 5401 catechumems.

736 5436 892 5494 Beda
921 5437 982 5490 in
1014 5432 1110 5490 lib.
1137 5434 1160 5488 1
1185 5433 1338 5504 ch.,
1369 5448 1419 5486 c.
1451 5433 1545 5489 27.

391 5535 492 5604 (De
517 5538 789 5606 Consecr,
820 5533 957 5590 dist.
990 5532 1042 5604 4,
1076 5545 1126 5587 c.
1159 5528 1252 5586 Sal
1280 5528 1552 5603 caelestis.)
1584 5530 1680 5588 Sal
1713 5531 1966 5590 caelestis

2075 2814 2443 2864 crumentum
2475 2809 2571 2865 hic
2600 2809 2796 2882 agitur
2827 2817 2891 2864 ut
2921 2826 3022 2880 per
3048 2809 3292 2864 salivam
3337 2807 3597 2880 typicam
3630 2824 3730 2862 sa-

2075 2897 2326 2954 cerdotis
2357 2905 2413 2954 et
2443 2903 2688 2966 tactum,
2720 2898 3008 2970 sapientia
3039 2905 3094 2953 et
3122 2899 3307 2953 virtus
3337 2897 3535 2952 divina
3565 2897 3733 2952 salu-

2073 2990 2192 3042 tem
2225 2988 2489 3057 ejusdem
2522 2985 2929 3043 catechumeni
2956 2990 3258 3057 ‘operetur,
3290 2989 3354 3040 ut
3383 2984 3732 3057 aperiantur

1995 3076 2038 3145 C
2077 3074 2163 3130 illi
2195 3093 2365 3132 nares
2391 3076 2460 3131 ad
2488 3077 2839 3148 capiendum
2864 3076 3101 3131 odorem
3125 3074 3341 3130 notitiae
3368 3074 3487 3140 Dei,
3508 3081 3574 3129 ut
3593 3090 3732 3146 ape-

2074 3165 2305 3220 riantur
2331 3164 2416 3220 illi
2446 3181 2620 3220 aures
2663 3166 2733 3220 ad
2767 3164 3127 3220 audiendum
3160 3165 3434 3220 mandrta
3463 3163 3568 3219 Dei
3588 3180 3732 3220 sen-

2074 3270 2293 3325 susque
2324 3254 2380 3308 in
2414 3254 2622 3310 intimo
2654 3254 2847 3310 cordis
2879 3255 3378 3325 respondendum.

2072 3343 2206 3399 CAP.
2240 3342 2430 3398 XLIX.
2466 3345 2644 3412 Quare
2672 3359 2836 3398 nares
2881 3351 2931 3398 et
2959 3359 3070 3399 non
3126 3359 3223 3398 ora
3253 3343 3729 3414 baptimndorum

2644 3417 2934 3486 episcopus
2955 3414 3155 3484 tangit.

2274 3503 2640 3571 Ambrosius,
2671 3503 2775 3558 lib.
2811 3521 2828 3558 1
2860 3505 2933 3560 De
2958 3504 3344 3574 sacramentis,
3377 3521 3426 3558 ο.
3464 3505 3516 3558 1.

2145 3595 2246 3666 (De
2304 3594 2580 3650 Consecr.
2640 3594 2782 3648 dist.
2845 3594 2898 3662 4,
2931 3611 2981 3648 c.
3013 3595 3248 3664 Propter
3275 3594 3560 3664 gloriam.)
3594 3594 3728 3650 Pro-

2073 3687 2205 3755 pter
2233 3683 2480 3755 gloriam
2539 3683 2803 3740 muneris
2835 3688 2891 3738 et
2921 3684 3116 3754 operis
3145 3699 3260 3738 non
3293 3700 3360 3738 os
3389 3683 3584 3754 tangit
3606 3685 3731 3754 epi-

2075 3789 2312 3844 scopus.
2347 3774 2446 3828 sed
2484 3788 2675 3827 nares.
2699 3775 2887 3836 Quare
2910 3788 3082 3828 nares
3103 3772 3130 3827 ‘l
3153 3771 3226 3828 Ut
3249 3773 3469 3828 bonum
3493 3773 3731 3828 odorem

2074 3860 2328 3932 accipias
2363 3861 2600 3932 pietatis
2631 3864 2878 3916 aeternae.

2073 3952 2200 4005 CAP.
2235 3949 2294 4004 L.
2357 3953 2545 4020 Quare
2601 3950 2920 4020 iniungitur
2964 3966 2999 4003 τι
3028 3949 3300 4006 sacerdote
3344 3965 3403 4004 in
3431 3955 3653 4022 pectore
3681 3954 3730 4004 et

2677 4023 2829 4076 inter
2854 4022 3129 4093 scapulas.
3218 4031 3222 4034 ’

2282 4108 2578 4176 Rabanus,
2600 4108 2704 4165 lib.
2737 4126 2754 4164 1
2787 4114 2866 4165 De
2894 4110 3075 4164 instit.
3110 4110 3320 4180 cleric.,
3349 4125 3400 4164 c.
3432 4110 3523 4163 27.

2149 4197 2365 4252 Deinde
2391 4215 2424 4252 a
2443 4199 2744 4254 sacerdote
2767 4199 3072 4268 inungitur
3093 4205 3160 4254 ut
3181 4215 3410 4255 sacrum
3436 4199 3733 4270 baptisma

2076 4302 2210 4342 cum
2248 4286 2359 4341 fide
2390 4291 2630 4359 accepta
2674 4288 3064 4357 custodiatur,
3117 4288 3358 4359 ungitur
3388 4285 3550 4343 illius
3590 4294 3732 4344 tunc

2079 4379 2286 4446 pectus
2317 4375 2389 4431 de
2421 4374 2545 4432 oleo
2591 4376 2981 4440 sanctiﬁcato,
3027 4393 3160 4432 cum
3195 4377 3560 4433 invocatione
3591 4395 3729 4432 an-

1994 4450 2042 4515 D
2080 4469 2185 4519 σιω
2207 4464 2540 4532 Trinitatis,
2573 4469 2638 4519 ut
2669 4465 2846 4520 nulla:
2877 4465 3137 4537 reliquiae
3185 4465 3444 4521 hominis
3493 4466 3730 4522 latentis

2077 4552 2305 4608 inimici
2334 4551 2394 4607 in
2425 4569 2493 4608 eo
2525 4552 2842 4624 resideant,
2868 4555 2970 4610 sed
2993 4554 3051 4608 in
3077 4555 3190 4609 fide
3220 4559 3438 4610 sanctae
3469 4555 3729 4610 Trinita-

2076 4643 2153 4697 tis
2177 4658 2345 4698 mens
2367 4643 2496 4714 ejus
2517 4644 2876 4699 confortetur
2903 4661 2916 4712 ;
2943 4644 3184 4716 ungitur
3205 4647 3264 4700 et
3285 4645 3437 4699 inter
3455 4645 3730 4716 scapulas

2077 4732 2147 4788 de
2177 4733 2380 4787 eodem
2444 4733 2570 4788 oleo
2629 4737 2693 4787 ut
2742 4732 3004 4804 undique
3065 4733 3370 4788 muniatur
3393 4737 3450 4788 et
3477 4734 3546 4788 ad
3581 4735 3731 4789 bona

2077 4836 2254 4890 opera
2275 4820 2538 4876 facienda
2573 4837 2674 4892 per
2697 4820 2797 4876 Dei
2825 4821 3072 4892 gratiam
3104 4821 3428 4878 roboratur.

2145 4913 2283 4966 CAP.
2319 4909 2408 4964 LI.
2443 4911 2624 4978 Quare
2662 4911 2935 4982 baptizati
2967 4927 2998 4964 a
3028 4910 3312 4966 sacerdote
3339 4915 3654 4979 unguntur.

2220 5032 2222 5035 -
2325 5000 2619 5070 Ambros,
2653 4999 2754 5055 lib.
2790 5015 2806 5053 1
2839 5000 2912 5054 De
2931 5003 3311 5064 sacramentis,
3344 5017 3394 5056 c.
3425 5003 3479 5054 2.

2149 5091 2250 5157 (De
2281 5093 2548 5146 Consecr.
2613 5090 2749 5145 dist.
2785 5090 2836 5159 4,
2871 5106 2921 5145 c.
2963 5090 3211 5158 Venisti.)
3243 5090 3467 5146 Venisti
3505 5092 3577 5147 ad
3611 5093 3732 5147 fon-

2077 5181 2200 5234 tem
2232 5183 2289 5234 et
2322 5179 2628 5251 ingressus
2659 5196 2741 5250 es,
2776 5178 3086 5235 considera
3116 5180 3258 5252 quid
3313 5180 3557 5249 videris,
3593 5182 3723 5252 quid

2077 5266 2310 5324 locutus
2344 5269 2449 5335 sis,
2475 5274 2532 5325 et
2554 5273 2744 5340 repete
2766 5267 3102 5340 diligenter,
3125 5269 3380 5325 occurrit
3403 5269 3512 5325 tibi
3536 5269 3723 5334 levita,

2077 5358 2330 5413 occurrit
2361 5358 2464 5414 tibi
2523 5358 2846 5430 presbyter,
2904 5362 3120 5414 unctus
3174 5374 3238 5414 es
3289 5359 3457 5430 quasi
3511 5359 3724 5415 athleta

2076 5445 2292 5502 Christi
2353 5451 2418 5502 ut
2487 5447 2558 5503 ad
2633 5447 2993 5519 baptismum
3047 5447 3508 5505 catechumenus
3569 5465 3722 5506 acce-

2077 5536 2206 5592 das.
