4000 6054
254 317 391 375 1057

1578 305 1978 364 PANORMIA.
2012 330 2078 343 -·
2106 303 2241 357 LIB.
2283 304 2327 359 Ι.

3511 286 3651 361 1058

251 447 384 501 CAP.
421 442 531 498 LII.
565 471 632 481 —
682 440 851 495 Verba
894 439 1095 495 erroris
1138 452 1244 508 per
1288 432 1631 507 imperitiam
1677 432 1896 503 prolata
1924 430 1976 497 Α
2009 429 2179 499 prout
2209 425 2362 481 Deus
2392 425 2670 497 dignatus
2699 430 2789 482 est
2817 428 2975 493 dare,
3010 427 3373 500 interpretati
3420 446 3650 498 sumus,

467 530 576 569 non
606 512 913 583 impediunt
943 524 1104 580 aqua?
1133 508 1662 578 sanctiﬁcationem.

408 606 575 673 Aug.,
626 601 728 655 lib.
780 617 833 653 vx
883 601 955 654 De
1001 598 1164 653 unico
1211 597 1496 668 baptismo,
1547 610 1591 649 ο.
1640 594 1731 647 25.

322 694 425 764 (De
450 691 719 747 Consecr.
754 691 890 744 dist.
926 690 977 755 4,
1012 705 1060 742 c.
1098 687 1156 741 Si
1185 703 1294 741 non
1324 684 1551 756 sanet.).
1577 683 1887 737 Consecra-

250 787 348 837 tur
399 783 526 836 fons
575 784 631 833 et
679 780 747 833 ad
782 778 978 850 ipsum
1030 775 1389 848 baptismum
1438 772 1894 828 catechumenos

249 870 504 926 accedat.
538 867 599 923 Si
631 884 746 921 non
778 865 1177 921 sanctiﬁcatur
1207 880 1378 934 aqua,
1413 877 1546 915 cum
1578 858 1777 929 aliqua
1805 873 1894 910 er-

251 960 400 1014 roris
453 958 623 1013 verba
686 973 788 1027 per
850 954 1201 1025 imperitiam
1282 954 1549 1024 peccator
1624 944 1891 1012 effundit,

253 1048 419 1103 multi
454 1064 567 1102 non
612 1045 804 1100 solum
857 1042 1017 1111 mali,
1051 1044 1146 1098 sed
1194 1042 1369 1098 etiam
1405 1040 1539 1095 boni
1574 1038 1800 1103 fratres,
1836 1034 1894 1089 in

250 1137 379 1209 ipsa
407 1135 667 1192 Ecclesia
699 1151 813 1189 non
848 1133 1217 1189 sanctilicant
1245 1148 1450 1203 aquas.

247 1243 381 1299 CAP.
428 1241 561 1296 LIII.
632 1241 801 1296 Verba
860 1241 1066 1293 erroris
1121 1254 1223 1305 per
1280 1233 1899 1305 imperitiamﬂprolata

316 1315 480 1368 modo
508 1313 815 1381 impediunt
861 1326 1023 1382 aquae
1069 1304 1596 1379 sanctiﬁcationem.
1624 1304 1739 1382 Yel
1768 1305 1846 1360 sic
1883 1321 1895 1361 :

322 1377 619 1454 Imperitu‘s
675 1377 933 1438 minister
986 1377 1293 1451 sanctiﬁcat
1345 1396 1581 1454 aquam,
1618 1377 1742 1454 licet
1794 1391 1900 1447 per

319 1450 483 1513 verba
530 1456 845 1523 evangelica
902 1456 1099 1525 quibus
1151 1450 1508 1507 Consecratur
1561 1450 1896 1525 _bapt_ismus,

325 1527 577 1669 qut/timvis
609 1522 784 1582 multa
830 1522 1017 1580 contra
1043 1525 1207 1596 ﬁdem
1248 1526 1521 1595 pro/erret
1546 1523 1603 1575 in
1638 1522 1740 1575 illa
1770 1536 1901 1573 san-

327 1602 400 1655 cti
443 1601 673 1655 catione.

327 1601 673 1655 ctiﬁcatione.

479 1693 653 1759 Aug.,
684 1685 784 1741 lib.
818 1703 850 1739 ν
882 1688 953 1741 De
981 1687 1145 1741 unico
1178 1685 1470 1756 baptismo,
1502 1699 1552 1737 c.
1584 1682 1671 1735 25.

325 1780 428 1847 (De
453 1776 880 1832 Consecr.dist.
909 1776 961 1841 4,
996 1792 1045 1829 c.
1072 1774 1129 1828 Si
1158 1790 1268 1828 non
1297 1771 1545 1839 sanctif.,
1578 1769 1688 1824 sub
1720 1767 1895 1832 init.).
1930 1806 1975 1871 Β

250 1867 567 1923 Multorum
598 1867 754 1923 enim
787 1882 987 1937 preces
1016 1866 1406 1921 emendantur
1436 1862 1698 1935 quotidie
1731 1862 1780 1916 si
1803 1862 1896 1915 do-

248 1956 531 2012 ctioribus
564 1956 783 2011 fuerint
813 1955 1152 2023 recitataa,et
1180 1953 1366 2008 multa
1395 1953 1451 2006 in
1485 1952 1569 2006 eis
1602 1951 1895 2022 reperiun-

249 2048 347 2100 tur
376 2049 579 2100 contra
595 2044 953 2100 Catholicam
982 2041 1461 2113 ﬁdem.Nunquid
1485 2042 1531 2095 si
1568 2041 1898 2094 manifeste-

250 2138 347 2189 tur
378 2133 604 2204 aliquot
631 2134 955 2204 baptizatos
987 2150 1118 2188 cum
1154 2131 1265 2186 illae
1299 2147 1496 2203 preces
1527 2128 1690 2184 dictae
1721 2144 1898 2199 super

248 2239 460 2292 aquam
484 2223 1038 2293 fuissent,jubentur
1062 2223 1251 2277 denuo
1274 2218 1572 2291 baptizari.
1601 2217 1746 2283 Quid
1772 2218 1851 2271 ita
1876 2218 1898 2271 Ρ

249 2310 394 2377 Quia
416 2310 762 2382 plerumque
786 2312 973 2382 precis
1004 2311 1210 2366 vitium
1231 2314 1469 2381 superat
1491 2306 1783 2379 precantis
1815 2306 1895 2360 af-

248 2400 524 2468 fectus,et
555 2400 694 2470 quia
724 2399 825 2455 illa
854 2400 942 2454 vel
977 2404 1128 2454 certe
1159 2402 1372 2454 cuncta
1400 2394 1737 2466 evangelica
1767 2410 1892 2449 vcr-

246 2488 341 2553 ba,
376 2488 504 2544 sine
548 2489 765 2559 quibus
814 2505 929 2543 non
982 2492 1173 2558 potest
1219 2486 1514 2558 baptisma
1545 2482 1892 2550 consecrari,

249 2580 477 2632 tantum
511 2576 796 2647 valent,ut
818 2594 920 2648 per
950 2576 1048 2632 illa
1080 2576 1163 2631 sic
1193 2580 1506 2631 evacuetur
1531 2586 1895 2644 quaecunque

245 2665 306 2721 in
357 2681 526 2737 prece
586 2666 792 2720 vitiosa
844 2671 1047 2721 contra
1095 2665 1228 2719 ﬁdei
1280 2662 1543 2735 regulam
1594 2661 1893 2728 dicuntur,

248 2756 746 2827 quemadmodum
772 2754 1125 2809 daemonium
1142 2753 1356 2808 Christi
1380 2750 1614 2807 nomine
1640 2749 1896 2805 excludi-

246 2850 364 2899 tur.
398 2845 542 2899 Nam
578 2844 781 2915 utique
822 2844 1127 2898 haereticus
1154 2843 1203 2898 si
1226 2843 1430 2897 offerat
1462 2855 1688 2912 precem
1720 2840 1893 2895 vitio-

248 2948 513 2997 sam,nec
537 2932 754 2986 bonum
782 2931 955 2985 habet
978 2931 1279 2986 charitatis
1304 2930 1721 3001 aﬂ‘ectum,quo
1756 2944 1892 3000 pos-

245 3020 324 3075 sit
358 3020 458 3074 illa
510 3021 806 3092 imperitia
854 3020 1142 3091 superari,
1177 3025 1234 3074 et
1286 3019 1412 3073 ideo
1462 3019 1678 3073 similis
1724 3023 1813 3073 est
1842 3017 1892 3072 ei

246 3110 584 3181 quicunque
615 3109 675 3163 in
698 3110 825 3181 ipsa
848 3108 1508 3164 Catholicaimmundus
1523 3107 1611 3164 vel
1634 3107 1890 3175 invidus,

2004 531 2133 570 cum
2156 514 2524 570 ostendimus
2560 532 2661 570 vos
2701 533 2805 586 per
2844 515 3038 571 oleum
3063 516 3547 575 sanctificationis
3579 521 3649 575 ad

2002 604 2270 659 auditum
2308 604 2492 676 plenae
2521 604 2655 658 ﬁdei
2691 610 3135 674 praeparatos,et
3168 607 3223 659 in
3256 606 3475 662 bonum
3510 611 3654 664 odo-

2004 708 2124 747 rem
2156 692 2370 748 Christi
2403 699 2634 748 vocatos
2665 710 2732 748 ex
2764 698 2881 748 toto
2913 696 3172 762 corde,et
3205 695 3275 749 ad
3309 696 3650 752 renuntian-

2003 782 2143 836 dum
2177 780 2407 835 diabolo
2439 798 2569 836 esse
2599 782 3199 837 communitos.Nunc
3231 800 3363 839 vero
3394 785 3464 840 de
3503 784 3649 841 inte-

2004 869 2394 940 rioribusjam
2420 870 2712 941 mysteriis
2738 869 2989 926 locuturi
3013 888 3242 941 sumus,
3270 889 3399 943 quae
3431 874 3487 929 in
3521 875 3649 946 ipso

2005 975 2170 1014 sacro
2203 960 2360 1015 fonte
2393 960 2684 1014 celebrata
2714 960 3107 1015 sunt.Emissa
3140 960 3296 1015 enim
3326 962 3655 1020 certissima

2004 1047 2295 1115 cautione,
2317 1050 2455 1119 quia
2478 1065 2577 1103 vos
2598 1049 3013 1104 abrenuntiare
3044 1051 3319 1104 omnibus
3340 1054 3570 1123 pompis
3599 1059 3655 1108 et

2006 1137 2281 1209 operibus
2311 1138 2457 1207 ejus,
2493 1142 2547 1192 et
2572 1138 2727 1192 omni
2785 1138 3152 1193 fornicationi
3186 1139 3486 1195 diabolicae
3519 1159 3653 1214 spo-

2008 1225 2297 1298 pondistis
2331 1226 2751 1281 descendentes
2784 1225 2840 1280 in
2878 1226 3090 1281 fontem
3125 1243 3356 1282 sacrum
3386 1246 3400 1296 ;
3431 1229 3651 1285 fontem

2007 1315 2450 1385 redemptionis,
2469 1316 2687 1369 fontem
2723 1314 3156 1370 sanctiﬁcatum
3178 1316 3391 1372 virtute
3411 1317 3651 1375 caelesti.

2008 1404 2188 1458 Item:
2216 1403 2272 1456 in
2299 1403 2407 1457 hoc
2433 1404 2588 1458 fonte
2627 1407 2945 1473 antequam
2986 1420 3090 1457 vos
3130 1408 3249 1459 toto
3297 1422 3535 1477 corpore
3564 1408 3654 1461 in-

2008 1492 2394 1563 tingeremus,
2428 1492 2923 1563 interrogavimus
2966 1510 2979 1547 :
3036 1492 3221 1548 Credis
3252 1495 3307 1547 in
3361 1495 3529 1549 Deum
3554 1496 3658 1550 Pa-

2008 1591 2148 1636 trem
2179 1583 2648 1651 omnipotentem?
2691 1583 3100 1651 Respondistis
3135 1598 3148 1636 :
3186 1582 3376 1638 Credo.
3429 1585 3655 1641 Rursus

2008 1671 2543 1743 interrogavimus:
2582 1671 2772 1727 Credis
2817 1676 2867 1727 et
2907 1676 2966 1726 in
3012 1674 3195 1728 Iesum
3242 1673 3520 1730 Christum
3565 1678 3655 1731 Fi-

2010 1761 2154 1815 lium
2184 1762 2321 1831 ejus,
2354 1763 2452 1831 qui
2497 1771 2659 1816 natus
2688 1770 2765 1815 est
2795 1760 2860 1816 de
2907 1760 3121 1831 Spiritu
3149 1767 3335 1819 sancto
3365 1780 3437 1819 ea:
3466 1767 3657 1822 Maria

2009 1847 2272 1918 Virgine?
2304 1848 2715 1919 Respondistis
2750 1864 2761 1903 :
2797 1848 2863 1903 Et
2892 1849 3069 1905 credo.
3106 1851 3248 1904 Item
3280 1850 3658 1924 interrogavi-

2006 1953 2141 1992 mus
2175 1954 2187 1992 :
2222 1939 2285 1991 Et
2319 1938 2375 1992 in
2401 1937 2675 2008 Spiritum
2703 1940 2959 1993 sanctum
2985 1940 3007 1991 Ρ
3036 1937 3446 2009 Respondistis
3487 1941 3659 1995 simi-

2006 2024 2137 2082 liter
2170 2042 2181 2079 :
2221 2025 2410 2080 Credo.
2432 2026 2549 2081 Hoc
2577 2029 2775 2080 autem
2812 2026 3058 2081 fecimus
3082 2028 3254 2097 juxta
3286 2028 3521 2084 Domini
3556 2048 3657 2085 no-

2006 2114 2113 2169 stri
2142 2115 2283 2170 Jesu
2316 2114 2536 2170 Christi
2570 2114 2879 2171 salvatoris
2910 2116 3250 2187 imperium.
3278 2118 3383 2184 Qui
3415 2135 3548 2174 cum
3583 2120 3655 2175 ad

2005 2208 2234 2259 Patrem
2266 2204 2319 2259 in
2353 2204 2565 2259 caelum
2598 2205 3298 2277 ascenderet,discipulis,
3320 2207 3376 2261 id
3402 2212 3492 2262 est
3519 2225 3656 2279 apo-

2004 2293 2171 2349 stolis
2220 2294 2520 2348 mandavit
2565 2294 2766 2349 dicens
2818 2311 2831 2348 :
2884 2296 3099 2365 Euntes,
3152 2297 3424 2365 baptizata
3472 2313 3656 2352 omnes

2004 2386 2188 2453 gentes
2218 2383 2279 2437 in
2326 2385 2548 2438 nomine
2594 2385 2781 2438 Patris
2830 2391 2882 2438 et
2922 2383 3063 2438 Filii
3109 2386 3159 2439 et
3189 2384 3431 2455 Spiritus
3476 2390 3656 2442 sancti

2005 2471 2221 2543 (Matth.
2246 2473 2466 2542 xxvm).
2492 2474 2636 2527 Item
2664 2488 2675 2525 :
2706 2473 2868 2538 Quod
2890 2477 3083 2526 autem
3110 2473 3600 2546 interrogavimus
3638 2494 3649 2531 :

2006 2562 2191 2616 Credis
2211 2569 2455 2615 sanctam
2478 2561 2772 2615 Ecclesium
2798 2571 2852 2615 et
2892 2561 3261 2616 remissionem
3303 2572 3652 2630 peccatorum

2002 2658 2053 2705 et
2083 2652 2268 2704 carnis
2296 2651 2780 2719 resurrectionem,
2817 2666 2929 2703 non
2963 2666 3029 2705 eo
3066 2651 3233 2705 modo
3269 2651 3654 2724 interrogavi-

2004 2754 2135 2793 mus
2160 2742 2222 2792 ut
2260 2738 2554 2808 quomodo
2581 2738 2637 2791 in
2672 2738 2853 2792 Deum
2902 2739 3159 2793 creditur
3184 2757 3196 2794 :
3224 2740 3317 2794 Sic
3344 2757 3356 2795 :
3383 2740 3443 2793 In
3476 2742 3651 2795 Eccle-

2000 2827 2140 2882 siam
2170 2836 2416 2883 sanctam
2446 2831 2497 2881 et
2545 2826 2904 2893 Catholicam,
2938 2844 3063 2898 quae
3113 2833 3417 2898 propterea
3447 2836 3653 2885 sancta

2003 2922 2058 2972 et
2083 2915 2378 2972 Catholica
2420 2920 2509 2971 est
2540 2915 2678 2986 quia
2729 2920 2881 2971 recte
2926 2917 3110 2971 credit
3162 2915 3219 2970 in
3272 2917 3477 2972 Deum.
3525 2923 3652 2973 Non

2003 3023 2139 3076 ergo
2171 3005 2425 3059 diximus
2451 3010 2513 3058 ut
2536 3004 2592 3058 in
2620 3004 2936 3059 Ecclesium
2960 3005 3127 3075 quasi
3156 3004 3211 3058 in
3244 3006 3420 3060 Deum
3454 3007 3652 3061 crede-

2003 3094 2153 3161 ritis,
2188 3095 2288 3149 sed
2338 3093 2649 3164 intelligite
2680 3110 2783 3147 nos
2812 3094 3003 3148 dicere
3035 3100 3090 3148 et
3126 3093 3344 3149 dixisse
3378 3094 3517 3149 utin
3550 3095 3652 3149 Ec-

247 3169 305 3251 έι
339 3169 661 3253 malesana
711 3169 917 3270 Quales
969 3197 1062 3253 hic
1094 3198 1289 3269 arguit
1317 3196 1660 3269 Cyprianus,
1694 3169 1897 3250 θίγεν-αὶ
1928 3169 1970 3237 C
2008 3183 2185 3238 clesia
2215 3188 2420 3237 sancta
2455 3181 2743 3237 catholica
2788 3187 3199 3237 conversantes
3232 3183 3291 3236 in
3323 3182 3506 3238 Deum
3539 3200 3656 3238 cre—

246 3288 422 3340 etiam
455 3288 543 3357 (ut
581 3288 704 3342 ﬁeri
735 3287 900 3356 solet)
925 3287 1182 3357 aliquam
1207 3303 1436 3357 precem
1461 3286 1518 3339 in
1553 3285 1895 3356 qualoqua-

248 3376 347 3427 tur
375 3379 579 3429 contra
612 3375 869 3446 regulam
905 3376 1039 3430 ﬁdei
1088 3374 1281 3445 (multi
1314 3375 1531 3446 quippe
1571 3374 1807 3427 irruunt
1838 3375 1897 3427 in

246 3478 447 3533 preces
497 3480 611 3517 non
666 3466 858 3518 solum
913 3466 985 3518 ab
1037 3464 1329 3535 imperitis
1382 3463 1751 3533 loquacibus,
1796 3462 1897 3516 sed

251 3551 428 3605 etiam
461 3552 531 3605 ab
577 3551 863 3607 haereticis
914 3553 1292 3622 compositas,
1326 3557 1382 3606 et
1412 3568 1515 3622 per
1554 3550 1899 3621 ignorantiae

249 3639 687 3711 simplicitatem
714 3657 827 3695 non
862 3658 960 3694 eas
993 3642 1252 3695 volentes
1285 3642 1617 3695 discernere
1652 3644 1901 3694 utuntur

248 3728 717 3794 eis,arbitrantes
742 3731 894 3801 quod
927 3731 1089 3784 bonae
1122 3729 1264 3799 sint)
1299 3746 1400 3783 nec
1436 3735 1630 3784 tamen
1663 3730 1813 3798 quod
1839 3728 1898 3782 in

250 3815 336 3871 eis
364 3832 703 3887 perversum
752 3822 842 3871 est
869 3822 1111 3871 evacuat
1142 3816 1243 3871 illa
1290 3834 1413 3887 quae
1442 3817 1520 3871 ibi
1554 3822 1707 3871 recta
1738 3821 1900 3886 sunt,

253 3905 353 3958 sed
386 3905 459 3958 ab
488 3904 572 3959 eis
604 3906 801 3976 potius
834 3910 1173 3960 evacuatur.

254 4010 382 4065 CAP.
418 4011 553 4067 LIV.
588 4016 712 4067 Non
764 4014 969 4086 transit
1018 4014 1319 4086 inaquam
1371 4016 1635 4086 baptismi
1682 4015 1902 4069 malitia

887 4084 1278 4139 benedicentis.

588 4174 718 4241 Aug
747 4214 761 4235 ,
794 4170 832 4225 l.
867 4188 930 4225 III
966 4178 1041 4226 De
1071 4173 1360 4242 baptismo,
1394 4190 1442 4227 c.
1484 4174 1565 4228 10.

324 4256 424 4325 (De
475 4260 737 4313 Consecr.
772 4260 908 4313 dist.
944 4262 995 4325 4,
1031 4278 1079 4314 c.
1129 4262 1242 4317 Non
1293 4270 1371 4316 est
1403 4264 1587 4332 aqua).
1640 4263 1763 4318 Non
1815 4269 1904 4319 est

254 4360 407 4413 aqua
440 4346 679 4414 profana
729 4352 784 4401 et
815 4347 1079 4402 adultera
1126 4366 1302 4419 super
1332 4367 1507 4421 quam
1555 4338 1653 4405 Dei
1689 4369 1901 4408 nomen

252 4431 576 4502 invocatur,
608 4436 839 4491 etiamsi
870 4454 903 4491 a
935 4438 1194 4508 profanis
1226 4443 1283 4492 et
1334 4439 1617 4494 adulteris
1670 4440 1902 4495 invoce-

253 4523 520 4592 tur,quia
554 4539 658 4577 nec
687 4524 817 4595 ipsa
839 4532 1239 4591 creatura,nec
1267 4528 1463 4599 ipsum
1496 4545 1707 4583 nomen
1733 4529 1902 4583 adul-
1936 4536 1981 4600 1)

256 4610 471 4664 terium
503 4618 612 4666 est.

254 4714 385 4796 Car.
600 4718 741 4796 Quid
787 4720 1107 4796 signiﬁcant
1134 4726 1410 4796 mysteria
1459 4739 1584 4793 quae
1640 4725 1697 4779 in
1754 4728 1906 4796 fonte

327 4788 683 4863 captismatis
722 4788 1092 4847 celebrantur.
1130 4788 1223 4847 Vel
1269 4795 1351 4848 sic
1388 4811 1399 4849 :
1436 4788 1712 4863 Quomodo
1744 4788 1905 4851 intot-

332 4857 556 4937 ligitur,
595 4885 625 4937 σιΔ
654 4861 837 4917 Credis
870 4864 929 4917 in
974 4866 1159 4929 Deum,
1194 4869 1253 4920 in
1294 4857 1540 4921 sanctam
1586 4869 1903 4937 Ecclesium,

326 4938 382 4983 et
408 4934 785 4988 remissionem
834 4942 1200 5004 peccatorum,
1234 4940 1282 4992 et
1330 4938 1517 4992 carnis
1553 4934 1906 4995 resurrectio;

328 5017 475 5055 nem.
513 5025 540 5051 ››

627 5075 797 5145 Aug.,
833 5076 991 5132 honi.
1024 5080 1056 5133 3
1088 5079 1157 5133 ad
1196 5080 1538 5152 neophytos.

330 5160 433 5229 (De
465 5164 734 5216 Consecr.
769 5164 904 5218 dist.
944 5168 993 5234 4,
1024 5184 1071 5223 c.
1105 5170 1295 5224 Prima
1326 5172 1446 5240 ig.).
1484 5169 1675 5223 Prima
1730 5169 1908 5241 igitur

257 5251 313 5302 et
338 5251 597 5305 secunda
648 5253 1059 5322 predicatione
1092 5258 1160 5311 de
1196 5258 1287 5313 his
1327 5264 1558 5313 tantum
1593 5260 1770 5314 locuti
1805 5276 1908 5313 su-

257 5353 414 5403 mus,
448 5355 579 5409 quae
629 5342 792 5397 vobis
843 5344 1187 5416 priusquam
1224 5348 1291 5401 ad
1344 5348 1562 5403 fontem
1610 5348 1907 5418 veniretis,

248 5425 421 5496 juxta
453 5429 751 5485 catholica;
777 5434 988 5504 regulae
1011 5434 1281 5490 instituta
1304 5438 1744 5506 tradidimus,et
1767 5437 1908 5508 quid

174 5510 189 5521 ’
262 5515 623 5586 signiﬁcaret
676 5521 896 5591 unctio,
946 5540 1073 5593 quae
1125 5524 1371 5580 diversis
1421 5526 1682 5598 corporis
1731 5528 1909 5582 vestri

257 5603 527 5674 partibus
556 5606 841 5680 adhibita,
874 5610 1172 5668 diversum
1224 5614 1586 5671 intellectum
1620 5615 1910 5687 designat,

2007 3272 2240 3326 deretis.
2274 3271 2598 3326 Crederetis
2650 3276 2706 3325 et
2756 3272 3245 3326 resurrectionem
3296 3272 3487 3327 carnis
3532 3288 3655 3342 quas

2008 3366 2096 3415 est
2138 3361 2355 3414 futura.

2008 3448 2137 3503 CAP.
2178 3449 2321 3501 LVI.
2358 3449 2499 3514 Quid
2528 3456 2605 3501 est
2632 3448 2884 3501 credere.
2923 3447 3015 3501 Vel
3048 3447 3130 3501 sic
3167 3465 3179 3501 :
3235 3447 3658 3503 Sacramentum

2079 3520 2208 3645 fidei
2236 3537 2347 3573 nor;
2377 3524 2647 3590 tempora,
2685 3522 2803 3590 ipsa
2832 3518 2965 3587 ﬁdes
3006 3519 3303 3588 parvulum
3352 3522 3499 3591 facit
3529 3520 3656 3589 ﬁde-

2102 3609 2209 3645 em.

2320 3680 2490 3751 Aug.,
2524 3678 2695 3748 epist.
2727 3680 2816 3745 23,
2851 3678 2921 3733 ad
2954 3677 3344 3733 Bonifacium.

2081 3768 2181 3839 (De
2213 3767 2486 3822 Consecr.
2521 3767 2658 3822 dist.
2696 3768 2747 3833 4,
2780 3784 2830 3821 c.
2865 3766 3017 3822 Nihil
3047 3770 3171 3839 est).
3207 3767 3362 3822 Nihil
3394 3768 3551 3824 aliud
3572 3772 3662 3823 est

2010 3858 2243 3912 credere
2278 3874 2456 3927 quam
2489 3857 2660 3911 ﬁdem
2717 3856 2953 3925 habere,
2988 3873 3053 3910 ac
3086 3873 3187 3927 per
3220 3856 3328 3912 hoc
3371 3874 3503 3912 cum
3540 3874 3661 3913 res—

2012 3947 2301 4018 pondetur
2330 3946 2563 4001 credere
2589 3946 2868 4017 parvulus
2896 3945 2995 4016 qui
3030 3946 3161 4000 ﬁdei
3199 3947 3457 4000 nondum
3485 3947 3661 4000 habet

2013 4035 2304 4103 effectum,
2338 4034 2727 4104 respondetur
2775 4033 2950 4087 ﬁdem
2992 4032 3207 4086 habere
3258 4036 3492 4102 propter
3524 4032 3657 4085 ﬁdei

2011 4129 2470 4189 sacramentum,
2501 4126 2556 4174 et
2605 4127 2941 4175 convertere
2986 4136 3049 4174 se
3081 4120 3149 4174 ad
3204 4120 3385 4173 Deum
3421 4123 3659 4189 pr0pter

2012 4211 2411 4267 conversionis
2443 4218 2900 4274 sacramentum,
2938 4209 3076 4279 quia
3104 4214 3161 4262 et
3194 4208 3321 4279 ipsa
3355 4208 3658 4277 responsio

2012 4302 2083 4356 ad
2118 4299 2567 4355 celebrationem
2602 4298 2951 4352 sacramenti
2988 4297 3254 4367 pertinet.
3274 4299 3412 4351 Item
3448 4314 3659 4367 parvu-

2013 4389 2135 4443 lum
2166 4394 2220 4443 et
2253 4390 2301 4442 si
2350 4388 2613 4442 nondum
2661 4387 2806 4441 ﬁdes
2855 4385 2958 4441 illa
3006 4403 3131 4457 quae
3181 4387 3239 4439 in
3292 4386 3656 4440 credentium

2011 4476 2312 4531 voluntate
2345 4474 2632 4544 consistit,
2659 4476 2785 4545 jam
2837 4480 3032 4529 tamen
3064 4475 3253 4545 ipsius
3296 4474 3429 4529 ﬁdei
3465 4490 3658 4529 sacra-

2016 4570 2277 4620 mentum
2313 4565 2541 4618 ﬁdelem
2592 4564 2751 4618 facit.
2787 4563 2932 4620 Nam
2973 4565 3124 4619 sicut
3156 4564 3392 4619 credere
3422 4580 3661 4635 respon-

2015 4656 2207 4723 detur,
2242 4654 2322 4707 ita
2354 4652 2569 4707 etenim
2604 4652 2803 4707 ﬁdeles
2834 4656 3135 4719 vocantur,
3171 4669 3283 4707 non
3318 4669 3437 4708 rem
3469 4654 3660 4723 ipsam

2020 4749 2211 4799 mente
2242 4741 2576 4808 annuendo,
2603 4742 2701 4796 sed
2736 4741 2925 4813 ipsius
2957 4741 3038 4797 rei
3070 4747 3507 4798 sacramentum
3542 4758 3664 4812 per-

2017 4832 2306 4903 cipiendo.

2017 4923 2150 4977 CAP.
2188 4922 2354 4977 LVII.
2389 4922 2569 4988 Quare
2614 4922 3012 5045 trinarmersio
3060 4919 3213 4974 debet
3257 4920 3383 4988 ﬁeri
3434 4921 3493 4973 in
3537 4922 3664 4989 bap-

2770 5008 2929 5045 ismo.

2770 5008 2929 5047 ismo.

2541 5083 2687 5151 Aug.
2723 5081 2780 5134 in
2810 5080 3054 5136 homilia
3085 5081 3137 5133 4.

2088 5173 2191 5241 (De
2224 5172 2492 5225 Consecr.
2531 5170 2663 5225 dist.
2694 5172 2745 5239 4,
2771 5188 2820 5225 c.
2846 5170 3180 5240 Postquam).
3221 5171 3528 5238 Postquam
3562 5184 3665 5222 vos

2020 5262 2253 5316 credere
2308 5259 2685 5330 promisistis,
2719 5259 2889 5313 tertio
2935 5258 3125 5327 capita
3176 5262 3369 5312 vestra
3417 5256 3473 5309 in
3510 5256 3665 5310 fonte

2021 5350 2537 5412 dimersimus.Qui
2571 5350 2708 5402 ordo
2740 5347 3112 5417 baptismatis
3146 5346 3364 5416 duplici
3400 5344 3663 5416 mysterii

2022 5438 2445 5511 signiﬁcatione
2494 5437 2838 5492 celebratur.
2875 5436 3048 5490 Recte
3098 5436 3251 5489 enim
3287 5434 3457 5489 tertio
3490 5434 3666 5488 mersi

2021 5529 2182 5595 estis,
2217 5528 2355 5598 quia
2404 5525 2708 5597 accepistis
2754 5524 3114 5595 baptismum
3163 5523 3222 5578 in
3255 5522 3493 5578 nomine
3521 5522 3660 5578 Jesu

2022 5616 2237 5673 Christi
2287 5616 2385 5687 qui
2438 5614 2609 5671 tertia
2656 5612 2747 5668 die
2798 5612 3118 5669 resurrexit
3171 5630 3203 5669 a
3246 5612 3512 5671 mortuis.
3560 5609 3667 5665 Illa
