3938 6074
336 267 474 325 1059

330 480 605 552 exprimit
651 478 966 552 sepulturas
1017 493 1118 549 per
1148 491 1322 548 quam
1372 473 1602 530 Christo
1652 470 1982 543 consepulti

331 569 475 626 estis
505 569 565 624 in
623 568 918 640 baptismo
950 571 1007 622 et
1037 581 1173 620 cum
1223 563 1454 619 Christo
1487 560 1890 618 resurrexistis
1921 559 1982 615 in

328 660 464 730 ﬁde,
495 664 558 713 ut
585 657 842 731 peccatis
865 653 1048 711 abluti
1080 653 1138 708 in
1170 652 1480 710 sanctitate
1505 653 1788 707 virtutum
1821 650 1984 707 Chri-

329 754 489 806 stum
523 747 730 803 vivatis
757 744 1064 800 imitando.

328 854 462 912 CAP.
498 853 694 911 LVIII.
727 853 801 906 De
847 850 1071 911 eodem;
1101 849 1167 904 de
1191 850 1279 904 his
1306 850 1405 921 qui
1455 846 1647 916 semet,
1677 863 1786 903 non
1823 848 1981 904 tertio

781 925 841 977 in
871 923 1138 986 baptismo
1168 925 1520 992 merguntur.

735 1011 982 1066 Constit.
1014 1011 1242 1083 Apost,,
1277 1027 1404 1065 can.
1443 1010 1567 1065 150.

395 1120 496 1190 (De
525 1118 794 1174 Consecr.
829 1118 965 1173 dist.
1000 1119 1050 1184 1,
1083 1133 1134 1172 c.
1169 1116 1229 1171 Si
1259 1117 1424 1188 quis).
1457 1115 1518 1172 Si
1550 1113 1684 1186 quis
1736 1112 1974 1185 presby-

324 1211 413 1264 ter
443 1212 546 1262 aut
592 1206 908 1278 episcopus
958 1223 1074 1261 non
1128 1206 1346 1260 trinam
1398 1204 1750 1260 mersionem
1801 1203 1978 1258 unius

324 1295 586 1368 mysterii
617 1294 891 1362 celebret,
922 1295 1022 1350 sed
1057 1293 1240 1350 semel
1277 1298 1501 1365 mergat
1529 1292 1588 1348 in
1623 1292 1978 1363 baptismate

326 1387 480 1456 quod
513 1386 654 1440 dare
677 1385 944 1454 jubetur,
981 1385 1040 1439 in
1075 1383 1301 1438 Domini
1335 1387 1584 1437 mortem
1628 1383 1975 1453 deponatur.

325 1474 452 1530 Non
487 1473 633 1529 dixit
663 1472 807 1528 mihi
840 1473 1146 1540 Dominus,
1181 1472 1244 1527 In
1286 1481 1470 1526 morte
1503 1487 1633 1525 mea
1663 1471 1974 1541 baptizate,

326 1564 428 1620 sed
459 1565 681 1629 Euntes,
714 1562 895 1618 docete
944 1577 1129 1617 omnes
1175 1570 1378 1630 gentes,
1413 1561 1750 1631 baptizantes
1797 1575 1886 1614 eos
1916 1561 1978 1614 in

324 1654 548 1710 nomine
597 1653 802 1715 Patris,
853 1660 905 1706 et
952 1651 1106 1720 Filii,
1148 1660 1197 1707 et
1241 1649 1486 1722 Spiritus
1541 1651 1738 1719 sancti,
1769 1649 1974 1717 (Matth.

325 1741 527 1810 xxvm)
538 1782 551 1795 .

325 1853 456 1904 CAP.
497 1847 639 1903 LIX.
685 1847 860 1903 Semel
909 1849 969 1902 in
1020 1848 1342 1918 baptismate
1387 1861 1637 1918 mergere
1683 1846 1828 1900 licet.
1870 1843 1975 1900 Vel

397 1920 483 1976 sic
517 1937 529 1975 :
564 1918 724 1990 Quod
749 1920 953 1990 sufﬁcit
1006 1917 1117 1973 una
1163 1919 1367 1973 mersio
1417 1917 1479 1974 in
1525 1919 1748 1973 nomine
1775 1919 1976 1971 stmctae

407 1989 732 2046 Trinitatis.

817 2061 986 2116 Cone.
1025 2059 1206 2116 Tolet.
1242 2077 1316 2127 1v,
1351 2076 1400 2115 ο.
1432 2061 1486 2114 5.

399 2148 502 2218 (De
531 2151 802 2204 Consecr.
851 2149 988 2204 dist.
1023 2149 1075 2216 4,
1110 2165 1159 2204 c.
1193 2151 1464 2220 Pr0pter).
1519 2148 1758 2220 Propter
1783 2147 1974 2203 vitan-

327 2237 469 2294 dum
501 2237 843 2293 schismatis
888 2237 1230 2294 scandalum
1262 2237 1348 2293 vel
1397 2236 1650 2292 haeretici
1683 2235 1978 2309 dogmatis

329 2344 523 2394 usum,
556 2326 848 2398 triplicem
881 2326 1158 2398 baptismi
1191 2333 1497 2382 teneamus
1529 2327 1901 2382 mersionem.

327 2438 465 2491 CAP.
502 2434 622 2491 LX.
655 2435 805 2504 Quod
852 2438 1144 2503 utrumque
1190 2440 1368 2505 potest
1414 2434 1559 2504 ﬁeri,
1608 2433 1817 2488 scilicet
1865 2448 1978 2487 una

842 2507 1146 2576 immersio,
1179 2506 1261 2560 vel
1292 2508 1463 2560 trina.

699 2595 1011 2666 Gregorius
1042 2593 1333 2667 episcopis
1366 2594 1607 2666 Hispan.

401 2686 502 2755 (De
527 2686 794 2738 Consecr.
829 2684 968 2738 dist.
1003 2685 1054 2750 lt,
1088 2700 1137 2738 ο.
1177 2688 1255 2738 De
1287 2683 1481 2754 trina).
1518 2683 1594 2736 De
1627 2683 1782 2737 trina
1826 2699 1978 2736 mer-

331 2774 496 2829 sione
548 2772 918 2842 baptismatis
965 2772 1111 2827 nihil
1161 2773 1355 2828 verius
1391 2772 1732 2843 responderi
1768 2776 1978 2844 potest,

332 2879 508 2933 quam
534 2862 686 2931 quod
707 2862 816 2932 ipsi
840 2861 1093 2928 sentitis,
1113 2861 1252 2932 quia
1272 2861 1331 2916 in
1358 2878 1474 2915 una
1499 2862 1611 2915 {ide
1634 2860 1775 2915 nihil
1803 2860 1982 2915 ol‘ticit

332 2947 596 3003 Ecclesiae
628 2954 843 3002 sanctas
875 2949 1249 3018 consuetudo,
1269 2949 1639 3004 diversa.Nos
1661 2961 1852 3003 autem
1880 2949 1982 3020 qui

330 3035 503 3090 tertio
555 3037 880 3107 mergimus
926 3037 1214 3092 triduanis
1268 3037 1582 3109 sepulturas
1613 3043 1982 3092 sacramenta

1418 267 1488 318 D.
1529 263 1769 318 IVONIB
1803 258 2300 316 CARNOTENSIS
2335 257 2662 313 EPISCOPI

330 392 486 448 enim
517 389 706 459 ,tertio
756 387 1004 461 repetita
1051 386 1352 456 dimersio,
1397 389 1601 457 typum
1659 381 1982 440 Dominicis
2010 384 2063 452 Α
2095 381 2294 447 buere,
2328 379 2557 435 dicente
2597 376 2844 435 Domino
2885 381 3084 434 nostro
3127 377 3267 434 Jesu
3299 377 3531 434 Christo
3569 377 3776 432 disci-
3867 393 3869 402 ι

3623 253 3780 309 1060

2091 469 2248 542 pulis
2274 469 2447 525 suis:
2499 469 2597 534 Ite,
2653 468 2925 539 baptizate
2970 483 3154 524 omnes
3195 475 3382 536 gentes
3434 469 3494 524 in
3525 469 3777 522 nomine

2089 560 2282 614 Patris
2311 562 2363 614 et
2391 558 2525 614 Filii
2553 565 2606 614 et
2633 556 2878 628 Spiritus
2907 559 3086 612 sancti
3114 557 3636 629 (Matth.xxv1u).Si
3671 573 3772 612 re-

2087 663 2224 703 vera
2253 646 2313 702 hi
2344 648 2414 704 de
2447 646 2704 720 praefatis
2737 646 3026 702 haereticis
3043 645 3144 717 qui
3177 646 3236 701 in
3267 644 3410 702 locis
3439 645 3770 701 dilectioni

2087 740 2200 792 tuas
2247 737 2454 792 vicinis
2503 735 2855 792 commorari
2903 735 3206 803 dicuntur,
3257 733 3644 791 solummodo
3701 735 3767 790 in

2089 829 2324 885 nomine
2356 829 2585 885 Domini
2616 846 2678 885 se
2706 827 3034 900 baptizatos
3067 828 3251 884 fuisse
3280 827 3526 884 forsitan
3561 828 3768 884 eonfi-

2086 920 2306 986 tentur,
2341 919 2467 974 sine
2516 917 2830 989 cujusdam
2881 915 3270 973 dubitationis
3321 916 3611 990 ambiguo
3654 933 3764 973 eos

2089 1007 2159 1061 ad
2193 1007 2554 1063 Catholicam
2585 1008 2762 1063 {idem
2813 1004 3113 1063 venientes
3146 1007 3206 1062 in
3240 1011 3454 1062 sancta:
3485 1006 3765 1063 Trinita-

2089 1094 2165 1151 tis
2199 1097 2436 1152 nomine
2464 1096 2813 1169 baptizabis.

2086 1234 2224 1287 CAP.
2255 1230 2452 1286 LXIII.
2503 1231 2851 1286 [avocatione
2899 1230 3184 1304 Trinitatis
3231 1230 3397 1285 tertio
3444 1231 3505 1285 in
3538 1231 3759 1304 baptis-

2546 1311 2694 1358 mate
2721 1318 2974 1372 mergere
3000 1301 3274 1357 debemus.

2157 1421 2258 1486 (De
2305 1417 2577 1473 Consecr.
2633 1417 2766 1472 dist.
2811 1418 2865 1486 3,
2913 1433 2963 1473 ο.
2997 1419 3057 1474 In
3105 1416 3354 1490 synodo).
3408 1419 3472 1473 In
3520 1418 3753 1490 synodo

2084 1507 2408 1580 Anglorum
2439 1508 2736 1564 decretum
2769 1506 3109 1563 firmissime
3141 1515 3493 1579 praeceptum
3521 1513 3582 1563 et
3615 1509 3752 1564 dili-

2085 1602 2290 1670 genter
2321 1597 2786 1652 demonstratum
2833 1612 2963 1651 esse
2993 1595 3368 1668 dignoscitur
3397 1602 3459 1651 ut
3486 1597 3748 1668 quicun-

2085 1702 2198 1757 que
2229 1686 2355 1741 sine
2388 1685 2749 1741 invocatione
2766 1685 3077 1740 Trinitatis
3097 1685 3748 1758 mersusfuisset,quod

2010 1759 2522 1832 Bsacramentum
2583 1775 3038 1846 regenerationis
3097 1791 3214 1830 non
3277 1775 3538 1845 haberet,
3588 1778 3750 1849 quod

2085 1866 2322 1921 omnino
2355 1880 2554 1919 verum
2583 1864 2837 1937 est,quia
2867 1864 2915 1918 si
2950 1880 3182 1920 mersus
3207 1863 3266 1919 in
3319 1864 3476 1920 fonte
3511 1865 3743 1937 baptis-

2085 1955 2259 2010 matis
2290 1955 2425 2026 quis
2457 1953 2773 2009 fueritsine
2798 1952 3164 2009 invocatione
3187 1958 3404 2009 sanctas
3431 1953 3748 2010 Trinitatis

2087 2043 2376 2115 perfectus
2410 2041 2781 2097 Christianus
2821 2057 2933 2096 non
2967 2045 3077 2107 est,
3113 2041 3231 2097 nisi
3262 2041 3320 2096 in
3353 2042 3596 2098 nomine
3630 2042 3743 2097 Pa-

2085 2132 2193 2186 tris
2223 2135 2278 2186 et
2329 2129 2454 2186 Filii
2505 2135 2561 2186 et
2611 2130 2863 2202 Spiritus
2917 2131 3102 2186 sancti
3154 2131 3488 2203 baptizatus
3541 2132 3738 2187 fuerit.

2087 2221 2204 2276 Hoc
2253 2236 2487 2292 quoque
2534 2220 2843 2276 observare
2884 2219 2942 2274 in
2974 2221 3313 2291 supradicto
3363 2221 3588 2292 synodo
3639 2238 3734 2276 vo-

2083 2309 2322 2366 luerunt
2369 2309 2721 2371 sacerdotes.
2758 2313 2822 2364 ut
2867 2309 2969 2380 qui
3001 2307 3086 2364 vel
3140 2325 3315 2364 unam
3348 2309 3420 2364 de
3449 2309 3739 2365 Trinitate

2085 2415 2394 2473 personam
2430 2398 2486 2452 in
2518 2397 2810 2470 baptismo
2843 2414 2955 2453 non
2991 2399 3340 2466 nominaret,
3365 2397 3506 2453 illud
3542 2399 3735 2468 bapti-

2087 2504 2284 2544 smum
2333 2503 2534 2543 verum
2591 2504 2703 2541 non
2759 2491 2978 2558 posset,
3013 2487 3168 2558 quod
3203 2504 3303 2556 pro
3345 2492 3502 2543 certo
3538 2505 3741 2542 verum

2087 2581 2197 2645 est,
2232 2576 2372 2648 quia
2423 2577 2522 2648 qui
2556 2592 2738 2630 unum
2787 2592 2855 2630 ex
2887 2580 3085 2630 sancta
3122 2575 3402 2630 Trinitate
3433 2578 3745 2632 confessus

2090 2683 2202 2720 non
2239 2665 2414 2720 fuerit
2443 2681 2677 2734 nomen,
2729 2664 3018 2736 perfectus
3063 2663 3430 2719 Christianus
3461 2682 3592 2721 esse
3628 2684 3742 2721 non

2091 2760 2302 2827 potest.
2331 2754 2436 2820 Qui
2475 2755 2646 2820 enim
2699 2753 3018 2808 conﬁtetur
3065 2753 3292 2808 Patrem
3329 2759 3384 2808 et
3426 2754 3666 2820 Filium,
3700 2756 3745 2809 si

2092 2845 2396 2899 confessus
2431 2860 2544 2897 non
2573 2843 2746 2897 fuerit
2770 2842 3056 2913 Spiritum
3075 2847 3477 2911 sanctum,nec
3516 2844 3745 2898 Patrem

2092 2932 2290 2997 habet,
2318 2948 2421 2987 nec
2456 2931 2669 2986 Filium
2698 2951 2713 2995 ς
2748 2937 2804 2986 et
2835 2932 2934 3002 qui
2967 2932 3275 2986 confessus
3305 2932 3478 2986 fuerit
3509 2937 3741 2988 Patrem

2092 3026 2150 3076 et
2178 3021 2462 3092 Spiritum
2491 3024 2853 3088 sanctum,et
2889 3019 3092 3074 Filium
3128 3037 3243 3075 non
3275 3021 3586 3076 confessus
3621 3024 3743 3077 fue-

334 3124 748 3196 signamus,ut
777 3125 917 3179 dum
950 3127 1122 3180 tertio
1155 3126 1225 3180 ab
1257 3127 1425 3198 aquis
1458 3126 1651 3180 infans
1681 3127 1976 3193 educitur,
2009 3128 2052 3194 C
2092 3109 2186 3177 Γίί»
2221 3127 2326 3164 nec
2359 3114 2586 3165 Patrem
2621 3109 2956 3198 habetrnec
2987 3109 3268 3181 Spiritum
3316 3115 3614 3180 δᾶηοίυωι
3650 3129 3744 3166 νει·

335 3213 689 3267 resurrectio
715 3213 972 3268 triduani
1007 3214 1290 3285 temporis
1320 3215 1704 3285 exprimatur.
1738 3217 1899 3278 Quod
1933 3216 1982 3270 si

335 3299 469 3372 quis
501 3300 643 3356 forte
674 3302 850 3356 etiam
871 3319 975 3374 pro
1007 3320 1254 3358 summae
1276 3303 1582 3359 Trinitatis
1612 3304 1984 3360 veneratione

335 3389 577 3445 aestimet
603 3390 750 3461 fieri,
783 3408 973 3462 neque
1004 3391 1115 3447 hoc
1157 3391 1378 3464 aliquid
1413 3391 1648 3447 obsistit
1681 3392 1982 3464 baptizan-

335 3479 475 3534 dum
510 3479 691 3534 semel
723 3480 783 3535 in
816 3481 986 3550 aquis
1011 3482 1438 3553 mergere,quia
1466 3481 1818 3538 dumtribus
1849 3483 1985 3537 sub-

335 3568 573 3623 stantiis
621 3585 737 3623 una
786 3569 1119 3624 substantia
1153 3570 1608 3641 reprehensibile
1644 3570 1984 3626 nullatenus

336 3659 531 3726 potest
561 3655 844 3710 infantem
895 3655 954 3709 in
1005 3657 1359 3728 baptismate
1401 3657 1489 3712 vel
1530 3662 1637 3724 ter,
1667 3657 1753 3712 vel
1803 3656 1982 3712 semel

339 3757 619 3811 mergere,
647 3745 881 3813 quando
931 3750 987 3799 et
1018 3744 1075 3798 in
1125 3745 1314 3800 tribus
1363 3745 1756 3800 mersionibus
1789 3762 1982 3816 perso-

341 3847 550 3886 narum
582 3832 840 3888 Trinitas
869 3837 926 3888 et
955 3833 1013 3886 in
1049 3849 1166 3887 una
1198 3839 1391 3904 potest
1421 3834 1804 3905 singularitas
1839 3834 1982 3888 divi-

343 3920 546 3975 nitatis
575 3920 892 3992 designari.

841 4014 974 4064 CAP.
1009 4009 1144 4065 LXI.
1179 4015 1257 4065 De
1284 4009 1486 4065 eodem.

629 4098 868 4154 Hieron.
903 4105 967 4156 In
999 4101 1170 4170 Epist.
1205 4099 1274 4154 ad
1303 4101 1516 4170 Ephes.,
1550 4116 1600 4154 ο.
1637 4101 1689 4155 4.

400 4188 506 4257 (De
555 4188 826 4245 Consecr.
878 4189 1016 4244 dist.
1069 4189 1123 4254 4,
1174 4206 1224 4244 c.
1270 4190 1468 4245 Eodem
1517 4189 1716 4260 modo).
1766 4191 1983 4246 Eodem

334 4278 508 4332 modo
541 4277 599 4331 in
632 4277 860 4332 Patrem
912 4284 969 4334 et
1023 4278 1236 4333 Filium
1269 4284 1326 4333 et
1375 4278 1658 4349 Spiritum
1711 4287 1984 4334 sanctum

330 4365 726 4436 baptizamur,
759 4371 815 4421 et
846 4372 932 4422 ter
976 4368 1322 4439 mergimur,
1357 4373 1420 4422 ut
1463 4367 1768 4425 Trinilatis
1803 4387 1984 4425 unum

333 4459 612 4524 appareat
664 4461 1123 4512 sacramentum.
1173 4457 1317 4512 Item
1353 4473 1366 4510 :
1403 4457 1558 4512 Licet
1585 4462 1674 4512 ter
1724 4458 1983 4530 baptize-

331 4545 430 4595 tur
459 4545 696 4612 propter
721 4543 1062 4615 mysterium
1100 4546 1627 4615 Trinitatis,tamen
1661 4564 1813 4603 unus
1846 4550 1982 4621 bap-

335 4630 552 4686 tismus
585 4635 910 4702 reputatur.

332 4735 464 4792 CAP.
497 4737 666 4810 LXII.
705 4741 783 4792 De
810 4738 896 4793 his
927 4741 1025 4810 qui
1054 4742 1110 4796 in
1141 4744 1364 4798 nomine
1409 4743 1617 4799 Christi
1656 4751 1866 4798 tantum
1897 4759 1981 4799 se-

403 4806 523 4886 met
552 4811 897 4886 merguntur.
933 4806 1032 4886 Yel
1063 4814 1146 4886 sic
1183 4829 1195 4867 :
1231 4815 1384 4881 Quod
1431 4831 1542 4870 non
1591 4814 1981 4886 sithaptiian-

405 4879 536 4934 dum
574 4881 632 4934 in
683 4881 907 4954 nomine
950 4883 1136 4938 Patris
1185 4879 1420 4954 tantum,
1474 4886 1534 4940 in
1583 4879 1805 4943 nomine
1853 4887 1985 4942 Filii

404 4953 642 5020 tantum,
678 4953 738 5006 in
768 4954 991 5008 nomine
1017 4954 1260 5024 Spiritus
1289 4953 1469 5012 sancti
1498 4962 1733 5012 tantum.

835 5041 1105 5114 Pelagius
1135 5042 1484 5101 Gaudentio.

405 5128 507 5200 (De
554 5128 827 5186 Consecr.
880 5132 1020 5188 dist.
1055 5133 1106 5201 4,
1139 5149 1186 5187 c.
1221 5134 1400 5197 Multi)
1475 5134 1642 5190 Multi
1693 5141 1833 5191 sunt
1882 5137 1982 5209 qui

335 5216 396 5273 in
429 5219 668 5274 nomine
698 5219 1070 5278 solummodo
1097 5221 1310 5278 Christi
1345 5239 1460 5278 una
1489 5225 1663 5280 etiam
1696 5226 1983 5282 mersione

337 5321 399 5360 se
419 5314 689 5364 asserunt
711 5309 1582 5384 baptizari.Evangt-licumvero
1606 5319 1978 5386 praeceptum,

336 5394 466 5465 ipso
498 5396 742 5455 Domino
776 5403 888 5454 Deo
917 5405 976 5456 et
1005 5401 1301 5457 Salvatore
1333 5410 1532 5457 nostro
1579 5406 1716 5458 Jesu
1751 5403 1980 5458 Christo

335 5485 622 5557 tradente,
655 5504 761 5543 nos
797 5489 1095 5559 admonet,
1131 5490 1190 5546 in
1224 5491 1463 5548 nomine
1492 5491 1796 5549 Trinitatis
1829 5493 1981 5550 trina

336 5571 515 5628 etiam
563 5576 856 5634 mersione
903 5583 1171 5636 sanctum
1203 5580 1498 5654 baptisma
1528 5581 1844 5654 unicuique
1873 5582 1973 5638 tri-

2093 3215 2241 3254 cuus
2271 3203 2362 3253 est
2393 3215 2426 3254 a
2457 3198 2661 3254 divina
2691 3197 2900 3270 gratia.

2094 3316 2226 3371 CAP.
2263 3316 2452 3373 LXIV.
2489 3315 2911 3378 Rebaptizentur
2960 3315 3056 3385 qui
3086 3316 3149 3370 in
3192 3317 3414 3371 nomine
3450 3316 3744 3372 Trinitatis

2571 3385 2837 3457 baptizati
2867 3402 2972 3440 non
3005 3388 3253 3456 fuerunt.

2485 3492 2681 3564 Greg.,
2719 3492 2757 3546 l.
2793 3509 2868 3562 ιχ,
2904 3493 3100 3564 Epist.,
3131 3509 3224 3564 ep.
3255 3493 3345 3548 6t.

2165 3609 2269 3680 (De
2312 3609 2586 3678 Consecr,
2637 3609 2771 3663 dist.
2805 3609 2859 3677 4,
2891 3625 2940 3663 c.
2975 3611 3056 3664 Hi
3087 3612 3253 3678 vero).
3279 3609 3362 3664 'Hi
3393 3625 3528 3665 vero
3559 3610 3732 3667 haere-

2093 3697 2189 3754 tici
2221 3698 2321 3770 qui
2349 3699 2406 3753 in
2439 3698 2745 3754 Trinitatis
2795 3697 3032 3753 nomine
3064 3698 3308 3753 minime
3340 3699 3743 3770 baptizantur,

2097 3787 2249 3843 sicut
2296 3791 2435 3843 sunt
2479 3787 2811 3852 Bonosiani,
2845 3791 2902 3841 et
2948 3787 3351 3859 Catapbrygas,
3383 3789 3523 3858 quia
3571 3795 3631 3844 et
3662 3790 3743 3844 illi

2097 3875 2394 3930 Christum
2444 3875 2754 3930 Dominum
2792 3891 2904 3930 non
2937 3875 3205 3942 credunt,
3239 3882 3294 3930 et
3332 3876 3429 3931 isti
3461 3877 3741 3948 Spiritum

2095 3969 2364 4019 sanctum
2417 3979 2686 4034 perverso
2730 3980 2904 4018 sensu
2957 3979 3087 4019 esse
3136 3965 3449 4034 quemdam
3498 3983 3741 4037 parvum

2095 4052 2393 4108 hominem
2453 4055 2790 4107 Montanum
2858 4053 3110 4106 credunt
3177 4057 3444 4124 (quorum
3514 4054 3742 4110 similes

2097 4141 2268 4196 multi
2302 4145 2442 4196 sunt
2468 4140 2589 4212 alii)
2621 4157 2752 4196 cum
2777 4142 2845 4194 ad
2868 4146 3129 4196 sanctam
3151 4141 3467 4197 Ecclesiam
3502 4144 3744 4199 veniunt

2097 4229 2634 4302 baptizentur,quia
2657 4229 2951 4300 baptisma
2982 4246 3096 4284 non
3132 4229 3239 4284 fuit
3269 4231 3421 4301 quod
3459 4230 3514 4285 in
3550 4249 3740 4287 errore

2097 4318 2271 4390 positi
2304 4323 2516 4374 sanctas
2569 4319 2874 4373 Trinitatis
2920 4309 3162 4375 homine
3191 4319 3436 4374 minime
3468 4336 3740 4392 percepe-

2099 4417 2256 4462 runt.

2094 4523 2218 4579 CAP.
2255 4522 2425 4578 LXV.
2456 4521 2777 4594 Sacerdotes
2817 4521 3120 4592 b.1ptizant,
3153 4525 3403 4594 quamvis
3449 4529 3642 4579 errant
3681 4527 3737 4579 in

2167 4599 2369 4650 Latina
2426 4595 2644 4668 lingua.
2684 4593 2783 4647 Vel
2832 4596 2967 4668 sic:
3021 4595 3094 4650 De
3147 4593 3433 4650 sacerdote
3488 4597 3589 4666 qui
3637 4613 3740 4668 per

2164 4667 2542 4735 ignorantiam
2590 4666 2795 4734 linguae
2821 4666 3035 4722 Latinae
3078 4668 3134 4721 in
3173 4669 3516 4722 invocatione
3547 4666 3729 4722 Trini.

2165 4741 2295 4793 tatis
2325 4737 2575 4808 deliquit.

2321 4843 2632 4900 Zacharias
2661 4859 2809 4915 papa
2840 4843 2896 4898 in
2929 4843 3177 4916 epistola
3207 4844 3506 4900 decretali.

2164 4961 2264 5033 (De
2307 4965 2578 5016 Consecr.
2621 4960 2758 5015 dist.
2793 4960 2847 5026 4,
2881 4977 2930 5015 c.
2967 4962 3340 5032 Retulerunt).
3394 4961 3740 5018 Retulerunt

2027 5060 2032 5066 '
2093 5051 2284 5106 nuntii
2317 5049 2402 5105 tui
2432 5049 2583 5120 quod
2613 5049 2787 5104 fuerit
2812 5049 2870 5104 in
2903 5051 3107 5105 eadem
3142 5050 3441 5121 provincia
3470 5053 3740 5107 sacerdos

2094 5139 2191 5211 qui
2246 5137 2511 5210 linguam
2571 5136 2835 5191 Latinam
2871 5139 3104 5208 penitus
3154 5138 3485 5210 ignorabat,
3519 5144 3736 5195 etcum

2093 5227 2425 5298 baptizabat
2443 5225 2920 5281 nesciensLatine
2942 5225 3459 5299 loqui,infringens
3481 5227 3737 5299 linguam

2093 5315 2308 5371 diceret
2332 5336 2345 5384 ;
2374 5316 2598 5385 Baptizo
2626 5322 2674 5369 te
2700 5315 2760 5369 in
2785 5316 3007 5372 nomine
3037 5317 3234 5371 Patria
3279 5325 3330 5372 et
3359 5317 3508 5372 Filia
3535 5321 3592 5372 et
3622 5317 3735 5389 Spi-

2090 5405 2243 5459 ritua
2273 5412 2480 5470 sancta,
2513 5407 2569 5458 et
2599 5419 2700 5474 per
2729 5403 2838 5459 hoc
2888 5408 2988 5458 tua
3036 5405 3354 5460 reverenda
3402 5404 3735 5462 fraternitas

2091 5493 2482 5551 consideravit
2509 5491 2890 5563 rebaptizare;
2910 5493 3010 5549 sed
3044 5495 3419 5551 sanctissime
3452 5495 3656 5564 frater,
3687 5496 3731 5552 si

2091 5581 2192 5641 ille
2219 5583 2320 5655 qui
2364 5581 2681 5656 baptizavit
2733 5598 2986 5640 errorem
3037 5600 3154 5642 non
3205 5583 3590 5642 introduoens
3636 5591 3731 5644 aut
