4000 6054
127 303 263 360 1061

1435 303 1837 359 PANORMIA.
1872 331 1940 342 —
1980 305 2113 357 LIB.
2158 306 2203 356 Ι.

3406 308 3547 362 1062

120 427 414 491 δέει-θείω,
449 426 549 481 sed
586 441 688 496 pro
721 424 846 480 sola
875 424 1211 497 ignorantia
1242 427 1510 482 Romana:
1532 426 1778 482 locutio-
1812 429 1857 493 Α
1896 426 2139 498 perﬁdia
2173 426 2503 496 frequenter
2562 428 2630 481 ad
2663 426 2949 482 vomitum
2985 428 3157 497 redit,
3208 428 3255 483 si
3288 431 3358 485 ad
3390 431 3546 501 leges

120 520 216 573 nis
246 516 619 587 infringenda
639 514 997 586 linguam,ut
1021 532 1201 587 supra
1227 516 1329 571 fati
1353 516 1782 586 sumus,bapti-

122 624 266 663 zans
296 606 559 672 dixisset,
595 622 709 660 non
742 621 1062 675 possumus
1113 606 1445 661 consentire
1497 610 1558 660 ut
1589 606 1782 661 denuo

128 697 424 768 baptizetu
435 712 480 749 r.

125 788 263 843 CAP.
300 788 494 842 LXVI.
522 789 709 855 Quare
740 784 1060 911 baptizaéus
1080 784 1316 853 ungitur
1344 802 1377 839 a
1407 784 1692 840 sacerdote
1723 786 1784 839 in

842 873 963 911 cere
1003 872 1083 911 ro.

842 872 1083 913 εενεονο.

373 946 672 1011 Rabanus,
704 945 809 1001 lib.
845 963 862 1000 ι
892 948 969 1001 De
996 946 1171 1001 instit.
1206 945 1417 1017 cleric.,
1449 946 1539 1002 21.

202 1040 303 1105 (De
362 1036 634 1091 Consecr.
671 1034 803 1089 dist.
852 1035 904 1101 4,
961 1051 1011 1089 c.
1072 1037 1412 1108 Postquam.)
1463 1034 1781 1106 Postquam

133 1125 467 1181 ascenderit
498 1123 830 1195 baptizatus
862 1124 931 1178 de
981 1124 1158 1191 fonte,
1192 1124 1391 1179 statim
1432 1123 1693 1193 signetur
1724 1124 1779 1178 in

130 1216 371 1270 cerebro
432 1230 466 1268 a
520 1214 864 1284 presbytero
916 1228 1051 1268 cum
1111 1229 1279 1268 sacro
1321 1211 1637 1267 chrismate
1692 1229 1782 1267 se-

126 1308 343 1375 quente
376 1302 553 1358 simul
586 1307 646 1357 et
677 1301 959 1371 oratione,
1019 1306 1082 1355 ut
1138 1300 1353 1356 Christi
1404 1302 1567 1373 regni
1603 1302 1783 1373 parti-

124 1409 263 1463 ceps
324 1392 445 1457 ﬁat,
504 1396 560 1445 et
619 1407 652 1446 a
706 1390 940 1446 Christo
998 1390 1376 1447 Christianus
1435 1391 1622 1462 possit
1680 1407 1781 1446 vo-

127 1483 273 1538 cari.

128 1572 265 1628 Car.
301 1570 515 1627 LXVII.
550 1570 625 1625 De
656 1570 863 1626 eodem.
916 1569 1056 1694 Qluid
1111 1586 1275 1641 super
1325 1569 1669 1642 baptizatum
1699 1570 1781 1624 di-

865 1658 929 1694 σα
960 1659 1049 1694 ur.

865 1658 1049 1697 catur.

381 1730 655 1787 Ambros.
687 1729 791 1785 lib.
829 1747 867 1784 ιι
904 1732 975 1786 De
1008 1746 1272 1797 sacram.,
1317 1747 1447 1801 cap.
1477 1732 1532 1785 7.

207 1820 314 1891 (De
364 1819 638 1875 Consecr.
698 1820 835 1875 dist.
873 1821 925 1887 4,
988 1836 1037 1874 c.
1098 1820 1432 1891 Emersisti.)
1506 1801 1862 1888 Mersisti,B

127 1908 344 1965 venisti
402 1909 475 1963 ad
534 1909 917 1977 sacerdotem,
979 1907 1118 1979 quid
1181 1908 1325 1963 dixit
1389 1908 1493 1963 tibi
1550 1910 1578 1964 ?
1625 1912 1789 1976 Deus,

130 1998 352 2069 inquit,
383 1999 548 2052 Pater
572 1998 914 2068 omnipotens
943 1998 1042 2059 qui
1074 2006 1122 2051 te
1150 1998 1497 2067 regeneravit
1532 2016 1604 2053 ea:
1641 2015 1789 2070 aqua

125 2097 178 2144 et
210 2086 424 2157 Spiritu
452 2090 668 2153 sancto,
700 2085 1077 2156 concessitque
1129 2085 1241 2140 tibi
1267 2092 1622 2157 peccatorum
1669 2092 1788 2143 tuo-

125 2192 258 2231 rum
286 2176 529 2243 veniam,
560 2177 676 2246 ipse
698 2178 749 2229 te
778 2179 953 2243 ungat
984 2174 1045 2229 in
1078 2175 1250 2229 vitam
1306 2180 1601 2243 aeternam,
1657 2178 1788 2231 vide

133 2265 237 2320 ubi
266 2270 481 2320 unctus
513 2280 575 2319 es
606 2264 665 2318 in
701 2266 881 2319 vitam
914 2268 1213 2332 aeternam,
1250 2264 1462 2335 inquit.

137 2372 277 2428 CAP.
300 2370 551 2426 LXVIII.
586 2374 771 2439 Quare
801 2373 1145 2437 unguentum
1186 2386 1353 2441 super
1384 2374 1548 2442 caput
1610 2373 1793 2441 bapti-

775 2445 889 2496 zati
916 2445 1167 2512 ponitur.

219 2532 518 2600 Ambros,
552 2532 625 2586 De
655 2532 727 2585 iis
764 2530 861 2602 qui
889 2530 1191 2586 initiantur
1218 2532 1516 2601 mysteriis,
1567 2547 1617 2586 c.
1666 2532 1721 2584 6.

219 2625 323 2690 (De
354 2623 627 2677 Consecr.
661 2620 797 2674 dist.
825 2622 876 2687 4,
911 2637 959 2675 c.
994 2619 1304 2690 Accepisti.)
1338 2620 1563 2691 Accipis
1580 2625 1797 2692 myste-

150 2710 447 2776 rium,hoc
477 2715 951 2782 estunguentum
988 2727 1164 2781 super
1195 2714 1385 2781 caput.
1414 2712 1599 2775 Quare
1622 2727 1797 2781 super

148 2800 370 2869 caput?
400 2799 546 2865 Quia
570 2799 769 2853 Sensus
799 2798 1065 2869 sapientis
1113 2800 1171 2854 in
1221 2797 1402 2866 capite
1432 2803 1558 2869 ejus
1589 2800 1795 2870 (Ercle.

144 2889 233 2961 II),
267 2890 537 2961 sequitur
566 2888 870 2960 spirituale
923 2887 1317 2959 signaculum,
1361 2889 1515 2957 quod
1550 2887 1798 2943 audistis

144 2978 322 3033 hodie
350 2977 645 3050 legi,quod
677 2982 809 3047 post
835 2976 1053 3031 fontem
1077 2994 1255 3047 super
1275 2981 1362 3033 est
1384 2993 1498 3047 quo
1524 2978 1799 3048 perfectio

144 3068 269 3137 ﬁat,
291 3067 527 3136 quando
550 3066 913 3121 invocatione
936 3064 1253 3121 sacerdotis
1275 3066 1532 3137 Spiritus
1557 3073 1799 3123 sanctus

146 3156 505 3211 infunditur.
1828 3172 1870 3238 ρ

141 3266 282 3321 CAP.
311 3262 494 3318 LXIX.
532 3262 673 3337 Quid
700 3262 982 3337 signiﬁcat
1012 3263 1256 3337 candida
1296 3267 1476 3332 vestis,
1527 3282 1691 3337 super
1718 3283 1805 3321 ca-

218 3344 315 3394 put
351 3334 618 3405 baptizati
645 3334 850 3405 posita.
885 3334 985 3391 Vel
1022 3335 1105 3391 sic
1132 3353 1143 3390 :
1181 3338 1359 3404 Quare
1388 3334 1623 3393 candida
1646 3338 1804 3394 vestis

218 3406 465 3461 traditur
498 3406 860 3462 Christianis.

346 3496 644 3565 Rabanus,
670 3495 769 3550 lib.
806 3513 823 3550 ι
855 3496 928 3550 De
976 3498 1155 3551 instit.
1189 3497 1398 3567 cleric.,
1434 3513 1482 3552 c.
1514 3498 1606 3551 29.

225 3584 328 3654 (De
359 3588 629 3639 Consecr.
666 3585 801 3639 dist.
838 3585 889 3651 4,
924 3601 972 3638 c.
1008 3587 1154 3639 Post.
1218 3585 1387 3655 bapt.)
1442 3586 1582 3640 Post
1611 3585 1804 3655 bapti-

152 3689 350 3728 smum
380 3674 632 3728 traditur
664 3672 999 3728 Christiano
1032 3673 1325 3745 baptizato
1357 3674 1537 3728 vestis
1560 3674 1809 3729 candida

154 3779 285 3833 qua:
307 3761 599 3831 signiﬁcat
630 3761 1030 3817 innocentiam
1061 3766 1118 3817 et
1167 3763 1495 3833 puritatem
1529 3762 1805 3817 Christia-

156 3865 499 3920 nam,quam
526 3849 902 3921 postablutas
919 3855 1146 3905 veteres
1178 3850 1439 3905 maculas
1463 3852 1657 3905 studio
1672 3867 1807 3906 con-

154 3938 506 3992 versationis
541 3939 1233 4006 sanctm,immaculatam
1261 3955 1490 3994 servare
1524 3940 1714 4005 debet,
1738 3941 1808 3994 ad

160 4032 551 4096 reprmsentan
582 4028 721 4081 dum
748 4033 881 4083 ante
904 4027 1163 4082 tribunal
1186 4028 1400 4083 Christi
1428 4029 1657 4083 :Cuncti
1678 4046 1810 4084 vero

159 4114 367 4181 renati,
394 4115 544 4170 albis
576 4115 910 4169 induuntur
941 4116 1203 4171 vestibus
1240 4116 1309 4169 ad
1345 4118 1687 4187 mysterium
1722 4134 1811 4171 re-

159 4204 459 4274 surgentis
494 4204 781 4259 Ecclesiae.
821 4208 960 4259 Item
994 4222 1005 4259 ε
1042 4204 1300 4259 Utuntur
1332 4205 1605 4275 baptizati
1664 4205 1812 4261 albis

160 4292 443 4363 vestibus,
486 4298 545 4348 ut
578 4311 826 4365 quorum
854 4294 1054 4365 prima)
1089 4292 1410 4347 nativitatis
1443 4295 1647 4349 faciem
1668 4300 1814 4350 vete-

162 4382 247 4436 ris
267 4382 481 4437 erroris
504 4400 736 4454 pannus
760 4372 1634 4448 fuscaverat,habitussecundae
1654 4400 1813 4456 rege-

1894 514 2211 569 catholicas
2237 515 2429 569 venire
2459 514 2770 578 voluerint,
2802 533 2904 569 VIII
2930 532 3162 572 menses
3214 518 3365 573 inter
3402 526 3551 574 cate-

1893 603 2218 658 chumenos
2250 604 2509 658 ecclesiae
2539 602 2717 658 limen
2750 603 3067 674 introeant,
3102 609 3159 661 et
3188 606 3236 662 si
3262 624 3403 678 pura
3434 609 3546 664 ﬁde

1893 692 2089 747 venire
2120 696 2615 758 noscuntur,tunc
2638 693 2877 747 demum
2902 694 3275 765 baptismatis
3293 698 3543 766 gratiam

1894 781 2422 845 mereantur.Quod
2456 781 2505 835 si
2537 798 2675 836 casu
2711 781 2907 853 aliquo
2941 783 3268 854 periculum
3293 785 3545 841 inﬁrmi-

1893 871 2031 926 tatis
2063 870 2217 925 inter
2245 869 2654 941 praescriptum
2681 875 2916 943 tempus
2951 873 3391 943 incurrerint,et
3419 875 3546 931 des-

1893 958 2077 1031 perati
2111 959 2348 1028 fuerint,
2380 959 2769 1030 baptizentur.

1894 1067 2028 1124 CAP.
2050 1066 2259 1142 LXXII.
2296 1065 2449 1120 Sicut
2478 1075 2745 1142 n_on_sunt
2783 1066 2970 1142 Judaei
2999 1066 3070 1121 ad
3100 1067 3264 1137 ﬁdem
3294 1071 3547 1142 cogendi,

2037 1140 2113 1193 ita
2146 1154 2244 1193 nec
2271 1137 2523 1193 conversi
2552 1138 2619 1191 ab
2636 1154 2700 1193 ea
2719 1139 2975 1193 recedere
2994 1137 3413 1208 permittantu'r.

2356 1227 2529 1283 Conc.
2562 1226 2748 1282 Tolet.
2796 1244 2874 1293 ιν,
2907 1244 2955 1284 c.
2988 1228 3080 1282 56.

1967 1315 2070 1386 (De
2101 1315 2372 1371 Consecr.
2399 1314 2539 1369 dist.
2575 1316 2626 1383 4,
2682 1332 2730 1369 c.
2786 1315 2859 1369 De
2913 1314 3166 1385 ludatis.)
3218 1319 3296 1371 De
3328 1315 3553 1372 Judaeis

1893 1410 2086 1461 autem
2122 1404 2228 1459 hoc
2261 1404 2537 1474 praecepit
2560 1407 2766 1457 sancta
2798 1405 3097 1475 synodus;
3132 1404 3356 1459 nemini
3383 1404 3552 1460 dein-

1895 1510 2032 1554 ceps
2065 1494 2136 1547 ad
2169 1493 2529 1547 credendum
2562 1490 2674 1545 vim
2706 1491 2942 1547 inferre.
2971 1491 3072 1545 Cui
3100 1495 3253 1547 enim
3282 1494 3399 1548 vult
3419 1496 3555 1549 Deus

1892 1582 2269 1649 miseretur,et
2300 1597 2459 1652 quem
2491 1581 2607 1636 vult
2639 1581 2870 1635 indurat
2896 1582 3071 1651 (Rom.
3110 1582 3210 1653 ιιι).
3240 1583 3363 1637 Non
3396 1584 3552 1638 enim

1893 1671 2039 1727 tales
2065 1671 2230 1725 inviti
2258 1670 2525 1725 salvandi
2556 1674 2717 1734 sunt,
2752 1671 2852 1724 sed
2903 1668 3183 1737 volentes,
3221 1676 3285 1725 ut
3327 1672 3554 1743 integra

1893 1760 1970 1815 sit
1990 1758 2428 1830 Iormajustitiae
2461 1759 2615 1814 sicut
2637 1758 2812 1813 homo
2838 1759 3077 1830 propria
3098 1759 3326 1814 arbitrii
3346 1760 3548 1815 volun-

1899 1854 2016 1905 tate
2048 1848 2305 1920 serpenti
2329 1848 2610 1903 obediens
2641 1846 2839 1918 periit,
2872 1847 2951 1901 sic
2982 1851 3222 1902 vocante
3275 1864 3335 1902 se
3368 1849 3555 1920 gratia

1897 1939 1997 1995 Dei
2032 1938 2278 2010 prepriae
2312 1937 2528 1993 mentis
2562 1936 2940 1992 conversione
2958 1935 3133 1991 homo
3165 1935 3552 2008 quisquecre-

1898 2028 2088 2083 dendo
2121 2026 2397 2081 salvetur.
2425 2025 2572 2098 Ergo
2604 2041 2720 2080 non
2752 2026 2825 2095 vi,
2862 2025 2963 2080 sed
2995 2024 3179 2079 libera
3211 2025 3439 2081 arbitrii
3472 2027 3554 2080 fa-

1898 2116 2135 2181 cultate,
2165 2119 2230 2171 ut
2262 2118 2681 2171 convertantur
2731 2114 2975 2169 vocandi
3016 2114 3214 2186 potius
3241 2119 3400 2182 sunt,
3438 2131 3555 2170 non

1897 2204 2383 2277 impellendi.0ui
2418 2203 2752 2273 autemjam
2786 2203 3009 2274 pridem
3043 2204 3113 2257 ad
3138 2203 3552 2257 Christianita-

1904 2298 2022 2349 tem
2054 2295 2238 2348 coacti
2272 2297 2431 2361 sunt,
2456 2292 2607 2348 sicut
2656 2294 2875 2347 factum
2908 2298 2996 2347 est
3029 2292 3395 2362 temporibus
3418 2290 3552 2347 reli-

1902 2382 2223 2455 giosissimi
2257 2382 2538 2454 principis
2570 2381 2848 2449 Zizebuti,
2881 2381 2980 2451 qui
3006 2381 3132 2450 jam
3193 2384 3424 2435 constat
3454 2397 3552 2436 eos

1903 2472 2255 2527 sacramenti
2291 2470 2505 2525 divinis
2536 2470 2880 2538 associatos,
2914 2474 2970 2523 et
3004 2469 3280 2540 baptismi
3303 2470 3548 2541 gratiam

1905 2560 2331 2631 suscepisse,et
2362 2558 2678 2613 chrismate
2729 2563 2933 2612 unctos
2991 2574 3142 2622 esse,
3176 2562 3233 2611 et
3292 2559 3551 2629 corporis

1908 2650 2137 2704 Domini
2170 2653 2224 2702 et
2257 2648 2565 2719 sanguinis
2622 2647 2915 2702 exstitisse
2965 2646 3297 2718 participes,
3332 2652 3558 2717 oportet

1910 2744 1972 2793 ut
2002 2738 2175 2792 ﬁdem
2210 2752 2387 2807 quam
2417 2735 2502 2791 vel
2534 2735 2609 2803 vi,
2651 2734 2736 2789 vel
2764 2735 3109 2790 necessitate
3142 2739 3556 2806 susceperunt,

1908 2832 2104 2883 tenere
2134 2832 2441 2898 cogantur,
2478 2840 2548 2879 ne
2582 2840 2793 2879 nomen
2828 2824 3059 2879 Domini
3093 2823 3555 2895 blasphematur,

1909 2916 2175 2987 ﬁdesque
2208 2931 2383 2986 quam
2417 2916 2804 2984 susceperunt
2832 2912 2966 2968 vilis
2998 2929 3064 2967 ac
3097 2912 3557 2983 contemptibilis

1910 3004 2217 3060 habeatur.

1910 3093 2043 3149 CAP.
2082 3093 2322 3147 LXXIII.
2360 3094 2423 3149 Ut
2465 3090 2783 3147 Judmorum
2839 3090 2950 3161 ﬁlii
3008 3089 3277 3160 baptizati
3333 3105 3454 3143 cum
3485 3089 3563 3143 eis

1981 3180 2091 3219 non
2138 3165 2403 3233 habitent.
2438 3162 2539 3217 Vel
2600 3164 2732 3217 sic:
2790 3162 2830 3216 A
2884 3166 3181 3231 parentum
3228 3164 3562 3230 separentur

1983 3236 2257 3363 cogsortio
2284 3235 2490 3306 fideles,
2552 3250 2617 3289 ne
2670 3233 2732 3287 in
2777 3249 2971 3289 eorum
3018 3233 3382 3288 involvantur
3408 3248 3558 3288 erro-

1986 3326 2035 3364 ri
2076 3326 2158 3364 us.

2307 3398 2448 3449 Item
2474 3410 2639 3449 conc.
2673 3391 2858 3446 Tolet.
2885 3409 2961 3459 ιν,
2997 3408 3045 3445 c.
3080 3392 3168 3445 59.

1987 3487 2098 3556 (28,
2128 3501 2183 3555 q.
2212 3485 2264 3551 1,
2297 3500 2345 3537 c.
2370 3480 3074 3550 Judworum.)Judaaorum
3110 3479 3260 3535 ﬁlios
3291 3478 3379 3534 vel
3415 3478 3569 3534 ﬁlias

1917 3574 2257 3644 baptizatos,
2270 3588 2338 3625 ne
2354 3574 2596 3641 parentu
2610 3587 2659 3622 m
2689 3568 2841 3623 ultra
2856 3568 3230 3624 involvantur
3248 3567 3571 3632 erroribus,

1917 3664 1989 3716 ab
2020 3678 2223 3715 eorum
2257 3658 2549 3715 consortio
2574 3656 2832 3727 separari
2864 3657 3261 3721 decernimus.
3294 3656 3569 3726 tradique

1918 3756 2017 3806 aut
2041 3749 2415 3804 monasteriis
2438 3757 2532 3802 aut
2566 3746 2918 3801 Christianis
2950 3745 3113 3817 viris,
3146 3751 3247 3800 aut
3306 3744 3571 3799 mulieri-

1918 3842 2029 3895 bus
2062 3839 2244 3894 Deum
2278 3837 2723 3897 timentibus.ut
2752 3836 2862 3891 sub
2894 3852 3098 3891 eorum
3129 3834 3575 3889 conversatione

1918 3932 2146 3986 cultum
2182 3929 2313 3983 ﬁdei
2349 3928 2595 3992 discant,
2630 3934 2804 3998 atque
2863 3928 2921 3981 in
2978 3925 3191 3980 melius
3244 3921 3572 3991 constituti,

1918 4024 2040 4075 tam
2071 4019 2129 4074 in
2155 4018 2419 4075 moribus
2452 4033 2633 4088 quam
2660 4016 2721 4069 in
2754 4016 2864 4070 ﬁde
2897 4016 3225 4086 proﬁciant.

1921 4125 2055 4181 CAP.
2092 4124 2333 4180 LXXIV.
2366 4125 2579 4179 Judwis
2609 4122 2679 4176 ad
2727 4123 2886 4191 ﬁdem
2922 4121 3289 4191 venientibus,
3330 4134 3452 4171 cum
3492 4119 3577 4171 in-

2329 4196 2481 4266 ﬁdeli
2518 4195 2674 4248 nulla
2706 4193 2774 4246 sit
2804 4190 3159 4246 conversatio.

2310 4288 2455 4339 Item
2491 4298 2653 4337 conc.
2686 4280 2870 4335 Tolet.
2906 4297 2979 4346 ιν,
3013 4295 3065 4335 c.
3097 4280 3190 4349 61,

1998 4374 2110 4442 (28,
2144 4390 2201 4445 q.
2238 4374 2289 4439 1,
2314 4389 2364 4428 c.
2396 4376 2550 4443 Szpe
2579 4369 2742 4440 mal.)
2773 4374 2933 4438 Saepe
2966 4368 3259 4423 malorum
3283 4365 3581 4422 consortia

165 4471 489 4526 nerationis
545 4470 746 4541 gloriae
796 4472 1063 4541 pra-ferat
1121 4472 1557 4527 indumentum.
1584 4472 1816 4542 'I‘egitur
1859 4538 1886 4542 _
1925 4463 2103 4519 etiam
2137 4464 2321 4519 bonos
2353 4462 2759 4531 οοττυωρυηι,
2778 4463 2994 4529 quanto
3028 4458 3217 4527 magis
3247 4472 3347 4511 θοε
3375 4456 3476 4527 (Ini
3506 4456 3575 4510 ad

168 4558 324 4615 enim
359 4562 490 4631 ροιι
521 4538 1157 4615 Qucum—unctionem
1190 4565 1366 4633 caput
1416 4562 1544 4631 ejus
1577 4538 1823 4633 mygﬁco
1852 4538 1899 4603 D
1931 4552 2071 4606 vitia
2101 4551 2269 4623 proni
2300 4555 2459 4605 sunt.
2496 4548 2663 4607 Nulla
2715 4548 2899 4619 igitur
2938 4547 3097 4601 ultra
3130 4543 3464 4601 communio
3512 4545 3587 4633 sit

167 4646 478 4715 velamine,
507 4652 572 4703 ut
602 4648 891 4720 intelligat
922 4666 983 4705 se
1009 4648 1337 4705 diademate
1372 4651 1534 4722 regni
1566 4655 1823 4707 etsacer-

170 4734 352 4791 dotali
384 4737 666 4809 dignitate
696 4737 890 4808 potiri.

671 4828 803 4882 Car.
840 4826 996 4882 LXX.
1034 4826 1103 4881 De
1122 4826 1325 4883 eodem.

437 4913 734 4983 Ambros.,
768 4914 871 4970 lib.
911 4916 982 4969 De
1003 4916 1076 4970 iis
1105 4917 1201 4987 qui
1232 4915 1557 4971 initiantur.

244 5002 349 5073 (De
378 5005 653 5059 Consecr.
689 5003 827 5059 dist.
864 5004 916 5072 4,
944 5020 973 5058 o
1030 5006 1347 5076 Accepisti.)
1376 5006 1665 5078 Accepisti
1697 5012 1830 5078 post

171 5091 535 5162 baptismum
567 5092 922 5148 vestimenta
954 5094 1224 5164 candida,
1260 5099 1325 5149 ut
1356 5100 1512 5151 esset
1543 5095 1827 5151 indicium

173 5181 325 5252 quod
360 5179 593 5237 exueris
640 5180 998 5253 voluptatem
1033 5186 1431 5253 peccatorum.
1481 5188 1537 5238 et
1568 5184 1829 5241 indueris

174 5269 525 5325 innocentiae
559 5274 719 5326 casta
748 5268 1059 5325 velamina.

174 5363 309 5415 CAP.
345 5360 536 5415 LXXI.
571 5367 710 5430 Quot
740 5359 1018 5485 merasigus
1045 5359 1229 5485 {artaci
1252 5359 1398 5417 inter
1417 5362 1832 5419 catechumenos

877 5448 907 5485 a
948 5447 1049 5485 ean
1080 5447 1167 5485 ur.

877 5447 1167 5486 aoeantur.

675 5520 849 5576 Conc.
883 5518 1125 5591 Agath.,
1158 5535 1209 5574 c.
1240 5518 1330 5573 34.

252 5610 357 5681 (De
385 5608 662 5666 Consecr.
698 5608 833 5666 dist.
896 5610 946 5675 4,
1000 5624 1049 5665 c.
1111 5607 1337 5681 Judaei.)
1364 5608 1551 5666 Judaei
1582 5627 1830 5683 quorum

1932 4640 2191 4696 Hebraeis
2224 4639 2293 4693 ad
2323 4639 2497 4693 ﬁdem
2530 4636 2923 4692 Christianam
2955 4634 3284 4702 translatis,
3325 4648 3460 4689 cum
3493 4632 3588 4689 his

1935 4730 2035 4801 qui
2068 4729 2259 4785 adhuc
2291 4728 2351 4782 in
2384 4726 2564 4782 veteri
2596 4726 2711 4780 ritu
2744 4725 3179 4792 consistunt,ne
3212 4724 3360 4779 forte
3384 4738 3587 4778 eorum

1935 4818 2382 4890 participatione
2416 4816 2853 4871 subvertantur.
2914 4814 3264 4884 Quicunque
3314 4812 3491 4883 igitur
3521 4827 3590 4866 ex

1936 4907 2032 4963 his
2063 4907 2163 4978 qui
2196 4906 2469 4977 baptizati
2499 4908 2642 4959 sunt
2700 4903 2910 4958 smodo
2944 4902 3273 4957 inﬁdelium
3297 4899 3595 4955 consortia

1940 5013 2056 5052 non
2089 4994 2396 5051 vitaverint
2452 5000 2509 5049 et
2556 4994 2617 5049 hi
2668 4991 3018 5048 Christianis
3069 4993 3383 5054 donentur,
3418 4992 3475 5042 et
3504 4987 3589 5043 illi

1938 5084 2193 5158 publicis
2225 5085 2482 5139 credibus
2513 5085 2888 5153 deputentur.

1938 5194 2069 5250 CAP.
2106 5191 2308 5246 LXXV.
2343 5196 2425 5246 De
2466 5190 2673 5246 Judavis
2729 5190 3003 5260 plerisque
3049 5190 3370 5258 [requenter
3398 5184 3468 5239 ad
3494 5186 3592 5240 Ju-

2383 5265 2655 5317 daismum
2690 5261 3108 5317 revertentibus.

2335 5352 2472 5406 Item
2507 5366 2669 5405 conc.
2701 5347 2884 5402 Tolet.
2920 5362 2995 5411 ιν,
3029 5362 3078 5401 c.
3110 5347 3199 5400 58.

2015 5442 2118 5513 (De
2149 5443 2418 5497 Consecr.
2454 5440 2590 5493 dist.
2624 5439 2678 5505 4,
2730 5452 2779 5490 c.
2812 5434 3119 5505 Plerique.)
3171 5432 3443 5504 Plerique
3498 5430 3601 5503 qui

1943 5548 2010 5587 ex
2040 5530 2260 5586 Judmis
2300 5529 2525 5584 dudum
2561 5526 2631 5583 ad
2662 5523 3056 5580 Christianam
3120 5524 3295 5578 ﬁdem
3346 5520 3601 5594 promoti

1944 5625 2105 5691 sunt,
2139 5636 2297 5675 nunc
2321 5618 2802 5691 blasphemantes
2834 5613 3133 5670 Christum
3194 5629 3310 5669 non
3374 5610 3601 5668 solum-
