3938 6074
426 280 562 336 1063

1501 280 1571 332 n.
1612 277 1852 334 IVONIS
1889 275 2388 333 CARNOTENSIS
2425 241 2783 332 EPISCOPI.

3718 273 3867 331 1064

421 406 596 461 modo
626 401 907 459 Judaicos
939 401 1090 457 ritus
1119 400 1612 473 perpetrasse,sed
1647 399 1824 454 etiam
1848 398 2070 456 abomi-
2099 400 2155 466 Α
2185 397 2282 452 nia
2313 401 2434 454 tam
2456 398 2610 454 viros
2641 415 2820 471 quam
2853 399 3152 466 mulieres,
3185 400 3286 471 qui
3320 398 3472 456 filios
3516 400 3578 454 in
3614 399 3860 470 baptis-

417 496 647 550 nandas
704 491 1182 547 circumcisiones
1241 505 1524 545 exercere.
1555 489 1635 544 De
1684 489 1902 560 quibus
1925 504 2062 543 con-

422 585 582 640 sultu
618 581 835 654 piisimi
871 597 937 636 ac
967 577 1390 650 religiosissimi
1422 579 1623 632 domui
1671 578 1857 633 nostri
1908 577 2064 632 Sise-

422 671 626 728 mundi
660 669 832 740 regis,
866 669 974 723 hoc
1005 672 1277 722 sanctum
1338 667 1591 721 decrevit
1646 665 1961 721 concilium
2004 669 2067 719 ut

416 759 761 830 hujusmodi
827 763 1292 827 transgressores
1334 754 1656 826 pontiﬁcali
1716 754 2066 810 auctoritate

417 847 761 912 correcti,ad
792 845 1016 900 cultum
1049 843 1365 899 Christiani
1398 845 1690 916 dogmatis
1705 849 2063 908 revocentur,

416 943 482 993 ut
512 953 657 1007 quos
681 933 950 989 voluntas
984 933 1221 1004 propria
1253 950 1366 986 non
1392 931 2065 998 emendat,animadver-

417 1026 504 1082 sio
537 1021 914 1079 sacerdotalis
947 1026 1226 1076 coerceat.
1263 1022 1374 1076 Eos
1405 1027 1599 1076 autem
1633 1037 1780 1092 quos
1817 1020 2067 1075 circum-

423 1113 694 1181 ciderint,
721 1111 770 1165 si
804 1109 909 1164 ﬁlii
940 1125 1143 1166 eorum
1175 1114 1334 1176 sunt,
1368 1129 1399 1164 a
1431 1117 1741 1181 parentum
1774 1108 2066 1163 consortio

417 1205 803 1272 separentur;
829 1200 878 1254 si
911 1198 1192 1269 servi,pro
1216 1198 1434 1269 injuria
1467 1197 1728 1270 corporis
1759 1195 2064 1265 sui,liber-

417 1290 523 1345 tati
547 1290 874 1344 tradantur.

417 1401 550 1450 CAP.
586 1395 828 1450 LXXVI.
863 1396 936 1449 De
957 1395 1224 1462 baptismo
1267 1408 1634 1462 paganorum.
1687 1394 1820 1447 Ante
1869 1389 2066 1459 baptis-

451 1484 604 1522 mum
633 1465 855 1521 diabolo
887 1470 937 1520 et
966 1467 1085 1534 ejus
1114 1466 1364 1532 oneribus
1395 1466 1718 1519 renuntiare
1755 1463 2052 1517 debemus-

667 1554 970 1622 Rabanus,
1000 1552 1040 1606 1.
1076 1570 1091 1606 ι
1118 1555 1194 1608 De
1223 1552 1380 1606 instit
1407 1551 1623 1618 cleric.,
1646 1569 1694 1605 c.
1722 1552 1813 1604 27.

484 1644 589 1713 (De
617 1644 888 1700 Consecr.
924 1643 1062 1697 dist.
1105 1643 1158 1711 4,
1192 1658 1242 1697 c.
1301 1641 1604 1712 Primum.)
1654 1640 1915 1694 Primum
1974 1639 2062 1693 in-

417 1738 741 1802 terrogetur
770 1747 1036 1803 paganus
1068 1730 1115 1786 si
1140 1731 1514 1786 abrenuntiet
1545 1729 1776 1784 diabolo
1798 1734 1854 1783 et
1874 1728 2064 1784 omni-

415 1823 525 1877 bus
557 1821 862 1877 damnosis
891 1821 1018 1890 ejus
1052 1819 1326 1890 Operibus
1351 1822 1521 1887 atque
1545 1817 1790 1872 fallaciis
1811 1817 2060 1881 cunctis,

416 1915 481 1964 ut
513 1911 769 1980 primum
803 1913 1037 1979 respuat
1058 1923 1311 1962 errorem
1345 1914 1400 1962 et
1431 1907 1512 1961 sic
1536 1907 1970 1978 appropinquat
1991 1905 2062 1960 ad

412 1999 742 2062 veritatem,
794 1996 1097 2068 possitque
1139 1997 1309 2065 juxta
1356 1995 1726 2068 Apostolum,
1776 1995 2066 2066 deponere

414 2092 667 2142 veterem
701 2085 1002 2140 hominem
1033 2086 1356 2140 secundum
1411 2084 1718 2155 pristinam
1762 2099 2064 2138 conversa-

414 2175 633 2230 tionem
669 2175 768 2246 qui
804 2175 1205 2244 corrumpitur
1236 2173 1565 2228 secundum
1598 2172 1890 2228 desideria
1911 2187 2065 2226 erro-

416 2266 496 2320 ris
528 2264 744 2337 (Ephes.
779 2265 879 2334 iv),
931 2264 1224 2333 abnegans
1268 2261 1630 2333 impietatem
1678 2264 1734 2314 et
1765 2259 2066 2316 saecularia

419 2353 711 2409 desideria
732 2354 858 2421 (Tit.
895 2353 980 2423 ιι).

415 2466 540 2517 CAP.
579 2460 841 2514 LXXVII.
877 2461 1205 2515 Necessitate
1232 2462 1473 2526 cogente,
1509 2459 1566 2512 in
1617 2457 1970 2527 catechismo,
2014 2465 2069 2513 et

593 2534 1029 2602 conﬁrmatione,
1061 2531 1206 2587 idem
1251 2535 1526 2600 compater
1553 2546 1667 2585 esse
1693 2535 1887 2601 potest.

714 2621 794 2674 Ex
827 2619 1085 2675 Decretis
1114 2618 1344 2690 Hyginii
1381 2635 1563 2690 papa.
1595 2635 1644 2673 ο.
1682 2620 1766 2674 10.

491 2709 595 2778 (De
624 2711 896 2764 Consecr.
931 2709 1042 2762 dis.
1076 2709 1128 2775 4,
1162 2724 1210 2761 c.
1246 2710 1305 2762 In
1336 2708 1568 2775 catech.)
1600 2709 1661 2761 In
1705 2706 2064 2762 catechismo

417 2804 475 2852 et
508 2797 798 2865 baptismo
831 2801 887 2850 et
917 2795 1362 2850 conﬁrmatione
1402 2813 1584 2849 unum
1623 2795 1920 2866 patrinum
1947 2795 2067 2849 ﬁeri

416 2888 629 2954 potest,
663 2884 710 2938 si
773 2884 1094 2939 necessitas
1127 2889 1314 2954 cogat,
1341 2900 1454 2938 non
1479 2892 1672 2937 tamen
1711 2885 2070 2939 consueludo

421 2973 707 3037 Romana,
743 2972 842 3026 sed
897 2989 1000 3043 per
1029 2970 1292 3042 singulos
1323 2971 1543 3042 singuli
1575 2971 1926 3043 suscipiunt.

419 3079 548 3132 CAP.
576 3077 867 3132 LXXVIII.
902 3082 1021 3135 Non
1053 3078 1236 3147 plures
1267 3077 1359 3132 sed
1385 3094 1525 3132 unus
1552 3079 1853 3149 parvulum
1887 3079 1942 3132 in
1977 3079 2069 3133 ba-

986 3151 1187 3218 ptismo
1215 3151 1498 3218 suscipiat.

415 3238 496 3291 Ex
519 3235 776 3291 Decretis
801 3237 1010 3291 Leonis
1035 3254 1194 3308 papae
1221 3237 1372 3308 apud
1391 3241 1668 3290 Sanctum
1694 3237 2058 3294 Medardum.

485 3329 586 3394 (De
606 3329 878 3382 Consecr.
913 3326 1052 3382 dist.
1087 3327 1138 3391 4,
1173 3342 1224 3380 c.
1261 3328 1380 3380 Non
1430 3326 1657 3396 ptures).
1693 3330 1896 3381 Utnon
1935 3326 2065 3397 plu-

411 3431 504 3469 res
525 3414 596 3468 ad
621 3415 1062 3485 suscipiendum
1114 3416 1184 3469 de
1247 3414 1536 3486 baptismo
1577 3415 1860 3470 infantem
1903 3433 2066 3470 acce-

410 3504 552 3558 dant
583 3520 758 3574 quam
795 3521 951 3558 unus
983 3504 1103 3558 sive
1135 3503 1239 3569 vir,
1276 3503 1396 3558 sive
1422 3503 1722 3558 mulier.ln
1754 3507 2066 3559 confirma-

415 3592 576 3647 tione
608 3608 844 3661 quoque
875 3592 1133 3664 idipsum
1166 3593 1287 3646 fiat.

416 3679 551 3733 CAP.
578 3678 826 3733 LXXIX.
865 3679 968 3746 Qui
1001 3696 1111 3734 non
1153 3684 1231 3734 est
1263 3681 1578 3748 baptizatus
1635 3697 1734 3736 nec
1761 3682 2068 3750 conﬁrma-

482 3759 589 3875 ἐπὶ,
619 3751 798 3804 alium
828 3752 886 3805 in
919 3751 1214 3806 chrismate
1259 3754 1343 3806 vel
1387 3753 1716 3822 baptismate
1745 3763 1929 3823 tenere
1956 3769 2066 3808 non

520 3836 548 3874 e
585 3830 657 3875 et.

520 3830 657 3876 εῡει.

862 3892 1036 3946 Cone.
1065 3893 1349 3961 Mogunt.,
1384 3909 1520 3963 cap.
1544 3894 1601 3946 2.

479 3981 580 4052 (De
612 3979 884 4036 Consecr.
920 3981 1056 4036 dist.
1095 3981 1146 4050 4,
1176 3997 1226 4039 c.
1262 3986 1328 4036 1η
1352 3981 1672 4051 baptismo.)
1693 3982 1753 4036 In
1777 3983 2070 4054 baptismo

404 4069 493 4124 vel
527 4069 584 4124 in
620 4069 936 4124 chrismate
971 4087 1086 4125 non
1121 4075 1312 4141 potest
1341 4069 1523 4124 alium
1549 4071 1850 4141 suscipere
1900 4073 1958 4127 in
2001 4074 2069 4127 ﬁ-

410 4157 557 4214 lium
594 4159 719 4231 ipse
751 4159 851 4231 qui
887 4175 998 4214 non
1027 4167 1116 4214 est
1147 4159 1477 4230 baptizatus
1509 4165 1565 4214 et
1592 4161 1996 4217 confirmatus.

417 4266 552 4320 CAP.
590 4264 797 4320 LXXX.
829 4265 1024 4320 Abbati
1062 4264 1155 4320 vel
1198 4267 1466 4320 monacho
1522 4276 1845 4322 commatres
1867 4267 2070 4324 habere

1100 4354 1208 4392 non
1243 4339 1392 4392 licet.

851 4425 1022 4479 Cone.
1058 4425 1407 4492 Antissiod.,
1442 4441 1490 4479 c.
1523 4426 1615 4479 25.

2175 503 2269 542 mo
2294 481 2647 558 susCepistis
2679 505 2885 545 moneo
2917 494 2983 544 ut
3001 506 3108 544 vos
3129 487 3496 559 cognoscatis
3521 489 3856 559 fidejusso-

2174 591 2267 630 res
2302 577 2454 648 apud
2490 576 2673 632 Deum
2708 577 3002 633 exstitisse
3034 594 3134 647 pro
3168 577 3310 643 illis,
3343 593 3493 648 quos
3525 577 3644 632 nisi
3705 580 3857 634 estis

2173 665 2244 720 de
2277 681 2442 720 sacro
2461 667 2616 720 fonte
2629 667 2929 738 suscipere
2951 682 2964 720 :
2988 667 3119 721 ideo
3146 682 3247 721 eos
3269 683 3503 736 semper
3522 666 3852 723 admonete

2174 759 2241 808 ut
2270 755 2596 809 castitatem
2631 756 2990 823 custodiant,
3006 755 3310 825 justitiam
3335 754 3611 827 diligant,
3646 757 3852 812 chari-

2174 848 2349 896 tatem
2385 847 2783 908 teneant,ante
2813 843 3013 900 omnia
3043 843 3376 914 symbolum
3407 848 3461 899 et
3493 845 3843 900 orationem

2175 931 2564 1000 Dominicam,
2597 938 2652 987 et
2684 949 2782 988 vos
2815 933 2927 1004 ipsi
2959 932 3364 999 tenete,etillis
3389 949 3536 1004 quos
3570 936 3644 988 de
3669 951 3846 990 sacro

2177 1023 2330 1075 fonte
2367 1021 2700 1092 accepistis,
2733 1023 3046 1077 ostendite.

2175 1110 2310 1164 CAP.
2349 1109 2637 1165 LXXXIII.
2671 1116 2855 1181 Neque
2904 1110 3330 1183 baptizationes,
3389 1127 3568 1183 neque
3623 1115 3848 1168 reordi-

2667 1183 2931 1237 nationes
2979 1182 3104 1251 ﬁeri
3144 1183 3328 1238 liceat.

2665 1269 2837 1325 Conc.
2868 1271 3139 1342 Carthag.
3163 1288 3201 1340 1,
3237 1271 3395 1325 c.33.

2245 1357 2347 1427 (De
2367 1361 2636 1413 Consecr.
2672 1358 2809 1413 dist.
2844 1360 2897 1428 4,
2936 1376 2986 1414 c.
3045 1360 3161 1415 Non
3223 1359 3432 1431 liceat.)
3490 1360 3621 1415 Non
3666 1359 3846 1414 liceat

2175 1447 2296 1500 ﬁeri
2333 1447 3455 1518 rebaptizationes,reordinationes,vel
3487 1448 3844 1503 translatio-

2175 1552 2276 1590 nes
2309 1535 2742 1607 episcoporum.

2599 1624 2732 1678 CAP.
2767 1623 3063 1680 LXXXIV.
3089 1626 3162 1680 De
3190 1624 3400 1680 eodem.

2483 1714 2770 1784 Aug.,ep.
2822 1714 2949 1783 203,
2983 1714 3052 1767 ad
3103 1713 3514 1769 Maximinum.

2242 1799 2342 1872 (De
2389 1799 2659 1856 Consecr.
2715 1801 2853 1856 dist.
2888 1801 2940 1868 4,
2989 1818 3041 1855 c.
3084 1802 3390 1874 Rebaptiz.)
3443 1803 3832 1874 Rebaptizare

2171 1886 2514 1943 haereticum
2542 1889 2963 1959 hominem,qui
2988 1890 3109 1944 haec
3132 1891 3464 1946 sanctitatis
3498 1890 3677 1962 signa
3702 1908 3827 1961 ρει-ο
3878 1893 3895 1914 ‘

2173 1977 2411 2046 ceperit,
2448 1994 2575 2048 quae
2607 1977 2940 2033 Christiana
2987 1979 3168 2034 tradit
3212 1979 3542 2050 disciplina,
3593 1980 3836 2034 omnino

2177 2071 2476 2136 peccatum
2509 2072 2616 2121 est.
2663 2067 3042 2138 Rebaptizare
3099 2077 3292 2123 autem
3344 2074 3402 2123 et
3458 2068 3832 2123 Catholicam

2174 2154 2673 2209 immanissimum
2709 2155 2903 2210 scelus
2930 2161 3042 2212 est.
3670 2151 3680 2155 ’

2173 2244 2306 2298 CAP.
2345 2243 2602 2298 LXXXV.
2637 2244 2752 2300 Non
2781 2253 2860 2370 est:
2879 2245 3306 2370 retbaptizandus
3331 2246 3426 2318 qui
3455 2248 3523 2302 ab
3556 2246 3837 2303 haereticis

2861 2333 2928 2370 an
2959 2327 3162 2370 natur.

2861 2333 3162 2386 aptzzatur.

2422 2403 2594 2471 Beda,
2629 2403 2832 2459 homil.
2857 2405 3008 2460 36in
3040 2406 3289 2462 Joannis
3323 2423 3453 2479 cap.
3489 2425 3578 2462 iu.

2249 2492 2351 2564 (De
2372 2491 2640 2546 Consecr.
2675 2494 2810 2549 dist.
2841 2495 2891 2560 4,
2926 2511 2976 2550 ο.
3034 2497 3125 2563 51,
3158 2496 3284 2550 Sive
3319 2497 3656 2562 haretic-us.)
3711 2497 3834 2549 Sive

2176 2580 2632 2646 hmreticus,sive
2661 2581 3230 2648 schismaticus,sive
3253 2585 3826 2655 facinorosus,quis-

2179 2686 2292 2740 que
2323 2669 2379 2724 in
2405 2670 2768 2725 confessione
2795 2677 3011 2726 sanctae
3032 2671 3334 2727 Trinitatis
3361 2675 3833 2745 baptizetur,non

2178 2759 2329 2814 valet
2352 2759 2447 2813 ille
2475 2759 2572 2829 qui
2597 2759 2926 2829 baptizatus
2957 2766 3094 2816 esta
3121 2761 3290 2816 bonis
3323 2762 3646 2819 Catholicis
3671 2769 3833 2822 reba-

2179 2847 2407 2918 ptizari,
2440 2864 2510 2902 ne
2538 2848 2828 2903 confessio
2884 2848 2970 2904 vel
3022 2849 3310 2906 invocatio
3371 2853 3520 2906 tanti
3579 2856 3833 2912 nominis

2181 2936 2446 2990 videatur
2477 2936 2774 2991 annulari.

2178 3025 2312 3080 CAP.
2348 3024 2815 3102 LXXXVIXNOQ
2858 3029 3173 3102 preiteratur
3224 3028 3532 3102 baptismus
3575 3033 3723 3102 quod
3780 3035 3831 3086 in

2513 3095 2742 3151 nomine
2777 3097 3064 3152 Trinitatis
3091 3095 3477 3155 ministratur.

2553 3187 2692 3256 Aug.
2735 3191 2814 3240 De
2841 3186 3145 3242 ecclesiaxt.
3182 3205 3318 3258 reg.,
3351 3190 3444 3243 52.

2251 3271 2354 3341 (De
2385 3272 2653 3328 Consecr.
2684 3274 2823 3328 dist.
2867 3275 2920 3342 ὅ,
2971 3292 3020 3330 c.
3066 3275 3128 3330 Si
3175 3277 3316 3347 qui.)
3373 3276 3681 3334 Catholica
3712 3297 3829 3335 vero

2183 3359 2440 3415 Ecclesia
2470 3365 2776 3432 propterea
2809 3379 2923 3417 non
2976 3363 3149 3418 debet
3209 3365 3419 3420 iterare
3451 3367 3829 3437 baptismum,

2183 3449 2324 3520 quia
2353 3451 2507 3522 apud
2545 3450 2845 3506 haereticos
2877 3457 3049 3506 datus
3080 3457 3192 3518 est,
3225 3469 3296 3508 ne
3335 3455 3618 3525 judicare
3650 3456 3830 3512 vidca-

2181 3542 2279 3593 tur
2306 3539 2562 3610 ipsorum
2591 3557 2721 3595 esse
2755 3541 2908 3612 quod
2934 3541 3149 3597 Christi
3183 3547 3296 3610 est,
3323 3549 3424 3598 aut
3455 3561 3559 3599 eos
3586 3563 3703 3601 non
3738 3547 3829 3600 ha-

2182 3627 2318 3682 bere
2341 3629 2495 3698 quod
2528 3627 2688 3682 intus
2721 3645 2855 3683 cum
2901 3630 3254 3702 acceperint,
3304 3632 3580 3688 amittere
3639 3637 3831 3706 utique

2183 3717 2337 3771 foras
2367 3717 2630 3772 exeundo
2654 3734 2770 3771 non
2806 3723 3067 3788 possent.

2180 3806 2310 3861 CAP.
2349 3805 2668 3861 LXXXVII.
2703 3807 2810 3875 Qui
2833 3808 3035 3884 recedit
3086 3811 3166 3884 ab
3204 3810 3470 3877 Ecclesia,
3523 3828 3626 3867 nec
3662 3813 3826 3884 bapti-

2585 3895 2728 3944 sma,
2761 3895 2862 3934 nec
2870 3881 2965 3950 jus
2996 3880 3167 3935 dandi
3195 3884 3432 3936 amittit.

2356 3968 2526 4035 Aug,
2560 3965 2600 4020 l.
2635 3983 2675 4019 ιι
2715 3973 2917 4021 contra
2961 3969 3134 4039 epist.
3160 3970 3453 4036 Parmen.,
3485 3988 3534 4025 c.
3566 3973 3655 4026 13.

2249 4055 2325 4125 (1,
2361 4072 2419 4124 q.
2449 4055 2497 4118 1,
2526 4071 2577 4108 c.
2627 4055 2777 4122 Quod
2807 4056 3080 4126 quidam.)
3141 4058 3587 4115 Sacramentum
3655 4063 3831 4133 bapti-

2180 4143 2289 4197 smi
2324 4149 2412 4197 est
2442 4144 2594 4214 quod
2625 4143 2803 4198 habet
2835 4144 2930 4214 qui
2965 4146 3379 4217 baptizatur,et
3397 4157 3826 4204 sacramentum

2180 4232 2356 4286 dandi
2391 4233 2666 4303 baptismi
2701 4239 2790 4287 est
2821 4235 2973 4304 quod
3008 4235 3182 4291 habet
3213 4237 3309 4306 qui
3341 4237 3830 4293 ordinatur.Sicut

2183 4320 2336 4376 enim
2367 4322 2766 4391 baptizatus,si
2805 4322 3128 4394 baptizatus
3155 4325 3830 4392 decesserit,sacrameno

2182 4414 2304 4464 tum
2341 4409 2618 4481 baptismi
2651 4427 2765 4465 non
2800 4412 3038 4478 amittit,
3071 4411 3154 4467 sic
3197 4413 3373 4469 etiam
3424 4414 3758 4476 ordinatus.
3789 4415 3830 4468 si

482 4511 582 4575 (De
614 4514 882 4567 Consecr.
935 4513 1075 4568 dist.
1135 4515 1188 4583 4,
1249 4530 1294 4569 c.
1358 4514 1477 4569 Non
1534 4514 1706 4585 licet.)
1760 4515 1882 4570 Non
1934 4516 2042 4573 lice

2237 4516 2250 4551 )
2301 4499 2527 4552 unitate
2560 4499 2884 4567 recesserit,
2922 4506 3359 4556 sacramentum
3413 4503 3593 4557 dandi
3652 4504 3828 4575 bapti-

409 4597 606 4654 abbati
632 4598 720 4654 vel
753 4601 1059 4657 monachis
1092 4603 1160 4656 de
1194 4602 1488 4673 baptismo
1548 4603 1849 4674 suscipere
1883 4605 2066 4661 infan-

408 4691 520 4756 tes,
553 4686 636 4742 vel
663 4695 1018 4746 commatres
1041 4691 1277 4745 habere.

857 4796 990 4850 CAP.
1031 4796 1278 4852 LXXXI.
1316 4799 1387 4852 De
1416 4797 1619 4854 eodem.

742 4884 1190 4953 Capitularium,
1224 4886 1312 4941 tit.
1347 4903 1443 4951 vn,
1493 4904 1619 4959 cap.
1657 4889 1744 4942 15.

483 4973 590 5040 (De
611 4977 883 5028 Consecr.
918 4973 1058 5026 dist.
1103 4973 1155 5036 4,
1207 4990 1257 5028 c.
1313 4974 1604 5047 Monachi.)
1653 4977 1919 5033 Monacbi
1953 4979 2066 5036 sibi

408 5067 742 5132 compatres
771 5059 858 5116 vel
883 5067 1238 5116 commatres
1271 5078 1385 5116 non
1418 5064 1769 5129 faciant,nec
1799 5068 2066 5124 osculan-

411 5156 514 5207 tur
545 5150 816 5206 feminas.

411 5259 544 5314 CAP.
584 5257 852 5331 LXXXII.
888 5257 993 5324 Qui
1032 5260 1092 5313 in
1126 5257 1392 5331 baptismo
1447 5259 1703 5328 parvulos
1755 5263 2069 5331 suscipiunt

587 5346 694 5401 pro
725 5329 804 5384 eis
832 5331 982 5399 apud
1015 5335 1188 5385 Deum
1226 5329 1571 5400 ﬁdejussores
1618 5332 1882 5389 existunt.

414 5419 494 5473 Ex
526 5435 702 5473 serm.
729 5417 796 5473 D.
829 5425 979 5490 Aug.
1014 5425 1148 5491 post
1178 5418 1399 5546 Zascba
1429 5419 1525 5490 qui
1563 5419 1678 5477 inc.
1718 5439 1730 5476 :
1761 5424 2068 5483 Hodiernus

1219 5507 1318 5546 res.

1219 5507 1318 5547 168.

442 5577 570 5646 ‹(Ι)θ
600 5580 868 5634 Consecr.
916 5580 1052 5636 dist.
1086 5581 1139 5651 4,
1171 5598 1220 5636 c.
1257 5581 1351 5636 Vos
1379 5581 1556 5653 ante.)
1583 5580 1698 5637 Vos
1754 5591 1888 5644 ante
1934 5607 2064 5648 om-

2182 4603 2378 4640 smum
2405 4604 2519 4641 non
2553 4587 2788 4641 amittit.
2826 4587 2981 4642 Nulli
3023 4590 3184 4644 enim
3223 4597 3597 4646 sacramento
3623 4591 3832 4661 injuria

2182 4674 2449 4729 facienda
2473 4680 2599 4730 est:
2626 4676 2672 4730 si
2705 4675 2955 4730 discedit
2975 4693 3008 4730 a
3042 4677 3232 4746 malis,
3257 4686 3504 4751 uterque
3535 4681 3817 4745 discedit;

2180 4764 2227 4817 si
2264 4769 2563 4832 permanet
2593 4765 2648 4818 in
2678 4763 2870 4831 malis,
2906 4768 3155 4838 uterque
3176 4769 3674 4839 permanet.8icut
3701 4783 3827 4839 ergo

2180 4857 2516 4923 acceptatur
2540 4852 2873 4924 baptismus
2905 4871 3077 4925 quem
3138 4872 3250 4910 non
3310 4857 3504 4928 potuit
3548 4857 3824 4922 amittere,

2180 4942 2279 5012 qui
2313 4941 2383 4996 ab
2417 4942 2642 4997 unitate
2664 4943 3040 5010 discesserat,
3073 4944 3156 5000 sic
3204 4947 3604 5016 acceptandus
3647 4947 3820 5016 bapti-

2178 5047 2344 5085 smus
2370 5036 2460 5086 est
2489 5048 2664 5102 quem
2698 5032 2858 5087 dedit
2887 5031 2986 5088 ille
3018 5033 3118 5103 qui
3163 5043 3603 5092 sacramentum
3635 5034 3819 5096 dandi,

2175 5135 2308 5173 cum
2337 5119 2685 5184 discederet,
2720 5137 2834 5174 non
2870 5121 3165 5178 amiserat.

2175 5209 2310 5263 CAP.
2346 5209 2686 5264 LXXXVIII.
2720 5210 3000 5274 Baptizati
3028 5212 3095 5265 ab
3128 5212 3386 5268 ha’retici
3417 5213 3612 5270 debent
3641 5227 3813 5266 recan-

2245 5279 2457 5352 ciliari.
2493 5279 2592 5334 Vel
2626 5281 2746 5352 sic:
2780 5282 3053 5348 Quomodo
3094 5286 3442 5352 recipiantur
3499 5287 3566 5340 ab
3599 5283 3812 5341 Ecclesia

2245 5353 2342 5422 qui
2396 5351 2454 5405 in
2529 5351 2756 5407 nomine
2814 5354 3104 5408 Trinitatis
3161 5351 3228 5409 ab
3312 5356 3588 5412 haereticis
3659 5356 3810 5425 bapti-

2249 5433 2471 5477 Μηίων.

2421 5511 2592 5582 Greg.
2627 5512 2727 5568 lib.
2764 5529 2841 5578 1x,
2875 5529 2964 5584 ep.
3000 5515 3090 5581 61,
3134 5517 3203 5570 ad
3236 5514 3571 5578 Quirinum.

2241 5602 2342 5668 (De
2360 5599 2656 5673 Consecr.,
2688 5601 2824 5656 dist.
2857 5602 2910 5672 4,
2945 5619 2994 5656 ο.
3027 5604 3102 5659 Ab
3132 5604 3676 5678 antiqua.)Antiqua
3697 5609 3790 5659 Pa-
