4000 6054
200 288 338 340 1065

1532 289 1931 341 PANORMIA.
1967 319 2033 326 —
2066 294 2198 343 LlB.
2241 298 2285 346 Ι.

3474 302 3612 357 1066

193 419 349 467 trum
383 412 751 468 institutione
797 413 1112 468 didicimus
1148 418 1212 467 ut
1242 413 1487 482 quilibet
1537 412 1639 482 qui
1675 411 1830 483 apud
1871 421 1925 486 Α
1963 415 2221 471 existant
2252 417 2468 474 indicia
2498 419 2648 475 inter
2697 421 3058 495 propinquos
3102 427 3205 479 aut
3244 424 3610 494 familliares,

195 502 496 557 haereticos
518 502 575 556 in
608 500 915 557 Trinitatis
938 502 1173 556 nomine
1194 503 1590 573 baptizantur.
1620 517 1754 554 cum
1779 500 1849 555 ad

194 596 461 646 sanctam
498 589 809 645 Ecclesiam
835 591 1099 657 redeunt,
1135 596 1237 645 aut
1262 589 1533 645 unctione
1564 590 1849 643 chrisma-

194 682 292 748 tis,
326 685 426 735 aut
457 679 831 751 impositione
865 696 1099 749 manus,
1152 678 1273 734 sola
1322 678 1683 749 professione
1717 678 1850 732 Iidei

197 771 267 826 ad
303 770 496 825 sinum
532 769 736 824 matris
770 768 1070 824 Ecclesiae:
1102 772 1467 823 revocentur.
1496 766 1657 821 Unde
1680 767 1849 821 Aria-

198 877 304 915 nos
337 876 438 930 per
461 858 894 930 impositionem
929 874 1141 913 manus
1173 856 1477 925 Occidens,
1502 872 1603 926 per
1628 855 1848 909 unctio-

198 965 331 1004 nem
363 964 496 1003 vero
528 946 716 1002 sancti
746 946 1083 1002 chrismatis
1111 947 1181 1001 ad
1216 946 1549 1017 ingressum
1604 943 1847 998 catholi-

198 1055 299 1105 σω,
333 1037 539 1093 Oriens
573 1038 871 1092 reformat.

607 1129 731 1183 CAP.
767 1126 1080 1182 LXXXIX.
1114 1127 1186 1180 De
1215 1125 1421 1180 eodem.

707 1216 877 1287 Greg.
914 1218 987 1270 III
1022 1213 1335 1270 BonaIicio.

266 1311 370 1378 (De
401 1310 695 1371 Consecr.,
746 1307 883 1361 dist.
937 1307 988 1372 4,
1022 1322 1071 1359 c.
1104 1306 1241 1376 Illi.)
1304 1304 1389 1358 Illi
1435 1304 1534 1374 qui
1568 1301 1844 1372 baptizati

195 1404 337 1454 sunt
367 1416 469 1470 per
497 1396 897 1452 diversitatem
929 1400 985 1450 et
1016 1393 1465 1449 declinationem
1502 1392 1839 1461 linguarum

195 1488 540 1560 gentilitatis
570 1492 789 1553 tamen,
822 1485 961 1556 quia
991 1486 1049 1538 in
1074 1483 1308 1538 nomine
1332 1481 1633 1537 Trinitatis
1658 1480 1843 1551 bapti-

194 1578 307 1632 zati
340 1580 499 1643 sunt,
530 1580 757 1647 Oportet
787 1591 884 1630 eos
914 1591 1017 1645 per
1047 1589 1257 1628 manus
1299 1571 1732 1643 impositionem
1784 1573 1841 1624 et

194 1667 346 1722 sacri
377 1665 711 1721 chrismatis
744 1664 1073 1719 unctionem
1105 1662 1462 1717 confirmari.

197 1757 327 1811 CAP.
362 1755 472 1810 XC.
510 1754 615 1821 Qui
643 1753 831 1808 dicunt
858 1769 915 1808 se
964 1753 1265 1823 baptizatos
1308 1751 1370 1805 in
1401 1751 1627 1805 nomine
1656 1748 1834 1823 Trini-

268 1828 412 1895 tatis,
446 1810 555 1881 non
583 1829 715 1881 sunt
758 1810 1166 1895 rebaptizandi,
1197 1824 1288 1878 sed
1334 1830 1547 1878 tantum
1602 1820 1838 1875 reconci-
1866 1810 1912 1873 Β

273 1897 473 1954 liandi.

452 1968 720 2041 Pelagius
754 1984 903 2040 papa
934 1966 1257 2023 Gaudentio
1289 1965 1582 2038 episcopo.

267 2060 371 2131 (De
400 2058 696 2126 Consecr.,
727 2057 864 2112 dist.
897 2058 949 2126 4,
981 2072 1037 2113 c.
1078 2056 1323 2125 Nullus.)
1380 2054 1477 2108 Sin
1521 2068 1655 2108 vero
1688 2050 1843 2122 apud

195 2147 568 2203 dilectionem
600 2150 766 2202 tuam
798 2162 1000 2201 eorum
1042 2145 1139 2216 qui
1175 2143 1431 2200 converti
1457 2141 1679 2210 volunt,
1716 2157 1843 2194 ma-

196 2236 410 2292 nifesta
439 2235 803 2291 confessione
838 2233 1133 2303 claruerit,
1188 2234 1341 2303 quod
1404 2230 1711 2286 Trinitatis
1743 2245 1843 2283 no-

196 2327 353 2381 mine
388 2325 603 2381 fuerint
631 2324 927 2396 baptizati,
962 2322 1085 2378 sola
1137 2319 1626 2376 reconciliationis
1657 2318 1844 2390 gratia

195 2416 486 2486 impensa,
520 2413 826 2468 Catholicrc
853 2410 986 2466 ﬁdei
1012 2409 1385 2465 reconciliare
1406 2407 1754 2475 maturabis,
1781 2409 1844 2460 ut

194 2504 298 2559 tali
331 2503 713 2575 dispositione
742 2500 830 2556 vel
862 2500 1296 2571 dispcnsatione
1317 2502 1541 2552 servata
1564 2493 1709 2549 nihil
1736 2493 1840 2548 ali-

196 2599 284 2648 ter
309 2609 485 2664 quam
518 2592 673 2663 quod
706 2590 1037 2661 evangelica
1062 2588 1234 2659 jubet
1254 2586 1570 2642 auctoritas
1605 2582 1841 2639 temeri-

196 2683 330 2737 tatis
359 2682 667 2751 cujusdam
711 2680 920 2752 spiritu
952 2678 1219 2733 videatur
1251 2680 1540 2731 allectum.

195 2781 331 2836 CAP.
363 2782 502 2835 XCI.
540 2780 655 2836 Non
685 2780 986 2834 reiteratur
1045 2776 1337 2845 baptisma,
1390 2774 1552 2840 cuius
1600 2772 1842 2845 formam

640 2854 852 2906 constat
884 2852 1097 2917 integre
1118 2847 1398 2902 collatam.

468 2945 577 2995 Leo
610 2941 652 3011 Ι,
685 2957 775 3011 ep.
805 2939 894 3006 90,
931 2938 1000 2991 ad
1033 2936 1362 3001 Rusticum,
1398 2951 1447 2989 ο.
1480 2933 1570 2987 60.

267 3030 365 3099 (De
394 3030 684 3095 Consecr.,
719 3027 854 3082 dist.
891 3028 941 3079 4.
978 3042 1026 3081 c.
1062 3026 1140 3080 Hi
1168 3026 1236 3079 (te
1266 3022 1508 3094 quibus.)
1541 3023 1627 3076 Tu
1647 3024 1841 3076 autem

192 3120 263 3173 de
287 3118 503 3191 quibus
534 3116 823 3189 scripsisti
860 3115 959 3185 qui
993 3130 1054 3170 se
1112 3113 1434 3185 baptizatos
1488 3108 1701 3177 sciunt,
1735 3109 1835 3163 sed

192 3207 362 3277 cujus
395 3206 528 3261 fidei
553 3206 787 3271 fuerint,
820 3204 921 3276 qui
950 3202 1509 3275 eoslbaptizaverunt
1530 3215 1591 3254 se
1614 3197 1837 3253 nescire
1866 3176 1910 3242 C-

194 3296 562 3367 proﬁtentur,
597 3293 873 3366 quoniam
907 3292 1166 3364 quolibet
1197 3291 1370 3345 modo
1408 3290 1655 3344 formam
1690 3288 1835 3357 bap-

192 3385 453 3440 tismatis
485 3387 854 3454 acceperunt,
899 3379 1299 3453 rebaptizandi
1361 3395 1478 3433 non
1528 3381 1687 3444 sunt,
1739 3376 1835 3430 sed

194 3490 299 3547 per
329 3490 539 3528 manus
570 3470 1010 3543 impositionem
1042 3469 1317 3523 virtutem
1361 3466 1612 3538 Spiritus
1642 3462 1839 3535 sancti

196 3563 568 3635 accipientes,
603 3561 757 3632 quod
792 3560 864 3615 ab
918 3558 1207 3613 haereticis
1269 3558 1531 3626 accipere
1580 3571 1693 3609 non
1725 3554 1838 3624 'po-

196 3660 377 3718 tuere,
411 3649 723 3706 Catholicis
756 3647 1068 3720 copulandi
1093 3649 1251 3701 sunt.

192 3743 325 3799 CAP.
359 3740 531 3796 XCII.
593 3740 956 3810 Baptisentur
1003 3736 1071 3791 de
1127 3735 1324 3810 quibus
1371 3733 1709 3802 ignorantur
1765 3747 1841 3785 an

791 3814 921 3865 sunt
953 3809 1243 3879 baptizati.

709 3905 878 3969 Greg.
906 3899 978 3954 1V
1009 3897 1325 3954 Bonifacio.

263 3992 365 4063 (De
393 3992 696 4057 Consecr.,
725 3989 860 4044 dist.
894 3989 944 4043 lu.
971 4005 1019 4043 c.
1053 3987 1368 4055 Parvulos.)
1402 3982 1679 4039 Parvulos
1743 3980 1841 4052 qui

194 4097 227 4135 a
256 4080 597 4150 parentibus
629 4076 915 4133 subtracti
968 4080 1128 4142 sunt,
1164 4080 1221 4130 et
1272 4092 1343 4130 an
1379 4072 1651 4144 baptizati
1702 4070 1842 4139 sint,

195 4168 521 4240 ignoratur,
558 4172 621 4223 ut
655 4168 762 4222 hos
785 4166 1079 4237 baptizare
1107 4164 1340 4231 debeas,
1374 4161 1700 4217 secundum
1736 4164 1842 4212 Pa-

191 4264 348 4314 trum
381 4258 781 4329 traditionem,
815 4257 863 4311 si
899 4273 1010 4311 non
1040 4254 1213 4309 fuerit
1243 4252 1342 4324 qui
1370 4252 1737 4319 testificatur,
1760 4266 1847 4303 ra-

193 4348 275 4403 tio
309 4347 518 4419 poscit.

666 4422 797 4475 CAP.
833 4418 1018 4472 XCIII.
1053 4421 1131 4472 De
1161 4414 1369 4471 eodem.

656 4511 830 4565 Cone.
856 4506 1126 4577 Carthag.
1160 4522 1212 4573 v,
1246 4521 1293 4559 c.
1326 4504 1379 4556 6.

266 4599 368 4669 (De
392 4600 686 4665 Consecr.,
718 4598 854 4653 dist.
891 4598 942 4649 4.
976 4612 1025 4650 c.
1084 4595 1352 4661 Placuit.)
1402 4592 1624 4647 Placuit
1656 4591 1727 4646 de
1758 4591 1849 4644 in-

192 4687 458 4742 fantibus
489 4686 718 4758 quoties
751 4701 865 4741 non
896 4683 1271 4738 invenientur
1301 4681 1617 4736 certissimi
1653 4684 1849 4747 testes,

195 4776 296 4848 qui
322 4793 423 4831 eos
444 4777 771 4848 baptizatos
795 4774 919 4830 sine
938 4771 1305 4827 dubitatione
1330 4774 1642 4834 testentur,
1668 4785 1854 4839 neque

196 4864 313 4936 ipsi
344 4881 449 4936 per
478 4869 705 4920 aztatem
740 4864 858 4920 sint
886 4860 1080 4917 idonei
1130 4861 1200 4916 de
1233 4859 1467 4915 traditis
1498 4858 1611 4914 sibi
1657 4874 1853 4912 sacra-

200 4954 419 5009 mentis
453 4954 803 5025 respondere
837 4953 1060 5023 absque
1092 4948 1211 5005 ullo
1262 4948 1538 5020 scrupulo
1571 4963 1670 5002 eos
1728 4962 1856 5002 esse

197 5042 607 5114 baptizandos,
642 5040 912 5097 similiter
943 5047 997 5095 et
1029 5040 1100 5094 de
1126 5038 1407 5105 ecclesiis,
1436 5037 1665 5109 quoties
1684 5038 1858 5091 desu-

198 5148 305 5204 per
339 5148 543 5187 earum
577 5131 887 5187 hazsitatur
935 5131 1397 5197 consecratione,
1430 5128 1719 5200 agendum
1770 5129 1859 5181 est

199 5220 356 5274 idem
392 5225 457 5275 ut
487 5222 610 5276 sine
641 5220 1031 5292 trepidatione
1064 5222 1496 5274 consecrentur.

200 5318 338 5373 CAP.
366 5320 547 5374 XCIV.
578 5322 647 5374 De
668 5320 871 5375 eodem.
899 5317 1055 5388 Quod
1085 5334 1192 5371 non
1212 5319 1472 5387 probatur
1491 5326 1721 5385 gestum,
1744 5331 1855 5370 non

274 5390 997 5460 intelligiturreiteratum;
1033 5392 1081 5443 et
1116 5388 1235 5460 ideo
1267 5390 1339 5443 sit
1371 5390 1544 5444 denuo
1576 5388 1857 5458 baptizan-

276 5462 380 5516 dus
408 5459 659 5535 tle’cujus
693 5464 961 5534 baptismo
992 5459 1297 5514 dubitatur.

601 5554 708 5608 Leo
740 5554 788 5617 Ι,
819 5568 910 5622 ep.
932 5552 1022 5617 90,
1047 5548 1465 5620 ad_Rusticum.

342 5643 447 5712 (De
478 5644 767 5708 Consecr.,
812 5641 950 5696 dist.
986 5638 1040 5707 l,
1071 5655 1121 5694 c.
1159 5638 1217 5693 Si
1244 5637 1447 5708 nulla.)
1475 5637 1533 5692 Si
1566 5636 1726 5692 nulla

528 5772 791 5832 Parnm.
842 5767 1043 5827 CLXI.

1967 504 2127 561 nulla
2148 506 2300 562 inter
2329 507 2570 564 clericos
2601 514 2701 565 aut
2730 511 2951 567 vicinos
2969 513 3183 583 quibus
3206 512 3264 567 hi
3297 514 3368 569 de
3396 515 3612 584 quibus

1966 595 2249 663 quaeritur
2279 596 2559 668 baptizati
2591 599 2772 654 fuisse
2800 600 3140 669 doceantur,
3174 603 3467 674 agendum
3520 608 3612 659 est

1966 686 2029 735 ut
2075 690 2459 740 renascantur
2492 704 2562 742 ne
2612 687 2917 744 manifeste
2976 696 3233 761 pereant.
3288 693 3349 747 In
3394 691 3610 763 quibus

1962 771 2115 839 quod
2146 790 2260 828 non
2294 776 2624 832 ostenditur
2653 783 2905 848 gestum,
2927 778 3072 834 ratio
3105 797 3220 835 non
3248 781 3409 849 sinit,
3443 786 3511 837 ut
3532 781 3612 838 vi-

1960 859 2170 914 deatur
2200 861 2498 919 iteratum.
2556 866 2663 929 Qui
2705 872 2901 922 autem
2963 873 3209 937 possunt
3265 871 3609 926 meminisse

1960 951 2112 1019 quod
2148 951 2219 1005 ad
2254 953 2572 1009 Ecclesium
2604 957 2916 1012 veniebant
2946 972 3077 1012 cum
3110 959 3452 1028 parentibus
3484 959 3609 1015 suis

1958 1045 2209 1108 possunt
2241 1044 2530 1098 recordari
2562 1062 2633 1099 an
2668 1047 2819 1117 quod
2844 1062 3046 1100 eorum
3066 1047 3406 1116 parentibus
3440 1050 3611 1104 daba-

1958 1131 2056 1181 tur
2088 1137 2458 1201 acceperunt.
2496 1134 2608 1187 Sed
2642 1134 2690 1188 si
2723 1134 2831 1189 hoc
2862 1135 3038 1189 etiam
3072 1128 3143 1190 ab
3176 1136 3305 1207 ipsa
3328 1138 3612 1193 memoria

1957 1215 2214 1273 alienum
2248 1224 2358 1289 est,
2388 1223 2805 1278 conferendum
2838 1224 2921 1279 eis
2972 1225 3201 1280 videtur
3248 1226 3402 1297 quod
3429 1225 3613 1281 colla-

1955 1308 2079 1360 tum
2114 1323 2241 1363 esse
2291 1311 2589 1379 nescitur;
2626 1313 2765 1383 quia
2794 1313 3096 1369 temeritas
3127 1331 3242 1369 non
3283 1331 3609 1387 praesump-

1953 1392 2133 1450 tionis
2164 1398 2499 1468 intervenit,
2532 1402 2629 1456 ubi
2662 1406 2750 1456 est
2771 1401 3075 1473 diligentia
3104 1403 3357 1475 pietatis.

1951 1500 2081 1556 CAP.
2118 1504 2280 1559 XCV.
2324 1506 2562 1580 Valetad
2617 1510 2858 1564 salutem
2908 1510 3193 1580 baptisma,
3249 1513 3353 1566 etsi
3378 1527 3489 1567 non
3546 1528 3609 1567 ea

2427 1579 2531 1647 ﬁde
2548 1582 2773 1650 parvuli
2799 1581 3133 1654 offerantur.

2310 1672 2476 1739 Aug,
2506 1686 2601 1740 ep.
2633 1671 2723 1735 25,
2758 1671 2828 1725 ad
2854 1671 3245 1726 bonalacium.

2015 1769 2115 1838 (De
2146 1771 2439 1842 Consecr.,
2472 1776 2607 1831 dist.
2641 1778 2695 1847 4,
2746 1794 2794 1831 c.
2830 1779 2943 1833 Non
2977 1778 3167 1849 illud.)
3218 1779 3341 1835 Non
3374 1779 3519 1835 illud
3552 1785 3609 1836 te

1955 1867 2181 1917 moveat
2211 1866 2367 1934 quod
2393 1865 2631 1936 quidam
2667 1883 2801 1921 cum
2844 1885 2958 1922 non
2990 1885 3059 1923 ea
3104 1869 3217 1923 fide
3272 1871 3344 1925 ad
3378 1870 3605 1943 baptis.

1956 1967 2118 2006 mum
2145 1953 2587 2024 percipiendum
2618 1955 2893 2028 parvulos
2927 1957 3142 2021 lerunt,
3184 1962 3247 2013 ut
3276 1960 3462 2031 gratia
3484 1960 3604 2032 spi-

1955 2040 2154 2095 rituali
2208 2044 2274 2098 ad
2308 2043 2485 2099 vitam
2534 2050 2953 2117 regenercntur
3009 2052 3310 2119 aeternam,
3354 2049 3455 2105 sed
3506 2065 3605 2105 eos

1954 2134 2167 2200 putant
2199 2130 2307 2187 hoc
2342 2134 2599 2189 remedio
2629 2135 3012 2207 temporalem
3056 2136 3307 2193 retinere
3333 2137 3419 2193 vel
3454 2138 3607 2193 reci-

1952 2234 2087 2288 pere
2118 2220 2465 2290 sanitatem;
2505 2240 2617 2277 non
2650 2224 2805 2279 enim
2840 2230 3117 2297 preptera
3158 2225 3248 2281 illi
3292 2242 3408 2281 non
3442 2243 3605 2299 rege-

1954 2315 2252 2375 nerentur,
2288 2310 2426 2381 quia
2453 2328 2565 2366 non
2599 2313 2668 2367 ab
2702 2313 2832 2369 istis
2864 2313 2971 2369 hac
3005 2315 3324 2370 intentione
3346 2316 3604 2371 offerun—

1951 2402 2067 2452 tur.

1952 2505 2083 2560 CAP.
2121 2506 2305 2562 XCVI.
2331 2509 2407 2563 De
2438 2508 2524 2562 his
2563 2525 2654 2580 qui
2700 2526 2801 2579 per
2846 2512 3224 2577 ignorantiam
3272 2512 3604 2569 ordinantur

2433 2588 2724 2651 antequam
2756 2582 3126 2651 baptizentur.

2417 2673 2586 2725 Cone.
2621 2670 2961 2742 Compend,
2993 2688 3041 2726 c.
3073 2672 3126 2727 5.

2020 2775 2097 2844 (1,
2129 2791 2181 2844 q.
2216 2776 2240 2828 1
2278 2774 2339 2829 Si
2365 2776 2698 2848 presbyter.)
2729 2776 2785 2830 Si
2837 2777 2970 2848 quis
3023 2778 3325 2850 presbyter
3363 2779 3599 2836 ordina-

1954 2868 2045 2916 tus
2078 2863 2527 2933 deprehenderit
2570 2881 2631 2920 se
2662 2882 2777 2919 non
2811 2865 3171 2937 baptizatum
3222 2882 3352 2923 esse
3404 2868 3599 2940 bapti-

1951 2955 2113 3006 zetur
2142 2955 2199 3007 et
2228 2952 2536 3009 ordinetur
2594 2953 2831 3025 iterum,
2881 2959 2938 3010 et
2988 2970 3194 3012 omnes
3239 2973 3388 3027 quos
3437 2956 3601 3029 prius

1952 3040 2289 3112 baptizavit.

2410 3135 2544 3189 CAP.
2574 3136 2792 3189 XCVII.
2830 3136 2903 3189 De
2930 3135 3132 3191 eodem.

2358 3223 2436 3277 Ex
2468 3223 2641 3277 dictis
2670 3223 2873 3278 Isidori
2903 3223 3181 3295 episcOpi.

2019 3328 2094 3397 (1,
2127 3344 2178 3398 q.
2213 3328 2264 3397 4,
2295 3328 2359 3382 Si
2377 3330 2716 3400 presbyteri;
2750 3330 2914 3401 palea
2945 3335 3033 3384 est
3081 3347 3173 3401 ap.
3209 3329 3597 3401 Gratianum.)

1947 3415 2001 3468 Si
2036 3417 2168 3486 quis
2213 3434 2313 3487 per
2340 3418 2729 3487 ignorantiam
2762 3418 3087 3485 ordinatur,
3140 3423 3457 3489 antequam
3498 3420 3598 3474 ba-

1950 3504 2218 3575 ptizetur,
2271 3505 2484 3560 debent
2527 3507 2599 3561 ab
2644 3524 2709 3562 eo
2762 3507 3059 3577 baptizati,
3119 3506 3489 3578 rebaptizari,
3539 3512 3598 3563 et

1948 3592 2074 3664 ipse
2098 3610 2210 3649 non
2244 3594 2563 3649 ordinetur.
2599 3596 2715 3649 Sed
2741 3596 3042 3651 Romanus
3072 3595 3331 3667 pontifex
3361 3612 3476 3651 non
3497 3594 3597 3651 ho-

1951 3682 2168 3738 minem
2194 3682 2422 3753 judicat
2455 3682 2552 3754 qui
2582 3683 2862 3755 baptizat,
2918 3686 3017 3741 sed
3048 3685 3268 3757 Spiritu
3322 3684 3421 3741 Dei
3453 3686 3594 3742 sub-

1954 3771 2291 3827 ministrare
2320 3773 2569 3845 gratiam
2593 3774 2776 3829 credit
2808 3775 3108 3847 baptismi,
3163 3775 3299 3831 licet
3328 3791 3598 3848 paganus

1953 3861 2028 3916 sit
2060 3861 2157 3933 qui
2192 3862 2468 3929 baptizet.

1953 3968 2078 4024 CAP.
2114 3969 2366 4044 XCVIII.
2400 3972 2472 4044 De
2495 3972 2615 4026 illis
2642 3973 2738 4042 qui
2764 3974 3103 4044 presbyteros
3123 3975 3329 4044 cogunt
3350 3972 3602 4044 denarios

2022 4057 2120 4112 pro
2152 4041 2397 4097 balsamo
2427 4042 2577 4099 dare.
2607 4045 2709 4099 Nec
2735 4041 2838 4113 pro
2867 4041 3203 4099 dedicandis
3238 4044 3482 4099 basilicis
3521 4042 3605 4097 vel

2024 4130 2121 4237 prlii
2141 4114 2501 4238 stacramentis
2533 4115 2783 4169 Ecclesiae
2830 4116 3170 4185 conferendis
3210 4116 3425 4185 aliquid
3453 4115 3606 4184 exigi

2024 4201 2087 4238 ιε
2123 4201 2151 4238 e
2180 4229 2192 4238 .

2024 4201 2192 4240 αευει.

2446 4278 2618 4329 Cone.
2654 4272 2964 4343 Cabillon.,
2990 4291 3037 4329 c.
3071 4277 3125 4330 5.

2027 4371 2103 4441 (1,
2134 4387 2188 4442 q.
2218 4371 2268 4440 1,
2299 4372 2653 4443 Statuimus.)
2688 4371 2933 4436 Quidam
2959 4372 3166 4426 fratres
3185 4371 3457 4428 dixerunt
3477 4388 3606 4427 con-

1960 4459 2293 4516 suetudinis
2326 4461 2577 4532 antiqua:
2610 4461 2791 4515 luisse
2842 4477 3044 4517 corum
3095 4460 3357 4517 ecclesiis
3406 4465 3471 4516 ut
3504 4476 3606 4532 pro

1880 4552 1925 4615 Ι)
1958 4547 2222 4605 balsamo
2271 4552 2519 4606 emendo
2552 4551 2621 4605 ad
2655 4550 2914 4605 chrisma
2946 4549 3280 4606 faciendum
3344 4550 3464 4605 sive
3506 4566 3608 4621 pro

1961 4637 2355 4695 luminaribus
2374 4639 2630 4695 ecclesias
2656 4640 3124 4708 concremandis,
3167 4640 3338 4695 binos
3359 4638 3445 4694 vel
3471 4656 3608 4711 qua-

1962 4732 2159 4784 ternos
2184 4730 2451 4785 denarios
2484 4728 2803 4800 presbyteri
2830 4729 3055 4782 darent.
3084 4729 3250 4784 Unde
3268 4745 3471 4784 omnes
3496 4746 3611 4783 uno

1964 4834 2255 4874 consensu
2290 4819 2606 4874 statuimus
2625 4822 2709 4887 ut,
2733 4817 2885 4872 sicut
2920 4834 3022 4888 pro
3047 4818 3389 4873 dedicandis
3413 4817 3610 4872 basili-

1965 4906 2047 4961 cis
2073 4910 2129 4961 et
2159 4907 2369 4961 dandis
2400 4905 2706 4961 ordinibus
2756 4904 2902 4960 nihil
2957 4906 3361 4977 accipiendum
3391 4910 3501 4975 est,
3532 4904 3614 4960 ita

1965 4996 2140 5051 etiam
2174 5012 2277 5067 pro
2300 4995 2584 5065 balsamo,
2618 4993 2736 5050 sive
2759 5012 2862 5066 pro
2911 4993 3307 5050 luminaribus
3346 4992 3614 5051 emendis

1966 5087 2110 5142 nihil
2136 5085 2457 5158 presbyteri
2491 5085 2787 5157 accepturi
2819 5084 3078 5139 chrisma
3135 5085 3294 5139 dent.
3346 5081 3614 5155 Episcopi

1968 5178 2163 5246 itaque
2188 5173 2599 5231 ecclesiasticis
2650 5174 2964 5229 facultibus
3018 5174 3349 5228 balsamum
3391 5176 3615 5237 emant,

1969 5270 2023 5319 et
2051 5264 2365 5319 luminaria
2397 5263 2646 5335 singulis
2677 5264 2935 5318 ecclesiis
2967 5262 3111 5316 suis.

1972 5378 2099 5429 CAP.
2136 5373 2319 5428 XCIX.
2357 5373 2681 5429 Chrismatis
2708 5388 2975 5444 pannum,
3030 5371 3260 5427 secundo
3318 5370 3512 5435 linire,
3566 5375 3619 5422 et

2216 5462 2380 5517 super
2410 5446 2586 5500 alium
2618 5446 2957 5515 baptizatum
2976 5444 3191 5498 mittere
3220 5444 3363 5496 licet.

2315 5536 2488 5590 Conc.
2522 5535 2674 5605 apud
2708 5532 3099 5604 Bellovacum,
3132 5550 3179 5587 c.
3214 5532 3267 5586 8.

2042 5636 2143 5707 (De
2175 5635 2467 5701 Consecr.,
2501 5634 2637 5688 dist.
2671 5632 2722 5699 4,
2756 5648 2804 5686 c.
2838 5632 2900 5685 Si
2926 5632 3097 5702 quis.)
3146 5630 3202 5685 Si
3250 5629 3382 5703 quis
3422 5628 3616 5685 volue-

3216 5761 3294 5819 34
