3938 6074
400 282 537 336 1067

1479 289 1544 337 D.
1588 286 1825 338 IVONIS
1863 286 2364 342 CARNOTENSIS
2401 292 2719 348 EPISCOPI

3689 296 3842 348 1068

397 407 472 462 rit
503 406 845 462 chrismatis
875 423 1138 478 pannum
1170 409 1346 463 itrum
1369 408 1538 463 linire
1569 413 1628 464 et
1657 425 1834 481 super
1853 410 2035 466 alium
2068 417 2118 478 Α
2150 410 2309 480 ipsos
2340 415 2664 488 baptizatus
2704 419 2885 476 fuisse
2916 435 3020 491 per
3063 419 3175 475 hoc
3223 420 3394 476 nobis
3437 420 3836 478 innotescere

394 495 756 566 baptizatum
787 495 1040 562 mittere,
1073 513 1187 551 non
1221 501 1310 552 est
1338 498 1684 552 absurdum.

396 586 527 642 CAP.
559 585 602 642 C
632 591 712 642 De
757 587 927 644 veteri
980 587 1278 713 chrismalte
1327 588 1669 715 tbaptismata
1721 605 2043 646 consecrare

1076 676 1186 715 non
1241 675 1324 714 ace
1354 699 1367 714 .

1076 676 1186 716 non
1217 675 1367 715 ιιεει.

885 750 1056 804 Cone.
1093 749 1386 820 Lugdun.,
1419 765 1468 804 e.
1497 749 1550 803 3.

467 836 572 908 (De
601 836 892 904 Consecr.,
923 837 1059 892 dist.
1095 837 1146 891 4.
1180 854 1230 892 c.
1264 837 1324 892 Si
1355 840 1476 908 qui:
1523 837 1587 893 de
1609 838 1771 910 alio.)
1817 838 1876 894 Si
1908 839 2042 910 quis

399 926 469 981 de
494 925 607 981 alio
655 925 975 983 chrismate
1006 943 1184 999 quam
1217 929 1289 984 de
1323 928 1422 983 illo
1456 945 1602 984 novo
1634 930 1787 1000 quod
1822 929 2040 1000 proprii

397 1015 654 1086 episcopi
689 1015 996 1088 largitione
1027 1017 1115 1074 vel
1157 1017 1534 1072 concessione
1583 1018 1809 1089 accepit
1858 1020 2042 1089 bapti-

395 1119 546 1172 zare,
579 1103 690 1159 nisi
750 1112 1194 1178 praeoccupante
1227 1111 1412 1162 morte
1445 1108 1755 1163 tentaverit
1807 1125 1909 1178 pro
1959 1113 2040 1164 te-

397 1191 686 1248 meritatis
733 1211 878 1250 ausu
912 1195 1034 1266 ipse
1065 1198 1122 1250 in
1156 1213 1218 1252 se
1249 1213 1368 1251 suae
1417 1196 1818 1252 damnationis
1840 1202 2042 1269 protu-

392 1278 532 1336 lisse
564 1284 915 1339 sententiam
951 1285 1382 1341 manifestatur.

395 1379 644 1468 (Ἀββά.
701 1381 856 1468 Quod
896 1384 1215 1468 presbyteri
1232 1383 1697 1468 petantchrisma
1738 1401 1774 1468 ρ
1818 1390 2044 1468 proprio

463 1455 730 1577 ερῖὶςᾳορο,
765 1458 859 1508 aut
885 1470 985 1525 per
1012 1471 1086 1521 se,
1121 1462 1215 1509 aut
1241 1470 1342 1526 per
1364 1455 1541 1508 atium
1569 1455 1667 1526 qni
1694 1458 1770 1511 sit
1796 1455 2044 1528 ejusdem

465 1537 533 1577 or
577 1540 706 1578 mis.

792 1615 960 1667 Cone.
992 1613 1145 1684 apud
1183 1612 1494 1684 Valentias,
1529 1630 1578 1669 c.
1606 1616 1660 1669 2.

473 1706 575 1775 (De
606 1719 890 1773 consecr.,
922 1703 1062 1758 dist.
1123 1703 1176 1769 4,
1223 1721 1271 1759 c.
1320 1705 1689 1776 Presbyteri.)
1740 1709 2048 1782 Presbyter

401 1795 500 1867 qui
533 1793 896 1847 dimcesanas
927 1796 1137 1862 regunt
1166 1792 1453 1848 Ecclesiae
1473 1809 1589 1848 non
1622 1811 1655 1848 a
1685 1795 2047 1866 quibuslibet
2076 1787 2123 1851 Β

401 1881 714 1955 episcopis,
750 1881 851 1935 sed
887 1898 920 1936 a
977 1898 1107 1948 suo,
1154 1897 1262 1936 nec
1312 1898 1414 1952 per
1447 1881 1745 1950 juniorem
1766 1884 2040 1945 clericum

405 1975 501 2027 sed
537 1987 638 2042 per
667 1970 893 2041 seipsos
952 1973 1055 2025 aut
1083 1986 1186 2041 per
1213 1970 1383 2026 illum
1435 1971 1535 2042 qui
1595 1971 1858 2042 ejusdem
1889 1979 2044 2034 ordi-

407 2060 498 2116 nis
530 2061 608 2116 sit
656 2062 791 2115 ante
839 2059 1071 2116 Paschae
1129 2059 1561 2116 solemnitatem
1617 2061 1888 2123 Chrisma
1947 2088 2044 2142 pe-

405 2154 548 2206 tant.

403 2243 532 2294 CAP.
588 2239 702 2294 CII.
730 2243 912 2308 Quare
935 2241 996 2296 in
1013 2256 1156 2311 aqua
1175 2245 1225 2296 et
1246 2258 1534 2314 nunquam
1555 2248 1614 2302 in
1635 2249 1762 2304 vino
1785 2249 2053 2320 baptisma

1031 2325 1413 2372 consecratur.

846 2400 1051 2456 Haimo
1085 2404 1143 2456 in
1176 2408 1274 2474 Ep.
1307 2421 1325 2458 1
1356 2406 1426 2460 ad
1459 2410 1612 2464 Rom.

469 2488 760 2545 Fortassis
792 2489 1003 2559 quaerit
1050 2490 1265 2562 aliquis
1295 2511 1474 2564 quare
1531 2497 1592 2552 in
1637 2515 1789 2570 aqua
1834 2499 2054 2555 solum-

402 2579 597 2646 modo,
649 2581 851 2633 etnon
891 2577 1208 2650 aliquando
1257 2582 1314 2636 in
1349 2584 1482 2640 vino
1515 2586 1805 2658 baptisma
1848 2606 2054 2645 conse-

401 2674 628 2736 eretur;
666 2667 761 2722 cui
793 2669 1094 2739 respondit
1123 2670 1330 2728 beatus
1371 2675 1713 2732 Ambrosius
1737 2694 1787 2732 :«
1836 2679 2056 2733 Idcirco

403 2757 774 2812 uniformiter
802 2756 859 2811 id
892 2758 1016 2812 fieri
1048 2758 1104 2814 in
1157 2777 1310 2830 aqua
1371 2768 1435 2818 ut
1465 2764 1846 2835 intelligatur,
1898 2769 2051 2839 quod

399 2848 554 2903 sicut
579 2864 732 2919 aqua
763 2849 966 2905 sordes
1007 2853 1266 2922 corporis
1314 2860 1414 2911 sut
1469 2858 1798 2913 vestimenti
1846 2858 2052 2927 abluit,

399 2937 481 2992 ita
508 2935 652 2992 illud
686 2937 983 3006 baptisma
1007 2941 1215 2995 animae
1247 2944 1508 3000 maculas
1530 2948 1850 3020 sordesque
1880 2949 2055 3004 vitio-

399 3042 532 3079 rum
564 3027 937 3082 emundando
965 3028 1271 3101 abstergit.

397 3113 532 3169 CAP.
565 3114 702 3170 CIII.
737 3114 1040 3185 Antequam
1071 3118 1318 3174 chrisma
1371 3121 1715 3192 infundatur
1757 3125 1827 3180 ad
1858 3144 2047 3198 asper-
2083 3157 2126 3224 α

628 3186 860 3224 nondum
909 3204 1107 3224 nnunm
1141 3191 1212 3224 ,1ο
1246 3195 1386 3224 {nam
1420 3196 1664 3224 ηηηέηρ..-
1697 3198 1816 3224 IL.-.

626 3186 884 3254 gendum,
907 3204 1110 3258 aquam
1139 3191 1212 3246 de
1237 3195 1386 3262 [ante
1417 3186 1664 3266 accipere
1690 3198 1836 3254 ticet.

826 3274 1276 3347 Capitularium,
1305 3279 1344 3335 l.
1376 3297 1455 3348 v1,
1489 3298 1538 3337 c.
1571 3284 1663 3338 77.

474 3359 576 3432 (De
610 3362 907 3431 Consecr.,
943 3364 1080 3420 dist.
1115 3367 1168 3433 4,
1203 3385 1250 3422 c.
1285 3373 1352 3425 In
1391 3369 1673 3443 Sabbato.)
1706 3376 1769 3428 In
1801 3373 2060 3432 Sabbato

398 3455 600 3506 sancto
633 3451 868 3508 Paschze
890 3457 951 3536 et
973 3455 1367 3529 Pentecostes,
1400 3460 1447 3515 si
1481 3461 1614 3531 quis
1673 3461 1811 3518 velit
1841 3480 2056 3536 aquam

400 3537 803 3587 consecratam
837 3535 907 3589 ad
940 3537 1339 3607 aspersionem
1373 3540 1430 3595 in
1454 3541 1628 3598 domo
1643 3559 1752 3600 sua
1778 3546 2054 3617 recipere,

402 3623 534 3674 ante
567 3619 903 3678 chrismatis
927 3623 1281 3683 infusionem
1316 3631 1576 3702 recipiat.

403 3719 530 3770 CAP.
552 3717 845 3804 _CIV.“Qua
865 3723 1093 3804 ratione
1114 3727 1621 3804 scimus_apost_otos
1665 3732 1837 3803 fuisse
1869 3733 2053 3804 bapti-

472 3797 647 3875 zatos.
690 3789 792 3875 γεεί
826 3792 911 3875 sic
943 3810 954 3847 :
981 3796 1265 3873 Discipuli
1313 3789 1516 3854 Christi
1565 3789 1682 3872 ejus
1734 3789 2057 3875 baptismate

475 3860 779 3916 creduntur
810 3865 989 3918 abluti
1000 3908 1008 3918 .

719 3955 897 4022 Aug.,
924 3968 1016 4023 ep.
1046 3955 1167 4019 108,
1196 3956 1269 4010 ad
1298 3957 1730 4015 Seleucianum.

477 4038 579 4107 (De
621 4041 915 4107 Consecr.,
976 4041 1105 4096 cist.
1152 4044 1202 4109 4,
1263 4061 1310 4098 c.
1374 4046 1606 4113 Quando
1665 4049 1732 4103 ab
1791 4049 2048 4106 Hierosol.

401 4126 642 4189 Quando
677 4129 747 4183 ab
779 4128 1199 4203 Hierosolymis
1230 4134 1368 4188 exiit
1397 4135 1683 4194 Dominus
1713 4138 1885 4194 Jesus
1916 4157 2050 4196 cum

402 4216 710 4287 discipulis
742 4219 867 4274 suis
900 4219 956 4274 in
990 4221 1253 4278 Judzeam
1287 4228 1528 4293 terram,
1578 4230 1634 4280 et
1665 4227 1744 4283 ibi
1779 4231 2048 4285 moralia-

401 4309 498 4357 tur
526 4321 659 4360 cum
691 4307 798 4377 eis,
830 4307 1162 4381 baptizabat
1194 4329 1308 4368 non
1343 4331 1443 4384 per
1473 4314 1757 4388 seipsum,
1803 4319 1902 4374 sed
1955 4336 2052 4390 per

401 4391 724 4461 discipulos
773 4413 930 4466 suos,
966 4416 1112 4470 quos
1144 4399 1527 4474 intelligimus
1564 4405 1746 4462 fuisse
1789 4407 2048 4480 baptiza-

397 4483 510 4551 tos,
545 4481 667 4536 sive
705 4483 1001 4555 baptismo
1030 4489 1276 4566 Joannis
1334 4491 1509 4563 (sicut
1567 4495 1834 4552 nonnulli
1896 4498 2047 4553 arbi-
2081 4532 2128 4597 Β

400 4570 646 4597 θηΑ-ιι-ςκὶ
707 4573 820 4597 ηε---
859 4576 1027 4597 1..---.ἱ
1081 4596 1110 4597 η
1175 4579 1218 4597 κα
1399 4582 1464 4597 με
1495 4583 1529 4597 *1
1687 4587 1720 4597 ,ι
1758 4587 1769 4597 ι
1880 4587 1914 4597 ..

400 4570 670 4658 ξιξαιιῐιιιε),
705 4573 824 4629 sive
858 4576 1029 4646 (quod
1067 4579 1255 4651 magis
1285 4582 1567 4638 credibile
1616 4587 1724 4657 est)
1757 4587 2051 4658 baptismo

403 4655 640 4712 Christi.
675 4658 817 4717 Item
852 4667 1150 4734 respondit
1182 4670 1464 4726 Dominus
1497 4671 1661 4728 Petro
1683 4655 1714 4729 ε’
1757 4655 1863 4738 Qui
1894 4676 2050 4734 lotus

403 4748 492 4800 est
523 4761 635 4800 non
664 4750 887 4821 indiget
918 4753 1028 4808 nisi
1062 4758 1318 4827 utpedes
1342 4759 1510 4824 lavet,
1538 4762 1637 4816 sed
1671 4768 1758 4818 est
1791 4767 2050 4824 mundus

402 4837 583 4889 totus.
616 4834 777 4892 Unde
812 4838 1180 4913 intelligitur,
1243 4848 1395 4916 quod
1444 4849 1571 4920 jam
1622 4851 1826 4909 Petrus
1876 4855 2050 4912 fuerit

399 4923 754 4995 baptizatus.

399 5012 536 5068 CAP.
569 5013 680 5070 CV.
714 5016 960 5089 Apostoli
987 5035 1183 5147 omne;
1196 5021 1400 5148 Chtristi
1428 5026 1754 5100 baptismate
1778 5032 2050 5104 baptismi

1057 5108 1147 5147 ere
1187 5111 1259 5148 un
1291 5112 1378 5148 ur.

1057 5108 1378 5152 creduntur.

609 5182 782 5249 Aug.,
815 5179 852 5234 l.
879 5197 939 5236 ιιι
964 5183 1036 5236 De
1065 5184 1256 5238 anima
1278 5187 1328 5239 et
1357 5187 1474 5256 ejus
1502 5189 1668 5260 orig.,
1702 5208 1750 5246 c.
1784 5193 1838 5247 9.

472 5263 575 5354 (De
605 5265 900 5338 Consecr.,
934 5271 1068 5327 dist.
1096 5273 1148 5339 i,
1182 5290 1229 5329 c.
1266 5274 1328 5329 Si
1347 5276 1481 5348 eos.)
1511 5279 1570 5333 Si
1611 5297 1711 5336 eos
1729 5283 1800 5337 de
1831 5285 2045 5354 quibus

402 5351 686 5441 scriptum
708 5373 820 5413 non
853 5364 956 5428 est,
987 5365 1184 5418 utrum
1208 5363 1416 5420 fuerint
1440 5366 1739 5439 baptizati,
1763 5351 1884 5426 sive
1906 5390 2040 5441 non,

401 5439 528 5529 sine
559 5441 851 5514 baptismo
883 5449 953 5503 de
979 5448 1087 5505 hac
1115 5451 1236 5507 vita
1266 5454 1579 5512 recessisse
1610 5439 2040 5529 contendimus,

397 5526 548 5622 ipsis
604 5535 1001 5595 calumniatur
1030 5544 1309 5614 apostolis
1337 5546 1436 5618 qui
1468 5554 1676 5619 praeter
1715 5526 2042 5622 apostolum

403 5614 665 5690 Paulum,
698 5628 932 5695 quando
964 5629 1233 5700 baptizati
1264 5614 1485 5692 fuerint
1529 5614 1904 5710 ignoramus:
1940 5643 2044 5699 sed

2155 506 2344 570 potest
2371 508 2525 576 quod
2555 508 2725 564 beato
2757 509 2922 565 Petro
2953 508 3239 565 Dominus
3270 509 3390 564 ait:
3425 511 3531 578 Qui
3554 511 3716 566 totus
3756 520 3836 566 est

2152 606 2262 646 non
2291 594 2496 666 indiget
2525 597 2642 652 nisi
2669 608 2730 654 ut
2757 599 2922 665 pedes
2953 599 3098 655 lavet
3126 599 3315 670 (Joan.
3347 615 3472 654 xm.

2148 679 2282 736 ΟΑΡ.
2312 683 2449 740 CVI.
2485 685 2638 760 Quod
2665 703 2857 743 omnes
2884 705 2995 745 non
3048 689 3314 759 baptizali
3366 691 3417 744 si
3440 705 3543 760 pro
3593 689 3832 745 Christe
3900 687 3901 760 ἦ

2485 707 2638 768 quoa
2665 707 2857 743 omnes
2884 707 3004 769 non.
3048 707 3310 759 oapuzau
3366 707 3415 744 si
3440 707 3543 760 pro
3593 707 3832 745 annue
3900 707 3901 794 ι

2478 764 2818 829 moriuntur,
2852 761 3119 831 baptismi
3140 763 3479 818 moriuntur.

2571 853 2720 922 Aug.
2751 851 2827 906 De
2855 852 3006 905 civit.
3039 850 3159 918 Dei,
3193 851 3231 905 l.
3263 866 3390 905 xm.

2227 933 2574 1008 Quicunque
2605 955 2720 994 non
2771 944 3047 1011 percepto
3095 939 3523 1012 regnerationis
3579 939 3831 995 lavacro

2151 1043 2254 1098 pro
2278 1026 2494 1082 Christi
2529 1027 2896 1083 confessione
2928 1029 3282 1094 moriuntur,
3333 1034 3563 1084 tantum
3599 1031 3696 1084 eis
3733 1047 3832 1084 va-

2152 1115 2227 1170 let
2260 1117 2330 1170 ad
2363 1116 2714 1174 dimittenda
2742 1122 3002 1190 peccata,
3035 1126 3319 1191 quanlum
3349 1119 3400 1175 si
3421 1119 3830 1175 abluerentur

2151 1221 2315 1260 sacro
2346 1205 2724 1276 baptismatis
2757 1207 2932 1262 fonte.

2152 1297 2283 1350 CAP.
2320 1295 2483 1352 CVII.
2520 1297 2787 1364 Quamvis
2816 1305 2961 1353 recte
2987 1299 3138 1353 vivat
3193 1296 3647 1365 catechumenus,
3699 1301 3824 1354 sine

2533 1368 2803 1440 baptismo
2831 1384 2940 1425 non
2969 1373 3140 1440 potest
3177 1368 3418 1425 salvari.

2558 1461 2702 1529 Aug.
2736 1458 2937 1514 Contra
2964 1460 3182 1527 Donat,
3215 1476 3267 1516 c.
3303 1463 3395 1514 22.

2226 1545 2331 1622 (De
2378 1546 2651 1603 Consecr.
2687 1548 2827 1604 dist.
2858 1549 2910 1618 4,
2929 1563 2977 1604 c.
3007 1548 3492 1621 Catechumenus.)
3513 1549 3815 1606 Catachu~

2154 1654 2392 1698 menum
2425 1639 2694 1709 quamvis
2727 1637 2784 1692 in
2819 1638 2988 1694 bonis
3017 1638 3294 1710 operibus
3323 1639 3709 1710 defunctum,
3735 1641 3819 1694 vi-

2153 1736 2274 1786 tam
2307 1728 2522 1783 habere
2555 1743 2672 1782 non
2704 1725 3020 1795 credimus,
3071 1731 3310 1799 excepto
3364 1728 3665 1786 duntaxat
3699 1728 3814 1784 nisi

2154 1816 2435 1892 martyrio
2462 1820 2894 1872 sacramentum
2925 1815 3239 1889 compleat.

2613 1912 2740 1964 CAP.
2773 1908 2962 1965 CVIII.
2995 1910 3068 1966 De
3093 1910 3307 1966 eodem.

2490 1999 2638 2070 Aug.
2668 1998 2744 2052 De
2773 1998 2958 2054 (celes.
2987 1998 3263 2068 dogmat.,
3296 2015 3346 2054 c.
3376 1999 3471 2056 ⁸74.

2233 2091 2336 2161 (De
2366 2091 2634 2147 Consecr.
2668 2087 2803 2143 dist.
2840 2089 2892 2159 4,
2925 2107 2976 2145 e.
3007 2087 3348 2158 Catechum.,
3380 2088 3413 2164 §
3466 2091 3824 2163 Baptizatus,

2161 2186 2218 2237 et
2251 2181 2340 2249 45,
2374 2197 2429 2253 q.
2466 2180 2516 2249 1,
2566 2195 2616 2234 c.
2663 2178 3058 2252 Firmissime)
3115 2181 3450 2253 Baptizatus
3508 2181 3832 2237 conﬁtetur

2164 2272 2340 2326 fidem
2374 2285 2544 2325 suam
2577 2285 2773 2324 coram
2807 2270 3112 2326 sacerdote
3144 2274 3203 2326 et
3254 2271 3661 2344 interrogatus
3714 2289 3831 2326 res-

2165 2359 2401 2433 pondet.
2436 2363 2556 2414 Hoc
2587 2356 2742 2413 idem
2778 2363 3001 2432 martyr
3032 2376 3224 2415 coram
3259 2365 3642 2432 persecutore
3677 2361 3832 2427 facit,

2167 2449 2268 2521 qui
2321 2453 2377 2504 et
2421 2449 2750 2515 confitetur,
2807 2453 2865 2503 et
2896 2448 3291 2520 interrogatus
3341 2450 3689 2522 respondet.
3741 2449 3832 2506 Ille

2167 2545 2299 2612 post
2328 2541 2757 2596 confessionem
2809 2539 3144 2612 aspergitur
3195 2557 3364 2611 aqua,
3424 2540 3522 2596 hic
3553 2559 3694 2597 vero
3736 2559 3822 2596 as-

2177 2630 2442 2701 pergitur
2464 2629 2776 2702 sanguine,
2801 2628 2889 2685 vel
2915 2630 3166 2702 tingitur
3190 2629 3342 2703 igne.
3360 2629 3462 2686 Ille
3485 2649 3707 2688 manus
3730 2633 3826 2688 im-

2166 2717 2452 2790 positione
2465 2719 2758 2791 pontificis
2783 2719 3283 2790 accipitSpiritum
3305 2727 3604 2790 sanctum,
3621 2721 3720 2776 hic
3736 2721 3826 2776 ha-

2165 2807 2489 2864 bitaculum
2512 2809 2766 2864 efﬁcitur
2796 2807 3050 2881 Spiritus
3073 2809 3280 2876 sancti,
3314 2810 3455 2865 dum
3480 2827 3597 2866 non
3619 2817 3714 2866 est
3738 2811 3824 2866 ille

2165 2898 2262 2968 qui
2294 2899 2578 2969 loquitur,
2613 2897 2980 2970 sedSpiritus
3001 2904 3241 2954 sanctus
3274 2899 3376 2971 qui
3407 2899 3464 2953 in
3493 2900 3598 2956 illo
3635 2901 3826 2972 loqui-

2164 2992 2279 3042 tur.
2324 2986 2426 3043 Ille
2457 2989 2855 3044 communicat
2886 2988 3266 3044 Eucharistiae
3293 2989 3350 3044 in
3393 3006 3822 3047 commemora-

2164 3077 2323 3132 tione
2355 3077 2564 3132 mortis
2595 3077 2853 3144 Domini,
2903 3077 2995 3132 hic
3027 3077 3140 3150 ipsi
3166 3078 3394 3134 Christo
3418 3082 3820 3136 commorilur.

2164 3166 2265 3221 Ille
2296 3167 2608 3221 confitetur
2638 3185 2699 3222 se
2729 3167 2934 3221 mundi
2959 3167 3189 3222 actibus
3214 3168 3697 3241 renuntiare,§hic
3718 3169 3818 3242 ipsi

2169 3254 2467 3310 renuntiat
2495 3259 2554 3310 et
2583 3255 2732 3312 vitae.
2768 3256 2859 3312 Illi
2891 3255 3091 3312 omnia
3121 3262 3362 3327 peccata
3415 3257 3816 3326 dimittuntur,

2168 3344 2266 3400 isti
2300 3344 2778 3416 exstinguuntur.

2167 3433 2301 3489 CAP.
2335 3433 2480 3489 CIX.
2514 3434 2719 3506 Eﬂusio
2747 3435 3260 3563 sagguinisgrzptet
3314 3435 3487 3492 vicem
3538 3437 3816 3510 baptismi.

2872 3523 3044 3563 υκαι
3089 3525 3104 3562 ι
3155 3552 3164 3561 .

2872 3523 2993 3579 ug.,
3027 3523 3164 3563 ποια.

2231 3593 2332 3665 (De
2364 3597 2632 3650 Consecr.
2665 3595 2801 3650 dist.
2831 3596 2884 3664 4,
2928 3612 2977 3651 c.
3033 3597 3355 3668 Baptismi.)
3386 3593 3682 3668 Baptismi
3731 3597 3811 3651 vi-

2163 3698 2285 3738 cem
2319 3685 2642 3755 aliquando
2677 3683 2918 3756 implere
2946 3685 3280 3757 passionem
3313 3686 3383 3741 de
3434 3685 3668 3742 latrone
3701 3685 3811 3756 illo,

2163 3771 2254 3826 cui
2288 3790 2403 3828 non
2436 3773 2729 3844 baptizato
2761 3773 2957 3831 dictus
2986 3778 3095 3830 est:
3123 3775 3296 3830 Hodie
3327 3791 3539 3830 mecum
3571 3774 3633 3831 in
3663 3793 3814 3847 para-

2161 3861 2276 3915 diso
2306 3863 2456 3931 (Luc.
2490 3863 2677 3933 XXIII),
2708 3863 2914 3917 beatus
2941 3861 3263 3936 Cyprianus
3309 3880 3424 3919 non
3455 3863 3583 3918 leve
3639 3865 3812 3920 docu-

2163 3956 2426 4005 mentum
2450 3951 2722 4019 assumit,
2758 3952 2915 4023 quod
2942 3952 3120 4007 etiam
3153 3957 3323 4024 atque
3352 3953 3532 4008 etiam
3554 3953 3814 4009 conside-

2162 4055 2299 4094 rans
2331 4039 2561 4095 invenio
2595 4057 2710 4095 non
2755 4044 2983 4096 tantum
3039 4042 3377 4112 passionem
3426 4058 3534 4114 pro
3586 4042 3816 4098 nomine

2160 4129 2377 4184 Christi
2415 4130 2470 4184 id
2503 4131 2658 4202 quod
2687 4131 2756 4186 de
2777 4130 3076 4202 baptismo
3107 4132 3308 4186 deerat
3323 4147 3493 4204 posse
3523 4131 3812 4204 supplere;

2161 4217 2261 4272 sed
2294 4217 2470 4273 etiam
2519 4219 2693 4274 ﬁdem
2724 4219 3284 4292 conversionemque
3329 4220 3549 4290 cordis,
3596 4221 3650 4276 si
3681 4220 3814 4276 forte

2161 4307 2231 4360 ad
2265 4305 2678 4363 celebrandum
2713 4307 3056 4380 mysterium
3090 4309 3371 4380 baptismi
3417 4309 3473 4363 in
3529 4309 3816 4382 angustiis

2160 4399 2493 4468 temporum
2527 4398 2792 4454 succurri
2825 4416 2939 4455 non
2993 4403 3207 4470 potest.
3244 4398 3444 4470 Neque
3473 4398 3638 4454 enim
3678 4399 3812 4454 latro

2160 4484 2255 4540 ille
2286 4503 2389 4558 pro
2423 4487 2662 4543 nomine
2691 4487 2909 4544 Christi
2939 4488 3279 4557 crucifixus,
3320 4488 3421 4544 sed
3458 4505 3564 4560 pro
3597 4488 3812 4544 meritis

2162 4572 2486 4630 facinorum
2522 4593 2791 4645 suorum,
2822 4593 3011 4649 neque
3043 4576 3143 4647 qui
3201 4577 3392 4633 credit
3441 4593 3660 4648 passus
3687 4581 3807 4632 est:

2159 4665 2258 4720 sed
2314 4666 2456 4721 dum
2517 4667 2742 4737 patitur
2797 4667 3018 4724 credit:
3053 4671 3343 4738 quantum
3395 4667 3600 4739 itaque
3631 4668 3812 4723 valeat

2158 4753 2336 4809 etiam
2366 4754 2491 4810 sine
2520 4755 2737 4811 visibili
2766 4761 3142 4812 sacramento
3176 4755 3480 4828 baptismi,
3533 4756 3694 4828 quod
3742 4756 3810 4812 sit

2156 4845 2505 4916 Apostolus:
2541 4846 2712 4903 Corde
2766 4847 3016 4904 creditur
3065 4847 3136 4903 ad
3176 4847 3481 4919 justitiam,
3514 4863 3615 4905 ore
3639 4852 3808 4904 autem

2156 4936 2423 5004 confessio
2450 4936 2512 5006 ﬁt
2533 4937 2602 4991 ad
2629 4935 2872 4992 salutem
2903 4938 3083 5004 (Rom.
3115 4937 3196 5008 ι),
3233 4937 3292 4992 in
3325 4937 3425 4994 illo
3455 4935 3693 4994 latrone
3717 4937 3804 4992 deo

2157 5021 2443 5080 claratum
2475 5029 2583 5081 est.
2606 5026 2714 5080 Sed
2748 5029 2874 5081 tum
2907 5025 3188 5098 impletur
3234 5025 3638 5096 invisibiliter,
3687 5041 3800 5082 cum

2157 5113 2502 5183 mysterium
2525 5114 2805 5185 baptismi
2830 5131 2945 5170 non
2961 5120 3332 5187 contemptus
3354 5115 3686 5187 religionis,
3716 5113 3800 5170 sed

2157 5200 2441 5257 articulus
2474 5204 2838 5260 necessitatis
2860 5203 3211 5261 excluditur:
3245 5209 3305 5261 et
3335 5205 3495 5262 sicut
3527 5204 3589 5261 in
3623 5202 3800 5262 illoil-

2155 5293 2342 5359 trans,
2377 5295 2532 5364 quod
2566 5295 2839 5366 baptismi
2874 5299 3312 5352 sacramentum
3336 5296 3630 5364 defuerat,
3654 5310 3793 5350 com-

2156 5379 2332 5450 plcvit
2361 5382 2790 5454 Omnipotentis
2820 5383 3171 5455 benignitas,
3204 5384 3345 5456 quia
3374 5402 3491 5440 non
3536 5383 3791 5456 superbia

2152 5469 2243 5521 vel
2275 5475 2634 5543 contemptu,
2669 5474 2771 5528 sed
2802 5473 3153 5529 necessitate
3182 5474 3473 5544 dd‘uerat,
3507 5475 3597 5531 sie
3620 5472 3792 5528 infan-

2154 5557 2312 5612 tibus
2345 5561 2443 5631 qui
2479 5561 2753 5635 baptizati
2775 5562 3113 5619 moriuntur
3140 5565 3342 5621 eadem
3379 5564 3574 5637 gratia
3603 5561 3791 5620 Omni-

2154 5647 2408 5717 potentis
2439 5649 2669 5722 explere
2699 5651 2989 5709 credenda
3017 5655 3107 5709 est
3152 5653 3307 5724 quod
3338 5668 3456 5710 non
3508 5669 3582 5710 ex
3627 5650 3791 5722 impia
