4000 6054
192 325 335 380 1069

1523 315 1923 371 PANORMIA.
1956 340 2024 351 —-
2055 314 2186 365 LIB.
2218 316 2272 401 ¹1.

3463 316 3601 370 1070

191 449 511 514 voluntate,
542 447 644 503 sed
678 464 746 503 ex
775 446 966 502 atatis
1007 443 1333 516 indigentia
1381 458 1487 497 nec
1517 441 1690 496 corde
1722 456 1839 495 cre-
1867 439 1920 507 Α
1956 433 2214 505 periculo
2246 450 2375 488 cum
2399 448 2531 488 eum
2552 436 2809 503 gestaret
2840 434 2897 488 in
2928 438 3108 491 utero.
3131 436 3295 491 Nunc
3312 452 3447 493 vero
3467 456 3601 497 cum

187 540 326 594 dere
359 538 429 593 ad
453 537 751 608 justitiam
792 539 1051 607 possent,
1084 550 1190 590 nec
1220 549 1319 589 ore
1349 532 1615 588 conﬁteri
1648 530 1717 584 ad
1750 546 1840 583 sa-

190 628 395 683 lutem.
430 627 768 699 Baptismus
792 626 1028 698 quidem
1062 626 1254 696 potest
1281 622 1470 677 inesse
1494 620 1587 675 ubi
1614 620 1841 674 confes-

186 718 275 773 sio
307 717 499 773 cordis
530 714 797 771 defuerit.
832 712 1139 770 Conversio
1188 717 1381 766 autem
1427 709 1618 765 cordis
1649 711 1840 781 potest

188 804 431 877 quidem
462 805 659 861 inesse
707 821 822 860 non
874 806 1147 875 percepto
1198 800 1515 871 baptismo,
1563 798 1663 852 sed
1696 814 1836 850 con-

187 898 407 967 tempto
446 894 741 966 baptismo
773 910 890 949 non
922 895 1133 964 potest.
1166 890 1367 962 Neque
1408 888 1528 943 ullo
1552 887 1724 942 modo
1749 886 1836 940 di-

191 984 376 1039 cenda
394 988 485 1040 est
501 983 803 1039 conversio
827 982 1020 1039 cordis
1043 982 1113 1037 ad
1135 986 1339 1049 Deum,
1358 994 1490 1034 cum
1518 977 1615 1033 Dei
1641 993 1835 1032 sacra-

190 1078 455 1129 mentum
489 1072 907 1129 contemnitur.

186 1192 317 1247 ΟΑΡ.
350 1192 460 1249 CX.
493 1193 611 1248 Non
638 1200 754 1248 tam
781 1191 1065 1247 ablatione
1103 1190 1352 1260 corporis
1384 1206 1545 1261 quam
1578 1187 1684 1257 ﬁde
1715 1202 1833 1242 cor-

684 1264 769 1318 dis
795 1263 1073 1334 baptisma
1102 1264 1337 1317 constat.

632 1356 902 1424 Prosper,
936 1351 995 1406 in
1022 1350 1125 1405 lib.
1153 1350 1395 1406 Sentent.

290 1469 396 1540 (De
424 1473 695 1527 Consecr.
744 1467 883 1524 dist.
918 1469 950 1523 4
988 1485 1039 1524 c.
1098 1470 1264 1524 Verus
1311 1469 1487 1539 bapt.)
1512 1467 1697 1523 Verus
1728 1486 1830 1523 au-

186 1563 301 1614 tem
338 1557 673 1631 baptismus
704 1560 938 1613 constat
968 1574 1081 1612 non
1120 1561 1351 1612 tantum
1380 1556 1675 1613 ablutione
1704 1574 1830 1612 cor-

184 1648 344 1722 poris
373 1664 550 1720 quam
573 1648 686 1705 ﬁde
708 1646 922 1718 cordis,
955 1647 1455 1718 quemadmodum
1508 1647 1831 1720 apostolica

182 1738 359 1795 tradit
387 1736 655 1793 doctrina
684 1736 885 1791 dicens
912 1751 926 1791 :
958 1735 1093 1793 Fide
1121 1736 1396 1793 mundans
1444 1735 1612 1791 corda
1638 1752 1831 1791 eorum

182 1831 321 1897 (Act.
346 1828 459 1899 xv).
494 1832 565 1882 Et
597 1825 733 1881 alibi
767 1841 779 1881 :
812 1826 1002 1880 Salvos
1048 1828 1191 1896 facit
1242 1825 1502 1896 baptima,
1552 1840 1662 1879 non
1708 1840 1834 1880 ear-
1865 1814 1911 1881 Β

184 1918 272 1972 nis
302 1915 568 1988 depositio
598 1914 866 1983 sordium,
896 1913 987 1969 sed
1016 1914 1369 1970 conscientia
1400 1914 1550 1969 bonae
1584 1914 1830 1969 interro-

181 2005 327 2076 gatio
353 2004 415 2060 in
436 2009 607 2061 Deum
628 2006 674 2076 (Ι
694 2007 844 2060 Ριιν.
878 2004 982 2074 ιιι).

185 2122 319 2178 CAP.
352 2121 498 2179 CXI.
550 2122 665 2178 Non
716 2122 1035 2189 baptizatur
1080 2136 1206 2175 cum
1250 2123 1427 2175 matre
1454 2118 1721 2193 quidquid
1769 2120 1827 2174 in

756 2194 875 2265 ejus
905 2208 1129 2265 corpore
1158 2194 1257 2247 est.

498 2283 643 2355 Aug.
675 2286 873 2339 contra
917 2281 1158 2352 Iuliam,
1190 2280 1228 2335 l.
1261 2298 1337 2348 v1,
1371 2297 1417 2335 c.
1451 2280 1505 2334 5.

247 2398 349 2470 (De
381 2398 647 2455 Consecr.
679 2399 817 2453 dist.
864 2400 918 2464 4,
962 2415 1010 2454 c.
1045 2399 1105 2454 Si
1133 2398 1201 2453 ad
1232 2398 1472 2466 matris.)
1512 2397 1570 2452 Si
1605 2397 1674 2452 ad
1705 2414 1824 2451 ma-

184 2488 291 2543 tris
324 2504 536 2559 corpus
570 2487 627 2542 id
660 2487 816 2559 quod
848 2487 904 2542 in
931 2503 999 2542 ea
1030 2487 1360 2558 concipitur
1390 2487 1723 2557 pertineret,
1747 2484 1828 2540 ita

176 2579 241 2631 ut
269 2577 397 2647 ejus
430 2593 568 2648 pars
589 2576 923 2647 deputetur,
954 2574 1036 2632 ita
1062 2592 1177 2632 non
1202 2574 1599 2646 baptizaretur
1628 2574 1825 2630 infans

176 2667 348 2738 cujus
380 2672 569 2725 mater
610 2666 907 2742 baptizata
952 2670 1042 2725 est
1076 2666 1272 2740 aliquo
1322 2666 1530 2722 mortis
1582 2670 1823 2737 urgente

1949 524 2126 581 etiam
2160 523 2285 594 ipse
2324 521 2674 593 baptizatur,
2726 539 2841 578 non
2893 524 3098 595 utique
3145 524 3235 580 bis
3266 526 3603 599 baptizatus

1954 612 2290 670 habebitur.
2325 612 2451 667 Non
2486 613 2688 685 utique
2717 614 2789 667 ad
2841 618 3173 671 maternum
3225 633 3437 688 corpus
3465 636 3598 675 cum

1948 707 2104 758 esset
2134 703 2191 756 in
2221 707 2408 768 utero,
2444 702 2793 773 pertinebat.
2830 702 2996 773 Item,
3030 704 3077 758 si
3103 705 3391 777 quidquid
3416 708 3472 761 in
3498 708 3600 764 ho-

1951 792 2107 847 mine
2137 796 2227 847 est
2258 792 2490 862 quando
2522 791 2851 863 baptizatur
2879 797 2937 848 et
2968 795 3398 868 sanctificatur,
3431 816 3597 853 sanc-

1948 882 2159 937 tiﬁcari
2183 887 2239 938 et
2268 882 2553 953 baptizari
2586 882 2913 953 putandum
2964 887 3071 954 est,
3124 885 3388 941 dicturus
3427 903 3509 957 es,
3544 893 3601 944 et

1946 972 2075 1043 ipsa
2105 971 2163 1026 in
2192 970 2287 1026 illo
2322 970 2608 1042 baptizari
2655 975 2713 1025 et
2743 970 3121 1042 sanctificari,
3154 989 3280 1043 quas
3304 974 3599 1031 intestinis

1945 1064 2001 1115 et
2030 1061 2226 1115 vesica
2256 1075 2358 1131 per
2378 1060 2739 1132 egestionem
2760 1060 3021 1132 corporis
3045 1060 3431 1134 digeruntur;
3474 1064 3596 1119 dic-

1945 1154 2115 1204 turus
2146 1165 2206 1203 es
2243 1149 2531 1203 hominem
2565 1148 2848 1220 baptizari
2890 1153 2946 1203 et
2976 1150 3336 1205 sanctificari
3366 1150 3425 1206 in
3472 1168 3597 1207 ma—

1946 1238 2048 1291 tris
2074 1242 2235 1293 utero
2268 1238 2675 1305 constitutum,
2710 1238 2756 1291 si
2793 1238 2862 1291 ad
2899 1238 3003 1291 hoc
3037 1244 3470 1293 sacramentum
3505 1257 3597 1295 ac-

1943 1326 2278 1397 cipiendum
2314 1327 2635 1383 necessitas
2658 1332 2848 1398 cogat,
2882 1328 3215 1398 gravidam;
3249 1334 3305 1383 et
3337 1329 3467 1385 ideo
3494 1332 3596 1385 ba-

1943 1417 2146 1487 ptizari
2171 1418 2297 1487 jam
2329 1418 2425 1487 qui
2458 1416 2859 1487 nasciturjam
2900 1432 3012 1471 non
3046 1418 3275 1488 debere,
3304 1424 3597 1489 postremo

1941 1504 2210 1561 dicturus
2234 1523 2296 1560 es
2329 1505 2609 1576 baptizari
2639 1510 2697 1559 et
2729 1504 3084 1560 sanctiﬁcari
3109 1506 3319 1575 febres,
3354 1510 3592 1579 quando

1941 1596 2317 1666 baptizantur
2346 1596 2568 1667 aegroti.

1941 1705 2070 1760 CAP.
2107 1704 2268 1760 CXII.
2303 1706 2483 1773 Quare
2512 1720 2619 1760 non
2655 1705 2973 1777 baptizatur
3000 1722 3125 1761 eum
3155 1716 3352 1779 matre,
3384 1711 3482 1781 qui
3534 1712 3595 1767 in

2546 1794 2595 1845 ε]
2606 1793 2666 1833 us
2696 1784 2853 1831 utero
2882 1786 2978 1833 est.

2264 1866 2426 1937 Isid.,
2460 1865 2497 1920 l.
2527 1883 2567 1922 ι.
2601 1867 2675 1921 De
2704 1881 2915 1921 summo
2945 1870 3081 1922 bono
3122 1885 3172 1923 e.
3214 1870 3267 1923 5.

2010 1954 2114 2023 (De
2142 1958 2409 2011 Consecr.
2444 1955 2581 2010 dist.
2616 1956 2670 2023 4,
2702 1972 2752 2009 c.
2787 1956 2895 2022 Qui
2919 1957 2981 2010 in
3009 1959 3343 2029 maternis.).
3390 1960 3497 2024 Qui
3531 1960 3589 2014 in

1942 2044 2224 2099 maternis
2258 2044 2439 2099 uteris
2458 2050 2618 2112 sunt,
2641 2044 2770 2099 ideo
2794 2060 2928 2099 cum
2954 2050 3140 2099 matre
3161 2046 3444 2117 baptizari
3470 2065 3583 2103 non

1940 2137 2207 2202 possunt,
2231 2133 2369 2205 quia
2391 2133 2491 2204 qui
2511 2137 2683 2188 natus
2702 2133 2893 2188 adhuc
2916 2135 3243 2190 secundum
3267 2136 3452 2191 Adam
3468 2154 3581 2192 non

1939 2226 2050 2288 est,
2084 2222 2408 2277 secundum
2460 2222 2757 2278 Christum
2804 2239 2919 2278 non
2969 2228 3162 2292 potest
3192 2224 3583 2294 rebaptizari;

1941 2326 2129 2380 neque
2160 2310 2315 2364 enim
2367 2310 2477 2364 dici
2520 2310 2819 2382 generatio
2870 2311 2928 2365 in
2977 2327 3110 2366 eum
3162 2316 3355 2382 potest
3410 2328 3584 2382 quem

1938 2398 2234 2469 generatio
2269 2415 2384 2453 non
2435 2398 2755 2469 praecessit.
2808 2398 2913 2461 Qui
2966 2398 3245 2453 scelerate
3296 2399 3497 2455 vivunt
3529 2402 3586 2455 in

1940 2486 2195 2542 Ecclesia
2227 2491 2282 2541 et
2324 2486 2762 2542 communicare
2809 2504 2924 2541 non
2976 2487 3277 2555 desinunt,
3310 2493 3589 2559 putantes

1939 2593 2002 2632 se
2050 2575 2152 2630 tali
2195 2576 2612 2631 communione
2661 2576 2959 2643 mundari,
3000 2577 3232 2631 discant
3305 2576 3451 2631 nihil
3502 2579 3571 2632 ad

1938 2665 2419 2721 emundationem
2453 2666 2734 2738 proficere
2766 2664 2898 2721 sibi.

1169 2948 1272 3006 DE
1315 2944 1848 3005 SACRAMENTO
1895 2940 2593 3004 CONFIRMATIONIS.

173 3083 305 3139 CAP.
336 3080 529 3138 CXIII.
554 3083 680 3139 Post
713 3081 981 3153 baptisma
1023 3080 1465 3150 conﬁrmationis
1506 3095 1822 3137 saeramen-
1855 3078 1899 3147 C
1938 3092 2075 3135 cum
2107 3080 2309 3135 tenent
2338 3091 2643 3147 nunquam
2688 3075 2889 3147 perﬁci
2935 3080 3150 3148 potest,
3183 3080 3284 3131 aut
3331 3077 3453 3132 ﬁeri
3487 3078 3585 3133 de-

773 3161 893 3208 tum
921 3156 1225 3224 praestetur.

589 3242 861 3300 Urbanus
890 3243 911 3299 Ι
945 3259 1117 3315 papa,
1148 3243 1321 3314 epist.
1354 3242 1408 3297 2.

247 3338 351 3406 (De
367 3336 638 3392 Consecr.
672 3336 813 3391 dist.
847 3336 902 3403 5,
946 3352 995 3392 c.
1040 3336 1087 3389 1.
1116 3339 1320 3391 Omnes
1341 3333 1575 3405 ﬁdeles.)
1607 3332 1823 3389 Omnes

172 3422 373 3479 ﬁdeles
396 3439 499 3494 per
522 3439 735 3478 manus
759 3420 1199 3494 impositionem
1222 3421 1662 3492 episcoporum,
1692 3423 1823 3490 post

171 3510 500 3582 baptimum
532 3511 749 3567 debent
791 3511 1077 3582 Spiritum
1128 3514 1403 3565 sanctum
1451 3508 1710 3579 accipere
1760 3513 1824 3563 ut

174 3600 329 3671 pleni
362 3599 644 3655 Chritiani
674 3600 1073 3655 inveniantur.

173 3701 311 3756 CAP.
344 3700 538 3758 CXIV.
588 3701 778 3757 Manus
827 3716 951 3757 vero
1000 3696 1373 3769 impositionis
1418 3705 1823 3753 sacramentum

562 3774 743 3843 majus
775 3782 856 3831 est
904 3789 1068 3843 quam
1101 3772 1424 3841 baptismus.

351 3862 705 3919 Melchiades
739 3878 891 3937 papa
939 3862 1009 3917 ad
1052 3861 1367 3933 episc0pus
1399 3858 1640 3932 Hispan.

247 3951 351 4023 (De
381 3950 651 4008 Consecr.
678 3950 816 4006 dist.
852 3950 905 4020 4,
938 3965 988 4007 c.
1022 3950 1096 4007 De
1128 3950 1257 4017 his.)
1280 3948 1359 4003 De
1381 3946 1473 4002 his
1506 3947 1575 4001 de
1607 3945 1822 4017 quibus

177 4040 422 4111 rogastis
456 4056 557 4096 vos
589 4039 766 4106 idem,
800 4044 997 4094 utrum
1032 4038 1226 4109 majus
1257 4040 1346 4091 est
1385 4039 1820 4092 sacramentum

174 4144 389 4183 manus
415 4126 813 4199 impositionis
860 4126 1294 4198 episcoporum,
1348 4130 1450 4180 aut
1496 4124 1822 4196 baptimus,

173 4216 382 4273 scitote
414 4222 733 4290 utrumque
764 4232 1045 4286 magnum
1091 4230 1220 4271 esse
1270 4219 1733 4279 sacramentum,
1769 4217 1826 4269 et

172 4309 329 4366 sicut
358 4326 544 4365 unum
567 4309 889 4383 majoribus
921 4311 1031 4375 est,
1054 4306 1111 4363 id
1137 4309 1225 4363 est
1245 4306 1499 4362 summis
1528 4305 1823 4378 pontifici-

176 4401 290 4455 bus
314 4400 845 4466 aecommodatum,
870 4399 1019 4468 quod
1064 4414 1097 4453 a
1134 4396 1464 4468 majoribus
1488 4395 1686 4468 perfici
1709 4412 1824 4450 non

1936 3168 2055 3223 bet.
2088 3168 2234 3221 Nam
2271 3167 2318 3222 si
2353 3166 2602 3221 alterum
2636 3170 3064 3238 prmsumptum
3101 3166 3295 3235 fuerit,
3346 3165 3585 3221 irritum

1933 3256 2223 3312 habeatur
2272 3260 2331 3311 et
2377 3271 2651 3322 vacuum,
2688 3271 2794 3311 nec
2844 3254 2997 3310 inter
3045 3254 3446 3311 ecclesiastica
3474 3272 3582 3311 un-

1933 3361 2111 3415 quam
2151 3344 2523 3415 reputabitur
2555 3348 2943 3399 sacramenta.

1932 3450 2066 3505 CAP.
2099 3450 2283 3505 CXVI.
2321 3450 3015 3573 Prcsbyterislbaititizatos
3044 3449 3343 3502 chrismate
3380 3464 3589 3519 ungere

2706 3536 2787 3573 tce
2820 3562 2831 3573 .

2706 3536 2811 3574 ιεει
2820 3562 2831 3573 .

2048 3610 2424 3666 Innocentius
2456 3610 2498 3676 Ι,
2531 3608 2705 3679 epist.
2742 3609 2792 3673 1,
2814 3608 2885 3662 ad
2920 3608 3259 3663 Decentium
3290 3609 3472 3678 episc.

2014 3698 2117 3768 (De
2147 3715 2433 3768 conseer.,
2476 3696 2607 3752 dist.
2642 3698 2695 3752 4.
2739 3712 2787 3751 c.
2842 3697 3179 3768 Presbyter.)
3232 3697 3587 3769 Presbyteris

1939 3805 2042 3843 seu
2074 3793 2235 3843 extra
2262 3788 2625 3860 episcopum,
2659 3786 2780 3841 sive
2813 3796 3093 3858 praesente
3124 3785 3417 3857 episcOpo,
3442 3803 3577 3841 cum

1931 3879 2251 3950 baptizant,
2283 3878 2601 3934 chrismate
2626 3876 2957 3949 baptizatos
2989 3891 3206 3946 ungere
3236 3874 3445 3943 liceat;
3483 3878 3581 3931 sed

1933 3969 2085 4040 quod
2110 3970 2181 4023 ab
2225 3970 2498 4039 episcOpo
2543 3967 2716 4022 fuerit
2760 3971 3189 4033 consecratum,
3226 3982 3339 4020 non
3386 3970 3583 4021 tamen

1934 4059 2181 4113 frontem
2214 4073 2282 4112 ex
2313 4057 2514 4112 eodem
2539 4056 2663 4110 oleo
2681 4056 2945 4125 signare:
2980 4056 3135 4126 quod
3170 4053 3311 4109 solis
3335 4052 3585 4107 debetur

1933 4146 2225 4218 episcopis
2258 4162 2391 4199 cum
2423 4144 2667 4198 tradunt
2687 4142 3084 4197 Paracletum.

1936 4256 2067 4306 CAP.
2102 4251 2324 4305 CXVII.
2358 4252 2675 4322 Baptizatos
2705 4251 2763 4303 in
2794 4250 3095 4375 {routibus
3119 4248 3459 4319 presbyteros
3489 4266 3592 4303 un-

2008 4338 2134 4375 oere
2164 4337 2273 4375 non
2306 4323 2451 4375 licet.
2486 4321 2583 4375 Vel
2623 4320 2708 4375 sic
2746 4337 2759 4374 :
2834 4322 2935 4375 olis
2966 4323 3233 4375 em‘sconis
3265 4323 3432 4375 liceat
3463 4338 3591 4375 con-

2004 4338 2134 4463 gere
2164 4337 2273 4376 non
2306 4320 2451 4377 licet}
2486 4321 2583 4376 Vel
2623 4320 2708 4376 sic
2746 4337 2759 4374 :
2794 4320 2935 4376 Solis
2966 4323 3233 4391 episcopis
3265 4323 3432 4376 liceat
3463 4338 3591 4376 con-

2046 4410 2251 4448 rmare.

2046 4410 2129 4447 rm
2135 4411 2165 4446 α
2172 4410 2231 4447 νε
2240 4436 2251 4448 .

177 4493 391 4561 potest,
425 4489 508 4545 ita
534 4496 591 4546 et
620 4465 1219 4560 majoriveneratione
1235 4465 1635 4541 venerandum
1662 4489 1717 4539 et
1735 4487 1818 4537 te-
1856 4465 1898 4529 Ι)
1933 4481 2104 4554 Greg.
2140 4483 2210 4537 ad
2254 4481 2601 4536 Ianuarium
2648 4479 3046 4563 Caralitanum
3100 4480 3308 4551 episc.,
3342 4480 3514 4552 Epist.
3547 4482 3591 4537 Ι.

178 4579 440 4634 nendum
471 4582 577 4634 est.
604 4577 709 4631 Sed
729 4577 810 4631 ita
834 4576 1149 4644 conjuncta
1188 4573 1473 4629 sunthaec
1496 4574 1610 4628 duo
1634 4589 1825 4629 sacra-

179 4672 378 4724 menta
410 4672 471 4723 ut
502 4667 572 4724 ab
605 4667 854 4722 invicem
876 4664 987 4720 nisi
1024 4673 1205 4721 morte
1228 4664 1615 4734 praeveniente
1640 4661 1827 4717 nulla-

175 4761 345 4810 tenus
386 4755 617 4825 possint
655 4753 988 4826 segnenari,
1038 4757 1095 4808 et
1142 4768 1328 4808 unum
1362 4751 1489 4806 sine
1516 4750 1693 4805 altero
1726 4749 1833 4805 rite

182 4845 382 4917 perfici
414 4862 531 4905 non
564 4850 775 4917 potest.

174 4944 309 4999 CAP.
348 4942 507 4998 CXV.
540 4946 663 5000 Non
689 4942 757 4997 ab
808 4942 942 4997 aliis
989 4957 1155 5012 quam
1202 4940 1270 4996 ab
1317 4936 1586 5009 episcopis
1622 4952 1833 5012 manus

392 5016 767 5087 impositionis
796 5010 1204 5070 sacramentum
1231 5012 1431 5083 perﬁci
1456 5010 1652 5081 potest.

267 5104 558 5161 Eusebius
590 5120 747 5176 papa
786 5102 961 5175 epist.
994 5104 1028 5156 3
1053 5102 1124 5157 ad
1149 5100 1455 5173 episcopos
1488 5096 1733 5153 Tusciae.

246 5192 351 5265 (De
383 5193 681 5261 Consecr.,
715 5192 851 5249 dist.
886 5191 939 5246 4.
993 5208 1043 5251 c.
1079 5190 1323 5259 Manus.)
1356 5188 1569 5243 Manus
1601 5199 1829 5257 quoque

186 5281 584 5354 impositionis
617 5284 1077 5345 sacramentum,
1112 5288 1327 5350 magna
1356 5274 1728 5331 veneratione
1750 5276 1834 5327 te-

185 5370 448 5427 nendum
481 5376 593 5437 est,
626 5370 783 5445 quod
817 5370 889 5425 ab
921 5368 1050 5424 aliis
1082 5364 1277 5438 perfici
1311 5382 1426 5419 non
1478 5366 1691 5435 potest,
1724 5358 1835 5416 nisi

182 5475 215 5514 a
246 5458 500 5514 summis
532 5458 957 5525 sacerdotibus,
994 5471 1098 5509 nec
1129 5458 1390 5524 tempore
1431 5448 1836 5522 apostolorum

2615 4568 2700 4617 ιιι,
2732 4568 2823 4622 ep.
2856 4553 2910 4605 5.

2010 4644 2111 4713 (De
2169 4646 2462 4709 Consecr.,
2495 4641 2632 4696 dist.
2669 4640 2721 4709 4,
2755 4658 2804 4695 c.
2868 4640 3230 4712 Presbyteri.)
3264 4642 3589 4713 Presbyteri

1942 4733 2264 4803 baptizatos
2296 4732 2553 4786 infantes
2583 4729 2891 4801 signarein
2915 4730 3207 4787 frontibus
3241 4748 3406 4788 sacro
3430 4732 3589 4787 chri-

1943 4826 2096 4876 mate
2128 4839 2244 4876 non
2300 4823 2683 4892 praesumant.
2732 4820 2839 4873 Sed
2893 4821 3215 4891 presbyteri
3259 4822 3589 4894 baptizatos

1944 4915 2175 4981 ungunt
2204 4912 2263 4965 in
2296 4915 2529 4982 pectore
2561 4914 2625 4965 ut
2657 4909 2912 4982 episcopi
2947 4913 3325 4982 postmodum
3376 4910 3593 4964 conﬁr-

1945 5004 2107 5055 ment
2135 4999 2195 5053 in
2228 5001 2434 5055 fronte.

1944 5107 2079 5161 ΟΑΡ.
2131 5106 2389 5162 CXVIII.
2446 5108 2629 5173 Quare
2678 5114 3083 5159 sarramuuum
3147 5104 3601 5174 com/ir'matt'onis

2472 5179 2759 5247 baptizata
2792 5176 3059 5230 traditur.

2144 5266 2446 5334 Rabanus,
2482 5265 2578 5321 lib.
2618 5283 2635 5320 ι
2672 5268 2745 5319 De
2776 5266 2955 5319 instit.
2991 5265 3200 5332 eterna,
3236 5280 3282 5317 c.
3316 5264 3404 5317 31.

2018 5358 2120 5428 (De
2153 5360 2449 5423 Consecr.,
2482 5356 2620 5411 dist.
2656 5356 2707 5421 4,
2741 5371 2789 5407 c.
2824 5352 3173 5423 Novissime.)
3206 5353 3535 5407 Novissime
3568 5371 3598 5408 α

1949 5463 2185 5502 summo
2216 5447 2517 5502 sacerdote
2560 5460 2663 5517 per
2712 5442 3145 5513 impositionem
3184 5458 3393 5496 manus
3428 5441 3602 5496 Para-

181 5548 254 5601 ab
286 5548 418 5603 aliis
449 5564 630 5618 quam
667 5548 740 5603 ab
772 5546 917 5619 ipsis
950 5540 1232 5615 apostolis
1283 5539 1501 5611 legitur
1548 5555 1614 5593 ac
1657 5538 1842 5592 scitur
1950 5536 2135 5591 cletus
2167 5536 2417 5591 traditur
2464 5534 2775 5606 bapiizato,
2809 5537 2871 5584 ut
2905 5532 3213 5619 roboﬁretur
3266 5548 3367 5601 per
3412 5530 3594 5601 Spiri-

185 5640 491 5707 peractum
541 5651 694 5705 esse,
748 5651 853 5691 nec
892 5634 964 5690 ab
1011 5630 1144 5689 aliis
1174 5645 1353 5702 quam
1386 5627 1488 5700 qui
1520 5642 1723 5683 eorum
1755 5626 1837 5682 lo-

1950 5629 2076 5681 tum
2109 5628 2379 5682 sanctum
2411 5625 2483 5682 ad
2528 5620 2968 5697 praedicandum
3006 5618 3134 5673 aliis
3167 5618 3322 5676 idem
3358 5620 3600 5676 domum
