3938 6074
387 333 519 388 1071

1475 324 1542 373 D.
1585 316 1826 371 IVONIS
1864 308 2356 366 CARNOTENSIS
2392 300 2715 356 EPISCOPI

3674 282 3830 339 1072

385 458 539 530 quod
568 456 697 528 ipse
726 454 786 508 in
815 452 1169 524 baptismate
1201 447 1547 502 consecutus
1561 447 1768 514 estper
1789 435 2037 511 gratiam
2069 437 2123 503 Α
2151 429 2308 487 brari
2341 426 2690 500 baptismns,
2721 422 2804 477 ita
2833 419 3012 476 etiam
3043 415 3297 490 Spiritus
3328 413 3512 530 sapcti
3535 410 3827 467 traditio-

2379 518 2390 529 .
2438 517 2449 530 .
2547 514 2558 526 ο
2676 529 2686 530 γ
2747 509 3005 530 .2n-:L-__
3033 504 3297 530 --η-.--ιι
3332 519 3392 530 ..Α
3423 500 3613 530 ..ι-..-ξ

381 549 512 604 vitae
532 548 788 602 donatus
811 547 1058 599 εἰει-ηδε.
1083 540 1120 595 S

385 637 704 722 chpismate
720 647 824 706 per
845 630 1207 688 sacerdotem
1232 626 1290 681 in
1313 623 1521 697 capitis
1544 618 1914 687 summitate;
1939 632 2040 688 per

383 703 876 799 pontificem—vero
905 721 962 775 in
987 719 1200 783 fronte,
1233 719 1298 770 ut
1320 715 1376 770 in
1411 713 1602 785 priore
1643 709 1918 766 unctione
1959 703 2038 759 si-

381 815 696 888 gnificetur
716 827 896 882 super
921 809 1116 880 ipsum
1142 805 1396 876 Spiritus
1426 801 1614 858 sancti
1641 795 1942 855 descensio
1964 793 2035 848 ad

381 903 805 961 habitationem
840 900 953 955 Deo
988 895 1482 960 consecrandam;
1519 892 1576 947 in
1607 888 1866 946 secunda
1897 900 2038 957 quo-

387 1009 503 1065 que
528 996 593 1047 ut
615 989 887 1060 ejusdem
911 987 1168 1058 Spiritus
1201 982 1390 1040 sancti
1423 977 1784 1053 septiformis
1826 973 2038 1048 gratia,

381 1062 514 1139 c—um
551 1079 711 1136 omni
742 1077 1105 1151 plenitudine
1134 1073 1464 1130 sanctitatis
1487 1074 1544 1126 et
1571 1066 1826 1126 scientiae
1851 1067 1906 1120 et
1927 1062 2037 1118 vir-

380 1171 549 1240 tutis,
573 1170 633 1225 in
657 1168 969 1224 hominem
998 1163 1194 1222 venire
1217 1163 1566 1219 declaretur.

382 1298 516 1354 CAP.
549 1295 728 1352 CXIX.
780 1294 860 1351 Ad
905 1291 1388 1416 conﬁrmatiozzcm
1448 1285 1680 1344 nonnisi
1726 1282 1904 1354 jejuni
1943 1295 2038 1336 ve-

1125 1380 1259 1416 man
1294 1404 1306 1416 .

1125 1380 1306 1418 niam.

877 1470 1049 1520 Cone.
1081 1461 1380 1530 Aurelian,
1411 1477 1461 1515 c.
1494 1459 1548 1514 3.

459 1584 563 1658 (De
592 1584 866 1639 Consecr.
899 1581 1040 1637 dist.
1073 1564 1125 1646 li,
1151 1597 1198 1636 c.
1239 1577 1558 1650 Etjejuni.)
1603 1573 1675 1629 Ut
1714 1570 1903 1644 jejuni
1965 1571 2037 1626 ad

387 1671 899 1730 confirmationem
930 1670 1169 1726 veniant
1227 1666 1494 1740 perfectae
1540 1661 1748 1730 aetatis,
1797 1664 1861 1716 ut
1905 1676 2032 1716 mo-

389 1768 640 1821 neantur
669 1762 1096 1819 confessionem
1130 1761 1318 1816 facere
1349 1757 1535 1830 prius,
1569 1759 1634 1810 ut
1665 1752 1871 1810 mundi
1929 1753 2035 1808 do-

392 1871 534 1910 num
595 1852 848 1924 Spiritus
904 1850 1096 1907 sancti
1156 1847 1387 1920 possint
1436 1843 1757 1917 percipere,
1807 1846 1865 1896 et
1908 1841 2122 1913 quiaB

392 1958 699 2014 nunquam
730 1941 838 1996 erit
863 1937 1258 2004 Christianus,
1307 1935 1422 1992 nisi
1465 1930 1785 2006 episcopali
1835 1930 2041 1986 conﬁr-

394 2030 651 2086 matione
682 2030 859 2086 fuerit
887 2028 1270 2084 cbrismatus.

392 2158 526 2213 CAP.
561 2154 712 2212 CXX.
750 2155 1005 2226 Episcopi
1033 2169 1157 2208 vero
1186 2166 1296 2226 non
1347 2149 1467 2226 nisi
1509 2147 1694 2226 jejuni
1738 2147 2042 2218 baptizatos

699 2218 1049 2298 conﬁrment,
1079 2224 1194 2280 nisi
1221 2223 1512 2279 necessitas
1541 2218 1736 2290 fuerit.

823 2326 994 2380 Conc.
1043 2321 1362 2386 Meldense,
1395 2334 1523 2389 cap.
1556 2319 1611 2372 6.

465 2445 565 2515 (De
595 2441 866 2497 Consecr.
901 2438 1040 2494 dist.
1074 2439 1127 2504 4,
1161 2454 1210 2492 c.
1257 2440 1320 2492 Et
1369 2417 1651 2506 episcopi.)
1681 2432 1752 2488 Ut
1780 2430 2041 2503 episcopi

394 2549 509 2589 non
538 2531 652 2586 nisi
677 2528 890 2601 jejuni,
924 2544 1030 2600 per
1057 2525 1500 2598 impositionem
1535 2537 1821 2577 manuum
1854 2519 2038 2592 Spiri-

396 2626 524 2676 tum
557 2623 828 2676 sanctum
878 2617 1138 2686 tradant,
1178 2613 1432 2686 exceptis
1481 2612 1734 2667 infirmis
1767 2614 1824 2665 et
1854 2613 2042 2664 morte

393 2708 886 2782 periclitantibus.
922 2705 1088 2762 Sicut
1134 2707 1332 2759 autem
1377 2701 1612 2758 duobus
1649 2698 2041 2770 temporibus,

393 2797 611 2855 Pascha
639 2795 911 2853 videlicet
933 2799 991 2852 et
1022 2794 1361 2850 Pentecoste
1391 2808 1425 2848 a
1443 2789 1669 2862 jejunis
1688 2789 1862 2845 debet
1891 2787 2040 2844 cele-

1128 538 1359 610 ignatur
1373 535 1529 592 enim
1548 500 1882 604 baptizatus
1903 541 2036 581 cum
2069 500 2122 503 ﬂ
2144 535 2279 574 nem
2311 535 2344 573 a
2367 514 2594 588 jejunis
2626 509 3006 585 pontificibus
3029 504 3302 562 convenit
3331 500 3645 559 celebrari.

2144 611 2275 664 CAP.
2310 605 2500 661 CXXI.
2534 601 2776 660 Secundo
2822 602 3009 725 auter‘n
3049 596 3133 652 vel
3161 595 3322 651 tertio
3370 593 3561 648 nullus
3589 590 3814 660 confir-

2870 687 2960 725 me
2985 687 3068 724 ur.

2870 687 3068 726 inetur.

2606 764 2778 819 Conc.
2810 761 3147 826 Tarracon.,
3189 772 3239 811 c.
3273 754 3328 808 6.

2216 857 2319 929 (De
2341 860 2607 912 Consecr.
2641 853 2778 907 dist.
2811 851 2864 920 4,
2897 866 2947 904 c.
2975 848 3195 903 Dictum
3225 840 3527 912 estnobis.)
3558 839 3813 896 Dictum

2145 928 2235 1004 est
2265 945 2435 1001 nobis
2457 943 2612 1016 quod
2639 940 2877 1012 quidam
2911 938 2983 993 de
3014 935 3180 1008 plebe
3209 933 3302 990 bis
3346 930 3435 987 vel
3466 935 3576 997 ter,
3609 928 3713 984 vel
3747 943 3817 984 eo

2146 1035 2426 1108 amplius,
2458 1031 2752 1105 episcopis
2775 1025 3207 1101 ignorantibus,
3231 1025 3431 1078 tamen
3463 1019 3535 1076 ab
3567 1019 3811 1075 eisdem

2147 1123 2440 1199 episcopis
2494 1121 2937 1178 confirmentur.
2993 1115 3158 1171 Undc
3227 1110 3398 1168 nobis
3447 1109 3648 1166 visum
3721 1113 3816 1164 est

2145 1198 2413 1273 eamdem
2432 1209 2966 1274 confirmationem,
2987 1204 3139 1260 sicut
3157 1218 3261 1257 nec
3278 1199 3644 1273 baptismum
3659 1245 3676 1265 ,
3697 1198 3818 1252 ite-

2146 1304 2262 1360 rari
2294 1301 2538 1358 minime
2569 1299 2801 1368 debere,
2836 1295 2974 1369 quia
3004 1293 3096 1348 bis
3129 1291 3213 1348 vel
3244 1288 3504 1361 amplius
3538 1286 3813 1358 baptiza-

2147 1397 2238 1449 tos
2270 1397 2372 1448 aut
2403 1389 2806 1451 confirmatos,
2843 1401 2954 1440 non
2988 1379 3222 1448 szeculo,
3256 1378 3357 1436 sed
3391 1375 3498 1434 soli
3538 1377 3658 1432 Deo
3697 1375 3812 1430 sub

2145 1483 2349 1539 habitu
2384 1477 2665 1552 regulari,
2699 1476 2785 1533 vel
2819 1471 3093 1539 clericali,
3128 1467 3576 1541 religiosissime
3609 1466 3813 1521 famu-

2148 1571 2257 1628 lari
2292 1571 2594 1626 decretum
2628 1573 2730 1623 est.

2145 1663 2277 1716 CAP.
2310 1657 2515 1714 CXXII.
2550 1657 2683 1725 Quae
2701 1654 3026 1727 paeni/entia
3052 1651 3124 1727 sit
3153 1648 3336 1727 danda
3365 1648 3444 1702 bis
3474 1644 3572 1727 vel
3593 1653 3686 1727 ter

2215 1733 2464 1803 ptizatis.
2495 1718 2598 1784 v61
2631 1718 2715 1784 sic
2746 1743 2759 1782 ε
2794 1728 2868 1782 De
2905 1724 2991 1780 his
3019 1722 3117 1795 qui
3145 1723 3474 1790 ignoranter
3503 1718 3588 1773 bis
3621 1719 3812 1789 bapti-

2222 1814 2443 1860 nuntur.

2507 1887 2787 1945 Theodori
2817 1882 3235 1950 Panitentiate,
3269 1898 3319 1937 ο.
3350 1879 3439 1937 lli.

2224 1983 2327 2055 (De
2354 1984 2622 2038 Consecr.
2663 1977 2800 2034 dist.
2833 1976 2888 2045 4,
2921 1991 2970 2031 c.
3001 1975 3112 2043 Qui
3143 1971 3272 2041 bis.)
3315 1969 3424 2036 Qui
3472 1968 3568 2024 bis
3617 1967 3809 2040 igno-

2151 2075 2349 2126 ranter
2365 2067 2640 2141 baptizati
2663 2069 2823 2134 sunt,
2849 2081 2964 2120 non
2991 2062 3259 2133 indigent
3283 2075 3387 2132 pro
3412 2075 3479 2114 eo
3499 2057 3813 2130 paenitere:

2151 2160 2264 2216 nisi
2297 2159 2452 2231 quod
2484 2158 2813 2214 secundum
2845 2148 3371 2210 cauonesordinari
3394 2163 3510 2203 non
3529 2151 3811 2218 possunt,

2151 2249 2266 2304 nisi
2298 2264 2506 2320 magna
2537 2245 2858 2303 necessitas
2889 2243 3088 2313 aliqua
3114 2242 3302 2312 cogat.
3328 2237 3437 2301 Qui
3470 2240 3671 2292 autem
3695 2252 3810 2290 non

2151 2339 2340 2411 ignari
2372 2340 2583 2393 iterum
2617 2333 2897 2408 baptizati
2929 2335 3084 2397 sunt,
3123 2327 3292 2401 quasi
3338 2327 3552 2381 iterum
3607 2323 3812 2380 Chris-

2149 2432 2277 2483 tum
2337 2426 2786 2488 cruciﬁxerunt,
2838 2438 2941 2494 per
2992 2424 3219 2491 septem
3264 2431 3450 2471 annos
3499 2413 3807 2486 pceniteat,

2152 2521 2366 2589 quarta
2393 2522 2450 2573 et
2500 2520 2664 2573 sexta
2716 2513 2858 2569 feria
2906 2516 2964 2567 et
3017 2513 3271 2582 quatuor
3316 2503 3806 2577 quadragesimas

2151 2607 2484 2663 abstineant
2514 2606 2685 2676 (137).
2729 2603 2788 2659 Si
2822 2618 2923 2674 pro
2954 2599 3092 2655 vitio
3134 2597 3331 2670 aliquo
3364 2593 3542 2650 fuerit
3591 2591 3806 2648 simili-

2149 2697 2315 2766 liter;
2349 2696 2399 2752 si
2431 2713 2534 2769 pro
2567 2691 2858 2750 munditia
2888 2691 3263 2763 putaverunt,
3295 2684 3486 2742 tribus
3525 2682 3704 2739 annis
3731 2680 3804 2736 si-

2151 2787 2368 2844 militer
2399 2784 2700 2858 poeniteat.

841 3095 944 3155 DE
989 3090 1519 3153 SACRAMENTO
1562 3086 2115 3150 EUCHARISTIJE
2158 3087 2256 3147 ΕΤ
2301 3081 2901 3148 CELEBRATIONE
2947 3076 3365 3140 MISSARUM

402 3263 534 3317 CAP.
563 3256 805 3313 CXXIII.
837 3257 960 3327 Non,
983 3259 1194 3310 natura
1222 3255 1491 3317 nascitur,
1523 3252 1622 3327 sed
1641 3251 2050 3327 consecratione
2079 3260 2123 3327 ρ
2161 3251 2445 3306 dmodum
2477 3255 2608 3304 ante
2629 3242 3125 3302 consecrationem
3143 3233 3807 3309 comprehendebamus,

581 3328 740 3385 nobis
767 3326 1058 3399 conﬁcitur
1086 3341 1282 3397 corpus
1305 3329 1356 3381 et
1386 3326 1614 3395 sanguis
1643 3322 1868 3378 Christi.

543 3418 839 3489 Ambros.,
889 3416 990 3472 lib.
1029 3418 1106 3472 De
1151 3414 1602 3471 cathechimndis
1652 3412 1903 3468 rudibus.

470 3510 574 3580 (De
602 3511 873 3565 Consecr.
926 3506 1065 3562 dist.
1101 3506 1132 3559 4
1179 3522 1232 3560 c.
1273 3505 1442 3559 Panis
1469 3511 1519 3559 et
1572 3502 1769 3574 calix.)
1795 3499 1963 3556 Panis
1995 3503 2051 3556 et

399 3598 550 3654 calix
587 3596 867 3668 qualibet,
907 3595 1008 3650 sed
1069 3598 1228 3650 certa
1279 3591 1718 3648 consecratione
1763 3589 2048 3663 mysticus

403 3686 469 3740 fit
499 3686 688 3751 nobis,
722 3701 839 3740 non
871 3682 1154 3739 nascitur.
1190 3681 1437 3738 Proinde
1459 3681 1614 3753 quod
1648 3680 1730 3736 ita
1761 3680 1825 3734 fit
1856 3679 2048 3748 nobis,

403 3773 674 3846 quamvis
702 3772 752 3830 si
783 3773 952 3845 panis
982 3776 1038 3828 et
1069 3771 1239 3842 calix,
1272 3770 1621 3826 alimentum
1667 3774 1756 3824 est
1787 3783 2048 3824 resurre-

406 3861 642 3933 ctionis,
666 3878 781 3918 non
806 3864 1242 3917 sacramentum
1267 3858 1590 3930 religionis,
1615 3873 1729 3912 non
1764 3856 1918 3928 quod
1951 3857 2047 3912 be-

407 3950 760 4022 nedicimus,
817 3949 1153 4022 gratiasque
1198 3948 1431 4020 agimus
1482 3946 1720 4001 domino
1779 3946 1835 4000 in
1887 3945 2049 4000 omni

405 4058 650 4098 munere
680 4041 830 4113 ejus,
863 4056 978 4096 non
1009 4042 1237 4095 tantum
1270 4035 1589 4109 spirituali,
1623 4052 1825 4091 verum
1872 4035 2051 4090 etiam

408 4131 716 4204 corporali.

414 4223 548 4277 CAP.
588 4219 829 4276 CXXIV.
880 4218 1034 4288 Quod
1079 4222 1210 4274 ante
1257 4217 1690 4272 benedictionem
1737 4223 1818 4271 est
1843 4217 2055 4283 species

474 4294 641 4363 panis
669 4296 721 4347 et
749 4293 886 4359 vini,
914 4295 1035 4364 post
1059 4289 1488 4346 benedictionem
1519 4296 1597 4344 est
1612 4303 1812 4358 corpus
1842 4295 1893 4343 et
1921 4303 2054 4342 san-

476 4365 602 4432 guis
634 4363 856 4418 Christi.

497 4451 797 4522 Ambros.,
829 4451 905 4506 De
931 4452 1017 4506 his
1057 4453 1153 4522 qui
1177 4450 1460 4524 mysteriis
1489 4450 1810 4516 initiantur,
1845 4465 1894 4504 c.
1929 4449 1984 4502 5.

480 4541 582 4612 (De
624 4542 893 4597 Consecr.
928 4541 1066 4597 dist.
1100 4541 1130 4594 4
1163 4557 1214 4596 c.
1239 4542 1376 4596 Ante
1408 4537 1622 4610 bened.)
1677 4539 1824 4593 Ante
1883 4538 2056 4593 bene-

416 4629 733 4687 dictionem
759 4629 873 4686 alia
889 4629 1113 4702 species
1136 4631 1509 4698 nominatur;
1544 4607 1675 4702 post
1704 4627 2063 4685 benedictio-
2095 4646 2140 4710 D
2171 4607 2358 4709 ηρῆίςί

2158 3355 2291 3394 cum
2326 3337 2578 3393 fideliter
2602 3337 2894 3391 fateamur
2913 3335 3048 3387 ante
3069 3324 3575 3385 consecrationem
3601 3337 3802 3394 panem

2158 3443 2285 3483 esse
2315 3431 2371 3482 et
2399 3426 2625 3492 vinum,
2657 3422 2812 3496 quod
2845 3425 3057 3476 natura
3084 3413 3375 3472 formavit.
3410 3414 3547 3470 Post
3601 3425 3801 3466 conse-

2158 3517 2477 3572 crationem
2504 3531 2636 3570 vero
2667 3527 2904 3568 carnem
2943 3506 3160 3564 Christi
3209 3519 3338 3560 esse
3367 3505 3425 3557 et
3455 3499 3801 3571 sanguinem

2157 3607 2311 3678 quod
2344 3603 2670 3662 benedictio
2696 3601 3081 3657 consecravit.

2159 3714 2288 3772 CAP.
2320 3711 2566 3770 CXXVI.
2601 3707 2876 3782 Confessio
2909 3701 3238 3782 Berengarii
3266 3701 3330 3756 de
3358 3712 3586 3771 corpore
3614 3699 3667 3750 et
3692 3713 3807 3750 san-

2757 3782 2926 3853 guine
2955 3775 3202 3833 Domini.

2231 3893 2331 3964 (De
2362 3893 2632 3948 Consecr.
2694 3888 2831 3943 dist.
2889 3889 2946 3954 2,
3007 3900 3056 3939 c.
3119 3884 3225 3953 Ego
3256 3877 3522 3947 Bcreng.)
3556 3875 3680 3948 Ego
3712 3875 3806 3964 Be-

2165 3963 2470 4054 rengarius
2510 3979 2790 4051 indignus
2846 3973 3044 4030 Sancti
3089 3968 3345 4028 Mauritii
3374 3963 3807 4037 Andegavensis

2165 4053 2434 4128 Ecclesiae
2467 4070 3144 4137 diaconus,cognoscens
3165 4074 3361 4115 veram
3385 4053 3744 4112 Catholicam
3761 4057 3810 4106 et

2164 4159 2545 4233 apostolicam
2581 4157 2754 4213 fidem
2785 4151 3211 4211 anathematizo
3242 4161 3480 4206 omnem
3517 4142 3803 4204 haeresim,

2167 4249 2456 4324 praecipue
2485 4265 2615 4304 eam
2650 4247 2720 4302 de
2769 4261 2884 4316 qua
2931 4242 3218 4298 hactenus
3267 4236 3614 4292 diffamatus
3663 4247 3806 4298 sum,

2167 4357 2290 4412 quae
2307 4343 2568 4395 astruere
2600 4339 2847 4393 conatur
2871 4347 3084 4404 panem
3109 4333 3167 4385 et
3187 4327 3389 4384 vinum
3411 4340 3540 4396 quae
3565 4322 3625 4376 in
3649 4319 3806 4376 altari

2169 4433 2491 4501 ponuntur,
2523 4429 2656 4500 post
2682 4420 3178 4481 consecrationem
3212 4412 3588 4473 solummodo
3620 4426 3805 4467 sacra-

2168 4523 2318 4584 tum,
2348 4521 2404 4574 et
2433 4498 2548 4573 non
2588 4530 2790 4570 verum
2822 4526 3034 4584 corpus
3084 4511 3142 4564 et
3187 4503 3548 4578 sanguinem
3583 4498 3803 4555 Domini

2386 4607 2527 4663 Jesu
2558 4603 2773 4660 Christi
2805 4617 2953 4672 esse,
2989 4602 3046 4655 et
3075 4613 3189 4653 non
3219 4609 3393 4668 posse
3436 4589 3803 4654 sensualiter,

419 4733 553 4775 nem
586 4735 797 4790 corpus
841 4682 1224 4791 signiﬁcatur,
1260 4720 1426 4790 Item,
1460 4682 1517 4774 ίιξ
1545 4682 1660 4775 ri110
1693 4720 2061 4775 sacramento
2095 4682 2140 4710 υ
2173 4697 2286 4752 nisi
2316 4697 2374 4751 in
2407 4695 2530 4752 solo
2562 4697 2931 4750 sacramento
2964 4687 3237 4745 manibus
3289 4682 3668 4740 sacerdotum
3703 4683 3804 4734 tra-

2303 4787 2313 4791 _
2417 4785 2429 4791 -
2471 4786 2490 4791 _
2641 4783 2652 4791 .
2784 4781 2905 4791 ,μ
2950 4778 2986 4791 ..
3145 4777 3161 4791 .
3445 4771 3616 4791 _u__.
3675 4770 3778 4791 ,πη

410 4807 677 4864 Christus
708 4811 819 4863 est.
855 4807 1019 4874 Item,
1055 4808 1156 4879 qui
1188 4808 1634 4864 manducaverit
1681 4808 1790 4864 hoc
1823 4823 2059 4878 corpus,

412 4898 511 4953 ﬁet
539 4896 590 4953 ei
621 4896 890 4953 remissio
921 4901 1317 4968 peccatorum.

407 4987 544 5043 CAP.
577 4985 793 5044 CXXV.
840 4985 950 5042 Sub
1004 4986 1182 5056 specie
1225 4987 1387 5057 panis
1432 4990 1484 5042 et
1532 4987 1670 5054 vini,
1723 4985 2058 5042 inuisibilem

588 5058 792 5114 Christi
819 5074 1043 5114 carnem
1074 5062 1128 5113 et
1154 5059 1484 5127 sanguinem
1524 5059 1873 5114 honoramus.

647 5153 797 5220 Aug.
833 5148 891 5203 in
919 5147 1069 5204 libro
1100 5147 1510 5204 Sententiarum
1539 5147 1828 5218 Prosperi.

479 5239 580 5306 (De
612 5237 884 5295 Consecr.
917 5238 1057 5295 dist.
1101 5238 1151 5308 4,
1192 5253 1241 5293 e.
1291 5237 1393 5293 Nos
1444 5241 1675 5308 autem.)
1707 5236 1823 5292 Nos
1855 5239 2050 5290 autem

403 5329 463 5384 in
487 5327 679 5400 specie
696 5327 865 5401 panis
887 5331 944 5383 et
961 5327 1079 5383 vini
1099 5343 1275 5401 quam
1295 5325 1565 5382 videmus
1590 5342 1682 5380 res
1700 5323 2048 5393 invisibiles,

404 5417 459 5473 id
493 5421 582 5473 est
610 5418 826 5474 Christi
857 5434 1090 5474 carnem
1114 5422 1170 5474 et
1196 5416 1542 5489 sanguinem
1568 5415 1930 5471 honoramus
1944 5431 2048 5471 nec

403 5505 675 5563 similiter
703 5507 812 5564 has
836 5507 1370 5580 conprehendimus
1392 5506 1541 5561 duas
1554 5506 1779 5578 species
1803 5521 2044 5578 quema-

365 5657 376 5664 ‘
469 5649 618 5721 (137)
655 5651 779 5704 Tres
811 5650 1257 5722 quadragesimas
1286 5648 1428 5722 legit
1457 5650 1796 5707 Gratianus.

2172 4787 2315 4843 ctari
2347 4785 2430 4840 vel
2466 4783 2676 4856 frangi,
2701 4789 2802 4837 aut
2833 4778 3094 4835 fidelium
3130 4773 3407 4831 dentibus
3440 4771 3639 4826 atteri.
3674 4770 3804 4825 Con-

2168 4875 2358 4931 sentio
2389 4879 2581 4928 autem
2617 4876 2834 4927 sanctae
2860 4870 3134 4924 Romanis
3185 4870 3243 4920 et
3292 4859 3627 4935 apostolicae
3663 4857 3803 4912 fidei.

2168 4966 2280 5020 Sed
2313 4981 2409 5020 ore
2439 4967 2495 5019 et
2534 4963 2706 5018 corde
2759 4959 3036 5032 profiteor
3081 4957 3152 5010 de
3193 4950 3587 5009 sacramentis
3621 4945 3802 5003 Domi-

2167 5055 2309 5110 nica:
2334 5050 2852 5118 mensze,eamdem
2880 5047 3054 5102 fidem
3074 5059 3166 5099 me
3189 5047 3406 5107 tenere,
3423 5054 3604 5108 quam
3625 5034 3800 5093 Domi-

2168 5161 2277 5200 nus
2301 5149 2356 5199 et
2385 5139 2731 5198 venerabilis
2762 5154 2912 5210 papa
2946 5133 3219 5194 Nicolaus
3252 5135 3309 5187 et
3337 5129 3458 5184 haec
3489 5131 3698 5183 sancta
3724 5141 3799 5196 sy-

2165 5235 2355 5289 nodus
2388 5230 2739 5287 auctoritate
2772 5223 3106 5298 evangclica
3151 5227 3207 5277 et
3256 5216 3586 5292 apostolica
3613 5220 3799 5272 tenen-

2163 5325 2296 5379 dam
2329 5320 2587 5386 tradidit,
2623 5317 2887 5388 mihique
2919 5310 3311 5380 confirmavit,
3344 5307 3578 5364 scilicet
3609 5319 3794 5378 panem

2160 5418 2215 5468 et
2246 5413 2450 5467 vinum
2483 5425 2614 5480 quae
2644 5407 2703 5463 in
2733 5405 2900 5462 altari
2937 5409 3233 5476 ponuntur
3263 5400 3396 5472 post
3420 5393 3796 5452 consecratio-

2160 5518 2326 5570 nem;
2361 5516 2475 5557 non
2512 5497 2703 5554 solum
2747 5496 3182 5552 sacramentum
3234 5488 3336 5547 sed
3385 5486 3570 5541 etiam
3617 5495 3795 5539 verum
