4000 6054
234 198 375 255 1073

234 340 447 395 ccrpus
482 324 538 377 ct
567 320 920 391 sanguinem
976 318 1204 374 Domini
1259 318 1437 373 nostri
1483 318 1623 373 Jesu
1677 316 1889 374 Christi
1922 317 1975 383 Α

231 429 384 482 esse,
418 414 476 467 et
507 408 862 467 sensualiter
892 425 1007 464 non
1041 407 1232 463 solum
1265 408 1322 461 in
1357 411 1744 475 sacramento,
1785 406 1884 461 sed

232 502 294 557 in
326 501 568 557 veritate
602 500 878 555 manibus
910 498 1279 553 sacerdotum
1314 496 1570 563 tractari,
1596 496 1808 568 frangi,
1832 500 1889 550 et

231 590 499 646 fidelium
533 590 811 645 dentibus
861 588 1053 655 atteri,
1098 588 1313 658 jurans
1363 604 1465 658 per
1513 590 1779 641 sanctam
1831 589 1887 640 et

227 678 540 737 omousion
566 678 941 744 Trinitatem,
975 685 1027 732 et
1053 693 1155 749 per
1176 677 1293 731 haec
1316 679 1690 731 sacrosancta
1720 673 1883 727 Chri-

226 771 303 825 sti
329 767 666 840 Evangelia,
700 784 799 823 eos
822 766 922 838 qui
957 770 1159 820 contra
1188 765 1340 820 hanc
1370 765 1544 818 ﬁdem
1577 766 1883 832 venerunt,

226 877 362 915 cum
398 857 779 930 dogmatibus
812 862 869 911 et
901 854 1290 911 sectatoribus
1323 853 1448 909 suis
1478 858 1693 907 aeterno
1739 869 1881 906 ana-

226 949 481 1004 themate
530 946 741 1018 dignos
793 962 923 1001 esse
981 943 1315 1016 pronuntio.
1341 943 1502 1006 Quod
1539 942 1588 997 si
1620 957 1725 1013 ego
1757 941 1882 1013 ipse

225 1038 550 1110 aliquando
583 1036 819 1108 aliquod
855 1039 1061 1090 contra
1092 1033 1214 1088 baac
1245 1032 1582 1105 praesentire
1609 1036 1709 1085 aut
1743 1048 1882 1102 pra:-

222 1128 422 1182 dicare
474 1140 932 1197 prmsumpscro,
984 1112 1277 1178 canonum
1333 1121 1627 1177 severitati
1678 1121 1879 1190 subja-

220 1233 412 1283 ccam,
446 1217 593 1271 lecto
616 1219 673 1270 et
695 1214 950 1286 perlecto
974 1218 1181 1284 sponte
1203 1210 1435 1282 scripsi.
1463 1210 1620 1265 Hanc
1652 1209 1878 1264 confes-

220 1306 453 1361 sionem
480 1321 596 1360 suaz
623 1304 756 1358 ﬁdei
784 1304 853 1357 de
882 1318 1122 1373 corpore
1145 1305 1199 1356 et
1221 1300 1507 1372 sanguine
1530 1296 1759 1353 Domini
1783 1314 1879 1352 no-

219 1394 327 1448 stri
366 1394 505 1448 Jesu
539 1391 756 1447 Christi
789 1408 821 1445 a
850 1389 1199 1463 Berengario
1248 1389 1443 1443 Romze
1492 1403 1687 1442 coram
1740 1402 1874 1441 cen-

218 1486 349 1537 tum
377 1481 654 1537 tredecim
677 1480 967 1552 episcopis
994 1481 1231 1543 factam,
1248 1478 1408 1533 misit
1430 1492 1578 1548 papa
1599 1476 1875 1531 Nicotaus

222 1588 329 1644 per
353 1572 529 1627 urbes
554 1570 758 1639 Italiae,
782 1569 1003 1637 Galliae,
1028 1566 1371 1633 Germania),
1404 1571 1461 1622 et
1494 1566 1564 1621 ad
1596 1582 1872 1636 quaecun-

221 1659 485 1733 queloca
505 1658 976 1731 famapravitatis
1008 1659 1135 1728 ejus
1167 1660 1301 1711 ante
1328 1654 1627 1727 pervenire
1659 1654 1871 1726 potuit,

222 1754 290 1806 ut
321 1748 589 1804 Ecclesiae
624 1765 751 1821 qua
784 1747 948 1820 prius
980 1747 1291 1801 doluerant
1323 1747 1392 1800 de
1424 1745 1667 1800 adverso
1698 1749 1872 1815 atque

218 1842 726 1911 perverso,postea
758 1837 1081 1910 gauderent
1111 1836 1180 1890 de
1228 1851 1457 1891 reverso
1508 1839 1682 1905 atque
1731 1850 1867 1889 con-

214 1944 405 1984 VOPSO.

209 2030 341 2082 CAP.
376 2025 645 2082 CXXVII.
707 2025 867 2093 Quod
911 2032 1318 2079 sacramentum
1366 2038 1477 2077 non
1519 2026 1697 2077 mutat
1739 2037 1864 2093 spe-

285 2097 423 2152 ciem
450 2102 677 2168 pr0pter
703 2099 1051 2152 credentium
1080 2111 1342 2152 errorem.
1375 2093 1477 2150 Vel
1510 2094 1595 2148 sic
1627 2112 1640 2149 :
1678 2093 1865 2168 Quare

281 2166 672 2224 elementorum
700 2171 907 2240 species
938 2172 1302 2235 reserventur,
1332 2183 1457 2222 cum
1486 2182 1609 2222 vere
1636 2166 1709 2221 sit
1740 2181 1860 2221 cor-

279 2257 381 2311 pus
415 2241 623 2296 Christi
650 2247 701 2296 et
733 2242 976 2311 sanguis.

469 2330 741 2386 Ambros.
778 2330 816 2385 Ι.
848 2347 904 2384 v1
934 2331 1011 2384 De
1040 2329 1425 2397 sacramentis,
1457 2344 1506 2381 c.
1542 2328 1591 2382 1.

272 2428 377 2496 (De
409 2427 682 2483 Consecr.
716 2427 854 2484 dist.
888 2430 941 2497 2,
976 2444 1026 2483 c.
1060 2430 1220 2482 Forte
1249 2426 1448 2493 dicas.)
1482 2427 1647 2481 Forte
1699 2424 1859 2480 dicas

203 2516 500 2587 quomodo
551 2534 687 2571 vera
740 2533 896 2581 caro,
931 2516 1229 2587 quomodo
1260 2530 1429 2571 verus
1464 2513 1723 2582 sanguis,
1757 2498 1857 2585 qui

202 2605 661 2661 similitudinem
686 2622 798 2660 non
818 2605 982 2661 video
1005 2605 1340 2669 carnis,non
1365 2604 1529 2658 video
1553 2603 1857 2671 sanguinis

202 2694 534 2751 veritatem.
583 2694 779 2749 Primo
828 2694 1095 2750 omnium
1146 2693 1274 2748 dico
1319 2693 1423 2747 tibi
1474 2694 1545 2747 de
1594 2707 1858 2747 sermone

204 2782 418 2839 Christi
445 2785 545 2855 qui
571 2788 848 2856 operatur
873 2788 936 2838 ut
958 2783 1145 2854 possit
1176 2787 1403 2837 mutare
1435 2785 1491 2836 et
1523 2785 1857 2836 convertere

202 2888 416 2944 genera
442 2878 498 2928 et
523 2873 794 2929 instituta
823 2872 1291 2928 naturaa.Deinde
1314 2870 1413 2926 ubi
1446 2887 1560 2926 non
1594 2870 1856 2925 tulerunt

201 2978 534 3017 sermonem
558 2962 770 3017 Christi
790 2961 1063 3032 discipuli
1088 2960 1345 3031 ejus,sed
1372 2960 1675 3015 audientes
1698 2960 1851 3030 quod

1572 194 1971 249 PANORMIA.
2007 220 2073 229 -—-
2104 193 2235 247 LIB.
2279 195 2323 246 Ι.

3520 192 3659 249 1074

2141 317 2273 370 CAP.
2300 314 2506 371 CXXX.
2544 315 2686 383 Quid
2708 317 2782 371 sit
2814 315 3180 387 sacriﬁcium,
3214 324 3263 372 et
3290 316 3422 388 quid
3450 319 3522 373 sit

2609 397 3036 443 sacramentum.

2294 476 2441 547 Aug.
2477 476 2578 530 lib.
2612 494 2668 545 x,
2701 478 2776 531 De
2804 477 3028 533 civitate
3057 477 3177 547 Dei,
3212 494 3262 532 c.
3294 477 3349 531 5.

2064 565 2168 634 (De
2199 564 2499 633 Consecr.,
2533 566 2671 621 dist.
2693 570 2749 636 2,
2773 582 2823 622 c.
2852 565 3254 637 Sacriﬁcium.)
3284 566 3646 623 Sacrificium

1992 652 2224 707 visibile
2257 653 2553 709 invisibile
2584 659 2674 709 est
2701 660 3164 723 sacramentum,
3200 655 3255 710 id
3290 660 3378 712 est
3410 672 3647 712 sacrum

1994 744 2373 815 signum,est
2403 744 2541 800 alibi
2595 751 3031 802 sacramentum
3082 745 3394 802 invisibilis
3447 747 3648 819 gratia:

1989 832 2239 889 visibilis
2273 833 2480 890 forma.

2339 927 2470 978 CAP.
2505 923 2735 978 CXXXI.
2771 924 2921 995 Quid
2950 925 3022 979 sit
3051 924 3291 995 signum.

2148 1015 2299 1082 Aug.
2333 1010 2435 1067 lib.
2470 1029 2534 1082 II,
2569 1017 2647 1068 De
2677 1012 2930 1068 doctrina
2967 1012 3303 1083 Christiana,
3337 1030 3387 1069 c.
3426 1015 3476 1069 1.

2061 1099 2309 1170 Signum
2343 1105 2434 1156 est
2472 1118 2588 1167 res,
2640 1105 2849 1172 prater
2892 1102 3147 1172 speciem
3202 1118 3380 1174 quam
3436 1101 3647 1172 ingerit

1988 1189 2284 1260 sensibus,
2318 1190 2474 1245 aliud
2506 1191 2644 1262 quid
2679 1208 2746 1246 ex
2778 1208 2839 1247 se
2875 1191 3093 1247 faciens
3136 1192 3194 1247 in
3245 1190 3638 1263 cognitionem

1986 1278 2207 1333 venire.

1987 1384 2122 1440 CAP.
2154 1384 2403 1440 CXXXII.
2461 1391 2590 1441 Post
2632 1386 3099 1442 consecrationem
3144 1401 3252 1440 non
3300 1386 3634 1455 substantia,

2497 1459 2598 1513 sed
2620 1461 2822 1529 species
2852 1469 3119 1513 remanet.

2368 1545 2565 1617 Greg.,
2602 1546 2661 1601 in
2689 1545 2933 1602 homilia
2964 1546 3251 1619 paschali.

2056 1633 2159 1704 (De
2188 1635 2713 1702 Consecr.,dist.2,
2738 1652 2789 1692 c.
2818 1636 3078 1708 Species.)
3110 1635 3346 1707 Species
3377 1652 3634 1708 namque

1982 1727 2039 1779 et
2077 1722 2400 1779 similitudo
2449 1723 2686 1781 illarum
2738 1742 2936 1781 rerum
2982 1726 3266 1781 vocabula
3314 1731 3455 1781 sunt
3504 1743 3632 1798 quas

1981 1817 2115 1867 ante
2163 1812 2422 1883 fuerunt,
2475 1813 2702 1870 scilicet
2749 1815 2920 1886 panis
2950 1819 3008 1871 et
3037 1814 3155 1870 vini
3186 1832 3199 1870 :
3236 1816 3392 1870 unde
3424 1816 3483 1870 in
3516 1816 3633 1870 fine

1977 1900 2298 1972 cujuslibet
2327 1902 2525 1959 missa:
2554 1908 2756 1958 oratur
2783 1907 2840 1959 et
2869 1903 3085 1959 dicitur
3134 1920 3148 1959 :
3205 1903 3517 1975 Perﬁciant
3569 1904 3632 1958 in

1973 1989 2148 2058 nobis,
2180 1992 2438 2058 Domine,
2456 2007 2795 2063 quaesumus,
2826 1998 2922 2048 tua
2952 2000 3298 2049 sacramenta
3326 1992 3467 2064 quod
3494 2008 3627 2047 con-

1971 2080 2173 2148 tinent,
2198 2084 2258 2135 ut
2287 2097 2410 2152 quae
2437 2081 2617 2154 specie
2644 2084 2906 2153 gerimus,
2934 2098 3122 2138 rerum
3150 2081 3381 2138 veritate
3425 2084 3624 2153 capia-

1968 2185 2112 2225 mus.
2165 2169 2427 2226 Postulat
2474 2171 2690 2243 quippe
2738 2171 3013 2227 sacerdos
3067 2176 3132 2226 ut
3161 2188 3373 2244 corpus
3402 2171 3620 2226 Christi

1967 2258 2120 2327 quod
2153 2258 2264 2313 sub
2295 2259 2487 2332 specie
2516 2260 2685 2333 panis
2703 2278 2768 2316 ac
2789 2261 2908 2316 vini
2941 2276 3098 2316 nunc
3126 2258 3620 2332 geritur,manife-

1966 2351 2058 2401 sta
2085 2346 2328 2415 visione,
2363 2349 2537 2403 sicuti
2571 2365 2772 2405 revera
2803 2356 2912 2419 est,
2944 2350 3298 2421 quandoque
3329 2348 3613 2419 capiatur.

1969 2434 2049 2490 De
2081 2452 2197 2507 qua
2227 2437 2449 2492 visione
2476 2438 2763 2493 Dominus
2815 2439 2874 2493 in
2923 2437 3238 2510 Evangelio
3287 2438 3617 2493 secundum

1967 2522 2253 2580 Joannem
2289 2542 2301 2579 :
2335 2529 2444 2594 Qui
2472 2526 2661 2595 diligit
2684 2544 2797 2600 me,
2829 2526 3088 2598 diligitur
3114 2543 3152 2581 a
3181 2528 3361 2581 Patre
3398 2543 3537 2594 meo,
3570 2534 3623 2582 et

1966 2629 2062 2684 ego
2091 2613 2326 2683 diligam
2358 2631 2505 2685 eum,
2537 2620 2587 2671 et
2619 2616 2985 2686 manifestabo
3018 2618 3070 2671 ei
3118 2617 3393 2687 meipsum
3440 2616 3618 2686 (Joan.

1967 2702 2103 2774 xxv).
2156 2703 2433 2766 Quamvis
2488 2720 2602 2758 non
2653 2704 3120 2776 improbabiliter
3170 2704 3411 2775 quidam
3444 2720 3622 2775 expo-

1968 2796 2111 2845 nant
2143 2791 2250 2846 hoc
2277 2792 2402 2848 loco
2434 2792 2629 2849 carnis
2661 2802 2712 2850 et
2745 2793 3054 2865 sanguinis
3084 2794 3390 2849 veritatem
3428 2792 3620 2865 ipsam

1966 2895 2162 2935 eorum
2211 2880 2587 2937 efﬁcientiam
2616 2882 2673 2937 id
2733 2887 2822 2938 est
2886 2886 3256 2954 peccatorum
3317 2881 3620 2938 remissio-

1966 2986 2122 3024 nem.

199 3067 432 3149 “mei”
468 3051 836 3149 398"???“
859 3052 936 3149 fld
971 3051 1566 3149 mandF‘E‘mdPTi‘et
1606 3048 1852 3149 sfmglﬁ'
1885 3060 1926 3127 C
1961 3080 2091 3131 CAP.
2146 3077 2429 3133 CXXXIII.
2484 3079 2733 3146 Qualiter
2790 3078 3219 3149 intelligendum
3268 3080 3364 3144 sit,
3419 3099 3445 3130 ε
3494 3078 3617 3134 Nisi

199 3154 333 3194 nem
366 3141 531 3196 daret
560 3140 631 3195 ad
663 3140 984 3195 bibendum
1015 3140 1383 3195 recedebant.
1415 3137 1588 3193 Solus
1620 3142 1852 3193 tantum

201 3228 403 3285 Petrus
437 3230 584 3285 dixit
616 3245 629 3284 :
670 3230 847 3284 Verba
878 3231 1009 3285 vitae
1036 3237 1258 3284 aeternae
1288 3228 1473 3295 habes,
1509 3231 1565 3283 et
1596 3243 1700 3298 ego
1732 3245 1766 3282 a
1796 3231 1853 3282 te

202 3318 498 3388 quomodo
521 3318 788 3374 recedam
819 3321 841 3373 Ρ
870 3319 1047 3391 (Joan.
1072 3317 1173 3388 vr.)
1196 3316 1276 3371 Ne
1305 3316 1489 3389 igitur
1511 3316 1709 3387 plures
1743 3315 1851 3371 hoc

201 3406 483 3473 dicerent,
516 3411 574 3463 et
603 3423 675 3462 ne
704 3406 881 3462 veluti
913 3408 1155 3479 quidam
1189 3411 1340 3461 esset
1370 3406 1577 3460 horror
1613 3405 1847 3473 erroris,

202 3496 302 3549 sed
334 3500 597 3552 maneret
629 3497 816 3568 gratia
841 3494 1455 3567 Redemptionis,ideo
1487 3494 1543 3547 in
1577 3492 1853 3548 similitu-

203 3583 402 3639 dinem
436 3584 655 3656 accipis
688 3584 1266 3641 sacramentum.Sed
1299 3599 1445 3637 vera:
1474 3586 1696 3637 naturae
1727 3580 1847 3653 glo-

203 3672 350 3728 riam
384 3674 779 3746 virtutemque
825 3672 1225 3745 consequeris.
1278 3676 1388 3743 Ego
1436 3688 1582 3741 sum,
1635 3670 1847 3741 inquit,

197 3764 359 3835 panis
390 3767 486 3836 qui
513 3766 578 3821 de
607 3766 735 3822 caelo
766 3764 1020 3821 descendi
1049 3763 1254 3836 (ibid).

790 3879 920 3935 CAP.
958 3878 1252 3935 CXXVIII.

444 3972 595 4040 Aug.
628 3968 688 4024 in
721 3968 822 4024 lib.
857 3968 1274 4024 Sententiarum
1301 3965 1592 4038 Prosperi.

268 4066 326 4122 Si
359 4066 573 4138 quaeris
599 4067 837 4121 modum
862 4083 977 4138 quo
1008 4065 1065 4121 id
1102 4064 1222 4120 fieri
1256 4067 1472 4135 potest,
1496 4063 1746 4121 breviter
1775 4067 1846 4121 ad

194 4172 452 4227 praesens
482 4156 805 4227 respondeo
839 4172 852 4210 :
888 4154 1228 4226 Mysterium
1262 4153 1395 4208 fidei
1423 4152 1576 4207 credi
1602 4152 1851 4209 salubri-

194 4249 281 4299 ter
310 4248 519 4315 potest,
555 4243 893 4315 investigari
926 4242 1149 4298 utiliter
1178 4260 1290 4298 non
1326 4246 1545 4316 potest.

196 4360 329 4415 CAP.
363 4360 590 4415 CXXIX.
631 4359 883 4415 Visibiles
913 4363 1187 4416 creaturaD
1217 4362 1275 4414 in
1310 4360 1516 4414 Christi
1545 4376 1751 4431 corpus
1798 4361 1849 4412 et

440 4432 776 4505 sanguinem
805 4432 1167 4487 invisibiliter
1195 4436 1600 4487 convertuntur.

698 4520 989 4576 Eusebius
1018 4520 1349 4575 Emisenus.

272 4620 375 4691 (De
406 4624 675 4676 Consecr.
711 4619 847 4674 dist.
881 4622 935 4689 2,
971 4636 1020 4674 c.
1058 4620 1195 4686 Quia
1224 4635 1417 4690 corpus
1443 4622 1469 4687 §
1499 4620 1851 4690 Invisibilis.)

202 4710 519 4766 Invisibilis
589 4710 862 4765 sacerdos
926 4707 1190 4762 visibiles
1248 4712 1547 4763 creaturas
1602 4709 1661 4763 in
1716 4711 1849 4764 sub-

201 4800 471 4855 stantiam
527 4798 786 4870 corporis
838 4802 895 4852 et
931 4796 1241 4868 sanguinis
1273 4796 1383 4862 sui,
1418 4798 1591 4852 verbo
1623 4814 1728 4853 suo
1759 4815 1849 4853 se-

201 4894 359 4944 creta
392 4892 677 4959 potestate
709 4903 817 4941 sua
849 4885 1152 4955 convertit,
1188 4885 1387 4940 dicens
1428 4884 1505 4939 ita
1538 4902 1550 4940 :
1584 4886 1848 4956 Accipite,

200 4979 301 5034 hoc
331 4985 412 5033 est
444 4992 643 5048 corpus
670 4992 853 5031 meum
903 4975 1127 5047 (Matth.
1178 4978 1350 5046 xxvx).
1398 4975 1461 5029 Et
1516 4976 1847 5031 sanctiﬁca-

196 5070 351 5123 tione
396 5066 641 5137 repetita
676 5083 688 5120 :
741 5066 1003 5135 Accipite,
1053 5069 1104 5119 el
1148 5065 1355 5132 bibite;
1391 5064 1492 5119 hoc
1520 5069 1597 5121 est
1626 5067 1851 5136 sanguis

196 5175 351 5212 meus
385 5156 587 5227 (ibid).
614 5155 761 5228 Ergo
795 5155 947 5209 sicut
978 5154 1048 5208 ad
1082 5158 1296 5208 nutum
1328 5154 1719 5226 prazcipientis
1750 5154 1849 5209 Dei

197 5252 434 5316 repente
484 5262 552 5300 ex
611 5243 793 5299 nihilo
851 5241 1244 5298 substiterunt
1298 5242 1525 5297 excelsa
1584 5242 1849 5313 polorum

206 5335 496 5407 profunda
528 5333 837 5399 ﬂuctuum,
871 5337 1038 5387 vasta
1069 5336 1379 5400 terrarum,
1417 5330 1542 5403 pari
1591 5332 1852 5401 potentia

207 5422 616 5493 Spiritualibus
640 5419 1150 5489 sacramentis,ubi
1177 5420 1450 5490 prmcepit
1467 5420 1855 5488 virtus,servit

206 5513 467 5567 etl‘ectus.

2035 3150 2157 3220 quis
2205 3150 2627 3204 manducaverit
2674 3167 2899 3206 carnem
2944 3151 3082 3205 Filii
3112 3149 3357 3205 hominis
3383 3158 3434 3206 et
3465 3150 3619 3205 bibe-

2034 3222 2129 3286 rit,
2167 3241 2194 3268 »
2225 3221 2326 3275 Vel
2378 3223 2463 3276 sic
2515 3238 2528 3277 :
2577 3227 2698 3279 Non
2749 3223 3057 3277 carnaliter
3101 3222 3194 3277 sed
3240 3221 3620 3293 spiritualiter

2032 3308 2224 3363 corpus
2252 3301 2306 3347 et
2334 3295 2661 3363 sanguinem
2690 3293 2894 3349 Christi
2922 3295 3177 3349 debemus
3208 3293 3472 3365 accipere.

2493 3383 2665 3451 Aug,
2697 3384 2756 3436 in
2785 3383 2927 3452 psal.
2962 3399 3071 3435 LIV.

2030 3473 2130 3536 (De
2162 3470 2460 3539 Consecr.,
2495 3470 2635 3525 dist.
2670 3471 2723 3538 2,
2757 3485 2806 3524 c.
2841 3471 3085 3537 Prima.)
3131 3469 3343 3539 Prima,
3392 3469 3606 3540 inquit,

1960 3558 2199 3613 hieresis
2232 3558 2288 3612 in
2325 3558 2635 3629 discipulis
2659 3558 2874 3615 Christi
2906 3557 3064 3613 velut
3094 3575 3127 3613 a
3156 3557 3370 3613 duritia
3398 3572 3615 3613 sermo-

1956 3646 2051 3702 nis
2082 3647 2209 3717 ejus
2244 3647 2394 3702 facta
2425 3651 2534 3702 est.
2581 3650 2723 3701 Cum
2776 3646 2933 3701 enim
2988 3648 3210 3702 diceret
3260 3662 3272 3701 :
3322 3645 3444 3702 Nisi
3493 3648 3618 3717 quis

1958 3735 2374 3791 manducauerit
2419 3752 2647 3791 carnem
2692 3752 2872 3791 meam
2920 3743 2971 3792 et
3027 3735 3230 3792 biberit
3286 3737 3620 3808 sanguinem

1956 3841 2159 3889 meum,
2187 3842 2295 3880 non
2318 3825 2538 3881 habebit
2560 3825 2730 3881 vitam
2750 3829 3026 3882 .rternam
3049 3824 3226 3897 (Joan.
3251 3824 3349 3895 Iv).
3375 3823 3463 3880 Illi
3497 3842 3613 3880 non

1956 3912 2379 3984 intelligentes,
2410 3914 2685 3969 dixerunt
2718 3930 2731 3968 :
2767 3915 2947 3969 Durus
2982 3921 3059 3969 est
3107 3915 3198 3969 hic
3228 3928 3428 3968 sermo.
3473 3912 3607 3980 Quis

1956 4006 2133 4072 potest
2163 4018 2288 4057 eum
2319 4002 2558 4057 audire?
2586 4002 2777 4073 (Ibid.)
2811 4003 3098 4071 Dicentes,
3149 4002 3334 4056 durus
3384 4004 3475 4055 est
3520 3999 3616 4055 hic

1957 4106 2173 4157 sermo,
2225 4096 2646 4161 separaverunt
2693 4106 2753 4144 se
2806 4091 2877 4145 ab
2926 4090 3026 4146 illo
3078 4094 3134 4145 et
3164 4088 3449 4145 remansit
3480 4105 3613 4144 cum

1956 4179 2286 4234 duodecim.
2322 4178 2773 4234 Discedentibus
2823 4179 2942 4234 illis
2995 4179 3277 4234 instruxit
3327 4177 3463 4233 illos
3514 4177 3614 4250 qui

1959 4274 2381 4323 remanserant.
2416 4268 2665 4336 Spiritus
2693 4277 2794 4337 est,
2826 4267 3041 4338 inquit,
3072 4268 3170 4339 qui
3198 4266 3458 4337 viviﬁcat,
3479 4282 3613 4323 caro

1958 4356 2105 4409 nihil
2134 4355 2376 4426 prodest.
2408 4356 2583 4411 Verba
2615 4371 2740 4428 quae
2770 4357 2978 4410 locutus
3006 4372 3128 4410 sum
3154 4355 3223 4409 ad
3252 4371 3363 4425 vos,
3385 4354 3615 4426 spiritus

1880 4432 1925 4495 D
1956 4453 2006 4499 et
2038 4444 2152 4499 vita
2182 4449 2331 4499 sunt.
2368 4444 2744 4500 Intellexistis
2788 4444 3217 4515 spiritualiter?
3258 4443 3505 4514 spiritus
3553 4448 3611 4500 et

1961 4533 2079 4587 vita
2110 4538 2252 4587 sunt
2281 4532 2483 4604 (ibid).
2521 4532 2894 4587 Intellexistis
2922 4531 3281 4587 carnaliter?
3308 4532 3495 4587 Etiam
3528 4532 3613 4588 sic

1960 4621 2323 4692 illaspiritus
2341 4625 2397 4675 et
2417 4621 2532 4675 vita
2551 4624 2710 4686 sunt,
2745 4620 2848 4675 sed
2868 4620 2974 4675 tibi
2996 4637 3110 4675 non
3131 4625 3269 4675 sunt
3285 4622 3529 4693 spiritus
3552 4626 3609 4677 et

1961 4710 2095 4776 vita,
2127 4710 2225 4782 qui
2260 4710 2651 4781 spiritualiter
2698 4726 2813 4764 non
2865 4708 3159 4781 intelligis.
3212 4710 3610 4782 Spiritualiter

1962 4798 2285 4870 intelligere
2314 4816 2439 4870 quis
2470 4797 2704 4853 locutus
2735 4815 2890 4867 sum,
2924 4814 3041 4853 non
3076 4798 3183 4854 hoc
3216 4816 3428 4871 corpus
3454 4800 3609 4871 quod

1959 4888 2172 4943 videtis
2207 4889 2616 4943 manducaturi
2649 4887 2880 4953 estis,et
2908 4888 3149 4943 bibituri
3179 4888 3339 4944 illum
3374 4889 3612 4959 sangui-

1963 4993 2094 5032 nem
2129 4993 2300 5047 quem
2329 4977 2570 5032 eITusuri
2621 4982 2762 5032 sunt
2812 4977 2895 5031 illi
2946 4979 3048 5049 qui
3102 4994 3192 5032 me
3243 4977 3604 5048 crucifigent.

1962 5067 2406 5122 Sacramentum
2432 5066 2667 5137 aliquod
2692 5067 2859 5122 vobis
2887 5065 3315 5137 commendavi,
3335 5065 3614 5136 spiritua-

1960 5153 2099 5208 liter
2128 5153 2490 5209 intellectum
2527 5154 2777 5209 viviﬁcat
2809 5172 2929 5210 vos.
2968 5154 3105 5209 Caro
3130 5163 3315 5209 autem
3343 5170 3453 5208 non
3479 5170 3613 5224 pro-

1961 5244 2079 5299 dest
2110 5243 2405 5315 quidquam
2437 5244 2641 5314 (ibid.),
2685 5244 2784 5298 sed
2838 5243 3129 5313 quomodo
3178 5242 3259 5297 illi
3311 5240 3614 5297 intellexe—

1964 5338 2104 5387 runt
2153 5333 2235 5388 sic
2285 5334 2748 5404 responderunt;
2802 5346 3035 5386 carnem
3071 5331 3285 5402 quippe
3319 5331 3404 5385 sic
3436 5330 3612 5386 intel-

1966 5421 2414 5490 lexerunt,sicut
2441 5421 2493 5475 in
2529 5422 2807 5476 cadavere
2838 5419 3244 5488 venditur,aut
3276 5418 3334 5473 in
3368 5420 3615 5474 macello

1967 5509 2307 5566 dilaniatur.
2340 5511 2542 5565 Sciens
2568 5513 2766 5564 autem
2796 5508 2972 5563 Jesus
3005 5507 3085 5563 ait
3118 5524 3129 5563 :
3168 5512 3284 5564 [loc
3318 5524 3411 5564 vos
3458 5525 3614 5565 scan-
