3938 6074
404 255 428 308 1
437 251 542 306 075

1485 247 1551 298 D.
1594 245 1839 300 IVONIS
1875 243 2370 298 CARNOTENSIS
2407 244 2728 298 EPISCOPI

3691 242 3844 297 1076

399 375 799 447 dalizat,quod
832 373 950 428 dixi
974 389 986 428 :
1008 373 1089 428 Do
1111 372 1275 428 vobis
1305 386 1540 426 carnem
1573 385 1766 424 meam
1800 368 2048 422 mandu-
2078 367 2134 434 Α
2163 371 2220 420 et
2250 365 2651 432 homine,cum
2684 367 2809 440 ipse
2840 366 3107 424 Christus
3135 383 3308 424 verus
3339 368 3416 424 sit
3443 369 3603 425 Deus
3636 373 3702 425 et
3737 387 3838 425 ve-

403 470 618 533 care,et
637 463 987 535 sanguinem
1014 477 1207 516 meum
1230 459 1524 515 hibere?Si
1542 475 1670 530 ergo
1690 458 1942 514 videritis
1963 457 2048 511 Fi-

405 557 541 612 liam
576 555 813 610 hominis
845 549 1221 606 ascendentem
1254 549 1352 604 ubi
1383 552 1504 604 erat
1526 550 1685 620 prius
1711 548 1894 618 (Joan.
1928 545 2048 616 1v.).

406 644 553 710 Quid
586 641 852 696 esthoc?
880 639 1024 694 Hinc
1055 636 1225 694 solvit
1257 637 1412 710 quod
1443 637 1576 691 illos
1605 639 1882 702 moverat,
1916 634 2054 690 hinc

408 733 640 806 aperuit
667 732 819 786 unde
852 730 1082 784 fuerant
1110 725 1514 782 scandalizati.
1547 726 1613 781 Hi
1649 725 1822 798 plane
1863 724 1912 780 si
1962 723 2050 777 in-

409 818 850 893 telligerenl;illi
882 824 1079 873 autem
1114 818 1402 888 putabant
1431 819 1810 888 erogaturum
1840 831 2053 886 corpus

411 927 609 966 suum.
645 908 745 963 Ille
776 907 918 962 dixit
948 924 1010 961 se
1049 922 1434 961 escensurum
1484 905 1544 960 in
1593 903 1801 960 cmlum
1853 902 2055 974 utique

410 1003 726 1070 integrum.
758 1001 900 1052 Cum
923 993 1188 1050 videritis
1218 994 1426 1049 Filium
1451 993 1712 1049 hominis
1735 994 2052 1048 ascenden-

410 1095 526 1144 tem
554 1087 651 1142 ubi
678 1089 802 1142 erat
824 1085 1171 1157 prius,certe
1195 1084 1282 1140 vel
1305 1089 1442 1140 tunc
1466 1083 1738 1139 videbitis
1770 1083 1909 1154 quia
1940 1099 2053 1136 non

412 1195 477 1233 eo
509 1178 682 1231 modo
712 1191 827 1246 quo
862 1173 1077 1246 putatis
1109 1177 1310 1245 erogat
1340 1189 1552 1245 corpus
1583 1172 1885 1240 suum,vel
1917 1176 2058 1227 tunc

410 1264 750 1336 intelligetis
782 1263 922 1336 quia
953 1264 1139 1335 gratia
1170 1264 1298 1333 ejus
1321 1280 1434 1318 non
1459 1263 1826 1318 consumitur
1856 1261 2061 1318 morsi-

415 1358 559 1422 bus;
596 1357 733 1409 item
771 1371 782 1408 :
820 1358 1005 1407 Donec
1049 1351 1326 1407 saeculum
1377 1353 1631 1423 ﬁniatur,
1685 1369 1920 1408 sursum
1971 1354 2062 1406 est

413 1443 829 1512 Dominus,sed
865 1446 1057 1506 tamen
1087 1441 1221 1496 hinc
1249 1443 1428 1497 etiam
1460 1441 1766 1497 nobiscum
1800 1442 1889 1496 est
1917 1440 2061 1496 veri-

415 1538 506 1589 tas
540 1531 1018 1602 Domini.Corpus
1049 1530 1205 1585 enim
1238 1527 1297 1584 in
1331 1547 1446 1601 quo
1478 1531 1793 1586 resurrexit
1836 1532 1894 1584 in
1945 1546 2061 1585 uno

416 1621 544 1677 loco
576 1637 702 1676 esse
725 1622 972 1691 oportet,
995 1619 1209 1674 veritas
1233 1623 1428 1675 autem
1448 1622 1577 1691 ejus
1598 1621 1818 1692 ubique
1850 1622 2065 1678 ditiusa

417 1713 525 1767 est.

420 1810 553 1866 CAP.
588 1807 864 1862 CXXXIV.
887 1807 1165 1880 Quomodo
1190 1806 1396 1862 Christi
1423 1823 1620 1876 corpus
1650 1808 1790 1880 quod
1818 1811 1878 1864 in
1908 1826 2065 1865 cruce

683 1879 962 1951 pependit,
995 1879 1263 1949 accipitur
1289 1887 1342 1934 et
1373 1879 1795 1949 quomodonam

875 1971 1046 2038 Aug,
1077 1983 1172 2038 ep.
1203 1968 1273 2022 ad
1307 1969 1611 2023 Irenaeum.

486 2055 590 2126 (De
621 2059 912 2121 Consecr.,
945 2057 1082 2111 dist.
1105 2057 1160 2123 2,
1181 2072 1231 2111 c.
1256 2055 1372 2112 Non
1403 2055 1501 2113 hoc
1527 2058 1766 2130 corpus.)
1795 2057 1920 2114 Non
1957 2057 2065 2116 hoc

416 2161 628 2217 corpus
660 2145 816 2217 quod
849 2145 1059 2200 videtis
1090 2147 1499 2202 manducaturi
1530 2148 1692 2217 estis,
1726 2154 1781 2203 et
1821 2147 2062 2204 bibituri

413 2233 580 2288 illum
615 2233 962 2305 sanguinem
996 2251 1170 2307 quem
1206 2235 1392 2290 fusuri
1423 2235 1664 2292 suntilli
1690 2235 1790 2308 qui
1817 2255 1906 2293 me
1932 2255 2062 2294 cru-

413 2323 874 2394 ciﬁgent,ipsum
899 2323 1136 2394 quidem
1163 2327 1218 2378 et
1239 2340 1351 2378 non
1376 2324 1802 2396 ipsum.Ipsum
1827 2327 2062 2399 quidem

412 2409 803 2476 invisibiliter,
841 2427 952 2466 non
985 2413 1181 2483 ipsum
1210 2411 1538 2468 visibiliter.
1572 2413 1736 2470 Unde
1767 2414 2062 2472 subditur:

411 2499 469 2555 Si
503 2516 741 2556 necesse
773 2503 863 2554 est
905 2499 1048 2554 illud
1099 2500 1409 2556 visibiliter
1461 2501 1776 2573 celebrari;
1829 2520 2065 2562 necesse

411 2600 499 2644 est
527 2593 727 2644 tamen
761 2588 1138 2644 invisibiliter
1166 2588 1442 2662 intelligi.

411 2701 547 2762 CAP.
602 2703 865 2762 CXXXV.
919 2705 1069 2773 Quid
1115 2706 1184 2760 sit
1231 2718 1429 2774 corpus
1479 2707 1688 2762 Christi
1728 2709 2064 2766 manducare

843 2780 897 2830 et
926 2777 1260 2847 sanguinem
1287 2778 1403 2842 eius
1435 2777 1634 2834 bibere.

760 2866 932 2936 Aug,
968 2881 1142 2920 serm.
1177 2865 1246 2921 de
1274 2865 1466 2922 verbis
1499 2867 1713 2940 Evang.

486 2953 584 3023 (De
614 2953 908 3020 Consecr.,
942 2954 1080 3009 dist.
1111 2955 1167 3022 2,
1201 2971 1250 3009 c.
1279 2955 1429 3026 Quid
1457 2957 1578 3028 est.)
1608 2957 1756 3020 Quid
1791 2963 1880 3014 est
1908 2957 2064 3014 Chri-

413 3045 572 3098 stum
608 3043 1004 3097 manducare?
1043 3043 1166 3098 Non
1217 3043 1326 3099 hoc
1375 3051 1464 3100 est
1511 3045 1703 3101 solum
1755 3047 1815 3102 in
1867 3065 2061 3104 sacra-

415 3135 612 3185 mento
663 3147 876 3202 corpus
924 3132 1050 3199 ejus
1100 3132 1382 3203 accipere.
1433 3133 1601 3189 Multi
1630 3135 1786 3190 enim
1819 3136 2058 3209 indigne

417 3217 734 3289 accipiunt,
768 3219 838 3273 de
868 3219 1080 3290 quibus
1113 3221 1192 3274 ait
1220 3221 1532 3291 Apostolus
1569 3239 1580 3278 :
1618 3222 1724 3292 Qui
1768 3227 2063 3282 manducet

413 3315 462 3362 et
485 3308 622 3362 bibit
642 3306 866 3362 calicem
898 3309 1119 3363 Domini
1149 3308 1371 3380 indigne
1398 3310 1672 3380 judicium
1699 3315 1807 3368 sibi
1836 3316 2066 3371 mandu-

413 3405 492 3451 cet
523 3401 574 3450 et
606 3397 741 3451 bibit
769 3399 815 3465 (1
847 3398 970 3451 Cor.
1004 3399 1085 3468 II).
1117 3399 1224 3453 Sed
1273 3401 1565 3470 quomodo
1615 3403 2064 3462 manducandus

419 3490 509 3540 est
538 3485 847 3540 Christus?
879 3487 1178 3551 Quomodo
1209 3488 1332 3560 ipse
1363 3488 1506 3544 dicit
1555 3506 1569 3544 :
1623 3492 1727 3559 Qui
1773 3494 2067 3551 mandueat

422 3591 646 3629 carnem
675 3591 884 3644 meam,
915 3583 965 3630 et
993 3576 1128 3631 bibit
1156 3580 1482 3648 sanguinem
1511 3595 1716 3648 meum,
1749 3583 1810 3636 in
1839 3599 1926 3638 me
1954 3602 2069 3640 ma-

422 3671 513 3718 net
537 3667 587 3717 et
612 3679 710 3730 ego
735 3664 792 3718 in
823 3679 882 3718 eo
913 3664 1095 3735 (Joan.
1131 3668 1216 3734 v);
1253 3671 1395 3722 tunc
1426 3669 1576 3724 bibit
1621 3674 1679 3725 et
1725 3675 2065 3731 manducet.

421 3751 528 3814 Qui
561 3755 757 3806 autem
792 3768 904 3807 non
939 3754 998 3808 in
1033 3770 1122 3809 me
1154 3761 1374 3825 manet,
1406 3773 1510 3813 nec
1541 3774 1646 3830 ego
1687 3760 1746 3815 in
1780 3761 1900 3832 illo,
1933 3770 1990 3820 et
2018 3764 2068 3820 si

419 3840 636 3911 accipit
666 3847 1126 3912 sacramentum,
1172 3845 1423 3915 acquirit
1473 3862 1755 3919 magnum
1807 3855 2070 3909 tormen-

419 3933 565 3983 tum.

415 4025 549 4082 CAP.
585 4026 856 4084 CXXXVI.
889 4027 1120 4084 Credere
1164 4031 1225 4084 in
1274 4030 1556 4087 Christum
1605 4039 1684 4090 est
1731 4037 2070 4096 manducare

941 4109 992 4156 et
1023 4101 1204 4156 bibere
1236 4101 1542 4158 Christum.

727 4193 904 4260 Aug,
936 4187 1038 4245 lib.
1071 4191 1145 4246 De
1170 4194 1523 4262 paenitentia
1552 4195 1752 4250 remed.

489 4276 703 4348 thuid
731 4295 901 4349 paras
933 4280 1164 4335 dentem
1195 4285 1252 4335 et
1280 4283 1585 4338 ventrem?
1614 4286 1792 4341 Crede
1821 4294 1877 4342 et
1911 4304 2070 4343 man-

418 4365 671 4419 ducasti.
707 4367 949 4423 Credere
979 4369 1134 4423 enim
1166 4370 1225 4424 in
1259 4387 1416 4440 eum,
1451 4372 1560 4428 hoc
1591 4379 1679 4429 est
1710 4378 2067 4435 manducare

419 4469 629 4523 panem
681 4458 737 4509 et
782 4454 1015 4526 vinum;
1070 4458 1168 4528 qui
1223 4459 1408 4514 credit
1457 4459 1514 4515 in
1564 4477 1698 4518 eum
1754 4467 2146 4539 manducatD

421 4556 574 4594 eum.

498 4638 633 4694 Car.
669 4641 976 4698 CXXXVII.
1010 4645 1430 4703 Sacramentum
1460 4659 1512 4704 et
1539 4667 1625 4706 res
1648 4657 1985 4711 sacramenti

899 4715 1237 4786 sacri/icium
1264 4720 1582 4789 perficiunt.

648 4801 795 4872 Aug.
830 4802 888 4856 in
919 4802 1067 4858 libro
1100 4805 1510 4865 Sententiarum
1548 4812 1834 4884 Prosperi.

484 4887 586 4975 (De
611 4891 905 4957 Consecr.,
939 4890 1078 4946 dist.
1113 4893 1165 4961 2,
1200 4911 1250 4950 c.
1284 4901 1404 4953 Hoc
1433 4902 1555 4968 est.)
1607 4903 1723 4956 Hoc
1770 4906 1860 4958 est
1908 4905 2063 4975 quod

412 4973 851 5048 dicimus,quod
886 4977 1076 5034 modis
1107 4982 1382 5039 omnibus
1412 4985 1739 5056 approbare
1769 4973 2067 5046 contendi-

410 5080 567 5130 mus,
600 5065 956 5121 sacriﬁcium
991 5067 1256 5124 Ecclesiae
1306 5072 1536 5129 duobus
1590 5075 1797 5132 conﬁci
1849 5081 2061 5152 modis,

407 5154 639 5210 duobus
671 5160 937 5212 constare
968 5156 1182 5213 visibili
1213 5158 1637 5218 elementorum
1668 5166 1946 5237 specie,et
1975 5169 2062 5224 in-

406 5243 624 5297 visibili
643 5242 873 5299 Domini
891 5246 1075 5300 nostri
1094 5249 1228 5302 Jesu
1247 5247 1460 5304 Christi
1477 5267 1646 5307 carne
1667 5259 1723 5308 et
1749 5256 2058 5329 sanguine,

407 5337 776 5388 sacramento
795 5339 851 5390 et
869 5353 928 5390 re
943 5337 1318 5405 sacramenti,
1352 5337 1408 5393 id
1433 5345 1523 5395 est
1543 5357 1782 5414 corpore
1804 5344 2054 5416 Christi;

408 5419 561 5475 sicut
594 5422 806 5479 Christi
834 5441 1084 5495 persona
1115 5431 1344 5484 constat
1374 5434 1432 5484 et
1471 5429 1779 5487 conﬁcitur
1825 5450 1893 5489 ex
1942 5435 2057 5495 Deo

2163 471 2264 511 rus
2285 455 2461 512 homo
2483 457 2622 528 quia
2643 457 2834 513 omnis
2855 474 2952 514 res
2971 456 3206 514 illarum
3231 473 3426 513 rerum
3453 463 3745 514 naturam
3783 466 3840 514 et

2162 546 2464 601 veritatem
2496 547 2554 601 in
2589 562 2651 602 se
2679 548 2944 603 continet
2963 563 3033 602 ex
3062 548 3277 618 quibus
3305 547 3646 606 conﬁcitur.
3677 549 3840 604 Con-

2163 634 2356 689 ﬁcitur
2388 640 2580 691 autem
2615 633 2974 692 sacriﬁcium
3004 637 3274 694 Ecclesia;
3305 638 3562 706 duobus,
3621 654 3834 694 sacra-

2165 727 2361 779 mento
2391 730 2448 780 et
2476 741 2537 780 re
2567 726 2944 795 sacramenti,
2966 725 3024 781 id
3057 729 3149 782 est
3177 742 3420 798 corpore
3448 727 3702 784 Christi.
3729 730 3837 783 Est

2163 812 2344 884 igitur
2361 818 2797 870 sacramentum
2819 819 2876 870 et
2897 831 2991 872 res
3011 815 3370 872 sacramenti
3401 832 3623 888 corpus
3656 817 3834 872 Chri-

2164 901 2260 958 sti.
2293 903 2437 957 Item
2469 921 2482 958 :
2516 902 2657 959 Caro
2688 904 2818 974 ejus
2848 909 2958 973 est,
2990 921 3165 974 quam
3198 905 3382 961 forma
3428 907 3608 976 panis
3654 922 3836 977 oper-

2164 993 2366 1046 tamin
2389 997 2758 1048 sacramento
2780 993 3191 1065 accipimus,et
3210 994 3453 1066 sanguis
3474 995 3610 1065 ejus
3645 1011 3834 1066 quem

2166 1081 2278 1135 sub
2307 1081 2426 1136 vini
2459 1081 2653 1152 specie
2683 1098 2750 1137 ac
2780 1098 2988 1154 sapore
3018 1087 3313 1154 potamus,
3357 1099 3492 1139 caro
3543 1083 3836 1140 videlicet

2167 1168 2381 1237 carnis,
2402 1174 2458 1225 et
2478 1171 2722 1243 sanguis
2745 1167 3181 1227 sacramentum
3204 1172 3750 1244 sanguinis.Carne
3781 1180 3837 1229 et

2168 1259 2455 1332 sanguine
2487 1264 2737 1332 utroque
2761 1260 3064 1326 invisibili,
3098 1260 3479 1334 intelligibili,
3522 1261 3832 1334 spirituali

2169 1349 2542 1421 signiﬁcatur
2561 1366 2775 1422 corpus
2790 1349 3022 1406 visibile
3037 1350 3269 1406 Domini
3287 1352 3470 1407 nostri
3487 1351 3638 1407 Jesu
3663 1353 3832 1406 Chri-

2171 1439 2268 1504 sti,
2301 1438 2616 1510 palpabile,
2649 1438 2884 1510 plenum
2918 1439 3108 1511 gratia
3135 1439 3397 1496 omnium
3429 1440 3730 1496 virtutum
3779 1449 3834 1496 et

2171 1527 2370 1583 divina
2413 1529 2738 1599 majestate.
2773 1529 2914 1583 Item
2948 1543 2962 1583 :
2999 1527 3162 1584 Sicut
3193 1544 3329 1600 ergo
3359 1528 3625 1586 caelestis
3659 1529 3832 1602 panis

2174 1617 2271 1690 qui
2291 1633 2424 1672 vere
2447 1616 2660 1672 Christi
2691 1633 2825 1673 caro
2856 1621 2964 1686 est,
2998 1633 3104 1673 suo
3132 1617 3304 1673 modo
3333 1623 3577 1674 vocatur
3611 1635 3830 1691 corpus

2097 1741 2142 1804 Β
2175 1707 2410 1772 Christi,
2429 1723 2564 1762 cum
2588 1723 2786 1762 revera
2810 1706 2884 1762 sit
2907 1711 3343 1762 sacramentum
3365 1707 3640 1779 corporis
3670 1708 3832 1763 Chri-

2175 1797 2248 1851 sti
2282 1795 2442 1851 illius
2471 1795 2740 1851 videlicet
2771 1796 2924 1867 quod
2953 1794 3185 1851 visibile
3215 1795 3531 1866 palpabile,
3554 1795 3830 1862 mortale,

2175 1887 2233 1941 in
2265 1900 2434 1940 cruce
2465 1890 2554 1940 est
2585 1884 2866 1957 positum,
2898 1889 3256 1956 vocaturque
3286 1885 3417 1956 ipsa
3463 1887 3672 1941 carnis
3722 1887 3832 1940 im-

2176 1974 2436 2044 molatio,
2456 1991 2585 2045 qua:
2609 1974 2930 2029 sacerdotis
2954 1973 3227 2028 manibus
3251 1974 3335 2042 ﬁt,
3357 1973 3577 2029 Christi
3617 1976 3833 2046 passio,

2175 2080 2354 2133 mors,
2387 2063 2705 2133 cruciﬁxio,
2740 2079 2855 2118 non
2887 2063 2970 2118 rei
3002 2063 3265 2130 veritate,
3310 2063 3412 2119 sed
3464 2063 3836 2134 signiﬁcasti

2174 2153 2474 2226 mysterio,
2505 2152 2588 2207 sic
2620 2156 3057 2208 sacramentum
3097 2153 3233 2208 ﬁdei
3280 2153 3440 2224 quod
3493 2152 3832 2226 baptismus

2175 2241 2544 2314 intelligitur,
2579 2239 2723 2296 ﬁdes
2752 2243 2860 2296 est.

2175 2339 2312 2394 CAP.
2348 2337 2676 2411 CXXXVIII.
2712 2338 2861 2411 Quod
2890 2338 3067 2394 modis
3096 2355 3226 2394 caro
3282 2338 3488 2395 Christi
3538 2339 3832 2411 intelliga~

2247 2410 2462 2464 tur.Vel
2495 2409 2760 2478 siczQuod
2789 2425 2916 2466 caro
2949 2415 3000 2466 et
3030 2412 3261 2481 sanguis
3292 2411 3505 2468 Christi
3531 2409 3836 2487 dupliciter

2247 2481 2599 2537 intelligitur.

2245 2497 2599 2553 intemgttur.

2512 2571 2754 2628 Hieron.
2796 2572 2857 2626 in
2884 2573 2985 2641 Ep.
3014 2571 3084 2626 ad
3112 2571 3328 2643 Ephes.,
3361 2588 3412 2629 ο.
3447 2589 3487 2629 ι.

2244 2660 2348 2731 (De
2379 2660 2674 2730 Consecr.,
2708 2661 2847 2716 dist.
2877 2664 2935 2730 2,
2975 2676 3027 2716 c.
3076 2661 3496 2732 Multipliciter.)
3544 2661 3831 2734 Multipli-

2172 2749 2337 2815 citer,
2367 2749 2584 2822 inquit,
2617 2749 2967 2822 intelligitur
2997 2766 3130 2806 caro
3161 2751 3372 2807 Christi
3397 2755 3454 2807 et
3474 2753 3731 2824 sanguis
3752 2753 3831 2807 vel

2172 2839 2498 2911 spiritualis
2543 2839 2646 2894 illa
2683 2844 2860 2910 atque
2890 2839 3090 2895 divina
3119 2841 3190 2895 de
3220 2855 3338 2911 qua
3367 2840 3498 2912 ipse
3528 2841 3614 2897 ait
3647 2859 3662 2898 :
3696 2844 3831 2899 Caro

2174 2943 2300 2985 mea
2329 2945 2462 2984 vere
2493 2932 2584 2984 est
2614 2928 2866 2997 cibus,et
2894 2929 3141 3000 sanguis
3173 2945 3342 2985 meus
3371 2945 3506 2986 vere
3538 2936 3634 2987 est
3660 2936 3826 3003 potus

2167 3016 2353 3088 (Joan.
2387 3020 2500 3087 vi);
2548 3023 2606 3073 et
2637 3036 2651 3074 :
2684 3018 2805 3075 Nisi
2855 3019 3326 3074 manducaueritis
3368 3035 3608 3075 carnem
3658 3038 3832 3077 meum

2091 3105 2134 3172 C
2171 3111 2221 3166 el
2270 3107 2518 3163 bibentis
2563 3108 2898 3176 sanguinem
2941 3124 3148 3178 meum,
3201 3123 3311 3163 non
3343 3108 3624 3164 habebitis
3652 3116 3828 3165 vitam

2173 3201 2436 3252 aeternam
2480 3196 2686 3268 (ibid),
2720 3197 2807 3252 vel
2835 3213 2968 3252 caro
3001 3213 3132 3252 mea
3160 3214 3288 3268 qua
3320 3198 3605 3254 cruciﬁxa
3635 3205 3745 3271 est,
3777 3207 3825 3256 et

2174 3287 2416 3356 sanguis
2446 3286 2542 3357 qui
2579 3285 2783 3341 militis
2811 3286 3036 3342 eﬁ'usus
3067 3293 3157 3342 est
3188 3285 3408 3342 lancea.

2175 3386 2308 3444 CAP.
2341 3385 2619 3442 CXXXIX.
2655 3385 2803 3454 Quid
2830 3385 3106 3456 signiﬁcat
3135 3388 3335 3457 [raetio
3365 3387 3555 3442 hostiae
3594 3393 3649 3443 et
3694 3405 3813 3442 san-

2244 3458 2435 3528 guinis
2465 3459 2709 3529 potatio?
2753 3457 2853 3513 Vel
2903 3461 2988 3512 sic
3024 3473 3053 3531 A:
3099 3459 3248 3531 Dum;
3285 3458 3460 3514 hostia
3505 3462 3813 3531 frangitur,

2247 3532 2428 3602 passio
2460 3531 2666 3585 Christi
2695 3533 2768 3585 ad
2794 3529 3127 3585 memoriam
3155 3529 3462 3586 reducitur.

2416 3620 2563 3691 Aug.
2592 3619 2650 3674 in
2681 3619 2829 3674 libro
2861 3619 3269 3676 Sententiarum
3299 3619 3592 3692 Prosperi.

2249 3712 2354 3778 (De
2383 3713 2677 3776 Consecr.,
2726 3709 2862 3764 dist.
2915 3708 2972 3778 2,
3017 3725 3069 3764 ο.
3121 3709 3256 3764 Cum
3299 3710 3638 3783 frangitur.)
3683 3716 3816 3766 Cum

2181 3799 2472 3870 frangitur
2502 3798 2865 3865 hostia,dum
2899 3797 3144 3870 sanguis
3174 3799 3246 3854 de
3273 3797 3529 3854 calicein
3564 3815 3670 3854 ora
3699 3800 3820 3854 ﬁde-

2179 3886 2323 3941 lium
2354 3887 2638 3953 funditur,
2671 3886 2810 3958 quid
2843 3886 3001 3942 aliud
3034 3903 3214 3959 quam
3247 3887 3538 3942 Dominici
3569 3890 3820 3959 corporis

2179 3976 2236 4030 in
2261 3992 2434 4031 cruce
2456 3976 2779 4032 immolatio
2800 3976 3048 4049 ejusque
3069 3975 3378 4048 sanguinis
3399 3977 3469 4031 de
3491 3976 3676 4032 latere
3696 3977 3818 4032 εσυ-

2179 4065 2264 4120 sio
2295 4065 2670 4135 designatur?

2176 4162 2305 4219 ΟΑΡ.
2339 4162 2487 4217 CXL.
2523 4163 2702 4230 Quare
2729 4165 2837 4218 tres
2863 4164 3050 4230 partes

3095 4163 3238 4233 ﬁunt
3285 4178 3355 4219 ex
3399 4178 3629 4234 corpore
3676 4163 3816 4218 Chri-

2248 4236 2340 4290 sti.
2394 4233 2494 4289 Vel
2544 4234 2627 4289 sic
2675 4250 2688 4290 :

2744 4234 2884 4303 Quid
2911 4251 3042 4305 pars
3071 4235 3252 4290 oblata
3282 4234 3343 4290 in
3371 4234 3604 4290 calicem
3636 4239 3814 4300 missa,

2248 4304 2380 4380 quid
2405 4322 2534 4375 pars
2565 4309 2622 4360 in
2653 4309 2824 4361 altari
2849 4304 3103 4380 comesta,
3136 4306 3269 4380 quid
3298 4309 3465 4362 tertia
3493 4323 3628 4378 pars
3665 4322 3817 4378 usque

2247 4377 2317 4432 ad
2345 4379 2505 4449 ﬁnem
2535 4387 2816 4434 reservata
2845 4377 3146 4448 signiﬁcat.

2782 4467 3021 4538 Sergius
3048 4483 3218 4540 papa.

2247 4555 2350 4623 (De
2379 4559 2671 4621 Consecr.,
2705 4556 2844 4612 dist.
2878 4557 2934 4612 2.
2966 4572 3015 4612 ο.
3051 4556 3371 4628 Tri/orme.)
3401 4555 3697 4612 Triforme
3744 4561 3818 4612 est

2177 4661 2391 4716 corpus
2418 4645 2808 4717 Domini,pars
2832 4646 3030 4701 oblata
3048 4644 3108 4700 in
3136 4645 3378 4702 calicem
3402 4646 3594 4701 missa
3619 4662 3816 4718 corpus

2177 4732 2388 4788 Christi
2419 4734 2574 4804 quod
2602 4735 2726 4805 jam
2759 4735 3072 4791 resurrexit
3105 4739 3430 4803 monstrat;
3462 4751 3604 4804 pars
3637 4752 3816 4791 come-

2175 4833 2287 4887 sta,
2322 4822 2634 4880 ambulans
2663 4823 2855 4880 adhuc
2884 4840 3058 4896 super
3087 4829 3340 4888 terram;
3373 4840 3511 4896 pars
3543 4823 3606 4879 in
3665 4822 3812 4879 altari

2177 4928 2363 4983 usque
2388 4914 2459 4967 ad
2477 4914 2671 4969 missae
2690 4914 2864 4969 ﬁnem
2891 4913 3612 4986 remanens(l38),corpus
3628 4914 3814 4984 jaceus

2173 5000 2232 5055 in
2262 5001 2554 5074 sepulcro,
2587 5003 2724 5073 quia
2763 5019 2951 5074 usque
2999 5003 3057 5058 in
3106 5002 3283 5059 ﬁnem
3334 5000 3539 5058 seaculi
3588 5018 3815 5075 corpora

2173 5096 2512 5146 sanctorum
2543 5090 2604 5146 in
2637 5092 3132 5164 sepulcroﬁrunt.

2171 5187 2305 5244 CAP.
2340 5189 2519 5264 CXLI.
2552 5190 2745 5246 Carnis
2771 5195 2823 5246 et
2853 5191 3156 5264 sanguinis
3192 5191 3445 5246 eomestio
3491 5195 3550 5264 et
3599 5190 3812 5264 potatio,

2425 5262 2728 5319 Dominicw
2758 5261 3060 5319 mortis'est
3087 5261 3561 5318 commemoratio.

2453 5351 2724 5407 Ambros.
2760 5355 2814 5406 in
2850 5353 3019 5423 Epist.
3056 5351 3174 5408 [ad
3207 5350 3351 5418 Cor.,
3385 5367 3439 5404 c.
3475 5368 3536 5406 ν.

2236 5439 2339 5510 (De
2371 5439 2664 5507 Consecr.,
2699 5438 2834 5496 dist.
2867 5443 2924 5510 2,
2956 5457 3005 5499 c.
3041 5441 3182 5510 Quia
3214 5443 3429 5509 morte.)
3456 5438 3614 5504 Quia
3647 5445 3808 5496 morte

483 5562 630 5633 (438)
660 5563 828 5620 Nunc
855 5565 1016 5622 nulla
1042 5583 1176 5638 pars
1209 5569 1412 5627 hostica
1444 5573 1503 5628 in
1536 5571 1706 5629 altari
1739 5582 2003 5634 remanet
2033 5596 2220 5652 usque
2253 5583 2324 5639 ad
2359 5583 2558 5639 missas
2587 5582 2783 5638 finem.
