4000 6054
398 215 534 270 1079

1473 215 1538 266 D.
1584 209 1822 267 1V0le
1857 211 2355 268 CARNOTENSIS
2395 214 2720 268 EPISCOPI

3675 215 3701 264 1
3711 210 3833 265 080

391 337 822 395 commendatio
873 340 1251 392 memoratur.
1287 335 1429 390 Nam
1480 335 1792 390 intinctum
1828 351 2035 407 panem
2067 336 2122 404 Α
2154 353 2330 408 quam
2381 337 2700 410 puriﬁcari,
2735 340 2790 392 et
2840 337 2968 391 ideo
3018 335 3289 408 quamvis
3352 335 3484 406 quis
3536 341 3829 407 peccator

393 429 525 486 aliis
557 429 858 484 Christum
881 427 1204 498 prtebuisse
1231 442 1343 481 non
1369 426 1888 496 legimus,excepto
1913 430 2040 480 tan-

395 525 523 576 tum
555 517 642 573 illi
674 517 968 589 discipulo
1004 531 1177 587 quem
1228 515 1451 569 intacta
1480 514 1745 570 buccella
1776 514 2042 587 Magistri

397 609 736 664 traditorem
761 606 1236 671 ostenderet,non
1253 620 1379 675 quas
1394 605 1744 659 sacramenti
1763 603 2044 674 hujusin-

399 697 766 754 stitutionem
793 695 1072 765 signaret.
1107 693 1252 748 Nam
1271 693 1426 764 quod
1459 694 1530 748 de
1553 709 1825 764 expresso
1857 694 2044 763 botro,

400 786 458 842 id
491 790 581 843 est
602 786 673 841 de
695 800 937 840 uvarum
964 783 1160 853 granis
1181 782 1433 854 populus
1455 782 2048 849 communicat,valde

400 879 490 932 est
518 873 756 931 omnino
781 872 1118 940 contusum,
1153 872 1253 927 sed
1288 872 1335 926 si
1372 888 1607 927 necesse
1639 871 1811 928 fuerit
1843 872 2048 926 botrus

399 965 457 1020 in
490 963 667 1020 calice
697 963 1207 1033 comprimatur,et
1239 978 1392 1032 aqua
1417 961 1757 1025 misceatur,
1791 961 1925 1030 quia
1955 978 2048 1016 ca-

401 1052 478 1108 lix
512 1050 872 1115 Dominicus,
899 1051 1066 1120 juxta
1098 1067 1392 1105 canonum
1427 1055 1806 1122 praeceptum,
1829 1049 1964 1104 vino
1995 1053 2052 1104 et

399 1159 554 1213 aqua
572 1141 892 1213 permistus
916 1140 1086 1195 debet
1108 1141 1321 1208 otlerri,
1359 1140 1496 1211 quia
1519 1141 1785 1194 videmus
1809 1139 1865 1193 in
1899 1155 2052 1210 aqua

401 1229 685 1304 populum
720 1229 988 1300 intelligi,
1023 1229 1084 1284 in
1114 1229 1248 1284 vino
1274 1246 1406 1284 vero
1438 1229 1666 1284 ostendi
1699 1228 2049 1298 sanguinem

401 1318 637 1376 Christi.
664 1319 808 1389 Ergo
840 1334 971 1373 cum
1007 1317 1066 1372 in
1099 1317 1277 1373 calice
1309 1335 1463 1389 aqua
1492 1317 1626 1374 vino
1669 1317 2050 1389 commiscea-

403 1386 763 1476 tur,Christo
793 1407 1046 1479 populus
1073 1386 1385 1476 adunatur,
1419 1411 1475 1462 et
1495 1386 1859 1463 credentium
1892 1407 2054 1476 plebs

405 1497 458 1553 ei
489 1497 547 1552 in
581 1512 758 1568 quem
809 1497 993 1551 credit
1022 1495 1334 1567 copulatur
1363 1501 1418 1551 et
1443 1496 1739 1566 jungitur.
1792 1497 1925 1560 Quae
1959 1511 2053 1550 co-

409 1585 632 1659 pulatio
663 1590 721 1641 et
750 1585 1083 1656 conjunctio
1136 1601 1302 1656 aqua:
1333 1589 1392 1640 et
1418 1584 1536 1639 vini
1569 1585 1653 1639 sic
1686 1585 1965 1640 miscetur
1993 1584 2053 1638 in

410 1674 588 1730 calice
617 1674 871 1741 Domini,
905 1677 968 1729 ut
1000 1673 1197 1729 mistio
1229 1690 1342 1728 non
1379 1672 1562 1746 possit
1593 1673 1873 1746 separari.
1909 1673 2053 1730 Nam

411 1763 462 1820 si
487 1763 688 1819 vinum
712 1766 943 1818 tantum
960 1762 1095 1834 quis
1114 1762 1588 1832 offerat,sanguis
1612 1762 1826 1818 Christi
1853 1762 2057 1834 incipit

409 1869 539 1908 esse
568 1851 694 1908 sine
725 1853 916 1907 nobis.
949 1851 1006 1905 Si
1038 1867 1169 1906 vero
1199 1867 1355 1922 aqua
1385 1851 1462 1906 sit
1491 1851 1634 1922 sola,
1659 1851 1824 1923 plebs
1854 1851 2063 1924 incipit

409 1957 540 1997 esse
570 1940 698 1996 sine
728 1939 977 1996 Christo.
1011 1941 1161 2011 Ergo
1195 1941 1432 2012 quando
1464 1941 1667 1997 botrus
1699 1940 1860 1997 solus
1890 1941 2061 1997 otl'er-

409 2030 594 2098 tur,in
627 2045 740 2100 quo
771 2029 889 2084 vini
913 2033 1145 2084 tantum
1171 2029 1483 2086 efﬁcientia
1509 2031 2062 2101 demonstratur,sa-

410 2119 553 2175 Iutis
576 2122 784 2174 nostra;
807 2123 1241 2174 sacramentum
1267 2118 1603 2190 negligitur,
1626 2121 1783 2192 quod
1807 2137 1958 2192 aqua
1990 2120 2065 2177 si-

413 2207 884 2281 gniﬁcatur.Non
916 2207 1074 2263 enim
1108 2212 1299 2280 potest
1322 2207 1473 2263 calix
1505 2208 1733 2264 Domini
1763 2226 1892 2265 esse
1914 2227 2067 2281 aqua

416 2297 541 2354 sola
563 2297 882 2352 autvinum
905 2297 1121 2368 solum,
1156 2295 1270 2353 nisi
1296 2302 1616 2369 utrumque
1641 2298 1978 2368 misceatur,
2011 2303 2069 2354 et

415 2386 547 2442 ideo
565 2385 839 2458 quiajam
863 2401 932 2441 ex
954 2386 1060 2441 hoc
1084 2385 1338 2458 plurima
1363 2389 1419 2441 et
1449 2385 1755 2458 multiplex
1779 2388 2066 2458 majorum

419 2475 680 2530 manavit
707 2474 1306 2546 sententia,deinceps
1335 2474 1530 2530 omnis
1561 2475 1694 2530 talis
1711 2491 1872 2530 error
1900 2480 2069 2546 atque

417 2564 800 2636 praesumptio
822 2578 1053 2619 cessare
1083 2564 1355 2634 debet,ne
1389 2580 1795 2636 perversorum
1828 2569 1884 2620 et
1913 2565 2069 2621 inor-

418 2652 622 2708 dinata
673 2668 930 2724 propago
975 2656 1195 2707 statum
1249 2653 1513 2709 veritatis
1553 2658 1804 2709 enervet.
1841 2655 1909 2708 Et
1940 2654 2068 2709 ideo

418 2740 567 2796 nulli
596 2741 870 2812 deinceps
922 2741 1146 2796 licitum
1197 2743 1306 2797 erit
1336 2741 1494 2796 aliud
1547 2743 1606 2797 in
1638 2742 1852 2797 divinis
1885 2742 2070 2798 sacris

421 2829 628 2885 offerre
659 2828 772 2884 nisi
796 2831 967 2900 juxta
998 2830 1374 2900 antiquorum
1410 2832 1760 2887 sententiam
1793 2831 2070 2888 concilio-

422 2934 578 2987 rum,
610 2934 820 2990 panem
847 2922 1077 2973 tantum
1102 2923 1156 2973 et
1179 2918 1418 2974 calicem
1442 2920 1572 2974 vino
1593 2925 1650 2975 et
1676 2937 1827 2991 aqua
1849 2922 2071 2992 permi-

421 3007 690 3062 stum.De
721 3011 926 3063 caetero
958 3006 1127 3061 aliter
1152 3023 1327 3078 quam
1350 3011 1703 3080 praeceptum
1723 3010 2066 3077 estfaciens,

419 3094 628 3149 tandiu
661 3111 694 3150 a
737 3095 1118 3150 sacriﬁcando
1168 3095 1443 3166 cessabit,
1495 3098 1755 3169 quandiu
1805 3097 2069 3170 legitima
2100 3081 2142 3147 C

423 3183 780 3255 paenitentiae
811 3183 1214 3239 satisfactione
1245 3188 1562 3255 correctus,
1596 3187 1667 3240 ad
1715 3189 1933 3258 gradus
1977 3189 2069 3244 sui

425 3271 607 3328 ofﬁcii
639 3273 837 3328 redeat
866 3273 1018 3344 quod
1051 3273 1268 3330 amisit.

427 3388 562 3445 ΟΑΡ.
595 3389 858 3445 CXLVII.
909 3390 1016 3445 P10
1063 3388 1305 3464 inﬁrmis
1351 3389 1741 3446 eucharistiam
1788 3392 2072 3464 presbyter

869 3477 1085 3533 semper
1116 3462 1315 3517 habeat
1343 3466 1624 3534 paratam.

905 3554 1077 3606 Conc.
1112 3555 1423 3618 Wormat.,
1452 3569 1502 3607 c.
1533 3553 1587 3608 5.

495 3640 596 3710 (De
624 3641 895 3695 Consecr.
946 3639 1085 3694 dist.
1115 3640 1173 3706 2,
1203 3656 1252 3694 c.
1285 3640 1616 3712 Presbyter).
1651 3641 1723 3697 Ut
1772 3643 2071 3716 presbyter

422 3725 838 3802 eucharistiam
885 3742 1118 3798 semper
1166 3727 1376 3783 habeat
1420 3737 1702 3799 paratam,
1737 3736 1802 3786 ut
1833 3734 2068 3802 quando

421 3815 557 3888 quis
598 3814 933 3870 infirmatus
981 3814 1156 3870 fuerit
1185 3820 1285 3870 aut
1329 3817 1607 3887 parvulus
1639 3818 1909 3875 inﬁrmus
1941 3821 2068 3876 fue-

421 3905 517 3972 rit,
551 3903 752 3960 statim
785 3919 919 3960 eum
952 3904 1365 3976 communicet,
1399 3922 1470 3961 ne
1502 3905 1627 3962 sine
1658 3910 2071 3966 communione

423 3991 730 4049 moriatur.

420 4109 554 4167 CAP.
587 4109 877 4167 CXLVIII.
910 4111 946 4165 Α
1003 4109 1200 4182 quibus
1255 4119 1386 4165 sunt
1441 4113 1830 4168 contrectanda
1884 4131 2066 4172 sacra-

981 4189 1167 4236 menta
1198 4183 1507 4238 Dominica.

906 4269 1175 4326 Clemens
1207 4288 1375 4343 papa,
1409 4288 1499 4343 op.
1531 4273 1584 4327 2.

494 4357 595 4429 (De
623 4361 895 4414 Consecr.
929 4359 1066 4414 dist.
1096 4360 1155 4424 2,
1191 4375 1240 4414 c.
1279 4360 1468 4414 Tribus
1495 4361 1679 4431 grad.,
1707 4363 1736 4434 ἓ
1769 4367 1832 4418 1η
1869 4366 2063 4436 tanta).

419 4446 586 4502 Certe
615 4451 777 4502 tanta
810 4447 866 4500 in
897 4446 1064 4502 altari
1113 4447 1456 4504 holocausta
1499 4450 1820 4506 offerantur
1847 4459 2066 4526 quanta
2102 4451 2142 4514 Ι)

419 4534 637 4607 populo
667 4535 937 4590 sufﬁcere
968 4536 1408 4602 debeant.Quod
1445 4541 1795 4594 remanserit
1826 4541 1882 4595 in
1911 4559 2067 4597 cras-

419 4625 611 4679 tinum
659 4641 773 4680 non
825 4630 1110 4693 servetur,
1143 4627 1244 4680 sed
1297 4644 1430 4682 cum
1479 4629 1687 4684 timore
1731 4635 1788 4684 et
1818 4634 2066 4686 tremore

420 4713 763 4769 clericorum
796 4714 1106 4786 diligentia
1137 4701 1539 4771 consumetur.

420 4829 837 4906 CAP._CXLlX._
860 4831 1232 4906 Eucharistia;
1261 4833 1704 4906 communionem
1738 4838 1833 4906 qui
1882 4836 2065 4905 quoti-

539 4901 628 4956 die
661 4899 882 4972 accipit,
912 4917 1012 4958 ne.r
1043 4904 1491 4975 reprehenditur,
1523 4923 1624 4960 nec
1661 4899 1944 4962 laudatur.

750 4995 902 5064 Aug.
937 4992 1011 5046 De
1042 4993 1226 5047 eccles.
1260 4993 1526 5063 dogmat.,
1559 5011 1607 5048 c.
1640 4996 1729 5050 53.

490 5090 593 5158 (De
644 5089 916 5146 Consecr.
970 5091 1105 5146 dist.
1140 5091 1197 5158 2,
1229 5107 1277 5145 c.
1312 5092 1608 5164 Quotidie).
1661 5095 1926 5158 Quotidie
1959 5113 2062 5152 eu-

417 5178 705 5235 charislize
757 5179 1233 5235 communionem
1281 5179 1561 5250 accipere,
1596 5198 1699 5236 nec
1731 5180 1924 5250 laudo,
1961 5201 2064 5240 nec

416 5269 704 5339 vitupero.
739 5267 1026 5323 Omnibus
1056 5273 1249 5322 tamen
1303 5268 1621 5323 Dominicis
1655 5271 1863 5326 diebus
1895 5289 2063 5326 com-

421 5356 843 5412 municandum
875 5357 1152 5422 hortor,si
1185 5361 1377 5411 tamen
1413 5374 1572 5412 mens
1597 5359 1654 5412 in
1690 5361 1897 5415 affectu
1934 5378 2060 5431 pec-

421 5445 592 5500 candi
615 5462 730 5501 non
754 5445 828 5500 sit
854 5464 866 5501 :
890 5463 1023 5502 nam
1045 5446 1090 5500 si
1117 5446 1307 5500 adhuc
1337 5445 1512 5501 habet
1535 5448 1888 5504 voluntatem
1927 5468 2061 5522 pec-

423 5533 616 5604 candi,
648 5534 874 5605 gravari
907 5534 1096 5606 magis
1127 5533 1254 5588 dico
1295 5533 1664 5591 eucharistiae
1695 5539 2061 5610 perceptione

2153 426 2511 493 mordeatur,
2545 426 2819 498 peccandi
2871 429 3069 480 tamen
3124 425 3197 479 de
3246 428 3450 480 caetero
3482 441 3597 480 non
3629 425 3827 480 habet

2150 514 2535 584 voluntatem,
2568 514 3113 571 communicaturus
3161 513 3490 568 satisfaciat
3527 513 3826 586 lacrymis

2153 610 2210 661 et
2239 604 2688 675 orationibus,et
2717 604 3022 659 confidens
3055 604 3125 658 de
3153 602 3252 658 Dei
3285 602 3694 658 misericordia
3729 621 3828 659 ac-

2155 695 2320 749 cedat
2350 693 2422 748 ad
2455 692 2872 749 eucharistiam
2915 691 3245 763 intrepidus
3286 695 3343 746 et
3391 707 3658 747 securus.
3700 693 3825 748 Sed

2156 783 2264 838 hoc
2295 783 2365 838 de
2394 782 2497 837 illo
2527 783 2658 837 dico
2691 798 2868 854 quem
2905 780 3176 836 mortalia
3206 786 3449 852 peccata
3499 798 3619 836 non
3676 798 3826 854 gra-

2156 877 2315 928 vant.

2157 981 2289 1034 Car.
2319 980 2424 1034 CL.
2463 981 2560 1034 Ter
2589 979 2645 1033 in
2677 993 2826 1033 anno
2854 978 3082 1049 quisque
3119 976 3370 1046 ﬁdelium
3422 981 3826 1034 communicet.

2233 1050 2331 1106 Vel
2366 1053 2447 1105 sic
2485 1068 2497 1107 :
2535 1051 2687 1118 Quod
2717 1066 2900 1104 omnes
2928 1049 3163 1105 debeant
3192 1050 3606 1105 communicare
3639 1054 3734 1106 tcr
3767 1051 3826 1103 in

2232 1138 2376 1177 anno
2405 1140 2423 1176 :
2451 1123 2681 1188 Pascha,
2733 1123 3052 1176 Pentecoste
3098 1122 3146 1175 et
3194 1120 3381 1175 Natali
3420 1121 3666 1190 Domini,
3705 1122 3832 1175 nisi

2231 1198 2529 1250 teneantur
2551 1193 2839 1248 criminati
2864 1195 3102 1262 peccato.

2519 1283 2596 1337 Ex
2626 1281 2797 1354 epist.
2833 1280 3074 1336 Fabiani
3107 1299 3292 1354 papae,
3327 1297 3374 1336 c.
3409 1281 3462 1336 3.

2233 1373 2336 1444 (De
2366 1376 2639 1428 Consecr.
2673 1371 2810 1427 dist.
2841 1372 2896 1440 2,
2930 1387 2979 1426 c.
3012 1371 3075 1424 Et
3103 1372 3153 1426 si
3180 1386 3284 1426 non
3318 1370 3585 1442 freq.).Et
3616 1370 3668 1425 si
3700 1387 3825 1425 non

2165 1461 2530 1533 frequentius
2581 1459 2849 1516 homines
2901 1461 3358 1531 communicent,
3391 1464 3478 1514 ter
3525 1460 3585 1514 in
3637 1477 3828 1528 anno,

2167 1550 2278 1606 nisi
2311 1551 2457 1606 forte
2489 1550 2621 1622 quis
2656 1549 2977 1621 majoribus
3007 1548 3374 1622 quibuslibet
3404 1548 3827 1605 criminalibus

2167 1640 2542 1712 impediatur,
2577 1639 2634 1693 in
2668 1639 2911 1703 Pascha,
2944 1638 3004 1694 in
3039 1639 3461 1704 Pentecoste,et
3487 1635 3687 1692 Natali
3713 1641 3829 1692 Do-

2090 1712 2133 1774 Β
2167 1729 2333 1784 mini.

2170 1836 2299 1892 CAP.
2334 1837 2467 1892 CLI.
2499 1838 2637 1891 Ante
2663 1835 3004 1892 sacramenti
3050 1835 3494 1892 communionem
3518 1850 3553 1888 a
3579 1835 3829 1906 propria

2242 1924 2412 1964 uxore
2441 1911 2668 1980 quisque
2698 1907 3004 1980 contineat.
3034 1909 3137 1962 Vel
3169 1906 3254 1961 sic
3287 1925 3300 1962 :
3330 1907 3466 1974 Quot
3495 1906 3694 1980 diebus
3723 1906 3828 1960 ab-

2241 1977 2676 2062 stincndum‘sit
2703 1981 2770 2035 ab
2817 1979 3086 2035 uxoribus
3135 1987 3259 2034 ante
3306 1977 3646 2034 sacramenti
3674 1993 3832 2032 com-

2244 2067 2585 2107 mumonem.

2673 2143 2843 2195 Cone.
2877 2139 3164 2209 Eliberit.,
3196 2155 3247 2194 c.
3282 2141 3335 2194 3.

2247 2232 2348 2302 (De
2406 2229 2678 2285 Consecr.
2733 2228 2870 2284 dist.
2902 2231 2958 2296 2,
3009 2245 3060 2284 e.
3114 2228 3303 2284 Omnis
3361 2229 3564 2297 homo).
3624 2226 3844 2283 Omnis

2176 2320 2352 2375 homo
2384 2323 2516 2373 ante
2547 2334 2772 2374 sacram
2805 2317 3280 2373 communionem
3311 2335 3344 2373 a
3381 2317 3614 2389 prOpria
3640 2333 3834 2372 uxore

2179 2409 2473 2464 abstinere
2505 2408 2714 2463 debere
2738 2412 2857 2463 tres
2880 2413 2983 2462 aut
3007 2412 3264 2478 quatuor
3293 2411 3395 2463 aut
3433 2412 3561 2462 octo
3593 2406 3839 2462 diebus.

2179 2498 2340 2562 Quod
2393 2497 2545 2552 inter
2593 2496 2919 2552 Catholicos
2971 2513 3084 2552 non
3134 2501 3593 2551 connumeretur
3646 2495 3840 2565 quiin

2179 2587 2310 2642 istis
2343 2586 2534 2641 tribus
2584 2585 2831 2656 Pascha,
2867 2586 3205 2641 Pentecoste
3254 2589 3310 2640 et
3358 2584 3549 2639 Natali
3601 2583 3838 2639 Domini

2183 2694 2297 2732 non
2329 2676 2874 2733 communicaverit.

2180 2785 2315 2838 CAP.
2349 2784 2512 2838 CLII.
2549 2782 2699 2852 Quod
2731 2782 3032 2838 histriones
3060 2790 3111 2838 et
3157 2782 3318 2854 magi
3348 2782 3408 2854 in
3434 2781 3572 2854 ritio
3600 2797 3839 2853 perma-

2250 2860 2464 2921 nentes,
2513 2872 2623 2909 non
2673 2859 2802 2909 sunt
2847 2851 3316 2910 communicandi.
3350 2851 3451 2907 Vel
3498 2851 3630 2908 sici:
3667 2854 3840 2923 Magis

2251 2932 2305 3008 et
2360 2927 2721 2982 histrionibus
2778 2943 2934 2981 sacra
2964 2943 3075 2982 non
3140 2927 3565 2981 committantur
3618 2932 3832 2996 myste-

2249 3015 2361 3052 για.

2467 3087 2761 3159 Cyprium,
2790 3087 2962 3159 epist.
2993 3087 3049 3157 5,
3082 3089 3152 3142 ad
3185 3085 3541 3141 Eucratium.

2252 3177 2354 3247 (De
2383 3179 2653 3231 Consecr.
2687 3176 2823 3230 dist.
2853 3177 2908 3243 2,
2932 3193 2980 3232 c.
3005 3177 3113 3232 Pro
3143 3176 3487 3246 ditect.).Pro
3519 3173 3832 3230 dilectione

2180 3271 2282 3320 tua
2313 3269 2369 3320 et
2401 3265 2726 3320 reverentia
2744 3265 3175 3321 consulendum
3197 3282 3289 3321 me
3319 3263 3832 3330 testimasti,frater

2179 3353 2697 3425 charissime,quid
2732 3353 2878 3408 mihi
2902 3353 3169 3410 videatur
3197 3355 3269 3408 de
3299 3353 3585 3408 histrione
3615 3357 3672 3407 et
3704 3369 3830 3407 ma-

2180 3459 2252 3514 go
2284 3442 2382 3497 illo
2415 3442 2516 3513 qui
2545 3442 2697 3514 apud
2733 3459 2831 3497 vos
2875 3442 3234 3498 constitutus
3267 3443 3457 3497 adhuc
3487 3441 3682 3497 aetatis
3714 3458 3828 3496 sua:

2178 3531 2238 3586 in
2266 3533 2547 3586 dedecore
2596 3536 2948 3603 perseverat,
2979 3535 3035 3587 et
3066 3533 3349 3604 magister
3394 3539 3448 3586 et
3481 3532 3684 3586 doctor
3715 3547 3828 3586 non

2178 3621 2660 3690 erudiendorum,
2693 3623 2794 3676 sed
2831 3621 3258 3692 perdendorum
3294 3635 3638 3692 puerorum,
3672 3619 3824 3674 idem

2180 3712 2334 3782 quod
2370 3710 2521 3765 male
2551 3710 2994 3764 didicitcaeteris
3027 3709 3388 3776 insinuat,an
3420 3708 3637 3764 ﬁdibus
3663 3725 3827 3763 sacra

2179 3799 2518 3856 communio
2569 3815 2701 3853 cum
2751 3799 2975 3854 caeteris
3023 3798 3371 3854 Christianis
3425 3797 3634 3854 debeat
3682 3798 3823 3852 dari.

2180 3889 2345 3943 Haud
2378 3886 2681 3942 vobiscum
2731 3888 3169 3943 communicare
3224 3891 3363 3960 puto
3397 3904 3501 3942 nec
3534 3886 3824 3957 majestati

2180 3976 2391 4032 divinas
2424 3992 2528 4031 nec
2559 3975 2903 4048 evangelica:
2927 3975 3249 4048 disciplima
3280 3978 3697 4046 congruere,ut
3727 3991 3824 4045 pu-

2180 4066 2286 4121 dor
2317 4069 2372 4119 et
2402 4065 2589 4120 bonor
2619 4065 2880 4121 Ecclesiae
2927 4069 3046 4121 tam
3092 4065 3246 4138 turpi
3280 4069 3338 4121 et
3384 4063 3591 4120 infami
3623 4067 3821 4118 conta-

2179 4154 2351 4228 gione
2383 4154 2650 4209 findetur.

2179 4266 2305 4329 ΟΜ).
2340 4261 2524 4317 CLIII.
2556 4263 2715 4316 Laici
2744 4266 2794 4317 et
2830 4263 3062 4331 femina:
3094 4277 3201 4316 non
3233 4261 3431 4316 debent
3462 4261 3682 4332 deferre
3711 4275 3818 4332 cor-

2243 4349 2346 4402 pus
2379 4333 2590 4387 Christi
2617 4333 2686 4387 ad
2715 4333 2962 4403 aliquem
2991 4330 3656 4388 communicandum.Vel
3690 4330 3814 4403 sici:

2252 4404 2561 4458 Sacerdotes
2611 4420 2718 4458 non.
2747 4402 2866 4460 nisi
2911 4421 3009 4476 per
3035 4422 3088 4460 se
3116 4405 3308 4460 divina
3336 4408 3686 4459 sacramenta
3714 4402 3818 4456 mi—

2251 4494 2285 4529 η
2295 4479 2502 4530 istrcnt.

2721 4567 2893 4620 Cone.
2930 4565 3119 4631 Rom,
3151 4582 3200 4619 c.
3238 4566 3289 4618 1.

2250 4653 2352 4722 (De
2386 4652 2654 4709 Consecr.
2703 4654 2842 4709 dist.
2891 4655 2946 4720 2,
2979 4671 3028 4711 c.
3079 4654 3381 4726 Pervenit).
3435 4652 3704 4708 Pervenit
3751 4653 3813 4705 ad

2180 4742 2442 4796 notitiam
2481 4748 2738 4797 nostram
2786 4744 2936 4814 quod
2973 4744 3290 4815 presbyteri
3324 4743 3561 4815 quidam
3596 4747 3810 4795 tantum

2181 4830 2608 4902 parvipendant
2637 4832 2832 4886 divina
2867 4833 3162 4904 mysteria,
3198 4838 3262 4887 ut
3290 4832 3435 4888 laico
3468 4832 3553 4886 vel
3590 4831 3807 4886 feminae

2177 4935 2412 4974 sacrum
2473 4937 2684 4990 corpus
2740 4921 2971 4975 Domini
3033 4922 3267 4976 tradant
3322 4922 3393 4976 ad
3449 4920 3806 4976 cil'ercndum

2179 5007 2452 5077 inﬁrmis,
2475 5017 2531 5062 et
2564 5010 2783 5080 quibus
2806 5010 3148 5081 prohibetur
3177 5027 3247 5066 ne
3271 5010 3594 5065 sacrarium
3628 5009 3808 5079 ingrc-

2177 5097 2434 5164 diantur,
2471 5114 2573 5152 nec
2606 5098 2675 5152 ad
2719 5097 2898 5153 altare
2948 5099 3442 5172 apprOpinquent,
3474 5097 3589 5152 illis
3623 5102 3808 5152 sancta

2175 5190 2513 5240 sanctorum
2540 5187 3006 5244 committantur.
3026 5190 3187 5252 Quod
3215 5205 3390 5260 quam
3418 5189 3496 5242 sit
3519 5187 3805 5250 horribile,

2175 5291 2473 5345 quamque
2525 5276 2887 5345 detestabile,
2921 5278 3185 5332 omnium
3239 5276 3805 5349 religiosissimorum

2172 5365 2240 5417 ad
2255 5364 2422 5418 vertit
2448 5364 2777 5435 prudentia.
2804 5367 2952 5437 Ergo
2975 5367 3272 5421 interdicit
3294 5383 3395 5437 per
3417 5363 3616 5420 omnia
3647 5383 3805 5436 syno-

2173 5452 2285 5507 dus
2312 5469 2381 5506 ne
2401 5452 2534 5508 talis
2557 5456 2868 5509 temeraria
2895 5455 3272 5526 praesumptio
3299 5453 3544 5509 ulterius
3571 5455 3688 5522 liat,
3713 5455 3802 5508 scd

2170 5542 2507 5597 omnimodo
2522 5544 2824 5615 presbyter
2837 5562 2937 5614 per
2949 5544 3330 5615 semetipsum
3347 5544 3401 5598 in
3414 5544 3444 5598 ﬁ
3457 5559 3647 5599 rmum
3663 5560 3806 5598 como
