4000 6054
216 250 352 306 1081

1536 244 1934 303 PANORMIA.
1968 275 2035 285 -—
2065 242 2196 295 LIB.
2239 241 2310 292 Il.

3488 228 3625 283 1082

214 368 667 436 municet.Quod
703 368 751 422 si
784 366 952 424 aliter
973 367 1447 440 fecerit,gradum
1482 368 1574 423 sui
1605 366 1862 439 periculo
1892 369 1947 436 Α
1976 364 2222 421 fationes
2254 360 2410 414 tenet
2439 358 2494 410 et
2525 357 2717 410 servat
2765 356 2968 409 sancta
3028 351 3309 406 Romana.
3344 348 3623 419 Ecclesia,

218 459 572 531 subjacebit.

218 572 354 622 CAP.
390 564 574 621 CLIV.
608 565 743 632 Quae
771 564 1094 633 paenitentia
1140 568 1212 620 sit
1268 565 1608 637 imponenda
1652 565 1749 621 illi
1778 566 1875 635 qui

741 640 1091 691 sacramenta
1119 638 1363 693 evomit..

689 727 769 781 Ex
801 725 1186 797 pmnitentiali
1221 727 1406 782 Beda.

294 835 399 905 (De
421 838 691 889 Consecr.
747 832 884 888 dist.
919 836 974 899 2,
1009 848 1059 890 c.
1128 833 1190 888 Si
1242 835 1405 905 quis.)
1463 834 1518 887 Si
1577 833 1712 905 quis
1772 849 1874 905 per

222 924 569 981 ebrietatem
602 922 691 976 vel
722 922 1100 977 voracitatem
1130 922 1550 978 eucharistiam
1600 937 1870 978 evomue-

228 1015 330 1080 rit,
362 1030 421 1067 x1
452 1012 661 1068 diebus
719 1011 1016 1082 pceniteat,
1049 1011 1244 1066 clerici
1305 1011 1390 1067 vel
1448 1012 1717 1068 monachi
1772 1028 1870 1067 seu

228 1100 460 1157 diaconi
494 1119 559 1155 χι.
586 1100 711 1155 dies
743 1101 1083 1172 pmniteant,
1110 1101 1428 1173 presbyteri
1462 1118 1566 1156 LXX
1596 1101 1721 1155 dies
1753 1118 1871 1173 pm-

224 1191 473 1260 niteant,
507 1189 764 1261 episcopi
822 1205 891 1244 xc
921 1189 1133 1244 dies.Si
1166 1206 1269 1261 pro
1304 1190 1666 1246 inﬁrmitatis
1696 1207 1875 1246 causa

222 1277 549 1335 evomuerit
572 1295 648 1333 vn
681 1278 806 1333 dies
837 1278 1182 1349 poeniteant.

222 1386 353 1442 Car.
388 1387 547 1460 CLV,
588 1386 932 1460 chenitentia
970 1387 1270 1460 sacerdotis
1322 1387 1479 1460 cujus
1528 1388 1877 1460 negligentia

514 1457 578 1513 de
609 1456 816 1513 Christi
841 1460 1123 1526 sanguine
1150 1458 1366 1530 aliquid
1386 1456 1592 1516 stillat.

624 1544 702 1600 Ex
732 1545 990 1603 Decretis
1021 1547 1108 1601 Pii
1140 1564 1320 1619 papa),
1354 1564 1404 1603 c.
1441 1549 1493 1602 3.

301 1653 405 1726 (De
435 1656 704 1709 Consecr.
740 1652 878 1708 dist.
904 1653 957 1719 2,
986 1669 1037 1708 c.
1081 1654 1145 1707 Si
1187 1670 1288 1725 per
1345 1654 1581 1723 neglig.)
1632 1654 1689 1708 Si
1747 1669 1880 1709 vero

1983 454 2089 508 has
2119 450 2404 508 tenendas
2436 447 2599 504 vobis
2631 442 3062 499 mandavimus.

1983 564 2120 633 Cap.
2179 557 2411 633 CLVIII.
2445 555 2594 633 _Nisi
2649 551 2857 606 duobus
2903 548 3287 633 praesentibus,
3343 547 3631 633 presbyter

2051 618 2280 687 missam
2327 628 2603 683 celebrare
2648 640 2757 678 non
2801 618 3123 693 praesumat.
3160 618 3255 693 Vel
3304 618 3435 693 sic:
3497 619 3628 693 Pref

2052 705 2235 775 sbyter
2263 717 2373 775 non
2402 698 2557 775 debet
2585 688 2857 751 celebrare
2886 692 3111 747 missam
3141 689 3256 746 nisi
3283 689 3489 745 duobus
3519 688 3632 743 sibi

2054 772 2530 847 respondentibus.

2267 862 2347 916 Ex
2381 859 2620 914 Decreto
2653 853 2909 911 Sotheris
2942 869 3127 925 papm,
3161 868 3209 905 c.
3261 851 3345 905 10.

2056 963 2157 1034 (De
2186 966 2454 1015 Consecr.
2485 956 2622 1011 dist.
2657 956 2707 1023 1,
2737 970 2787 1009 c.
2820 954 2927 1007 Hoc
2956 950 3210 1023 quoque.)
3244 949 3361 1003 Hoc
3399 962 3634 1019 quoque

1984 1055 2275 1108 statutum
2312 1052 2421 1117 est,
2461 1050 2525 1101 ut
2575 1042 2773 1099 nullus
2809 1041 3282 1113 presbyterorum
3318 1036 3632 1091 missarum

1985 1139 2270 1211 solemnia
2302 1136 2591 1193 celebrare
2624 1134 2960 1205 praesumat,
2981 1127 3343 1183 nisiduobus
3376 1140 3635 1197 przesen-

1987 1229 2401 1300 tibus,sibique
2426 1219 3079 1295 respondentibus,ipse
3096 1217 3303 1273 tertius
3326 1215 3632 1282 habeatur,

1986 1320 2122 1392 quia
2157 1335 2291 1374 cum
2324 1314 2630 1389 pluraliter
2659 1313 2731 1368 ab
2791 1328 2856 1366 eo
2890 1308 3124 1374 dicitur,
3159 1304 3427 1362 Dominus
3454 1304 3636 1358 vobis-

1986 1390 2132 1476 cum,
2167 1412 2223 1463 et
2255 1406 2401 1462 illud
2426 1405 2486 1459 in
2519 1400 2759 1459 secretis
2791 1403 2939 1455 orate
2968 1412 3066 1469 pro
3121 1412 3228 1460 me,
3264 1390 3636 1465 apertissime

1989 1497 2259 1556 convenit
2287 1499 2352 1551 ut
2398 1493 2512 1566 ipsi
2540 1490 2965 1563 respondeatur
2990 1482 3351 1542 salutationi.

1991 1610 2126 1664 CAP.
2160 1604 2341 1660 CLIX.
2382 1606 2639 1670 Quatuor
2700 1596 2876 1652 modis
2932 1592 3258 1670 contingunt
3315 1587 3637 1670 dormienti-

2065 1660 2158 1733 bus
2178 1660 2490 1732 illusion'es.
2525 1671 2623 1727 Vel
2647 1671 2730 1725 sic
2762 1685 2777 1724 :
2810 1670 2887 1724 De
2935 1660 3238 1737 multiplici
3264 1677 3462 1732 genere
3508 1660 3640 1715 iitu-

230 1759 336 1815 per
366 1741 785 1814 negligentiam
818 1742 888 1796 de
902 1740 1076 1797 calice
1093 1741 1326 1797 Domini
1355 1742 1658 1798 stillaverit
1682 1742 1739 1797 in
1762 1747 1880 1798 ter-
1915 1744 1961 1808 B
2061 1750 2301 1805 sianum.

231 1849 381 1897 ram,
405 1830 608 1903 lingua
639 1829 955 1899 lambetur,
983 1829 1185 1886 tabula
1216 1832 1492 1900 radatur;
1528 1831 1575 1887 si
1604 1848 1720 1887 non
1756 1831 1882 1887 fue-

232 1920 309 1975 rit
331 1918 533 1975 tabula
565 1923 629 1974 ut
660 1936 774 1975 non
808 1919 1183 1976 conculcetur
1230 1920 1394 1977 locus
1440 1922 1791 1977 conradatur
1830 1929 1886 1977 et

234 2009 356 2081 igni
382 2011 786 2079 consumatur,
821 2013 879 2063 et
934 2008 1084 2064 cinis
1116 2010 1176 2065 in
1226 2009 1395 2065 altari
1428 2012 1800 2082 recondatur,
1830 2015 1887 2066 et

236 2099 511 2154 sacerdos
540 2116 613 2153 XL
631 2098 840 2153 diebus
876 2098 1237 2170 pceniteat.Si
1270 2116 1453 2172 usque
1486 2101 1746 2169 tertium,
1783 2118 1886 2157 no-

234 2202 366 2243 vem
397 2186 521 2242 dies
547 2188 860 2258 paeniteat;
888 2188 939 2243 si
969 2203 1158 2260 usque
1218 2190 1289 2245 ad
1353 2193 1627 2261 quartum
1679 2190 1887 2263 viginti

237 2276 449 2331 diebus
482 2277 781 2347 pmniteat,
797 2281 854 2332 et
882 2276 1232 2335 linteamina
1270 2296 1397 2350 quae
1419 2280 1676 2351 tetigerit
1707 2280 1885 2352 stilla,

239 2365 510 2420 minister
539 2365 743 2421 abluat
766 2366 956 2422 tribus
988 2367 1213 2423 vicibus
1246 2368 1421 2424 calice
1451 2369 1666 2425 subtus
1698 2370 1887 2440 posito

236 2458 295 2510 et
326 2471 479 2526 aqua
508 2454 824 2512 ablutionis
856 2460 1146 2525 sumatur,
1177 2458 1423 2528 etjuxta
1452 2458 1635 2514 altare
1682 2474 1890 2515 recon-

243 2544 436 2597 datur.

286 2548 436 2598 atur.

244 2650 381 2707 CAP.
416 2651 598 2707 CLVI.
634 2654 964 2709 Paenitentia
989 2655 1219 2781 ejtusdq‘uz
1250 2669 1361 2709 non
1401 2655 1534 2710 bene
1554 2655 1891 2725 sacri/icium

934 2742 1031 2781 cus
1057 2744 1090 2781 ο
1129 2743 1148 2781 ι
1177 2768 1191 2781 .

934 2742 1191 2783 custoau.

850 2817 1024 2871 Cone.
1059 2815 1273 2871 Arelat.

319 2900 423 2966 (De
450 2900 721 2959 Consecr.
754 2903 890 2959 dist.
923 2907 977 2971 2,
1023 2921 1072 2960 c.
1108 2906 1214 2972 Qui
1261 2920 1371 2959 non
1406 2905 1583 2973 bene.)
1635 2905 1743 2971 Qui
1776 2923 1890 2961 non

251 2990 398 3045 bene
430 2991 774 3048 custodierit
804 2993 1182 3060 sacrificium,
1205 2999 1261 3049 et
1293 3011 1425 3049 mus
1454 2995 1541 3049 vel
1570 2994 1727 3049 aliud
1763 2996 1892 3050 ani-

251 3079 369 3174 mal
400 3081 913 3174 comederit,_illud
975 3082 1363 3174 quadraginta
1410 3084 1543 3174 dies
1593 3084 1889 3155 poeniteat.
1923 3108 1965 3174 ο

249 3169 357 3232 Qui
389 3173 584 3225 autem
626 3171 942 3242 perdiderit
994 3170 1137 3227 illud
1190 3172 1247 3227 in
1306 3172 1553 3228 ecclesia
1596 3177 1698 3228 aut
1754 3190 1891 3243 pars

248 3257 377 3327 ejus
409 3258 683 3315 ceciderit
711 3264 767 3315 et
796 3277 911 3315 non
944 3260 1180 3317 inventa
1199 3260 1393 3332 fuerit,
1415 3278 1525 3316 xxx
1555 3261 1681 3318 dies
1712 3262 1894 3334 paeni-

251 3350 388 3401 teat.

250 3453 386 3509 CAP.
417 3452 628 3509 CLVII.
660 3458 799 3524 Quae
839 3458 1204 3582 prae/filique:
1251 3460 1312 3512 in
1359 3457 1525 3513 missa
1581 3462 1710 3512 sunt
1765 3474 1898 3513 can-

1006 3545 1076 3582 an
1119 3544 1188 3582 ae.

1006 3544 1188 3585 αηαέε.

255 3613 521 3670 Gelasius
544 3632 694 3688 papa
725 3616 1013 3671 universis
1027 3617 1470 3697 Germaniarum
1503 3622 1560 3673 et
1579 3618 1901 3673 Galliarum

969 3692 1282 3761 episcopis.

328 3792 430 3861 (De
455 3796 726 3851 Consecr.
750 3795 885 3850 dist.
918 3798 973 3864 2,
1005 3812 1054 3849 c.
1114 3796 1474 3869 Invenimus.)
1522 3801 1666 3852 Cum
1716 3798 1775 3851 in
1802 3797 1904 3853 Dei

260 3880 496 3936 nomine
528 3882 587 3936 in
607 3883 869 3938 Romana
898 3883 1156 3940 Ecclesia
1178 3886 1469 3956 synodum
1497 3885 1905 3958 episcoporum

262 3969 383 4024 sive
405 3978 741 4028 ceterorum
772 3975 1259 4029 consacerdotum
1302 3974 1405 4029 Dei
1454 3974 1715 4030 fidelium
1765 3991 1909 4029 con-

260 4064 557 4131 gregatum
586 4060 925 4119 habuissem
938 4067 1090 4131 us,et
1108 4064 1177 4119 de
1203 4063 1616 4120 ecclesiasticis
1638 4064 1907 4136 patribus

261 4149 535 4204 traditam
569 4150 911 4222 diligentius
942 4156 1351 4222 tractaremus,
1395 4169 1782 4225 supervenere
1812 4153 1909 4208 lit-

260 4241 395 4291 tera:
454 4244 682 4305 vestris,
741 4243 798 4294 et
857 4243 921 4293 ut
972 4240 1161 4309 magis
1220 4245 1419 4297 essent
1470 4240 1910 4310 auctoritativae,

262 4325 441 4380 etiam
476 4326 613 4380 viva:
644 4344 812 4382 voces
845 4334 1293 4399 praecesserunt,
1327 4333 1623 4401 rogantes,
1668 4334 1733 4384 ut
1762 4329 1912 4384 ordi-

265 4430 396 4468 nem
426 4416 829 4485 przel'ationum
866 4434 1037 4487 quem
1100 4422 1303 4473 sancta
1353 4418 1616 4473 Romana
1656 4416 1913 4473 Ecclesia

1994 1838 2307 1912 Gregorius
2352 1833 2681 1912 Augustino
2712 1829 3046 1912 Anglorum.
3074 1826 3367 1910 episcopo,
3419 1838 3547 1893 cap.
3580 1820 3639 1888 2,

2489 1907 2767 1975 interrog.
2802 1905 3138 1972 Augustini.

2068 2011 2170 2083 (De
2197 2008 2467 2064 Consecr.
2505 2004 2641 2058 dist.
2696 2003 2751 2067 6,
2812 2017 2861 2055 c.
2899 2001 3318 2061 Testamentum,
3363 1992 3393 2065 §
3442 1991 3535 2083 sed
3563 1994 3643 2083 est

1997 2103 2057 2157 in
2076 2080 2320 2168 eadem.)
2353 2097 2413 2151 In
2436 2092 2711 2148 illusione
2742 2105 2846 2162 per
2876 2086 3173 2143 somnium
3205 2080 3533 2139 necessaria
3554 2082 3644 2134 est

1996 2189 2165 2244 valde
2196 2184 2471 2242 discretio
2524 2198 2650 2253 qua:
2710 2177 3004 2234 subtiliter
3024 2172 3259 2246 pensari
3302 2171 3549 2227 debetur
3578 2184 3645 2223 ex

1999 2296 2116 2351 qua
2148 2294 2207 2333 re
2239 2275 2465 2331 accidat
2486 2271 2667 2327 menti
2691 2264 3205 2324 dormientis.Nam
3238 2259 3555 2331 aliquando
3578 2274 3645 2312 ex

1999 2347 2261 2439 crapula,
2295 2362 2610 2434 aliquando
2641 2376 2709 2414 ex
2740 2362 2961 2413 natura:
2995 2351 3420 2425 superﬂuitate,
3444 2348 3529 2439 vel
3552 2347 3642 2439 in-

2000 2436 2303 2526 ﬁrmitate,
2338 2452 2425 2507 vel
2457 2447 2806 2522 cogitatione
2837 2442 3125 2513 contingit
3163 2439 3428 2512 pollutio.
3462 2436 3643 2508 Equi-

2002 2547 2133 2601 dem
2167 2559 2300 2599 cum
2340 2559 2407 2597 ex
2438 2545 2660 2594 naturae
2690 2533 3121 2606 superfluitate,
3152 2528 3240 2584 vel
3300 2526 3641 2582 inlirmitate

2002 2633 2279 2702 evenerit,
2312 2631 2434 2685 haec
2467 2627 2705 2684 omnino
2738 2623 2932 2679 illusio
2972 2618 3321 2676 aastimanda
3360 2632 3474 2671 non
3535 2617 3642 2678 est,

2002 2724 2141 2795 quia
2171 2722 2322 2777 hanc
2354 2719 2585 2774 animus
2609 2709 3216 2783 nesciens,pertulisse
3248 2704 3432 2775 magis
3450 2702 3645 2758 dolen-

2003 2816 2143 2869 dum
2170 2816 2259 2867 est
2290 2826 2466 2882 quam
2496 2806 2721 2862 fecisse.
2744 2807 2889 2859 Cum
2915 2816 3051 2855 vero
3084 2797 3238 2853 ultra
3270 2795 3511 2849 modum
3546 2808 3645 2864 ap-

2004 2903 2225 2975 petitus
2257 2898 2409 2972 gulaa
2438 2898 2497 2951 in
2530 2892 2834 2951 sumendis
2866 2888 3159 2946 alimentis
3189 2883 3436 2956 rapitur,
3472 2886 3645 2975 atque

2003 2969 2222 3047 idcirco
2261 2969 2587 3043 humorum
2648 2978 3015 3053 receptacula
3080 2978 3422 3049 gravantur,
3478 2969 3650 3024 habet

2005 3081 2211 3137 exinde
2242 3078 2498 3149 aliquem
2531 3077 2756 3129 reatum
2799 3069 3058 3136 animus,
3092 3083 3202 3120 non
3234 3069 3432 3118 tamen
3468 3074 3652 3149 usque

2007 3170 2077 3227 ad
2111 3144 2568 3243 prohibitionem
2600 3158 2953 3234 percipiendi
3004 3155 3263 3227 corporis
3284 3148 3529 3243 Christi,
3563 3144 3652 3243 vel

2008 3239 2324 3317 missarum
2356 3253 2638 3313 solemnia
2678 3247 3033 3314 celebrandi,
3075 3261 3209 3301 cum
3270 3242 3517 3297 fortasse
3548 3239 3651 3290 aut

2008 3350 2193 3406 festus
2224 3348 2349 3402 dies
2380 3343 2574 3415 exigit,
2602 3345 2703 3395 aut
2733 3337 2989 3393 exhiberi
3025 3332 3415 3390 ministerium
3448 3342 3552 3398 pro
3584 3341 3649 3415 eo

2011 3439 2166 3511 quod
2198 3412 2651 3491 sacerdos'alius
2682 3429 2863 3493 deest,
2896 3426 3023 3496 ipsa
3053 3421 3370 3477 necessitas
3403 3412 3651 3511 compel-

2010 3504 2099 3584 lit.
2122 3527 2264 3581 Nam
2288 3523 2336 3579 si
2366 3522 2585 3577 adsunt
2608 3516 2705 3572 alii
2739 3515 2839 3586 qui
2872 3511 3113 3582 implere
3143 3504 3538 3563 ministerium
3558 3518 3655 3556 va-

2013 3617 2154 3685 lent,
2185 3612 2382 3667 illusio
2415 3626 2517 3682 per
2536 3605 2837 3678 crapulam
2865 3604 3010 3657 facta
3047 3617 3079 3654 a
3109 3595 3480 3685 perceptione
3501 3589 3655 3685 sacri

2014 3680 2325 3759 ministerii
2358 3680 2671 3765 abstinere,
2703 3698 2768 3747 ut
2805 3690 3083 3756 arbitror,
3116 3684 3419 3741 humiliter
3447 3680 3656 3746 debet;

2016 3794 2063 3849 si
2098 3797 2293 3847 tamen
2328 3784 2673 3844 dormientis
2704 3784 2961 3837 mentem
3018 3776 3176 3847 turpi
3236 3768 3656 3842 imaginatione

2016 3878 2397 3939 concusserit.
2438 3876 2584 3931 Nam
2618 3875 2759 3928 sunt
2789 3868 3004 3943 quibus
3036 3865 3115 3919 ita
3145 3862 3489 3935 plerumque
3518 3855 3655 3911 illu-

2017 3971 2103 4027 sio
2134 3968 2419 4034 nascitur,
2451 3968 2516 4019 ut
2543 3976 2745 4019 eorum
2804 3959 3040 4013 animus
3095 3951 3271 4008 etiam
3330 3948 3388 4001 in
3428 3943 3659 4034 somnio

2018 4058 2279 4132 corporis
2312 4032 2536 4129 positus
2564 4050 2838 4122 turpibus
2867 4042 3228 4116 imaginibus
3248 4036 3511 4132 tradet-ur.
3535 4032 3660 4095 Qua

2020 4152 2078 4205 in
2110 4124 2170 4204 re
2196 4148 2276 4203 ibi
2310 4124 2490 4200 unum
2521 4140 2869 4207 ostenditur,
2900 4137 3029 4207 ipsa
3080 4145 3247 4186 mens
3273 4124 3512 4183 omnino
3543 4138 3660 4177 non

2022 4256 2139 4307 rea,
2170 4242 2363 4292 tamen
2398 4234 2483 4299 fit,
2516 4230 2602 4286 vel
2636 4245 2743 4285 suo
2776 4225 2999 4297 judicio
3024 4220 3256 4293 penitus
3287 4215 3659 4307 liberm-eum

2021 4345 2083 4383 sc
2116 4302 2219 4381 etsi
2254 4320 2567 4379 dormienti
2623 4315 2852 4389 corpori
2904 4311 3049 4366 nihil
3098 4303 3366 4362 meminit
3422 4302 3659 4366 vidisse,

2023 4422 2217 4470 tamen
2242 4411 2455 4485 vigiliis
2488 4406 2780 4478 corporeis
2804 4397 3201 4458 reminiscitur
3222 4393 3493 4466 ingluvias
3516 4390 3665 4446 ceci-

266 4480 551 4558 hactenus
577 4504 836 4572 haberet,
865 4480 1084 4562 nostris
1136 4507 1351 4563 litteris
1389 4506 1553 4563 vobis
1599 4508 1913 4562 mandare-
1947 4481 1990 4545 Β
2024 4505 2199 4560 disse.
2232 4480 2451 4556 Sivvero
2484 4514 2552 4553 ex
2581 4496 2735 4566 turpi
2791 4489 3143 4563 cogitatione
3200 4481 3498 4556 vigilantis
3547 4480 3661 4572 qri-

269 4609 423 4648 mus.
458 4595 607 4648 Tum
635 4595 702 4649 de
726 4599 918 4650 vestra
946 4595 1244 4651 voluntate
1275 4600 1331 4649 et
1362 4597 1559 4651 studio
1606 4601 1728 4651 tam
1763 4596 1913 4650 bono

269 4682 520 4739 multum
536 4683 720 4755 gavisi
752 4700 980 4751 sumus,
1012 4701 1242 4740 sacrum
1269 4685 1531 4740 ordinem
1561 4685 1912 4755 Romanum,

266 4790 548 4843 sacraque
576 4774 891 4828 constituta
918 4779 1252 4829 nostrorum
1273 4778 1710 4830 antecessorum
1735 4775 1914 4829 soler-

265 4870 356 4918 ter
403 4862 749 4933 relegentes,
802 4863 1132 4918 invenimus
1169 4863 1275 4918 has
1308 4880 1514 4918 novem
1547 4864 1915 4934 prazt'ationes

265 4953 321 5006 in
358 4969 524 5007 sacro
578 4951 843 5023 catalogo
904 4954 1320 5009 tantummodo
1370 4952 1735 5024 recipiendas
1769 4970 1915 5023 quas

267 5043 443 5113 longa
466 5045 619 5097 retro
654 5046 911 5098 vetustas
943 5043 1000 5097 in
1032 5047 1294 5098 Romana
1340 5041 1598 5098 Ecclesia
1629 5042 1915 5097 hactenus

268 5131 541 5200 servavit,
570 5132 626 5186 id
660 5136 772 5197 est,
802 5149 979 5186 unam
1014 5132 1071 5187 in
1127 5132 1277 5188 albis
1308 5131 1705 5203 paschalibus,
1738 5130 1913 5186 aliam

269 5221 339 5274 de
399 5219 751 5275 Ascensione
811 5220 1061 5284 Domini,
1120 5222 1376 5276 Tertiam
1436 5221 1506 5275 de
1554 5221 1914 5283 Pentecoste,

267 5314 538 5379 quartam
572 5310 643 5365 de
666 5308 973 5364 Nativitate
996 5308 1253 5377 Domini,
1278 5309 1545 5379 quintam
1589 5309 1658 5363 de
1681 5307 1919 5379 Appari-

271 5400 427 5452 tione
459 5398 712 5467 Domini,
747 5401 972 5453 sextam
1019 5398 1090 5451 de
1121 5396 1453 5467 Apostolis;
1503 5398 1814 5469 septimam
1848 5398 1917 5451 de

269 5493 480 5543 Sancta
510 5488 813 5553 Trinitale,
847 5491 1113 5541 octavam
1144 5487 1213 5540 de
1245 5485 1446 5555 Cruce,
1474 5503 1688 5540 nonam
1723 5486 1792 5539 de
1821 5486 1917 5541 Je-

264 5578 434 5648 junio
469 5576 524 5633 in
558 5575 1015 5647 Quadragesima
1047 5578 1275 5631 tantum
1297 5575 1752 5631 dicendam.Has
1775 5592 1917 5647 pra:-

2025 4600 2120 4649 tur
2152 4590 2346 4647 illusio
2378 4584 2711 4648 dormienti,
2747 4584 2904 4653 patet
2932 4577 3127 4633 animo
3161 4579 3357 4628 reatus
3390 4567 3663 4626 suus.Vi-

2025 4686 2121 4739 dct
2152 4683 2306 4737 enim
2340 4696 2372 4735 a
2402 4694 2518 4748 qua
2549 4674 2741 4729 radice
2773 4666 3102 4741 inquinatio
3145 4664 3248 4718 illa
3288 4659 3670 4732 praecesserit,

2026 4772 2164 4844 quia
2204 4769 2357 4841 quod
2392 4762 2671 4837 cogitavit
2700 4760 2914 4827 sciens,
2942 4756 3213 4810 nesciens
3271 4752 3379 4806 hoc
3413 4748 3667 4844 pertulit.

2028 4836 2267 4931 Dropter
2297 4836 2477 4911 talem
2507 4850 2886 4926 pollutionem
2912 4863 2976 4902 eo
3008 4846 3101 4900 die
3132 4860 3165 4898 a
3196 4857 3362 4898 sacro
3395 4836 3669 4909 mysterio

2026 4949 2317 5005 abstinere
2349 4946 2593 5016 oportet.

2024 5062 2155 5113 Car.
2185 5053 2339 5110 CLX.
2375 5054 2456 5106 Ea:
2486 5067 2591 5122 qua
2622 5045 2862 5122 materia
2920 5044 3069 5099 ralia:
3128 5054 3252 5094 cum
3292 5038 3491 5107 patena
3545 5032 3671 5102 ﬁeri

2741 5118 2947 5173 debeat.

2566 5211 2741 5265 Cone.
2780 5208 2967 5273 Rem.,
3000 5218 3048 5256 c.
3080 5201 3135 5254 6.

2099 5306 2201 5376 (De
2224 5304 2492 5359 Consecr.
2528 5302 2664 5355 dist.
2702 5299 2752 5366 1,
2787 5313 2835 5350 c.
2900 5293 2961 5350 Ut
2989 5290 3183 5353 calix.)
3234 5289 3334 5376 Ut-
3364 5281 3515 5337 calix
3560 5280 3668 5336 Do-

2030 5371 2171 5449 mini
2206 5410 2338 5449 cum
2371 5396 2601 5463 patrna,
2635 5387 2682 5442 si
2724 5401 2837 5439 non
2870 5382 2941 5436 de
2990 5394 3129 5433 auro
3179 5371 3443 5436 omnino,
3474 5375 3670 5426 tamen

2028 5503 2095 5540 ex
2128 5461 2515 5555 argento—fiat.
2582 5478 2641 5532 Si
2693 5475 2825 5545 quis
2866 5473 3057 5524 autem
3110 5469 3502 5555 tam-pauper
3557 5461 3666 5555 est,

2029 5551 2238 5629 saltem
2270 5570 2359 5628 vel
2390 5575 2701 5626 stanneum
2734 5560 2972 5617 calicem
2992 5552 3311 5611 habeat.De
3340 5565 3451 5605 tere
3474 5551 3669 5604 autem
