3938 6074
365 257 511 314 1083

1458 256 1522 308 1).
1565 253 1812 309 IVONIS
1845 251 2341 309 CABNOTENSIS
2378 253 2695 309 EPISCOPI

3657 255 3788 311 1084
3849 220 3855 310 ι

368 386 470 438 aut
500 397 568 438 ex
599 379 890 436 auricalco
922 395 1037 436 non
1090 377 1189 432 fiat
1218 375 1386 448 calix,
1420 375 1556 448 quia
1586 375 1658 430 ob
1688 375 1806 431 vini
1835 376 2016 432 virtu~
2045 377 2100 444 Α
2131 377 2306 446 atque
2332 378 2620 432 contexto.
2653 375 2815 432 Sicut
2854 391 3065 449 corpus
3127 378 3354 434 Domini
3415 378 3606 436 nostri
3647 379 3788 435 Jesn
3855 377 3857 382 “

365 476 481 526 tem
515 469 779 540 ruginem
821 469 978 534 facit,
1010 465 1344 538 pariterque
1398 465 1685 520 vomitum
1719 467 2013 536 provocat.

366 558 577 614 Nullus
608 563 803 613 autem
828 556 887 611 in
920 557 1110 627 ligneo
1143 554 1228 610 vel
1259 555 1319 608 in
1351 553 1532 610 vitreo
1587 553 1764 610 calice
1795 571 2014 626 pressu-

371 656 492 704 mat
529 651 768 704 cantare
809 646 1074 701 missam.

369 741 501 793 CAP.
527 738 716 793 CLXI.
749 737 862 792 Non
891 736 946 789 in
978 735 1165 797 serico,
1216 735 1314 789 sed
1349 751 1488 805 puro
1541 733 1685 790 lineo
1736 749 2017 791 consecre-

857 810 950 862 tur
974 806 1312 874 sacriﬁcium
1342 807 1561 862 altaris.

516 897 814 970 Sylvester
856 895 915 949 in
948 895 1176 968 epilogo
1221 895 1380 950 brevi
1414 895 1624 951 concil.
1659 895 1874 951 Romae.

445 988 548 1058 (De
577 987 845 1042 Consecr.
881 985 1021 1040 dist.
1052 985 1102 1050 1,
1137 1000 1186 1039 c.
1222 983 1500 1040 Consulto.
1535 983 1874 1056 (Huicinter
1908 1002 2019 1041 cae-

372 1083 491 1132 tera
523 1074 796 1146 praedicta
825 1072 1091 1129 consulto
1123 1073 1386 1129 omnium
1413 1074 1832 1130 constituimus
1856 1078 1920 1130 ut
1938 1092 2023 1131 sa-

372 1163 660 1222 crificium
695 1161 898 1219 altaris
914 1180 1027 1218 non
1047 1163 1232 1220 serico
1263 1180 1457 1235 panno
1476 1168 1578 1220 aut
1595 1162 1844 1220 intincto
1859 1165 2021 1236 quis-

369 1270 548 1325 quam
581 1251 874 1309 celebrare
915 1256 1252 1326 praesumat,
1300 1253 1403 1308 sed
1454 1252 1513 1308 in
1575 1269 1723 1325 puro
1754 1253 1907 1309 lineo
1949 1255 2021 1309 ab

367 1343 640 1414 episcopo
669 1346 1030 1413 consecrato,
1055 1346 1284 1399 terreno
1319 1341 1545 1399 scilicet
1573 1341 1692 1399 lino
1723 1349 2022 1415 procreato

2127 464 2340 520 Christi
2373 465 2428 519 in
2451 464 2696 521 sindone
2718 465 2870 521 linea
2900 467 3123 522 munda
3143 467 3441 539 sepultum
3471 473 3562 524 est
3585 469 3786 540 (lare.

2130 569 2222 620 xv,
2255 557 2382 609 Luc.
2417 555 2600 626 χχιιι).

2127 697 2264 754 CAP.
2297 698 2504 754 CLXII.
2556 697 2765 754 Divina
2795 700 3066 770 mysteria
3124 701 3458 774 nuptiarum
3507 717 3622 757 non
3651 720 3791 774 prav-

2679 775 2896 826 stentur
2923 772 3236 826 ornatibus.

2664 869 2837 923 Conc.
2871 867 3088 939 Aurel.,
3120 885 3171 924 c.
3198 869 3254 926 8.

2201 983 2305 1056 (De
2331 981 2600 1039 Consecr.
2624 981 2764 1038 dist.
2801 985 2853 1048 1,
2909 1001 2960 1040 c.
3013 984 3098 1040 Ad
3149 986 3521 1057 nuptiarum.)
3584 985 3659 1042 Ut
3724 987 3790 1042 ad

2133 1075 2473 1147 nuptiarum
2497 1078 2772 1130 ornatum
2800 1074 3129 1131 ministeria
3149 1075 3346 1132 divina
3363 1092 3478 1131 non
3504 1081 3792 1147 praesten-

2133 1170 2326 1235 tur,ut
2353 1167 2496 1222 dum
2521 1165 2926 1237 improborum
2959 1171 3116 1222 tactu
3137 1165 3225 1222 vel
3247 1183 3466 1239 pompa
3489 1167 3792 1224 secularis

2135 1255 2378 1310 luxuriae
2410 1254 2857 1327 polluuntur,ad
2888 1255 3149 1312 officium
3181 1255 3332 1312 sacri
3357 1255 3680 1312 ministerii
3710 1257 3790 1311 vi-

2137 1344 2388 1400 deantur
2425 1343 2690 1416 indigna.

1524 1661 1894 1756 LIEBR
1966 1657 2643 1756 SECUNDUS.

853 2016 957 2076 DE
1001 2013 1629 2078 CONSTITUTIONE
1672 2013 2229 2077 ECCLESIARUM
2272 2014 2373 2074 ET
2417 2014 2862 2076 OBLATIONE
2905 2014 3302 2078 FIDELIUM.

737 2169 872 2226 CAP.
906 2169 950 2224 Ι.
983 2169 1057 2224 De
1089 2167 1329 2224 Ecclesia
1367 2167 1668 2223 Catholica.

569 2259 732 2330 Isid.,
763 2258 867 2314 lib.
899 2275 919 2313 ι
948 2260 1024 2314 De
1055 2259 1439 2315 ecclesiasticis
1468 2257 1692 2329 ofﬁciis,
1725 2273 1775 2313 ο.
1810 2257 1860 2311 1.

2057 2169 2105 2234 Β
2134 2181 2356 2222 nonum
2379 2166 2654 2222 instituta
2683 2167 2840 2223 sicut
2869 2166 3178 2224 ecclesiam
3210 2168 3294 2224 ita
3326 2167 3526 2224 dotem
3557 2167 3694 2238 ejus
3724 2167 3791 2222 ad

2143 2254 2573 2312 ordinationem
2607 2255 2866 2329 episcopi
2907 2256 3222 2328 pertinere.

457 2347 712 2404 Ecclesia
742 2348 1006 2404 Grecam
1049 2361 1263 2402 nomen
1293 2351 1382 2402 est
1438 2346 1593 2418 quod
1649 2345 1709 2401 in
1756 2345 2024 2401 Latinum

2207 2379 2275 2418 ιΡ.
2307 2362 2374 2418 ν.
2411 2363 2518 2432 Qui
2543 2363 2726 2419 oblata
2771 2363 3038 2431 ecclesiis,
3072 2371 3170 2420 aut
3224 2369 3549 2420 testamento
3605 2363 3796 2418 relicto

383 2438 630 2493 vertitur
655 2437 1014 2507 convocatio,
1047 2440 1285 2509 propter
1313 2436 1468 2508 quod
1501 2450 1706 2491 omnes
1737 2435 1811 2491 ad
1842 2451 1905 2491 se
1934 2451 2030 2492 vo-

381 2531 494 2582 cet.
528 2527 845 2594 Catholica,
879 2527 936 2582 id
967 2530 1058 2582 est
1083 2525 1456 2594 universalis,
1490 2525 1620 2580 ideo
1653 2524 2033 2594 dicitur,quia

382 2633 482 2688 per
507 2617 848 2672 universum
882 2615 1173 2671 mundum
1204 2619 1295 2670 est
1322 2613 1666 2683 constituta,
1697 2613 1786 2670 vel
1818 2613 2028 2669 Catbo.

381 2704 517 2772 lica,
543 2705 820 2776 quoniam
852 2702 1151 2776 generalis
1180 2703 1241 2759 in
1271 2704 1476 2760 eadem
1509 2703 1776 2759 doctrina
1820 2706 1911 2759 est
1955 2703 2026 2758 ad

381 2794 876 2850 constructionem
905 2794 1022 2850 Dei.

386 2884 520 2938 CAP.
556 2883 623 2938 ll.
663 2883 811 2950 Quod
862 2883 1138 2952 beneﬁciis
1169 2898 1359 2953 regum
1411 2886 1464 2937 et
1498 2883 1809 2954 praemium
1847 2881 2027 2954 fabri-

905 2965 1046 3012 cate
1075 2963 1202 3009 sunt
1234 2955 1500 3011 ecclesiae.

633 3044 712 3098 Ex
736 3043 996 3099 Decretis
1025 3042 1364 3099 Melcbiadis
1397 3059 1579 3115 papae,
1603 3059 1653 3098 c.
1690 3043 1775 3097 1‘2.

449 3131 713 3202 Denique
753 3147 919 3203 reges
944 3136 1002 3188 et
1033 3132 1310 3202 praesides
1368 3147 1436 3187 ac
1487 3132 1868 3203 magistratus
1909 3147 2024 3187 non

376 3220 569 3275 solum
601 3219 935 3290 adjacentia
963 3220 1244 3286 tribuere,
1274 3221 1373 3276 sed
1407 3220 1524 3292 ipsi
1547 3221 1724 3276 etiam
1765 3220 1879 3293 ipsi
1912 3221 2025 3276 lar-

375 3310 478 3381 giti
510 3313 650 3365 sunt
675 3326 777 3381 per
808 3308 1078 3366 universa
1134 3325 1316 3381 regna
1343 3314 1658 3377 terrarum,
1694 3310 1848 3366 unde
1904 3309 2024 3365 ale-

375 3403 579 3454 rentur
608 3405 844 3471 egentes
867 3399 1050 3472 quiin
1086 3399 1307 3454 mundo
1340 3398 1486 3455 nihil
1515 3399 2024 3471 possidebant,ec-

377 3489 684 3560 clesiaaque
707 3487 1337 3561 iabriearentur,atque
1369 3493 1861 3556 restaurarentur,
1891 3490 2026 3544 Deo-

379 3595 493 3650 que
515 3583 571 3634 et
599 3578 868 3634 Ecclesiae
917 3579 1045 3649 ejus
1101 3578 1210 3636 rite
1240 3577 1688 3647 famularentur,
1723 3579 2026 3650 servisque

380 3667 543 3722 illius
574 3664 986 3738 supplementa
1041 3667 1264 3739 absque
1311 3669 1662 3725 necessitate
1703 3668 2025 3725 tribueren-

382 3758 500 3809 tur.

382 3843 517 3899 CAP.
547 3843 643 3900 Ill.
679 3843 829 3911 Quod
856 3847 1186 3901 auctoritate
1209 3845 1555 3903 Constantini
1598 3849 1873 3903 Romanus
1918 3849 2024 3903 im-

589 3922 817 3987 perator
837 3915 1213 3988 principatum
1244 3925 1388 3973 tenet
1412 3919 1578 3974 totius
1607 3917 1822 3974 mundi.

756 4005 837 4061 Ex
867 4006 1124 4062 Decretis
1157 4007 1448 4078 ejusdem,
1480 4023 1528 4064 c.
1565 4007 1652 4062 10.

454 4094 739 4168 Equibus
788 4095 874 4151 vir
936 4093 1362 4168 religiossimus
1433 4095 1852 4152 Constantinus
1910 4094 2026 4169 pri-

386 4201 517 4240 mus
549 4185 724 4240 fidem
749 4184 1014 4240 veritatis
1049 4188 1314 4256 patenter
1331 4185 1910 4258 adeptus,licentiam
1929 4185 2026 4241 de-

384 4275 468 4328 dit
501 4290 600 4345 per
633 4274 974 4330 universum
1002 4275 1290 4330 mundum
1315 4274 1374 4329 in
1406 4291 1512 4330 suo
1545 4275 1824 4347 degentes
1848 4274 2028 4347 impe-

384 4362 491 4430 rio,
525 4378 639 4416 non
672 4359 865 4416 solum
914 4363 1037 4417 ﬁeri
1069 4361 1458 4434 Christianos,
1521 4364 1622 4419 sed
1655 4363 1824 4420 etiam
1855 4363 2028 4421 fabri-

385 4451 603 4505 candas
632 4450 909 4506 ecclesias
966 4455 1024 4506 et
1082 4451 1295 4522 praedia
1345 4452 1655 4508 tribuenda
1698 4453 2022 4509 constituit.

383 4538 645 4610 Denique
679 4540 832 4595 idem
865 4541 1142 4611 praefatus
1162 4542 1434 4614 princeps
1467 4543 1709 4599 donaria
1736 4543 2028 4598 immensa

383 4635 439 4684 et
471 4629 752 4685 fabricam
804 4629 1007 4702 templi
1068 4629 1266 4701 primas
1315 4632 1474 4688 sedis
1531 4631 1683 4688 beati
1742 4631 2026 4704 principis

383 4717 798 4789 Apostolorum
829 4719 1110 4789 instituit,
1133 4721 1275 4776 adeo
1334 4726 1400 4776 ut
1429 4722 1627 4778 sedem
1660 4722 2025 4794 imperialcm

385 4808 479 4864 cui
510 4806 732 4880 quique
763 4809 1003 4864 Romani
1037 4809 1332 4882 principes
1392 4811 1807 4883 praesidebant,
1851 4810 2026 4868 relin-

382 4902 588 4969 queret
618 4898 786 4954 beato
806 4898 972 4954 Petro
986 4899 1231 4970 suisque
1259 4900 1701 4957 successoribus
1722 4901 2025 4973 profutura
2059 4913 2105 4976 Ι)

381 4989 743 5045 concederet.

381 5079 512 5131 CAP.
546 5077 642 5133 IV.
677 5077 827 5146 Quod
865 5078 1176 5134 conditores
1208 5077 1609 5148 :basilicarum
1655 5081 1871 5135 nullam
1926 5081 2023 5136 ha-

453 5150 585 5276 bent!
627 5153 944 5222 potestatem
990 5151 1050 5204 in
1101 5149 1265 5204 rebus
1303 5167 1438 5223 quas
1495 5151 1738 5207 ecclesiis
1780 5153 2026 5209 contule-

450 5239 557 5276 run
593 5261 605 5275 .

879 5313 1048 5365 Conc.
1082 5309 1287 5377 Tolet.,
1343 5327 1392 5366 ο.
1444 5311 1532 5366 32.

452 5397 654 5469 (IO,~"q.
685 5397 816 5470 1,:c.
853 5399 1156 5470 Noverint.)
1189 5399 1462 5456 Noverint
1519 5405 1712 5456 autem
1765 5401 2028 5457 condito-

387 5503 476 5542 res
508 5485 914 5557 basilicarum,
969 5488 1028 5542 in
1088 5487 1266 5544 rebus
1296 5506 1440 5560 quas
1489 5490 1713 5546 eisdem
1767 5490 2030 5546 ecclesiis

384 5573 945 5643 conferunt,nullam
976 5581 1327 5647 potestatem
1360 5578 1706 5651 babere,sed
1731 5579 1902 5651 juxta
1931 5597 2028 5635 ca-

2317 2442 2553 2490 retinere
2604 2438 3046 2507 praesumpserit,
3087 2435 3620 2492 excommunicetur.

2212 2524 2324 2595 (i3,
2359 2541 2415 2595 q.
2446 2525 2502 2590 2,
2535 2541 2585 2580 c.
2618 2525 2864 2595 Clerici.)
2889 2524 3095 2580 Clerici
3127 2529 3322 2580 autem
3361 2523 3453 2580 vel
3480 2523 3790 2580 saeculares

2140 2612 2240 2684 qui
2263 2612 2592 2670 oblationes
2623 2617 2930 2684 parentum
2977 2617 3079 2670 aut
3141 2614 3410 2679 donatas,
3444 2618 3551 2669 aut
3606 2618 3790 2669 testa-

2139 2702 2350 2757 mentis
2384 2702 2616 2758 relictas
2647 2702 2896 2759 retinere
2952 2702 3461 2775 praesumpserint,
3501 2707 3607 2758 aut
3637 2703 3788 2774 quod

2137 2791 2250 2863 ipsi
2274 2791 2621 2848 donaverint
2649 2791 2936 2859 ecclesiis,
2968 2792 3326 2848 crediderint
3375 2792 3784 2853 auferendum,

2135 2880 2224 2936 vel
2257 2880 2818 2948 monasteriis,sicut
2838 2882 3100 2954 synodus
3131 2885 3336 2936 sancta
3364 2879 3678 2937 constituit
3703 2898 3789 2936 ve-

2137 2969 2225 3025 lut
2280 2975 2583 3026 necatores
2639 2985 2988 3042 pauperum,
3049 2986 3358 3042 quousque
3415 2970 3662 3027 redeant
3718 2969 3785 3025 ab

2137 3057 2404 3116 ecclesiis
2433 3059 2840 3117 excludantur.

2135 3167 2269 3222 CAP.
2303 3165 2393 3220 Vl.
2426 3165 2581 3233 Quod
2609 3181 2770 3222 nemo
2799 3165 2954 3222 debet
3009 3164 3288 3236 aediﬁcare
3325 3165 3639 3230 ecclesiam,
3697 3165 3782 3221 in-

2203 3237 2452 3294 consulto
2476 3241 2752 3308 episcopo.
2789 3238 2882 3310 vel
2914 3237 2998 3293 sic
3027 3255 3040 3294 :
3073 3237 3204 3293 Sine
3259 3237 3653 3308 designatione
3670 3242 3783 3310 epi-

2203 3311 2370 3380 δευρί,
2393 3325 2534 3364 nova
2567 3325 2674 3364 non
2703 3308 2982 3366 dedicetur
3002 3311 3249 3365 ecclesia.

2204 3415 2308 3487 (De
2337 3414 2608 3471 Conseer.
2637 3415 2775 3471 dist.
2817 3419 2863 3486 ι,
2898 3432 2948 3472 c.
2997 3419 3168 3472 Nemo
3219 3416 3433 3484 eccles.)
3484 3414 3673 3472 Nemo
3700 3431 3781 3471 ec-

2138 3503 2376 3560 clesiam
2411 3505 2655 3560 aedificet
2684 3512 2998 3576 antequam
3031 3503 3286 3560 civitatis
3342 3504 3661 3576 episCOpus
3693 3521 3780 3560 ve-

2141 3593 2284 3659 niat,
2325 3598 2381 3650 et
2411 3593 2629 3650 ibidem
2651 3609 2883 3650 crucem
2905 3595 3048 3666 ﬁgat
3079 3592 3330 3666 publice,
3350 3598 3409 3649 et
3433 3593 3650 3650 atrium
3680 3594 3778 3649 de-

2137 3682 2350 3755 signet,
2380 3688 2438 3738 et
2467 3687 2603 3738 ante
2634 3683 2945 3755 praefiniet,
2973 3684 3076 3754 qui
3099 3683 3386 3738 aedificare
3406 3681 3692 3754 vult,qum
3714 3683 3780 3737 ad

2136 3770 2474 3837 luminaria,
2505 3776 2562 3827 et
2587 3773 2660 3828 ad
2683 3772 3010 3829 custodiam
3043 3776 3100 3828 et
3149 3772 3219 3827 ad
3264 3771 3559 3844 stipendia
3589 3777 3780 3827 custo-

2137 3861 2279 3918 dum
2311 3861 2632 3929 sufficiant,
2689 3866 2748 3918 et
2794 3865 3028 3918 ostenta
3056 3861 3392 3930 donatione,
3426 3861 3511 3917 sic
3542 3861 3776 3916 domum

2138 3950 2401 4017 adiﬁcet,
2435 3955 2493 4006 et
2523 3955 2834 4022 postquam
2865 3955 3207 4007 consecrata
3230 3951 3426 4018 fuerit,
3457 3950 3608 4006 atria
3637 3951 3780 4021 ejus-

2137 4041 2268 4096 dem
2309 4039 2566 4096 ecclesiie
2598 4044 2803 4096 sancta
2842 4057 2996 4112 aqua
3033 4043 3402 4112 conspergat.

2138 4148 2268 4202 CAP.
2300 4145 2422 4200 VII.
2478 4150 2556 4200 De
2612 4146 2986 4201 oblationibus
3043 4146 3292 4216 ﬁdelium
3339 4155 3467 4217 quot
3512 4148 3781 4218 portiones

2491 4219 2648 4287 ﬁent,
2680 4225 2731 4272 et
2761 4233 2887 4288 quae
2905 4219 3104 4289 cuique
3119 4219 3427 4289 proveniat.

2210 4303 2401 4361 Gelae.
2437 4305 2484 4360 11
2513 4305 2807 4378 episcopis
2839 4322 2940 4378 per
2970 4307 3286 4361 Lucaniam
3336 4310 3395 4362 et
3421 4305 3715 4362 Brutium.

2210 4403 2325 4473 (t2,
2357 4419 2413 4474 q.
2446 4404 2502 4458 2.
2535 4419 2584 4458 c.
2620 4404 2911 4472 Quatuor.)
2931 4406 3194 4469 Quatuor
3248 4408 3370 4458 tam
3401 4404 3472 4459 de
3530 4404 3782 4470 redditu,

2139 4506 2315 4562 quam
2349 4492 2420 4547 de
2449 4491 2746 4548 oblatione
2776 4491 3242 4564 fldelium,prout
3261 4491 3580 4562 cujuslibet
3609 4491 3782 4548 eccle-

2137 4580 2236 4634 siae
2270 4579 2518 4636 facultas
2541 4581 2824 4650 admittit,
2857 4582 3130 4637 convenit
3153 4581 3274 4638 fieri
3311 4580 3782 4653 portionesouo-

2137 4685 2266 4724 rum
2297 4686 2415 4724 una
2437 4670 2500 4724 fit
2529 4669 2843 4740 pontiﬁcis,
2880 4669 2996 4725 alia
3024 4669 3398 4741 clericorum,
3420 4669 3598 4725 tertia
3637 4687 3779 4742 pau-

2137 4774 2367 4829 perum,
2398 4764 2609 4829 quarta
2639 4757 2877 4814 fabricis
2907 4757 3278 4831 applicanda.

2136 4865 2270 4920 CAP.
2303 4864 2453 4920 VIII.
2482 4867 2554 4921 De
2583 4867 2788 4922 eodem.
2827 4867 2900 4922 De
2952 4865 3225 4934 stipendio
3282 4865 3523 4922 ecclesia
3552 4871 3783 4938 quatuor

2615 4939 2812 4994 debent
2839 4937 2963 5009 ﬁeri
2992 4941 3288 5008 portiones.

2353 5030 2550 5098 Greg.,
2573 5044 2724 5098 resp.
2754 5028 2823 5084 ad
2853 5027 3134 5100 interrog.
3167 5027 3191 5082 4
3231 5025 3574 5099 Augustini.

2211 5136 2319 5206 (12,
2343 5152 2401 5207 q.
2433 5138 2488 5206 2,
2521 5152 2572 5192 c.
2604 5136 2710 5190 Mos
2739 5134 2865 5207 est.)
2897 5135 3232 5191 GREGORIUS
3279 5136 3615 5190 Accus'rmo
3646 5138 3781 5190 Can-

2139 5224 2466 5280 tuariorum
2499 5223 2790 5297 episcopo.
2827 5223 2948 5280 Mos
2982 5223 3315 5296 apostolicae
3335 5223 3494 5278 sedis
3524 5227 3617 5278 est
3637 5223 3782 5279 ordi-

2141 5314 2295 5370 natis
2326 5313 2622 5386 episcopis
2644 5317 2930 5385 priecepta
2949 5313 3199 5369 tradere.
3234 5317 3312 5369 De
3352 5313 3668 5384 stipendiis
3698 5329 3780 5369 ec-

2141 5401 2352 5468 clesiae,
2383 5400 2473 5457 vel
2503 5402 2574 5456 de
2605 5400 2698 5456 his
2731 5418 2860 5474 quae
2896 5401 3157 5457 fidelium
3191 5401 3590 5458 oblationibus
3621 5417 3779 5458 acce-

2141 5491 2289 5546 dunt
2319 5489 2507 5558 altari,
2539 5494 2793 5562 quatuor
2813 5491 3029 5546 debent
3061 5490 3186 5545 fieri
3228 5492 3681 5563 portiones,una
3708 5491 3781 5546 vi-

2142 5578 2352 5636 delicet
2376 5579 2651 5652 episcopo
2681 5583 2739 5636 et
2769 5578 3004 5636 familias
3031 5584 3269 5652 propter
3314 5579 3780 5652 hospitalitatem

3849 0 3851 102 l

3849 108 3855 304 ι

3859 664 3863 754 ψ
