4000 6054
222 243 367 300 1085

1544 245 1947 304 PANORMIA.
1973 274 2043 288 -—
2066 249 2209 309 LIB.
2252 250 2323 303 II.

3502 247 3641 304 1086

222 376 404 442 atque
418 368 843 440 susceptionem
868 370 1304 440 peregrinorum
1332 389 1345 439 ;
1384 370 1497 427 alia
1519 371 1749 443 clerico,
1776 376 1884 429 ter-
1912 375 1965 442 Α
1996 372 2298 429 mitiarum
2331 372 2418 428 vel
2441 372 2825 444 decimarum,
2851 388 2952 428 seu
2976 374 3363 439 oblationem,
3390 377 3639 444 quatuor

220 460 309 515 tia
338 458 721 531 pauperibus,
754 462 961 528 quarta
984 459 1043 514 in
1077 460 1339 517 ecclesiis
1372 462 1731 533 reparandis.

224 568 363 623 CAP.
424 565 513 619 IX.
577 566 648 620 De
703 565 1005 620 redditibus
1090 571 1143 620 et
1214 566 1589 624 oblationibus
1643 569 1880 625 ecclesia

336 646 538 693 uatour
561 636 843 710 portiones
893 637 1221 710 presbytero
1268 640 1611 712 dispensanti
1646 642 1878 697 credan-

328 726 417 767 ur.

673 795 893 854 Nicolai
926 796 1259 871 Decretum,
1289 817 1339 856 c.
1370 800 1428 853 9.

301 907 413 978 (12,
470 923 527 978 q.
585 909 641 975 2,
705 923 755 964 c.
789 912 869 963 De
899 906 1250 979 redditibus.)
1284 908 1363 964 De
1408 908 1732 966 redditibus
1764 909 1886 983 pri-

1898 1065 1969 1077 _

1990 468 2183 536 partes
2206 465 2517 536 episcopus
2539 462 2736 533 faciat,
2762 478 3008 534 quarum
3042 463 3148 519 sibi
3173 479 3349 519 unam
3374 464 3636 533 retineat,

1992 554 2309 611 secundam
2332 553 2506 622 clero,
2531 553 2759 608 tertiam
2786 551 3021 607 fabricis
3042 551 3132 606 vel
3161 553 3524 607 ornamentis
3546 570 3637 608 ec-

1994 642 2203 712 clesiae,
2229 647 2499 713 quartam
2532 642 2889 715 pauperibus
2921 640 3256 696 distribuat.
3296 640 3506 696 Nullus
3539 658 3636 696 ve-

1995 747 2057 784 ro
2088 730 2374 787 laicorum
2407 733 2533 788 sine
2564 747 2853 787 consensu
2886 730 3293 802 episcoporum
3326 731 3395 786 de
3423 730 3639 785 talibus

1994 819 2210 876 habere
2239 820 2326 876 vel
2386 821 2683 894 possidere
2715 824 3053 893 praesumat.
3088 821 3251 885 Quod
3295 818 3345 875 si
3378 818 3640 888 fecerint,

1999 911 2414 967 communione
2446 911 2769 984 priventur.

1376 1184 1465 1243 DE
1499 1185 2092 1246 CONSECRATIONE
2126 1188 2501 1250 ECCLESI/E.

232 1330 368 1387 CAP.
432 1334 499 1383 x.
532 1330 904 1387 Dedicationes
932 1332 1293 1388 ecclesiarum
1318 1348 1417 1403 per
1444 1350 1547 1388 vm
1593 1332 1711 1389 dies
1742 1332 1885 1389 cele-

306 1403 555 1459 orandae.
589 1402 691 1457 Vel
720 1402 841 1459 sic:
901 1403 1149 1472 Singulis
1179 1402 1343 1459 annis
1372 1414 1483 1462 octo
1509 1405 1703 1462 diebus
1731 1406 1885 1461 dedi-

304 1476 584 1529 cationum
614 1475 932 1531 solemnitas
961 1483 1045 1531 est
1082 1476 1425 1532 celebranda.

500 1562 656 1618 Felix
685 1564 732 1617 V
764 1580 915 1636 papa
946 1563 1017 1619 ad
1051 1580 1256 1620 omnes
1288 1564 1617 1637 episcOpos.

302 1662 407 1731 (De
436 1663 709 1731 Consecr,
744 1663 881 1720 dist.
909 1666 960 1733 1,
987 1680 1037 1721 c.
1065 1663 1463 1721 Solemnitates
1481 1663 1883 1735 ecclesiarum.)

306 1750 723 1808 Solemnitates
735 1769 868 1809 vero
882 1753 1318 1810 dedicationum
1334 1753 1717 1811 ecclesiarum
1730 1760 1889 1813 etsa-

230 1842 543 1897 cerdotum
578 1856 678 1913 per
707 1841 973 1913 singulos
1004 1859 1190 1899 annos
1222 1846 1363 1900 sunt
1403 1843 1761 1900 celebrandae
1793 1862 1890 1902 so-

232 1931 533 1999 Iemniter,
570 1931 697 2002 ipso
729 1932 973 1986 Domino
1004 1932 1179 1988 dante
1234 1932 1592 2005 exemplum,
1639 1932 1774 2005 quia
1806 1934 1891 1990 fe-

230 2024 390 2076 stum
450 2020 840 2075 dedicationis
900 2021 1178 2076 omnibus
1211 2022 1269 2076 id
1304 2024 1556 2078 faciendi
1588 2023 1735 2079 dans
1772 2025 1888 2079 for-

234 2125 416 2175 mam,
441 2125 575 2163 cum
600 2108 845 2180 reliquis
868 2108 1099 2180 populis
1123 2112 1386 2166 eamdem
1406 2111 1778 2167 festivitatem
1804 2130 1891 2168 ce-

230 2199 570 2253 lebraturus
627 2198 808 2265 venit,
864 2198 1017 2252 sicut
1070 2198 1355 2269 scripturn
1405 2205 1533 2256 est:
1568 2202 1731 2255 Facta
1759 2205 1891 2257 sunt

231 2289 480 2343 encamia
510 2288 570 2342 in
604 2288 1004 2357 Hierosolymis
1033 2294 1082 2342 et
1112 2289 1287 2342 hiems
1316 2292 1457 2356 erat,
1492 2292 1544 2343 et
1572 2290 1891 2346 ambulabat

232 2378 387 2432 Jesus
419 2375 477 2431 in
510 2372 711 2448 templo
742 2376 802 2431 in
831 2376 1053 2447 porticu
1085 2374 1401 2432 Salomonis
1424 2379 1600 2441 (Joan.
1624 2378 1704 2449 Χ).
1725 2379 1887 2446 Quod

234 2468 430 2520 autem
444 2471 574 2520 octo
597 2464 826 2520 dierum
847 2462 987 2535 sint)
1008 2465 1267 2520 encaenia
1286 2464 1717 2535 celebranda,in
1741 2464 1889 2522 libro

235 2553 462 2626 Regum
521 2552 777 2625 perfecta
835 2552 1203 2610 dedicatione
1235 2552 1443 2625 templi
1496 2555 1797 2625 reperietis
1822 2556 1891 2627 (ll

235 2643 364 2713 Reg.
399 2641 507 2712 III).

230 2736 362 2789 CAP.
395 2733 474 2787 XI
508 2730 777 2787 Iteranda
808 2734 887 2786 est
932 2731 1301 2804 ecclesiarum
1330 2730 1628 2801 dedicatio,
1660 2732 1725 2790 de
1754 2750 1889 2804 qua-

607 2818 737 2857 rum
769 2802 1176 2858 consecratione
1205 2803 1517 2860 dubitatur.

432 2893 576 2946 Item
610 2889 763 2946 Felix
794 2908 947 2964 papa
974 2893 1044 2947 ad
1079 2909 1285 2948 omnes
1316 2894 1696 2952 orthodoxae.

308 2989 412 3061 (De
442 2990 734 3059 Consecr,,
766 2988 905 3045 dist.
944 2990 994 3057 1,
1028 3006 1079 3045 c.
1109 2989 1523 3061 Solemnitates,
1542 2994 1569 3060 §
1618 2993 1693 3047 De
1723 2993 1886 3049 eccle-

235 3078 498 3149 siarum.)
552 3080 630 3133 De
680 3076 1059 3134 ecclesiarum
1090 3095 1223 3135 vero
1249 3078 1615 3136 dedicatione
1655 3081 1887 3154 quoties
1918 3087 1960 3153 ο

238 3167 569 3235 dubitatur,
598 3183 702 3222 nec
720 3171 876 3222 certe
888 3168 1200 3240 scriptura,
1227 3186 1333 3225 nec
1354 3168 1495 3225 certi
1517 3174 1695 3225 testes
1715 3170 1892 3241 aqui-

243 3256 356 3311 bus
415 3254 774 3310 coneecratio
835 3254 1077 3327 sciatur,
1109 3256 1327 3328 absque
1376 3256 1496 3313 ulla
1526 3257 1891 3315 dubitatione

241 3345 444 3400 scitote
475 3361 574 3399 eas
605 3360 735 3399 esse
766 3345 1110 3413 sacrandus,
1144 3361 1249 3401 nec
1277 3347 1413 3402 talis
1444 3348 1759 3420 trepidatio
1784 3348 1890 3405 ite-

243 3434 533 3489 rationem
565 3431 833 3504 incurrit,
894 3433 1171 3507 quoniam
1221 3451 1337 3491 non
1371 3441 1733 3492 monstratur
1762 3453 1890 3493 esse

238 3523 539 3588 iteratum,
567 3523 721 3594 quod
755 3522 1015 3578 nescitur
1036 3540 1163 3578 esse
1195 3523 1434 3579 factum.

234 3630 368 3686 CAP.
402 3629 523 3686 XII.
580 3630 841 3687 Ecclesiae
886 3646 1011 3685 cum
1040 3630 1257 3705 dotibus
1286 3633 1402 3686 suis
1432 3633 1491 3686 in
1518 3633 1765 3704 episcopi
1789 3650 1888 3705 po-

794 3709 984 3757 testate
1013 3703 1337 3758 consistunt.

768 3791 942 3846 Conc.
975 3789 1184 3859 Tolet.,
1217 3808 1267 3847 c.
1300 3792 1354 3847 3.

304 3879 416 3950 (10,
446 3895 504 3950 q.
541 3880 591 3947 1,
654 3895 705 3934 c.
740 3879 829 3935 Sic
860 3880 1129 3952 quidam.)
1162 3881 1329 3936 Multi
1361 3885 1564 3938 contra
1594 3900 1885 3939 canonum

234 3968 555 4024 constituta
569 3969 652 4025 sic
665 3968 945 4025 ecclesias
967 3986 1116 4041 quas
1138 3971 1571 4028 aedificaverunt
1586 3973 1890 4044 postulant

238 4058 595 4127 consecrari,
651 4062 714 4112 ut
768 4059 959 4113 dotem
996 4076 1169 4128 quam
1203 4060 1459 4115 ecclesiae
1491 4061 1885 4131 contulerunt,

240 4151 519 4203 censeant
548 4147 621 4201 ad
652 4147 913 4218 episcopi
943 4148 1375 4204 ordinationem
1408 4166 1522 4205 non
1556 4151 1883 4221 pertinere;

231 4236 387 4306 quod
423 4236 647 4291 factum
679 4240 737 4291 et
767 4235 1126 4307 praeteritum
1186 4236 1480 4307 displicet,
1514 4242 1571 4293 et
1598 4238 1657 4292 in
1693 4240 1888 4296 futuro

235 4326 605 4396 prohibetur,
635 4326 735 4380 sed
772 4326 970 4380 omnia
1022 4327 1350 4381 secundum
1400 4329 1887 4386 consuetudinem

235 4416 543 4485 antiquam
578 4415 649 4469 ad
684 4415 943 4487 episcopi
976 4414 1405 4472 ordinationem
1438 4417 1787 4489 pertineant.

236 4521 371 4578 CAP.
400 4521 549 4578 XIII.
586 4523 955 4579 Ecetesiarum
986 4525 1316 4599 consecratio
1341 4526 1543 4597 absque
1570 4542 1742 4582 missa
1762 4526 1889 4599 ﬁeri

906 4610 1015 4649 non
1046 4595 1223 4651 debet.

542 4686 621 4737 Ex
654 4682 904 4738 decretis
934 4682 1183 4739 Evaristi
1215 4700 1402 4757 papa,
1434 4701 1482 4739 c.
1519 4688 1574 4741 4.

306 4770 524 4827 Omnes
580 4770 835 4827 basilicae
872 4786 1028 4825 vcum
1084 4772 1267 4828 missa
1316 4773 1530 4829 debent
1559 4775 1888 4831 consecrari

234 4874 492 4931 semper.

240 4966 377 5022 CAP.
411 4965 553 5021 XIV.
587 4964 829 5042 Ecclesia
858 4967 1025 5021 semel
1070 4967 1523 5042 Deoconsecrata.
1556 4971 1781 5042 quando
1810 4980 1890 5028 est

756 5040 955 5093 iterum
984 5040 1371 5095 consecranda.

595 5128 679 5182 Ex
710 5127 958 5182 decretis
988 5127 1130 5183 Julii
1166 5146 1347 5201 papas,
1395 5145 1444 5185 c.
1477 5132 1530 5185 4.

306 5236 407 5306 (De
439 5234 711 5289 Consecr.
773 5232 911 5288 dist.
972 5233 1028 5300 1,
1058 5251 1109 5290 c.
1143 5237 1214 5292 De
1268 5238 1527 5308 fabrica.)
1558 5237 1638 5293 De
1673 5237 1892 5294 fabrica

230 5322 547 5394 cujuslibet
576 5322 856 5391 ecclesiae,
890 5320 939 5377 si
980 5323 1212 5395 dirupta
1244 5325 1439 5392 fuerit,
1482 5327 1889 5396 instauranda,

228 5416 285 5468 et
316 5413 365 5468 si
423 5412 482 5467 in
544 5427 611 5467 eo
656 5411 783 5467 loco
818 5412 1278 5468 consecrationis
1313 5414 1652 5469 solemnitas
1685 5415 1894 5471 debeat

234 5500 459 5569 iterari,
490 5500 551 5554 in
584 5516 701 5571 qua
730 5500 1065 5557 sanctuaria
1102 5517 1216 5557 non
1249 5504 1467 5558 iuerint
1498 5504 1712 5570 diruta,
1744 5503 1893 5559 nihil

218 5589 570 5658 judicamus
592 5589 845 5657 officere,
879 5588 928 5645 si
959 5604 1063 5661 per
1086 5605 1215 5647 eam
1251 5590 1496 5649 minime
1543 5608 1698 5663 aqua
1727 5610 1893 5651 exor-

1998 1336 2451 1407 cizatajacetur,
2476 1336 2613 1409 quia
2652 1334 3091 1393 consecratione
3116 1333 3433 1404 cuiuslibet
3463 1334 3647 1389 eccle-

1998 1424 2117 1491 sias,
2143 1425 2201 1480 in
2229 1442 2406 1497 quam
2433 1427 2686 1499 Spiritus
2707 1428 2891 1481 sancti
2923 1443 3022 1481 ara
3054 1441 3167 1480 non
3213 1425 3470 1496 ponitur,
3498 1424 3648 1479 cele—

1996 1514 2275 1572 britatem
2307 1520 2505 1571 tamen
2568 1515 2791 1571 scimus
2845 1530 2975 1571 esse
3022 1514 3362 1570 missarum.
3398 1514 3464 1567 Et
3494 1513 3646 1579 ideo,

1995 1605 2044 1659 si
2098 1621 2216 1676 qua
2270 1609 2609 1661 sanctorum
2667 1602 2909 1661 basilica
2956 1619 2989 1659 a
3022 1602 3422 1658 fundamentis
3470 1601 3645 1658 etiam

1918 1713 1965 1779 Β
1994 1709 2109 1748 non
2144 1691 2321 1749 fuerit
2377 1692 2671 1764 innovate,
2721 1690 2850 1749 sine
2879 1690 3081 1765 aliqua
3109 1690 3475 1747 dubitatione
3507 1707 3640 1746 cum

1998 1785 2057 1838 in
2090 1800 2156 1839 ea
2189 1782 2500 1839 missarum
2530 1782 2878 1839 eolemnitas
2910 1781 3085 1837 fuerit
3123 1780 3434 1852 celebrata,
3464 1781 3644 1837 totius

1999 1872 2385 1929 sanctificatio
2441 1871 2899 1928 consecrationis
2959 1869 3340 1941 implebitur:
3402 1870 3451 1925 si
3508 1886 3643 1925 vero

2000 1960 2335 2017 sanctuaria
2360 1977 2483 2032 qua:
2516 1960 2789 2027 habebat,
2817 1958 3011 2016 ablata
3033 1961 3189 2026 sunt,
3215 1974 3421 2014 rursus
3442 1974 3643 2015 eorum

1999 2050 2379 2122 dispositione
2410 2055 2466 2107 et
2497 2051 2811 2105 missarum
2860 2049 3233 2105 solemnitate
3262 2047 3645 2104 reverentiam

1999 2139 2482 2196 sanctificationis
2512 2139 2778 2210 accipiet.

1999 2228 2134 2285 CAP.
2186 2227 2303 2283 XV.
2364 2228 2519 2297 Quod
2577 2229 2692 2284 loca
2745 2229 2847 2284 Deo
2877 2228 3156 2292 dedicata,
3186 2242 3297 2283 non
3325 2226 3519 2280 debent
3547 2228 3642 2295 ﬁe-

2070 2301 2125 2356 ri
2182 2301 2501 2356 habitacula
2560 2300 2890 2358 saecularia.
2949 2299 3051 2354 Vel
3122 2299 3243 2353 sic:
3322 2298 3448 2366 ρυω
3485 2298 3648 2352 semet

2069 2396 2197 2445 sunt
2224 2388 2473 2445 dedicata
2502 2389 2861 2456 monasteria,
2910 2402 3126 2457 semper
3154 2385 3489 2441 monasteria
3519 2402 3644 2457 per-

2069 2470 2338 2517 severam.

2451 2550 2648 2618 (Cone.
2681 2547 2977 2617 Cbalced.,
3010 2564 3060 2603 c.
3094 2548 3186 2603 24.

2070 2639 2181 2711 (19,
2216 2656 2272 2711 q.
2307 2639 2361 2709 3,
2395 2654 2444 2707 c,
2478 2642 2613 2710 Quae
2640 2636 2857 2705 semel.)
2890 2636 2959 2693 Ut
2988 2636 3113 2691 loca
3144 2652 3272 2708 quae
3320 2633 3502 2691 semei
3533 2638 3646 2689 Deo

2000 2729 2194 2784 dicata
2224 2732 2363 2784 sunt
2390 2732 2492 2783 aut
2521 2725 2873 2782 monasteria
2915 2727 3174 2791 fuerunt,
3208 2730 3485 2780 maneant
3517 2741 3647 2796 per-

2000 2823 2175 2891 petuo
2208 2818 2291 2873 sic
2320 2836 2333 2886 ;
2359 2834 2474 2874 non
2498 2818 2748 2889 possunt
2773 2814 2925 2870 ultra
2948 2814 3071 2870 fieri
3094 2814 3399 2870 saecularia
3419 2812 3649 2868 habita—

2000 2908 2153 2964 cuia.

1999 2997 2133 3053 CAP.
2166 2996 2312 3053 XVI.
2350 2998 2407 3053 In
2454 3011 2615 3051 usum
2656 2994 2929 3050 laicorum
2967 3009 3077 3050 non
3126 2994 3253 3050 licet
3280 2992 3523 3048 converti
3570 2990 3641 3046 li-

2486 3083 2598 3139 gna
2626 3066 2871 3123 ecclesia
2896 3066 3162 3121 dedicata.

2312 3155 2393 3212 Ex
2425 3155 2677 3211 Decretie
2704 3154 2947 3227 Eugenii
2979 3170 3162 3227 papae,
3198 3169 3246 3209 c.
3279 3152 3333 3208 3.

2072 3246 2174 3318 (De
2230 3243 2503 3302 Consecr.
2564 3244 2701 3299 dist.
2751 3245 2800 3309 1,
2835 3259 2883 3299 c.
2919 3243 3139 3315 Ligna.)
3174 3242 3355 3314 Ligna
3386 3240 3645 3299 ecclesia:

2003 3336 2289 3401 dedicata,
2341 3352 2456 3389 non
2490 3333 2703 3388 debent
2733 3334 2804 3387 ad
2839 3332 2996 3386 aliud
3030 3349 3178 3403 opus
3202 3330 3395 3402 jungi,
3430 3330 3539 3387 nisi
3574 3331 3644 3385 ad

2000 3423 2173 3479 aliam
2204 3423 2535 3492 ecclesiam,
2562 3420 2651 3475 vel
2682 3421 2803 3492 igni
2836 3418 3254 3489 comburenda,
3284 3418 3370 3474 vel
3405 3421 3475 3474 ad
3510 3436 3647 3491 pro-

2000 3514 2213 3568 fectum
2244 3513 2303 3567 in
2336 3508 2762 3566 monasterium
2787 3508 3086 3563 fratribus.
3113 3509 3175 3562 In
3203 3507 3487 3563 laicorum
3509 3525 3643 3563 vero

1998 3621 2107 3659 usu
2143 3618 2257 3657 non
2290 3600 2502 3655 debent
2528 3597 2782 3654 admitti.

1997 3693 2129 3748 CAP.
2164 3691 2343 3747 XVII.
2378 3692 2587 3760 Absque
2616 3686 2861 3760 episcopi
2880 3688 3155 3759 permissu
3172 3689 3231 3743 in
3256 3686 3488 3743 ecclesia
3517 3703 3643 3743 con-

2390 3759 2601 3817 secrata
2628 3775 2737 3815 non
2768 3759 3025 3831 erigatur
3052 3760 3247 3815 altare.

2352 3856 2434 3909 Ex
2463 3854 2721 3909 Decretie
2754 3852 3077 3907 Hormisdae
3102 3869 3286 3923 papae.

2069 3947 2172 4018 (De
2203 3945 2473 4001 Consecr.
2534 3943 2672 3998 dist.
2707 3943 2757 3997 1.
2791 3959 2842 4008 c,
2874 3942 3072 3997 Nullus
3096 3940 3302 4012 presb.)
3346 3940 3417 3995 Ut
3448 3938 3647 3993 nullus

1998 4037 2301 4111 presbyter
2330 4034 2387 4088 in
2419 4031 2666 4089 ecclesia
2722 4036 3080 4096 consecrata,
3136 4029 3294 4085 aliud
3326 4028 3507 4084 altare
3532 4028 3645 4083 eri-

1998 4132 2118 4199 gat,
2154 4124 2267 4181 nisi
2301 4124 2455 4195 quod
2488 4123 2560 4177 ab
2600 4120 2871 4192 episcopo
2904 4118 3014 4174 loci
3036 4117 3122 4173 vel
3145 4119 3274 4188 ejus
3297 4118 3478 4173 misso
3510 4134 3646 4172 san-

1998 4216 2321 4273 ctificatum
2351 4216 2459 4280 est,
2493 4216 2557 4264 ut
2587 4210 2663 4265 sit
2695 4208 2971 4264 discretio
3004 4207 3157 4262 inter
3183 4222 3416 4261 sacrum
3451 4210 3509 4261 et
3529 4222 3644 4260 non

1998 4319 2252 4361 sacrum.
2288 4301 2401 4358 Nec
2436 4298 2861 4354 dedicationem
2898 4298 3079 4369 fingat
3113 4296 3223 4351 nisi
3267 4296 3369 4350 sit.
3404 4296 3564 4361 Quod
3598 4295 3647 4350 si

2004 4392 2220 4458 iecerit,
2281 4389 2329 4444 si
2363 4388 2608 4443 clericus
2640 4390 2748 4454 est,
2782 4386 3170 4457 degradetur:
3206 4384 3254 4439 si
3284 4385 3472 4439 laicus
3504 4402 3646 4440 ana-

1922 4458 1966 4521 D
1999 4481 2433 4539 tbematizetur.

1997 4574 2134 4629 CAP.
2166 4570 2361 4628 XVIII.
2395 4568 2798 4624 Consecrentur
2824 4568 3068 4622 ecclesia
3097 4566 3162 4622 de
3185 4582 3423 4637 quarum
3453 4581 3641 4621 conse-

2531 4642 2779 4695 cratione
2804 4640 3109 4695 dubitatur.

2468 4731 2644 4787 Cone.
2680 4729 3002 4795 Meldense,
3034 4746 3084 4784 c.
3115 4730 3171 4784 8.

2069 4826 2173 4893 (De
2227 4824 2495 4880 Consecr.
2559 4822 2697 4877 dist.
2762 4825 2810 4890 1,
2870 4836 2918 4875 c.
2972 4819 3234 4875 Ecclesiae
3290 4817 3372 4873 vel
3421 4815 3544 4883 alt.)
3576 4814 3648 4869 Ut

1997 4914 2255 4970 ecclesiae
2286 4914 2371 4968 vel
2405 4911 2607 4967 altaria
2631 4927 2756 4982 qua:
2787 4908 3064 4979 ambigua
3082 4909 3220 4963 sunt
3241 4906 3312 4959 de
3338 4918 3646 4959 consecra-

1999 5006 2179 5068 tione,
2234 5006 2667 5071 consecrentur,
2728 5004 2786 5054 et
2843 4996 3143 5071 superflua
3172 4993 3379 5050 altaria
3417 4992 3649 5046 destru-

2000 5098 2192 5148 antur.

1998 5184 2134 5239 CAP.
2197 5182 2355 5236 XIX.
2389 5180 2451 5236 Si
2511 5181 2571 5234 in
2628 5179 2854 5234 ecclesia
2882 5177 2999 5246 iam
3028 5174 3344 5229 consecrata
3363 5169 3643 5246 cadavera

2071 5260 2415 5309 mortuorum
2471 5252 2835 5323 sepeliuntur,
2882 5239 3031 5323 licet
3088 5247 3147 5298 in
3175 5260 3257 5323 _ea
3286 5245 3481 5297 missas
3508 5239 3645 5295 cele-

2074 5326 2232 5381 brare
2260 5327 2311 5380 si
2335 5314 2547 5380 tantum
2576 5324 2768 5394 ﬁdeles
2797 5319 3007 5391 fuerint
3033 5314 3252 5387 sepulti.

2494 5413 2667 5467 Cone.
2709 5406 3157 5480 Agrippinense.

2075 5504 2178 5574 (De
2208 5502 2480 5560 Consecr.
2539 5500 2676 5555 dist.
2714 5502 2763 5567 1,
2797 5514 2846 5552 c.
2898 5492 3248 5565 Ecclesium.)
3298 5490 3556 5547 Ecclesia
3587 5490 3647 5546 in

2003 5610 2121 5665 qua
2147 5592 2431 5649 cadavera
2491 5593 2860 5646 mortuorum
2894 5582 3223 5640 infidelium
3264 5579 3648 5654 sepeliuntur,
