3938 6074
363 197 387 252 1
402 197 508 252 087

1465 202 1533 254 D.
1579 198 1819 254 lVONIS
1855 197 2354 257 CARNOTENSIS
2391 203 2713 266 EPISCOPI

3664 207 3824 262 1088

362 321 724 378 sanctiﬁcare
746 320 927 377 altare
952 321 1272 378 nonliccat.
1301 321 1358 378 Si
1385 307 1579 377 autem
1605 325 2007 377 consecratum
2044 323 2097 390 Α
2133 340 2248 397 qua
2305 342 2570 398 paganus
2621 327 2890 400 sepultus
2948 333 3055 395 est,
3090 346 3203 384 non
3239 329 3411 387 liceat
3449 335 3818 388 consecrari

363 410 526 482 prius
555 411 668 466 fuit
699 410 918 466 missas
951 411 1088 467 licet
1119 410 1398 467 celebrari
1431 411 1489 466 in
1521 427 1612 466 ea.

363 509 496 566 CAP.
545 509 660 565 XX.
719 509 913 577 Quand
967 510 1193 566 ecclesia
1247 514 1327 565 est
1384 511 1585 565 iterum
1622 508 2012 579 consecranda,

717 591 769 637 et
796 581 1003 636 salibus
1032 585 1249 636 tantum
1267 581 1654 638 exorcizanda.

672 671 746 726 Ex
782 669 1033 726 Decretis
1062 671 1307 744 Eugenii
1338 688 1527 743 papas,
1561 687 1611 727 c.
1645 672 1698 726 4.

437 760 538 829 (Do
586 760 855 816 Consecr.
902 758 1038 816 dist.
1076 760 1128 825 1,
1187 776 1237 816 c.
1289 759 1354 816 Si
1385 760 1635 832 motum.)
1680 760 1738 815 Si
1787 763 2014 817 motum

367 849 540 905 fuerit
571 848 774 919 altare,
799 849 990 904 denuo
1019 855 1396 905 consecretur
1427 849 1694 905 ecclesia.
1737 849 1796 904 Si
1828 848 2014 920 parie-

367 945 453 994 tes
486 940 809 1003 mutantur,
844 940 900 992 et
923 954 1033 993 non
1059 937 1264 1006 altare,
1291 938 1519 994 salibus
1543 942 1770 994 tantum
1796 936 2014 993 exorci-

365 1031 546 1082 zetur.

366 1116 502 1171 CAP.
560 1114 708 1170 XXI.
746 1113 896 1182 Quod
951 1123 1178 1186 propter
1205 1116 1544 1171 adulterium
1576 1120 1626 1172 et
1657 1114 2016 1172 homicidium

719 1189 825 1241 tota
857 1186 1048 1241 debeat
1076 1189 1386 1242 consecrari
1413 1190 1659 1244 ecclesia.

756 1276 835 1330 Ex
867 1275 1119 1331 Decretis
1151 1277 1443 1345 ejusdem,
1484 1294 1533 1333 c.
1565 1278 1619 1332 6.

433 1365 517 1435 (C.
579 1364 629 1433 1,
688 1363 761 1418 Dc
790 1366 1041 1420 Consecr.
1074 1366 1258 1421 eccles.
1291 1365 1352 1420 in
1383 1367 1465 1438 6.)
1494 1367 1549 1420 Si
1581 1363 1899 1422 homicidio
1926 1360 2014 1419 vel

362 1451 650 1509 adulterio
679 1452 921 1509 ecclesia
951 1452 1162 1510 violata
1194 1454 1390 1524 fuerit,
1427 1453 1884 1528 diligentissime
1915 1469 2015 1508 ex-

363 1545 668 1614 purgetur,
697 1545 755 1597 et
787 1542 981 1598 denuo
1011 1549 1406 1600 consecretur.

367 1642 498 1697 CAP.
533 1639 708 1695 XXII-
739 1639 858 1696 Non
909 1645 987 1696 est
1028 1641 1396 1698 consecranda
1427 1642 1658 1699 ecclesia
1688 1643 1746 1698 in
1779 1657 1887 1712 qua
1910 1647 2013 1709 pa-

787 1729 967 1781 ganus
995 1714 1244 1784 sepultus
1277 1713 1581 1770 invenitur.

908 1804 1078 1858 Cone.
1118 1803 1331 1870 Aurel.,
1363 1820 1414 1859 c.
1446 1805 1502 1858 6.

439 1891 460 1959 (
492 1889 573 1945 De
611 1892 879 1945 Consecr.
916 1890 1054 1946 dist.
1089 1892 1143 1959 1,
1175 1907 1224 1946 c.
1259 1891 1560 1964 Ecclesia.)
1591 1889 1911 1946 Ecclesiam
1957 1887 2017 1943 in

2125 429 2312 485 neque
2343 413 2404 469 in
2433 431 2503 471 ea
2533 416 2747 473 missas
2779 416 3111 487 celebrare;
3144 419 3244 475 sed
3270 419 3493 491 jactare
3527 421 3734 487 foras,
3763 427 3816 476 et

2125 503 2400 558 mundari
2431 509 2683 577 oportet,

2125 637 2258 694 CAP.
2294 637 2468 696 XXIII
2500 641 2573 696 De
2600 639 2830 717 ecclesia
2886 642 2943 697 in
2979 658 3114 717 qud
3143 642 3411 699 cadavera
3453 644 3727 717 ﬁdelium
3763 657 3811 702 et

2587 713 2903 783 inﬁdelium
2931 713 3309 781 sepeliuntur.

2533 810 2708 868 Cone.
2741 811 3191 886 Agrippinense,
3226 831 3273 868 c.
3303 813 3358 871 3.

2196 925 2301 998 (De
2352 926 2622 983 Consecr.
2689 927 2826 982 dist.
2865 932 2914 995 1,
2947 945 2998 994 c,
3040 927 3389 1001 Ecclesium.)
3425 931 3805 987 Eccclesiam

2126 1015 2183 1070 in
2218 1031 2335 1087 qua
2366 1019 2732 1071 mortuorum
2768 1017 3048 1073 cadavera
3071 1017 3393 1074 inﬁdelium
3419 1019 3808 1090 sepeliuntur

2125 1103 2495 1160 sanctiﬁcare
2553 1123 2670 1161 non
2728 1105 2885 1172 licet,
2946 1107 3048 1162 sed
3107 1107 3156 1163 si
3215 1113 3354 1180 apta
3408 1109 3655 1164 videtur
3724 1112 3799 1164 ad

2124 1195 2614 1262 conseerandum,
2675 1194 2810 1250 inde
2863 1195 3080 1251 evulsis
3137 1198 3481 1268 corporibus
3540 1203 3603 1254 et
3636 1199 3800 1254 rasis

2125 1283 2449 1354 parietibus
2479 1283 2565 1339 vel
2596 1282 2776 1355 lignis
2806 1285 2934 1355 ejus
2968 1285 3100 1352 loci,
3133 1286 3578 1343 aediﬁcentur.

2611 1405 2750 1457 CAP.
2782 1400 2970 1457 XXIV.
3004 1403 3079 1457 De
3102 1402 3310 1459 eodem.

2531 1499 2706 1556 Conc.
2741 1499 3190 1573 Agrippinense,
3223 1518 3276 1558 c.
3309 1503 3363 1558 3.

2197 1615 2295 1688 (De
2325 1615 2601 1672 Consecr.
2661 1615 2803 1672 dist.
2839 1616 2891 1682 1,
2923 1632 2972 1671 c.
3006 1617 3328 1686 Ecclesium,
3360 1618 3519 1686 §Sed
3548 1619 3606 1673 si
3631 1619 3792 1691 haec.)

2041 1701 2090 1768 B
2121 1708 2179 1762 Si
2231 1705 2354 1761 haec
2412 1708 2753 1761 consecrata
2803 1703 2981 1761 fuerit
3037 1707 3224 1778 prius,
3260 1707 3472 1763 missas
3497 1709 3559 1764 in
3593 1725 3664 1763 ea
3697 1724 3791 1763 ce-

2126 1795 2353 1852 lebrare
2385 1794 2540 1862 licet,
2572 1795 2620 1850 i
2653 1799 2852 1851 tamen
2884 1794 3090 1852 ﬁdeles
3121 1795 3340 1852 fuerint
3371 1796 3472 1869 qui
3504 1797 3565 1853 in
3597 1814 3669 1853 ea
3703 1813 3796 1853 se-

2130 1885 2280 1958 pulti
2312 1887 2472 1940 sunt.

1780 2167 1874 2224 DE
1911 2163 2375 2224 SEPULTURIS.

369 2294 507 2351 CAP.
564 2293 730 2349 XXV.
768 2295 864 2350 'De
894 2295 1226 2365 sepeliendis
1281 2297 1340 2350 in
1377 2295 1639 2366 ecclesiis,
1672 2299 1725 2350 el
1755 2297 1813 2349 ul
1841 2293 2028 2348 nullus

801 2368 1120 2437 sepulturas
1149 2367 1357 2423 violare
1387 2367 1608 2422 audeat.

808 2458 979 2511 Conc.
1015 2455 1331 2525 Meldense,
1365 2471 1491 2528 cap.
1525 2456 1591 2509 10

450 2561 524 2618 Ut
583 2577 754 2620 nemo
812 2561 1135 2634 quemlibet
1167 2566 1464 2618 mortuum
1498 2562 1557 2618 in
1589 2559 1832 2618 ecclesia
1858 2559 2028 2632 quasi

377 2651 744 2708 hmreditario
767 2651 923 2722 jure,
945 2651 1056 2706 nisi
1082 2669 1255 2724 quem
1289 2653 1602 2726 episcopus
1636 2651 2026 2707 autsaeerdos

379 2759 482 2814 pro
513 2740 796 2813 qualitate
829 2741 1289 2797 conversationis
1322 2745 1377 2797 et
1405 2741 1534 2796 vita:
1568 2741 1815 2812 dignum
1851 2740 2028 2794 duxe-

377 2830 473 2900 rit,
510 2829 757 2901 sepelire
791 2834 1128 2900 presumat,
1151 2845 1255 2884 nec
1281 2831 1594 2901 quisquam
1619 2845 1754 2884 ossa
1787 2827 2031 2897 cujusli-

2138 2292 2302 2362 peret
2357 2291 2691 2362 argentum,
2751 2287 2886 2345 licet
2927 2293 3169 2362 cogente
3199 2289 3519 2358 Abraham,
3547 2307 3662 2346 vau
3695 2290 3790 2347 lit-

2134 2382 2280 2447 tera,
2313 2395 2440 2451 quaa
2471 2379 2626 2451 apud
2659 2377 2791 2434 illos
2810 2395 2914 2451 pro
2937 2393 2966 2433 ο
2987 2378 3223 2452 legitur,
3238 2379 3431 2436 ablata
3445 2381 3664 2451 deejus
3687 2398 3794 2437 no-

2137 2468 2296 2524 mine
2325 2471 2434 2538 est,
2467 2471 2526 2522 et
2555 2483 2659 2538 pro
2690 2483 2756 2522 eo
2787 2467 3019 2538 Ephron
3075 2467 3406 2541 appellatus
3436 2473 3527 2524 est
3559 2470 3787 2542 Ephau,

2137 2555 2507 2629 signiﬁcante
2528 2555 2850 2628 Scriptura,
2874 2573 2989 2612 non
3013 2573 3145 2612 eum
3163 2556 3344 2613 fuisse
3361 2563 3790 2614 consummata:

2138 2650 2193 2702 et
2214 2646 2481 2718 perfectae
2501 2645 2753 2715 virtutis,
2776 2645 2875 2718 qui
2894 2645 3149 2718 potuerit
3169 2647 3416 2702 vendere
3438 2647 3788 2703 memoriam

2138 2739 2529 2790 mortuorum.
2561 2734 2762 2790 Sciant
2792 2735 2974 2806 igitur
3004 2735 3102 2808 qui
3125 2735 3388 2807 sepulcra
3410 2737 3681 2792 vendunt
3699 2754 3793 2791 vo-

2136 2823 2412 2889 luntarie,
2434 2828 2492 2879 et
2521 2841 2636 2879 non
2668 2829 2957 2897 coguntur
2987 2831 3052 2880 ut
3071 2825 3362 2898 accipiant
3380 2827 3663 2898 pretium,
3687 2827 3784 2880 sed

376 2919 474 2976 bet
507 2917 721 2973 mortui
749 2917 820 2972 de
850 2917 1121 2988 sepulcro
1145 2934 1250 2972 suo
1281 2919 1512 2988 ejicere,
1539 2922 1642 2972 aut
1663 2917 2023 2988 sepulturam
2055 2931 2099 2998 C
2140 2931 2174 2969 a
2201 2913 2540 2970 nolentibus
2572 2915 2893 2986 quidquam
2927 2920 3291 2984 extorquent,
3325 2917 3538 2972 mutari
3575 2933 3788 2971 nomen

376 3008 732 3078 cujusquam
788 3005 1099 3061 temerario
1161 3023 1309 3061 ausu
1342 3005 1754 3078 quoquomodo
1808 3003 2026 3060 violare

375 3095 610 3164 audeat,
634 3093 736 3149 sed
763 3093 1460 3165 unumquemqueinloco
1486 3094 1597 3149 sibi
1629 3112 1664 3150 a
1688 3093 1805 3150 Deo
1823 3097 2025 3165 parato

375 3187 550 3254 atque
608 3198 884 3238 concesso
942 3183 1259 3238 adventum
1317 3182 1658 3254 suijudicis
1700 3180 2026 3254 praestolari

375 3271 710 3328 concordat.

371 3378 506 3434 CAP.
554 3377 746 3436 XXVI.
805 3380 1198 3452 Etiamrcoacti
1226 3379 1294 3434 de
1322 3379 1610 3452 sepultura
1642 3379 1886 3451 pretium
1915 3393 2028 3434 non

930 3451 1184 3507 debemus
1214 3453 1488 3523 accipere.

691 3541 932 3596 Hieron.
971 3540 1031 3596 in
1072 3541 1277 3608 Quaest.
1310 3542 1502 3608 Helm,
1532 3557 1579 3596 c.
1615 3539 1704 3594 23.

444 3627 557 3699 (13,
593 3643 651 3699 q.
709 3628 766 3694 2,
826 3644 876 3682 c.
909 3629 1205 3700 Postquam
1235 3629 1458 3700 pretio.)
1492 3629 1809 3700 Postquam
1845 3627 2027 3699 pretio

376 3714 564 3770 victus
595 3718 686 3770 est
715 3715 946 3788 Ephron
979 3726 1044 3772 ut
1073 3716 1405 3788 sepulcrum
1436 3717 1733 3785 venderet,
1786 3721 1842 3771 et
1872 3715 2028 3772 acci-

2139 3020 2337 3070 suum,
2365 3008 2422 3058 et
2451 3003 2641 3076 perire
2669 3003 2804 3074 quid
2841 3005 2909 3058 de
2940 3004 3148 3060 merito
3180 3021 3406 3073 eorum,
3437 3021 3577 3060 cum
3610 3007 3785 3060 etiam

2136 3090 2234 3148 ille
2265 3092 2727 3164 reprehendatur
2756 3093 2981 3149 occulte
3011 3093 3112 3164 qui
3141 3093 3359 3150 invitus
3379 3094 3626 3166 accepit.

2269 3180 2406 3235 CAP.
2441 3181 2672 3236 XXVII.
2709 3183 2816 3237 Pro
2844 3183 3133 3251 sepultura
3161 3182 3310 3238 nihil
3335 3182 3658 3255 petendum.

2696 3270 3013 3342 Gregorius
3043 3289 3214 3344 papa.

2207 3359 2329 3416 Peti
2360 3375 2494 3414 vero
2526 3361 2628 3413 aut
2659 3357 2880 3431 aliquid
2913 3359 3064 3432 exigi
3097 3361 3340 3417 omnino
3383 3361 3794 3434 prohibemus,

2137 3465 2230 3519 ne,
2259 3449 2412 3520 quod
2445 3447 2840 3520 irreligiosum
2873 3448 3040 3504 valde
3071 3454 3179 3517 est,
3198 3453 3300 3505 aut
3317 3450 3541 3508 venalis
3563 3451 3791 3510 dicatur

2138 3537 2414 3608 Ecclesia,
2447 3541 2548 3592 aut
2580 3553 2676 3592 vos
2730 3536 3048 3592 videamini
3081 3539 3152 3594 de
3181 3537 3465 3595 humanis
3498 3541 3790 3596 mortibus

2137 3625 2440 3698 gratulari,
2473 3625 2523 3681 si
2555 3642 2623 3682 ex
2651 3642 2854 3682 eorum
2888 3627 3296 3698 cadaveribus,
3333 3629 3630 3684 studentis
3648 3647 3787 3701 qua:-

2138 3731 2263 3771 rere
2291 3715 2551 3786 quolibet
2581 3715 2752 3770 modo
2781 3717 3219 3787 compendium.

1356 3995 1441 4050 DE
1471 3993 1979 4051 'PRESBYTERIS
2019 3996 2103 4050 ET
2143 3993 2390 4050 EORUM
2431 3994 2808 4051 ECCLESIIS.

374 4126 504 4177 CAP.
540 4121 783 4178 XXVIII.
845 4121 999 4190 Quod
1028 4121 1229 4175 altaria
1259 4121 1662 4175 revelationum
1689 4137 1789 4191 per
1814 4123 2028 4176 somnia

444 4195 730 4249 hominum
743 4193 1067 4260 adinventa,
1087 4193 1473 4264 reprobantur.
1499 4191 1598 4246 Vel
1621 4192 1705 4264 sic
1724 4208 1743 4245 :
1763 4192 2027 4247 Evertan-

443 4271 535 4320 tur
547 4266 757 4321 altarid
777 4282 896 4336 quae
924 4268 1051 4320 sine
1079 4263 1400 4319 sanctorum
1428 4263 1683 4335 reliquiis
1710 4264 2026 4333 eriguntur.

865 4357 1042 4411 Coac.
1081 4353 1262 4408 Afrie.
1290 4370 1338 4408 c.
1375 4353 1463 4407 14.

2140 4119 2394 4182 somnia.
2425 4124 2482 4176 ct
2512 4135 2615 4191 per
2643 4119 2848 4175 inanes
2877 4120 3049 4190 quasi
3088 4119 3471 4176 revelationes
3503 4136 3784 4192 quorum-

2137 4209 2282 4264 libet
2301 4208 2633 4274 hominum,
2660 4207 2998 4280 ubicunque
3019 4212 3364 4264 statuuntur
3383 4207 3592 4266 altaria
3618 4212 3789 4267 omni-

2141 4297 2314 4353 modo
2347 4298 2752 4368 reprobantur.

2183 4425 2272 4462 AP.
2306 4407 2494 4463 XXIX.
2529 4407 2681 4476 Quod
2709 4407 2893 4463 omnis
2921 4407 3020 4479 qui
3041 4408 3290 4464 converti
3308 4411 3566 4479 voluerit,
3600 4412 3659 4466 in
3681 4428 3781 4466 mn-

448 4461 462 4530 (
495 4459 575 4515 De
605 4463 880 4527 Consecr,
914 4461 1052 4516 dist.
1088 4461 1138 4531 1,
1170 4477 1220 4516 c.
1258 4461 1474 4516 Placuit
1507 4460 1610 4531 ut.)
1638 4461 1777 4514 Item
1811 4458 2021 4530 placuit

2162 4409 2272 4463 IAP.
2306 4409 2494 4463 XXIX.
2529 4409 2681 4476 Quod
2709 4409 2893 4463 omnis
2921 4409 3020 4479 qui
3041 4409 3290 4464 converti
3308 4411 3566 4479 voluerit,
3600 4412 3659 4466 in
3681 4428 3779 4466 mn-

2207 4479 2475 4554 nastee-iis
2530 4479 2787 4536 ecclesiae
2831 4480 2988 4550 cujus
3061 4480 3352 4551 parochias
3405 4483 3608 4554 subest,
3669 4490 3779 4539 tra-

376 4553 441 4605 ut
472 4548 678 4605 altaria
708 4567 834 4622 quae
869 4550 1088 4620 passim
1121 4566 1225 4621 per
1256 4566 1425 4620 agros
1458 4553 1515 4604 et
1547 4565 1649 4620 per
1675 4548 1863 4616 villas,
1893 4554 2025 4604 tan-

372 4654 542 4709 quam
565 4637 866 4692 memorias
893 4641 1212 4708 martyrum
1239 4637 1710 4701 constituuntur,
1728 4637 1784 4690 in
1808 4637 2026 4708 quibus

373 4725 602 4782 nullum
636 4742 875 4796 corpus,
899 4730 999 4780 aut
1018 4726 1278 4798 reliquiae
1313 4726 1589 4798 martyris
1615 4726 1860 4781 conditze
1889 4743 2023 4797 pro-

371 4817 590 4872 bantur
639 4815 710 4869 ab
756 4814 1047 4885 episcopis
1075 4816 1171 4885 qui
1205 4816 1426 4870 eisdem
1461 4816 1604 4870 locis
1634 4818 1911 4886 praesunt,
1943 4815 2025 4870 si-

372 4904 497 4960 ﬁeri
554 4906 770 4976 potest,
801 4893 1156 4956 evertuntur.
1193 4903 1248 4955 Si
1287 4909 1480 4957 autem
1516 4904 1623 4958 hoc
1655 4921 1756 4972 per
1799 4903 2022 4958 tumul-

373 4998 470 5048 tus
503 4991 815 5066 populares
838 5007 954 5046 non
970 4989 1203 5056 sinitur,
1229 4990 1426 5061 plebes
1447 4997 1638 5047 tamen
1666 4993 2020 5048 admonean-

371 5088 488 5150 tur,
547 5098 653 5137 nec
712 5081 813 5136 illa
845 5081 1233 5150 frequentem,
1298 5085 1360 5134 ut
1418 5079 1516 5150 qui
1575 5085 1728 5135 recte
1757 5081 2017 5152 sapiunt,

369 5171 533 5228 nulla
554 5170 634 5226 ibi
664 5169 1085 5242 superstitione
1110 5167 1320 5222 devicti
1351 5173 1678 5234 teneantur,
1702 5173 1759 5224 et
1778 5170 2018 5225 omnino

370 5261 451 5315 ibi
484 5259 648 5316 nulla
683 5258 968 5314 memoria
1000 5263 1323 5328 martyrum
1359 5257 1742 5328 probabiliter
1771 5258 2019 5330 accipia-

372 5356 492 5419 tur,
526 5350 639 5404 nisi
694 5355 795 5404 aut
857 5348 954 5403 ubi
988 5365 1222 5418 corpus,
1256 5352 1358 5402 aut
1389 5345 1648 5419 reliquias
1697 5352 1887 5412 certae,
1920 5352 2020 5403 aut

373 5439 535 5509 origo
594 5437 843 5508 alicujus
903 5435 1308 5505 habitationis,
1370 5435 1456 5492 vel
1492 5436 1899 5507 possessionis,
1931 5436 2016 5492 vel

371 5526 684 5598 passionis,
711 5525 1058 5582 ﬁdelissima
1087 5525 1310 5598 origine
1331 5527 1605 5583 traditur.
1636 5525 1895 5596 Namque
1917 5542 2019 5597 per

2207 4550 2393 4607 datur.

2495 4640 2576 4694 Ex
2606 4640 2863 4695 Decretis
2893 4640 3102 4696 Leonis
3135 4657 3296 4712 papae
3328 4643 3430 4697 IX.

2187 4727 2456 4784 Relatum
2475 4734 2564 4785 est
2579 4746 2648 4784 au
2660 4729 2823 4785 ribus
2839 4729 3060 4784 nostris
3073 4745 3205 4785 esse
3219 4731 3508 4800 quosdam
3529 4749 3779 4804 perverse

2135 4820 2396 4888 agentes,
2455 4817 2556 4890 qui
2613 4818 2950 4873 subvertere
2999 4823 3176 4890 atque
3210 4819 3473 4874 dividere
3507 4828 3782 4876 conantur

2131 4905 2404 4962 Ecclesiae
2468 4907 2779 4972 unitatem,
2831 4905 3101 4962 videlicet
3129 4907 3377 4964 abbates
3403 4913 3461 4963 et
3494 4910 3774 4978 monachi,

2133 4995 2234 5065 qui
2267 4995 2618 5069 non_studio
2639 4995 2963 5063 charitatis,
2988 4996 3089 5050 sed
3116 4995 3238 5052 zelo
3274 4998 3621 5068 rapacitatis
3653 5000 3775 5054 invi-
3833 5011 3841 5020 ‘

2131 5081 2340 5154 gilant,
2362 5089 2418 5138 et
2441 5085 2653 5140 docent
2689 5088 2867 5156 atque
2897 5085 3178 5140 seducere
3211 5103 3324 5141 non
3360 5093 3775 5144 cessantszecu-

2131 5171 2286 5227 lares
2343 5171 2638 5240 homines,
2689 5190 2835 5244 quos
2889 5173 3211 5245 illaqueare
3270 5180 3514 5247 possent
3575 5183 3638 5232 ut
3690 5194 3764 5233 res

2130 5276 2270 5316 suas
2327 5266 2502 5332 atque
2559 5261 2987 5334 possessiones,
3045 5261 3104 5317 in
3134 5264 3276 5330 vita,
3335 5263 3458 5318 sive
3499 5265 3563 5320 in
3597 5272 3756 5322 morte

2130 5349 2187 5404 in
2223 5350 2593 5406 monasteriis
2619 5351 2853 5407 illorum
2887 5351 3141 5418 tradant,
3175 5356 3231 5407 et
3261 5351 3522 5408 ecclesiis
3557 5356 3753 5426 quibus

2125 5455 2255 5494 esse
2278 5439 2550 5495 videntur
2570 5443 2625 5495 et
2642 5458 2674 5496 a
2696 5441 2912 5512 quibus
2935 5440 3315 5512 baptismum,
3343 5441 3754 5514 paenitentiam,

2126 5525 2566 5599 eucharistiam,
2590 5544 2694 5584 nec
2728 5545 2844 5585 non
2877 5527 3158 5602 pabulum
3195 5529 3326 5585 vitae
3353 5546 3490 5586 cum
3519 5532 3662 5588 lacte
3678 5550 3760 5589 ac-
