4000 6054
196 306 359 361 1089·

1518 305 1917 360 PANORMIA.
1957 333 2023 344 —-
2050 310 2179 363 LIB.
2223 314 2293 365 II.

3476 321 3618 375 1090

190 435 478 505 ceperunt
527 429 612 485 vel
644 429 965 502 accipiunt,
997 428 1145 484 nihil
1194 430 1264 485 de
1313 430 1481 486 bonis
1513 429 1935 503 relinquantA
1966 438 2090 489 tum
2132 437 2483 509 explendum
2537 438 2813 511 legimus,
2872 446 2929 497 et
2978 459 3092 498 non
3150 446 3343 502 solum
3403 450 3617 507 divinis

191 525 324 579 suis
351 543 361 587 ;
387 523 539 578 hanc
574 521 830 593 denique
866 521 1037 577 ﬁdem
1071 521 1375 577 discordiae
1408 539 1515 578 nos
1550 523 1854 578 adverten-

194 618 309 679 tcs,
346 610 625 667 omnibus
657 608 850 665 modis
881 608 1151 664 inhibere
1204 608 1499 677 volumus,
1533 615 1589 666 et
1620 625 1693 665 ne
1734 627 1857 666 am-

195 698 358 772 plius
408 700 531 770 ﬁat,
580 698 920 753 omnimodo
969 698 1372 771 prohibemus,
1424 698 1861 754 considerantes

196 805 317 843 non
350 805 478 843 esse
509 788 728 844 bonum
762 792 827 843 ut
857 786 942 842 illi
976 788 1076 859 qui
1109 787 1246 843 olim
1278 789 1515 844 fuerunt
1546 787 1687 844 socii
1724 803 1860 858 pas-

197 878 461 945 sionum,
486 877 813 933 secundum
848 877 1212 949 Apostolum,
1248 876 1361 932 sint
1384 876 1680 933 immunes
1705 893 1738 930 a
1764 891 1862 931 so-

198 968 351 1023 ciate
383 965 876 1032 consolationum,
911 971 969 1022 et
998 967 1136 1039 quia
1175 966 1479 1039 operarius
1528 967 1743 1039 dignus
1775 969 1866 1021 est

200 1058 471 1113 mercede
494 1073 623 1124 sua,
659 1057 904 1129 ideoque
937 1056 1333 1129 praecipimus,
1367 1056 1861 1128 atquejubemus,

201 1154 269 1204 ut
298 1147 635 1219 quicunque
671 1148 886 1202 amodo
919 1147 976 1201 in
1004 1148 1360 1203 monasterio
1382 1146 1642 1203 converti
1664 1145 1864 1201 volue-

203 1238 303 1306 rit,
338 1236 456 1292 sive
488 1237 546 1290 in
579 1235 696 1291 vita
727 1236 848 1291 sive
879 1235 936 1292 in
985 1242 1197 1307 morte,
1234 1242 1298 1292 ut
1346 1236 1635 1302 omnium,
1668 1250 1863 1290 rerum

201 1331 260 1382 et
312 1325 743 1398 possessionem
778 1342 922 1395 quas
953 1341 1056 1397 pro
1114 1327 1305 1382 salute
1359 1327 1567 1382 anima:
1598 1341 1717 1381 suae
1751 1323 1867 1379 dis-

201 1414 339 1487 poni
359 1414 703 1484 decreverit,
737 1415 1112 1470 medietatem
1130 1414 1389 1471 ecclesiaa
1422 1415 1520 1470 cui
1542 1414 1667 1486 ipse
1686 1412 1865 1485 perti-

203 1519 341 1561 nere
373 1508 649 1561 noscatur
682 1502 997 1575 relinquat,
1032 1508 1088 1558 et
1118 1504 1202 1559 sic
1238 1505 1476 1560 demum
1511 1503 1571 1559 in
1624 1518 1868 1557 monas-

203 1594 421 1652 terium
475 1596 647 1665 prout
676 1592 789 1649 sibi
834 1592 1067 1648 libitum
1099 1598 1189 1649 est
1246 1593 1425 1649 eundi
1458 1590 1867 1649 convertendi-

204 1700 319 1755 que
348 1682 649 1738 licentiam
682 1681 914 1736 habeat.
948 1681 1295 1754 Quicunque
1344 1683 1521 1754 hujus
1554 1680 1740 1738 nostri
1772 1679 1867 1733 de-

204 1772 347 1830 creti
377 1770 795 1841 contradictor,
826 1770 1140 1827 convulsor
1174 1789 1241 1828 ac
1265 1776 1587 1829 temerator
1626 1767 1864 1827 exstite-
1900 1807 1946 1872 Β

207 1862 285 1918 rit
315 1860 510 1934 gladio
542 1860 940 1918 anathematis
972 1862 1319 1933 subjacebit.

204 1968 341 2024 CAP.
373 1967 544 2023 XXX.
572 1972 694 2025 Non
722 1968 834 2022 nisi
880 1968 938 2022 in
988 1968 1120 2023 locis
1165 1970 1337 2024 sacris
1382 1970 1688 2024 missarum
1718 1965 1857 2021 cele-

758 2038 986 2095 brentur
1013 2039 1305 2096 solemnia.

715 2128 889 2184 Conc.
924 2128 1179 2196 Tribur.,
1213 2146 1259 2185 c.
1297 2130 1347 2184 4.

296 2218 399 2290 (De
428 2221 698 2273 Consecr.
732 2217 870 2272 dist.
904 2217 957 2273 1.
983 2235 1034 2273 c.
1071 2218 1741 2291 Missarum.)&1issarum
1775 2233 1863 2273 so-

210 2307 433 2363 lemnia
465 2323 577 2362 non
603 2306 941 2379 ubicunque
958 2308 1058 2362 sed
1080 2307 1138 2361 in
1163 2306 1394 2378 locisjab
1417 2307 1710 2380 episcopis
1733 2323 1867 2362 con-

211 2396 476 2463 socratis,
509 2395 596 2451 vel
628 2395 727 2451 ubi
774 2395 901 2467 ipse
956 2397 1311 2468 permiserit,
1357 2396 1705 2452 celebranda
1736 2412 1865 2452 esse

218 2500 553 2541 censemus.

210 2576 347 2631 CAP.
381 2573 578 2630 XXXI.
614 2573 887 2642 Quomodo
920 2576 979 2629 in
1007 2575 1239 2631 ecclesia
1268 2577 1542 2631 combusta
1572 2576 1740 2629 missa
1766 2589 1865 2645 po-

829 2651 931 2702 test
959 2647 1247 2703 celebrari.

886 2736 1044 2790 Idem
1076 2735 1209 2791 ibid.

285 2825 388 2893 (De
417 2824 685 2879 Consecr.
717 2824 855 2880 dist.
884 2829 936 2890 1,
969 2842 1019 2880 c.
1049 2825 1450 2899 Concedimus.)
1476 2824 1867 2882 Concedimus

222 2914 423 2981 etiam,
457 2912 506 2968 si
536 2911 771 2981 alicubi,
806 2914 981 2985 quod,
1017 2915 1271 2987 peccatis
1318 2915 1540 2971 nostris
1588 2914 1867 2987 exigenti-

216 3002 351 3067 bus,
392 3000 820 3074 perplurimum
851 3006 942 3057 est
996 3002 1212 3059 factum
1262 3020 1295 3059 θ,
1341 3003 1766 3060 Northmannis
1814 3005 1869 3057 et

217 3089 460 3159 Sclavis,
495 3094 551 3145 et
582 3107 615 3145 a
665 3090 956 3164 Bulgaria,
982 3099 1035 3147 et
1075 3110 1109 3149 a
1155 3093 1327 3149 malis
1372 3092 1724 3149 Christianis
1762 3106 1865 3147 seu

1969 525 2239 594 precibus
2272 543 2370 583 eos
2402 544 2802 598 consecrasse,
2836 531 2936 585 sed
2970 535 3026 586 et
3081 533 3327 592 Domino
3369 538 3616 609 jubente

1969 614 2151 668 sancti
2183 614 2293 670 olei
2327 617 2642 673 unctionne
2675 618 2980 689 perlinisse
3013 623 3303 681 novimus.

1969 705 2098 756 CAP.
2130 702 2375 761 XXXIV.
2406 706 2556 789 Quod
2573 724 2683 789 non
2707 708 2899 763 debent
2917 713 3228 789 consecrari
3248 715 3479 789 altaria,
3503 720 3619 775 nisi

2474 779 3119 862 reliquiwapponantur.

2511 853 2681 905 Conc.
2713 853 2914 919 Afric.,
2949 870 2999 909 c.
3036 856 3084 908 1.

2044 934 2264 991 Altaria
2296 936 2355 991 in
2388 936 2805 1018 quibugsacra
2830 958 3073 1013 corpora
3090 943 3176 998 vel
3195 945 3451 1019 reliquiae
3476 968 3623 1008 mar-

1971 1028 2166 1097 tyrum
2200 1043 2315 1081 non
2349 1042 2477 1082 esse
2510 1029 2861 1098 probantur,
2914 1030 2984 1085 ab
3017 1031 3289 1106 episcopo
3337 1036 3447 1093 loci
3498 1042 3625 1097 des-

1972 1118 2266 1170 truantur.

1972 1196 2104 1278 CAP.
2137 1204 2363 1260 XXXV.
2398 1206 2685 1278 Presbyter
2734 1207 2793 1262 in
2827 1208 3001 1264 altari
3047 1211 3279 1268 missam
3326 1231 3437 1272 non
3488 1220 3627 1274 cele—

2046 1276 2209 1357 brare
2233 1284 2534 1347 praesumat
2568 1276 2683 1349 ‘quo
2715 1280 2902 1336 eadem
2946 1281 3036 1337 die
3066 1286 3345 1357 episcopus
3382 1290 3620 1347 celebra-

2045 1349 2148 1403 vit.

2046 1438 2148 1508 (De
2197 1440 2466 1494 Consecr.
2502 1439 2553 1506 1,
2587 1456 2637 1494 c.
2679 1443 2741 1496 In
2771 1442 2987 1514 altari.)
3034 1445 3147 1500 Nec
3200 1447 3257 1501 in
3306 1448 3477 1505 altari
3509 1468 3623 1523 quo

1977 1525 2223 1582 missam
2255 1526 2567 1600 episcopus
2598 1531 2872 1602 cantavit,
2907 1547 2973 1588 eo
3030 1534 3121 1590 die
3154 1538 3454 1611 presbyter
3484 1541 3625 1597 mis-

1977 1631 2102 1670 sam
2135 1615 2426 1673 celebrare
2456 1624 2789 1689 praesumat.

1976 1704 2110 1759 CAP.
2134 1704 2348 1762 XXXVI
2373 1706 2719 1781 Quodaticui
2754 1725 2988 1781 corpora
3034 1718 3349 1771 sanctorum
3379 1719 3451 1775 de
3506 1720 3623 1777 loco

2331 1778 2401 1833 ad
2431 1779 2609 1835 locum
2638 1778 2954 1855 transferre
2981 1801 3089 1840 non
3123 1785 3265 1844 licet.

2048 1867 2151 1937 (De
2181 1866 2475 1938 Consecr.,
2508 1867 2646 1924 dist.
2693 1869 2746 1938 4,
2779 1887 2828 1927 c.
2863 1872 3148 1945 Corpora.)
3185 1877 3463 1952 Deinceps
3493 1897 3623 1939 vero

1969 1958 2309 2013 sanctorum
2342 1972 2586 2029 corpora
2615 1959 2686 2014 de
2714 1958 2840 2016 loco
2872 1962 2943 2016 ad
2972 1961 3170 2020 locum
3205 1966 3405 2024 nullus
3426 1974 3624 2027 trans-

1972 2047 2121 2102 ferre
2149 2051 2469 2117 praesumat
2498 2048 2626 2103 sine
2658 2050 2900 2105 consilio
2932 2051 3217 2126 principis
3240 2060 3295 2112 et
3324 2058 3628 2133 episcopo-

1971 2151 2103 2189 rum
2135 2140 2468 2208 sanctasque
2499 2138 2705 2209 synodi
2736 2137 3000 2196 licentia.

1972 2223 2101 2279 CAP.
2135 2224 2415 2309 XXXVII.
2456 2227 2781 2309 Necessitate
2807 2233 3065 2309 temporis
3113 2236 3508 2309 episeopatium
3545 2256 3624 2297 sev

2327 2299 2487 2353 dium
2508 2299 2838 2355 mutationes
2866 2299 3000 2371 fieri
3017 2299 3263 2376 possunt.

2115 2385 2433 2456 Gregorius
2466 2403 2617 2459 papa
2648 2387 2717 2441 ad
2758 2389 3040 2445 Joannem
3088 2392 3445 2451 Tranensem
3496 2396 3623 2469 epi-

2667 2475 2934 2531 scopum.

2045 2543 2120 2614 (7,
2157 2561 2211 2615 q.
2247 2546 2296 2612 1,
2332 2563 2381 2601 c.
2418 2545 2690 2616 Temporis
2720 2548 3008 2621 qualitas.)
3038 2557 3388 2625 Temporum
3433 2558 3623 2627 quali-

1974 2636 2066 2688 tas
2093 2633 2368 2689 admonet
2398 2634 2811 2706 episcoporum
2847 2638 3037 2707 sedes,
3071 2642 3401 2713 antiquitus
3452 2644 3627 2701 certis

1977 2722 2311 2779 civitatibus
2340 2724 2726 2794 constitutas,
2751 2727 2822 2782 ad
2855 2726 2967 2783 alia
2999 2746 3124 2801 quae
3172 2734 3471 2790 securiora
3518 2753 3627 2808 pu-

1977 2816 2172 2868 tamus
2203 2813 2465 2884 ejusdem
2499 2814 2817 2871 dioeceseos
2850 2816 2977 2874 loca
3006 2824 3406 2896 transponere,
3437 2841 3553 2898 quo
3576 2834 3631 2881 el

1976 2901 2337 2958 habitatores
2368 2903 2576 2975 degere
2608 2903 2890 2974 securius,
2924 2908 3394 2979 etlbarbaricum
3445 2915 3630 2986 possit

1977 2991 2303 3063 periculum
2335 2990 2570 3049 facilius
2592 2993 2892 3050 declinari.
2918 2996 3227 3070 Propterea
3256 3006 3310 3058 te
3338 3003 3626 3059 Joannem

1979 3080 2216 3136 fratrem
2276 3082 2804 3157 coepiscopumque
2852 3091 3119 3143 nostrum
3190 3090 3632 3149 Bellitranensis

218 3178 331 3235 alio
363 3179 761 3252 qualicunque
795 3182 965 3237 modo
998 3181 1251 3239 ecclesize
1283 3183 1500 3238 fuerint
1529 3183 1783 3238 incensae
1813 3185 1871 3237 et

2003 3168 2237 3226 :ivitatis
2272 3172 2470 3227 sedem
2496 3176 2656 3228 tuam
2688 3172 2892 3231 inloco
2924 3177 3023 3247 qui
3055 3178 3384 3250 appellatur
3400 3182 3629 3239 Renati.

218 3268 555 3337 combustae,
589 3268 648 3324 in
673 3270 910 3342 capellis
953 3287 1085 3327 cum
1125 3272 1321 3329 tabula
1356 3276 1697 3329 consecrata
1728 3271 1869 3328 mis-

224 3373 321 3411 sas
354 3356 588 3412 interim
614 3358 907 3415 celebrare
934 3361 1352 3433 permittimus,
1386 3364 1569 3419 donec
1609 3362 1747 3434 ipsas
1779 3378 1872 3417 ec-

223 3444 413 3500 clesiae
444 3447 759 3502 restaurari
790 3453 1029 3519 queant.
1065 3451 1125 3504 In
1158 3451 1365 3506 itinere
1395 3468 1549 3521 vero,
1601 3451 1651 3506 si
1691 3449 1874 3506 eccle-

229 3534 317 3589 sia
349 3535 619 3603 defuerit,
656 3540 719 3591 ut
751 3537 861 3592 sub
893 3538 1045 3609 divo,
1078 3554 1181 3594 seu
1210 3543 1268 3594 in
1298 3541 1587 3595 tentoriis.
1623 3541 1791 3607 Item,
1825 3538 1875 3595 si

228 3622 426 3678 tabula
456 3623 657 3679 altaris
705 3630 1045 3681 consecrata
1105 3631 1427 3698 ceteraque
1459 3633 1687 3684 sacrata
1718 3646 1874 3701 mys-

227 3710 370 3766 teria
399 3711 469 3765 ad
503 3710 561 3766 id
593 3712 855 3768 ofﬁcium
890 3713 1240 3786 pertinentia
1271 3715 1351 3770 ibi
1383 3716 1698 3788 adfuerint,
1731 3718 1874 3774 mis-

225 3816 422 3856 sarum
454 3800 743 3857 solemnia
773 3802 1064 3860 celebrare
1096 3805 1492 3863 concedimus.
1528 3805 1713 3863 Aliter
1750 3824 1875 3863 om-

228 3888 368 3943 nino
401 3890 881 3947 contradicimus.

225 3981 364 4033 CAP.
399 3978 619 4035 XXXII.
655 3979 963 4058 Chrispiate
1009 4000 1116 4058 non
1148 3989 1432 4058 angantur
1477 3986 1715 4058 altaria,
1764 3986 1879 4041 nisi

794 4052 1013 4124 fuerint
1045 4052 1297 4123 lapidea.

726 4140 897 4198 Conc.
937 4144 1214 4216 llippon.,
1242 4163 1291 4202 c.
1324 4148 1379 4202 6.

304 4226 406 4299 (De
435 4229 707 4285 Consecr.
743 4231 881 4287 dist.
919 4234 974 4302 1,
1003 4250 1053 4288 c.
1084 4236 1550 4305 Attariaprimo.)
1579 4238 1799 4293 Altaria
1831 4239 1891 4294 si‘

232 4333 343 4372 non
380 4318 498 4374 sint
530 4318 780 4391 lapidea,
813 4320 1155 4379 chrismatis
1208 4325 1483 4382 unctione
1514 4343 1629 4382 non
1677 4343 1879 4383 conse-

230 4412 482 4463 crentur.
519 4410 604 4463 Ad
638 4410 988 4469 celebranda
1017 4419 1213 4471 autem
1266 4416 1464 4473 divina
1495 4415 1691 4472 officia
1718 4417 1877 4472 ordi-

232 4511 364 4551 nem
396 4511 570 4566 quem
602 4500 1035 4572 metropolitani
1084 4508 1298 4571 tenent,
1359 4505 1881 4577 comprOvinciales

233 4602 433 4641 eorum
464 4587 773 4644 observare
805 4591 1127 4647 debebunt.

236 4694 375 4747 CAP.
408 4694 660 4751 XXXIII.
697 4696 847 4763 Quod
876 4699 1189 4753 unctionem
1216 4700 1423 4755 altaris
1447 4701 1765 4758 habemusa
1794 4721 1885 4760 ve-

302 4774 414 4846 tere
448 4766 582 4846 tege.
619 4769 717 4822 Vel
751 4769 873 4823 sic:
904 4771 1191 4846 Sacri/icio
1246 4772 1476 4829 nonnisi
1511 4790 1677 4846 super
1707 4777 1889 4832 altare

303 4841 353 4890 et
386 4837 513 4892 locis
534 4839 640 4894 Deo
669 4841 999 4895 consecratis
1029 4837 1352 4913 offerantur.

317 4926 396 4979 Ex
426 4927 677 4984 decretis
712 4929 917 4986 Felicis
948 4931 1226 4988 omnibus
1257 4933 1549 5007 episcopis
1580 4937 1834 4993 directis.

310 5014 412 5084 (De
442 5016 715 5073 Consecr.
742 5019 877 5075 dist.
914 5020 961 5074 1.
1000 5037 1051 5076 c.
1083 5023 1235 5078 Sicut
1280 5040 1387 5080 non
1420 5025 1566 5097 alii.)
1600 5030 1675 5081 De
1704 5027 1889 5083 eccle-

239 5103 458 5159 siarum
492 5108 649 5161 enim
682 5111 1141 5179 consecratione,
1191 5118 1247 5169 et
1290 5114 1362 5170 de
1394 5115 1713 5172 missarum
1740 5116 1892 5174 cele-

237 5193 504 5249 bratione
538 5212 654 5251 non
686 5196 899 5253 alicubi
932 5217 1109 5271 quam
1154 5201 1214 5257 in
1246 5205 1494 5260 sacratis
1526 5207 1771 5263 Domino
1801 5206 1892 5263 lo-

238 5279 342 5347 cis,
376 5281 489 5337 nisi
523 5300 734 5356 magna
764 5289 1113 5345 necessitate
1146 5290 1270 5346 ﬁeri
1300 5292 1532 5361 debere,
1566 5294 1889 5365 liquetom-

240 5369 436 5441 nibus,
459 5374 677 5444 quibus
708 5381 847 5433 sunt
883 5382 1020 5434 nota
1036 5378 1176 5433 Novi
1199 5383 1257 5434 et
1275 5382 1504 5438 Veteris
1530 5384 1892 5442 Testamenti

240 5466 548 5533 prmcepta.
580 5464 979 5523 Tabernacula
1008 5484 1141 5525 vero
1170 5468 1376 5539 Moysi,
1409 5471 1657 5530 Domino
1698 5477 1894 5545 praeci-

243 5547 460 5621 piente,
493 5552 698 5610 fecisse
727 5560 785 5611 et
814 5572 1191 5613 consecrasse
1216 5574 1350 5614 cum
1378 5560 1601 5630 imensa
1631 5568 1689 5619 et
1724 5564 1895 5624 altari

243 5638 393 5709 ejus,
427 5644 484 5698 et
513 5645 736 5702 caeteris
760 5647 918 5704 vasis
940 5650 996 5703 et
1012 5646 1365 5707 utensilibus
1382 5650 1453 5706 ad
1475 5651 1739 5710 divinum
1765 5656 1893 5712 cul-

1982 3259 2052 3315 ad
2085 3263 2362 3315 Sanctum
2395 3261 2682 3317 Andream
2716 3264 3045 3335 apostolum
3079 3269 3454 3341 praecipimus
3471 3272 3631 3327 exin-

1981 3348 2051 3403 de
2082 3350 2528 3421 transmigrare,
2556 3354 2846 3421 quatenus
2896 3355 2967 3408 ab
3001 3354 3342 3414 hostilitatis
3388 3360 3629 3417 incursu

1981 3437 2222 3493 liberior
2248 3438 2495 3493 existere
2526 3439 2739 3507 valeas,
2772 3445 2829 3495 et
2860 3440 2981 3496 illic
3011 3448 3498 3504 consuetudinem
3533 3467 3633 3505 so-

1982 3525 2356 3581 lemnitatum
2390 3526 2617 3582 dierum
2651 3528 2956 3600 disponas.

1985 3615 2119 3670 CAP.
2156 3614 2461 3670 XXXVIII.
2496 3616 2711 3743 Quibtus
2741 3634 2810 3744 ἓν)
2830 3622 3019 3748 onustis
3045 3623 3161 3681 loca
3190 3631 3638 3685 sanctorummu-

2668 3706 2737 3743 an
2780 3708 2812 3744 a
2840 3709 2945 3747 sun
2976 3735 2987 3748 .

2668 3706 2812 3744 anaa
2840 3706 2987 3748 sunt.

2615 3762 3005 3833 Augustinus.

2061 3848 2160 3916 (De
2175 3852 2444 3905 Consecr.
2476 3848 2615 3905 dist.
2665 3852 2716 3922 1,
2747 3869 2796 3908 c.
2857 3855 3320 3927 I‘ribus.)Tribus
3351 3861 3421 3917 de
3443 3863 3638 3919 causis

1987 3934 2114 3991 loca
2144 3940 2483 3993 sanctorum
2545 3942 3000 4000 transmutanda
3049 3950 3207 4001 sunt.
3270 3948 3462 4005 Prima
3504 3968 3636 4007 cum

1990 4026 2307 4083 necessitas
2339 4033 2778 4098 persecutorum
2844 4030 2970 4087 loca
3010 4050 3213 4090 eorum
3265 4041 3590 4109 gravaverit
3624 4060 3638 4109 ;

1988 4117 2246 4171 secunda
2276 4133 2409 4172 cum
2432 4118 2750 4174 difﬁcultas
2783 4119 3045 4176 locorum
3078 4124 3273 4193 fuerit;
3302 4128 3476 4184 tertia
3502 4145 3637 4185 cum

1992 4204 2282 4260 malorum
2318 4206 2602 4261 societate
2631 4214 2970 4278 gravantur.

1992 4293 2120 4349 CAP.
2152 4294 2385 4349 XXXIX
2440 4299 2503 4350 In
2529 4296 2767 4375 privatis
2820 4300 3084 4375 oratoriis
3129 4302 3255 4360 licet
3309 4322 3488 4375 orare,
3550 4310 3643 4365 sed

2470 4383 2578 4422 non
2600 4367 2829 4423 missam
2856 4371 3155 4429 celebrare.

2524 4438 2696 4494 Conc.
2730 4440 2949 4511 Aurel.,
2982 4459 3032 4498 c.
3064 4446 3116 4500 3.

1914 4574 1961 4639 Β
2062 4525 2166 4596 (De
2195 4526 2465 4581 Consecr.
2499 4525 2635 4581 dist.
2672 4527 2722 4595 1,
2757 4544 2805 4583 c.
2833 4529 3151 4603 Unicuique.
3189 4534 3541 4612 )Unicuique
3579 4542 3642 4595 ﬁ.

1997 4613 2215 4668 delium
2248 4614 2307 4668 in
2345 4615 2522 4668 domo
2553 4633 2661 4668 sua
2708 4620 3026 4668 oratorium
3054 4621 3183 4668 licet
3214 4623 3428 4668 hahm
3483 4635 3535 4668 nl
3563 4631 3638 4668 {hi

2039 4632 2067 4670 ϐ

2072 4613 2215 4669 lium
2248 4614 2307 4669 in
2345 4615 2522 4670 domo
2553 4633 2661 4671 sua
2708 4620 3028 4676 oratorium
3052 4621 3185 4678 licet
3214 4623 3451 4695 habere,
3483 4635 3540 4685 et
3563 4631 3638 4684 ibi

1998 4720 2203 4772 orare;
2237 4703 2450 4759 missas
2485 4704 2564 4759 ibi
2598 4704 2888 4762 celebrare
2921 4726 3034 4764 non
3069 4710 3223 4769 licet.

2183 4793 2317 4847 CAP.
2350 4793 2462 4847 XL.
2499 4796 2622 4863 Qua
2651 4795 2787 4849 hora
2804 4798 2974 4853 missa
3002 4800 3077 4855 sit
3097 4803 3452 4863 celebranda.

2301 4882 2379 4936 Ex
2409 4882 2580 4954 epist.
2613 4883 2951 4957 Telesphori
2976 4904 3160 4963 papae,
3194 4910 3243 4949 c.
3284 4896 3337 4949 6.

2068 4970 2379 5026 Missarum
2410 4969 2827 5028 celebrationes
2859 4981 2991 5032 ante
3023 4977 3227 5035 horam
3262 4982 3376 5037 diei
3411 4984 3637 5040 tertiam

2002 5061 2242 5116 minime
2273 5064 2411 5115 sunt
2440 5059 2818 5130 celebrandae,
2854 5065 2994 5136 quia
3022 5069 3225 5124 eadem
3275 5069 3419 5128 hora
3447 5078 3504 5129 et
3528 5075 3642 5130 Do-

2004 5150 2196 5207 minus
2227 5149 2539 5206 cruciﬁxus
2595 5157 2684 5207 est
2713 5157 2770 5208 et
2814 5171 2991 5225 super
3038 5157 3335 5227 apostolos
3392 5162 3646 5234 Spiritus

2002 5244 2243 5297 sanctus
2273 5239 2645 5297 descendisse
2674 5241 2909 5315 legitur,
2943 5251 3183 5317 excepta
3224 5253 3391 5305 nocte
3423 5250 3645 5309 Nativi-

2004 5330 2159 5386 tatis.

2002 5422 2139 5477 CAP.
2169 5420 2326 5499 XLI._
2346 5419 2522 5499 Usque
2561 5419 2634 5499 ait
2666 5421 3487 5499 missamcathecttumenorum,
3522 5432 3647 5486 nul-

2308 5492 2393 5546 lus
2414 5492 2693 5546 ecclesiam
2726 5493 2942 5565 ingredi
2967 5496 3346 5565 prohibeatur.

2430 5567 2600 5618 Cone.
2633 5563 2905 5636 Carthag.
2941 5563 3016 5634 1v,
3050 5583 3098 5621 c.
3136 5569 3220 5624 14.

2076 5657 2149 5711 Ut
2180 5651 2408 5709 nullum
2426 5652 2737 5723 episcopus
2766 5653 3318 5732 prohibeatLingredi
3342 5663 3649 5720 ecclesiam
