4000 6054
365 282 497 338 1091

360 499 570 569 desum,
601 513 791 570 usque
820 495 892 552 ad
930 494 1169 550 missam
1201 491 1776 549 catechumeuorum.

358 615 488 670 CAP.
519 613 681 669 XLII.
732 611 953 683 Singuli
977 609 1282 683 sacerdotes
1306 606 1563 681 proprias
1589 607 1788 664 debent
1830 605 2011 663 eccle-

1006 684 1117 738 sias
1147 680 1368 738 habere.

820 771 1134 844 Dionysius
1165 787 1336 844 papa,
1359 787 1452 842 ep.
1481 771 1538 824 2.

430 893 541 960 (13,
575 909 630 964 q.
667 892 719 958 1,
753 907 802 946 c.
837 887 1469 953 Ecclesias.)Ecclesias
1499 885 1765 959 singulas
1804 885 2009 960 singu-

360 982 431 1036 lis
464 978 817 1052 presbyteris
838 977 1132 1045 dedimus,
1166 982 1223 1032 et
1245 972 1560 1048 unié'uique
1581 977 1683 1048 jus
1708 977 2009 1048 proprium

357 1070 570 1124 habere
602 1068 941 1137 statuimus,
975 1067 1056 1122 ita
1085 1067 1370 1121 videlecet
1428 1071 1491 1120 ut
1523 1066 1725 1121 nullus
1758 1065 2009 1121 'alterius

365 1157 652 1230 parochias
690 1157 967 1214 terminos
998 1161 1099 1212 aut
1121 1156 1223 1227 jus
1256 1155 1511 1225 invadat,
1555 1155 1657 1210 sed
1684 1154 2008 1226 unusquis-

360 1265 472 1319 que
498 1247 624 1302 suis
657 1245 927 1302 terminis
960 1249 1191 1301 tantum
1219 1245 1300 1300 sit
1349 1248 1684 1313 contentus,
1716 1248 1772 1299 et
1816 1243 2011 1300 taliter

358 1335 664 1392 ecclesiam
698 1339 754 1391 et
786 1335 1014 1406 plebem
1047 1333 1157 1390 sibi
1191 1333 1567 1388 commissam
1600 1332 1912 1404 custodiat,
1947 1337 2010 1388 ut

357 1430 494 1482 ante
526 1425 786 1482 tribunal
817 1423 1253 1492 aeternijudicis
1283 1423 1354 1478 de
1381 1421 1660 1478 omnibus
1699 1421 1812 1477 sibi
1842 1437 2008 1478 com-

357 1514 556 1572 missis
578 1514 866 1570 rationem
892 1513 1120 1581 reddat,
1151 1516 1210 1568 et
1238 1528 1353 1568 non
1387 1509 1681 1582 judicium
1728 1509 1830 1566 sed
1881 1509 2004 1582 glo-

355 1603 501 1659 riam
535 1621 638 1676 pro
669 1602 793 1660 suis
827 1602 1057 1658 actibus
1090 1600 1391 1673 suscipiat.

849 1719 984 1776 CAP.
1017 1719 1210 1775 XLIII.
1235 1720 1310 1775 De
1337 1717 1542 1775 eodem.

901 1809 1073 1866 Cone.
1110 1809 1299 1878 Rem.,
1334 1824 1384 1864 c.
1415 1809 1470 1863 3.

424 1926 496 1983 Ut
525 1925 936 1996 unusquisque
958 1923 1257 1996 presbyter
1282 1922 1541 1980 Ecclesia
1571 1938 1690 1978 una
1718 1922 1791 1978 ad
1821 1936 2001 1991 quam

357 2014 664 2071 ordinatus
693 2019 803 2086 est,
856 2017 1166 2071 contentus
1196 2013 1290 2080 sit,
1343 2016 1401 2069 et
1428 2011 1628 2070 nullus
1657 2011 1719 2070 in
1770 2012 2004 2068 duabus

357 2102 631 2158 Ecclesiis
662 2102 998 2162 ministrare
1029 2105 1361 2174 prasumat.

351 2221 482 2275 CAP.
519 2219 703 2276 XLIV.
738 2221 858 2277 Una
897 2221 1136 2275 Ecclesia
1179 2219 1387 2275 duobus
1433 2217 1816 2276 sacerdotibus
1855 2217 2003 2273 divi-

959 2292 1019 2347 di
1045 2307 1154 2348 non
1188 2295 1381 2363 potest.

912 2383 1086 2438 Cone.
1119 2385 1282 2436 Rem.
1307 2397 1358 2436 c.
1390 2382 1446 2436 8.

428 2479 536 2551 (21,
561 2495 615 2550 q.
650 2479 706 2547 2,
737 2495 786 2534 c.
821 2478 970 2534 Sicut
1000 2479 1062 2534 in
1119 2480 1492 2554 unaquaque.)
1547 2478 1708 2536 sicut
1754 2477 1812 2534 in
1858 2495 2003 2535 una-

354 2592 587 2650 quaque
617 2575 877 2633 Ecclesia
897 2576 1200 2650 presbyter
1229 2594 1358 2636 esse
1384 2577 1578 2642 debet,
1609 2577 1690 2634 ita
1719 2578 1848 2649 ipsa
1877 2593 2004 2650 qua

354 2686 571 2742 sponsa
602 2671 728 2742 ejus
751 2670 987 2738 dicitur,
1021 2687 1136 2727 non
1169 2674 1364 2744 potest
1412 2671 1593 2728 dividi
1624 2671 1776 2726 inter
1805 2669 2006 2742 plures

354 2760 742 2832 presbyteros,
776 2760 877 2815 sed
903 2776 1086 2815 unum
1120 2760 1527 2816 tantummodo
1553 2759 1793 2816 habebit
1813 2775 2004 2815 sacer-

355 2848 550 2903 dotem
601 2850 700 2920 qui
733 2865 861 2905 eam
892 2853 1052 2905 caste
1082 2852 1138 2905 et
1168 2849 1474 2906 sinceriter
1503 2851 1686 2922 regat.
1721 2847 1884 2905 Unde
1913 2848 2002 2905 in-

355 2935 698 2994 terdicimus
729 2942 794 2994 ut
825 2938 1025 2996 nullus
1043 2943 1358 3012 praesumat
1377 2938 1698 2996 Ecclesiam
1727 2955 1842 2995 non
1856 2937 2004 2996 duos

353 3027 442 3082 vel
477 3026 674 3099 plures
706 3028 1075 3100 presbyteros
1105 3028 1382 3096 dividere,
1409 3028 1544 3100 quia
1569 3027 1824 3085 Ecclesia
1838 3026 2002 3084 Chri-

1448 281 1515 330 D.
1555 277 1797 331 lVONIS
1831 274 2333 332 CARNOTENBIS
2367 278 2687 334 RPISCOPI

359 411 416 463 et
444 407 648 464 audire
679 407 924 463 verbum
958 405 1077 471 Dei,
1130 405 1253 459 sive
1301 402 1667 468 haereticum,
1720 403 1843 456 sive
1897 399 2004 456 Ju-
2032 408 2090 474 Α

3639 281 3664 334 1
3675 279 3795 334 092

2729 405 2848 458 CAP
2867 443 2879 457 .
2910 402 3152 458 XLVIII.

2639 473 2720 530 Ex
2751 476 2957 532 eodem
2991 473 3253 532 concilio.

2192 559 2266 616 Ut
2295 560 2495 617 nullus
2545 563 2788 619 omnino
2823 580 3070 621 munera
3117 563 3310 635 exigat
3341 580 3374 618 a
3424 563 3790 636 presbyteris

2119 654 2356 721 pr0pter
2383 650 2855 708 emendationem
2887 652 3167 709 ecclesiae.

2114 744 2247 795 CAP.
2279 738 2474 796 XLIX.
2506 741 2829 812 Djiciantur
2857 758 2891 796 a
2915 743 3061 798 clero
3093 743 3190 812 qui
3217 743 3543 802 muneribus
3581 745 3764 802 eccle-

2576 813 2720 868 siam
2750 813 3048 885 acquirere
3073 819 3307 875 lentant.

2611 902 2785 958 Conc.
2822 903 3118 970 Rothom.,
3146 921 3196 960 c.
3227 905 3284 961 5.

2203 988 2279 1061 (7,
2312 1007 2370 1063 q.
2408 993 2458 1058 1,
2485 1007 2535 1046 c.
2563 990 2852 1048 Sancitum
2874 996 2971 1051 est.
2995 993 3013 1066 )
3034 993 3332 1050 Sancitum
3357 999 3444 1049 est
3463 999 3642 1067 atque
3659 1011 3788 1051 om-

2121 1075 2297 1133 nibus
2328 1079 2521 1135 modis
2553 1080 2938 1152 prohibitum,
2990 1084 3056 1138 ut
3099 1081 3147 1138 si
3181 1081 3316 1154 quis
3347 1083 3653 1155 presbyter
3691 1083 3787 1139 in-

2117 1171 2326 1223 ventus
2357 1167 2531 1226 fuerit
2561 1168 2735 1227 alicui
2769 1169 2978 1227 clerico
3024 1170 3111 1228 vel
3161 1169 3308 1228 laico
3339 1189 3587 1228 munera
3633 1173 3783 1230 dare

2117 1259 2219 1311 aut
2248 1256 2499 1325 dedisse,
2534 1263 2636 1314 aut
2667 1258 2838 1316 aliam
2872 1259 3184 1331 pecuniam
3240 1260 3521 1328 tribuere,
3553 1266 3657 1318 aut
3690 1261 3786 1316 al-

2120 1344 2301 1401 terius
2332 1347 2655 1421 presbyteri
2689 1348 2998 1406 ecclesiam
3031 1353 3334 1407 vacantem
3379 1350 3567 1423 pretio
3618 1351 3784 1407 redi-

2119 1441 2259 1504 mat,
2287 1451 2391 1508 pro
2423 1435 2534 1492 hac
2555 1437 2900 1510 cupiditate,
2933 1455 3032 1496 seu
3054 1439 3283 1513 rapina,
3316 1455 3422 1495 seu
3453 1455 3782 1514 pressump.

2118 1522 2273 1580 tione
2303 1525 2495 1599 turpis
2524 1524 2672 1584 lucri
2702 1527 2894 1600 gratia
2923 1527 3235 1600 dejiciatur
3281 1545 3316 1586 a
3344 1528 3518 1603 clero,
3552 1533 3612 1586 et
3633 1528 3782 1588 alie-

2119 1630 2231 1669 nus
2261 1613 2493 1687 existat,
2525 1633 2560 1672 a
2589 1616 2813 1688 regula.

2113 1703 2256 1758 Car.
2291 1704 2353 1759 L.
2387 1705 2539 1774 Quod
2563 1706 2851 1780 presbyter
2877 1707 2989 1780 sive
3027 1707 3264 1780 quilibet
3291 1707 3545 1780 clericus,
3601 1709 3778 1780 quod-

2037 1783 2086 1847 B
2185 1791 2397 1866 cuuque
2409 1780 2527 1866 post
2557 1778 2701 1866 diem
2747 1778 3111 1865 ordinationis
3141 1779 3487 1866 acquisierit,
3511 1778 3773 1866 propriae

2185 1849 2459 1918 relinquet
2496 1849 2762 1917 ecclesiae,
2793 1852 2912 1906 nisi
2938 1852 2996 1906 ei
3021 1849 3386 1916 evenerit,vel
3410 1849 3631 1908 ratione
3643 1851 3783 1908 doni

2185 1918 2268 1973 vel
2287 1919 2422 1991 jure
2451 1921 2830 1979 haereditario.
2865 1921 2969 1977 Vel
3001 1923 3125 1978 sic:
3159 1923 3464 1991 Quaesitum
3501 1940 3538 1982 α
3564 1933 3780 1982 rectore

2181 1989 2438 2067 Ecclesiae
2464 1996 2710 2067 tempore
2724 1995 3090 2067 promotionis
3133 1989 3282 2067 nihil
3313 1995 3564 2066 habente,
3607 2011 3772 2067 prx-

2183 2061 2425 2117 sumitur
2454 2063 2519 2118 de
2549 2061 2704 2120 bonis
2724 2061 2976 2122 ecclesia
3008 2065 3316 2136 quaesitum.

2673 2157 2846 2210 Conc.
2881 2155 3048 2220 Rem,
3078 2171 3129 2210 c.
3161 2156 3216 2213 6.

2184 2237 2268 2311 (C.
2303 2240 2354 2306 1,
2387 2244 2532 2296 extr.
2566 2245 2644 2299 De
2660 2242 2921 2315 peculio.)
2953 2242 3433 2316 Investigandum
3465 2248 3574 2312 est,
3600 2244 3651 2302 si
3675 2245 3764 2300 nil

2114 2327 2454 2400 patrimonii
2485 2329 2711 2387 habens
2741 2332 3067 2405 presbyter,
3099 2333 3336 2406 quando
3354 2338 3660 2404 prevectus
3678 2339 3774 2392 est

2113 2419 2184 2474 ad
2217 2417 2482 2475 ordinem
2508 2418 2990 2488 ecclesiasticum,
3016 2426 3214 2492 postea
3238 2423 3458 2494 praedia
3477 2425 3642 2488 emit,
3665 2441 3766 2480 cu-

2105 2508 2207 2578 jus
2230 2508 2386 2579 juris
2420 2513 2580 2580 sunt,
2609 2510 2888 2582 quoniam
2939 2510 3194 2567 ecclesias
3227 2513 3299 2568 ad
3337 2528 3514 2584 quam
3555 2514 3626 2569 de
3679 2514 3772 2572 ni-

2113 2595 2231 2652 hilo
2262 2596 2500 2653 habenti
2534 2604 2838 2670 promotus
2869 2603 2960 2658 est
2982 2601 3156 2671 juxta
3185 2601 3530 2657 canonicam
3565 2606 3774 2658 aucto-

2113 2684 2346 2742 ritatem
2379 2702 2507 2744 esse
2537 2685 2602 2759 [f.
2638 2687 2959 2760 deﬁnitur].

2112 2776 2247 2832 CAP.
2284 2775 2372 2834 LI.
2406 2777 2484 2832 De
2537 2774 2624 2832 his
2653 2791 2780 2849 qui?
2821 2777 3131 2836 sacerdotes
3179 2782 3368 2836 emunt
3416 2779 3492 2838 ad
3520 2781 3776 2838 ecclesia:

2524 2863 2729 2924 nomen
2758 2850 3095 2924 scripturam
3120 2852 3355 2924 faciant.

2603 2920 2780 2981 Cone.
2811 2919 3046 2994 Agath.,
3081 2919 3129 2976 cl
3159 2922 3250 2976 54.

2184 3007 2294 3081 (12,
2328 3025 2385 3081 q.
2411 3009 2464 3064 4.
2497 3025 2547 3065 c.
2579 3009 2920 3084 Presbyter.)
2952 3010 3261 3084 Presbyter
3289 3027 3424 3068 cum
3446 3009 3772 3079 {dioecesim

357 3116 430 3170 sti
464 3097 608 3171 uxor
636 3097 943 3188 et‘sponsa
973 3133 1102 3173 esse
1151 3117 1340 3185 debet,
1382 3097 1498 3174 non
1550 3120 1805 3174 scortum
1847 3116 1999 3172 sicut

2151 3101 2291 3166 anet,
2322 3097 2394 3153 de
2419 3097 2510 3153 his
2541 3114 2674 3170 quas
2702 3099 2909 3155 emerit
2938 3100 3011 3156 ad
3063 3098 3334 3158 ecclesiae
3362 3117 3576 3156 nomen
3626 3099 3773 3157 scri-

359 3203 621 3260 Calixtus
653 3221 806 3277 papa
833 3209 1100 3260 testatur.

353 3321 488 3378 CAP.
521 3320 840 3394 XLV._Quae
871 3338 1029 3392 poma
1054 3330 1278 3378 maneat
1302 3323 1706 3393 presbyterum,
1729 3323 1830 3394 qui
1845 3338 2004 3378 suam

419 3409 577 3465 suam
603 3392 905 3465 reliquerit
938 3395 1222 3450 ecclesiam
1249 3392 1506 3452 melioris
1533 3392 1858 3452 ambitione.
1901 3394 2004 3451 Vel

423 3463 507 3519 sic
537 3480 549 3520 :
580 3464 685 3532 Qui
713 3463 970 3520 alienam
1016 3466 1308 3522 ecclesiam
1338 3467 1573 3539 appetit,
1604 3469 1672 3525 ab
1703 3483 1768 3524 ea
1795 3467 1999 3536 expul-

420 3553 513 3591 sus
543 3539 717 3592 etiam
745 3553 847 3592 sua
874 3541 1082 3593 careat.

419 3651 494 3721 (7,
530 3668 588 3722 q.
623 3651 679 3718 1,
710 3668 760 3706 c.
794 3649 856 3706 Si
883 3652 1054 3724 quis.)
1101 3653 1160 3709 Si
1193 3656 1326 3726 quis
1362 3655 1432 3709 de
1477 3655 1680 3710 ordine
1728 3655 2000 3710 sacerdo-

350 3739 449 3795 tali
481 3745 815 3812 contemptu
860 3742 1105 3798 minoris
1133 3744 1416 3812 ecclesiae,
1451 3744 1763 3801 ambitiose
1805 3750 1861 3800 et
1891 3745 1999 3800 im-

351 3829 530 3899 probe
561 3829 630 3885 ad
667 3829 949 3900 potiorem
983 3831 1350 3901 aspiraverit,
1385 3832 1666 3888 canonica
1694 3849 1833 3904 erga
1862 3848 1997 3889 eum

347 3918 610 3974 deﬁnitio
631 3924 1028 3989 conservetur,
1053 3919 1162 3975 hoc
1192 3924 1282 3975 est
1311 3924 1376 3976 ut
1405 3925 1656 3992 utraque
1677 3927 1891 3977 careat.

347 4031 482 4088 CAP.
516 4032 708 4112 XLVI.
735 4032 1245 4112 Absqueconsensu
1269 4035 1665 4112 episcoporum,
1700 4035 1836 4092 laici
1866 4054 1997 4112 pre-

657 4103 904 4177 sbyteros
929 4104 997 4160 de
1025 4105 1270 4162 ecclesiis
1299 4122 1412 4162 non
1441 4103 1688 4178 ejiciunt.

822 4201 1000 4258 Conc.
1035 4202 1324 4268 Cabilon.,
1345 4221 1397 4261 c.
1424 4205 1511 4259 10.

421 4320 530 4386 (16.
565 4319 700 4390 q.7,
744 4334 792 4374 c.
838 4319 1126 4376 Inventum
1182 4323 1304 4394 est.)
1353 4321 1662 4380 Inventum
1721 4327 1812 4380 est
1842 4325 1995 4396 quod

350 4408 521 4464 multi
553 4408 777 4463 arbitrii
809 4410 902 4464 sui
926 4411 1276 4481 temeritate,
1309 4413 1464 4483 quod
1492 4418 1582 4468 est
1610 4415 1869 4485 gravius,
1903 4416 1998 4471 de-

2034 3162 2077 3230 C
2115 3162 2349 3257 pturam
2379 3162 2578 3256 faciat;
2606 3191 2670 3242 ut
2709 3187 2780 3244 ab
2812 3188 2940 3260 ejus
2972 3205 3150 3263 quam
3181 3193 3338 3246 tenet
3385 3187 3646 3246 ecclesias
3679 3206 3772 3245 or-

2114 3275 2417 3331 dinatione
2455 3292 2571 3330 non
2604 3276 2890 3334 discedat.

2121 3363 2259 3420 CAP.
2288 3363 2407 3452 LII.
2442 3365 2637 3452 De'his
2675 3369 2769 3452 qui
2793 3366 3222 3452 primum‘nihil
3250 3367 3778 3452 habenleslempore

2335 3451 2448 3493 sua
2479 3436 2989 3511 administrationis
3013 3439 3203 3511 aliqua
3233 3443 3551 3511 acquirunt.

2624 3508 2802 3567 Conc.
2833 3509 3104 3582 Carthag.

2183 3596 2295 3667 (12,
2325 3611 2384 3667 q.
2417 3597 2472 3665 3,
2500 3613 2551 3653 ο.
2586 3597 2852 3670 Placuit.)
2885 3598 3127 3669 Placuit,
3159 3603 3225 3654 ut
3271 3599 3553 3672 episcopi,
3607 3615 3773 3671 pres-

2111 3683 2320 3757 byteri,
2351 3684 2583 3743 diaconi
2613 3686 2701 3742 vel
2734 3688 3075 3760 quicunque
3103 3687 3321 3755 clerici,
3355 3688 3456 3760 qui
3486 3688 3633 3743 nihil
3663 3688 3772 3744 ha-

2109 3774 2314 3831 bentes
2343 3774 2715 3846 ordinentur,
2742 3780 2800 3832 et
2828 3781 3092 3850 tempore
3137 3778 3513 3850 episcopatus
3535 3777 3622 3833 vel
3653 3778 3772 3834 cle-

2110 3863 2332 3918 ricatus
2366 3863 2459 3918 sui
2497 3881 2694 3936 agros,
2730 3864 2820 3922 vel
2855 3883 3181 3938 qaecunque
3236 3868 3456 3938 praedia
3514 3883 3621 3923 suo
3671 3884 3772 3923 no-

2109 3951 2268 4007 mine
2313 3953 2801 4024 comparavsrint,
2862 3959 3144 4026 tanquam
3197 3971 3391 4011 rerum
3438 3955 3772 4011 dominica-

2109 4057 2263 4110 rum,
2295 4041 2613 4098 invasionis
2644 4042 2892 4100 crimine
2913 4047 3229 4100 teneantur
3258 4044 3518 4114 obnoxii,
3551 4045 3662 4100 nisi
3693 4046 3763 4100 ad

2109 4128 2416 4188 ecclesiam
2445 4132 2516 4186 ad
2579 4147 2754 4203 quam
2784 4131 3008 4188 titulati
3041 4137 3202 4201 sunt,
3229 4135 3433 4190 eadem
3471 4134 3603 4206 ipsa
3633 4150 3768 4190 con-

2107 4219 2368 4274 tulerint.
2389 4219 2449 4276 Si
2480 4224 2678 4277 autem
2701 4221 2812 4293 ipsi
2840 4222 3075 4294 propria
3097 4221 3368 4278 libertate
3398 4223 3655 4294 alicujus
3680 4222 3768 4279 vel

2108 4309 2482 4365 successione
2536 4311 2907 4383 cognationis
2938 4310 3160 4383 aliquid
3217 4311 3496 4381 evenerit,
3547 4311 3772 4368 faciant

2112 4395 2247 4452 inde
2276 4397 2433 4468 quod
2465 4397 2672 4455 velint.

348 4497 508 4552 ducti
529 4496 821 4569 cupidate.
851 4499 1206 4571 presbyteris
1227 4499 1593 4571 quibuslibet
1613 4502 1836 4573 absque
1857 4519 1995 4560 con-

2151 4501 2243 4541 AP.
2282 4486 2416 4542 LIII.
2452 4488 2690 4594 Quaestio
2739 4503 2840 4594 per,
2887 4490 3209 4594 e‘piscolpum
3237 4492 3360 4594 post
3396 4490 3770 4594 consecratio-

2335 4574 2458 4594 κων.
2495 4576 2630 4594 mm.
2659 4577 2700 4594 η,
2730 4576 2820 4594 οη
2845 4577 2898 4594 ,η
2929 4576 2970 4594 α.
2999 4577 3063 4594 ..ο
3091 4577 3292 4594 mm...
3336 4576 3370 4594 ι.
3401 4577 3498 4594 ...η

347 4603 524 4642 sensu
557 4587 969 4658 episcoporum
1001 4605 1244 4645 suorum
1277 4589 1558 4647 ecclesias
1588 4592 1731 4648 dant
1759 4593 1850 4649 vel
1898 4611 1999 4649 au-

342 4677 556 4732 ferunt.
587 4675 752 4732 Unde
786 4682 1032 4749 oportet,
1068 4682 1132 4734 ut
1159 4679 1447 4735 canonica
1499 4681 1700 4751 regula
1747 4687 1996 4754 servata,

344 4764 542 4820 nullus
572 4766 794 4837 absque
827 4782 1118 4824 consensu
1150 4766 1407 4839 episcopi
1458 4768 1573 4837 sui,
1597 4769 1839 4826 cuilibet
1868 4788 1996 4844 pre-

344 4854 578 4922 sbytero
609 4853 917 4910 ecclesiam
951 4856 1068 4911 det.
1099 4855 1285 4919 Quam
1308 4857 1357 4913 si
1411 4859 1658 4930 adeptus
1685 4859 1852 4930 juste
1873 4861 1996 4916 fue-

348 4945 423 4998 rit
443 4944 594 5000 hanc
626 4961 741 5000 non
774 4943 887 5000 nisi
916 4944 1088 5016 culpa
1119 4946 1306 5017 gravi,
1353 4963 1552 5004 coram
1586 4948 1861 5022 episcopo
1907 4966 1997 5006 ca-

351 5031 560 5087 nonica
589 5033 916 5098 severitate,
949 5032 1202 5088 amittat.

349 5153 480 5204 Cap.
516 5148 738 5204 XLVII.
773 5151 846 5205 De
884 5150 1092 5227 eodem,
1126 5151 1242 5227 Non
1270 5149 1432 5227 liccat
1465 5150 1623 5206 laicis
1652 5139 1998 5227 presbyteros

883 5221 951 5277 de
979 5222 1206 5277 ecclesia
1235 5220 1458 5292 ejicere.

813 5310 986 5366 Coac.
1034 5313 1318 5382 Mogunt.,
1350 5327 1399 5364 c.
1433 5310 1522 5364 88.

420 5424 492 5479 Ut
519 5425 649 5481 laici
683 5443 797 5481 non
830 5425 1071 5498 ejiciant
1101 5425 1470 5498 presbyteros
1503 5425 1572 5480 de
1603 5427 1862 5486 ecclesiis
1899 5448 1996 5488 ne-

348 5529 460 5584 que
492 5515 862 5572 constituant
892 5515 1017 5572 sine
1050 5533 1340 5574 consensu
1393 5514 1797 5590 episcsporum
1857 5537 1992 5577 suo-

349 5617 506 5656 rum.

2335 4574 2462 4614 nem
2489 4563 2700 4615 sanctae
2729 4561 2970 4616 ecclesiae
2999 4561 3371 4632 relinquenda
3395 4565 3546 4616 sunt.

2561 4648 2735 4705 Coac.
2768 4649 3073 4720 Carthag..
3121 4666 3176 4706 c.
3203 4648 3307 4706 48.

2179 4735 2264 4802 (C.
2303 4739 2362 4791 ut
2385 4739 2786 4810 unusquisque,
2816 4743 3032 4795 extrav.
3057 4739 3132 4794 De
3181 4737 3444 4810 peculio.)
3474 4736 3549 4796 Ut
3580 4754 3766 4794 unus-

2108 4823 2359 4896 quisque
2388 4827 2694 4898 presbyter
2721 4844 2814 4883 res
2842 4843 2991 4898 quas
3017 4831 3152 4899 post
3181 4828 3337 4884 diem
3371 4828 3766 4885 consecratio-

2108 4913 2200 4968 nis
2231 4913 2592 4984 acquisierit,
2624 4916 2868 4987 proprias
2898 4915 3162 4972 ecclesias
3191 4915 3507 4984 relinquat.

2107 4999 2236 5056 Car.
2271 5001 2410 5058 LIV.
2443 5004 2508 5060 Ut
2534 5007 2813 5060 canticum
2841 5012 3000 5076 turpe
3027 5005 3178 5076 circa
3205 5005 3466 5061 ecclesias
3495 5020 3608 5061 non
3635 5003 3763 5076 ﬂat.

2697 5076 2876 5133 Cone.
2908 5075 3193 5148 Carthag.

2180 5170 2494 5228 Canticum
2523 5177 2695 5245 turpe
2724 5173 2812 5232 vel
2861 5172 3233 5230 luxuriosum
3284 5173 3442 5231 circa
3488 5173 3766 5231 ecclesias

2107 5259 2366 5329 atquein
2415 5260 2582 5318 atriis
2639 5261 2905 5318 ecclesiis
2958 5261 3084 5317 ﬁeri
3113 5263 3356 5320 omnino
3411 5263 3762 5320 contradici-

2105 5363 2240 5404 mus
2266 5365 2280 5416 ;
2309 5349 2465 5420 quod
2492 5350 2710 5423 ubique
2738 5352 3044 5407 vitandum
3076 5357 3187 5408 est.

2405 5439 2542 5495 CAP.
2578 5438 2683 5495 LV.
2719 5445 2798 5498 De
2823 5441 3046 5511 pictura
3073 5441 3452 5498 ecclesiarum.

2587 5528 2766 5586 Cone.
2799 5530 3085 5599 Eliberit.,
3116 5547 3171 5587 c.
3203 5534 3259 5587 2.

2175 5613 2279 5685 (De
2329 5617 2602 5679 Consecr.
2647 5618 2791 5676 dist.
2847 5621 2908 5687 3,
2962 5619 3357 5690 Venerabiles.)
3406 5619 3634 5679 Placuit
3675 5620 3758 5692 ρι.
