4000 6054
169 263 312 320 1093

1488 253 1884 309 PANORMIA.
1917 280 1986 291 -—-
2016 254 2149 306 LIB.
2192 253 2263 305 ΙΙ.

3442 243 3581 299 1094

166 396 366 447 cturus
400 388 459 443 in
492 362 758 443 ecclesiis
792 384 913 441 fieri
938 399 1055 439 non
1076 383 1312 451 debere,
1334 397 1408 437 ne
1430 381 1586 453 quod
1615 379 1827 436 colitur
1854 388 1905 454 Α
1939 386 2139 453 gentes
2166 378 2422 445 habitas,
2454 377 2757 432 attendere
2786 374 3076 430 debueras
3106 389 3202 440 ne,
3232 374 3373 428 dum
3426 377 3581 428 recto

165 486 268 536 aut
299 479 600 543 adoratur,
641 475 699 530 in
731 472 1059 546 parietibus
1091 471 1466 543 depingatur.

571 610 706 665 ΟΑΡ.
743 608 877 665 LVI.
918 610 1050 664 Item
1086 607 1152 662 de
1177 606 1426 679 pictura.

484 719 682 791 Greg.,
707 717 880 789 epist.
911 719 967 787 2,
1001 716 1071 772 ad
1106 720 1169 771 D.
1208 713 1531 771 reclusum.

247 837 444 910 (Ibid.)
472 835 649 890 Aliud
671 839 762 891 est
817 832 976 891 enim
1029 834 1323 906 picturam
1372 832 1639 893 adorare,
1672 828 1831 883 aliud

177 944 278 999 per
309 927 550 998 picturae
581 923 918 993 historiam,
949 923 1092 994 quid
1127 923 1204 977 sit
1236 920 1605 978 adorandum
1664 917 1833 974 addi-

177 1033 358 1074 scere.
386 1015 531 1073 Nam
554 1015 712 1087 quod
740 1014 1067 1084 legentibus
1090 1012 1481 1083 Scripturam,
1509 1008 1617 1063 hoc
1638 1007 1835 1063 idiotis

178 1111 358 1177 patet,
392 1103 679 1177 picturam
712 1101 1090 1157 cernentibus
1121 1099 1223 1171 qui
1256 1100 1446 1171 ipsam
1495 1097 1834 1170 ignorantes

180 1195 399 1262 vident,
436 1193 577 1265 quid
609 1191 779 1263 sequi
811 1192 1062 1247 debeant
1093 1190 1151 1245 in
1186 1190 1315 1261 ipsa
1346 1187 1571 1260 legunt,
1605 1186 1707 1256 qui
1742 1186 1834 1241 lit-

183 1293 336 1341 teras
364 1283 653 1351 nesciunt,
684 1282 841 1337 unde
860 1286 919 1336 et
948 1280 1236 1352 praecipue
1284 1279 1559 1351 gentibus
1592 1293 1695 1350 pro
1755 1277 1835 1331 le-

182 1375 376 1430 ctione
398 1374 629 1445 pictura
657 1376 766 1428 est.
802 1370 965 1435 Quod
1010 1385 1386 1441 magnopere,
1420 1372 1483 1423 tu
1536 1366 1637 1439 qui
1686 1366 1839 1421 inter

1938 470 2060 526 zelo
2091 470 2325 525 incaute
2352 464 2747 530 succenderis,
2782 463 3073 519 ferocibus
3097 461 3311 517 animis
3333 462 3583 517 scanda-

1941 560 2065 615 lum
2098 574 2426 630 generares.
2462 553 2671 625 Frangi
2702 570 2839 625 ergo
2872 569 2988 607 non
3011 551 3215 607 debuit
3262 551 3417 621 quod
3468 568 3582 605 non

1942 648 2308 702 adorandum
2338 644 2395 699 in
2430 641 2714 709 ecclesiis,
2739 640 2838 696 sed
2864 641 2933 694 ad
2959 639 3338 694 instruendae
3368 638 3580 693 solum-

1942 738 2116 792 modo
2146 738 2368 791 mentes
2386 732 2495 788 fuit
2518 729 2907 787 nescientium
2940 727 3237 797 collatum,
3270 732 3328 783 et
3358 729 3493 799 quia
3526 729 3581 782 in

1942 825 2086 882 locis
2106 822 2545 881 venerabilibus
2562 823 2904 877 sanctorum
2919 817 3158 889 depingi
3175 816 3450 872 historias
3470 833 3585 872 non

1943 916 2071 970 sine
2101 914 2324 969 ratione
2354 916 2617 967 vetustas
2648 908 2903 976 admisit,
2936 907 2985 961 si
3008 905 3196 961 zelum
3238 905 3588 961 discretione

1944 1004 2329 1072 condidisses,
2363 1001 2491 1057 sine
2516 999 2697 1055 dubio
2725 1002 2778 1054 et
2811 1014 2880 1053 ea
2909 1012 3033 1067 quas
3078 996 3423 1052 intendebas
3488 1012 3581 1049 sa-

1944 1094 2193 1151 lubriter
2248 1090 2529 1157 obtinere,
2570 1092 2628 1144 et
2678 1103 2906 1160 gregem
2956 1085 3264 1141 collectum
3325 1101 3439 1139 non
3499 1085 3585 1137 di-

1946 1199 2185 1255 spegere
2211 1199 2225 1238 :
2260 1182 2360 1237 sed
2394 1180 2589 1252 potius
2621 1184 2853 1250 poteras
2883 1190 3240 1246 congregare
3271 1178 3338 1228 ut
3395 1176 3587 1243 pasto—

1948 1274 2029 1330 ris
2049 1274 2461 1329 intemeratum
2475 1269 2784 1328 excelleret
2796 1283 3005 1323 nomen
3015 1308 3030 1333 ,
3040 1283 3155 1322 non
3168 1264 3341 1337 culpa
3354 1264 3559 1336 dispen
3572 1294 3592 1304 -

1950 1363 2162 1421 saturis
2201 1361 2597 1418 incumberet.

1678 1680 1771 1737 DE
1814 1678 2108 1735 DECIMIS

191 1849 322 1900 CAP.
358 1843 518 1898 LVII.
554 1840 707 1910 Quod
758 1839 991 1895 dammae
1047 1842 1179 1893 sunt
1206 1909 1210 1910 ν
1237 1839 1343 1893 Dec
1395 1836 1663 1893 solvendae
1715 1850 1849 1907 quas
1878 1836 1925 1901 Β
1954 1832 2089 1910 Cas.
2122 1832 2234 1910 LX.
2272 1831 2421 1910 quod
2458 1832 2801 1910 auctoritate
2859 1828 3059 1886 veteris
3109 1827 3463 1910 tegisdanda
3535 1828 3608 1910 sit

712 1916 855 1968 Deus
882 1911 1016 1967 dare
1038 1909 1341 1966 ommutuit.

675 2022 851 2075 Cone.
884 2020 1176 2091 Mcgunt.,
1208 2034 1258 2075 c.
1288 2017 1379 2071 37.

277 2136 393 2209 (16,
436 2153 493 2208 q.
531 2136 588 2206 2,
635 2152 684 2192 c.
745 2134 1159 2206 Admonemus.)
1216 2135 1618 2189 Admonemus
1678 2134 1854 2201 atque

202 2225 579 2298 praecipimus
611 2228 675 2279 ut
706 2224 947 2279 decimae
976 2222 1215 2279 omnino
1250 2222 1371 2278 dari
1408 2223 1519 2277 Deo
1579 2237 1694 2275 non
1754 2236 1851 2274 ne-

200 2315 498 2387 gligantur
517 2332 665 2387 quas
694 2315 843 2370 Deus
864 2315 1000 2369 dare
1022 2312 1350 2379 constituit,
1366 2310 1504 2383 quia
1522 2309 1853 2365 timendum

209 2408 299 2460 est
324 2410 389 2459 ut
419 2404 688 2475 quisquis
723 2407 835 2458 Deo
868 2420 1043 2458 suum
1104 2402 1368 2458 debitum
1419 2398 1751 2466 abstulerit,
1784 2415 1857 2454 ne

220 2493 368 2548 forte
400 2494 555 2549 Deus
587 2498 822 2565 propter
851 2496 1157 2566 peccatum
1200 2508 1373 2547 suum
1411 2492 1638 2547 auferat
1678 2488 1728 2544 ei
1752 2504 1852 2543 ne-

211 2580 469 2635 cessaris
492 2597 619 2635 sua.

204 2715 339 2770 CAP.
368 2712 559 2768 LVIII.
590 2714 1151 2770 Bxcommunicentur
1177 2713 1277 2784 qui
1302 2712 1539 2767 decimas
1583 2711 1721 2767 dare
1766 2726 1855 2766 sa-

346 2785 650 2840 cerdotibus
676 2786 897 2855 nolunt,
929 2791 981 2841 et
1017 2802 1087 2839 ea:
1116 2786 1316 2856 quibus
1337 2793 1465 2841 sunt
1492 2784 1713 2841 danda.

698 2892 872 2947 Cone.
906 2892 1196 2959 Rothom.,
1232 2910 1281 2949 c.
1314 2892 1368 2946 3.

286 3007 398 3076 (16,
435 3023 487 3076 q.
548 3008 685 3076 7,c.
756 3011 965 3063 Omnes
1022 3007 1288 3081 dicimaz.)
1348 3008 1564 3065 Omnes
1624 3008 1860 3064 decimae

218 3101 384 3151 terra:
416 3096 537 3150 sive
568 3097 639 3150 de
681 3097 971 3168 frugibus,
1007 3098 1125 3153 sive
1183 3098 1253 3152 de
1313 3096 1501 3169 pomis
1560 3097 1861 3163 arborum,

2029 1904 2263 2030 decitma.
2288 1903 2392 1959 Vel
2423 1903 2545 1960 sic:
2598 1904 2850 1960 Veterum
2895 1900 3422 1973 ememplo’dicima:
3495 1902 3609 1957 sot-

2032 1992 2142 2030 van
2167 1992 2256 2030 ur.

2032 1992 2256 2031 ventur.

2459 2065 2634 2121 Cone.
2659 2064 2948 2135 Mogunt.,
2970 2079 3020 2120 c.
3052 2062 3110 2120 8.

2035 2191 2144 2261 (16,
2176 2206 2233 2261 q.
2268 2193 2321 2258 7,
2356 2205 2405 2245 c.
2440 2189 2731 2259 Decimae.)
2764 2190 3032 2247 Decimae
3072 2195 3189 2245 Deo
3232 2192 3291 2245 et
3333 2189 3612 2245 sacerdo-

1962 2280 2124 2335 tibus
2157 2280 2252 2335 Dei
2283 2280 2509 2335 dandas
2550 2279 2835 2334 \braham
2866 2278 3036 2335 factis
3067 2284 3124 2334 et
3152 2278 3331 2334 Jacob
3359 2278 3611 2350 promis-

1963 2368 2046 2425 sis
2074 2369 2358 2426 insinuat.
2392 2368 2614 2425 Deinde
2644 2367 2737 2425 lex
2763 2368 2975 2424 statuit
2997 2372 3053 2425 et
3092 2384 3294 2423 omnes
3344 2368 3613 2423 doctores

1965 2458 2153 2514 sancti
2171 2461 2657 2524 commemorant,
2676 2462 2732 2512 et
2754 2457 3165 2528 prophetatum
3184 2461 3329 2523 erat,
3345 2460 3412 2511 ut
3427 2458 3580 2512 Israe
3592 2488 3612 2496 -

1965 2546 2082 2602 litae
2111 2547 2370 2602 decimas
2397 2562 2697 2617 pecorum,
2730 2550 2788 2601 et
2818 2547 3077 2617 frugum,
3109 2550 3166 2601 et
3194 2545 3459 2600 omnium
3494 2545 3612 2615 pri-

1968 2636 2270 2691 mitiarum
2302 2635 2548 2692 Domino
2575 2636 2803 2705 darent,
2828 2635 2931 2708 qui
2953 2633 3337 2691 eosliberavit
3363 2652 3395 2689 a
3413 2635 3611 2690 decem

1968 2723 2175 2795 plagis,
2205 2723 2423 2796 quibus
2451 2724 2740 2797 percussit
2770 2724 3091 2797 IEgyptios,
3120 2727 3176 2779 et
3200 2724 3261 2780 in
3293 2722 3613 2779 novissima

1968 2813 2138 2886 plaga
2166 2813 2560 2885 primogenita
2581 2817 2930 2869 cunctorum
2952 2812 3320 2884 disperdidit,
3345 2813 3618 2885 gratiam-

1902 2960 1903 2963 η
1971 2918 2086 2974 que
2119 2903 2245 2958 suis
2276 2903 2570 2975 praestitit,
2604 2907 2671 2958 ut
2708 2902 3033 2973 impretatis
3073 2902 3338 2972 pecuniis
3398 2901 3615 2973 spolia-

1970 2996 2098 3048 rent
2152 2992 2488 3065 Egyptum.
2553 2994 2627 3049 De
2685 2992 2902 3065 quibus
2961 2991 3205 3047 decimis
3252 2990 3620 3062 Augustinus

1983 3081 2186 3136 doctor
2214 3080 2565 3137 venerabilis
2597 3080 2780 3137 dixit:
2814 3104 2843 3131 ‹‹
2880 3081 3124 3136 Decimae
3169 3097 3237 3135 ex
3285 3080 3484 3135 debito
3530 3096 3619 3134 re-

223 3183 458 3241 Domini
488 3189 651 3254 sunt,
685 3190 743 3242 et
772 3185 857 3241 illi
888 3186 1351 3255 sanctiﬁcantur,
1384 3188 1563 3244 boves
1589 3191 1648 3243 et
1705 3202 1860 3252 oves,
1891 3204 1938 3269 ρ
1976 3170 2317 3269 (Ιυιίιςιιῐιῑυτ-
2350 3192 2380 3222 ³³
2412 3170 2575 3269 Ωιιοᾴ
2608 3170 2661 3269 ξεί
2687 3171 2923 3225 deceret
2976 3172 3149 3269 θθιξρν
3181 3185 3394 3241 nempe
3450 3184 3621 3269 φθυδ

216 3278 272 3329 et
292 3290 479 3346 capris
510 3290 638 3347 quas
669 3275 780 3331 sub
828 3274 992 3346 virga
1022 3279 1276 3347 pastoris
1330 3280 1659 3347 transeunt,
1695 3276 1866 3347 quid-

226 3363 367 3435 quid
420 3363 714 3418 decimum
775 3364 1015 3431 venerit,
1077 3365 1544 3422 sanctiﬁcabitur
1601 3366 1865 3421 Domino.

221 3452 347 3507 Non
371 3452 618 3524 eligetur
647 3469 836 3525 neque
865 3453 1085 3509 bonum
1119 3470 1308 3526 neque
1356 3454 1579 3510 malum
1631 3471 1736 3510 nec
1783 3453 1868 3509 a1-

226 3545 419 3596 terum
451 3540 925 3598 commutabitur.
955 3542 1014 3599 Si
1044 3542 1178 3612 quis
1238 3544 1551 3599 mutaverit
1610 3548 1667 3598 et
1717 3544 1871 3615 quod

234 3634 427 3685 mutat
446 3638 501 3684 et
519 3630 671 3701 quod
700 3630 1027 3685 mutabitur
1040 3631 1505 3686 eanctiﬁcabitur
1527 3631 1795 3701 Domino,
1821 3635 1877 3687 et

230 3734 347 3773 non
380 3719 721 3773 redimetur.
756 3718 869 3773 Sed
901 3718 1041 3791 quia
1072 3719 1241 3776 multi
1274 3720 1649 3777 inveniuntur
1706 3721 1877 3775 modo

230 3808 487 3863 decimas
508 3808 645 3863 dare
670 3806 956 3876 nolentes,
981 3808 1322 3875 statuimus,
1344 3810 1744 3865 utsecundum
1773 3814 1878 3865 Do-

233 3897 379 3952 mini
412 3897 596 3952 nostri
626 3896 765 3953 Jesu
801 3897 1030 3955 Christe
1053 3903 1405 3971 prazceptum
1428 3899 1878 3967 admoneantur,

235 3985 417 4042 semel
441 3990 496 4042 et
520 3988 800 4057 secundo,
826 3993 880 4044 et
905 3989 1095 4044 tertio.
1119 3988 1179 4044 Si
1204 4005 1316 4044 non
1342 3990 1733 4044 emendantur
1750 4006 1884 4044 ana-

243 4074 526 4131 thematis
557 4075 791 4132 vinculo
815 4077 1299 4149 constringuntur
1320 4094 1505 4149 usque
1537 4080 1608 4134 ad
1650 4078 1884 4134 satisfa-

240 4164 492 4221 ctionem
524 4169 581 4221 et
611 4166 1081 4222 emendationem
1115 4182 1457 4238 congruam.

240 4292 380 4349 CAP.
422 4291 568 4347 LIX.
599 4293 717 4348 Non
744 4292 1059 4362 persolvant
1086 4292 1157 4365 de
1182 4291 1424 4365 propriis
1448 4293 1686 4365 prmdiis
1716 4294 1889 4351 abba-

707 4367 785 4416 les
813 4367 863 4417 et
895 4362 1137 4434 episcopi
1164 4362 1425 4419 decimas.

729 4472 902 4523 Cone.
935 4468 1221 4541 Mogunt.,
1250 4486 1303 4525 e.
1326 4472 1416 4527 28.

1979 3262 2068 3314 est
2096 3259 2295 3330 homo,
2327 3276 2459 3316 mea
2486 3264 2577 3315 est
2606 3263 2763 3315 terra
2792 3276 2967 3330 quam
3002 3258 3165 3326 colis,
3198 3275 3330 3313 mea
3358 3263 3500 3315 sunt
3534 3274 3623 3313 se-

1980 3348 2142 3404 mina
2162 3366 2288 3420 quze
2316 3348 2567 3420 spargis,
2586 3365 2715 3403 mea
2735 3348 3016 3404 animalia
3031 3364 3153 3417 quae
3177 3348 3626 3419 fatigatis,meus

1981 3442 2071 3492 est
2101 3437 2241 3492 solis
2264 3437 2443 3503 calor,
2463 3442 2519 3493 et
2536 3453 2666 3492 cum
2688 3437 2891 3493 omnia
2912 3452 3043 3492 mea
3064 3436 3205 3504 sint,
3222 3440 3286 3491 tu
3310 3436 3410 3508 qui
3434 3436 3629 3490 minus

1994 3526 2428 3595 accommodas,
2462 3525 2647 3581 solam
2678 3525 2963 3581 decimam
2994 3525 3089 3580 vix
3137 3524 3475 3593 mereberis,
3527 3524 3626 3580 sed

1985 3631 2216 3670 reservo
2248 3614 2354 3670 tibi
2386 3630 2617 3681 novem,
2646 3616 2722 3670 da
2752 3614 2895 3669 mihi
2919 3614 3237 3685 decimam;
3266 3616 3317 3670 si
3358 3631 3473 3670 non
3532 3615 3629 3668 de-

1993 3702 2148 3759 deris
2179 3702 2324 3759 mihi
2355 3703 2643 3759 decimam
2680 3704 2939 3759 auferam
2972 3703 3079 3759 tibi
3112 3720 3340 3759 novem.
3401 3704 3458 3759 Si
3501 3720 3633 3758 vero

1990 3793 2219 3848 dederis
2248 3792 2389 3848 mihi
2424 3793 2711 3848 decimam
2762 3792 3167 3866 multiplicabo
3225 3810 3455 3849 novem.
3490 3793 3635 3848 Cum

1990 3882 2190 3952 itaque
2218 3881 2791 3955 Judaicuspopulus
2851 3886 3209 3955 praeceptum
3268 3882 3631 3939 decimarum

1992 3974 2156 4026 tanta
2187 3971 2491 4043 diligentia
2521 3972 2850 4041 observare,
2877 3977 2941 4026 ut
2962 3972 3031 4025 de
3054 3972 3504 4041 quibuscunque
3530 3971 3637 4024 mi-

1995 4058 2171 4115 nimis
2206 4060 2401 4130 rebus,
2434 4065 2567 4115 ruta
2589 4059 2860 4115 videlicet
2880 4064 2937 4115 et
2958 4060 3216 4126 mentha,
3235 4064 3293 4113 et
3314 4058 3637 4130 cyminum,

1998 4154 2063 4204 ut
2094 4149 2220 4220 ipse
2250 4149 2538 4203 Dominus
2563 4153 2834 4215 testatur,
2869 4148 3159 4203 decimam
3187 4147 3352 4201 daret
3412 4145 3637 4217 (Matth.

1998 4243 2180 4305 XXIII),
2229 4254 2335 4292 cur
2386 4254 2499 4293 non
2553 4237 2761 4307 majori
2811 4236 3008 4292 studio
3082 4235 3247 4307 plebs
3314 4234 3647 4307 evangelica

2000 4326 2264 4380 eamdem
2294 4325 2502 4398 implet
2522 4325 2877 4397 jussionem,
2898 4330 2955 4380 et
2986 4325 3077 4381 cui
3112 4326 3302 4395 major
3331 4329 3422 4380 est
3452 4322 3646 4379 cultus

2003 4414 2396 4481 sacerdotum,
2428 4417 2485 4469 et
2515 4414 2800 4470 sincerior
2844 4416 3039 4470 cultus
3097 4418 3595 4470 sacramentorum
3619 4414 3646 4468 ?

2004 4504 2137 4558 Ideo
2170 4519 2304 4575 ergo
2338 4502 2546 4558 dandae
2576 4508 2736 4572 sunt,
2770 4504 2962 4559 uthac
2993 4504 3299 4559 devotione
3331 4503 3457 4577 ipse
3494 4504 3649 4560 Deus

326 4583 439 4655 (17,
470 4599 525 4653 q.
564 4584 616 4649 1,
650 4600 698 4637 c.
734 4584 921 4651 Questi
948 4588 1123 4653 sunt.)
1166 4586 1368 4649 Queeti
1424 4591 1563 4643 sunt
1622 4593 1899 4660 praeterea
1928 4577 1973 4640 D
2008 4591 2272 4664 placatus
2314 4590 2544 4663 largitis
2568 4596 2799 4663 praestet
2818 4609 2947 4664 quze
2971 4592 3299 4648 necessaria
3321 4596 3478 4662 sunt,
3504 4592 3652 4648 sicut

257 4671 498 4741 quidam
530 4673 736 4728 fratres
768 4673 921 4743 quod
945 4678 1144 4729 essent
1164 4673 1347 4746 aliqui
1369 4676 1624 4748 episcopi
1649 4683 1705 4732 et
1727 4678 1899 4734 abba-

2015 4682 2285 4753 superius
2316 4680 2703 4736 ostendimus.
2738 4681 2808 4736 Et
2848 4687 2911 4736 ut
2942 4683 3277 4738 sacerdotes
3307 4686 3363 4737 et
3394 4681 3660 4753 magistri

257 4765 366 4829 tes,
398 4761 500 4833 qui
533 4762 790 4818 decimas
825 4780 939 4817 non
974 4762 1236 4819 sinerent
1275 4764 1401 4821 dari
1449 4767 1517 4820 ad
1567 4765 1902 4835 ecclesiam,
1936 4837 1944 4843 ,
2012 4770 2282 4825 Ecclesiae
2306 4775 2361 4825 et
2383 4769 2777 4825 sollicitudine
2808 4770 3223 4827 necessitatum
3247 4772 3659 4845 corporalium,

258 4848 361 4903 ubi
392 4849 628 4906 illorum
651 4850 842 4906 coloni
869 4851 1086 4908 missas
1114 4852 1384 4911 audiunt.
1419 4853 1664 4910 Proinde
1704 4855 1905 4911 decreo

2013 4860 2141 4914 sine
2172 4859 2389 4930 quibus
2414 4859 2532 4914 haec
2562 4859 2681 4914 vita
2706 4859 2951 4931 transigi
2975 4876 3090 4915 non
3150 4865 3365 4933 potest,
3422 4859 3657 4913 relevati

255 4938 340 4993 vit
368 4954 535 4995 sacer
564 4938 676 4996 iste
705 4945 1044 5007 conventus,
1077 4946 1142 4996 ut
1170 4942 1427 5015 episcopi
1457 4948 1515 4998 et
1542 4944 1785 5000 abbatee
1837 4944 1908 4998 de
2016 4947 2321 5003 liberiores
2354 4947 2495 5003 ﬁant
2526 4948 2597 5003 ad
2651 4950 3093 5005 meditationem
3151 4950 3359 5003 divinae
3418 4947 3561 5019 legis
3612 4951 3668 5002 et

260 5026 492 5099 agrieet
508 5027 848 5099 vineisque:
872 5030 941 5084 ad
966 5046 1139 5085 nsum
1152 5030 1241 5085 vel
1259 5030 1553 5103 stipendia
1574 5033 1791 5088 habent
1806 5033 1910 5089 de-

2022 5034 2301 5091 doctrinaa
2331 5036 2904 5094 administrationem
2937 5049 3109 5109 atque
3166 5036 3491 5109 spiritualis
3545 5054 3665 5093 ser-

262 5116 442 5172 cimas
474 5118 543 5175 ad
577 5116 858 5174 ecclesias
886 5118 1112 5175 deferre
1160 5119 1379 5176 faciant
1427 5122 1598 5193 (129).
1656 5121 1912 5179 Familia:
2022 5124 2232 5180 vitutis
2262 5124 2670 5197 expletionem,
2703 5131 2758 5183 et
2788 5132 2851 5182 ut
2884 5144 3101 5182 munus
3134 5125 3331 5197 populi
3361 5126 3420 5180 in
3481 5126 3669 5197 quoti-

263 5221 400 5261 vero
419 5205 636 5262 ibidem
663 5208 923 5263 decimas
945 5224 1085 5263 suas
1107 5208 1298 5264 {erant
1322 5209 1421 5266 ubi
1446 5210 1698 5267 infantes
1711 5229 1913 5268 eorum

2026 5215 2203 5271 diana
2232 5214 2529 5272 oblatione
2566 5217 2810 5273 Domino
2838 5216 3202 5287 immolatur,
3235 5233 3341 5271 nec
3373 5232 3488 5271 non
3549 5219 3673 5270 sta-

269 5294 671 5366 baptizantur,
695 5301 751 5351 et
784 5295 881 5351 ubi
903 5312 1005 5367 per
1026 5300 1213 5352 totum
1234 5298 1376 5353 anni
1398 5298 1684 5355 circulum
1706 5300 1920 5357 missas
2025 5310 2154 5360 tuta
2187 5306 2464 5360 canonice
2495 5305 2554 5361 in
2587 5306 3011 5363 suetentatione
3028 5322 3352 5378 pauperum
3377 5309 3433 5361 et
3451 5308 3679 5360 restau-

274 5384 548 5439 audiunt.

2031 5393 2254 5450 ratione
2284 5394 2663 5452 ecclesiarum
2696 5395 2981 5470 proficiat.
3017 5397 3272 5462 Quatuor
3302 5394 3457 5451 enim
3483 5399 3682 5468 partes

348 5580 505 5654 (I39)
533 5582 856 5641 Gratianus
888 5583 979 5640 sic
1009 5581 1172 5655 legit,
1207 5598 1333 5656 quae
1360 5583 1432 5641 ad
1459 5600 1622 5642 suum
1639 5593 1692 5643 et
1708 5587 1950 5660 fratrum
1972 5591 2309 5663 stipendium
2340 5593 2653 5666 habent,fad
2674 5592 2942 5653 ecclesias
2969 5594 3334 5669 suasudeferri
3359 5595 3597 5670 faciant.
