4000 6054
386 293 410 345 1
421 289 526 345 095

1471 279 1543 328 D.
1593 270 1832 326 IVONIS
1868 261 2364 320 CARNOTENSIS
2400 259 2720 315 EPISCOPI

3653 257 3800 312 1096

372 418 541 505 juxta
572 424 830 468 canones
845 405 973 462 ﬁeri
991 405 1061 458 de
1078 401 1338 459 ﬁdelium
1363 396 1761 454 oblationibus
1795 391 2032 456 debent,
2068 397 2120 463 Α
2155 385 2646 458 pturishabemus
2672 383 3801 456 ,humanum,inlegibusregum.Unde

653 500 686 505 ,Α
803 497 813 505 .
971 495 981 505 .
1075 492 1110 505 ..
1284 489 1297 505 ο
1375 487 1449 505 9,4
1502 502 1588 505 ,,_-
1652 482 1815 505 I__I:-
1878 497 1988 505 .....-
2137 475 2384 505 ’.κίεν-..η
2418 475 2678 505 Nummos
2710 475 2862 505 αηηιι
2900 473 3210 505 ηηααξιιηιί)
3247 474 3449 505 Μηηηη
3491 474 3616 505 tu...
3683 472 3793 505 1η..-

383 482 445 561 ut
480 519 598 560 una
619 500 696 555 sit
725 495 1004 570 episcopi,
1041 492 1222 550 altera
1250 487 1620 550 clericorum,
1652 482 1822 540 tertia
1878 497 2022 552 pau-

381 607 610 665 perum,
643 591 856 660 quarta
886 585 954 640 ad
992 579 1480 638 restaurationem
1513 572 1793 630 ecclesias.

386 717 525 771 CAP.
554 713 700 768 LXI.
736 713 858 764 Tres
876 717 1062 779 partes
1091 704 1281 760 debent
1307 701 1440 779 ﬁeri
1485 699 1549 779 de
1583 694 1849 779 'deﬁcimis,
1907 693 2027 748 duae

454 768 594 841 clero
665 787 717 838 et
774 768 938 837 tertia
991 779 1258 848 episcopo.
1307 768 1414 829 ’νει
1469 771 1589 848 sic:
1655 768 2025 848 Basilicarum

455 855 766 914 conditores
799 853 854 908 in
884 841 1046 906 rebus
1077 841 1432 905 ecclesiarum
1452 841 1677 898 nullam
1698 842 2027 912 potestatem

458 946 512 985 sc
540 928 741 983 habere
767 931 1112 993 cognoscant.

454 1036 561 1106 (10,
595 1050 652 1104 q.
690 1035 740 1100 1,
773 1047 824 1085 c.
859 1031 931 1084 De
960 1028 1091 1100 his.)
1125 1027 1204 1082 De
1234 1025 1326 1080 his
1357 1040 1485 1095 quae
1520 1021 1590 1076 ad
1625 1017 1934 1075 ecclesiam
1993 1033 2028 1071 a

384 1121 755 1196 parochianis
782 1121 1107 1176 oﬁ‘eruntur
1136 1117 1194 1170 in
1225 1114 1421 1182 terris,
1454 1112 1513 1166 in
1545 1110 1749 1175 vineis,
1772 1108 1833 1162 in
1857 1123 2027 1196 man-

383 1195 574 1284 cipiis,
607 1210 667 1266 in
701 1209 944 1282 peculiis
993 1207 1377 1277 antiquorum
1411 1215 1702 1256 canonum
1758 1195 2029 1251 instituta

382 1308 704 1365 serventur,
737 1302 803 1354 ut
834 1296 1118 1352 omniain
1178 1291 1434 1366 episc0pi
1493 1291 1780 1362 potestate
1836 1284 2028 1341 consi-

381 1395 559 1447 stant.
597 1395 672 1445 De
703 1388 797 1444 his
830 1391 1026 1443 autem
1049 1401 1176 1456 qua:
1201 1382 1485 1441 altaribus
1508 1373 2031 1444 oll‘eruntur,tertia

379 1497 512 1552 pars
544 1478 792 1534 ﬁdeliter
821 1474 1114 1548 episcopis
1144 1473 1444 1537 offeratur,
1487 1469 1614 1522 dua;
1645 1465 1892 1520 clericis.
1921 1464 2028 1518 De-

380 1570 543 1625 cimre
574 1570 775 1624 autem
804 1565 1132 1621 secundum
1183 1561 1472 1633 quosdam
1533 1553 1780 1628 singulis
1836 1552 2027 1620 annis,

379 1659 554 1714 tertia
579 1673 734 1729 pars,
770 1660 871 1711 aut
903 1654 960 1709 in
991 1652 1162 1711 tertio
1194 1654 1353 1705 tota:
1389 1648 1488 1704 sed
1524 1650 1721 1701 tamen
1773 1660 1880 1699 nos
1937 1658 2026 1697 se-

2136 475 2386 547 quisque
2417 475 2681 546 possidet
2709 475 2866 546 quod
2897 473 3210 545 possidet?
3246 474 3451 531 Nonne
3482 474 3617 544 jure
3680 472 3794 527 hu-

2138 581 2312 619 mano
2332 564 2359 618 ?
2391 564 2536 619 Nam
2563 564 2698 635 jure
2728 562 2925 618 divino
2948 581 2967 620 :
2998 563 3221 619 Domini
3250 572 3328 618 est
3375 568 3530 618 terra
3568 571 3621 618 et
3667 564 3791 634 pte-

2137 653 2329 709 nitudo
2355 655 2471 726 ejus
2502 652 2683 725 (Psat.
2730 654 2915 725 XXIII).
2969 652 3257 724 Pauperes
3304 656 3362 708 et
3409 651 3616 707 divites
3676 652 3794 707 Do-

2139 743 2338 798 minus
2369 759 2438 798 ex
2469 759 2585 798 uno
2618 742 2757 798 limo
2781 742 2936 814 fecit,
2967 747 3025 798 et
3053 759 3341 815 pauperes
3363 741 3650 797 etdivites
3676 758 3795 796 una

2137 835 2292 888 terra
2320 835 2648 903 supportat.
2683 831 2824 887 Jure
2855 831 3038 904 igitur
3067 831 3328 887 humano
3355 831 3574 886 dicitur
3599 847 3614 887 :
3663 830 3795 885 Hac

2137 920 2273 976 villa
2304 936 2432 977 mea
2453 925 2564 988 est,
2596 921 2718 976 haec
2749 921 2962 976 domus
2995 937 3124 977 mea
3149 926 3254 992 est,
3279 920 3372 975 hic
3394 936 3600 976 servus
3622 936 3793 975 meus

2136 1014 2243 1065 est.
2273 1010 2416 1066 Jura
2441 1026 2572 1066 vero
2603 1010 2884 1081 humana,
2905 1013 3044 1082 jura
3074 1010 3522 1082 imperatorum.
3547 1008 3789 1075 Quare?

2137 1099 2282 1165 Quia
2309 1099 2440 1171 ipsa
2470 1099 2730 1156 humana
2753 1101 2890 1170 jura
2921 1117 3022 1172 per
3066 1101 3450 1172 imperatores
3500 1104 3557 1155 et
3615 1115 3787 1172 reges

2137 1188 2332 1244 saculi
2365 1189 2520 1245 Deus
2551 1190 2853 1246 distribuit
2893 1190 3093 1262 generi
3124 1191 3403 1246 humano.
3451 1188 3615 1245 Tolle
3649 1190 3792 1258 jura

2136 1277 2498 1350 imperatori,
2531 1284 2590 1335 et
2620 1279 2754 1352 quis
2790 1280 3028 1335 audebit
3058 1280 3284 1336 dicere:
3339 1295 3468 1334 mea
3526 1281 3616 1334 est
3675 1276 3792 1332 ista

2137 1365 2296 1436 villa,
2327 1383 2491 1423 meus
2519 1371 2610 1424 est
2639 1368 2749 1424 iste
2781 1384 3006 1440 servus,
3039 1385 3169 1424 mea
3219 1372 3306 1424 cst
3363 1367 3477 1423 ista
3533 1366 3795 1422 domus?

2138 1455 2197 1510 Si
2225 1461 2422 1511 autem
2448 1461 2513 1512 ut
2532 1458 2976 1515 teneanturista
2994 1458 3066 1514 ab
3089 1457 3453 1527 hominibus,
3469 1457 3611 1528 jura
3631 1472 3792 1511 acce-

2137 1549 2352 1616 perunt
2381 1562 2606 1619 regum.
2628 1546 2821 1602 Vultis
2845 1552 2908 1602 ut
2929 1546 3242 1604 recitemus
3263 1546 3421 1618 leges
3448 1550 3512 1601 ut
3534 1545 3792 1600 audiatis

2141 1634 2240 1704 [at.
2266 1634 2442 1690 vultis
2478 1644 2536 1690 ul
2560 1635 2914 1692 reticeamus
2944 1635 3104 1708 leges
3135 1640 3199 1690 ut
3262 1634 3570 1708 gaudeatis
3592 1633 3784 1706 ?]......

378 1721 631 1818 quentes
661 1721 980 1809 Romanos,
1005 1738 1258 1830 singulis
1279 1736 1463 1830 annis
1485 1741 1753 1830 quartam
1781 1739 2024 1804 partem,
2058 1765 2103 1830 Β
2138 1721 2491 1830 Relegantur
2520 1723 2678 1826 leges
2708 1725 2805 1830 ubi
2839 1725 3149 1830 manifeste
3182 1727 3583 1830 praeceperunt
3603 1723 3785 1795 impe-

377 1841 566 1893 Iotum
596 1835 656 1890 in
689 1837 897 1906 quarto
927 1847 1081 1888 anno
1114 1827 1401 1899 recipiant
1429 1823 1708 1896 episcopi.

378 1945 508 2000 CAP.
543 1941 717 1998 LXII.
754 1939 988 1995 Decimae
1017 1953 1128 1991 non
1154 1938 1283 1991 sunt
1326 1951 1360 1988 a
1412 1931 1612 2004 populo
1666 1927 2017 1986 redimendae.

875 2011 1049 2066 Conc.
1084 2009 1373 2080 Mogunt.,
1407 2021 1456 2060 c.
1487 2005 1542 2058 3.

450 2121 562 2190 (16,
596 2135 654 2190 q.
679 2119 734 2183 7,
764 2133 813 2172 c.
875 2114 1175 2185 Decimas.)
1235 2111 1504 2168 Decimae
1564 2124 1712 2180 quas
1768 2104 2021 2179 populus

381 2209 519 2264 dare
547 2209 613 2276 [Γ.
643 2205 945 2262 consuevit
975 2203 1086 2259 nisi
1121 2201 1382 2274 quolibet
1411 2214 1654 2254 munere
1678 2198 1750 2253 ab
1781 2213 1846 2252 eo
1869 2195 2022 2251 redi-

380 2301 638 2364 mantur,
672 2295 743 2351 ab
775 2293 1065 2366 episcopis
1098 2289 1530 2364 prohibendum
1561 2290 1651 2342 est
1678 2302 1749 2341 ne
1775 2285 1896 2340 ﬁat.

379 2408 513 2460 CAP.
547 2401 736 2459 LXIII.
770 2403 903 2458 Jure
931 2399 1127 2456 divino
1153 2397 1342 2454 omnia
1367 2400 1496 2451 sunt
1527 2395 1841 2450 communia
1862 2412 1876 2462 ;
1891 2393 2024 2464 jure

449 2491 573 2532 vero
601 2475 1030 2542 constitutionis,
1080 2471 1182 2527 hoc
1240 2485 1444 2539 meum,
1478 2467 1625 2522 illud
1643 2481 1770 2522 vero
1790 2464 2026 2520 alterius

451 2556 551 2603 est.

719 2638 868 2706 Aug.
903 2638 1071 2689 tract.
1103 2649 1162 2686 VI
1194 2632 1255 2686 in
1281 2631 1466 2695 Joan.,
1497 2645 1626 2700 cap.
1649 2644 1689 2683 ι.

453 2723 620 2795 (Dist.
646 2723 700 2790 8,
731 2739 779 2777 c.
843 2722 955 2790 Quo
1000 2720 1177 2792 jure.)
1236 2721 1358 2786 Quo
1389 2719 1525 2790 jure
1554 2714 1816 2771 defendis
1858 2714 2025 2771 villas

381 2801 658 2872 ecclesiae,
692 2801 888 2859 divino
920 2807 1022 2858 aut
1047 2801 1307 2858 humano
1326 2799 1353 2854 ‘t
1377 2796 1762 2866 Divinumjus
1793 2795 1851 2850 in
1881 2795 2026 2850 Scri-

2134 1816 2360 1869 ratores
2392 1829 2494 1870 eos
2514 1814 2615 1887 qui
2646 1819 2853 1887 praeter
2882 1813 3191 1870 Catholica
3224 1813 3497 1871 Ecclesia:
3524 1828 3786 1869 commu-

2131 1901 2366 1957 nionem
2401 1909 2690 1974 usurpant
2718 1903 2830 1960 sibi
2854 1920 3067 1960 nomen
3107 1903 3535 1969 Christianum,
3567 1919 3675 1958 nec
3693 1919 3782 1957 vo-

2140 1988 2274 2044 lunt
2303 1989 2361 2044 in
2396 2007 2536 2062 pace
2567 2008 2780 2062 ponere
2810 1997 3105 2048 auctorem
3139 1992 3321 2064 pacis,
3358 1991 3505 2047 nihil
3553 1991 3789 2046 nomine

2135 2079 2400 2135 Ecclesia
2419 2082 2675 2138 audeant
2696 2082 3017 2154 possidere.
3040 2084 3154 2142 Sed
3177 2083 3322 2156 quid
3344 2082 3512 2139 nobis
3535 2087 3592 2138 et
3617 2082 3790 2154 impe-

2133 2171 2357 2227 ratori?
2385 2173 2516 2243 Sed,
2553 2172 2763 2244 utjam
2795 2173 2935 2242 dixi,
2961 2174 3031 2229 de
3054 2175 3190 2245 jure
3253 2173 3514 2229 humano
3573 2172 3786 2242 agitur,

2131 2263 2190 2315 et
2218 2263 2414 2316 tamen
2449 2261 2752 2333 apostolus
2807 2261 2991 2318 voluit
3045 2262 3253 2318 serviri
3311 2262 3551 2334 regibus
3605 2260 3788 2316 voluit

2133 2348 2414 2406 honorari
2490 2354 2676 2424 Reges
2734 2355 2790 2407 et
2853 2351 3033 2408 dixit:
3092 2351 3452 2408 veneramini
3513 2351 3569 2423 (Ι
3636 2354 3786 2406 Petr.

2133 2438 2219 2510 ιι).
2249 2439 2483 2497 Dicere:
2519 2440 2639 2496 noli
2667 2441 2813 2504 Quid
2841 2440 2985 2496 mihi
3017 2445 3074 2496 et
3096 2441 3248 2513 regi!
3276 2441 3424 2506 Quid
3447 2441 3553 2496 tibi
3573 2456 3709 2509 ergo
3735 2445 3790 2495 et

2133 2530 2497 2601 possessioni
2517 2530 2544 2584 ?
2563 2531 2821 2601 Perjura
2838 2547 3042 2602 regum
3065 2530 3446 2602 possidentur
3467 2530 3787 2602 possessio-

2133 2634 2258 2675 nes.
2291 2619 2499 2677 Dixisti
2525 2638 2539 2676 :
2573 2620 2721 2686 Quid
2757 2619 2901 2675 mihi
2925 2625 2983 2675 et
3007 2620 3127 2692 regi
3156 2621 3184 2675 ‘I
3208 2619 3324 2675 noli
3344 2620 3536 2676 dicere
3555 2635 3785 2691 posses-

2133 2707 2330 2765 siones
2361 2713 2520 2779 tuas,
2549 2710 2689 2781 quia
2718 2710 2848 2781 ipsa
2886 2709 3025 2780 jura
3081 2709 3442 2766 renuntiasti
3499 2709 3786 2773 humana,

2133 2799 2350 2868 quibus
2381 2799 2781 2870 possidentur.

1375 3053 1466 3109 DE
1508 3049 2101 3107 PRJESCRIPTIONE
2149 3053 2240 3108 ET
2290 3053 2782 3112 POSSESSIONE.

369 3193 497 3247 Car.
531 3190 1072 3267 LXIV‘._Rusticanae
1099 3190 1354 3267 parocth
1391 3193 1546 3267 apud
1563 3188 1882 3267 episcopum
1921 3186 2019 3267 qui
2049 3196 2091 3263 ρ
2131 3188 2306 3245 etiam
2339 3190 2387 3245 si
2420 3191 2562 3262 quid
2598 3195 2814 3248 sancta:
2840 3191 3116 3247 Romanae
3149 3189 3421 3246 Ecclesiae
3451 3193 3782 3260 competere

437 3257 836 3390 eas'pogslident
865 3279 974 3317 xxx
1002 3257 1168 3317 annis
1191 3263 1314 3316 sine
1343 3257 1607 3316 violentia
1654 3260 2018 3330 permaneant

440 3350 606 3390 immo
647 3352 665 3389 ι
699 3350 772 3390 es.

440 3350 772 3390 zmmooues.

833 3427 1005 3479 Conc.
1047 3422 1342 3490 Chalced.,
1375 3439 1424 3477 c.
1457 3422 1541 3476 17.

440 3517 554 3586 (16,
588 3531 644 3586 q.
671 3516 724 3582 3,
758 3531 807 3569 c.
840 3514 948 3569 Per
988 3513 1286 3582 singulas.)
1345 3513 1450 3567 Per
1507 3510 1774 3584 singulas
1833 3511 2017 3569 eccle-

373 3605 493 3660 sias
526 3605 878 3670 rusticanus,
904 3601 1312 3674 parochiauas,
1337 3601 1454 3655 sive
1469 3600 1873 3670 possessiones
1902 3617 2017 3657 ma-

375 3708 512 3748 nere
566 3690 901 3746 immobiles
983 3690 1137 3762 apud
1205 3705 1302 3744 eos
1382 3688 1637 3744 retinent
1712 3690 2019 3762 episcopos

370 3786 429 3836 ct
461 3780 709 3840 maxime
740 3778 840 3850 qui
872 3796 971 3834 eas
994 3779 1119 3834 sine
1141 3777 1413 3834 violentia
1429 3779 1554 3849 jam
1578 3794 1679 3850 per
1701 3795 1812 3834 xxx
1832 3794 2019 3834 annos

375 3872 634 3925 tenentes
667 3868 1165 3941 gubernaverunt.
1198 3867 1256 3922 Si
1291 3883 1422 3922 vero
1457 3867 1608 3921 intra
1663 3885 1776 3922 xxx
1831 3883 2018 3923 annos

372 3958 525 4014 facta
556 3957 732 4013 fuerit
761 3962 864 4012 aut
895 3957 996 4010 ﬁat
1027 3956 1098 4011 de
1129 3953 1222 4009 his
1283 3953 1570 4023 alteratio,
1606 3955 1743 4010 licet
1791 3957 1875 4012 eis
1918 3956 2019 4028 qui

371 4065 433 4103 se
467 4047 719 4103 dixerint
750 4045 939 4112 lassos,
976 4048 1212 4116 propter
1242 4061 1341 4101 eos
1374 4060 1600 4101 movere
1631 4045 1785 4117 apud
1845 4061 2018 4117 syno-

372 4139 518 4192 dum
551 4134 861 4208 provinciae
895 4139 1210 4190 certamen.

376 4243 510 4298 CAP.
549 4242 710 4298 LXV.
741 4241 992 4312 Triginta
1013 4240 1178 4296 annis
1210 4240 1276 4295 ab
1308 4241 1577 4312 episcopis
1604 4255 1865 4312 possessa?
1887 4256 2019 4312 per-

901 4316 1161 4369 maneant
1191 4312 1496 4369 diwcesses.

642 4401 908 4458 Gelasius
936 4419 1089 4474 papa
1114 4405 1159 4470 Ι,
1193 4418 1283 4473 cp.
1313 4401 1369 4470 3,
1403 4401 1476 4458 ad
1506 4399 1757 4458 Siculos.

450 4494 561 4563 (16,
589 4509 644 4563 q.
691 4491 744 4557 3,
808 4507 857 4548 c.
921 4494 1265 4560 Praesutum,
1320 4490 1348 4562 Ξ
1403 4493 1812 4560 Pcrmaneant.)
1868 4490 2021 4545 Illud

375 4562 551 4636 etiam
587 4562 807 4651 placuit
841 4581 1105 4650 annecti,
1139 4584 1202 4635 ut
1235 4579 1282 4635 si
1318 4581 1486 4651 (quod
1522 4580 1737 4651 absit!)
1766 4579 2026 4635 ecclesiae
2055 4562 2102 4626 D

379 4669 688 4724 facultates
720 4685 822 4726 nec
856 4687 966 4724 non
996 4673 1051 4725 et
1083 4668 1358 4724 dimceses
1389 4669 1459 4723 ab
1487 4667 1784 4738 aliquibus
1841 4667 2026 4738 possi-

373 4759 590 4813 dentur
618 4758 932 4829 episcOpis,
961 4759 1090 4827 jure
1124 4757 1237 4813 sibi
1272 4757 1591 4822 vindicent,
1625 4756 1777 4827 quod
1814 4755 2024 4811 tricen-

376 4848 527 4904 nalis
560 4841 661 4903 lex
705 4848 1035 4914 constituit,
1089 4847 1228 4920 quia
1277 4851 1334 4902 et
1386 4846 1641 4903 ﬁliorum
1687 4850 2023 4902 nostrorum

343 4937 703 5010 principum
734 4936 813 4992 ita
835 4936 1131 4991 emanavit
1155 4936 1496 5001 auctoritas,
1523 4941 1586 4990 ut
1608 4935 1763 4990 ultra
1787 4935 2026 5008 triginta

375 5043 560 5082 annos
592 5025 739 5080 nulli
786 5024 962 5080 liceat
1011 5041 1114 5096 pro
1155 5041 1220 5080 eo
1272 5024 1569 5096 appellare
1617 5025 1769 5095 quod
1821 5040 2024 5096 regum

374 5120 612 5187 tempus
643 5114 909 5170 exclusit.

378 5224 510 5278 CAP.
547 5221 732 5278 LXVI.
787 5220 1166 5292 Quadraginta
1221 5236 1518 5292 annorum,
1548 5219 1889 5292 praescriptio
1940 5236 2025 5276 re-

773 5295 986 5364 tigiosis
1014 5291 1269 5348 domibus
1295 5291 1631 5347 conceditur.

734 5382 1048 5455 Gregorius
1081 5382 1248 5436 Petro
1279 5380 1660 5436 subdiacono.

454 5471 621 5540 (Dist.
659 5474 742 5543 16,
777 5489 831 5542 q.
863 5472 940 5542 5.)
969 5469 1028 5526 Si
1061 5469 1482 5528 monasterium
1512 5468 1711 5525 Sancti
1743 5468 2026 5525 Theodori

385 5561 530 5615 ﬁnes
561 5562 631 5615 de
661 5561 878 5631 quibus
910 5559 1170 5616 causatio
1221 5563 1514 5616 commota
1561 5562 1670 5628 est,
1717 5557 2027 5615 inconcus-

391 5650 474 5704 sis
494 5666 566 5703 xc
597 5648 766 5704 annis
798 5649 1130 5719 possedisse
1163 5651 1428 5722 repertis,
1463 5648 1684 5705 nullam
1731 5649 2026 5721 deinceps,

2129 3278 2340 3350 potuit,
2373 3279 2614 3350 patiaris
2648 3280 2941 3336 sustinere
2990 3279 3374 3348 calumniam,
3401 3278 3502 3334 sed
3522 3277 3779 3348 quietem

2125 3384 2327 3424 eorum
2355 3368 2633 3423 omnibus
2661 3369 2850 3425 modis
2883 3386 3216 3442 procurare.

2131 3479 2258 3532 CAP.
2295 3475 2522 3532 LXVII.
2582 3475 2923 3549 Tricennatis
2973 3476 3242 3549 possessio
3273 3475 3423 3530 intra
3452 3462 3624 3529 unam
3650 3489 3771 3545 pro~

2604 3547 2848 3605 vinciam
2877 3547 3095 3605 seruari
3123 3549 3299 3604 debet.

2591 3657 2765 3712 Cone.
2796 3656 2982 3713 Tolet.
3031 3674 3110 3727 IV,
3142 3672 3193 3712 c.
3228 3656 3318 3710 33.

2198 3743 2308 3813 (16,
2342 3762 2399 3817 q.
2429 3747 2485 3818 3,
2519 3763 2568 3800 c.
2616 3746 2989 3818 Quicunque.)
3051 3745 3402 3815 Quicunque
3459 3741 3785 3814 episcopus

2131 3829 2372 3889 alterius
2401 3835 2660 3908 episcopi
2694 3834 3000 3891 diceeesim
3035 3850 3138 3906 per
3164 3850 3276 3888 xxx
3307 3848 3494 3887 annos
3525 3829 3655 3886 sine
3681 3829 3787 3885 ali-

2131 3937 2247 3992 qua
2276 3922 2742 3996 interpellatione
2774 3923 3117 3994 possederit,
3151 3921 3425 3995 quamvis
3449 3920 3779 3976 secundum

2121 4010 2224 4080 jus
2255 4010 2400 4084 legis
2433 4013 2560 4084 ejus
2592 4030 2705 4069 non
2739 4011 3008 4067 videatur
3027 4027 3156 4067 esse
3177 4011 3445 4066 dimensis
3467 4009 3784 4066 admitten-

2131 4101 2225 4169 da,
2261 4118 2376 4157 non
2410 4107 2500 4158 est
2528 4107 2732 4159 contra
2762 4117 2896 4158 eum
2929 4101 3080 4157 actio
3115 4099 3481 4172 rcposcendi,
3515 4098 3618 4154 sed
3678 4097 3786 4154 hoc

2130 4190 2287 4246 intra
2317 4209 2495 4248 unam
2527 4191 2908 4266 provinciam,
2944 4193 3106 4246 extra
3133 4205 3268 4246 vero
3294 4188 3456 4244 nullo
3490 4188 3691 4254 modo,
3715 4203 3788 4242 ne

2132 4280 2274 4334 dum
2322 4281 2591 4338 dioecesis
2639 4281 2996 4348 defenditur,
3053 4278 3489 4352 provinciarum
3541 4276 3784 4332 termini

2133 4370 2594 4426 confundantur.

2135 4470 2265 4521 CAP.
2301 4467 2550 4524 LXVIII.
2586 4469 2934 4524 Tricennalis
2962 4468 3224 4539 possessio
3245 4468 3420 4538 ﬁrma
3447 4465 3556 4533 sit;
3619 4464 3789 4520 terri-

2384 4539 2516 4594 torii
2537 4543 2809 4612 possessio
2838 4549 3162 4596 conventum
3192 4555 3304 4596 non
3331 4539 3550 4594 adimit.

2507 4647 2682 4702 Conc.
2712 4645 2894 4703 Tolet.
2927 4665 3002 4718 ιν,
3038 4664 3088 4701 c.
3121 4647 3191 4700 34
3221 4650 3274 4701 et
3317 4646 3408 4699 24.

2205 4753 2315 4820 (16,
2350 4768 2406 4823 q.
2438 4752 2493 4822 3,
2527 4769 2576 4808 c.
2613 4752 3079 4809 Sicutdiacesim.
3103 4752 3300 4825 )Sicut
3325 4748 3624 4806 dioecesim
3649 4749 3793 4804 alie—

2137 4858 2272 4897 nam
2305 4841 2645 4898 tricennalis
2677 4841 2976 4914 possessio
3005 4841 3180 4909 tollit,
3213 4840 3294 4895 ita
3327 4837 3604 4895 territorii
3651 4855 3793 4894 con-

2135 4935 2372 4986 ventum
2405 4948 2520 4986 non
2553 4931 2774 4986 adimit.
2813 4931 3064 5002 Ideoque
3123 4929 3381 4987 basilica:
3441 4944 3570 5000 qua:
3632 4943 3795 4983 nova:

2136 5020 2380 5076 conditas
2413 5020 2648 5090 fuerint,
2673 5021 2741 5075 ad
2775 5037 2910 5075 eum
2945 5019 3146 5092 procul
3199 5018 3380 5074 dubio
3446 5016 3794 5088 episcopum

2138 5109 2514 5182 pertinebunt
2539 5110 2708 5180 cujus
2737 5114 3066 5166 conventus
3101 5125 3231 5166 esse
3261 5105 3610 5164 constiterit.

2137 5216 2272 5272 CAP.
2308 5216 2505 5273 LXIX.
2539 5217 2732 5288 Spatia
2763 5233 2889 5299 quae
2945 5217 3186 5288 deﬁnita
3220 5217 3495 5299 fuerunt,
3552 5224 3800 5286 tempore

2542 5289 2838 5360 praescribi
2866 5305 2978 5344 non
3002 5296 3248 5360 possunt.

2531 5377 2798 5434 Gelasius
2823 5379 2856 5434 J
2864 5382 2995 5434 usto
3026 5379 3321 5451 episcopo.

2209 5468 2318 5539 (16,
2379 5484 2436 5538 q.
2498 5466 2550 5534 4,
2611 5483 2659 5523 c.
2725 5467 2954 5524 Dilectio
2983 5477 3102 5526 tua.
3145 5465 3384 5522 Dilectio
3418 5470 3520 5521 tua
3559 5463 3801 5520 studeat

2139 5557 2387 5628 quaesita
2417 5556 2682 5612 omnium
2707 5556 2957 5613 ﬁdeliter
2978 5573 3173 5613 rerum
3198 5556 3460 5612 veritate.
3486 5553 3542 5609 Si
3568 5553 3642 5608 de
3665 5569 3802 5626 Spa-

2143 5645 2240 5702 tiis
2274 5647 2492 5718 quibus
2553 5650 2908 5701 memoratur
2965 5649 3091 5702 orta
3149 5643 3469 5712 contentio,
3529 5641 3804 5698 deﬁnitio
