4000 6054
235 267 379 325 1097

1554 274 1951 332 ΡΔΝΟΒΜΙΔ.
1981 301 2049 313 -
2078 275 2214 329 LIB.
2254 273 2323 329 II.

3511 287 3651 344 1098

235 394 464 450 dudum
497 398 655 450 certa
683 397 990 467 processit,
1023 398 1373 454 intemerata
1402 402 1684 455 servetur.
1728 398 1881 453 Alio-
1913 399 1968 467 Α
2066 398 2332 453 sessiones
2364 400 2494 478 .Deo
2548 407 2792 458 sacratas
2843 406 2994 474 fastu
3048 406 3326 478 superbiae
3367 408 3651 469 inhoneste

236 482 403 555 quin,
436 482 487 540 si
515 483 664 541 nihil
687 502 950 557 unquam
975 487 1303 543 constiterit
1327 489 1727 557 terminatum,
1753 492 1890 542 tunc

236 573 310 627 de
342 574 778 645 praescriptione
808 581 1163 647 temporum,
1199 577 1249 632 si
1281 594 1398 648 qua
1429 594 1562 647 pars
1610 577 1885 647 conﬁdet,

238 663 496 731 praebeat
552 669 1013 734 sacramentum,
1068 671 1132 720 ut
1163 671 1358 721 tamen
1419 683 1546 737 quas
1605 666 1889 721 hactenus

239 750 576 819 possedisse
608 753 912 823 probatur,
945 754 1371 825 jusjurandum
1405 754 1567 809 sinas
1590 753 1817 809 offerre.

439 865 573 922 CAP.
610 867 782 924 LXX.
821 870 890 924 De
917 868 1287 925 incendiariis
1317 869 1693 925 ecclesiarum.

633 957 715 1012 Ex
751 958 1004 1014 Decretis
1035 959 1281 1031 Eugenii
1314 975 1499 1031 papae.

316 1062 425 1134 (17,
460 1079 517 1135 q.
552 1063 601 1117 4.
632 1080 679 1119 c.
715 1064 777 1119 Si
805 1066 947 1136 quis.
973 1097 1039 1106 —
1072 1066 1282 1137 Palea.)
1316 1065 1376 1120 Si
1408 1065 1544 1136 quis
1584 1064 1893 1122 ecclesiam

242 1152 554 1219 comburit,
586 1170 659 1207 xv
688 1171 874 1210 annos
905 1154 1200 1225 poeniteat,
1233 1160 1290 1210 et
1327 1171 1456 1210 eam
1490 1154 1693 1210 sedulo
1725 1155 1894 1209 resti-

242 1246 457 1312 tuat,et
487 1242 739 1313 pretium
773 1260 948 1298 suum
982 1244 1340 1315 pauperibus
1370 1244 1610 1299 tribuat.

242 1373 379 1430 CAP.
416 1375 606 1432 LXXI.
642 1377 1038 1435 Communione
1063 1380 1314 1450 privetur
1344 1377 1615 1449 ﬁdelium,
1646 1376 1745 1449 qui
1768 1392 1893 1448 pos-

2069 470 2417 528 tractaverit.

2489 562 2662 618 Conc.
2701 564 2988 635 Mogunh,
3020 584 3069 623 c.
3099 569 3154 625 7.

2070 665 2240 736 (Dist.
2273 667 2363 732 30,
2396 683 2444 721 c.
2480 668 2540 723 Si
2594 674 2717 740 quis
2771 688 2871 742 per
2916 675 3250 745 superbiam,
3305 694 3441 735 cum
3500 681 3650 753 seq.)

2000 754 2281 825 Quisquis
2313 755 2465 811 fastu
2499 759 2787 829 superbiae
2810 760 3001 818 elatus
3031 765 3131 820 Dei
3179 766 3421 824 domum
3480 769 3646 826 ducit

2003 843 2526 915 contemptibilem,
2558 851 2615 901 et
2632 851 3037 918 possessiones
3061 858 3173 909 Deo
3196 862 3455 914 sacratas
3475 862 3651 931 atque

2003 933 2075 987 ad
2110 932 2391 989 honorem
2422 935 2520 990 Dei
2546 937 2657 991 sub
2690 954 2823 1010 rege
2872 940 3264 999 immunitatis
3313 946 3652 1005 defensione

2003 1020 2380 1089 constitutas,
2424 1023 2729 1083 inhoneste
2782 1031 3135 1097 tractaverit,
3193 1032 3280 1087 vel
3336 1033 3655 1107 infringere

2004 1111 2468 1183 praesumpserit,
2501 1121 2601 1168 aut
2631 1114 2901 1172 incendia
2932 1117 3019 1173 vel
3087 1121 3443 1178 vastationes
3500 1140 3651 1181 ausu

2005 1201 2317 1256 temerario
2348 1204 2785 1274 perpetraverit,
2836 1206 3006 1277 quasi
3038 1207 3271 1266 invasor
3298 1215 3356 1266 et
3410 1211 3661 1270 violator

2005 1288 2278 1355 ecclesiae,
2314 1306 2441 1361 quae
2480 1298 2572 1348 est
2625 1294 2839 1351 domus
2890 1296 2993 1353 Dei
3051 1297 3188 1367 vivi,
3244 1302 3658 1360 communione

2007 1378 2274 1434 omnium
2308 1378 2569 1437 ﬁdelium
2602 1382 2953 1441 abscidatur.

1226 1659 1323 1719 DE
1353 1655 2035 1718 CONFUGIENTIBUS
2066 1661 2173 1718 AD
2213 1660 2666 1724 ECCLESIAM.

242 1812 377 1863 CAP.
412 1807 626 1865 LXXII.
656 1808 719 1864 Si
747 1810 1393 1891 raptencumraptaad
1418 1810 1709 1865 ecclesiam
1760 1824 1893 1865 σθη-
1923 1810 1972 1876 Β
2003 1825 2116 1880 que
2148 1811 2282 1868 inde
2315 1813 2533 1870 donare
2566 1816 2637 1871 ad
2670 1833 2897 1887 poenam
2925 1818 3014 1873 vel
3046 1821 3118 1876 ad
3151 1825 3426 1891 mortem,
3451 1826 3517 1877 ut
3546 1822 3661 1879 ho-

767 1882 993 1951 fugerit,
1016 1882 1146 1952 quid
1177 1880 1346 1951 ﬁeri?

780 1968 952 2025 Cone.
982 1970 1204 2041 Aurel.,
1235 1986 1281 2024 c.
1305 1970 1356 2024 4.

316 2059 427 2132 (36,
462 2076 517 2130 q.
555 2063 603 2127 I,
638 2075 686 2114 c.
718 2059 772 2126 3,
807 2060 881 2115 De
909 2059 1269 2132 raptoribus.)
1300 2058 1381 2113 De
1421 2058 1753 2130 raptoribus
1784 2074 1884 2113 au-

230 2152 350 2203 tem
385 2149 738 2204 feminarum
772 2149 828 2203 id
862 2148 1343 2204 constituendum
1363 2148 1727 2213 censuimus,
1748 2150 1813 2202 ut
1833 2146 1883 2201 si

226 2240 300 2293 ad
332 2237 639 2294 ecclesiam
669 2244 864 2309 raptor
890 2255 1020 2294 cum
1054 2243 1223 2310 rapta
1252 2238 1602 2309 confugerit,
1627 2242 1683 2291 et
1713 2235 1881 2291 temi-

224 2343 363 2382 nam
396 2327 584 2398 ipsam
608 2327 942 2383 violentiam
976 2328 1286 2399 pertulisse
1310 2326 1655 2390 constiterit,
1680 2326 1878 2381 statim

220 2414 503 2471 liberetur
534 2416 603 2471 de
633 2420 921 2489 potestate
952 2416 1229 2489 raptoris,
1262 2420 1319 2470 et
1376 2413 1716 2486 parentibus
1748 2413 1877 2469 red-

224 2505 421 2572 datur,
454 2510 510 2560 et
541 2511 739 2577 raptor
772 2507 976 2563 mortis
1022 2505 1111 2562 vel
1170 2519 1474 2576 poenarum
1528 2500 1877 2573 impunitate

224 2610 525 2664 concessa,
555 2596 800 2652 liberam
831 2595 1008 2651 eundi
1069 2593 1402 2650 facultatem
1454 2592 1668 2647 habeat
1705 2592 1875 2663 (140).

220 2686 281 2742 Si
317 2702 451 2741 vero
484 2692 757 2757 parentes
790 2686 1057 2740 mulieris
1105 2683 1522 2739 ecclesiasticis
1572 2683 1710 2738 viris
1739 2683 1878 2737 obe-

221 2775 346 2831 dire
380 2775 696 2842 noluerint,
728 2773 1336 2831 excommunicentur.

224 2881 364 2937 CAP.
402 2881 649 2937 LXXIII.
682 2882 821 2935 Ante
863 2882 1213 2935 securitatem
1269 2888 1569 2950 acceptam,
1618 2878 1681 2934 de
1735 2879 1875 2933 atrio

476 2954 712 3009 ecclesiae
740 2955 1007 3021 fugitivus
1045 2968 1159 3006 non
1186 2961 1415 3022 cogatur
1443 2952 1622 3005 exire.

754 3041 927 3097 Cone.
961 3040 1179 3108 Aurel.,
1213 3056 1264 3095 c.
1298 3042 1350 3095 3.

2008 1915 2115 1953 nor
2134 1899 2233 1955 Dei
2266 1906 2323 1957 et
2351 1908 2688 1960 sanctorum
2719 1907 2847 1977 ejus
2873 1924 2989 1978 pra:
3039 1908 3317 1965 omnibus
3370 1915 3656 1982 servetur,

2002 1988 2103 2042 sed
2138 1996 2391 2048 rectores
2422 1993 2802 2051 ecclesiarum
2834 2012 3037 2067 pacem
3067 2003 3126 2053 et
3155 1998 3335 2055 vitam
3368 2016 3434 2056 ac
3461 2016 3655 2057 mem-

2001 2076 2106 2132 bra
2137 2079 2187 2133 ei
2220 2096 2351 2135 cum
2378 2082 2720 2152 juramento
2769 2085 3031 2141 obtinere
3077 2088 3369 2144 studeant.
3430 2089 3652 2145 Tamen

1996 2164 2252 2238 legitime
2283 2178 2597 2242 componat
2626 2172 2912 2244 quidquid
2964 2174 3164 2247 inique
3197 2177 3430 2247 fecerat,
3490 2182 3545 2233 et
3576 2178 3649 2250 si,

1991 2253 2282 2311 insecutor
2307 2260 2606 2331 magistris
2638 2261 2904 2317 Ecclesiae
2936 2263 3170 2319 obedire
3228 2264 3503 2334 noluerit,
3536 2282 3637 2322 ca-

1989 2346 2193 2400 nonice
2216 2348 2674 2420 constringatur.

1986 2479 2116 2534 CAP.
2147 2480 2731 2562 LXXYI,_Segre_getur
2757 2485 2828 2540 ab
2848 2484 3082 2562 ecclesia
3109 2487 3363 2562 clericus,
3395 2488 3490 2562 qui
3516 2504 3633 2562 ser-

2054 2567 2184 2631 vum
2215 2550 2307 2606 vel
2335 2550 2673 2631 discipulum
2717 2572 2882 2613 suum
2937 2557 3005 2612 ad
3052 2574 3171 2614 eam
3228 2550 3632 2631 confuéientem

2055 2623 2342 2679 verberare
2358 2623 2668 2696 praesumit.

2460 2733 2634 2789 Conc.
2670 2736 2984 2801 Herdense,
3017 2753 3066 2791 c.
3094 2736 3149 2791 5.

2056 2838 2169 2909 (l7,
2204 2840 2336 2911 q.4,
2385 2856 2435 2896 c.
2494 2842 2696 2897 Nullus
2744 2841 2954 2916 clerie.)
3014 2843 3225 2901 Nullus
3283 2843 3628 2900 clericorum

1983 2944 2214 2983 servum
2248 2934 2351 2984 aut
2374 2928 2732 3001 discipulum
2758 2950 2933 2988 suum
2965 2934 3037 2988 ad
3069 2933 3375 2990 ecclesiam
3399 2933 3627 3005 fugien-

1984 3021 2102 3071 tem
2126 3018 2428 3074 extrahere
2450 3021 2664 3075 audeat
2682 3021 2769 3076 vel
2794 3022 3086 3093 ﬂagellare
3109 3027 3446 3095 praesumat.
3464 3022 3627 3086 Quod

297 3132 410 3204 (17ν
444 3148 501 3204 (Ι,
534 3132 587 3200 4,
633 3148 684 3185 ο,
749 3130 805 3185 ιιι
862 3104 1270 3198 consummas,
1330 3129 1360 3202 ἓ
1405 3130 1609 3185 servm
1664 3128 1876 3200 etiam.)
1912 3186 1950 3204 Α
1986 3104 2036 3160 si
2069 3105 2287 3175 fecerit,
2306 3107 2505 3204 donec
2536 3108 2710 3181 digne
2742 3112 3040 3183 poeniteat,
3072 3128 3106 3167 a
3161 3112 3286 3169 loco
3318 3111 3413 3169 cui
3443 3111 3629 3167 hono-

225 3186 439 3276 Se‘rvus
460 3186 587 3292 ‘qui,
605 3221 674 3275 ad
709 3219 1015 3275 ecclesiam
1046 3186 1373 3290 confugerit
1402 3222 1458 3273 et
1488 3235 1590 3289 pro
1622 3186 1878 3289 qualibei
1908 3186 1951 3252 Ε
1991 3209 2112 3250 rem
2146 3211 2257 3249 "0“
2289 3197 2469 3266 dedit:
2505 3204 2863 3271 εθετεεθωτο

225 3309 416 3382 culpa,
450 3311 499 3365 si
533 3327 565 3364 a
596 3309 835 3365 domino
867 3326 970 3381 pro
1002 3308 1315 3364 commissa
1337 3307 1512 3379 culpa
1528 3306 1875 3363 ecclesiasti-

224 3415 357 3455 cum
391 3404 825 3455 sacramentum
851 3397 1197 3469 susceperit,
1231 3397 1431 3452 statim
1455 3397 1526 3451 ad
1567 3395 1874 3451 servitium

223 3487 443 3544 domini
477 3489 567 3543 sui
597 3488 787 3543 redire
818 3492 1079 3560 cogatur,
1100 3490 1157 3542 et
1179 3491 1492 3558 postquam
1524 3487 1660 3540 dato
1682 3500 1875 3540 sacra-

229 3582 424 3633 mento
451 3576 686 3632 domino
719 3592 826 3632 suo
886 3575 1060 3631 fuerit
1091 3574 1503 3644 consignatus;
1546 3575 1597 3629 si
1653 3572 1875 3643 aliquid

227 3682 332 3738 pro
363 3667 566 3721 eadem
585 3665 759 3736 culpa
776 3664 874 3736 qui
896 3668 1226 3731 accusatur,
1252 3664 1532 3733 probatus
1557 3662 1733 3716 fuerit
1756 3678 1880 3733 per-

1985 3310 2119 3365 CAP.
2161 3309 2419 3367 LXXVII.
2457 3313 2573 3379 Qua
2641 3317 2857 3371 ratione
2911 3320 3038 3370 sunt
3091 3316 3356 3372 reddendi
3412 3317 3631 3372 inimici

2458 3384 2739 3456 fugientes
2768 3387 2846 3441 ad
2876 3387 3185 3443 ecclesiam.

2058 3496 2168 3567 (17,
2211 3512 2268 3567 q.
2319 3498 2369 3566 4,
2414 3515 2461 3552 c.
2514 3499 2852 3571 Metuentes.)
2909 3499 3189 3557 Similiter
3218 3502 3277 3557 in
3328 3501 3633 3558 Moticensi

1986 3587 2208 3657 synodo
2240 3586 2537 3641 decretum
2567 3592 2675 3657 est,
2712 3593 2776 3642 ut
2806 3588 2862 3643 hi
2895 3590 2993 3661 qui
3016 3590 3251 3662 fugiunt
3271 3607 3410 3646 suos
3431 3591 3631 3646 inimi—

1988 3690 2107 3740 cos,
2141 3679 2243 3729 aut
2272 3674 2329 3729 in
2363 3674 2642 3746 ecclesiae,
2674 3682 2775 3732 aut
2813 3678 2871 3733 in
2928 3678 3143 3734 atrium
3202 3679 3477 3751 ecclesias,
3530 3684 3633 3736 aut

227 3754 457 3823 tulisse,
493 3771 595 3824 pro
620 3759 956 3824 contemptu
992 3751 1259 3808 Ecclesiae
1289 3756 1346 3806 et
1406 3750 1878 3840 prtevaricatione
1986 3761 2047 3818 in
2080 3763 2340 3829 domum,
2376 3768 2477 3819 aut
2506 3765 2562 3820 in
2596 3765 2920 3822 claustrum
2953 3768 3312 3840 τεευιωίυαι
3346 3750 3468 3825 non,
3493 3770 3631 3825 inde

231 3844 365 3900 fidei
389 3862 421 3898 a
474 3843 885 3898 communione
930 3840 1393 3906 Catholicorum,
1427 3840 1583 3896 sicut
1608 3839 1879 3911 superius

231 3933 723 4005 comprehensum
752 3935 867 4001 est,
919 3945 1231 3987 extraneas
1288 3929 1596 3986 habeatur.
1655 3930 1714 3985 Si
1746 3946 1880 3984 vero

229 4040 452 4089 servus,
488 4039 589 4093 pro
619 4021 793 4093 culpa
832 4038 941 4076 sua
972 4021 1043 4075 ab
1093 4019 1339 4075 ecclesia
1385 4019 1741 4083 defensatus,
1785 4035 1881 4073 sa-

230 4119 597 4167 cramentum
629 4109 849 4165 domini
883 4109 995 4176 sui,
1027 4108 1255 4164 clericis
1275 4108 1663 4179 exigentibus,
1689 4108 1883 4162 deim-

231 4202 496 4275 punitate
528 4199 870 4273 perceperit,
896 4199 1050 4255 exire
1082 4197 1375 4253 nolentem
1400 4214 1432 4251 a
1453 4198 1691 4252 domino
1712 4196 1884 4252 liceat

230 4291 529 4363 occupari.

228 4400 361 4456 CAP.
398 4398 642 4455 LXXIV.
676 4399 797 4453 Post
837 4397 1145 4467 praestitum
1200 4397 1551 4453 securitatem
1598 4394 1744 4452 servi
1796 4410 1883 4450 re-

762 4470 1063 4524 stituantur
1090 4467 1351 4524 dominis.

590 4556 860 4614 Gelasius
894 4556 1192 4612 Bonifacio
1239 4556 1534 4629 episcopo.

308 4657 680 4732 (Summatim
714 4672 782 4711 ex
844 4655 929 4722 l7,
964 4672 1021 4725 q.
1084 4654 1137 4724 4,
1176 4670 1226 4710 c.
1285 4654 1624 4724 Metuentes.)
1680 4655 1893 4709 Servus

246 4753 380 4822 post
396 4753 830 4803 sacramentum
857 4745 969 4799 sibi
998 4744 1323 4815 praestitum
1348 4743 1625 4797 reddatur
1652 4744 1890 4799 invitus.

236 4856 366 4913 ΟΑΡ.
402 4854 620 4911 LXXV.
653 4855 976 4924 Fugientem
1024 4849 1117 4924 ad,
1149 4849 1433 4905 ecclesiam
1462 4865 1619 4905 nemo
1675 4850 1895 4906 studeat

903 4923 1247 4979 abstrahere.

705 5013 785 5068 Ex
816 5011 963 5067 libro
997 5008 1425 5082 Capitulorum.

309 5115 426 5183 (17,
459 5131 517 5186 q.
553 5115 604 5180 4,
640 5130 689 5168 c.
722 5114 848 5167 Rem
880 5111 951 5167 ad
978 5110 1133 5181 eccl.)
1168 5110 1411 5165 Servum
1468 5108 1894 5179 confugientem

242 5204 311 5259 ad
348 5201 679 5269 ecclesiam,
713 5218 812 5256 seu
850 5200 907 5254 in
939 5200 1151 5255 atrium
1183 5198 1468 5264 ecclesiae,
1501 5201 1599 5252 aut
1632 5198 1688 5252 in
1714 5199 1895 5253 ofﬁci-

244 5310 351 5349 nas
381 5292 741 5365 regularium
776 5291 1022 5345 fratrum
1049 5286 1137 5343 vel
1169 5289 1227 5343 in
1259 5286 1492 5354 curtim,
1541 5287 1630 5340 vel
1688 5288 1747 5341 in
1791 5288 1895 5343 do-

247 5399 410 5437 mum
440 5382 722 5454 episcopi,
748 5380 888 5452 quia
909 5379 1030 5433 haec
1054 5377 1114 5431 in
1164 5376 1425 5445 antiquis
1445 5377 1771 5431 canonibus
1796 5395 1897 5448 pro

245 5472 626 5527 immunitate
658 5472 958 5534 tenentur,
980 5481 1152 5520 nemo
1182 5464 1521 5519 abstrahere
1545 5466 1777 5535 audeat,
1803 5481 1899 5521 ne-

1989 3853 2427 3923 abstrahantur,
2461 3856 2573 3911 nisi
2605 3857 2770 3927 prius
2797 3874 2975 3929 super
3004 3874 3172 3914 sacra
3191 3859 3503 3915 securitate
3532 3875 3630 3914 ac-

1990 3947 2158 4014 cepta
2178 3961 2212 3998 a
2244 3950 2635 4014 persecutore,
2667 3947 2738 4000 de
2772 3952 2974 4014 morte,
3008 3946 3309 4002 debilitate
3340 3952 3398 4002 et
3427 3964 3629 4019 pinna-

1992 4048 2120 4087 rum
2154 4048 2365 4103 genere
2396 4034 2516 4088 sint
2545 4036 2757 4100 securi,
2792 4040 2847 4089 et
2878 4036 2926 4090 si
2972 4036 3121 4090 servi
3156 4035 3277 4089 sint
3331 4035 3567 4091 illorum
3598 4052 3633 4091 a

1992 4121 2207 4193 quibus
2237 4122 2649 4193 insequunlur,
2682 4123 2764 4177 ita
2794 4128 2859 4177 ut
2897 4122 2947 4178 ei
2980 4124 3151 4194 cujus
3202 4123 3282 4177 rei
3331 4123 3632 4179 criminosi

1992 4210 2230 4280 fuerint,
2262 4212 2332 4266 de
2367 4212 2763 4266 satisfactione
2794 4213 3117 4267 conveniat.
3149 4212 3310 4276 Quod
3346 4212 3396 4268 si
3442 4212 3490 4270 is
3532 4213 3635 4284 qui

1992 4316 2170 4368 super
2200 4316 2368 4354 sacra
2402 4299 2564 4368 prius
2584 4301 2884 4369 juraverat
2913 4302 3213 4356 convictus
3260 4300 3436 4357 fuerit
3471 4303 3637 4372 jura-

1996 4392 2261 4443 mentum
2291 4388 2559 4455 violasse,
2587 4403 2723 4444 reus
2756 4389 2994 4460 perjurii
3025 4407 3059 4445 a
3080 4389 3496 4445 communione
3517 4390 3643 4463 pri-

1994 4480 2159 4532 vetur
2193 4492 2502 4548 quousque
2533 4476 2875 4534 satisfaciat.

1924 4555 1970 4620 D
2001 4595 2135 4683 CAP.
2588 4595 2731 4674 atrio
2759 4595 3017 4683 ecclesia,
3051 4595 3330 4683 quad‘xxlx
3383 4597 3648 4683 passibus

2071 4665 2375 4741 clauditur,
2406 4665 2521 4720 nisi
2575 4665 2733 4733 prius
2762 4667 2896 4722 data
2949 4665 3246 4723 securitate
3272 4665 3494 4741 fugiens
3539 4684 3652 4726 non

2073 4738 2455 4793 abstrahatur.

2484 4828 2655 4881 Conc.
2709 4825 2891 4882 Tolet.
2926 4844 2966 4895 1,
2994 4844 3044 4884 c.
3080 4830 3169 4884 l2.

2074 4934 2189 5002 (l7,
2223 4950 2279 5003 q.
2315 4933 2367 4997 4,
2399 4949 2450 4988 c.
2482 4933 2785 5003 Deﬁnivit.)
2818 4939 2922 4991 Pro
2952 4935 3046 4992 his
3078 4937 3176 5008 qui
3200 4936 3463 5008 quolibet
3493 4938 3653 4991 metu

2003 5022 2091 5076 vel
2116 5027 2337 5076 terrore
2367 5019 2669 5075 ecclesiam
2705 5029 3011 5094 oppetunt,
3043 5022 3449 5078 consentiente
3499 5021 3655 5094 pari-

2003 5115 2092 5164 ter
2122 5110 2454 5179 acjubente
2485 5110 2721 5166 domino
2780 5118 2983 5168 nostro
3041 5112 3280 5183 Eringio
3338 5127 3491 5183 rege,
3542 5110 3654 5166 hoc

2006 5199 2327 5255 secundum
2386 5198 2698 5255 concilium
2759 5199 3041 5266 deﬁnivit,
3075 5204 3140 5254 ut
3189 5198 3387 5255 nullus
3444 5200 3661 5255 audeat

2006 5289 2410 5356 confugientes
2436 5289 2505 5343 ad
2537 5288 2843 5345 ecclesiam
2875 5297 3141 5343 sanctam
3172 5290 3488 5343 residentes
3528 5287 3665 5343 inde

2008 5377 2370 5437 abstrahere.
2406 5383 2507 5432 aut
2528 5378 2921 5451 quodcunque
2946 5375 3326 5454 nocibilitatis
3350 5375 3434 5430 vel
3463 5372 3664 5431 damni

2009 5483 2111 5521 seu
2144 5468 2509 5539 spoliationis
2541 5466 2939 5522 residentibus
2969 5466 3026 5520 in
3048 5466 3174 5522 loco
3202 5470 3401 5521 sancto
3424 5464 3662 5521 inferre:

324 5614 472 5687 (140)
496 5612 810 5669 Gratianus
844 5610 928 5667 sic
958 5608 1124 5681 legit,
1156 5615 1256 5665 aut
1283 5607 1355 5662 ad
1383 5607 1736 5663 serviendum
1781 5610 2062 5682 subjectus
2089 5611 2181 5681 sit,
2213 5621 2307 5667 aut
2339 5609 2653 5667 redimendi
2688 5625 2747 5665 se
2802 5608 3037 5665 liberam
3070 5608 3268 5666 habeat
3316 5609 3663 5681 facultatem.

578 5742 853 5801 Panos.
898 5734 1104 5799 CLXI.

3275 5735 3353 5797 35
