3938 6074
368 332 370 334 τ
414 291 550 348 1099

1489 291 1554 341 D.
1597 286 1840 341 IVONIS
1875 279 2372 339 CARNOTENSIS
2407 281 2727 336 EPISCOPI

3693 272 3834 327 1100

363 433 367 440 ·
400 418 503 473 sed
536 432 666 472 esse
691 415 888 489 potius
920 415 1012 471 bis
1035 414 1180 488 ipsis
1213 413 1312 484 qui
1347 410 1651 467 ecclesiam
1695 413 1903 482 petunt
1951 422 2054 480 per
2081 407 2136 473 Α
2166 407 2459 461 miserunt
2490 404 2788 460 claustris.
2825 404 2882 459 Si
2929 403 3063 474 quis
3094 408 3287 458 autem
3348 401 3457 456 hoc
3515 401 3832 454 decretum

401 507 602 562 omnia
630 506 856 561 licitum
893 505 1048 560 intra
1075 521 1185 559 xxx
1214 519 1426 574 passus
1458 501 1528 556 ab
1560 499 1816 555 ecclesia
1851 496 2055 569 januis

406 596 699 666 progredi,
733 596 791 649 in
807 594 1022 665 quibus
1048 593 1287 662 triginta
1303 590 1575 660 passibus
1591 589 2058 658 uniuscujusque

409 684 671 740 ecclesiae
701 685 756 738 in
790 690 909 737 toto
940 682 1183 737 circuitu
1217 680 1534 734 reverentia
1569 679 1934 732 defendatur.
1967 677 2057 730 Sic

417 778 617 828 tamen
652 778 714 828 ut
743 772 844 843 qui
878 771 947 826 ad
982 787 1107 825 cam
1159 768 1526 839 confugiunt,
1561 767 1618 820 in
1651 765 1940 821 extraneis
1969 764 2057 817 vel

364 887 368 891 -
410 862 583 934 longe
613 862 901 933 separatis
933 861 1003 915 ab
1034 859 1290 915 ecclesiae
1340 857 1612 912 domibus
1664 855 1826 910 nullo
1884 854 2058 909 modo

364 989 366 992 μ
402 951 703 1016 accedant,
737 951 837 1004 sed
874 950 933 1003 in
969 950 1074 1004 hoc
1101 954 1303 1002 sancto
1336 964 1446 1001 xxx
1477 961 1762 1017 passuum
1817 959 2058 998 numero

364 1065 366 1067 ν
405 1040 628 1109 absque
657 1039 964 1093 domorum
999 1043 1407 1092 extranearum
1440 1032 1807 1105 receptaculo
1829 1048 2063 1104 progre-

365 1127 651 1195 ;dientes,
689 1127 913 1182 aditum
947 1126 1318 1192 obtinebunt,
1364 1129 1429 1179 ut
1478 1122 1778 1194 acquisita
1836 1125 2060 1176 natura:

357 1235 374 1264 v
413 1232 588 1272 usum
603 1216 867 1272 debitum
882 1219 1088 1272 exeant
1103 1214 1265 1281 locis,
1281 1219 1336 1270 et
1350 1212 1508 1268 nullo
1526 1215 1833 1270 teneantur
1853 1213 2060 1267 eventu

355 1323 366 1355 ιτ
407 1305 886 1375 necessitudinis,
912 1306 1009 1376 qui
1042 1321 1106 1362 se
1135 1302 1447 1360 dominicis
1477 1301 1874 1358 defendendos
1904 1316 2062 1356 com-

2164 496 2382 553 violare
2411 496 2744 564 tentaverit,
2765 491 3174 550 ecclesiastica:
3227 489 3838 546 excommunicationi

2167 587 2490 657 subjaceat,
2523 591 2580 642 et
2611 583 2940 642 severitatis
2980 582 3150 655 regiae
3202 581 3446 638 feriatur
3503 578 3832 636 sententia.

2168 676 2334 746 Ipsos
2362 682 2557 730 tamen
2590 676 2687 745 qui
2724 675 2794 728 ad
2823 672 3132 729 ecclesiam
3166 670 3509 743 confugium
3537 669 3832 734 fecerunt,

2168 765 2214 817 si
2241 766 2411 833 juxta
2445 764 2768 835 priscorum
2803 778 3094 818 canonum
3130 760 3426 825 instituta,
3461 761 3521 813 bi
3580 757 3691 828 qui
3732 773 3831 812 eos

2168 859 2460 924 repetunt,
2490 856 2859 908 sacramenta
2890 851 3294 916 reddiderunt,
3326 854 3382 903 et
3417 848 3705 903 sacerdos
3737 863 3833 901 ec-

2169 941 2359 997 clesiae
2387 941 2547 996 illius
2579 943 2649 997 ab
2681 941 2938 997 ecclesiae
2990 955 3104 994 non
3164 938 3517 994 abstraxerit
3578 935 3832 1002 foribus,

2171 1035 2271 1084 aut
2304 1031 2436 1099 fuga
2468 1029 2695 1098 talium,
2729 1029 2777 1085 si
2799 1029 3044 1098 venerit,
3064 1024 3701 1097 sacerdotiquaerenda
3721 1029 3833 1091 est,

2171 1127 2263 1175 aut
2283 1120 2631 1174 damnorum
2649 1118 2958 1184 sententia,
2975 1115 3300 1171 secundum
3313 1113 3664 1170 electionem
3683 1112 3834 1184 prin-

2172 1207 2318 1281 cipis
2347 1207 2693 1279 bujusmodi
2725 1205 3129 1263 sacerdotibus
3162 1204 3498 1276 irroganda.

1797 1601 1897 1659 DE
1931 1595 2412 1660 SACBILEGIO.

399 1741 534 1798 CAP.
571 1739 796 1795 LXXIX.
832 1741 902 1795 De
929 1737 1229 1808 multiplici
1256 1752 1454 1803 genere
1483 1735 1770 1803 sacrilegii
1789 1743 1840 1790 et
1876 1749 2054 1806 pernae
2083 1737 2131 1800 B
2162 1732 2504 1797 constituta,
2540 1747 2642 1802 pro
2675 1729 2939 1802 principe
2967 1730 3040 1785 de
3070 1728 3499 1801 compositione
3533 1727 3824 1798 sacrilegii

1096 1809 1359 1879 ejusdem.

650 1900 908 1954 Joannes
931 1897 1056 1951 VIII
1088 1899 1145 1950 in
1172 1897 1319 1951 libro
1348 1895 1603 1951 Gothica:
1636 1894 1802 1965 legis.

473 1989 585 2059 (I7,
619 2003 674 2058 q.
709 1989 762 2055 4,
796 2003 846 2042 c.
881 1986 1186 2055 Quisquis.)
1235 1984 1614 2055 Sacrilegium
1676 1984 1832 2037 cnim
1893 1998 2052 2037 com-

403 2077 680 2141 mittitur,
703 2076 753 2132 si
784 2076 917 2146 quis
948 2073 1250 2146 infregerit
1273 2073 1603 2139 ecclesiam,
1631 2072 1717 2128 vel
1738 2090 1846 2128 xxx
1867 2070 2052 2127 eccle-

398 2166 669 2222 siasticos
705 2181 938 2235 passus,
971 2163 1066 2233 qui
1100 2163 1158 2218 in
1189 2163 1437 2218 circuitu
1495 2160 1753 2218 ecclesias
1812 2161 2052 2225 fuerint,

397 2254 568 2310 velin
600 2254 877 2309 domibus
909 2269 1036 2324 quis
1096 2253 1250 2306 infra
1307 2270 1416 2306 xxx
1475 2251 1783 2319 praedictos
1845 2267 2052 2318 passus

400 2343 638 2410 fuerint,
673 2341 895 2414 aliquid
927 2341 1062 2396 inde
1093 2340 1443 2412 diripiendo,
1466 2338 1554 2394 vel
1579 2339 1914 2405 auferendo,
1948 2355 2049 2393 seu

403 2431 503 2502 qui
537 2431 813 2502 injuriam
847 2429 934 2485 vel
967 2428 1318 2485 ablationem
1351 2446 1543 2485 rerum
1574 2427 1880 2482 intulerint
1936 2426 2050 2482 cle-

403 2521 543 2576 ricis
566 2537 731 2576 arma
765 2537 876 2574 non
912 2520 1257 2588 terentibus,
1297 2518 1381 2574 vel
1415 2518 1743 2587 monachis,
1784 2518 1905 2571 sive
1937 2517 2050 2571 Deo

401 2610 624 2666 devotis
657 2608 1068 2664 ecclesiasticis
1130 2608 1415 2679 personis.
1453 2607 1576 2664 Non
1627 2607 1782 2662 enim
1817 2605 2050 2675 capellae

315 2745 318 2748 .
399 2699 552 2754 infra
566 2698 852 2754 ambitum
871 2713 1174 2752 murorum
1190 2697 1564 2752 castellorum
1589 2699 1748 2766 sunt,
1765 2694 2048 2748 muniun-

398 2793 496 2843 tur
526 2785 614 2842 vel
647 2790 949 2857 ponuntur
999 2785 1058 2840 in
1118 2785 1222 2841 hac
1280 2785 1704 2841 observatione.
1767 2781 2051 2838 Similiter

400 2875 578 2930 etiam
612 2873 982 2943 sacrilegium
1017 2874 1427 2940 committitur,
1465 2873 1782 2928 auferendo
1816 2889 2047 2927 sacrum

398 2964 471 3018 de
503 2979 688 3030 sacro,
717 2962 804 3016 vel
839 2978 954 3015 non
987 2978 1220 3017 sacrum
1253 2962 1323 3015 de
1353 2979 1541 3027 sacro,
1572 2961 1711 3032 quia
1740 2962 1892 3032 quod
1932 2977 2046 3015 non

400 3055 591 3124 potest
610 3050 931 3121 computari
966 3050 1026 3103 in
1062 3050 1306 3104 crimine
1353 3049 1670 3122 sacrilegii,
1718 3050 2044 3104 secundum

401 3141 834 3195 mundanarum
864 3137 1059 3210 legum
1081 3155 1388 3194 censuram
1414 3139 1584 3194 debet
1605 3138 1926 3207 emendari,
1959 3137 2047 3194 vel

400 3228 724 3283 secundum
756 3243 979 3282 morem
1015 3226 1234 3298 patriis.

713 3333 849 3390 CAP.
882 3332 1096 3389 LXXX.
1140 3333 1213 3388 De
1235 3349 1398 3404 poena
1429 3333 1732 3404 sacrilegii.

829 3432 835 3438 ·
885 3423 1044 3479 Idem
1075 3422 1136 3478 in
1167 3423 1370 3479 eodem
1403 3421 1570 3478 libro.

479 3514 587 3584 (t7,
622 3529 677 3584 q.
708 3514 758 3580 4,
792 3529 842 3567 c.
878 3511 1180 3583 Quisquis.)
1202 3511 1488 3583 Inspectis
1509 3511 1739 3584 legibus
1772 3512 2054 3570 Romanis

403 3599 1276 3671 ubihabebaturdesacrilegiis,
1293 3601 1645 3668 invenimus,
1662 3619 1695 3657 a
1720 3603 2050 3658 Iustiniano

403 3692 751 3761 imperatore
777 3687 960 3759 legem
996 3688 1443 3759 compositionis
1502 3689 1800 3760 sacrilegii
1832 3691 2048 3746 consti-

400 3784 588 3834 tutam
613 3777 672 3832 in
697 3779 897 3834 decem
917 3776 1097 3832 libras
1123 3777 1246 3831 auri
1269 3776 1499 3848 optimi,
1524 3778 1621 3832 sed
1649 3794 1756 3832 nos
1776 3777 2048 3834 leviorem

407 3867 594 3939 legem
615 3865 988 3938 praecipimus
1014 3881 1142 3920 esse
1170 3865 1637 3936 tenendam,qua3
1669 3883 1702 3922 a
1732 3865 1936 3922 Carolo
1960 3871 2049 3924 est

2161 1821 2435 1876 videlicet
2465 1837 2577 1875 xxx
2607 1819 2789 1875 libras
2820 1818 3046 1891 argenti
3075 1817 3413 1883 examinati,
3458 1816 3519 1872 id
3551 1823 3646 1872 est
3702 1833 3825 1872 sex-

2164 1914 2465 1966 centorum
2513 1907 2838 1964 solidorum
2871 1908 3431 1978 summamjargenti
3493 1906 3822 1977 purissimi.

2168 2000 2413 2068 Ideoque
2443 1998 2712 2069 quisquis
2755 1996 2932 2051 fuerit
2987 1999 3255 2051 inventus
3313 2013 3448 2051 reus
3509 1995 3821 2066 sacrilegii,

2162 2087 2337 2143 istam
2359 2079 2637 2142 leviorem
2668 2085 3155 2158 compositionem
3190 2087 3288 2140 det
3344 2083 3490 2156 ipsis
3527 2084 3824 2156 episcOpis

2161 2177 2248 2233 vel
2297 2177 2634 2246 abbatibus,
2669 2176 2793 2231 sive
2852 2175 3118 2246 personis
3147 2175 3217 2229 ad
3267 2190 3414 2244 quas
3447 2173 3826 2244 querimonia

2162 2265 2451 2335 sacrilegii
2479 2267 2638 2334 juste
2669 2264 3034 2336 pertinuerit.
3059 2262 3193 2320 Etsi
3218 2263 3345 2334 ipse
3367 2279 3502 2317 reus
3529 2262 3822 2332 sacrilegii

2161 2354 2349 2410 facere
2373 2352 2858 2419 noluerit,tandiu
2883 2351 3468 2408 excommunicationi
3495 2352 3816 2421 subjac-eat,

2159 2460 2463 2515 usquequo
2487 2443 2823 2514 praedictam
2870 2441 3355 2513 compositionem
3406 2445 3808 2496 sexcentorum

2160 2533 2480 2588 solidorum
2513 2531 2820 2603 persolvat.
2857 2532 2921 2585 Et
2958 2532 3007 2586 si
3033 2531 3092 2584 in
3115 2531 3221 2585 bac
3248 2530 3644 2585 obstinatione
3667 2547 3810 2585 mor-

2158 2630 2297 2676 tuus
2331 2621 2522 2687 fuerit,
2556 2636 2767 2691 corpus
2819 2621 2947 2690 ejus
2995 2636 3127 2674 cum
3180 2619 3426 2691 psalmis
3483 2624 3542 2674 et
3579 2619 3806 2691 hymnis

2159 2727 2272 2764 non
2302 2710 2600 2765 deferatur
2629 2711 2698 2764 ad
2731 2708 3118 2780 sepulturam,
3150 2712 3208 2763 et
3239 2709 3615 2780 praecipimus
3659 2712 3722 2762 ut
3750 2708 3806 2761 in

2159 2799 2274 2854 {ine
2305 2799 2520 2854 codicis
2552 2799 2864 2854 mundanae
2891 2797 3040 2869 legis
3067 2796 3601 2854 scribaturbmclex
3627 2817 3643 2865 ;
3677 2797 3807 2851 huc-

2159 2905 2347 2960 usque
2377 2888 2466 2942 lex
2497 2904 2682 2959 papae.

2157 2995 2290 3050 CAP.
2310 2993 2546 3050 LXXXI.
2571 2995 3128 3049 Excommunicentur
3147 2995 3244 3064 qui
3270 2994 3516 3063 conﬁnia
3556 2993 3808 3049 ecclesia?

2567 3068 2828 3137 frangere
2871 3067 3201 3120 tcntaverint
3227 3065 3395 3136 (141).

2649 3157 2820 3210 Cone.
2874 3153 3109 3226 Agath.,
3151 3171 3198 3209 e.
3231 3154 3322 3209 28.

2230 3245 2342 3316 (17,
2373 3261 2429 3316 q.
2465 3244 2516 3308 4,
2550 3259 2599 3299 c.
2630 3245 2787 3298 Sicut
2817 3243 3170 3314 antiquitus.)
3204 3243 3368 3298 Sicut
3420 3242 3750 3313 antiquitus
3777 3259 3806 3297 a

2160 3333 2379 3388 sanctis
2412 3333 2681 3388 Patribus
2709 3335 2993 3388 statutum
3019 3332 3462 3399 est,statuimus
3493 3332 3656 3386 itaut
3687 3347 3804 3386 ma-

2156 3423 2247 3492 jor
2276 3421 2522 3478 ecclesia
2551 3437 2651 3493 per
2680 3421 2990 3476 circuitum
3023 3437 3093 3476 Lx
3139 3437 3353 3493 passus
3410 3421 3644 3475 habeat.
3703 3419 3800 3474 Ca-

2159 3509 2320 3582 pellae
2351 3526 2484 3566 vero
2517 3508 2603 3565 vel
2651 3509 2907 3566 minores
2962 3508 3239 3576 ecclesiae,
3270 3525 3398 3563 xxx.
3459 3508 3571 3572 Qui
3613 3513 3796 3564 autem

2157 3599 2472 3655 confinium
2523 3598 2889 3670 confringere
2955 3598 3281 3664 tentaverit,
3346 3601 3447 3653 aut
3495 3613 3795 3668 personam

2157 3687 2438 3757 hominis,
2470 3687 2558 3743 vel
2584 3688 2737 3743 bona
2767 3688 2894 3758 ejus
2939 3687 3075 3742 inde
3130 3685 3501 3753 abstraxerit,
3561 3685 3672 3740 nisi
3704 3701 3797 3757 pu-

2157 3777 2344 3833 blicus
2370 3777 2517 3832 latro
2549 3775 2744 3847 fuerit,
2777 3791 3087 3846 quousque
3117 3777 3407 3845 emendet,
3439 3781 3497 3830 et
3529 3775 3683 3846 quod
3711 3791 3794 3828 ra-

2157 3866 2350 3939 puerit
2381 3865 2608 3936 reddat,
2633 3865 3194 3921 excommunicetur.

1612 4145 1716 4204 DE
1748 4144 2198 4208 LIBERORUM
2234 4145 2569 4207 TUTELA.

391 4305 524 4355 CAP.
559 4297 817 4354 LXXXII.
863 4297 928 4351 In
986 4296 1237 4352 libertate
1287 4296 1522 4351 ecclesia
1577 4303 1764 4351 tuetur
1823 4297 2038 4355 liberos.
2071 4301 2119 4365 D
2154 4297 2607 4363 constituerunt,
2643 4295 2990 4354 sacerdotali
3024 4295 3367 4352 defensione
3399 4312 3434 4351 a
3488 4293 3791 4365 cujuslibet

883 4386 1055 4440 Cone.
1091 4386 1319 4456 Agath.,
1365 4400 1413 4439 o.
1448 4385 1538 4439 29.

457 4475 628 4545 (Dist.
660 4475 750 4544 87,
778 4489 827 4528 c.
864 4474 1133 4544 Liberos.)
1165 4473 1402 4528 Liberos
1432 4472 1693 4544 legitime
1717 4490 1750 4526 a
1781 4473 2036 4530 dominis

384 4565 510 4621 suis
540 4565 740 4629 factos,
799 4561 1067 4629 ecclesia,
1129 4561 1175 4616 si
1226 4578 1463 4618 necesse
1521 4562 1716 4628 fuerit,
1780 4567 2033 4618 tueatur.

2148 4385 2465 4441 insolentia
2496 4389 2897 4456 protegantur,
2927 4384 3048 4441 sive
3071 4385 3129 4440 in
3179 4389 3335 4440 statu
3383 4383 3673 4440 libertatis
3703 4399 3788 4440 eo-

2148 4491 2278 4529 rum
2313 4475 2429 4530 sive
2459 4472 2520 4528 in
2553 4473 2780 4544 peculio
2811 4475 2966 4544 quod
2998 4472 3216 4529 habere
3248 4478 3591 4529 noscuntur.

384 4654 545 4718 Quod
578 4652 629 4707 si
657 4652 790 4723 quis
821 4657 956 4706 ante
985 4651 1372 4720 audientiam,
1403 4657 1507 4708 aut
1568 4652 1882 4723 pervadere
1938 4669 2036 4708 eos
2143 4645 2279 4700 CAP-
2313 4642 2610 4698 LXXXIV-
2646 4643 3032 4723 Confugit!"th
3074 4640 3144 4723 ςιά
3190 4641 3473 4698 εσειεειαηι
3507 4642 3789 4698 extrahere

384 4747 484 4796 aut
509 4739 828 4811 exspoliare
856 4738 1120 4809 voluerit,
1153 4739 1237 4795 vel
1272 4739 1736 4812 praesumpserit,
1756 4740 1829 4794 ab
1846 4739 2032 4796 eccle-

382 4831 470 4888 sia
499 4833 754 4885 tueatur.

381 4920 515 4976 CAP.
557 4916 848 4974 LXXXIII.
883 4915 1046 4976 Quod
1074 4917 1301 4973 ecclesia
1330 4915 1485 4971 debet
1512 4918 1660 4971 tueri
1690 4917 1914 4971 libertas
1953 4917 2031 4972 le-

447 4993 642 5061 gitime
667 4997 861 5061 factos.
895 4987 994 5043 Vel
1029 4988 1112 5042 sic
1138 5006 1149 5042 :
1179 4990 1218 5043 A
1249 4987 1620 5043 sacerdotibus
1661 4987 2030 5058 defenduntur

450 5060 634 5119 liberti
662 5060 759 5133 ’qui
779 5063 837 5116 in
870 5062 1226 5115 servitutibus
1257 5067 1606 5114 revocantur.

837 5149 1011 5205 Cone.
1058 5148 1237 5204 Tolet.
1274 5165 1350 5208 IV,
1383 5164 1432 5202 c.
1465 5149 1556 5203 71.

443 5243 612 5312 (Dist.
647 5241 738 5306 87,
764 5255 812 5294 e.
848 5238 1104 5305 Liberti.)
1139 5236 1376 5303 Liberti,
1411 5238 1871 5308 quibuscunque
1906 5255 2023 5294 ma-

373 5331 620 5386 numissi
652 5331 791 5385 sunt
820 5333 995 5398 atque
1027 5325 1285 5380 ecclesiae
1336 5325 1661 5396 patrocinio
1721 5343 2020 5382 cowmen-

370 5421 485 5476 dati
518 5418 797 5488 existunt,
857 5415 1009 5470 sicut
1065 5413 1276 5486 regulae
1337 5412 1723 5486 antiquorum
1778 5419 2017 5472 Patrum

2817 4731 2927 4770 non
2962 4715 3105 4769 licet.

2601 4842 2773 4894 Cone.
2810 4838 3076 4894 Arausic.
3125 4855 3163 4908 r,
3191 4855 3241 4893 c.
3273 4839 3329 4892 6.

2209 4972 2496 5043 (Dist.87,
2529 4989 2577 5026 c.
2614 4971 2803 5044 Eos.§
2861 4974 2920 5026 In
2979 4972 3207 5028 ecclesia
3272 4971 3526 5042 quoque.)
3577 4975 3644 5026 In
3701 4987 3781 5027 ec-

2136 5061 2314 5117 clesia
2343 5061 2763 5127 manumissos,
2798 5060 2885 5115 vel
2923 5077 3025 5132 per
3075 5065 3490 5116 testamentum
3537 5061 3780 5116 ecclesias

2135 5151 2598 5216 commendatos,
2635 5149 2683 5204 si
2737 5149 2869 5219 quis
2919 5149 2979 5203 in
3007 5149 3374 5216 servitutem,
3406 5147 3495 5203 vel
3531 5149 3588 5204 in
3624 5150 3781 5205 obse-

2135 5239 2362 5310 quium,
2422 5239 2492 5294 ad
2550 5237 2907 5294 colonariam
2958 5237 3358 5294 conditionem
3423 5237 3475 5292 vi
3529 5254 3780 5310 premere

2131 5329 2461 5395 tentaverit,
2511 5327 3023 5383 animadversione
3096 5327 3500 5383 ecclesiastica
3559 5344 3777 5384 coerce-

2131 5418 2310 5472 bitur.

349 5648 359 5659 .
442 5600 586 5673 (Nl)
605 5600 754 5656 Nota
782 5596 936 5669 quod
969 5612 1072 5668 per
1099 5595 1256 5668 leges
1286 5595 1486 5669 plures
1515 5595 1886 5670 excipiuntur
1915 5601 2057 5655 extr.
2091 5599 2172 5656 De
2201 5598 2500 5658 immunit.
2533 5600 2701 5670 eccl.,
2725 5618 2776 5660 c.
2805 5604 2917 5659 Ini.
