3938 6074
373 294 535 366 ’1103

1481 310 1547 362 D.
1593 305 1834 360 IVONIS
1869 304 2368 359 CARNOTENSIS
2403 303 2720 360 EPISCOPI

3680 298 3821 353 1104

394 437 502 494 XC.
540 435 746 505 Quibus
773 436 1110 506 temporibus
1141 433 1361 505 tegendi
1387 439 1514 488 sunt
1546 430 1680 486 libri
1709 430 1766 484 in
1798 430 2041 485 ecclesia.
2077 430 2126 498 Α
2160 444 2308 501 quas
2341 427 2690 500 regulariter
2721 425 3116 498 suscepimus,
3149 424 3323 480 etiam
3360 424 3465 478 has
3507 441 3630 479 non
3695 441 3826 494 pro-

532 524 800 581 Gelasius
835 541 983 594 papa
1005 529 1027 578 Ι
1051 539 1183 579 cum
1225 538 1338 576 Lxx
1368 520 1656 592 episcopis
1680 520 1902 574 statuit.

465 636 527 689 In
563 631 1015 704 Septuagesima
1032 633 1260 700 ponunt
1284 627 1745 682 Pentateuchum
1783 623 2044 696 usquein

394 723 519 778 dies
544 738 604 776 x1
636 726 770 776 ante
821 717 1091 785 Pascha;
1127 734 1159 771 a
1207 718 1415 787 quinta
1472 715 1696 770 decima
1755 716 1847 769 die
1913 720 2047 769 ante

393 811 620 867 Pascha
648 813 875 881 ponunt
894 806 1212 862 Jeremiam
1239 823 1345 876 usq
1359 822 1426 861 ue
1450 807 1520 860 ad
1545 821 1768 860 coenam
1795 803 2042 859 Domini.

392 902 454 958 In
489 917 653 956 cmna
681 897 913 953 Domini
950 897 1154 967 legunt
1183 901 1302 950 tres
1337 896 1616 950 lectiones
1649 897 1719 950 de
1743 895 2046 949 Lamenta-

391 989 552 1044 tione
583 986 873 1054 Jeremias,
902 984 1176 1053 Quomodo
1207 985 1344 1039 sedet
1367 984 1581 1038 sola.Et
1610 989 1730 1038 tres
1762 983 2040 1038 lectiones

393 1079 465 1133 de
486 1078 765 1132 Tractatu
817 1075 871 1130 S.
908 1073 1221 1145 Augustini
1267 1073 1324 1127 in
1388 1073 1610 1143 psalmo
1669 1089 1766 1139 vn,
1827 1071 2046 1126 Exaudi

393 1168 704 1222 orationem
735 1179 916 1219 meum
945 1179 1070 1216 cum
1098 1164 1374 1232 deprecor.
1409 1162 1480 1216 Et
1517 1167 1638 1216 tres
1669 1161 1740 1216 de
1769 1159 2043 1232 Apostolo

393 1255 493 1310 ubi
519 1254 686 1308 aitin
719 1251 983 1324 Epistola
1034 1253 1104 1304 ad
1167 1251 1538 1306 Corinthios:
1591 1250 2044 1306 Convenieutibus

392 1344 541 1398 vobis
574 1344 634 1397 in
665 1357 838 1395 unum
867 1343 915 1408 (l
951 1341 1072 1394 Cor.
1111 1341 1193 1410 II).
1229 1340 1492 1394 Secunda
1528 1339 1693 1394 lectio
1753 1340 1836 1393 sic
1892 1337 2045 1392 inci-

391 1431 480 1503 pit
511 1449 523 1486 :
556 1428 841 1486 Similiter
869 1437 1162 1501 postquam
1193 1428 1595 1498 caenavit(l.uc.
1624 1428 1780 1498 χχιι).
1813 1427 2038 1481 Tertia:

354 1511 357 1514 ’
394 1522 471 1576 De
501 1519 910 1591 spiritualibus
941 1522 1139 1572 autem
1173 1533 1187 1572 :
1221 1517 1352 1572 Noto
1397 1533 1490 1572 vos
1524 1517 1800 1585 ignorare,
1833 1516 2040 1571 fratres

395 1611 440 1682 (ι
475 1612 599 1666 Cor.
627 1610 701 1680 ι).
742 1612 800 1663 In
839 1607 1171 1670 Parasceve,
1205 1612 1324 1661 tres
1373 1608 1444 1661 de
1478 1606 1916 1661 Lamentatione
1945 1605 2038 1661 Je-

395 1700 587 1754 remiae
620 1697 920 1765 lectiones,
953 1701 1009 1750 et
1066 1701 1182 1750 tres
1224 1697 1295 1750 de
1351 1696 1623 1750 Tractatu
1682 1694 1868 1749 sancti
1919 1700 2039 1749 Au-

394 1784 617 1858 gustini
661 1785 717 1838 in
780 1783 1007 1855 psalmo
1059 1783 1440 1853 sexagesimo,
1501 1782 1750 1852 Exaudi,
1785 1785 2040 1852 Domine,
2074 1801 2120 1866 Β

392 1874 830 1944 deprecationem
853 1897 866 1938 ;
889 1877 944 1927 et
966 1877 1084 1926 tres
1115 1873 1172 1925 in
1189 1871 1465 1942 Apostolo
1498 1871 1761 1927 ubiaitin
1781 1871 2043 1943 Epistola

393 1965 465 2018 ad
503 1964 802 2018 llebraaos:
838 1963 1179 2016 Festinemus
1210 1960 1428 2030 ingredi
1473 1963 1532 2014 in
1564 1962 1729 2016 illam
1773 1964 2037 2033 requiem.

393 2051 660 2107 Secunda
689 2048 862 2105 lectio
894 2051 979 2102 sic
1011 2049 1218 2119 incipit
1243 2065 1254 2102 :
1283 2049 1472 2104 Omnis
1501 2053 2034 2120 namquepontiﬁex.

393 2140 626 2196 Tertia:
660 2140 733 2194 De
757 2154 861 2210 quo
889 2138 1046 2193 nobis
1095 2137 1322 2208 grandis
1368 2154 1548 2194 sermo
1576 2147 1672 2193 est.
1708 2139 1771 2192 In
1803 2139 2039 2194 Sablato

395 2234 620 2299 sancto,
654 2232 773 2284 tres
803 2227 1083 2283 lectiones
1138 2227 1209 2282 de
1257 2227 1699 2283 Lamentatione
1729 2228 2036 2295 Jeremie;

392 2324 450 2375 et
483 2323 600 2374 tres
629 2322 707 2372 De
724 2323 973 2372 tractatu
1002 2316 1513 2387 sanctiAugustini
1536 2317 1592 2371 in
1612 2317 1838 2388 psalmo
1863 2333 1996 2372 Lxm
2021 2331 2036 2371 :

392 2407 612 2464 Exaudi
637 2406 943 2462 orationem
967 2421 1150 2460 meam
1170 2421 1191 2467 ;
1222 2411 1279 2460 et
1310 2411 1429 2459 tres
1486 2409 1557 2461 de
1607 2412 1644 2459 Α
1658 2405 1904 2478 postolo,
1939 2407 2036 2461 ubi

391 2497 472 2554 ait
507 2496 568 2552 in
600 2495 856 2567 Epistola
883 2495 952 2549 ad
991 2495 1257 2549 llebraaos
1283 2511 1294 2549 :
1325 2493 1574 2550 Christus
1603 2498 1862 2550 assistens
1898 2510 2035 2564 pon-

387 2585 532 2656 tifex
562 2603 575 2640 :
601 2585 859 2640 secunda
891 2581 1058 2639 lectio
1094 2582 1193 2637 ubi
1248 2583 1364 2638 ait:
1421 2585 1802 2640 Testimonium
1850 2587 2035 2646 enim;

389 2673 583 2738 tertia,
615 2674 870 2727 umbram
900 2672 1121 2726 habens.
1159 2672 1219 2726 ln
1245 2672 1467 2727 Pascha
1491 2673 2034 2743 Domini,homilias

387 2764 456 2817 ad
491 2761 686 2834 ipsum
719 2762 871 2816 diem
905 2762 1443 2832 pertinentes.lnt‘ra
1475 2761 1897 2818 hebdomadam
1929 2763 2034 2818 ho-

388 2851 606 2906 milias.
635 2851 703 2905 In
737 2856 940 2905 octava
962 2848 1196 2904 Paschm
1231 2855 1454 2920 ponunt
1514 2856 1694 2905 Actus
1739 2851 2031 2922 apostolo-

386 2946 602 3008 rum,et
631 2939 921 3011 Epistolas
953 2939 1352 3004 canonicas,et
1392 2939 1818 3011 Apocalypsin),
1846 2957 2034 3013 usque

384 3031 440 3081 in
465 3033 725 3082 octavam
761 3027 1161 3081 Pentecosten.
1195 3028 1256 3080 In
1291 3038 1490 3082 octava
1527 3029 1899 3084 Pentecostes
1931 3047 2028 3100 po-

381 3119 532 3170 nunt
585 3115 798 3169 librum
863 3115 1080 3181 Regum
1115 3119 1171 3168 et
1200 3115 1704 3186 Paralipomenon,
1748 3135 1936 3188 usque
1968 3119 2022 3173 in

2157 516 2318 573 hibet
2349 517 2569 588 suscipi
2603 515 2976 589 Scripturas:
3041 518 3306 570 sanctam
3337 514 3630 584 synodum
3656 513 3826 569 Nice-

2156 623 2292 660 nam
2324 607 2430 660 318
2462 607 2722 676 Patrum,
2759 603 3051 661 mediante
3096 603 3368 670 Maximo,
3428 601 3824 658 Constantino

2153 697 2440 766 Augusto,
2503 696 2559 750 in
2595 712 2714 766 qua
2742 694 2913 749 Arius
2973 692 3284 749 haereticus
3314 693 3636 748 damnatus
3676 695 3771 748 est
3803 708 3816 746 :

2156 801 2417 848 sanctam
2452 793 2741 864 synodum
2763 779 3820 862 Constantinopolitanam,medianta

2156 881 2486 937 Theodosio
2526 881 2757 938 seniore
2787 879 3135 952 Augusto,in
3150 895 3263 948 qua
3295 877 3681 934 Macedonius
3709 878 3821 932 hae-

2155 971 2373 1026 reticus
2405 971 2662 1025 debitam
2687 969 3127 1026 damnationem
3150 967 3376 1038 excepit
3396 987 3410 1035 ;
3428 973 3705 1024 sanctam
3723 985 3816 1039 sy-

2155 1061 2374 1114 nodum
2406 1059 2755 1131 Ephesinam
2789 1059 3059 1128 primam,
3092 1057 3149 1111 in
3174 1073 3292 1128 qua
3321 1058 3817 1112 Nestoriusdam-

2153 1154 2331 1204 natus
2362 1154 2610 1218 est,cum
2645 1163 2932 1203 consensu
2959 1145 3282 1202 beatissimi
3308 1144 3603 1201 Ccelestini
3627 1163 3815 1217 papas,

2154 1237 2448 1293 mediante
2480 1235 2714 1310 Cyrillo,
2749 1234 3150 1291 Alexandrinas
3198 1234 3355 1289 sedis
3409 1234 3706 1301 antistite,
3758 1238 3815 1289 et

2155 1326 2444 1383 Archadio
2475 1327 2750 1396 episcopo
2783 1325 2856 1380 ab
2879 1322 3046 1382 Italia
3065 1323 3360 1379 destinato
3387 1341 3401 1391 ;
3425 1329 3698 1379 sanctam
3720 1339 3812 1394 sy-

2152 1417 2368 1470 nodum
2397 1414 2952 1482 Chalcedonensem,
2982 1412 3272 1468 mediante
3299 1412 3591 1468 Martiano
3613 1416 3812 1483 Augu-

2152 1510 2260 1572 sto,
2296 1509 2352 1560 et
2382 1504 2649 1560 Anatolio
2680 1501 3332 1573 Constantinopolitano
3382 1501 3690 1573 episcopo,
3754 1503 3810 1556 in

2152 1611 2268 1663 qua
2300 1593 2646 1650 Nestoriana
2675 1596 2730 1648 et
2759 1590 3106 1646 Eutichiana
3163 1590 3415 1646 haereses
3445 1589 3630 1646 simul
3673 1607 3810 1646 cum

2152 1685 2424 1737 Dioscoro
2459 1683 2706 1752 ejusque
2737 1679 3123 1750 complicibus
3156 1679 3446 1734 damnatae
3487 1684 3656 1734 suut.
3691 1678 3808 1734 Sed

2152 1779 2210 1826 et
2241 1772 2287 1826 si
2322 1789 2438 1842 qua
2460 1776 2600 1825 sunt
2631 1769 2876 1826 concilia
2906 1788 2939 1823 a
2969 1769 3191 1824 sanctis
3215 1767 3487 1824 Patribus
3511 1769 3811 1824 hactenus

2151 1861 2440 1930 instituta,
2475 1863 2682 1930 prreter
2709 1857 2946 1912 illorum
2980 1860 3234 1927 quatuor
3278 1855 3726 1918 auctoritatem.
3761 1861 3814 1911 et

2151 1948 2538 2004 custodienda
2565 1953 2620 2003 et
2670 1945 3005 2018 recipienda
3043 1943 3425 2000 decrevimus.
3457 1944 3591 1998 Jam
3654 1961 3813 2001 nunc

2151 2035 2582 2104 subjiciendum
2614 2039 2702 2089 est
2734 2033 2803 2088 de
2833 2030 3138 2104 opusculis
3170 2035 3510 2086 sanctorum
3562 2030 3805 2086 Patrum

2149 2141 2277 2196 quas
2310 2130 2364 2179 in
2399 2123 2656 2178 Ecclesia
2687 2121 2989 2178 Catholica
3040 2119 3447 2191 recipiuntur:
3501 2119 3809 2191 Opuscula

2147 2212 2299 2268 beati
2323 2212 2590 2284 Cypriani
2617 2211 2894 2283 martyris
2909 2215 2968 2265 et
2997 2208 3481 2280 Carthaginensis
3503 2211 3804 2281 episcopi;

2147 2300 2765 2374 item,opusculabeati
2789 2297 3091 2354 Athanasii
3118 2298 3802 2369 Alexandriniepiscopi;

2147 2388 2598 2462 item,opuscula
2628 2388 2780 2445 beati
2811 2386 3072 2460 Gregorii
3116 2386 3465 2441 Nazianzeni
3490 2387 3796 2458 episcopi;

2144 2478 2599 2552 item,0puscula
2613 2477 2765 2534 beati
2779 2476 3022 2534 Joannis
3038 2475 3670 2548 Constantinopolitani
3687 2478 3803 2548 epi-

2147 2581 2307 2652 scopi
2333 2598 2346 2646 ;
2375 2581 2536 2648 item,
2569 2580 2854 2652 opuscula
2877 2578 3026 2634 beati
3057 2576 3251 2649 Cyrilli
3278 2575 3653 2631 Alexandrini
3678 2579 3801 2650 epi-

2145 2671 2342 2740 scopi;
2380 2667 2834 2742 item,opuecula
2864 2665 3015 2721 beati
3038 2663 3238 2720 Hilarii
3275 2664 3656 2720 Pictaviensis
3680 2665 3798 2738 epi-

2145 2759 2302 2828 sCOpi
2333 2755 2984 2829 ;item,opusculabeati
3018 2753 3306 2809 Ambrosii
3338 2753 3799 2811 Mediolanensia

2143 2846 2437 2918 episcopi;
2475 2847 2638 2912 item,
2670 2843 2953 2916 opuscula
3011 2843 3162 2897 beati
3196 2843 3514 2913 Augustini
3578 2843 3794 2914 Hippo-

2143 2935 2342 2990 nensis
2367 2935 2850 3007 episcopi;item,
2910 2931 3196 3002 opuscula
3254 2932 3403 2985 beati
3455 2931 3794 3004 Hieronymi

2143 3023 2500 3094 presbyteri;
2537 3020 2997 3094 item,0puscu1a
3019 3019 3167 3074 beati
3204 3019 3464 3091 Gregorii
3498 3020 3791 3093 episcopi;

2142 3113 2302 3182 item,
2336 3112 2624 3184 cpuscula
2654 3111 2809 3168 beati
2841 3109 3114 3181 Prosperi
3149 3107 3254 3164 viri
3303 3107 3744 3180 religiosissimi
3775 3130 3788 3177 ;

378 3203 656 3258 Kalendis
701 3175 971 3275 Augusti;
1030 3206 1092 3256 In
1151 3170 1448 3259 Dominica
1505 3170 1704 3276 prima,
1752 3170 2024 3279 Augusti,
2058 3170 2099 3236 C
2137 3170 2611 3280 item;opuscula
2642 3211 2795 3264 beati
2828 3170 3036 3264 Leonis
3096 3223 3260 3278 papas
3305 3208 3374 3261 ad
3414 3170 3788 3278 Plavianum,

377 3297 606 3363 ponunt
631 3290 1004 3346 Salomonem
1040 3307 1231 3362 usque
1257 3291 1314 3346 in
1338 3291 1612 3349 Kalendis
1626 3294 2022 3365 Septembris:

376 3386 433 3437 et
462 3386 602 3437 tunc
635 3387 860 3453 ponunt
887 3381 1020 3448 Job,
1054 3380 1283 3446 Esther,
1317 3381 1583 3448 Tobiam,
1616 3384 1880 3452 Esdram,
1931 3388 2027 3441 Ju-

377 3469 797 3541 dith,usquein
824 3470 1098 3524 Kalendis
1124 3469 1483 3526 Octobris.ln
1510 3471 1813 3528 Dominica
1839 3477 2028 3544 prima

380 3560 648 3618 Octobris
683 3560 920 3630 ponitur
950 3558 1097 3612 liber
1130 3559 1590 3616 Machabaeorum
1627 3579 1812 3634 usque
1838 3565 1894 3618 in
1915 3566 2023 3620 Ka-

380 3649 570 3704 lendis
602 3648 964 3708 Novembris.
998 3647 1060 3702 ln
1105 3647 1410 3704 Dominica
1441 3651 1631 3721 prima
1661 3655 1882 3708 mensis
1912 3655 2022 3710 No-

379 3737 634 3791 vembris
669 3740 896 3806 ponunt
926 3735 1206 3806 Ezechiel,
1241 3735 1463 3803 Daniel,
1497 3742 1554 3793 et
1590 3740 1844 3796 minores
1891 3759 2025 3812 pro-

382 3824 609 3896 phetas,
645 3841 829 3895 usque
852 3825 906 3878 in
943 3823 1220 3879 Kalendis
1253 3828 1602 3882 Decembris.
1631 3830 1688 3882 In
1726 3829 2028 3886 Dominica

381 3913 568 3984 prima
599 3911 934 3972 Decembris
966 3918 1191 3983 ponunt
1212 3913 1424 3968 Isaiam
1462 3915 1802 3986 prophetam
1839 3935 2026 3990 usque

378 4002 433 4056 in
472 4002 842 4059 Nativitatem
879 4001 1125 4057 Domini.
1163 4001 1227 4056 In
1285 4001 1473 4058 Natali
1536 4003 1763 4060 Domini
1823 4006 2026 4078 legunt

378 4091 629 4162 primum
662 4091 734 4146 de
756 4091 907 4146 Isaia
941 4096 1054 4144 tres
1089 4091 1386 4146 lectiones.
1417 4091 1609 4148 Prima
1639 4092 2025 4158 lectio,Primo

377 4189 614 4250 tempore
644 4197 663 4241 ;
694 4181 973 4248 secunda,
1008 4179 1384 4234 Consolamini
1411 4197 1431 4240 ;
1473 4182 1664 4249 tertia,
1697 4186 1975 4256 Consurge
2001 4204 2022 4250 ;

377 4269 585 4324 deinde
606 4270 880 4340 leguntur
896 4284 1194 4323 sermones
1211 4267 1293 4322 vel
1325 4269 1576 4323 bomilize
1596 4274 1664 4325 ad
1685 4258 1875 4343 ipsum
1898 4291 2024 4344 per-

380 4358 720 4412 tinentes.tn
753 4357 940 4412 Natali
961 4357 1622 4428 S.Stephani,homilias
1646 4361 1716 4415 de
1743 4361 1869 4434 ipso
1893 4364 2019 4432 die;

377 4447 433 4500 in
448 4447 633 4501 Natali
657 4446 1308 4514 S.Joannis,similiter;
1333 4447 1390 4500 in
1414 4448 1593 4502 natali
1618 4449 2020 4521 Innocentum,

2134 3299 2844 3370 Constantinopolitanum
2879 3299 3219 3370 episcOpum
3255 3296 3570 3361 destinata,
3619 3298 3787 3368 cujus

2134 3391 2357 3442 textum
2389 3388 2439 3442 si
2472 3387 2769 3460 quispiam
2793 3385 3069 3459 usquead
3095 3399 3278 3438 unum
3312 3389 3430 3439 tota
3452 3384 3785 3456 disputave-

2137 3478 2232 3540 rit,
2263 3482 2320 3531 et
2351 3494 2462 3531 non
2495 3493 2563 3532 ea
2590 3476 2998 3532 venerabiliter
3028 3474 3086 3528 in
3148 3473 3425 3548 omnibus
3474 3474 3786 3545 acceperit,

2135 3567 2450 3619 anathema
2479 3566 2574 3620 sit.
2610 3568 2776 3629 Item,
2809 3563 3098 3636 opuscula
3127 3568 3304 3632 atque
3348 3568 3639 3617 tractatus
3662 3580 3785 3618 om-

2135 3655 2298 3710 nium
2331 3655 2569 3711 Patrum
2601 3655 3056 3710 orthodoxorum
3090 3651 3190 3724 qui
3227 3653 3285 3705 in
3319 3651 3481 3706 nullo
3507 3668 3538 3705 a
3571 3657 3784 3707 sanctis

2134 3741 2412 3798 Romanis
2442 3743 2705 3798 Ecclesiae
2731 3741 3025 3798 consortio
3050 3739 3380 3805 deviarunt,
3410 3755 3514 3794 nec
3547 3739 3620 3794 ab
3655 3740 3785 3810 ejus

2135 3830 2291 3884 ﬁdeli
2319 3831 2728 3900 prmdicatione
2786 3830 3036 3902 sejuncti
3085 3836 3242 3892 sunt,
3267 3828 3368 3882 sed
3402 3827 3593 3899 ipsius
3625 3845 3781 3884 cem-

2135 3918 2434 3988 munionis
2465 3920 2653 3990 gratia
2687 3920 2783 3974 Dei
2834 3934 3020 3989 usque
3053 3919 3122 3972 ad
3167 3915 3436 3990 ultimum
3470 3916 3627 3971 diem
3651 3917 3777 3971 vitae

2134 4022 2255 4061 suae
2278 4007 2435 4062 fuere
2467 4009 2808 4079 particepes,
2855 4006 3132 4079 legendos
3190 4004 3581 4059 decernimus.
3621 4005 3782 4076 Item,

2135 4095 2455 4152 decretales
2486 4097 2768 4169 epistolas
2800 4113 2948 4169 quas
2979 4093 3304 4151 beatissimi
3346 4110 3506 4165 papas
3539 4094 3612 4148 ab
3645 4094 3782 4148 urbe

2134 4185 2318 4240 Roma
2347 4186 2593 4241 diversis
2620 4187 2984 4257 temporibus
3020 4202 3123 4256 pro
3155 4184 3519 4239 diversorum
3547 4184 3780 4238 Patrum

2133 4275 2559 4331 consultatione
2607 4277 2896 4331 dederunt
2952 4273 3362 4330 venerabiliter
3416 4273 3781 4343 suscipendaa

2133 4367 2290 4419 sunt.
2328 4365 2493 4433 Item,
2515 4369 2680 4436 gesta
2710 4369 3050 4419 sanctorum
3083 4367 3403 4440 martyrum
3426 4377 3551 4430 qua:
3590 4360 3783 4414 multi-

2134 4451 2360 4521 pliciter
2403 4458 2825 4509 tormentorum
2887 4451 3245 4510 cruciatibus
3297 4455 3354 4505 et
3409 4450 3780 4505 mirabilibus

375 4534 676 4598 similiter;
711 4535 766 4590 in
807 4534 995 4589 Natali
1041 4535 1227 4589 sancti
1287 4535 1584 4604 Sylvestri,
1611 4539 1905 4595 similiter.
1957 4544 2020 4597 In
2051 4539 2098 4602 D
2131 4541 2566 4597 confessionum
2598 4542 2915 4614 triumphis
2940 4538 3392 4604 irradiant.Quis
3415 4539 3496 4592 ita
3524 4537 3781 4593 Catholi-

371 4629 572 4680 octava
603 4624 826 4682 Natalis
857 4624 1085 4679 Domini
1123 4624 1395 4680 homilias
1425 4626 1497 4680 de
1529 4627 1656 4697 ipso
1687 4628 1872 4682 die.ln
1910 4634 2015 4685 Do-

374 4715 589 4769 minica
621 4714 809 4785 prima
868 4719 998 4784 post
1054 4713 1426 4768 Nativitatem
1489 4715 1735 4783 Domini,
1795 4723 2020 4787 ponunt

376 4802 661 4874 Epistolas
691 4801 877 4867 Pauli,
901 4818 1090 4873 usque
1124 4802 1180 4856 in
1214 4802 1740 4873 Soptuagesimam.
1791 4806 1850 4859 ln
1884 4806 2016 4877 Epi-

371 4892 583 4964 phania
618 4891 896 4947 lectiones
930 4895 1047 4946 tres
1079 4892 1149 4945 de
1181 4890 1352 4945 Isaia.
1390 4891 1581 4946 Prima
1623 4892 1863 4965 incipit:
1900 4895 2017 4950 0m-

369 4984 776 5042 nessitientes;
823 4981 1098 5045 secunda,
1159 4979 1334 5048 Surge
1391 4981 1762 5047 illuminare;
1823 4986 2014 5049 tertia,

367 5071 967 5140 Gaudensgaudeboin
1013 5068 1264 5122 Domino.
1319 5067 1536 5124 Deinde
1594 5069 2012 5143 legunturser-

368 5178 571 5216 mones
610 5161 695 5218 vel
729 5159 980 5215 humilia:
1013 5159 1083 5212 ad
1115 5157 1308 5228 ipsum
1342 5156 1495 5212 diem
1530 5159 1902 5228 pertinentes.

513 5268 646 5323 CAP.
680 5265 825 5323 XCI.
859 5265 965 5332 Qui
988 5265 1122 5318 libri
1150 5275 1274 5318 sum
1305 5266 1508 5334 recepti
1536 5267 1602 5319 ab
1630 5266 1880 5323 Ecclesia

793 5339 1056 5400 Romana,
1103 5345 1154 5390 et
1176 5351 1294 5408 quas
1325 5337 1580 5390 concilia.

844 5425 922 5480 Ex
953 5424 1206 5480 Decretis
1237 5424 1526 5495 ejusdem.

431 5533 602 5603 (Dist.
639 5536 723 5602 16,
757 5550 806 5587 c.
859 5533 1107 5599 Sancta.)
1149 5532 1362 5586 Sancta
1419 5531 1680 5586 Romana
1727 5533 2006 5605 Ecclesia,

364 5627 496 5697 post
528 5622 658 5680 illas
693 5621 919 5679 Veteris
974 5625 1030 5676 et
1075 5619 1217 5678 Novi
1264 5621 1620 5679 Testameuti
1666 5621 2007 5697 Scripturas

2129 4645 2326 4684 corum
2361 4647 2490 4686 esse
2519 4631 2748 4686 dubitet
2777 4632 3074 4699 etmajora
3089 4629 3260 4685 eosin
3284 4627 3572 4700 agonibus
3602 4627 3781 4683 fuisse

2128 4735 2574 4790 perpessos,nec
2604 4721 2727 4776 suis
2756 4720 3092 4776 virtutibus.
3119 4719 3217 4773 sed
3255 4718 3350 4772 Dei
3385 4716 3574 4787 gratia
3595 4721 3652 4771 et
3679 4719 3777 4771 ad-

2120 4808 2362 4879 jutorio,
2400 4810 2674 4865 universa
2705 4809 3008 4878 tolerasse,
3033 4809 3133 4862 sed
3164 4807 3294 4862 ideo
3317 4806 3645 4862 secundum
3682 4823 3778 4860 an-

2125 4897 2354 4968 tiquam
2389 4899 2798 4954 auctoritatem
2831 4898 2916 4952 vel
2951 4896 3438 4952 consuetudinem
3488 4894 3775 4966 singulari

2127 4987 2353 5042 cautela
2384 4987 2443 5042 in
2477 4994 2682 5043 sancta
2713 4987 2975 5042 Romana
3027 4985 3285 5041 Ecclesia
3335 5000 3452 5040 non
3481 4982 3774 5054 leguntur,

2126 5084 2264 5154 quia
2293 5087 2348 5138 et
2381 5101 2578 5140 eorum
2613 5085 2711 5156 qui
2748 5085 3034 5156 scripsere
3065 5083 3330 5147 nomina,
3351 5085 3588 5153 penitus
3617 5081 3775 5153 igno-

2127 5180 2356 5239 rantur,
2389 5176 2460 5230 ab
2489 5173 2830 5229 inﬁdelibus
2862 5172 3154 5228 autdictis
3187 5171 3512 5242 superﬂua,
3541 5175 3642 5224 aut
3675 5169 3775 5225 mi-

2127 5263 2238 5317 mis
2270 5269 2609 5334 apta,quam
2639 5263 2719 5318 rei
2752 5263 2890 5318 ordo
2924 5262 3119 5330 fuerit,
3152 5260 3372 5332 scripta
3399 5276 3531 5315 esse
3564 5264 3770 5331 putan-

2125 5359 2237 5407 tur.
2269 5353 2434 5406 Sicut
2463 5353 2774 5422 cuiusdam
2809 5352 2979 5408 Cirici
3031 5356 3087 5406 et
3114 5349 3332 5406 Julittaa
3386 5349 3596 5403 matris
3627 5349 3771 5417 ejus,

2124 5441 2276 5496 sicut
2327 5441 2588 5513 Gregorii
2641 5442 3005 5511 aliorumque
3063 5438 3405 5510 hujusmodi
3471 5438 3775 5508 passiones

2122 5547 2251 5600 qua:
2283 5532 2354 5586 ab
2382 5529 2672 5587 haereticis
2701 5529 3085 5601 perhibentur
3143 5526 3508 5598 conscriptae,
3537 5530 3777 5598 propter

2121 5619 2301 5693 quod,
2334 5625 2400 5683 ut
2429 5619 2650 5680 dictum
2682 5623 2791 5691 est,
2827 5635 2898 5676 ne
2928 5618 3014 5676 vel
3046 5617 3188 5676 levis
3219 5615 3626 5686 subsannandi
3660 5615 3774 5672 ori-
