4000 6054
251 256 393 312 1105

1574 258 1971 313 PANORMIA.
2002 286 2071 297 —-
2096 261 2231 315 LIB.
2272 266 2342 317 II.

3526 266 3671 321 1106

236 384 403 434 retur
433 378 685 446 occasio,
718 379 777 433 in
829 384 1032 436 sancta
1066 379 1330 436 Romana
1376 379 1631 435 Ecclesia
1664 397 1777 435 non
1810 380 1889 435 le-
1922 382 1975 447 Α
2005 383 2073 437 ad
2107 386 2391 455 opuscula
2416 390 2761 459 pervenerit,
2789 390 3041 446 multum
3069 389 3337 446 utilitatis
3361 393 3418 446 et
3441 390 3659 446 notitiae

235 474 476 540 guntur.
512 469 627 523 Nos
658 474 853 524 tamen
888 486 1019 523 cum
1070 470 1346 539 praedicta
1379 470 1656 534 Ecclesia,
1690 487 1893 524 omnes

2004 470 2287 541 lucratus,
2322 478 2369 531 si
2402 495 2529 547 quae
2565 480 2755 549 posita
2787 486 2945 545 sunt,
2980 498 3081 551 per
3111 480 3218 535 hos
3250 480 3554 535 duodecim
3588 480 3660 534 li-

237 562 526 629 martyres
550 563 606 612 et
636 574 836 613 eorum
868 558 1155 630 gloriosos
1202 575 1436 629 agones,
1471 560 1571 629 qui
1623 559 1737 613 Deo
1770 576 1893 613 ma-
1914 561 2138 616 «vbros
2172 567 2465 619 memoriae
2495 584 2613 621 sum
2642 568 2895 622 sollicita
2929 575 3119 623 mente
3151 570 3496 623 condiderit.

234 648 327 719 gis
361 664 537 718 quam
588 648 930 703 hominibus
983 648 1103 702 noti
1161 653 1322 714 sunt,
1377 649 1534 703 omni
1591 648 1894 703 devotione

236 754 603 793 veneremur.
640 741 807 801 Item,
831 737 994 793 Vitas
1018 737 1276 805 Patrum,
1314 736 1495 801 Pauli,
1532 736 1890 803 Antonii,Hi-

231 825 477 882 larionis
508 832 564 882 et
615 828 881 881 omnium
933 826 1333 891 eremitarum,
1384 842 1532 895 quas
1578 831 1773 879 tamen
1808 826 1893 879 vir

232 916 617 971 beatissimus
670 915 1058 986 Hieronymus
1112 913 1367 985 scripsit,
1403 930 1532 968 cum
1595 913 1754 967 omni
1787 914 1888 968 ho-

231 1022 373 1061 nore
405 1004 798 1076 suscepimus.
836 1006 1001 1067 Item,
1036 1008 1198 1059 actus
1234 1003 1386 1058 beati
1437 1003 1713 1073 Sylvestri
1748 1019 1888 1074 apo-

228 1094 450 1149 stolicae
474 1094 633 1149 sedis
656 1092 945 1163 praesulis,
970 1092 1105 1148 licet
1125 1092 1251 1161 ejus
1274 1091 1374 1162 qui
1398 1091 1654 1162 scripsit,
1678 1108 1888 1147 nomen

224 1183 587 1253 ignoremus,
621 1200 654 1237 a
704 1182 910 1237 multis
966 1188 1165 1236 tamen
1197 1181 1255 1234 in
1292 1182 1435 1235 urbe
1490 1182 1754 1235 Romana
1784 1185 1887 1236 Ca-

226 1272 462 1327 tholicis
494 1272 607 1344 legi
635 1272 1043 1343 cognovimus,
1068 1276 1123 1324 et
1154 1287 1256 1341 pro
1280 1271 1523 1341 antiquo
1550 1287 1656 1324 usu
1696 1269 1887 1324 multa:

228 1360 339 1418 hoc
370 1362 679 1417 imitantur
710 1359 999 1416 Ecclesiae.
1042 1363 1212 1430 Item,
1245 1360 1540 1431 scriptura
1590 1360 1658 1414 de
1688 1360 1887 1414 inven-

227 1451 387 1507 tione
419 1450 734 1507 Dominicae
758 1450 973 1519 crucis,
993 1456 1048 1505 et
1077 1448 1193 1504 alia
1217 1448 1436 1521 scripta
1458 1449 1526 1503 de
1560 1448 1887 1503 inventione

226 1540 473 1595 Joannis
515 1541 813 1611 Baptistae,
863 1538 1159 1594 nonnullae
1207 1538 1446 1609 quidem
1504 1537 1887 1593 revelationes

227 1633 389 1693 sunt,
424 1634 479 1684 et
512 1628 777 1683 nonnulli
808 1644 905 1683 eas
936 1627 1207 1683 catholici
1238 1628 1567 1699 legunt,sed
1602 1644 1735 1681 cum
1767 1625 1887 1680 haec

227 1719 299 1773 ad
348 1717 768 1773 catholicorum
824 1734 1037 1771 manus
1086 1716 1483 1788 pervenerint,
1518 1715 1671 1770 beati
1720 1716 1885 1783 Pauli

226 1807 478 1880 apostoli
512 1807 799 1878 praecedat
843 1805 1171 1861 sententia:
1221 1804 1419 1859 Omnia
1464 1804 1711 1875 probate,
1743 1803 1887 1874 quod

227 1898 427 1953 bonum
454 1901 535 1952 est
572 1903 756 1951 tenete
786 1897 831 1966 (I
886 1896 1059 1950 Thess.
1110 1898 1248 1961 xxx).
1306 1898 1475 1957 Item,
1526 1894 1772 1948 Ruﬁnus
1803 1892 1886 1947 vir

223 1990 557 2061 religiosus,
597 1989 881 2061 plurimos
932 1988 1315 2044 ecclesiastici
1363 1988 1556 2059 operis
1596 1988 1783 2042 edidit
1817 1986 1884 2040 li-

222 2078 710 2147 bros,nonnullas
742 2083 937 2133 autem
972 2076 1299 2149 scripturas
1330 2075 1749 2148 interpretatus
1772 2086 1881 2131 est.

225 2168 338 2224 Sed
363 2168 641 2239 quoniam
667 2168 875 2222 beatus
908 2166 1320 2237 Hieronymus,
1343 2164 1401 2219 in
1428 2164 1726 2236 aliquibus
1750 2182 1882 2221 eum

227 2258 297 2313 de
328 2257 553 2312 arbitrii
586 2257 854 2311 libertate
881 2255 1122 2321 notavit,
1148 2255 1251 2309 illa
1272 2256 1559 2310 sentimus
1593 2273 1719 2326 quae
1750 2256 1883 2310 bea-

229 2352 357 2401 tum
391 2346 731 2417 praedictum
768 2344 1179 2416 Hieronymum
1210 2344 1427 2398 sentire
1448 2344 1881 2415 cognoscimus.

225 2436 295 2490 Et
327 2451 442 2488 non
477 2434 666 2488 solum
701 2435 770 2488 de
802 2434 1036 2499 Rufino,
1072 2433 1170 2489 sed
1204 2436 1260 2487 et
1292 2432 1360 2486 de
1394 2432 1702 2496 universis,
1737 2448 1881 2502 quos

224 2524 309 2579 vir
344 2522 560 2593 saapius
613 2523 977 2591 nominatus,
1008 2520 1129 2576 zelo
1188 2520 1279 2575 Dei
1330 2524 1387 2575 et
1438 2521 1568 2575 Ildei
1606 2519 1883 2592 religione

224 2611 622 2682 reprehendit.
680 2612 845 2675 Item,
907 2610 1175 2681 Origenis
1233 2608 1519 2663 nonnulla
1575 2610 1879 2679 opuscula,

222 2717 353 2771 quae
383 2700 473 2754 vir
504 2699 993 2771 religiosissimus
1026 2698 1416 2770 Hieronymus
1439 2715 1553 2752 non
1589 2698 1880 2768 repudiat,

220 2789 472 2861 legenda
525 2788 903 2858 suscipimus.
964 2787 1211 2857 Reliqua
1266 2791 1458 2841 autem
1516 2785 1715 2841 omnia
1746 2802 1878 2841 cum

223 2882 461 2933 auctore
494 2894 599 2931 suo
628 2877 879 2931 dicimus
903 2893 1027 2931 esse
1060 2876 1377 2931 reaucnda.
1405 2874 1569 2941 Item,
1596 2874 1881 2930 Chronica

224 2965 459 3020 Eusebii
493 2965 865 3020 Caesariensis
899 2970 1073 3035 atque
1107 2965 1371 3034 eiusdem
1407 2963 1662 3019 historice
1694 2963 1878 3019 eccle-

218 3055 469 3109 siastica:
504 3054 705 3119 libros,
740 3058 1008 3123 quamvis
1058 3054 1114 3106 in
1146 3053 1336 3123 primo
1376 3052 1728 3107 narrationis
1760 3070 1878 3108 suae

2163 669 2295 727 CAP.
2330 673 2523 727 XCIII.
2555 673 2850 745 Sapientiae
2881 676 3020 730 liber
3048 676 3480 731 commendatur.

2000 762 2151 827 Aug.
2187 760 2258 812 ad
2294 760 2643 832 Prosperum
2681 770 2737 817 et
2761 764 3044 817 Hilarium
3071 765 3143 818 De
3174 768 3288 820 vita
3317 775 3655 820 sanctorum.

2073 847 2196 901 Non
2229 850 2433 903 debuit
2464 852 2781 921 repudiari,
2830 854 3120 907 sententia
3164 853 3292 907 libri
3325 854 3658 925 Sapientia,

2003 935 2099 1006 qui
2134 938 2349 991 meruit
2382 938 2437 992 in
2488 938 2744 994 Ecclesia
2776 940 3015 1011 Christi,
3051 943 3119 995 de
3152 943 3336 1011 gradu
3368 942 3653 997 lectorum

1998 1024 2268 1081 Ecclesiae
2311 1026 2547 1094 Christi,
2580 1032 2697 1083 tam
2743 1029 2913 1101 longa
2962 1030 3290 1085 annositate
3320 1031 3573 1102 recitari,
3602 1037 3658 1090 et

2000 1114 2071 1169 ab
2103 1116 2379 1171 omnibus
2411 1117 2783 1185 Christianis,
2819 1120 2891 1173 ab
2918 1119 3211 1190 episcopis
3247 1137 3431 1191 usque
3462 1122 3533 1175 ad
3565 1138 3657 1176 ex-

1999 1208 2218 1259 tremos
2241 1204 2419 1260 laicos
2446 1205 2645 1261 tideles
2669 1208 3016 1277 pcenitentes
3049 1208 3501 1264 catechumenos
3522 1227 3655 1265 cum

1998 1293 2366 1347 veneratione
2398 1294 2623 1349 divinae
2681 1296 3049 1352 auctoritatis
3098 1296 3308 1353 audiri.
3342 1302 3507 1362 Item,
3554 1300 3656 1370 qui

1997 1381 2305 1436 sententiis
2364 1388 2747 1440 tractatorum
2806 1385 3014 1440 instrui
3074 1386 3284 1454 voluit,
3317 1391 3541 1458 oportet
3594 1392 3658 1443 ut

1996 1470 2173 1525 istum
2202 1471 2417 1526 librum
2448 1473 2780 1543 Sapientiae,
2813 1475 2912 1529 ubi
2956 1475 3208 1546 legitur:
3247 1478 3449 1547 Raptus
3481 1486 3559 1533 est
3586 1495 3659 1533 ne

1996 1559 2216 1614 malitia
2246 1564 2485 1616 mutaret
2512 1561 2859 1617 intellectum
2892 1565 3054 1619 illius
3086 1564 3235 1635 (Sap.
3272 1566 3659 1636 1v),omnibus

1995 1650 2407 1705 tractatoribus
2453 1656 2834 1723 anteponant,
2868 1654 3145 1724 quoniam
3193 1654 3275 1709 sic
3307 1672 3441 1710 eum
3493 1660 3658 1712 ante-

1921 1754 1964 1818 Β
1999 1744 2321 1811 posuerunt
2342 1740 2520 1795 etiam
2545 1741 2913 1813 temporibus
2940 1744 3223 1814 proximis
3247 1744 3650 1815 apostolorum

1996 1828 2213 1899 egregii
2236 1833 2641 1898 tractatores,q
2655 1833 2708 1884 ui
2734 1848 2868 1886 eum
2896 1838 3101 1887 testem
3128 1834 3654 1898 adhibentes,nihil

1996 1933 2057 1970 se
2078 1917 2376 1983 adhibere,
2396 1919 2506 1974 nisi
2532 1920 2795 1974 divinum
2822 1922 3231 1976 testimonium
3258 1924 3653 1978 crediderunt.

1995 2008 2160 2069 Item,
2194 2004 2339 2060 liber
2371 2006 2704 2078 Sapientiae,
2738 2008 2834 2078 qui
2880 2012 3044 2062 tanta
3093 2011 3519 2065 numerositate
3551 2029 3653 2066 an-

1994 2109 2202 2148 norum
2237 2092 2351 2164 legi
2385 2097 2601 2150 meruit
2632 2095 2689 2149 in
2724 2095 2981 2151 Ecclesia
3013 2096 3249 2166 Christi,
3288 2098 3506 2154 nullam
3534 2099 3653 2169 pati

1992 2183 2164 2237 debet
2188 2182 2489 2251 injuriam,
2516 2185 2790 2253 quoniam
2816 2185 3041 2241 resistit
3071 2187 3153 2242 eis
3173 2188 3269 2258 qui
3300 2206 3400 2259 pro
3429 2188 3653 2243 meritis

1993 2270 2299 2325 hominum
2338 2273 2641 2327 falluntur.

2250 2369 2384 2423 CAP.
2421 2370 2608 2426 XCIV.
2647 2376 2721 2426 De
2753 2374 2887 2426 Hist.
2923 2374 3109 2427 eccles.
3144 2373 3385 2427 Eusebii.

2267 2463 2414 2528 Aug.
2449 2460 2523 2514 De
2554 2460 2809 2515 doctrina
2838 2460 3186 2527 Christiana,
3226 2460 3264 2516 1.
3300 2478 3359 2516 ιι.

2060 2547 2220 2609 Quod
2247 2546 2533 2601 Eusebius
2559 2548 2692 2603 fecit
2709 2550 2777 2603 de
2797 2555 3127 2620 temporum
3152 2549 3403 2604 historia
3427 2549 3653 2605 divino-

1988 2651 2117 2688 rum
2154 2634 2407 2689 liborum
2441 2637 2814 2706 quaestiones,
2849 2655 2978 2708 quae
3014 2640 3067 2691 in
3104 2654 3274 2693 usum
3316 2641 3445 2708 ejus
3477 2639 3647 2710 ﬂagi-

1988 2726 2134 2789 tant,
2168 2723 2553 2794 suscipimus.

1986 2825 2119 2877 CAP.
2176 2821 2335 2877 XCV.
2397 2822 2472 2877 De
2528 2823 2851 2894 Hieronymi
2906 2828 2956 2879 et
2985 2824 3298 2892 ;Gennadii
3356 2824 3515 2878 libri:
3564 2827 3643 2879 De

2591 2894 2801 2950 eccles.
2836 2895 3036 2966 script.
3408 2940 3411 2945 ,

2420 2983 2582 3052 Isid.,
2615 2986 2860 3055 Etymot.
2891 2985 2929 3040 l.
2967 3002 3052 3053 Ill,
3085 3002 3132 3041 c.
3161 2988 3214 3040 7.

2066 3073 2451 3143 Hieronymus
2487 3079 2661 3145 atque
2694 3074 3034 3130 Gennadius
3059 3076 3487 3131 ecclesiasticos
3511 3076 3651 3131 scri-

216 3144 364 3199 libro
396 3144 732 3205 texuerit,et
762 3148 894 3213 post
916 3143 975 3196 in
1005 3142 1277 3197 laudibus
1300 3147 1475 3213 atque
1505 3142 1878 3197 excusatione
1911 3120 1953 3183 Ο
1993 3166 2186 3234 ρίοτρε
2216 3120 2334 3217 τε)ξο
2368 3164 2505 3218 orbo
2552 3120 2894 3235 auerentgg
2914 3120 3646 3236 οτᾎίᾹξνέθυιίξξέξίξυεῑλζί,

220 3232 487 3303 Origenis
515 3231 876 3288 schismatici
910 3247 1093 3285 unum
1116 3230 1467 3302 conscripsit
1497 3230 1878 3302 librum,pro-

221 3328 353 3394 pter
384 3339 582 3376 rerum
614 3327 810 3376 tamen
844 3319 1205 3391 singularem
1240 3321 1668 3392 notitiam,qu¢e
1691 3322 1759 3374 ad
1796 3321 1879 3374 in-

221 3412 606 3467 structionem
633 3411 908 3481 pertinet,
938 3425 1362 3479 usquequaque
1385 3428 1496 3465 non
1516 3410 1769 3465 dicimus
1792 3426 1877 3463 re-

224 3502 510 3555 nuendos.
549 3502 710 3569 Item,
744 3499 1017 3555 Orosium
1051 3497 1236 3552 virum
1266 3497 1729 3552 eruditissimum
1762 3496 1877 3550 col-

223 3588 561 3653 laudamus,
612 3590 750 3660 quia
801 3586 965 3642 valde
1020 3586 1189 3641 nobis
1238 3586 1567 3640 necessaria
1598 3586 1875 3639 adversus

222 3694 587 3750 paganorum
622 3675 954 3731 calumnias
984 3673 1569 3743 ordinavit,miraqne
1602 3673 1877 3727 brevitate

221 3767 547 3822 contexuit.
584 3768 748 3831 Item,
782 3762 1132 3819 venerabilis
1181 3762 1286 3815 viri
1336 3761 1554 3816 Sedulii
1604 3762 1877 3832 paschale

220 3872 371 3926 opus
432 3855 586 3925 quod
648 3852 900 3908 heroicis
954 3850 1269 3922 descripsit
1323 3851 1606 3919 versibus,
1660 3850 1873 3921 insigni

221 3944 394 3999 laude
426 3943 799 4015 proferimus.
836 3942 1007 4009 Item,
1037 3938 1329 3995 Vincentii
1370 3939 1757 3995 nihilominus
1789 3940 1875 3995 la-

220 4034 522 4089 boriosum
557 4049 704 4102 opus
736 4047 850 4086 non
884 4030 1244 4101 spernimus,
1268 4029 1369 4084 sed
1401 4029 1722 4084 imitamur.
1753 4033 1878 4085 Cae-

218 4126 410 4177 terum
443 4139 565 4192 quae
600 4122 671 4174 ab
714 4118 1000 4173 haereticis
1051 4119 1407 4187 conscripta,
1450 4135 1574 4187 quae
1607 4118 1880 4187 pradicta

212 4216 371 4277 sunt,
407 4210 744 4265 nullatenus
782 4209 988 4279 recipit
1018 4206 1102 4262 vel
1155 4205 1443 4261 catholica
1472 4210 1529 4260 et
1560 4206 1881 4277 apostolica

220 4301 477 4355 Romana
510 4298 787 4353 Ecclesia.
822 4302 861 4351 E
894 4297 1109 4369 quibus
1162 4312 1344 4366 pauca
1375 4311 1501 4365 qua:
1552 4297 1620 4349 ad
1660 4312 1876 4351 memo-

219 4390 366 4444 riam
400 4394 703 4455 venerunt,
737 4391 793 4441 et
822 4403 855 4440 a
886 4385 1194 4441 catholicis
1226 4385 1463 4439 vitanda
1493 4389 1653 4450 sunt,
1687 4385 1876 4439 credi-

220 4494 351 4533 mus
383 4494 511 4532 esse
549 4476 882 4531 subdenda.

304 4594 437 4649 CAP.
472 4593 645 4649 XCII.
682 4592 932 4646 Historia
966 4590 1332 4645 ecclesiastica
1360 4587 1789 4644 commendatur.

357 4682 736 4737 Cassiodorus
769 4679 826 4733 in
861 4678 1095 4749 prologo
1131 4677 1447 4749 Tripartitw
1482 4677 1750 4733 historiw.

293 4779 543 4834 Historia
576 4776 978 4833 ecclesiastica
1020 4792 1148 4842 qua:
1182 4793 1215 4829 a
1254 4774 1478 4829 cunctis
1528 4774 1878 4830 Christianis

217 4868 384 4923 valde
417 4868 749 4922 necessaria
782 4866 1200 4937 comprobatur
1237 4880 1270 4918 a
1312 4863 1501 4918 tribus
1533 4864 1742 4919 Graecis
1773 4881 1874 4918 au-

217 4959 478 5013 ctoribus
531 4956 882 5011 mirabiliter
921 4958 1153 5009 constat
1200 4970 1327 5010 esse
1375 4954 1727 5025 conscripta,
1764 4972 1877 5009 uno

217 5048 444 5103 scilicet
490 5046 852 5102 Theoderico
886 5043 1203 5101 venerabili
1236 5045 1527 5115 episcopo,
1562 5049 1617 5100 et
1647 5044 1876 5099 duobus

217 5138 630 5193 disertissimis
676 5137 814 5191 viris
862 5140 1180 5191 Sozomeno
1227 5140 1283 5188 et
1312 5140 1563 5199 Socrate,
1595 5151 1738 5205 quos
1773 5150 1877 5188 nos

217 5244 317 5296 per
347 5226 739 5298 Epiphanium
775 5224 1191 5280 scholasticum
1226 5223 1722 5278 latinocredentes
1756 5222 1877 5276 elo-

220 5315 381 5385 quio,
418 5314 813 5369 necessarium
872 5313 1149 5367 duximus
1180 5328 1380 5365 eorum
1416 5312 1565 5365 dicta
1599 5311 1879 5365 deflorata

220 5405 278 5457 in
314 5404 489 5458 unius
522 5404 656 5475 styli
689 5407 961 5468 tractatu,
996 5399 1247 5455 Domino
1298 5401 1631 5469 adjuvante,
1668 5401 1875 5469 perdu-

218 5508 368 5561 cere,
403 5498 459 5546 et
492 5494 562 5546 de
594 5493 786 5547 tribus
834 5491 1174 5545 auctoribus
1227 5505 1403 5543 unam
1457 5491 1640 5543 facere
1672 5488 1876 5543 dictio-

220 5598 377 5637 nem.
407 5580 733 5653 Item,legat
755 5579 1102 5651 intrepidus,
1131 5578 1251 5649 qui,
1282 5576 1520 5633 Domino
1544 5578 1876 5647 adjuvante,

1988 3268 2310 3322 eorumque
2341 3252 2536 3307 studia
2568 3253 2627 3308 in
2663 3272 2847 3309 unum
2874 3254 3189 3310 voluminis
3214 3254 3469 3311 indiculo
3494 3271 3650 3311 com-

1988 3340 2460 3411 prehenduntur.

2248 3433 2381 3484 CAP.
2415 3429 2597 3484 XCVI.
2632 3431 2707 3484 De
2740 3431 2999 3500 Dionysio
3030 3433 3381 3501 Areopagita.

2517 3518 2665 3571 Beda
2698 3517 2753 3572 in
2787 3518 2901 3571 Act.
2937 3526 3105 3589 aposl.

2061 3606 2370 3673 Dionysius
2401 3606 2750 3677 Areopagita
2774 3606 3087 3679 episcopus
3109 3608 3415 3664 ordinatus
3447 3609 3642 3665 Corin-

1985 3695 2246 3749 thiorum
2273 3694 2421 3748 rexit
2446 3694 2757 3749 Ecclesiam
2784 3696 3055 3766 gloriose,
3079 3698 3381 3769 multaque
3398 3700 3469 3753 ad
3492 3699 3644 3753 utili-

1986 3787 2163 3838 tatem
2200 3783 2464 3838 Ecclesiae
2509 3784 2882 3854 pertinentia,
2917 3803 3043 3857 quae
3092 3787 3373 3842 hactenus
3406 3795 3643 3843 manent

1988 3872 2207 3944 ingenii
2240 3872 2332 3928 sui
2364 3872 2648 3927 volumini
2680 3873 2933 3945 reliquit.
2968 3876 3297 3948 Cognomen
3327 3895 3360 3932 a
3388 3876 3513 3933 loco
3547 3876 3640 3933 cui

1988 3968 2231 4033 praeerat
2262 3962 2555 4034 accipiens
2585 3964 2942 4036 AreOpagus.

2284 4071 2419 4125 CAP.
2453 4069 2675 4125 XCVII.
2709 4072 2781 4125 De
2808 4080 2994 4125 sancto
3025 4071 3341 4127 Benedicto.

2059 4158 2275 4228 (Greg.,
2310 4158 2367 4212 in
2404 4157 2616 4228 Dialog.
2647 4158 2684 4212 l.
2723 4163 2815 4226 ιι.)
2866 4160 3216 4214 Benedictus
3248 4160 3484 4231 scripsit
3518 4178 3641 4221 mo-

1990 4242 2311 4298 nachorum
2357 4242 2661 4313 Regulam,
2715 4242 3065 4300 discretione
3116 4246 3488 4318 praecipuam,
3521 4265 3640 4304 ser-

1990 4348 2163 4386 mone
2194 4331 2579 4387 luculentam.

2291 4422 2423 4474 CAP.
2458 4420 2704 4475 XCVIII.
2742 4426 2820 4477 De
2851 4422 3060 4478 Gelasii
3087 4424 3335 4496 scriptis.

1912 4484 1954 4546 θ
2058 4509 2326 4566 Gelasius
2357 4510 2489 4564 fecit
2515 4510 2699 4566 libros
2726 4514 2989 4585 quinque
3012 4484 3288 4571 adversus
3308 4516 3640 4572 Nestorium

1985 4605 2042 4655 et
2071 4599 2399 4665 Eutichem,
2424 4598 2559 4653 fecit
2583 4613 2638 4655 et
2672 4605 2955 4657 tractatus
2981 4602 3040 4657 in
3066 4606 3302 4659 modum
3324 4605 3642 4662 Ambrosii.

1988 4688 2151 4757 Item,
2186 4688 2366 4741 libros
2400 4689 2549 4741 duos
2601 4688 2880 4744 adversus
2910 4690 3131 4747 Arium.
3176 4692 3330 4747 Fecit
3360 4698 3554 4748 autem
3587 4697 3645 4749 et

1988 4783 2488 4833 sacramentorum
2526 4778 2897 4844 prait'ationes
2923 4785 2979 4835 et
3000 4782 3293 4837 orationes
3324 4789 3494 4839 cauto
3522 4799 3643 4839 ser-

1987 4883 2182 4935 mone,
2216 4873 2272 4922 et
2328 4865 2608 4937 epistolas
2642 4867 2778 4921 Iidei
2834 4868 3111 4926 delimato
3171 4888 3439 4927 sermone
3491 4873 3643 4927 mul-

1987 4960 2096 5011 tas.

2629 5051 2762 5100 CAP.
2806 5044 2994 5102 XCIX.

2056 5133 2371 5205 Gregorius
2426 5151 2629 5190 servus
2679 5152 2981 5190 servorum
3038 5137 3162 5205 Dei,
3221 5138 3486 5193 Secundo
3524 5139 3645 5210 epi-

1988 5238 2185 5292 scopo.

2066 5312 2220 5365 Inter
2251 5329 2416 5368 sacra
2450 5311 2767 5369 missarum
2800 5311 3110 5378 solemnia,
3146 5330 3213 5369 ex
3240 5313 3331 5370 his
3367 5330 3496 5385 quae
3527 5315 3650 5371 die-

1988 5402 2097 5455 bus
2132 5403 2305 5455 certis
2368 5404 2425 5456 in
2489 5402 2742 5457 Ecclesia
2802 5402 2905 5455 hac
2969 5400 3081 5471 legi
3134 5420 3201 5457 ex
3262 5420 3421 5459 more
3462 5404 3653 5461 solent

1987 5490 2283 5559 Evangelii
2317 5492 2502 5545 sancti
2546 5491 2826 5545 lectiones
2857 5492 3098 5560 exposui
3128 5508 3219 5558 XL,
3253 5498 3308 5547 et
3364 5511 3645 5565 quorum-

1988 5580 2124 5635 dam
2157 5580 2391 5651 quidem
2440 5580 2659 5635 dictata
2691 5577 2973 5651 expositio
3026 5581 3329 5637 assistenti
3370 5582 3526 5655 plebi
3560 5600 3652 5651 est,
