3938 6074
320 262 463 320 1107
1385 264 1454 316 D.
1494 258 1738 318 IVONIB
1772 260 2271 318 CABNOTENSIS
2305 263 2624 319 EPISCOPI

3595 259 3752 318 1108

318 386 559 444 recitata
588 401 690 459 per
715 384 1047 442 notarium:
1083 386 1474 458 quarumdam
1507 402 1639 441 vero
1690 385 1969 458 explana-
2001 388 2054 455 Α
2085 386 2181 441 Dei
2214 386 2421 443 Filium
2471 387 2674 443 eadem
2727 388 2933 442 sancta
2982 384 3241 457 synodus
3288 384 3578 441 deﬁnivit.
3614 390 3757 442 Haec

317 480 542 537 tionem
576 494 773 535 coram
802 479 1017 551 populo
1048 480 1175 551 ipse
1216 477 1447 534 locutus
1492 496 1648 549 sum,
1680 483 1876 549 atque,
1913 482 1977 533 ut
2086 478 2347 548 synodus
2378 486 2504 533 acta
2534 480 2622 533 est
2648 476 3012 549 temporibus
3042 475 3316 549 Sylvestri
3341 493 3503 548 papae
3526 477 3756 534 Roma-

318 569 626 638 loquebar,
657 572 895 639 excepta
944 572 1049 623 est.
1106 569 1269 636 Item,
1312 567 1546 622 easdem
1604 566 1879 622 homilias
1911 582 1977 621 eo
2087 564 2167 629 ni,
2202 566 2481 621 Macharii
2529 563 3044 636 Hierosolymitani
3104 564 3385 636 episcopi,
3429 565 3758 622 Alexandri

320 658 481 729 quod
513 657 683 713 dictae
714 657 834 711 sint
856 656 1057 711 ordine
1089 656 1147 709 in
1175 655 1407 710 duobus
1436 657 1735 711 codicibus
1769 670 1979 725 ponere

323 746 570 812 curavit,
601 749 658 801 et
686 745 908 816 priores
952 744 1188 816 quidem
1239 760 1363 815 quae
1399 745 1563 799 dicta!
1614 748 1772 815 sunt,
1801 744 1891 809 20,
1926 744 1983 796 et

329 834 679 908 posteriores
708 833 975 888 totidem.

1039 923 1175 977 CAP.
1211 924 1269 975 Ο.

399 1011 558 1079 Quod
593 1010 787 1066 dicitis
820 1027 1010 1081 neque
1041 1011 1389 1066 Sardicense
1422 1009 1760 1075 concilium,
1794 1024 1985 1079 neque

329 1102 563 1157 decreta
586 1100 700 1155 alia
731 1116 839 1155 nos
862 1099 1075 1155 habere
1099 1104 1433 1154 sanctorum
1458 1102 1695 1154 Patrum
1723 1100 1808 1154 vel
1842 1098 1984 1154 reci-

332 1204 489 1264 pere,
521 1206 639 1246 non
672 1188 843 1245 facile
873 1188 1043 1244 nobis
1079 1188 1329 1244 facultas
1380 1189 1654 1245 credendi
1684 1188 1983 1253 tribuitur,

334 1278 588 1335 maxime
616 1294 751 1334 cum
784 1278 1132 1335 Sardicense
1165 1277 1475 1333 concilium
1499 1278 1652 1349 quod
1688 1292 1865 1348 penes
1887 1293 1988 1333 vos

332 1369 395 1423 in
424 1368 634 1423 vestris
664 1368 1003 1439 regionibus
1034 1372 1229 1422 actum
1254 1371 1363 1435 est,
1389 1368 1583 1420 omnis
1615 1365 1871 1421 Ecclesia
1898 1382 1988 1420 re-

335 1456 512 1528 cipit;
546 1472 665 1527 qua
695 1457 919 1511 ratione
949 1454 1261 1511 conveniat
1308 1459 1373 1509 ut
1403 1455 1523 1509 hinc
1575 1458 1778 1510 sancta
1807 1457 1990 1509 Cons-

333 1544 826 1617 tantinopolitana
854 1543 1117 1600 Ecclesia
1174 1544 1478 1615 objiceret,
1538 1548 1615 1611 et,
1649 1547 1715 1599 ut
1764 1542 1989 1598 dictum

337 1640 448 1704 est,
480 1650 597 1691 non
627 1634 960 1706 reciperet?

1035 1725 1168 1779 CAP.
1210 1722 1299 1777 CI.

640 1812 865 1884 Agatho
898 1827 1049 1883 papa
1078 1811 1353 1867 omnibus
1384 1809 1694 1882 episcopis.

414 1901 509 1958 Sic
530 1916 736 1957 omnes
757 1900 1089 1972 apostolica:
1112 1900 1269 1955 sedis
1287 1900 1623 1955 sanctiones
1643 1898 1995 1970 accipiendas

345 1994 507 2059 sunt,
562 1994 846 2060 tanquam
904 1988 1095 2060 ipsius
1153 1987 1335 2043 divini
1400 1988 1671 2060 prmcepti
1728 2004 1866 2043 voce
1897 1988 1994 2041 lir-

346 2083 538 2134 metm.

1029 2165 1165 2221 CAP.
1199 2168 1317 2223 CII.

813 2259 989 2312 Gesta
1016 2273 1050 2311 ν
1081 2256 1310 2328 synodi,
1344 2255 1436 2311 die
1466 2256 1519 2311 3.

413 2344 731 2418 Sequimur
761 2362 862 2417 per
892 2346 1090 2401 omnia
1134 2350 1370 2401 sanctos
1401 2346 1599 2401 Patres
1643 2348 1701 2400 et
1728 2345 1994 2400 doctores

339 2434 609 2492 Ecclesia:
634 2451 648 2490 :
676 2434 1086 2500 Athanasium,
1111 2434 1420 2502 Hilarium,
1446 2434 1751 2499 Basilium,
1774 2434 1993 2505 Grego-

342 2524 493 2580 rium
526 2523 867 2595 theologum
918 2529 974 2579 et
1004 2524 1349 2595 Gregorium
1402 2523 1717 2592 Misenum,
1748 2522 1996 2578 Ambro-

340 2614 520 2685 sium,
541 2614 961 2688 Augustinum,
984 2615 1397 2687 Theophilum,
1416 2615 1702 2671 Joannem
1720 2619 2000 2671 Constan-

339 2704 820 2778 tinopolitanum,
880 2704 1183 2778 Cyrillum,
1243 2710 1516 2771 Leonem,
1577 2704 2001 2776 Proculum,et

345 2796 704 2869 suscipimus
734 2797 936 2852 omnia
960 2813 1087 2868 quas
1117 2798 1187 2853 de
1218 2803 1377 2853 recta
1416 2799 1531 2852 fids
1560 2804 1617 2853 et
1646 2799 2000 2853 condemna-

343 2887 502 2942 tione
526 2884 933 2940 hereticorum
957 2901 1277 2956 exposuere
1303 2902 1316 2951 ;
1342 2886 1704 2957 suscipimus
1729 2894 1921 2941 autem
1944 2892 2002 2941 et

346 2974 493 3031 alios
524 2977 760 3029 sanctos
808 2977 866 3027 et
915 2973 1265 3030 orthodoxos
1300 2978 1522 3043 Patres,
1558 2976 1657 3047 qui
1706 2975 1763 3029 in
1798 2980 2003 3031 sancta

346 3061 447 3119 Dei
479 3061 737 3118 Ecclesia
760 3065 980 3118 rectam
1004 3062 1180 3117 fidem
1202 3063 1794 3134 irreprehensibiliter
1816 3081 2003 3136 usque

344 3150 407 3205 in
440 3150 616 3206 finem
650 3150 783 3204 vita
813 3166 931 3204 suae
960 3151 1421 3220 pi-aadicaverint.

346 3260 485 3313 CAP.
521 3255 663 3312 CIII.
697 3256 1035 3310 Auctoritafe
1065 3257 1297 3311 Romani
1331 3259 1629 3328 pontiﬁcis,
1662 3267 1855 3315 sancta
1884 3264 2003 3316 octo

812 3328 1051 3383 concilia
1079 3328 1526 3384 corroborantur.

587 3416 754 3473 Liber
778 3416 1038 3473 diurnas.
1074 3417 1366 3473 Professio
1398 3423 1564 3475 Rom.
1600 3424 1756 3492 pont.

420 3522 594 3594 (Dist.
646 3523 736 3589 16,
797 3539 844 3578 ο.
909 3523 1154 3595 Sancta.)
1202 3525 1413 3579 Sancta
1468 3530 1595 3581 octo
1655 3526 2006 3583 universalia

352 3610 622 3680 concilia,
655 3611 711 3666 id
759 3616 867 3677 est,
920 3611 1244 3681 Nicenum,
1292 3614 2001 3687 Constantinopolitanum

353 3698 702 3765 secundum,
720 3698 1075 3770 Ephesinum
1092 3700 1654 3773 primum,quintum
1674 3706 2004 3774 etsextum;

354 3788 497 3844 item
510 3786 1242 3860 Constantinopolitanum,
1259 3797 1488 3845 sextum
1506 3792 1668 3858 ;item
1685 3792 2005 3861 Nicaeuum,

352 3881 628 3948 quartum
662 3881 720 3931 et
752 3877 1052 3946 quintum,
1083 3882 1374 3949 octavum,
1410 3894 1646 3951 quoque
1676 3880 2006 3936 Constanti-

351 3964 675 4038 nopolitani
708 3982 897 4037 usque
928 3967 998 4021 ad
1031 3983 1215 4021 unum
1243 3969 1464 4038 apicem
1499 3969 1857 4025 immutilata
1884 3986 2004 4025 ser-

349 4072 505 4123 vare,
537 4058 594 4110 et
624 4054 746 4127 pari
809 4054 1027 4111 honore
1078 4061 1134 4111 et
1190 4057 1484 4112 veratione
1543 4058 1723 4127 digna
1770 4057 2004 4129 habere,

346 4149 405 4200 et
434 4161 562 4217 quas
587 4144 1053 4215 praedicaverunt
1074 4149 1130 4199 et
1162 4150 1493 4201 statuerunt
1514 4162 1605 4200 om
1618 4146 1793 4203 uibus
1816 4148 2006 4203 modis

350 4234 519 4306 sequi
550 4238 609 4287 et
657 4233 994 4304 praedicare,
1026 4249 1391 4304 quacunque
1444 4236 2003 4304 oondemnaverunt,

351 4340 450 4383 ore
480 4330 538 4381 et
567 4326 739 4379 corde
766 4324 1153 4381 condemnare
1185 4326 1482 4382 confiteor.

356 4433 489 4490 CAP.
518 4432 654 4488 CIV.
680 4433 753 4489 De
775 4437 1015 4504 quatuor
1028 4434 1287 4515 ponciliis
1316 4434 1729 4507 principalibus
1755 4440 1815 4492 in
1832 4453 2005 4509 proas-

958 4520 1070 4561 mw
1110 4522 1286 4562 canon
1294 4523 1405 4560 um.

431 4611 553 4673 Quo
609 4611 869 4681 tempore
945 4614 1245 4677 ccsperunt
1318 4628 1570 4667 canones
1644 4613 2004 4686 generalium

362 4696 781 4767 conciliorum,
857 4703 923 4754 ut
995 4700 1255 4756 Isidorus
1334 4701 1415 4757 ait
1488 4700 1545 4756 in
1617 4701 1766 4758 libro
1850 4707 2008 4759 sexto

362 4785 633 4860 Etymol.,
691 4787 947 4858 capitulo
996 4789 1097 4843 18:
1131 4808 1162 4844 a
1220 4791 1585 4861 temporibus
1642 4792 2011 4847 Constantini

362 4874 735 4947 imperatoris
767 4881 1087 4945 coeperunt.
1115 4876 1269 4932 Inter
1298 4883 1502 4933 caetera
1525 4884 1720 4933 autem
1743 4879 2011 4945 concilia,

359 4970 612 5038 quatuor
623 4968 852 5019 constat
868 4980 997 5021 esse
1015 4968 1377 5022 venerabiles
1399 4969 1806 5039 synodos,qua3
1825 4974 2005 5025 totam

356 5052 757 5126 principaliter
788 5053 961 5109 fidem
1011 5055 1506 5129 complectuntur,
1540 5056 1706 5126 quasi
1759 5062 2011 5130 quatuor

359 5141 692 5215 Evangelia,
743 5147 809 5198 ut
866 5144 1107 5200 totidem
1169 5145 1426 5216 paradisi
1486 5142 1765 5200 flumina:
1799 5144 2008 5203 borum

357 5232 547 5302 prima
577 5230 809 5286 Nicana
856 5235 1115 5304 synodus
1161 5248 1404 5287 cccxvm
1456 5232 1865 5303 episcoporum
1897 5238 2007 5292 sub

357 5320 739 5377 Constantino
760 5321 1019 5387 Augusto
1041 5321 1394 5391 imperatore
1417 5325 1648 5389 peracta
1670 5328 1779 5385 est,
1804 5323 1861 5377 in
1895 5341 2009 5394 qua

362 5407 586 5463 Arianae
611 5406 861 5478 perfidiis
884 5408 1271 5462 condemnata
1301 5410 1391 5461 est
1415 5405 1802 5479 blasphemia,
1830 5425 2005 5482 quam

364 5495 435 5551 de
463 5493 858 5565 inaequalitate
886 5495 1187 5550 Trinitatis
1209 5496 1363 5551 idem
1394 5494 1564 5551 Arius
1584 5495 2008 5559 Alexandrinus

366 5582 669 5654 presbyter
698 5584 1016 5638 asserebat.
1068 5584 1640 5642 Consubstantialcm
1690 5586 1805 5644 Deo
1854 5589 2008 5647 Patri

2090 652 2491 708 Alexandrini.
2538 655 2617 708 De
2648 654 2756 708 hac
2813 656 3011 708 autem
3057 653 3279 725 synodo
3330 653 3439 709 Leo
3490 672 3646 726 papa
3691 656 3753 710 in

2091 742 2339 814 epistola
2355 742 2425 797 ad
2444 743 2776 797 Anatolium
2794 740 3509 813 Constantinopolitanum
3526 745 3758 815 episco-

2090 850 2231 905 pum
2264 832 2349 889 sic
2398 832 2512 888 ait:
2553 856 2572 881 ο
2624 830 2798 887 Nulla
2854 830 3093 886 sibimet
3149 830 3219 884 de
3261 829 3759 902 multiplicatione

2092 923 2562 994 congregationis
2593 920 2899 992 synodalia
2928 918 3177 976 concilia
3205 920 3613 992 blandiantur,
3644 940 3757 978 ne-

2094 1026 2204 1083 que
2235 1027 2477 1066 cccxvm
2525 1011 2817 1082 episcopis
2870 1009 3308 1082 quantumlibet
3351 1015 3409 1064 et
3455 1011 3764 1081 copiosior

2096 1116 2377 1155 numerus
2411 1101 2802 1167 sacerdotum,
2834 1100 2924 1153 vel
2954 1114 3292 1170 comparare
3314 1114 3377 1153 se
3400 1100 3640 1165 audeat,
3668 1102 3758 1155 vel

2096 1190 2389 1261 praelerre,
2422 1206 2554 1245 cum
2607 1193 2766 1244 tanto
2824 1186 3103 1242 divinitus
3152 1186 3475 1259 privilegio,
3517 1188 3762 1245 Nicena

2097 1278 2175 1334 sit
2198 1280 2456 1350 synodus
2490 1282 2866 1346 consecrata;
2902 1283 2966 1332 ut
2996 1276 3117 1331 sive
3150 1292 3251 1348 per
3282 1277 3615 1348 pauciores,
3638 1279 3764 1334 sive

2099 1384 2199 1439 per
2231 1368 2426 1439 plures
2456 1367 2853 1422 ecclesiastica
2894 1364 3122 1435 judicia
3164 1363 3556 1431 celebrentur,
3593 1368 3763 1421 omni

2099 1456 2334 1529 penitus
2357 1456 2701 1511 auctoritate
2726 1455 2803 1509 sit
2826 1453 3388 1525 vacuum,quidquid
3414 1456 3487 1509 ab
3510 1454 3762 1511 illorum

2100 1545 2517 1603 constitutione
2576 1542 2750 1599 fuerit
2802 1542 3122 1597 diversum.
3168 1563 3196 1591 »
3252 1542 3468 1599 Beatus
3522 1560 3767 1615 quoque

2099 1636 2446 1692 Ambrosius
2517 1633 2626 1689 hoc
2706 1632 3009 1688 Nicenum
3090 1630 3407 1687 concilium
3489 1632 3550 1687 in
3612 1632 3769 1690 libro

2022 1762 2070 1828 Β
2102 1725 2482 1828 Ile'l‘rinitate
2502 1722 2593 1824 his
2614 1721 2807 1777 verbis
2821 1722 2880 1775 in
2899 1721 3257 1828 immensum
3272 1722 3466 1777 atl‘ert:
3490 1740 3513 1769 ι
3533 1721 3619 1778 De
3632 1739 3773 1828 con-

2104 1813 2254 1869 ciliis
2285 1813 2339 1868 id
2368 1812 2739 1885 potissimum
2765 1809 3033 1882 sequitur
3052 1811 3203 1880 quod
3227 1826 3470 1866 cccxvm
3494 1813 3774 1867 sacerdo-

2104 1908 2191 1960 tes
2210 1906 2493 1974 tanquam
2522 1899 2765 1956 Abrahae
2787 1899 2918 1955 lecti
2946 1898 3170 1968 judicio
3194 1914 3452 1954 consona
3473 1900 3613 1956 ﬁdei
3645 1900 3771 1956 vir-

2103 1997 2227 2049 tute
2257 1993 2503 2047 victores
2561 1989 2719 2046 velut
2774 1993 3082 2060 tropaeum,
3114 1992 3235 2044 toto
3294 1989 3432 2045 orbe
3465 1993 3767 2047 terrarum

2104 2082 2329 2138 subacti
2366 2079 2604 2152 perfidis
2655 2077 3012 2143 extulerunt,
3066 2082 3131 2133 ut
3162 2076 3304 2133 mihi
3354 2078 3630 2135 videatur
3653 2080 3770 2136 hoc

2104 2187 2233 2228 esse
2272 2169 2535 2224 divinum
2599 2169 2754 2239 quod
2816 2168 3019 2222 eodem
3074 2183 3321 2222 numero
3373 2166 3433 2222 in
3493 2169 3767 2225 conciliis

2103 2259 2426 2316 habeamus
2449 2256 2751 2313 oraculum
2776 2256 2930 2329 quod
2956 2257 3013 2311 in
3036 2255 3285 2312 historia
3306 2256 3543 2328 pietatis
3565 2274 3764 2313 exem-

2102 2348 2266 2421 plum
2297 2352 2403 2404 est.
2444 2370 2471 2396 ››

2195 2439 2328 2495 CAP.
2363 2436 2475 2493 CV.
2507 2436 2882 2508 Apostolorum
2900 2451 3141 2492 canones
3169 2444 3296 2491 sunt
3324 2434 3663 2507 recipiendi.

2104 2527 2451 2598 Zephirinus
2483 2542 2652 2597 papa,
2685 2541 2776 2596 ep.
2809 2525 2861 2595 1,
2897 2525 2967 2579 ad
3003 2524 3309 2597 episcopos
3341 2542 3443 2597 per
3474 2524 3763 2580 Siciliam.

2178 2617 2346 2689 (Dist.
2380 2616 2467 2682 16,
2501 2631 2551 2670 c.
2585 2613 2934 2685 Sexaginta.)
2976 2613 3290 2683 Sexaginta
3337 2614 3592 2687 apostoli
3627 2630 3768 2670 sen-

2106 2708 2319 2765 tentias
2368 2704 2888 2778 prescripserunt;
2935 2721 3069 2760 cum
3120 2703 3253 2761 aliis
3302 2703 3769 2777 quamplurimis

2109 2796 2400 2871 episcOpis
2463 2801 2519 2851 et
2575 2795 2886 2850 servandas
2944 2798 3320 2849 censuerunt.
3380 2794 3770 2864 Athanasius,

2112 2884 2535 2942 Alexandrinus
2572 2928 2585 2951 ,
2644 2884 2858 2951 Marco,
2920 2900 3128 2954 papas,
3192 2882 3470 2956 Sylvestri
3532 2899 3769 2939 succes-

2111 2992 2249 3033 801⁸1.

2112 3065 2248 3122 CAP.
2309 3062 2446 3119 CVI.
2504 3062 2743 3135 Epistola
2802 3060 3113 3135 Athanasii
3145 3061 3475 3132 postulantis
3525 3063 3773 3135 capitula

2697 3134 2915 3191 Νἰεέεηί
2942 3132 3185 3190 concilii.

2182 3224 2351 3296 (Dist.
2405 3224 2490 3290 16,
2550 3239 2599 3277 c.
2659 3223 3064 3295 Septuaginta.)
3122 3221 3505 3294 Septuaginta
3552 3223 3771 3277 Niceni

2112 3312 2338 3367 concilii
2373 3313 2652 3383 capitula,
2701 3328 2828 3383 quas
2866 3313 2937 3367 de
2969 3312 3211 3383 praefata
3258 3312 3481 3383 synodo
3521 3312 3771 3382 jubente

2113 3401 2349 3456 domino
2382 3417 2509 3457 meo
2536 3401 2864 3457 Alexandro
2897 3402 3129 3457 decreta
3158 3401 3421 3455 omnium
3453 3399 3764 3473 episcopo-

2114 3508 2245 3547 rum
2279 3490 2448 3546 attuli
2480 3507 2606 3561 quse
2640 3494 2780 3547 sunt
2810 3490 2944 3563 igne
2975 3491 3285 3546 combusta
3330 3494 3609 3560 optamus
3644 3495 3709 3544 ut
3738 3508 3769 3544 a

2114 3585 2328 3637 sanctas
2361 3580 2519 3635 sedis
2549 3579 2821 3636 Ecclesiae
2852 3584 3059 3635 vestrae
3089 3579 3435 3635 auctoritate
3468 3579 3769 3651 percipere

2114 3686 2217 3741 per
2248 3674 2563 3740 praesentes
2615 3668 2836 3741 legatos
2878 3684 3229 3725 mereamur.
3266 3668 3429 3738 Item,
3463 3669 3768 3739 praesenti-

2115 3758 2226 3812 bus
2257 3758 2427 3812 nobis
2457 3757 2755 3827 octoginta
2790 3756 2850 3810 in
2881 3759 3207 3811 memorata
3257 3756 3477 3827 synodo
3510 3756 3770 3826 capitula

2112 3849 2365 3901 tractata
2396 3850 2556 3916 sunt,
2581 3844 2802 3901 scilicet
2830 3862 2902 3900 xx.
2943 3862 2976 3901 a
3005 3845 3220 3902 Graecis
3249 3848 3443 3901 Graeca
3472 3846 3632 3901 edita
3662 3845 3768 3901 lin-

2113 3951 2245 4005 gua,
2280 3952 2347 3989 XL
2380 3934 2604 3989 Latinis
2635 3933 2909 3990 similiter
2952 3934 3108 3990 edita
3137 3933 3341 4006 lingua
3391 3933 3640 4000 Latina;
3673 3934 3767 3989 sed

2112 4023 2305 4077 visum
2336 4030 2424 4078 est
2452 4039 2690 4078 cccxvm
2722 4023 3017 4093 episcopis
3040 4022 3254 4078 Sancto
3279 4021 3498 4092 Spiritu
3532 4022 3770 4093 repletis

2113 4110 2171 4165 in
2207 4111 2477 4182 praedicto
2509 4112 2754 4167 concilio
2787 4112 3041 4166 maxime
3080 4113 3204 4182 jam
3239 4110 3395 4166 dicto
3445 4110 3769 4166 Alexandro

2114 4203 2173 4256 et
2203 4200 2535 4271 apostolicae
2598 4200 2754 4257 sedis
2806 4199 3255 4273 spocriphariis,
3310 4204 3375 4255 ut
3429 4217 3465 4254 χ
3518 4199 3771 4272 capitula

2118 4289 2523 4345 adunarentur
2552 4288 2705 4359 aliis,
2732 4294 2908 4362 atque
2934 4288 3211 4361 congruis
3242 4288 3385 4344 locis
3419 4289 3770 4356 inserentur,

2116 4382 2172 4433 et
2202 4379 2273 4433 ad
2328 4379 2576 4434 formam
2626 4396 2733 4433 Lxx
2780 4378 3207 4449 discipulorum
3254 4377 3343 4432 vel
3390 4377 3575 4433 totius
3616 4378 3770 4432 orbis

2116 4471 2283 4522 terrre
2313 4465 2648 4535 linguarum
2680 4485 2785 4523 Lxx
2814 4468 2987 4532 tanti,
3020 4477 3073 4521 et
3104 4472 3223 4521 tam
3268 4465 3606 4522 excellentis
3634 4483 3769 4522 cou-

2119 4554 2234 4611 cilii
2268 4554 2528 4627 capitula
2559 4556 2783 4627 fierent,
2818 4572 2946 4629 quae
2995 4555 3261 4611 omnium
3302 4554 3765 4611 Christianorum

2116 4645 2504 4701 informarcnt
2533 4645 2756 4703 orbem.

2119 4735 2247 4792 CAP.
2281 4734 2443 4791 CVII.
2476 4736 2690 4791 Nicaeni
2740 4734 3217 4863 colpcglii‘viginti
3261 4737 3481 4790 tantum
3526 4735 3771 4808 capitula

2833 4827 2864 4862 a
2903 4825 2973 4862 en
2999 4824 3088 4862 ur.

2833 4824 3088 4862 aoenmr.

2253 4895 2585 4967 Stephanus
2620 4894 2909 4951 Luthobio
2942 4900 3196 4969 Mogunt.
3230 4894 3436 4965 episc.,
3470 4912 3521 4950 c.
3555 4898 3648 4951 20.

2187 4985 2341 5056 (Dist
2390 4984 2477 5055 46,
2513 5001 2562 5041 c.
2600 4985 2859 5059 Viginti.)
2886 4985 3107 5058 Viginti
3140 4988 3369 5040 tantum
3400 4984 3666 5057 capitula
3685 4986 3769 5042 Ni-

2119 5075 2259 5131 cisni
2310 5075 2538 5131 concilii
2586 5077 2643 5131 in
2696 5073 2950 5132 Ecclesia
3002 5077 3263 5132 Romanu
3312 5075 3631 5149 habentur,
3674 5080 3766 5134 sed

2118 5182 2235 5236 quo
2282 5165 2547 5233 neglectu
2606 5171 2813 5221 caetera
2870 5166 3207 5230 defecerint,
3264 5167 3615 5237 ambiguum
3666 5176 3765 5221 est.

2118 5254 2493 5309 Arbitrantur
2524 5254 2766 5326 plurimi
2798 5252 3259 5327 eaiAntiocheno
3280 5253 3502 5309 inserta
3529 5257 3770 5311 conrilio

2116 5360 2266 5401 esse.
2457 5414 2593 5469 CAP.
2628 5416 2811 5472 CVIII.
2850 5416 2921 5472 De
2940 5414 3146 5489 synodo
3176 5414 3429 5471 secunda.

2495 5503 2659 5575 Isid.,
2692 5505 2729 5563 l.
2762 5523 2819 5560 v1
2856 5504 3178 5577 Etymolog.,
3211 5521 3260 5559 c.
3298 5505 3383 5559 16.

2192 5592 2357 5665 (Dist.
2393 5592 2479 5663 15,
2513 5608 2563 5648 c.
2602 5594 2875 5660 Oenones,
2904 5596 2931 5663 §
2960 5592 3264 5665 Secunda.)
3301 5593 3572 5649 Secunda
3601 5610 3771 5667 syno-
