4000 6054
199 258 343 315 1109

1515 258 1917 313 ΡΔΝΟΒΜΙΔ.
1948 288 2018 299 -
2053 262 2187 317 LIB.
2226 266 2297 317 II.

3475 259 3631 315 11-10.

192 386 330 450 dus,
362 401 425 439 ei.
448 386 708 450 Patrum,
742 383 853 438 sub
888 382 1212 440 Theodosio
1248 384 1478 438 seniore
1507 383 1842 438 Constanti-
1875 389 1932 451 Α
1963 384 2229 455 piissimo
2253 387 2515 458 principe
2536 385 3086 451 Constantinointra
3109 384 3393 457 palatium
3412 402 3607 456 suum,

193 474 390 546 nopoli
423 476 783 544 congregata
813 478 922 540 est,
958 490 1084 545 quae
1120 472 1523 527 Macedonium
1560 474 1849 544 Spiritum

192 568 469 619 sanctum
496 562 679 617 Deum
702 577 831 618 esse
847 566 1156 635 negantem
1173 562 1851 632 condemnans,consub-

189 652 528 709 stantialem
555 652 710 707 Patri
735 650 997 721 Filioque
1019 649 1305 722 Spiritum
1332 656 1599 706 sanctum
1617 651 1852 705 demon-

193 742 649 809 straverit,dans
668 741 920 812 symboli
954 742 1203 794 formam
1234 757 1406 809 quam
1426 746 1609 795 totum
1634 744 1851 794 Graeco-

192 848 326 886 rum
360 836 415 885 et
448 831 782 884 Latinorum
818 829 1108 885 confessio
1141 830 1201 883 in
1241 829 1503 884 ecclesiis
1550 830 1847 899 praedicat.

198 921 332 975 Haec
382 920 643 991 synodus
692 922 819 974 acta
868 923 978 988 est,
1027 918 1393 990 temporibus
1424 918 1659 973 Damasi
1690 935 1850 990 papa

191 1009 463 1077 Romani,
499 1006 695 1077 Cyrilli
728 1007 1241 1079 Hierosolymitani
1275 1008 1555 1080 episcopi,
1598 1008 1848 1063 Nestorii

191 1097 852 1169 Constantinopolitani.

602 1204 735 1259 CAP.
767 1202 898 1259 CIX.
933 1205 1007 1258 De
1036 1203 1239 1274 synodo
1272 1203 1455 1259 tertia.

862 1293 1020 1347 Idem
1054 1292 1189 1347 ibid.

263 1382 437 1449 (Dist.
472 1382 560 1444 15,
595 1398 644 1436 c.
682 1381 945 1451 Canones,
987 1383 1014 1445 §
1060 1382 1285 1451 Tertia.)
1330 1382 1521 1436 Tertia
1565 1384 1848 1453 synodus,

202 1471 501 1542 Ephesina
533 1470 815 1542 prima,cc
844 1471 1253 1541 episcoporum
1281 1470 1646 1526 subJuniore
1667 1472 1848 1526 Theo-

202 1561 370 1617 dosio
402 1564 667 1632 Augusto
698 1559 855 1614 edita
885 1564 992 1626 est,
1028 1576 1155 1631 quae
1206 1560 1536 1615 Nestorium
1592 1562 1740 1617 duas
1788 1562 1844 1616 in

192 1650 423 1707 Christo
481 1653 842 1705 asserentem
903 1666 1206 1720 personas,
1257 1650 1413 1720 iusto
1475 1649 1846 1705 anathemate

1962 474 2257 545 simulque
2288 476 2496 547 legatis
2528 475 2862 547 apostolicae
2895 476 3052 531 sedis
3102 484 3156 529 et
3210 476 3502 547 episcopis
3549 492 3619 530 CL

1962 565 2378 621 residentibus.

2434 654 2566 709 CAP.
2600 653 2789 709 CXIV.
2825 659 2901 709 De
2931 653 3136 708 eodem.

2620 744 2775 798 Beda
2812 742 2948 798 ibid.

2035 832 2145 887 Leo
2173 832 2383 886 Junior
2414 834 2677 902 suscepit
2728 838 2994 887 sanctam
3048 837 3270 885 sextam
3317 832 3611 901 synodum

1961 937 2088 991 quae
2119 938 2220 992 per
2253 922 2345 975 Dei
2384 922 2809 992 providentiam
2846 937 3033 992 nuper
3062 920 3120 974 in
3155 920 3315 992 regia
3345 921 3489 975 urbe
3518 936 3614 977 ce-

1961 1007 2184 1065 lebrata
2214 1014 2302 1064 est
2334 1010 2531 1065 Graeco
2580 1010 2807 1080 eloquio
2854 1008 3097 1080 scripta,
3150 1012 3501 1079 exsequente
3552 1024 3619 1063 ac

1961 1099 2251 1154 residente
2273 1099 2541 1170 piissimo
2566 1104 2622 1154 et
2645 1098 3107 1154 clementissimo
3127 1098 3334 1168 Magno
3355 1096 3619 1167 principe

1960 1185 2362 1242 Constantino.

2452 1276 2583 1330 CAP.
2618 1273 2774 1329 CXV.
2811 1275 2884 1327 De
2913 1273 3116 1328 eodem.

2008 1363 2361 1420 Anastasius
2394 1364 2666 1419 Biblioth.
2704 1364 2759 1417 in
2796 1363 3015 1435 prolog.
3049 1364 3168 1417 Hist
3224 1363 3373 1417 Rom.
3406 1365 3558 1433 pont.

2029 1454 2305 1509 Sufficere
2374 1454 2627 1509 arbitror
2693 1454 2764 1508 ad
2826 1453 3185 1523 praeconium
3246 1450 3607 1521 Theophanii

1959 1541 2414 1612 chronographi,
2460 1542 2611 1612 quod
2667 1542 3028 1611 approbatus
3077 1538 3400 1610 apostolica
3447 1540 3608 1600 sede.

1959 1631 2195 1700 quando
2247 1630 2469 1684 scilicet
2518 1629 2718 1683 vicarii
2756 1630 2883 1700 ejus
2916 1645 3049 1683 cum
3081 1644 3218 1682 cccc
3248 1627 3518 1682 Patribus
3549 1628 3606 1680 in

195 1738 966 1803 condemnavit,ostendens
998 1754 1235 1792 manere
1266 1739 1324 1792 in
1357 1739 1589 1793 duabus
1622 1738 1846 1794 naturis
1879 1755 1925 1819 Β
1954 1719 2185 1819 mea)?“
2244 1720 2387 1819 urb?
2428 1720 2703 1819 “secundo
2752 1718 3163 1819 ξδίξηνῗξιίθηίεξε
3190 1716 3604 1819 ,υηίνθῖξεωθξη

193 1845 375 1883 unam
409 1827 641 1882 Domini
678 1828 859 1881 nostri
891 1829 1022 1881 .Iesu
1066 1826 1277 1881 Christi
1328 1844 1657 1899 personam.
1712 1828 1843 1883 Hazc

189 1917 450 1989 synodus
484 1921 613 1972 aeta
644 1920 732 1971 est
763 1920 1026 1987 tempore
1057 1914 1349 1971 leestini
1381 1932 1540 1988 papae
1572 1916 1840 1985 Romani,

187 2004 492 2061 Juvenalis
560 2004 1201 2077 Constantinopolitani
1267 2004 1550 2077 episOOpi,
1617 2005 1837 2078 Cyrilli,

190 2092 585 2150 Alexandrini.

584 2200 718 2256 CAP.
752 2199 863 2257 CX.
896 2202 968 2255 De
997 2204 1195 2273 quarta
1224 2200 1449 2272 synodo.

863 2291 1022 2345 Idem
1059 2290 1197 2345 ibid.

261 2379 429 2451 (Dist.
464 2380 549 2445 15,
583 2396 633 2435 c.
671 2380 941 2446 Canones,
977 2384 1003 2444 ξ
1034 2381 1286 2448 Quarta.)
1316 2380 1534 2442 Quarta
1578 2380 1841 2450 synodus

190 2468 655 2524 Chalcedonensi
696 2484 942 2523 ceccxxx
973 2468 1345 2523 sacerdotum
1397 2468 1507 2522 sub
1559 2467 1843 2524 Martiano

192 2557 461 2630 principe
492 2557 697 2612 habita
730 2563 837 2613 est.
873 2561 935 2613 In
969 2573 1083 2629 qua
1116 2555 1395 2611 Eutichen
1427 2557 1845 2611 Constantino-

191 2646 524 2719 politanum
558 2647 1033 2715 abbatem,Verbi
1067 2645 1167 2701 Dei
1199 2650 1255 2701 et
1285 2644 1477 2700 carnis
1507 2661 1682 2700 unam
1715 2662 1845 2701 esse

190 2742 465 2792 naturam
484 2735 962 2807 pronuntiantem
977 2741 1034 2791 et
1053 2736 1181 2806 ejus
1205 2736 1573 2790 defensorem
1606 2734 1843 2790 Diosco-

190 2842 322 2881 rum
358 2827 653 2897 quondam
691 2825 1138 2880 Alexandrinum
1173 2826 1535 2896 episcopum,
1560 2831 1617 2880 et
1646 2825 1840 2896 ipsum

192 2914 762 2970 rursus.Nestorium
779 2931 900 2968 cum
914 2914 1840 2986 reliquishaereticis,unaPatrum

192 3002 489 3059 sententia
518 3004 963 3075 praedamnavit;
1000 3004 1319 3075 praedicans
1350 3006 1551 3060 eadem
1586 3005 1844 3077 synodus

193 3092 491 3149 Christum
529 3098 706 3148 Deum
752 3094 836 3147 sic
887 3098 1090 3147 natum
1144 3094 1214 3148 de
1260 3093 1499 3163 Virgine
1551 3099 1613 3149 ut
1668 3095 1725 3148 in
1776 3111 1842 3149 eo
1874 3092 2001 3204 Cri

197 3182 536 3204 _--L-L__L:_
568 3188 614 3204 ,Α
644 3182 844 3204 .l:__:___.
881 3187 929 3204 ,Α
955 3182 1219 3204 1.--...-...,.
1264 3184 1641 3204 --_{!L-______
1675 3189 1810 3204 _-A__

195 3182 539 3237 substantia)
562 3188 619 3235 et
640 3182 848 3236 lelDtB
876 3187 933 3237 et
953 3182 1223 3237 humanae
1259 3184 1643 3237 eonfiteamur
1674 3189 1842 3237 natu-

196 3287 345 3326 ram.
373 3271 500 3325 Haec
524 3272 783 3343 synodus
812 3275 939 3325 acta
962 3275 1049 3325 est
1070 3271 1434 3343 temporibus
1460 3273 1662 3327 Leonis
1689 3290 1849 3344 papae

193 3360 463 3427 Romani,
558 3359 860 3415 Juvenalis
945 3359 1463 3433 Hierosolymitani
1553 3362 1847 3433 episcopi;

194 3448 535 3503 Anasthasii
569 3448 1223 3519 Constantinopolitani.
1269 3453 1365 3502 Hae
1417 3454 1555 3503 sunt
1601 3456 1852 3517 quatuor

196 3538 405 3609 synodi
432 3537 786 3609 principales
813 3538 943 3591 ﬁdei
984 3542 1255 3592 naturam
1292 3536 1633 3606 plenissime
1665 3536 1847 3591 conti-

198 3632 431 3692 nentes,
466 3627 565 3681 sed
601 3633 656 3681 et
704 3624 753 3681 si
806 3641 925 3695 qua
972 3629 1113 3679 sunt
1164 3624 1429 3691 concilia,
1485 3641 1612 3695 quae
1661 3625 1845 3679 sancti

194 3715 396 3772 Patres
444 3715 665 3786 Spiritu
716 3718 919 3769 sancto
972 3712 1129 3785 pleni
1162 3719 1500 3769 sanxerunt.
1540 3715 1669 3768 Post
1703 3714 1847 3768 isto-

194 3821 322 3858 rum
358 3811 610 3875 quatuor
652 3802 1057 3859 auctoritatem
1109 3802 1270 3857 omni
1319 3808 1559 3858 manent
1590 3802 1849 3858 stabilita

192 3895 409 3965 vigore.

576 3986 708 4037 CAP.
744 3981 877 4037 CXI.
914 3984 987 4037 De
1016 3983 1211 4053 quinta
1237 3980 1464 4053 synodo.

596 4072 744 4126 Beda
775 4072 849 4125 De
879 4070 1233 4141 temporibus,
1268 4087 1317 4125 c.
1352 4071 1441 4126 38.

266 4178 483 4243 Quinta
514 4175 1011 4247 Constantinopoli
1054 4176 1444 4246 temporibus,
1492 4176 1635 4231 Julii
1688 4194 1846 4247 papa;

195 4268 306 4322 sub
333 4267 671 4322 Justiniano
693 4266 953 4339 principe
974 4268 1177 4320 contra
1191 4265 1558 4321 Theodorum
1577 4270 1846 4320 etomnes

193 4356 518 4411 hereticos.

488 4464 616 4519 CAP.
651 4462 816 4517 CXII.
846 4465 920 4519 De
949 4463 1153 4533 synodo
1184 4462 1544 4534 Aquileiensi.

266 4571 536 4642 Synodus
603 4569 845 4642 Aquilize
916 4570 1067 4625 facta
1122 4570 1194 4625 ob
1263 4569 1614 4641 imperitiam
1685 4569 1840 4635 ﬁdei,

195 4659 471 4729 quintum
520 4656 850 4712 universale
904 4656 1215 4711 concilium
1264 4657 1561 4727 suscipere
1612 4656 1844 4725 diffidit,

193 4746 377 4801 donec
401 4744 763 4800 salutaribus
786 4745 935 4800 beati
963 4761 1122 4814 papae
1144 4744 1326 4815 Sergii
1353 4745 1592 4798 monitis
1625 4745 1846 4799 instru—

194 4835 309 4896 cta,
344 4837 399 4886 et
430 4832 559 4902 ipsa
590 4832 726 4887 huic
760 4848 891 4885 cum
925 4830 1149 4886 caeteris
1174 4831 1389 4887 Christi
1422 4831 1693 4887 Ecclesiis
1743 4850 1845 4887 an-

197 4937 376 4976 nuere
408 4921 725 4976 consensit.

395 5029 529 5085 CAP.
571 5028 760 5084 CXIII.
796 5028 867 5083 De
899 5028 1229 5099 temporibus
1258 5030 1643 5085 conciliorum.

864 5119 1016 5171 Beda
1048 5118 1183 5173 ibid.

272 5209 441 5281 (Dist.
476 5208 562 5277 16,
598 5224 645 5261 e.
680 5206 893 5277 Sexta.)
926 5207 1098 5260 Sexta
1128 5208 1389 5279 synodus
1437 5210 1849 5263 Constantino-

197 5298 313 5371 poli
351 5296 639 5352 celebrata
671 5300 759 5350 est
789 5298 845 5350 et
872 5300 1063 5349 Graeco
1098 5296 1332 5350 nomine
1353 5298 1606 5369 ascripta
1627 5302 1851 5369 tempo-

198 5378 589 5457 ribus'papze
646 5384 988 5456 Agathonis,
1050 5396 1398 5455 exsequeute
1447 5404 1512 5441 uc
1562 5385 1854 5441 residente

276 5580 425 5653 (142)
456 5578 602 5636 Dist.
637 5581 725 5652 16,
754 5596 881 5654 cap.
918 5577 1067 5648 Quod
1094 5576 1296 5636 dicitis.

1954 1810 2242 1880 synodum
2302 1808 2694 1864 celebrarunt.
2756 1807 3054 1877 Siquidem
3087 1811 3143 1862 et
3190 1805 3319 1862 laus
3366 1806 3493 1877 ejus
3544 1805 3602 1858 in

1951 1900 2155 1954 eodem
2186 1915 2287 1953 vm
2319 1903 2522 1953 sancto
2555 1896 2800 1952 concilio
2831 1897 3140 1967 reperitur.

2430 2004 2560 2060 CAP.
2596 2003 2773 2059 CXVI.
2806 2005 2879 2058 De
2908 2002 3117 2058 eodem.

2100 2096 2106 2103 ’
2177 2095 2469 2150 Adrianus
2503 2111 2652 2165 papa
2682 2094 2754 2148 ad
2787 2092 3082 2162 Carolum,
3116 2108 3243 2163 cap.
3276 2092 3363 2146 25.

2026 2204 2213 2274 Ipsam
2250 2202 2559 2273 septimam
2597 2201 2885 2271 synodum
2921 2198 3316 2269 suscepimus,
3368 2214 3501 2251 nam
3555 2196 3602 2249 si

1952 2309 2079 2348 eam
2108 2291 2347 2346 minime
2373 2290 2822 2360 recepissemus,
2860 2288 2926 2341 ad
2958 2303 3130 2343 suum
3167 2286 3479 2358 pristinum
3515 2301 3608 2339 vo-

1954 2383 2165 2436 mitum
2199 2381 2413 2435 erroris
2447 2380 2699 2434 fuissent
2731 2377 2947 2435 reversi
2983 2376 3185 2441 Grazei,
3220 2375 3316 2446 qui
3369 2391 3470 2445 pro
3520 2379 3608 2429 tot

1955 2471 2216 2525 millibus
2231 2469 2560 2524 animarum
2575 2467 3042 2523 Christianorum
3062 2465 3303 2520 interitu
3323 2464 3609 2519 habemus

1954 2560 2195 2615 reddere
2228 2559 2537 2613 rationem.

2132 2684 2265 2738 CAP.
2301 2681 2520 2736 CXVII.
2554 2680 2981 2736 Constitutiones
3011 2679 3203 2750 synodi
3234 2686 3425 2734 sextae.

2024 2791 2194 2863 (Dist.
2221 2791 2305 2858 16,
2340 2806 2392 2844 c.
2420 2787 2706 2860 Quoniam
2734 2790 3004 2855 δαπίδινὲ
3038 2788 3169 2841 Item
3197 2783 3605 2856 conﬁrmatus.)

1951 2882 2383 2939 Conﬁrmamus
2416 2882 2755 2934 sanctorum
2788 2881 3025 2931 Patrum
3060 2892 3313 2930 canones
3344 2878 3401 2929 et
3432 2890 3606 2945 syno-

1952 2972 2075 3031 dos,
2119 2986 2135 3024 ι
2183 2967 2497 3035 Nicaanam,
2551 2965 2998 3026 Antiochenam.
3053 2962 3606 3028 Ncoceesariensem,

1954 3061 2379 3130 Grangrensem
2394 3053 2835 3121 ,Antiochenam
2849 3054 2914 3113 .L
2931 3054 3167 3107 aodieen
3178 3068 3298 3105 sem
3312 3055 3612 3117 ,Constan-

2011 3147 2431 3219 nopolitanam,
2470 3142 2821 3215 Ephesinam
2856 3143 3133 3213 primam,
3174 3139 3609 3195 Chalcedonen-

1961 3236 2630 3302 sem,Sardicensem,et
2660 3231 3204 3303 Carthaginensem,
3244 3234 3298 3285 et
3329 3226 3612 3300 opuscula

1960 3326 2293 3386 Theodosii,
2330 3323 2639 3378 Alexandri
2670 3323 2928 3393 episcopi
2956 3327 3012 3375 et
3043 3318 3337 3390 martyxis,
3366 3323 3423 3372 et
3472 3318 3611 3372 Gre-

1961 3415 2104 3488 gorii
2137 3411 2558 3481 Thaumaturgi
2595 3426 2693 3464 seu
2728 3409 3071 3477 Trincegisti
3125 3405 3610 3462 Neocaesariensis

1960 3502 2241 3576 epiSCOpi,
2300 3499 2627 3565 Athanasii,
2684 3496 3056 3551 Alexandrini
3088 3495 3372 3567 episcOpi,
3408 3492 3605 3547 Basilii

1958 3592 2214 3647 Caesaris:
2276 3587 2655 3658 Cappadociae
2711 3586 2993 3656 episc0pi,
3054 3583 3313 3655 Gregorii
3359 3581 3603 3652 Nisenii,

1956 3679 2216 3743 Gregorii
2252 3676 2527 3747 theologi,
2584 3673 2932 3745 Amphilocii
2986 3673 3272 3728 Iconentis
3322 3672 3602 3743 episcopi,

1958 3767 2251 3825 Timothei
2277 3763 2657 3820 Alexandrini
2680 3762 3239 3833 episcopi,Germani
3270 3759 3604 3817 Constanti-

1959 3855 2281 3929 nopolitani
2299 3852 2553 3926 episcopi
2566 3850 3333 3924 ,CyprianiCarthaginensis
3347 3848 3605 3921 episcopi

1957 3953 2015 4003 et
2028 3946 2318 4017 synodum
2338 3959 2503 3999 suam
2521 3940 3099 4012 Nichephotio.Quod
3118 3938 3471 4009 dicitis(M‘3)
3502 3954 3602 3992 ne-

1957 4053 2071 4108 que
2092 4034 2440 4089 Sardieense
2464 4031 2800 4096 concilium,
2827 4046 3013 4099 neque
3037 4027 3344 4083 decretalis
3370 4044 3474 4081 nos
3498 4026 3606 4080 ha-

1957 4126 2093 4180 bere
2110 4129 2442 4176 sanctorum
2462 4124 2697 4173 Patrum
2714 4118 2798 4172 vel
2816 4116 3090 4187 recipere,
3118 4134 3230 4170 non
3252 4115 3416 4169 facile
3440 4113 3609 4167 nobis

1958 4212 2208 4270 facultas
2228 4209 2502 4265 credendi
2524 4207 2819 4274 tribuitur;
2851 4206 3101 4260 maxime
3120 4220 3250 4259 cum
3269 4201 3607 4257 Sardicense

1956 4302 2270 4359 concilium
2320 4299 2473 4370 quod
2525 4311 2702 4368 penes
2752 4312 2852 4350 vos
2911 4293 2970 4348 in
3015 4293 3221 4349 vestris
3269 4291 3607 4365 regionibus

1958 4398 2152 4447 aetum
2186 4394 2296 4455 est,
2331 4394 2387 4443 et
2414 4386 2608 4443 omnis
2639 4384 2903 4441 Ecclesia
2953 4383 3177 4453 recipit,
3222 4400 3337 4453 qua
3384 4379 3607 4435 ratione

1872 4490 1918 4554 1)
1950 4480 2305 4543 convenerit,
2338 4482 2401 4531 ut
2430 4476 2553 4531 haec
2585 4478 2790 4529 sancta
2820 4471 3469 4543 Constantinopolitana
3499 4471 3603 4525 Ec-

1956 4568 2131 4624 clesia
2164 4566 2463 4636 abjiceret,
2500 4568 2576 4633 et,
2611 4566 2677 4617 ut
2709 4562 2931 4616 dictum
2967 4566 3074 4631 est,
3121 4577 3235 4615 non
3285 4558 3603 4615 retineret?

1955 4657 2114 4723 Quod
2150 4655 2207 4709 in
2240 4652 2655 4709 ecclesiasticis
2688 4650 3004 4706 auctoritas
3036 4666 3355 4715 canonum,
3403 4652 3461 4704 et
3510 4650 3603 4704 de-

1954 4752 2112 4802 creta
2170 4749 2565 4799 Romanorum
2636 4739 2977 4811 pontitieum
3046 4740 3400 4811 praeferenda
3465 4741 3604 4794 sunt

1957 4835 2128 4890 dictis
2160 4830 2489 4903 Augustini,
2523 4829 2857 4901 Hieronymi
2886 4835 2943 4882 et
2972 4826 3243 4883 aliorum.

1958 4946 2093 4998 CAP.
2134 4938 2373 4995 CXVIII.
2407 4937 2654 4992 Aliorum
2684 4937 2978 5007 scriptura?
3002 4939 3363 4991 Romanorum
3383 4932 3605 5005 pontiﬁ-

2221 5027 2347 5064 cum
2379 5009 2608 5064 decretis
2637 5025 2747 5063 non
2778 5016 2905 5063 sunt
2933 5007 3336 5079 przeponenrtm.

2328 5103 2434 5154 Leo
2469 5098 2537 5153 IV
2570 5097 2863 5170 episcopis
2895 5096 3227 5152 Britanniae.

2033 5208 2204 5278 (Dist.
2239 5208 2327 5273 20,
2363 5207 2495 5259 e.De
2525 5205 2772 5272 libellis.)
2803 5210 2881 5257 De
2914 5202 3131 5256 libellis
3163 5206 3217 5257 et
3251 5206 3605 5256 commenta-

1962 5297 2064 5353 riis
2096 5296 2490 5363 aliorum,non
2524 5294 2796 5350 convenit
2828 5292 3059 5361 aliquos
3084 5292 3353 5362 judicare
3386 5297 3439 5346 et
3470 5307 3606 5346 san-

1963 5390 2185 5442 ctorum
2213 5386 2592 5441 conciliorum
2624 5397 2876 5439 canones
2909 5379 3259 5451 relinquere,
3290 5379 3377 5435 vel
3408 5380 3609 5435 decre-
