3938 6074
368 248 505 305 1111

1435 251 1502 304 D.
1540 246 1780 302 IVONIS
1816 248 2317 305 CARNOTENEIS
2353 251 2676 307 EPISCOPI

3660 244 3828 301 1112

354 369 567 429 talium
599 370 998 443 regulaeque
1024 370 1317 426 habentur
1342 371 1496 440 apud
1527 386 1633 425 nos
1665 369 1838 424 simul
1867 386 2000 426 cum
2032 374 2085 439 Α
2122 376 2431 443 pturarum
2472 373 2704 428 mentiri
2753 373 3112 445 oportuerit:
3166 372 3285 426 imo
3333 388 3449 427 non
3500 369 3663 439 alia,
3708 371 3821 426 sed

350 460 922 531 canonibus,quibus
945 460 1003 513 in
1026 460 1302 514 omnibus
1319 457 1735 514 ecclesiasticis
1758 463 2009 514 utuntur
2118 462 2280 517 nulla
2313 463 2560 535 quaestio
2590 466 2699 518 est.

347 550 615 623 judiciis,
649 550 703 604 id
739 554 850 618 est,
884 547 1304 620 apostolorum,
1337 548 1727 617 Nicanorum,
1771 548 2007 621 Ancyri-

355 643 657 704 tanorum,
688 636 1271 701 Neocassariensium,
1323 637 1775 709 Gangrensium,
1806 637 2010 693 Sardi-

359 729 647 792 censium,
672 726 1314 796 Carthaginensium,et
1334 743 1465 781 cum
1492 726 1607 781 illis
1632 726 1844 798 regulae
1867 743 2010 797 prrs-

360 816 556 873 sulum
619 817 1012 871 Romanorum
1073 814 1374 886 Sylvestri,
1427 816 1620 881 Cirici,
1672 816 2012 883 Innocentii,

361 905 596 976 Zosimi,
620 902 938 973 Coslestini,
968 903 1198 973 Leonis,
1235 902 1472 975 Gelasii,
1503 903 1731 973 Hilarii,
1762 905 2013 959 Simma-

360 995 476 1063 chi,
510 992 824 1065 Simplicii,
858 992 1147 1048 Ormisda:
1196 996 1252 1048 et
1301 993 1563 1064 Gregorii
1596 994 1879 1049 Junioris.
1913 993 2015 1050 Isti

361 1082 602 1137 omnino
634 1085 775 1135 sunt
807 1097 906 1151 per
936 1096 1084 1150 quos
1108 1080 1381 1150 judicent
1412 1082 1694 1153 episcopi.
1729 1099 1831 1153 per
1868 1098 2018 1153 quos

362 1171 622 1243 episcopi
656 1170 930 1226 similiter
960 1176 1016 1225 et
1041 1170 1622 1241 clericijudicantur.
1646 1172 1789 1228 Nam
1826 1172 1873 1227 si
1906 1173 2020 1228 tale

367 1260 674 1317 emerserit
729 1259 815 1314 vel
875 1258 1228 1331 contingerit
1281 1260 1633 1315 inusitatum
1688 1261 2020 1334 negotium,

371 1350 528 1423 quod
578 1348 823 1405 minime
870 1349 1057 1420 possit
1087 1365 1186 1419 per
1216 1349 1361 1405 istos
1392 1350 1573 1420 ﬁniri,
1607 1355 1747 1405 tunc
1787 1350 2023 1405 illorum

374 1455 626 1511 quorum
675 1438 1052 1507 meministis,
1093 1438 1249 1493 dicta
1302 1439 1654 1510 Hieronymi,
1686 1440 2023 1511 Augustini,

375 1528 639 1596 Isidoris,
671 1526 759 1583 vel
791 1530 1128 1581 ceterorum
1161 1526 1432 1581 similiter
1463 1533 1797 1583 sanctorum
1829 1530 2023 1583 docto-

379 1634 511 1673 rum
566 1614 875 1683 similium,
911 1615 961 1671 si
1010 1620 1238 1688 reperta
1293 1615 1529 1685 fuerint,
1572 1617 2030 1689 magnanimiter

379 1711 520 1763 sunt
541 1706 846 1762 retinenda
866 1705 953 1761 vel
976 1704 1424 1778 promulganda,
1440 1705 1528 1760 vel
1550 1708 1620 1762 ad
1646 1707 2027 1778 apostolicam

378 1796 578 1851 sedem
602 1795 889 1850 referatur
918 1794 989 1848 de
1019 1793 1258 1849 talibus.
1282 1798 1465 1858 Quam
1503 1795 1575 1850 ob
1606 1812 1843 1851 causam
1866 1796 2025 1850 lucu-

376 1883 594 1939 lentius
625 1890 682 1938 et
711 1899 927 1953 magna
955 1899 1091 1937 voce
1121 1884 1502 1952 pronuntiare
1524 1900 1640 1938 non
1661 1887 1863 1952 timeo,
1889 1886 2029 1956 quia

378 1973 479 2045 qui
510 1972 609 2027 illa
640 1987 765 2042 qua:
814 1970 1071 2026 diximus
1120 1971 1459 2026 sanctorum’
1508 1973 1743 2027 Patrum
1786 1978 2024 2043 statuta,

380 2077 507 2133 qua:
529 2060 683 2131 apud
707 2076 812 2115 nos
838 2076 1088 2115 canones
1111 2059 1694 2131 prmtitulantur,sivs
1715 2063 1793 2117 sit
1812 2061 2030 2134 episco-

379 2165 513 2222 pus,
539 2148 658 2204 sive
681 2147 949 2215 clericus,
976 2148 1063 2204 vel
1096 2148 1281 2204 laicus
1306 2166 1421 2205 non
1445 2150 1843 2206 indifferenter
1873 2168 2031 2207 rece-

381 2236 556 2306 perit,
581 2234 967 2299 convincitur,
990 2251 1095 2290 nec
1116 2236 1522 2306 apostolicam,
1545 2254 1649 2292 nec
1670 2237 2029 2294 Catholicam

388 2325 587 2391 ﬁdem,
620 2340 728 2378 nec
775 2329 979 2379 sancta
1007 2339 1140 2379 vera
1169 2324 1382 2379 Christi
1426 2331 1680 2397 quatuor
1727 2327 2033 2399 Evangelia

389 2413 613 2470 utiliter
642 2418 699 2470 et
729 2413 1044 2469 efﬁcaciter
1072 2414 1139 2471 ad
1175 2414 1446 2471 etl‘ectum
1480 2432 1653 2472 suum
1678 2418 1925 2474 retinere
1944 2417 2029 2474 vel

388 2504 623 2560 credere
655 2503 957 2575 probatur.

386 2622 513 2678 Car.
546 2620 786 2677 CXCIX.
827 2621 889 2676 In
920 2619 1219 2691 Scriptum
1247 2621 1533 2677 canonicis
1583 2622 1869 2679 mendacia
1925 2639 2036 2679 non

1017 2693 1405 2749 admittuntur.

830 2782 1001 2853 Aug.,
1035 2800 1124 2853 ep.
1158 2786 1213 2850 8,
1246 2784 1316 2837 ad
1353 2783 1589 2839 Hieron.

458 2871 628 2942 (Dist.
677 2871 734 2938 9,
781 2887 832 2925 ο.
883 2873 991 2941 Ego
1033 2872 1211 2942 solis.)
1260 2873 1378 2943 Ego
1428 2872 1569 2927 solis
1616 2872 1734 2928 illis
1781 2873 2038 2946 Scriptu-

388 2976 587 3015 rarum
630 2958 819 3026 libris,
855 2959 1097 3031 quijam
1134 2960 1398 3014 canonici
1447 2960 1815 3032 appellantur
1863 2962 2039 3016 didici

388 3048 547 3103 hunc
596 3047 865 3101 timorem
924 3046 1326 3119 honoremque
1391 3049 1637 3114 deferre,
1690 3054 1752 3104 ut
1812 3050 2034 3104 nullum

394 3150 596 3191 eorum
630 3138 925 3190 auctorem
972 3117 1279 3191 scribendo
1314 3154 1537 3193 errasse
1567 3138 1786 3209 aliquid
1821 3138 2037 3193 ﬁrmis-
2071 3117 2112 3183 C

399 3224 546 3280 sime
575 3224 832 3289 credam,
863 3228 964 3279 aut
991 3224 1037 3278 si
1069 3223 1286 3294 aliquid
1330 3226 1388 3279 in
1438 3227 1521 3281 eis
1567 3228 1858 3282 offendero
1890 3228 2043 3298 quod

396 3313 667 3368 videatur
694 3314 1053 3368 contrarium
1084 3314 1497 3379 veritati,nihil
1531 3316 1687 3370 aliud
1717 3318 2043 3373 existimem

405 3418 584 3476 quam
636 3401 728 3459 vel
777 3403 1124 3458 mendosum
1175 3418 1300 3459 esse
1341 3406 1622 3475 codicem,
1653 3405 1739 3461 vel
1771 3423 1884 3460 non
1917 3420 2046 3462 esse

401 3496 736 3549 assecutum
790 3492 1189 3564 interpretem,
1225 3494 1379 3564 quod
1411 3494 1633 3549 dictum
1665 3499 1776 3565 est,
1806 3496 1893 3551 vel
1945 3494 2046 3550 mi-

398 3585 557 3639 nime
587 3582 942 3637 intellexisse
974 3600 1088 3637 non
1122 3583 1417 3653 ambigam
1451 3584 1618 3655 (143).
1650 3584 1808 3639 Alios
1847 3591 2044 3640 autem

397 3672 479 3727 ita
537 3670 687 3743 lego,
750 3676 813 3725 ut
870 3670 1233 3742 quantalibet
1297 3674 1610 3728 sanctitate
1669 3675 2048 3745 doctrinaque

398 3761 675 3832 polleant,
704 3775 816 3813 non
840 3758 971 3813 ideo
1002 3776 1205 3814 verum
1245 3765 1470 3830 putem,
1496 3762 1634 3833 quia
1666 3762 1776 3832 ipsi
1807 3762 1887 3817 ita
1916 3779 2046 3817 sen-

398 3853 625 3915 serunt,
650 3848 751 3903 sed
785 3847 923 3920 quia
954 3847 1098 3902 mihi
1131 3848 1212 3903 vel
1243 3865 1344 3919 per
1376 3849 1508 3905 illos
1539 3857 1808 3906 auctores
1852 3856 1910 3907 et
1953 3869 2046 3908 ca-

397 3937 640 3993 nonicas
688 3936 772 3991 vel
824 3936 1153 4006 probabiles
1186 3937 1462 4004 rationes,
1496 3938 1649 4008 quod
1684 3956 1718 3994 a
1751 3956 1882 3995 vero
1931 3957 2047 3995 non

397 4026 709 4083 abhorreat
738 4026 1091 4098 persuadere
1124 4030 1461 4097 potuerunt.

399 4142 534 4199 CAP.
562 4141 727 4200 CXX.
762 4140 1383 4269 Scripturisdcanoaicif
1432 4146 1790 4199 tractatorum
1844 4146 2051 4202 litterae

1092 4230 1344 4269 eservmn
1378 4254 1390 4267 .

1092 4230 1390 4269 eservmm.

717 4305 864 4373 Aug.
897 4302 957 4357 in
993 4302 1212 4375 prolog.
1254 4303 1293 4357 l.
1328 4320 1390 4358 ιιι
1424 4305 1498 4357 De
1533 4305 1728 4359 Trinit.

2252 581 2381 633 ΟΑΡ.
2414 579 2626 635 CXXII.
2660 580 2732 635 De
2761 579 2964 634 eodem.
2996 579 3263 650 Exempla
3288 578 3656 649 pontiﬁcum.

2190 676 2371 749 Sergii
2418 694 2577 749 papas
2616 677 3001 748 temporibus,
3034 676 3401 731 Justinianus
3456 675 3818 746 imperator

2122 765 2434 820 concilium
2487 766 2543 820 in
2607 765 2765 838 regia
2816 765 2959 821 urbe
3016 764 3140 820 ﬁeri
3191 763 3392 835 jussit.
3438 766 3502 820 In
3558 780 3695 835 quo
3757 766 3818 818 et

2121 854 2299 925 legati
2348 854 2503 910 sedis
2562 854 2894 925 apostolicae
2955 858 3372 918 convenerunt,
3434 859 3491 910 et
3555 853 3816 923 decepti

2124 944 2625 1015 subscripserunt.
2660 942 3056 1014 Compellabat
3087 950 3285 999 autem
3319 948 3378 998 et
3407 943 3610 1013 ipsum
3655 942 3816 997 sub-

2128 1032 2401 1087 scribere.
2446 1033 2556 1087 Sed
2613 1032 2947 1087 nullatenus
3006 1032 3315 1104 acquievit,
3352 1049 3455 1102 pro
3507 1048 3578 1086 eo
3632 1031 3815 1103 quod

2129 1123 2392 1193 quaedam
2427 1120 2682 1192 capitula
2712 1127 2875 1178 extra
2913 1120 3091 1177 ritum
3139 1120 3611 1177 ecclesiasticum
3675 1120 3813 1174 fne-

2130 1211 2248 1267 rint
2279 1210 2337 1266 in
2369 1211 2453 1266 eis
2486 1228 2733 1267 annexa.

2132 1329 2267 1385 CAP.
2295 1328 2541 1400 CXXIII.
2579 1333 2661 1384 De
2707 1328 2957 1384 doctrina
3011 1327 3283 1383 librorum
3339 1326 3811 1400 apocrypharum

2205 1399 2302 1526 quit?
2319 1418 2364 1483 ⁸α
2392 1402 2597 1456 sancti:
2629 1401 2889 1455 Patribu:
2916 1400 3167 1455 damnati
3209 1403 3338 1455 sunt
3384 1399 3611 1455 aeterna
3640 1399 3810 1453 dam-

2206 1490 2278 1526 na
2310 1487 2450 1527 zona.

2207 1568 2376 1641 (Dist.
2432 1569 2517 1640 15,
2578 1585 2627 1624 c.
2685 1568 2904 1637 Sancta,
2953 1569 2981 1637 §
3038 1569 3101 1624 In
3152 1568 3401 1641 primis.)
3456 1566 3810 1624 Ariminen-

2139 1677 2263 1715 sem
2322 1660 2611 1727 synodum
2644 1658 3090 1713 aConstantino
3143 1674 3357 1713 czssare
3413 1656 3809 1712 Constantini

2058 1746 2105 1811 B
2138 1748 2255 1803 ﬁlio
2289 1753 2725 1820 congregatum,
2761 1747 3057 1802 mediante
3106 1748 3299 1802 Tauro
3349 1746 3657 1818 prefecto,
3709 1762 3808 1800 ex-

2133 1844 2273 1893 tunc
2294 1844 2351 1893 et
2370 1837 2429 1893 in
2446 1842 2731 1892 internum
2747 1836 3099 1893 conﬁtemur
3110 1852 3239 1892 esse
3254 1836 3624 1891 damnatam.
3639 1840 3807 1904 Item,

2137 1927 2507 1983 Itinerarium
2537 1926 2774 1982 nomine
2823 1924 2977 1982 Petri
3025 1924 3273 1997 apostoli
3325 1925 3484 1996 quod
3531 1923 3809 1996 appella-

2136 2022 2251 2083 tur,
2295 2016 2483 2070 sancti
2540 2014 2859 2070 Clementis
2906 2014 3042 2069 libri
3090 2030 3194 2069 vm
3239 2013 3590 2085 apocryphi,
3623 2016 3811 2067 Actus

2138 2105 2374 2159 nomine
2428 2104 2668 2158 Andrew
2723 2102 2969 2175 apostoli
3031 2102 3410 2175 apocriphus.
3448 2103 3639 2157 Actus
3699 2120 3810 2157 no-

2139 2192 2293 2249 mine
2324 2192 2561 2247 Thomas
2607 2192 2854 2264 apostoli
2910 2191 3287 2264 apocriphus.
3322 2195 3509 2246 Actus
3565 2192 3809 2245 nomine

2139 2283 2291 2339 Petri
2338 2280 2585 2353 apostoli
2634 2281 3014 2353 apocriphus.
3048 2287 3226 2337 Actus
3271 2281 3510 2337 nomine
3544 2280 3806 2352 Philippi

2140 2370 2386 2443 apostoli
2445 2370 2821 2442 apocriphus.
2883 2369 3195 2443 Evangelia
3258 2369 3496 2426 nomine
3568 2370 3805 2425 Thadaei

2145 2461 2393 2533 apostoli
2450 2460 2789 2532 apocripha.
2848 2459 3155 2531 Evangelia
3226 2458 3463 2515 nomine
3517 2458 3805 2514 Barnabas

2145 2548 2393 2620 apostoli
2426 2548 2763 2620 apocripha.
2784 2547 3095 2620 Evangelia
3126 2548 3363 2604 nomine
3391 2547 3639 2603 Thoma
3670 2564 3805 2619 apo-

2146 2637 2281 2694 stoli
2313 2638 2531 2710 quibus
2581 2636 2885 2693 manichaei
2935 2641 3183 2692 utuntur
3239 2636 3586 2708 apocripha.
3622 2636 3809 2691 Evan-

2146 2726 2300 2798 gelia
2376 2726 2614 2781 nomine
2683 2725 3095 2781 Bartholomzsi
3152 2725 3405 2798 apostoli
3460 2726 3805 2798 apocripha.

2148 2814 2460 2887 Evangelia
2493 2832 2620 2886 quae
2654 2816 2886 2869 falsavit
2917 2815 3234 2881 Lucianus,
3258 2814 3597 2887 apocripha.
3623 2819 3809 2869 Evan-

2149 2903 2299 2973 gelia
2330 2920 2453 2975 quas
2488 2904 2724 2959 falsavit
2760 2904 3007 2971 Hircius,
3044 2904 3387 2977 apocripha.
3416 2904 3593 2960 Liber
3626 2906 3700 2959 de
3726 2904 3810 2958 in-

2149 2992 2332 3047 fantia
2387 2992 2703 3048 Salvatoris
2754 2993 3128 3065 apocriphus.
3161 2992 3331 3048 Liber
3374 2994 3447 3048 de
3493 2993 3810 3049 Nativitate

2150 3080 2461 3137 Salvatoris
2507 3087 2564 3137 et
2612 3082 2681 3137 de
2727 3088 2935 3138 sancta
2982 3082 3185 3151 Maria,
3230 3081 3319 3138 vel
3368 3083 3440 3137 de
3489 3083 3807 3138 obstetrice

2154 3171 2469 3225 Salvatoris
2498 3170 2874 3242 apocriphus.
2910 3171 3082 3226 Liber
3112 3172 3213 3241 qui
3246 3171 3583 3242 appellatur
3604 3172 3802 3227 Pasto-

2152 3260 2233 3314 ris
2261 3259 2633 3331 apocriphus.
2668 3260 2824 3314 Libri
2874 3276 3077 3315 omnes
3127 3277 3273 3331 quos
3318 3262 3456 3316 fecit
3516 3262 3803 3316 Lentitius

2153 3348 2479 3420 discipulus
2511 3348 2727 3404 diaboli
2777 3349 3102 3422 apocriphi.
3139 3349 3310 3405 Liber
3338 3349 3438 3421 qui
3472 3350 3801 3423 appellatur

2153 3437 2605 3493 fundamentum
2655 3436 3030 3509 apocriphus.
3089 3436 3259 3493 Liber
3314 3438 3416 3508 qui
3474 3436 3800 3509 appellatur

2152 3526 2490 3594 thesaurus,
2537 3525 2912 3597 apocriphus.
2957 3525 3125 3580 Liber
3168 3525 3268 3597 qui
3313 3530 3403 3581 est
3450 3527 3523 3581 de
3572 3525 3801 3581 ﬁliabus

2152 3616 2290 3670 Ade:
2342 3616 2427 3670 vel
2485 3615 2730 3671 Genesis
2801 3615 3180 3687 apocriphus.
3240 3615 3677 3671 Pentametrum
3736 3617 3801 3668 de

2155 3705 2382 3760 Christo
2426 3702 2767 3774 Virgilianis
2816 3704 3293 3776 compaginatum
3350 3705 3619 3760 versibus
3665 3721 3797 3774 apo-

2156 3795 2451 3865 criphum.
2486 3794 2657 3849 Liber
2714 3792 2814 3864 qui
2872 3793 3207 3864 appellatur
3264 3799 3433 3849 actus
3492 3793 3717 3849 Thecla
3755 3804 3798 3847 ei

2156 3883 2320 3939 Pauli
2378 3882 2759 3955 apocriphus.
2803 3881 2975 3937 Liber
3031 3882 3132 3953 qui
3191 3882 3526 3954 appellatur
3582 3885 3798 3955 nepotis

2158 3989 2321 4044 apoc.
2372 3973 2540 4027 Liber
2590 3971 3031 4044 proverbiorum
3083 3973 3154 4027 ab
3210 3972 3498 4027 haereticis
3528 3976 3793 4027 transcri-

2157 4067 2294 4133 ptus
2338 4066 2399 4117 et
2447 4061 2637 4116 sancti
2669 4060 2812 4116 Sixti
2846 4060 3083 4116 nomine
3126 4060 3419 4132 signatus,
3453 4062 3796 4134 apocriphus

2160 4151 2452 4207 Revelatio
2483 4149 2647 4205 Pauli
2678 4150 3015 4222 apocripha.
3052 4150 3348 4207 Revelatio
3393 4168 3518 4222 qua:
3548 4150 3793 4224 appella-

2156 4246 2256 4296 tur
2312 4240 2546 4295 Thomaa
2605 4239 2853 4310 apostoli
2908 4240 3257 4310 apocripha.
3321 4240 3615 4295 Revelatio
3681 4258 3793 4309 qua

2160 4328 2490 4399 appellatur
2540 4327 2819 4398 Stephani
2871 4344 3035 4398 apoc.
3098 4328 3269 4383 Liber
3325 4329 3425 4399 qui
3485 4329 3795 4400 appellatur

468 4390 641 4463 (Dist.
672 4392 726 4461 9,
763 4409 810 4447 c.
846 4390 984 4448 Noli
1035 4394 1216 4458 meis.)
1251 4391 1376 4446 Noli
1431 4395 1577 4448 meis
1626 4394 1837 4450 litteris
1884 4411 1991 4464 qua

2167 4390 2445 4471 transitus
2479 4390 2694 4471 sancta:
2726 4390 2923 4469 Mariae.
2968 4430 3131 4486 apoc.
3189 4390 3359 4470 Liber
3408 4390 3793 4488 qui-appella-

395 4480 727 4578 Scriptor-is.
746 4480 1066 4578 canonicis.
1094 4481 1411 4578 inservire,
1432 4484 1529 4537 sed
1563 4484 1627 4578 in
1657 4482 1772 4539 illis
1804 4489 1861 4539 et
1892 4484 2044 4578 quod
2082 4486 2125 4550 ι)
2157 4512 2254 4562 tm.
2308 4504 2650 4576 poenitentia
2695 4504 2878 4560 Adam
2941 4480 3322 4576 αρὀοιιίριιαε,
3374 4480 3547 4561 Liber
3594 4480 3793 4578 b.1089-

395 4587 512 4626 non
543 4570 819 4627 credebas
868 4586 1002 4625 cum
1052 4569 1364 4637 inveneris,
1400 4572 1809 4629 incunctanter
1853 4574 2044 4630 crede.

394 4663 458 4717 In
491 4660 621 4716 istis
646 4665 843 4716 autem
874 4661 1115 4731 etquod
1161 4666 1294 4717 ante
1344 4668 1568 4717 certum
1625 4680 1734 4717 non
1788 4664 2047 4719 habebas

394 4749 507 4805 nisi
541 4753 763 4806 certum
796 4748 1176 4817 intellexeris,
1204 4750 1319 4805 noli
1355 4752 1587 4805 ﬁrmum
1621 4754 1890 4808 retinere.

868 4856 997 4913 Car.
1032 4856 1220 4913 CXXI.
1259 4863 1334 4912 De
1363 4857 1574 4912 eodem.

962 4948 1110 5018 Aug.
1136 4947 1207 5000 ad
1242 4946 1476 5001 Hieron.

465 5036 607 5092 Mihi
639 5037 875 5091 videtur
904 5033 1321 5090 exitiosissimc
1366 5035 1519 5088 credi
1572 5035 1794 5106 aliquid
1846 5037 1901 5091 in
1955 5055 2047 5093 sa-

393 5127 508 5183 cris
538 5126 708 5181 libris
739 5141 866 5180 esse
896 5122 1296 5187 mendacium,
1323 5123 1376 5176 id
1405 5129 1491 5178 est
1513 5140 1611 5178 eos
1644 5123 1914 5182 homines
1948 5143 2049 5198 per

392 5233 543 5288 quos
574 5213 743 5270 nobis
769 5212 869 5269 illa
900 5210 1197 5283 scriptura
1228 5211 1559 5267 ministrata
1608 5219 1716 5280 est,
1762 5221 1863 5270 aut
1910 5233 2047 5271 con-

395 5306 635 5377 scripta,
685 5303 909 5374 aliquid
965 5301 1025 5356 in
1080 5301 1207 5355 suis
1280 5300 1447 5355 libris
1507 5301 1687 5357 fuisse
1747 5306 2046 5360 mentitos.

394 5394 521 5450 Alia
547 5393 793 5465 quaestio
819 5396 903 5446 est
936 5395 1135 5445 utrum
1171 5390 1513 5461 scriptorem
1557 5407 1858 5448 sacrarum
1889 5393 2047 5449 Scri-

2158 4612 2260 4650 nes
2288 4594 2523 4649 nomine
2554 4592 2828 4665 gigantis,
2863 4593 2963 4666 qui
2998 4600 3131 4665 post
3160 4594 3448 4649 diluvium
3492 4612 3624 4650 cum
3670 4596 3791 4649 dra-

2154 4700 2297 4740 cone
2354 4685 2425 4738 ab
2484 4682 2772 4737 haareticis
2833 4698 3130 4753 pugnasse
3190 4682 3553 4754 perhibetur,
3633 4700 3789 4756 apoc.

2158 4773 2328 4828 Liber
2358 4772 2457 4843 qui
2487 4770 2816 4843 appellatur
2858 4771 3302 4827 Testamentum
3359 4770 3468 4827 Job
3519 4788 3678 4845 apoc.
3711 4772 3785 4827 Li-

2156 4862 2259 4917 ber
2276 4861 2374 4932 qui
2396 4859 2728 4932 appellatur
2757 4859 3101 4931 pcsnitentia
3134 4859 3404 4932 Origenis
3436 4860 3785 4933 apocriphus.

2158 4950 2329 5005 Liber
2359 4950 2458 5021 qui
2492 4948 2820 5021 appellatur
2866 4949 3209 5020 pcenitentia
3266 4948 3538 5021 Cypriani
3588 4950 3783 5019 apocri-

2157 5039 2329 5110 phus.
2387 5038 2558 5093 Liber
2604 5037 2703 5106 qui
2755 5035 3082 5107 appellatur
3149 5036 3359 5091 Jamne
3428 5045 3487 5093 et
3555 5039 3783 5093 Mambre

2157 5128 2535 5200 apocriphus.
2593 5126 2765 5181 Liber
2815 5126 2913 5197 qui
2965 5126 3298 5197 appellatur
3341 5131 3477 5184 Sors
3520 5129 3777 5201 apostolo-

2159 5233 2289 5271 rum
2338 5233 2500 5287 apoc.
2533 5215 2705 5271 Liber
2752 5215 3038 5270 Susannzs
3089 5230 3254 5285 apoc.
3293 5215 3462 5271 Liber
3523 5234 3781 5274 canonum

2157 5305 2558 5377 apostolorum
2607 5320 2772 5374 apoc.
2828 5302 3000 5357 Liber
3051 5302 3412 5375 phisiologus
3462 5306 3536 5360 ab
3588 5306 3781 5361 haereti-

2156 5394 2240 5448 cis
2292 5394 2663 5464 conscriptus
2697 5397 2753 5448 et
2785 5391 2938 5447 beati
2991 5392 3282 5447 Ambrosii
3329 5394 3568 5450 nomine
3611 5395 3781 5467 presi-

467 5569 622 5639 (143)
654 5570 820 5625 Hunc
852 5573 1079 5626 textum
1114 5571 1283 5627 aliter
1310 5570 1453 5643 legit
1483 5572 1821 5631 Gratianus.
1854 5574 1964 5630 Sed
1996 5576 2193 5629 tamen
2226 5570 2427 5627 eadem
2462 5554 2778 5641 utrobique
2810 5575 3080 5629 servatur
3107 5572 3416 5630 sententia.
