4000 6054
252 252 400 309 1113

1589 256 1988 312 PANORMIA.
2013 281 2083 296 —
2110 255 2243 309 LIB.
2283 257 2354 309 II.

3531 252 3670 309 1114

257 383 481 452 gnatus
543 395 709 451 apoc.
762 380 1021 436 Historia
1084 382 1319 437 Eusebii
1384 381 1666 452 Pamphili
1745 396 1909 451 apoc.
1946 379 1996 445 Α
2026 394 2157 433 rum
2183 394 2247 432 ac
2277 377 2638 431 diversorum
2660 375 3038 431 conciliorum
3064 376 3417 431 breviarium
3440 380 3550 444 est,
3582 377 3668 432 in-

252 467 556 540 Opuscula
588 468 946 524 Turtulliani
979 470 1099 527 sive
1131 470 1388 525 Africani
1423 487 1586 542 apoc.
1612 468 1911 542 Opuscula

246 559 512 612 Montani
545 562 601 612 et
636 557 914 613 Priscillae
946 564 1001 613 et
1048 558 1376 614 Maximillae
1417 576 1578 631 apoc.
1614 558 1910 630 Opuscula

246 646 549 701 Joviniani
600 652 657 701 et
717 646 867 703 Galli
924 665 1089 719 apoc.
1124 648 1333 704 Omnia
1390 648 1675 720 Opuscula
1708 649 1906 702 Fausti

246 735 555 790 Manichaei
585 737 1056 807 apoc.0puscula
1074 736 1316 792 alterius
1332 736 1647 794 Clementis
1671 736 1908 790 Alexan-

246 824 403 879 drini
465 825 681 896 apocri.
713 824 1007 896 Opuscula
1056 826 1321 882 Cassiani
1382 825 1705 899 presbyteri
1759 823 1907 879 Galli

245 930 415 985 opoc.
448 913 747 985 Opuscula
795 913 1072 969 Victorini
1125 915 1508 970 Pictaviensis
1553 930 1716 986 apoc.
1751 913 1906 985 Opu-

250 1001 421 1058 scula
444 1002 645 1057 Fausti
681 1003 1029 1075 Reginensis
1059 1003 1379 1059 Galliarum
1416 1020 1577 1076 apoc.
1613 1002 1909 1075 Opuscula

243 1092 569 1147 Frumentii
601 1093 940 1164 apocripha.
974 1093 1236 1166 Epistola
1264 1094 1438 1149 Jesus
1471 1096 1539 1148 ad
1574 1094 1905 1164 Abagarum

245 1197 445 1251 apocr.
480 1181 682 1236 Passio
714 1180 880 1236 Cirici
916 1187 973 1237 et
1014 1181 1232 1237 Julittaz
1264 1199 1423 1254 apoc.
1481 1182 1681 1237 Passio
1729 1181 1906 1237 Geor-

243 1269 325 1341 gii
357 1286 523 1339 apoc.
557 1270 862 1341 Scriptura
894 1287 1017 1339 quas
1065 1271 1399 1343 appellatur
1424 1271 1724 1327 Salomoni
1764 1288 1907 1325 con-

247 1358 526 1413 tradictio
559 1374 722 1430 apoc.
750 1358 1107 1415 Philactaria
1139 1361 1341 1415 omnia
1373 1377 1501 1431 quas
1560 1378 1674 1415 non
1707 1359 1779 1414 ab
1811 1376 1910 1413 an-

245 1446 380 1520 gelo
413 1451 479 1502 ut
508 1447 876 1520 conﬁngunt,
909 1449 1009 1503 sed
1042 1450 1233 1521 magis
1279 1468 1312 1506 a
1345 1450 1607 1505 daemone
1645 1447 1905 1506 conscri-

244 1541 348 1608 pta
378 1541 518 1593 sunt
550 1553 713 1609 apoc.

314 1629 447 1680 Haec
491 1630 549 1680 et
604 1625 699 1681 his
747 1625 968 1682 similia
1028 1643 1155 1697 quae
1207 1627 1409 1683 Simon
1470 1628 1696 1698 Magus,
1730 1628 1905 1683 Nico-

238 1713 396 1781 laus,
428 1714 768 1779 Cerinthus,
803 1714 1087 1787 Marcion,
1122 1715 1429 1786 Basilides,
1468 1716 1655 1787 Elion,
1688 1718 1903 1775 Paulus

242 1802 423 1859 etiam
482 1804 932 1871 Samosatenus,
969 1804 1252 1860 Photinus
1310 1810 1365 1860 et
1396 1806 1659 1862 Bonosus
1690 1809 1789 1879 qui
1823 1810 1900 1863 si-

246 1892 373 1948 mili
428 1909 622 1949 errore
679 1894 1056 1963 defecerunt;
1119 1895 1434 1950 Montanus
1485 1913 1719 1967 quoque
1767 1914 1899 1954 cum

246 1982 375 2038 suis
407 1982 853 2039 obscenissimis
874 1985 1229 2055 sequacibus
1259 1983 1901 2056 Appollinaris,Valen-

246 2070 410 2124 tinus
465 2071 586 2125 sive
637 2071 1014 2137 Manichams,
1044 2072 1313 2129 Faustus.
1372 2072 1682 2139 Sabellius,
1706 2076 1899 2130 Arius.

242 2159 643 2228 Macedonius,
703 2160 1047 2225 Eunomius,
1080 2160 1336 2215 Novatus
1386 2161 1681 2230 Sabatius,
1712 2163 1899 2218 Calix-

242 2251 362 2313 tus,
398 2253 676 2317 Donatus,
712 2254 767 2303 et
820 2248 1193 2318 Eustachius,
1252 2250 1549 2315 Julianus,
1610 2251 1899 2321 Pelagius,

240 2336 513 2393 Julianus
536 2342 591 2392 et
627 2338 920 2393 Latiensis
974 2339 1348 2404 Ccelestinus,
1383 2345 1437 2393 et
1490 2340 1898 2412 Maximianus,

244 2425 658 2480 Priscillianus
713 2427 785 2479 ab
840 2426 1143 2497 Hispania,
1179 2427 1532 2497 Lanpedius,
1569 2428 1900 2495 Dioscorus,

243 2515 534 2579 Euticius,
571 2515 771 2569 Petrus
827 2520 883 2569 et
942 2514 1093 2570 alius
1146 2515 1430 2584 Petrus,e
1488 2518 1705 2587 quibus
1744 2536 1901 2573 unus

240 2603 679 2663 Alexandriam.
730 2603 880 2658 alius
941 2604 1307 2659 Antiochiam
1342 2606 1686 2673 maculavit;
1720 2606 1902 2662 Acha-

243 2693 361 2748 tius
383 2692 1069 2764 Constantinopolitanus
1088 2709 1219 2748 cum
1238 2693 1608 2749 consortibus
1625 2693 1772 2762 suis,
1798 2713 1901 2753 nec

246 2798 366 2837 non
417 2787 474 2837 et
506 2798 711 2837 omnes
768 2782 1018 2836 haereses
1050 2798 1198 2852 quas
1253 2783 1363 2853 ipsi
1408 2787 1465 2836 et
1495 2800 1693 2838 eorum
1721 2785 1898 2839 disci-

246 2871 367 2943 puli
430 2871 551 2926 sive
598 2870 962 2926 schismatiei
1022 2873 1370 2938 docuerunt,
1395 2871 1480 2926 vel
1532 2873 1897 2945 conscripse-

245 2965 404 3024 runt,
440 2976 690 3032 quorum
733 2960 973 3015 nomina
1005 2960 1247 3016 minime
1294 2961 1637 3032 retinemus,
1673 2980 1785 3017 non
1810 2980 1893 3018 so-

242 3049 366 3105 lum
398 3050 727 3122 repudiata,
788 3066 987 3104 verum
1043 3054 1099 3104 et
1152 3051 1222 3105 ab
1283 3050 1443 3105 omni
1491 3051 1787 3107 Catholica
1839 3056 1896 3109 et

2018 467 2371 538 terpolatum
2404 482 2651 536 sequens
2675 466 2936 521 ordinem
2971 481 3166 521 suum.

2376 556 2515 613 ΟΑΡ.
2546 556 2777 612 CXXVI.
2808 557 2877 609 De
2901 558 3029 611 Vitis
3062 559 3309 611 Patrum.

2193 646 2487 700 Adrianus
2519 663 2669 717 papa
2701 645 2771 699 ad
2803 645 3073 700 Carolum
3108 646 3204 712 M.,
3238 662 3365 717 cap.
3402 646 3487 701 17.

2091 734 2229 789 Vitae
2275 736 2511 790 Patrum
2557 734 2684 790 sine
2734 734 3132 804 probabilibus
3180 736 3519 790 auctoribus
3561 735 3665 790 mi-

2019 823 2174 877 nime
2237 824 2293 877 in
2345 822 2599 879 Ecclesia
2654 822 2944 892 leguntur.
2980 822 3124 876 Nam
3193 823 3266 877 ab
3319 823 3668 879 Orthodoxis

2017 912 2263 967 titulataz
2299 912 2705 984 suscipiuntur
2727 916 2784 967 et
2813 910 3108 982 leguntur.
3144 912 3327 983 Magis
3360 913 3514 967 enim
3538 931 3660 985 pas-

2018 1002 2213 1056 siones
2265 1004 2605 1057 saactorum
2666 1006 2988 1073 martyrum
3034 1000 3183 1055 sacri
3232 1016 3486 1057 canones
3526 1018 3665 1058 cen-

2017 1101 2223 1145 sentur
2255 1097 2318 1145 ut
2367 1091 2535 1145 liceat
2564 1106 2662 1145 eas
2690 1098 2747 1145 et
2777 1090 2837 1143 in
2874 1089 3131 1145 Ecclesia
3171 1088 3284 1161 legi
3317 1107 3450 1145 cum
3494 1092 3665 1145 anni-

2013 1179 2251 1235 versarii
2285 1180 2410 1235 dies
2441 1194 2643 1234 eorum
2676 1178 3059 1234 celebrentur.

2229 1268 2363 1323 CAP.
2389 1269 2659 1325 CXXVII.
2683 1269 2756 1323 De
2781 1269 3074 1339 scripturis
3102 1268 3446 1340 apocryphis.

2195 1359 2446 1429 August.
2500 1363 2703 1414 contra
2754 1358 3061 1426 Faustum,
3094 1358 3183 1413 tit.
3228 1376 3310 1427 ιιι,
3345 1378 3396 1413 c.
3427 1360 3481 1415 2.

2087 1447 2314 1517 Legunt
2346 1448 2682 1517 Scripturas
2713 1446 3075 1517 apocryphas
3110 1446 3432 1517 Manichaai,
3470 1449 3665 1504 nescio

2017 1554 2089 1591 an
2110 1536 2324 1607 quibus
2342 1536 2647 1591 sutoribus
2669 1535 3137 1604 fabularum,sub
3153 1536 3551 1608 apostolorum
3569 1555 3665 1593 no-

2017 1626 2175 1681 mine
2208 1627 2409 1695 factas,
2445 1632 2506 1680 ut
2555 1644 2681 1698 qua:
2714 1642 2952 1682 suorum
2997 1626 3350 1698 scriptorum
3384 1628 3663 1700 tempori-

2014 1716 2126 1771 bus
2152 1716 2209 1770 in
2240 1715 2594 1772 auctoritate
2626 1720 2840 1771 sancte
2872 1714 3140 1771 Ecclesia;
3172 1716 3351 1789 recipi
3376 1733 3667 1773 mereren-

2015 1813 2128 1874 tur,
2161 1806 2211 1859 si
2244 1806 2432 1860 sancti
2462 1805 2729 1859 homines
2760 1810 2816 1859 et
2841 1806 2989 1873 justi
3022 1809 3079 1859 et
3107 1805 3284 1868 docti,
3317 1804 3417 1876 qui
3440 1810 3581 1860 tunc
3603 1804 3663 1860 in

2012 1893 2121 1948 hac
2151 1895 2270 1948 vita
2314 1899 2499 1959 erant,
2532 1894 2848 1948 examinari
2897 1897 3185 1965 poterant,
3212 1909 3310 1948 eos
3339 1909 3468 1948 vera
3498 1893 3675 1949 locu-'

2011 1985 2102 2038 tos
2124 1999 2248 2039 esse
2279 1987 2713 2055 cognoscerent.
2750 1982 2831 2038 Ibi
2866 1986 3060 2037 tamen
3102 1980 3304 2054 legunt
3331 1981 3664 2054 apostolum

2011 2072 2485 2145 Thomamtcum
2519 2077 2674 2128 esset
2700 2074 2758 2128 in
2791 2072 3047 2144 quodam
3082 2071 3419 2142 nuptiarum
3467 2071 3668 2127 convi-

2008 2160 2100 2214 vio
2130 2163 2472 2233 peregrinus
2506 2169 2564 2217 et
2585 2178 2828 2232 prorsus
2857 2161 3215 2234 incognitus,
3252 2165 3314 2215 ut
3343 2178 3375 2215 ι
3406 2162 3663 2232 quodam

2013 2250 2275 2304 ministro
2301 2249 2497 2321 palma
2529 2266 2900 2321 percussum,
2925 2250 3311 2321 imprecatum
3347 2250 3529 2304 fuisse
3561 2250 3663 2304 ho-

2012 2338 2156 2393 mini
2208 2339 2548 2394 continuam
2602 2356 2935 2411 saavamque
2976 2338 3318 2394 vindictam.
3350 2338 3494 2393 Nam
3527 2354 3662 2394 cum

2008 2445 2281 2499 egressus
2312 2429 2519 2484 fuisset
2569 2430 2640 2484 ad
2674 2430 2893 2483 fontem
2941 2433 3001 2483 ut
3032 2427 3167 2483 inde
3198 2444 3412 2499 aquam
3462 2430 3662 2485 convi-

2010 2518 2285 2572 vantibus
2340 2519 2723 2584 ministraret,
2756 2534 2891 2571 eum
2931 2517 3021 2572 leo
3068 2518 3308 2587 rugiens
3344 2517 3664 2584 interemit,

2013 2620 2375 2677 manumque
2404 2606 2537 2676 ejus
2586 2621 2702 2676 qua
2733 2611 2909 2675 caput
2940 2605 3187 2676 apostoli
3220 2605 3327 2659 levi
3378 2606 3496 2660 ictu
3532 2623 3662 2677 per-

2011 2694 2214 2761 cussit,
2248 2712 2280 2749 a
2313 2710 2551 2766 corpore
2582 2693 2865 2763 evulsam,
2894 2694 3219 2749 secundum
3253 2709 3452 2750 vocem
3503 2694 3663 2766 ejus-

2009 2785 2142 2839 dem
2178 2782 2429 2854 apostoli
2462 2782 2518 2837 id
2552 2783 2810 2855 optantis
2842 2786 3017 2854 atque
3065 2782 3466 2854 imprecantis,
3500 2783 3663 2841 canis

2007 2872 2202 2928 attulit
2216 2872 2436 2928 mensis
2455 2873 2512 2927 in
2536 2872 2754 2944 quibus
2769 2873 2893 2943 ipse
2914 2873 3659 2945 discumbebatapostolus.

2426 2962 2559 3017 CAP.
2594 2961 2886 3017 CXXVIII.
2920 2962 2995 3016 De
3021 2963 3237 3016 eodem.

2624 3051 2788 3121 Item,
2823 3066 2872 3105 c.
2910 3050 3031 3105 128.

243 3137 504 3192 Romana
558 3136 816 3191 Ecclesia
874 3136 1199 3207 eliminata,
1233 3144 1409 3208 atque
1456 3155 1587 3193 cum
1638 3142 1762 3196 suis
1795 3159 1889 3195 au-
1920 3128 1962 3195 C
2072 3140 2232 3203 Quod
2267 3140 2435 3196 beata
2458 3139 2637 3195 Maria
2667 3146 2893 3212 patrem
2923 3138 3195 3196 habuerit
3225 3155 3294 3195 ex
3326 3138 3482 3195 tribu
3524 3138 3653 3195 Levi

239 3226 500 3280 ctoribus
558 3231 982 3295 auctorumque
1015 3228 1368 3297 sequacibus
1413 3230 1522 3281 sub
1555 3230 1893 3284 anathema-

236 3315 315 3371 tis
374 3314 773 3371 indissolubili
830 3314 1062 3370 vinculo
1116 3316 1173 3369 in
1208 3321 1491 3372 aeternum
1544 3318 1894 3373 confitemur

234 3420 366 3460 esse
398 3405 701 3459 damnata.

240 3516 376 3571 CAP.
404 3517 638 3573 CXXIV.
695 3520 947 3588 Exceptis
1000 3519 1413 3589 quinquaginta
1469 3520 1739 3591 capitulis
1796 3540 1891 3576 ca-

305 3604 479 3642 nones
510 3591 879 3658 apostolorum
910 3591 1054 3644 inter
1101 3593 1421 3661 apocrypha
1458 3592 1818 3662 deputantur.

315 3683 421 3732 Leo
458 3678 557 3744 IX,
593 3694 683 3749 ep.
717 3680 788 3733 ad
821 3678 1083 3733 Nicetam
1118 3680 1252 3733 abb.
1289 3681 1359 3735 de
1394 3686 1641 3735 monast.
1676 3682 1887 3736 Studii.

304 3767 473 3835 (Dist.
530 3769 613 3835 16,
668 3784 715 3821 e.
751 3768 1095 3837 Clementis.)
1146 3767 1464 3824 Clementis
1515 3770 1727 3825 librum
1764 3790 1800 3841 ι,
1834 3775 1891 3827 et

235 3856 394 3911 Petri
425 3857 672 3928 apostoli
706 3858 1081 3913 Itinerarium
1115 3863 1171 3912 et
1206 3874 1460 3914 canones
1493 3860 1888 3931 apostolorum

232 3950 697 4000 numeraverunt
728 3946 911 4000 sancti
947 3947 1145 4002 Patres
1178 3947 1328 4001 inter
1352 3948 1688 4019 apocripha,
1722 3966 1883 4005 exce-

226 4035 345 4105 ptis
404 4034 678 4105 capitulis
739 4035 1176 4106 quinquaginta
1204 4052 1332 4106 quae
1379 4037 1757 4092 decreverunt
1805 4055 1885 4093 re-

226 4122 382 4195 gulis
414 4123 755 4178 Orthodoxaa
787 4124 920 4178 ﬁdei
954 4124 1348 4195 adjungenda.

334 4240 466 4295 CAP.
500 4240 724 4296 CXXV.
761 4243 894 4294 Item
926 4240 990 4293 de
1036 4240 1347 4294 canonibus
1388 4243 1773 4312 apostolorum.

717 4329 989 4400 Synodus
1023 4335 1209 4399 sexta,
1245 4347 1289 4385 c.
1326 4331 1380 4383 2.

300 4416 470 4488 (Dist.
503 4418 589 4482 16,
618 4434 666 4472 c.
701 4419 962 4489 Placuit.)
996 4419 1221 4474 Placuit
1268 4419 1407 4473 huic
1460 4422 1682 4491 synodo
1742 4439 1880 4475 san-

227 4512 355 4575 ctis,
388 4511 452 4561 ut
484 4507 697 4560 amodo
747 4509 1093 4563 confirmata
1151 4515 1208 4563 et
1264 4514 1393 4563 rata
1430 4510 1549 4563 sint
1591 4527 1882 4565 canonum
1915 4494 1961 4558 Ῑ)

224 4594 623 4667 apostolorum
681 4612 894 4662 Lxxxv;
928 4596 1177 4667 epistola
1210 4598 1413 4651 Isidori
1448 4599 1505 4652 in
1538 4602 1726 4669 capite
1784 4617 1876 4654 ca-

232 4700 472 4739 nonum.
511 4684 773 4739 Isidorus
834 4700 1035 4739 servus
1066 4685 1309 4750 Christi,
1343 4685 1542 4740 lectori
1604 4703 1879 4742 conservo

224 4789 331 4828 suo
369 4789 381 4829 :
422 4795 442 4822 ι
471 4777 714 4844 Propter
772 4789 975 4829 eorum
1033 4774 1441 4829 auctoritatem
1492 4774 1713 4829 caeteris
1741 4792 1877 4830 con-

223 4862 376 4917 ciliis
436 4862 867 4933 prteposuimus
900 4879 1154 4918 canones
1187 4863 1288 4935 qui
1322 4864 1600 4918 dicuntur
1646 4870 1876 4935 aposto-

222 4950 439 5016 lorum,
471 4950 607 5007 licet
633 4969 666 5006 a
696 4952 1051 5022 quibusdam
1080 4953 1383 5023 apocriphi
1416 4954 1707 5022 dicantur,
1734 4970 1875 5023 quo-

225 5039 383 5094 niam
439 5038 637 5111 plures
688 5057 786 5095 eos
847 5041 1155 5112 recipiunt,
1190 5047 1246 5096 et
1296 5042 1483 5096 sancti
1549 5046 1747 5097 Patres
1781 5060 1875 5097 eo-

222 5146 353 5184 rum
388 5129 712 5185 sententias
744 5131 1008 5202 synodali
1044 5132 1391 5186 auctoritate
1434 5132 1872 5202 roboraverunt,

222 5223 277 5273 et
332 5218 485 5273 inter
545 5219 860 5274 canonicas
919 5225 1243 5289 posuerunt
1313 5221 1782 5275 constitutiones.
1842 5243 1868 5269 ››

222 5306 389 5370 Item,
408 5306 640 5376 primus
661 5308 824 5373 ordo,
848 5312 911 5361 ut
936 5309 1277 5378 praedictum
1300 5315 1409 5375 est,
1435 5310 1503 5363 de
1526 5308 1873 5364 celebrando

220 5393 468 5450 concilio
523 5396 780 5449 insertus
834 5396 1103 5457 habetur,
1142 5399 1198 5450 et
1238 5401 1370 5466 post
1426 5397 1664 5450 modum
1699 5413 1872 5451 cano-

223 5499 367 5538 num
401 5483 825 5556 apostolorum,
859 5500 923 5539 ac
955 5483 1410 5555 apostolicorum
1444 5502 1476 5538 a
1516 5490 1715 5539 sancto
1741 5486 1871 5542 Cle-

223 5575 418 5626 mente
476 5586 661 5643 usque
717 5573 790 5628 ad
845 5575 1116 5627 sanctum
1177 5571 1561 5644 Sylvestrum,
1605 5572 1862 5630 decreto-

2001 3231 2363 3285 sacerdotem
2388 3232 2726 3301 quemdam,
2752 3229 3286 3298 nomineJoachim,
3307 3228 3650 3285 canonicum

2003 3334 2115 3372 non
2152 3325 2262 3373 est.
2846 3326 2851 3329 '

2446 3409 2580 3463 CAP.
2615 3407 2848 3462 CXXIX.
2882 3409 2957 3461 De
2985 3406 3190 3462 eodem.

2300 3494 2689 3567 Hieronymus
2723 3500 2803 3550 Dc
2835 3497 3160 3551 insitutione
3188 3492 3354 3566 ﬁliae.

2073 3583 2287 3639 Cavent
2344 3586 2542 3639 omnia
2573 3587 2898 3656 apocrypha
2957 3590 3013 3638 et
3062 3586 3109 3639 si
3145 3583 3381 3655 quando
3434 3599 3501 3638 ea
3535 3600 3650 3639 non

2000 3674 2070 3726 ad
2097 3674 2438 3743 dogmatum
2461 3675 2787 3741 veritatem,
2810 3674 2906 3729 sed
2929 3673 3232 3745 signorum
3261 3672 3647 3729 reverentiam

2000 3760 2189 3833 legere
2234 3762 2506 3831 voluerit,
2539 3763 2683 3818 sciat
2741 3780 2854 3818 non
2901 3779 3103 3818 eorum
3136 3779 3265 3819 esse
3297 3779 3547 3835 quorum
3573 3763 3649 3818 ti-

1998 3851 2136 3905 tulis
2181 3857 2555 3923 praenotatur,
2590 3851 2896 3924 multoque
2948 3853 3005 3908 in
3058 3852 3150 3907 his
3198 3851 3449 3908 admisla
3477 3850 3643 3907 vitio.

1996 3956 2072 3995 sae
2105 3945 2161 3995 et
2192 3942 2433 4011 grandis
2464 3959 2593 3997 esse
2624 3944 2947 4013 prudentiae
2981 3959 3189 3997 aurum
3226 3942 3283 3997 in
3312 3941 3435 3996 luto
3482 3958 3643 4011 quaa-

1998 4046 2139 4084 rere.

2208 4124 2334 4175 Car.
2369 4122 2587 4190 CXXX,
2621 4119 2808 4202 Libros
2837 4120 3138 4188 gentilium
3160 4134 3265 4174 non
3291 4119 3433 4189 legat

2665 4209 2692 4246 ε
2697 4207 2969 4262 piscopus.

2422 4278 2591 4334 Conc.
2627 4280 2896 4351 Carthag.
2932 4297 3004 4345 1v,
3040 4296 3090 4334 c.
3128 4279 3213 4333 16.

2067 4367 2233 4433 (Dist.
2270 4369 2359 4434 37,
2386 4385 2435 4423 c.
2480 4370 2824 4440 EpiSI'OpllS.)
2852 4368 3171 4438 Episcopus
3221 4365 3528 4439 gentilium
3572 4365 3640 4419 li-

1993 4456 2127 4511 bros
2155 4474 2263 4510 non
2299 4458 2452 4528 legat
2486 4458 2907 4517 liaireticorum,
2934 4463 3034 4510 aut
3080 4473 3182 4528 pro
3214 4455 3561 4511 necessitate
3583 4458 3641 4510 et

1992 4551 2269 4617 tempore.

1988 4638 2124 4689 CAP.
2159 4636 2411 4690 CXXXI.
2450 4635 2941 4705 Reprehenduntur
2987 4635 3286 4690 sacerdotes
3316 4634 3431 4707 qui,
3472 4634 3639 4690 omis-

2308 4706 2384 4761 sis
2415 4708 2749 4776 Evangeliis,
2784 4707 3075 4763 comoedias
3107 4709 3315 4775 legunt.

2204 4796 2435 4850 Hieron.
2469 4797 2537 4849 ad
2571 4797 2922 4865 Amandum,
2958 4798 3028 4852 De
3055 4796 3181 4868 ﬁlio
3202 4795 3425 4866 prodigo

2060 4882 2221 4951 (υἱεῖ.
2256 4885 2345 4950 37,
2379 4900 2427 4938 c.
2476 4884 2840 4956 Sacerdotes.)
2870 4888 3209 4941 Sacerdotes
3241 4886 3361 4951 Dei,
3398 4884 3637 4938 omissis

1984 4972 2299 5043 evangeliis
2333 4980 2387 5027 et
2420 4974 2741 5045 prophetiis
2781 4976 3046 5029 videmus
3076 4974 3390 5030 commdias
3422 4973 3634 5043 legere,

1985 5062 2272 5117 amatoria
2322 5062 2717 5118 bucolicorum
2751 5081 3022 5120 versuum
3056 5063 3233 5118 verba
3278 5070 3532 5131 cantare,
3556 5068 3635 5119 te-

1984 5167 2120 5204 nere
2149 5150 2459 5222 Virgilium
2518 5154 2573 5206 in
2627 5155 2917 5223 manibus,
2952 5160 3008 5208 et
3035 5152 3093 5207 id
3143 5154 3297 5220 quod
3346 5152 3405 5206 in
3437 5153 3633 5223 pueris

1984 5238 2353 5294 necessitatis
2404 5246 2512 5305 est,
2547 5244 2767 5297 crimen
2820 5244 2875 5295 in
2932 5260 2993 5297 se
3045 5243 3231 5296 facere
3262 5241 3628 5312 ,voluptatis.

1983 5327 2117 5382 Car.
2152 5327 2427 5382 CXXXII.
2460 5331 2657 5384 Beatus
2709 5332 3069 5399 Hieronymus
3097 5332 3166 5385 ab
3207 5330 3399 5399 angelo
3449 5331 3629 5386 verbe-

2230 5404 2411 5467 ratur,
2444 5402 2584 5469 qund
2614 5400 2889 5455 Ciceronis
2912 5401 3116 5455 librum
3153 5403 3379 5470 legebat.

2295 5489 2460 5558 Beda,
2494 5489 2590 5542 lib.
2627 5506 2667 5543 11
2704 5494 2781 5544 De
2818 5493 3093 5561 pressuri:
3127 5492 3313 5547 (τί-σιω.

2054 5575 2220 5646 (Dist.
2254 5577 2342 5645 37,
2368 5594 2417 5632 c.
2450 5578 2753 5651 Legimus.)
2788 5579 3055 5650 Legimus
3103 5581 3176 5636 de
3222 5580 3392 5639 beato
3426 5581 3626 5640 Hiero-
