4000 6054
189 172 225 232 1
236 176 270 232 1
286 178 366 233 17
1552 188 1866 245 PANORMI

2000 216 2044 228 -
2074 186 2211 241 LIB.
2251 188 2322 240 II.
3499 178 3643 237 me

186 304 316 360 vit.
359 304 641 376 Idemque
669 304 942 363 volumen
974 308 1233 365 codicem
1256 311 1577 366 Justiniani
1602 313 1883 384 appellari
1914 315 1966 381 Α
1997 311 2247 367 nit’acius
2277 307 2701 379 Maguntiensis
2730 305 2998 363 Ecclesiae
3022 305 3503 378 archiepiscopus
3518 306 3643 362 vice

192 395 528 466 praecepit.
564 399 811 466 Rursus,
846 398 1219 468 singulorum
1252 401 1732 471 magistratuum,
1763 402 1881 457 sive
1991 397 2355 471 suppradicti
2381 396 2667 452 Zachariae
2696 413 2859 468 papae
2887 412 3005 451 una
3027 412 3158 451 cum
3194 394 3393 451 Carolo
3426 395 3635 467 Magno

185 482 495 551 judicum
529 482 688 555 leges
718 500 847 555 quia
875 503 1063 558 usque
1086 488 1155 542 ad
1180 488 1295 543 duo
1325 489 1508 545 millia
1532 505 1675 561 pene
1703 490 1880 545 libros
1991 491 2349 545 Francorum
2409 486 2669 558 principe
2746 486 3022 540 canonice
3080 485 3294 553 tenuit,
3341 489 3405 539 ut
3453 501 3639 555 agno-

199 576 398 628 erant
431 576 703 643 extensae,
738 574 1093 639 L,librorum
1118 594 1429 632 numerum
1450 580 1692 649 redegit,
1717 596 1881 634 eum-
1990 584 2156 634 scant
2184 593 2389 631 omnes
2442 576 2563 629 haec
2624 575 3032 645 praedictorum
3086 574 3415 645 principum
3474 576 3634 642 capi-

200 676 339 734 que
373 662 644 717 Codicem
698 664 1089 734 Digestorum,
1137 666 1259 720 sive
1306 669 1456 737 quod
1508 668 1881 723 Justinianus
1990 669 2115 721 tuta
2156 664 2412 719 maxima
2471 662 2791 734 apostolica
2848 662 3192 717 auctoritate
3250 664 3370 717 fere
3426 662 3638 716 conﬁr-

202 751 461 806 diversa
490 751 636 823 legis
667 752 971 808 volumina
993 754 1239 811 diversis
1261 756 1599 813 nominibus
1622 758 1879 829 appella-
1992 759 2168 810 mata.

199 841 327 907 vit,
382 840 807 896 Pandectarum
859 842 1143 899 vocabulo
1193 845 1569 917 nuncupavit.
1622 848 1882 910 Quatuor

208 928 392 984 enim
428 929 875 985 Institutienum
907 931 1088 987 libros
1120 933 1179 987 in
1211 934 1428 1004 quibus
1469 935 1719 991 breviter
1750 936 1879 989 uni-

203 1033 535 1073 versarum
612 1019 809 1090 legum
851 1025 1044 1075 textus
1093 1024 1607 1094 comprehenditur
1656 1026 1882 1079 noviter

1990 874 2124 926 CAP.
2158 870 2385 926 CXLIX.
2444 870 2604 939 Leges
2656 870 3057 939 imperatorum
3104 869 3380 923 custodiri
3434 878 3643 940 oportet

2386 980 2494 1031 Leo
2527 975 2605 1030 Ill
2656 973 2927 1029 Lothario
2958 974 3243 1046 Augusto.

202 1108 579 1177 composuit.
614 1108 803 1164 Novas
827 1126 1061 1181 quoque
1080 1111 1237 1183 leges
1262 1113 1548 1183 quasipse
1573 1118 1880 1177 statuerat,

203 1196 273 1249 in
310 1213 503 1250 unum
537 1197 822 1267 redactas,
856 1198 1130 1254 Codicem
1175 1200 1546 1256 Nevellarum
1599 1201 1879 1274 appellari

205 1284 491 1339 sancivit.
529 1288 670 1341 Item
709 1303 721 1340 :
756 1288 919 1342 Tunc
952 1290 1106 1359 apud
1140 1290 1711 1362 ConstantinOpelim
1760 1291 1880 1345 Pri-

206 1372 466 1429 scianus
499 1375 873 1432 Caesariensis
896 1379 1294 1449 grammaticae
1318 1380 1462 1435 artis
1486 1381 1777 1451 profunda
1798 1380 1880 1435 ri-

208 1468 423 1519 matus
456 1469 566 1520 est.

682 1552 819 1608 CAP.
852 1554 939 1609 CX
954 1554 1088 1610 LVI.
1123 1557 1195 1611 De
1232 1556 1435 1612 eodem.

442 1642 712 1695 Anastas.
751 1642 1028 1698 Bibliotb.
1065 1644 1121 1699 in
1159 1648 1305 1701 Hist.
1343 1648 1664 1717 Rompont.

2063 1092 2235 1164 (Dist.
2275 1092 2362 1154 10,
2395 1107 2443 1145 c.
2481 1092 2555 1145 De
2585 1087 2899 1161 capitulis.)
2930 1089 3009 1143 De
3041 1089 3313 1159 capitulis
3352 1088 3437 1145 vel
3494 1106 3637 1160 prie-

1995 1182 2178 1252 ceptis
2210 1180 2635 1251 imperialibus,
2667 1178 2883 1234 nostris
2927 1181 3383 1247 nostrorumque
3404 1178 3637 1245 pontifi-

1994 1286 2128 1325 cum
2148 1276 2204 1325 et
2228 1271 2719 1342 praedecessorum
2744 1266 3223 1339 irrefragahiliter
3242 1266 3639 1322 custodiendis

1993 1365 2049 1416 et
2079 1359 2520 1424 conservandis,
2537 1363 2758 1428 quanto
2777 1354 3072 1412 valuimus
3089 1361 3146 1409 et
3166 1355 3452 1420 valemus,
3471 1355 3636 1411 Chri-

1991 1454 2082 1505 sto
2112 1448 2383 1521 prepitio,
2426 1452 2483 1501 et
2541 1464 2693 1500 nunc
2727 1451 2783 1500 et
2815 1447 2869 1498 in
2932 1460 3117 1498 aevum
3171 1450 3636 1509 conservatores,

1991 1538 2267 1593 omnibus
2301 1537 2492 1591 modis
2523 1536 2889 1606 profitemur.
2922 1534 2992 1588 Et
3022 1534 3072 1589 si
3098 1533 3349 1588 fortasse
3391 1532 3637 1603 quilibet

1991 1626 2156 1682 vobis
2190 1626 2359 1681 aliter
2388 1625 2618 1695 dixerit,
2656 1623 2742 1680 vel
2784 1624 3051 1679 dicturus
3084 1622 3259 1677 fuerit
3279 1621 3482 1677 sciatis
3499 1637 3634 1677 eum

291 1729 348 1801 (ς
385 1729 617 1797 Quibus,
653 1746 702 1785 c.
742 1732 812 1786 De
840 1696 1026 1788 ηξιέἇζ
1051 1696 1323 1805 ante;
1343 1696 1866 1805 ὶξῖᾼεῖξῇέθωονίι

2000 1732 2091 1787 pro
2124 1720 2279 1770 certe
2312 1715 2673 1770 mendacem.

211 1815 605 1874 Justinianus
635 1813 929 1889 A'ugustus
982 1824 1307 1878 contrarias
1355 1824 1609 1895 regulas,
1660 1826 1876 1881 faciens

212 1906 587 1977 singularem
613 1909 894 1977 codicem,
922 1919 977 1964 et
1007 1928 1219 1966 vocans
1254 1930 1389 1967 eum
1426 1913 1683 1969 novellas
1705 1915 1872 1970 insti-

210 1997 505 2066 tutiones,
528 1996 588 2052 in
611 1996 828 2068 quibus
845 2016 958 2054 non
984 2001 1273 2071 permittit
1292 2002 1643 2074 principem,
1668 2004 1723 2057 in
1753 2005 1874 2075 qui-

214 2087 335 2142 bus
364 2091 591 2157 przeest,
626 2092 820 2143 tenere
853 2090 1307 2161 possessionem,
1342 2097 1443 2146 aut
1466 2092 1746 2147 aediﬁcare
1772 2094 1870 2147 do-

216 2192 415 2242 mum,
466 2180 567 2230 aut
609 2175 940 2231 htereditari
982 2184 1318 2234 extraneam
1375 2196 1707 2251 personam,
1760 2181 1871 2237 nisi

218 2265 359 2336 quis
385 2264 493 2319 sibi
520 2270 802 2336 cognatus
832 2267 1060 2321 existat.

218 2355 358 2427 CAP.
420 2354 681 2427 CXLVII.
738 2357 1063 2425 Principum
1117 2357 1331 2427 placita
1386 2360 1572 2413 animo
1612 2359 1710 2427 jus
1740 2376 1871 2414 con-

290 2425 464 2480 dendi
481 2430 627 2493 [acta
666 2426 871 2481 habent
916 2427 1027 2481 vim
1075 2425 1211 2497 legis
1259 2432 1549 2497 generalis,
1602 2425 1715 2486 nisi
1758 2434 1873 2485 sint

295 2501 442 2566 facta
458 2498 540 2572 ad
568 2503 752 2553 certas
786 2515 1045 2569 personas
1092 2500 1226 2570 quia
1270 2510 1399 2556 tunc
1449 2517 1708 2572 personas
1760 2519 1873 2558 non

297 2568 689 2637 egrediuntur.

653 2659 1076 2713 lnstitutionum
1111 2658 1211 2714 lib.
1246 2677 1284 2729 ι,
1319 2661 1439 2716 0.2.

292 2746 452 2818 (Leg.
490 2746 638 2814 Quod
664 2747 931 2818 principi,
964 2751 990 2817 §
1032 2749 1400 2820 Quodcunque
1432 2770 1446 2819 ;
1499 2751 1557 2805 Π.
1612 2755 1691 2807 De
1739 2767 1868 2806 con-

218 2837 340 2891 stit.
370 2852 481 2906 pr.,
516 2837 899 2908 Quodcunque,
942 2838 1126 2895 instit.
1182 2839 1262 2895 De
1311 2841 1446 2909 jure
1478 2845 1596 2895 nat.
1632 2841 1867 2911 gen.ci-

219 2925 366 2997 vili.)
398 2926 798 2997 Quodcunque
829 2926 1148 2998 imperator
1180 2945 1281 2999 per
1310 2929 1616 2999 epistolam
1651 2932 1867 2985 consti-

220 3014 356 3081 tuit,
388 3014 477 3069 vel
509 3031 865 3083 cognoscens
898 3017 1172 3085 decrevit,
1204 3016 1289 3071 vel
1324 3018 1510 3073 edicto
1570 3020 1864 3091 praecepit,

221 3104 409 3177 legem
441 3121 568 3160 esse
600 3108 867 3174 constat;
906 3106 1024 3162 haec
1056 3112 1193 3163 sunt
1237 3124 1366 3179 quae
1423 3108 1869 3165 constitutiones

226 3194 613 3265 appellantur.
650 3194 824 3250 Plane
854 3211 922 3250 ex
979 3196 1067 3250 his
1115 3198 1383 3268 quaedam
1425 3204 1563 3254 sunt
1596 3216 1871 3269 persona-

229 3282 331 3350 les,
366 3300 490 3354 quas
524 3300 639 3336 non
674 3286 743 3338 ad
786 3285 1117 3354 exemplum
1172 3286 1507 3353 trahuntur,
1553 3289 1709 3359 quod
1758 3306 1873 3343 non

228 3370 335 3426 hoc
388 3373 657 3441 princeps
704 3377 850 3427 vult.
906 3374 1051 3428 Nam
1104 3376 1257 3444 quod
1314 3376 1486 3429 alicui
1529 3377 1601 3430 ob
1643 3377 1871 3443 merita,

228 3458 493 3526 indulsit,
526 3458 612 3513 vel
662 3461 711 3515 si
760 3462 852 3515 cui
910 3478 1139 3531 pcenam
1195 3463 1491 3535 irrogavit,
1541 3464 1628 3518 vel
1682 3466 1730 3518 si
1780 3466 1872 3519 cui

228 3548 351 3605 sine
395 3546 656 3620 exemplo
712 3549 1001 3619 subvenit,
1053 3566 1361 3621 personam
1407 3569 1521 3607 non
1573 3557 1871 3625 transgre-

229 3636 401 3693 ditur.

379 3724 512 3781 ΟΑΡ.
545 3725 825 3781 CXLVIII.
862 3729 1123 3797 Praefatio
1154 3731 1339 3799 quinti
1366 3731 1716 3801 capitularis.

296 3815 693 3869 Prsecedentes
716 3832 789 3887 qu
802 3816 1161 3871 atuorlibelli
1184 3819 1462 3874 nonnulla
1485 3820 1869 3891 glorioserum

228 3902 405 3958 Caroli
436 3910 612 3975 atque
644 3904 916 3959 Ludovici
948 3906 1365 3977 imperatorum
1393 3911 1695 3966 continent
1716 3912 1869 3981 capi-

228 3991 362 4045 tula.
398 3993 560 4057 Item,
589 4010 718 4063 quae
744 3996 1117 4063 postmodum
1149 4016 1180 4050 a
1206 3997 1474 4053 tidelibus
1516 4005 1729 4054 sanctae
1775 4000 1869 4055 Dei

228 4079 488 4137 Ecclesite
520 4081 729 4151 Pipini,
765 4082 974 4147 Caroli,
1001 4083 1295 4149 Ludovici,
1322 4086 1637 4142 didicimus
1669 4090 1869 4158 injam

234 4169 397 4225 dictis
432 4169 645 4224 libellis
680 4170 924 4226 minime
955 4172 1177 4227 inserta
1208 4191 1356 4239 esse,
1386 4193 1487 4246 pro
1540 4176 1641 4231 Dei
1681 4178 1871 4232 omni-

230 4258 473 4332 potentis
506 4276 727 4325 amore,
761 4264 817 4313 et
848 4264 1062 4314 sancta:
1109 4261 1399 4331 Ecclesiae,
1458 4282 1521 4319 ac
1568 4282 1868 4320 servorum

229 4350 348 4419 ejus
376 4351 548 4420 atque
582 4348 757 4403 totius
791 4350 989 4421 populi
1022 4350 1293 4421 utilitate,
1328 4354 1577 4408 fideliter
1627 4355 1869 4409 investi-

1986 1830 2119 1886 CAP.
2154 1831 2260 1885 CL.
2300 1831 2456 1901 Leges
2488 1830 2821 1904 principum,
2856 1830 2952 1904 aut
2980 1828 3201 1899 regulas
3248 1835 3470 1898 patrum
3504 1840 3632 1881 con-

2558 1902 2731 1956 temni
2762 1916 2874 1955 non
2906 1901 3051 1955 licet.

2228 1990 2496 2046 Gelasius
2529 1990 2738 2046 Ruﬁno
2769 1994 2826 2044 et
2856 1988 3031 2060 Aprili
3063 1986 3375 2060 episc0pis.

2054 2107 2224 2177 (Dist.
2264 2108 2348 2176 10,
2373 2123 2421 2161 c.
2451 2106 2584 2174 Quis
2604 2105 2833 2176 autem.)
2858 2104 2994 2169 Quis
3016 2108 3210 2158 autem
3238 2102 3398 2174 leges
3422 2099 3640 2171 princi-

1982 2212 2121 2266 pum
2157 2202 2258 2250 aut
2288 2197 2519 2251 Patrum
2547 2196 2800 2267 regulas,
2826 2202 2917 2249 aut
2937 2193 3367 2248 admonitiones
3392 2190 3627 2245 moder-

1981 2302 2110 2348 nas,
2143 2286 2298 2339 dicat
2330 2286 2650 2346 contemni,
2684 2283 2797 2338 nisi
2831 2284 2930 2352 qui
2962 2281 3313 2352 impunitum
3345 2278 3457 2335 sibi
3478 2278 3628 2334 testi-

1981 2378 2101 2428 met
2134 2380 2361 2428 tantum
2394 2374 2645 2427 transire
2676 2372 3080 2427 commissum.

1980 2490 2115 2547 CAP.
2141 2489 2276 2545 CLI.
2311 2489 2607 2545 Seruentur
2642 2488 2709 2613 εἴ)
2757 2486 3007 2613 οἷηηὶὺαδ
3055 2484 3304 2541 Romanis
3344 2483 3626 2557 principi-

2690 2575 2753 2613 us
2805 2574 2951 2613 eaes.

2690 2575 2753 2613 us
2786 2574 2951 2626 teges.

2437 2649 2592 2705 Idem
2622 2647 2983 2703 Theoderico
3030 2645 3173 2717 regi.

2050 2767 2218 2839 (Dist.
2258 2767 2343 2831 10,
2385 2782 2433 2821 c.
2496 2763 2761 2834 Certum.)
2821 2765 3058 2818 Certum
3113 2764 3204 2817 est
3248 2758 3627 2833 magnificen-

1977 2857 2120 2913 tiam
2144 2860 2394 2911 vestram
2437 2855 2591 2926 leges
2651 2853 3045 2908 Itomanorum
3098 2848 3453 2921 principum,
3484 2863 3627 2919 quas

1977 2945 2039 2999 in
2072 2945 2324 3016 negotiis
2349 2944 2655 2999 hominum
2679 2940 3097 2996 custodiendas
3145 2954 3274 2993 esse
3332 2936 3626 3009 precepit,

1981 3033 2141 3089 nullo
2173 3033 2359 3104 magis
2392 3034 2544 3087 circa
2592 3030 2973 3085 reverentiam
3006 3028 3155 3083 beati
3191 3027 3337 3081 Petri
3382 3022 3627 3097 apostoli

1985 3140 2087 3195 pro
2120 3140 2235 3178 suae
2268 3122 2563 3177 fclicitatis
2596 3123 2907 3191 augmento
2939 3116 3083 3173 velle
3115 3116 3354 3173 servari.

2054 3238 2183 3293 ΟΑΡ.
2218 3238 2379 3294 CLII.
2430 3239 2675 3292 Romana
2724 3236 2814 3289 lea:
2858 3234 3069 3317 nullius
3117 3233 3430 3288 temeritate
3483 3230 3635 3285 debet

2646 3322 2945 3375 corrumpi.

2393 3396 2502 3450 Leo
2533 3395 2598 3451 IV
2630 3392 2901 3447 Lothario
2936 3395 3212 3462 Augusto.

2053 3513 2215 3583 (Dist.
2246 3513 2331 3567 10.
2366 3529 2415 3568 e.
2454 3512 2737 3576 Vestram.)
2793 3508 3063 3563 Vestram
3117 3505 3455 3577 ﬂagitamus
3502 3502 3631 3559 'cle-

1981 3602 2284 3667 mentiam,
2320 3606 2383 3654 ut
2414 3601 2561 3654 sicut
2584 3600 2864 3653 hactenus
2888 3596 2978 3650 lex
3000 3596 3263 3651 Romana
3289 3593 3479 3666 viguit
3500 3592 3628 3647 abs-

1981 3708 2094 3763 que
2126 3688 2416 3745 universis
2446 3686 2735 3760 procellis,
2760 3691 2817 3741 et
2847 3702 2950 3756 pro
2982 3684 3201 3739 nullius
3251 3699 3502 3755 persona
3524 3682 3626 3736 ho-

1981 3780 2159 3836 minis
2191 3778 2588 3834 reminiscitur
2618 3792 2745 3832 esse
2784 3779 3079 3846 corrupta,
3109 3774 3190 3829 ita
3238 3788 3393 3828 nunc
3450 3788 3627 3828 suum

1979 3870 2175 3936 robur,
2215 3873 2629 3940 prepriumque
2659 3867 2916 3936 vigorem
2950 3864 3229 3919 obtineat.

1978 3990 2114 4043 CAP.
2150 3986 2338 4040 CLIII.
2373 3985 2535 4055 Leges
2568 3985 2965 4052 imperatorum
2989 3981 3047 4033 in
3078 3978 3423 4050 adjutorium
3449 3975 3628 4031 Eccle-

2510 4056 2605 4109 siae
2638 4056 2761 4109 licet
2785 4066 3086 4107 assumere.

2050 4172 2218 4245 (Dist.
2253 4173 2339 4236 10,
2371 4187 2419 4225 c.
2453 4170 2512 4224 Si
2534 4172 2592 4223 in
2621 4169 3001 4239 adjutorium).
3057 4165 3115 4221 Si
3149 4164 3209 4219 in
3260 4161 3621 4233 adiutorium

1978 4269 2231 4317 vestrum
2266 4259 2475 4315 terreni
2508 4259 2735 4327 imperii
2768 4257 2925 4329 leges
2966 4254 3352 4312 assumendae
3384 4251 3624 4322 putatis,

1980 4368 2095 4406 non
2154 4348 2677 4420 reprehendimus:
2728 4346 2861 4400 fecit
2914 4344 3021 4399 hoc
3066 4343 3283 4397 Paulus
3331 4357 3465 4397 cum
3517 4340 3626 4395 ad-

228 4436 733 4510 garecuravimus,
754 4438 891 4492 etin
916 4440 1107 4494 tribus
1131 4442 1760 4510 sequentibuslibellis
1784 4444 1869 4496 di-
1902 4431 1947 4495 D
1981 4456 2183 4495 versus
2240 4437 2558 4507 injuriosos
2618 4436 2942 4489 ltomuuuiu
2991 4433 3173 4487 civem
3223 4448 3285 4488 se
3340 4444 3469 4486 esse
3536 4434 3624 4485 te-

231 4526 464 4595 stinctaa,
499 4542 633 4579 cum
668 4526 791 4580 suis
823 4528 1125 4582 codicibus
1175 4532 1507 4585 coadunare
1557 4548 1620 4585 ac
1674 4533 1867 4586 Ludo-

229 4613 363 4681 vico,
397 4614 661 4670 Lothario
708 4621 880 4686 atque
929 4615 1133 4671 Carolo
1184 4618 1567 4674 nobilissimis
1606 4621 1863 4691 regibus,

231 4702 356 4758 filiis
383 4703 653 4759 videlicet
693 4704 963 4759 Ludovici
1019 4704 1392 4776 imperatoris
1444 4708 1719 4779 piissimi,
1762 4710 1862 4763 ha-

235 4794 408 4847 benda
437 4798 492 4846 et
522 4792 795 4847 omnibus
822 4793 1286 4850 Christianorum
1327 4798 1595 4851 ﬁdelibus
1627 4800 1862 4852 traden-

234 4882 319 4949 da,
342 4882 647 4936 scribenda
662 4898 773 4936 non
802 4883 1167 4939 distulimus.
1193 4887 1357 4955 Item,
1376 4887 1465 4941 his
1489 4888 1569 4941 ita
1594 4887 1859 4957 peractis,

232 4971 390 5026 estin
426 4971 611 5026 fronte
643 4970 815 5042 primi
847 4971 981 5026 libri
1037 4974 1221 5043 posita
1269 4976 1557 5031 Zachariae
1616 4975 1863 5047 epistola

232 5061 489 5117 omnibus
522 5060 834 5131 episcopis,
866 5078 932 5116 ac
964 5062 1205 5135 reliquis
1246 5065 1657 5121 ecclesiasticis
1707 5066 1858 5120 ordi-

232 5150 312 5205 nis
340 5151 642 5221 gradibus,
677 5156 734 5205 et
766 5150 990 5205 cunctis
1023 5154 1294 5219 ducibus,
1328 5162 1502 5225 atque
1546 5153 1859 5209 comitibus

233 5240 487 5293 omnibus
521 5239 704 5293 Deum
738 5239 1108 5303 timentibus,
1144 5259 1241 5310 per
1273 5242 1489 5297 Gallias
1522 5249 1578 5297 et
1617 5244 1859 5297 Franco-

1978 4534 2185 4584 statur.

1977 4646 2112 4700 Car.
2146 4644 2323 4699 CLIV.
2360 4643 2701 4713 Supplicium
2735 4642 2974 4712 acquirit
3024 4641 3127 4711 qui
3160 4639 3337 4710 justis
3383 4639 3623 4709 impera-

2049 4722 2225 4771 torum
2253 4717 2463 4781 legibus
2506 4730 2614 4767 non
2669 4715 3006 4783 obtemperat
3041 4730 3055 4778 ;
3116 4717 3190 4777 at,
3237 4718 3449 4778 contra,
3482 4724 3624 4779 pra?-

2044 4788 2220 4842 mium
2251 4790 2346 4858 qui
2366 4802 2470 4840 non
2497 4786 2615 4839 vult
2645 4786 3024 4856 obtemperare
3046 4784 3259 4855 legibus
3288 4798 3405 4853 quae
3434 4784 3625 4836 contra

2046 4863 2333 4915 veritatem
2363 4860 2458 4913 Dei
2486 4860 2745 4928 feruntur

2321 4954 2497 5017 Aug,
2529 4962 2620 5016 ep.
2651 4947 2741 5012 50,
2787 4946 2857 5000 ad
2894 4945 3276 4999 Bonifacium.

2044 5064 2211 5134 (Dist.
2245 5063 2300 5129 9,
2353 5080 2402 5117 c.
2450 5062 2895 5133 Imperatores}
2947 5056 3312 5129 Quicunque.)
3364 5054 3624 5118 Quicun-

1971 5169 2084 5223 que
2116 5160 2308 5207 autem
2343 5152 2571 5222 legibus
2604 5151 3049 5220 imperatorum,
3083 5164 3211 5218 qua:
3227 5163 3327 5216 pro
3351 5142 3451 5199 Dei
3474 5142 3625 5196 veri-

1972 5248 2089 5298 tate
2121 5243 2404 5306 feruntur,
2425 5240 2830 5309 obtemperare
2854 5254 2969 5291 non
3000 5237 3141 5301 vult,
3170 5233 3415 5304 acquirit
3440 5247 3623 5302 gran-

1970 5333 2040 5388 de
2071 5330 2448 5402 supplicium.
2483 5329 2823 5398 Quicunque
2858 5343 2988 5381 vero
3033 5325 3259 5395 legibus
3311 5322 3622 5391 imperato—

1970 5439 2122 5489 rum,
2160 5439 2285 5493 quae
2318 5428 2517 5476 contra
2550 5418 2851 5472 veritatem
2884 5416 2981 5471 Dei
3011 5416 3294 5484 teruntur,
3319 5412 3616 5483 obtempe-

1979 5529 2106 5570 rare
2138 5530 2253 5568 non
2283 5510 2425 5581 vult,
2466 5507 2719 5580 acquirit
2770 5508 2989 5580 grande
3037 5504 3365 5579 praemium.

234 5343 347 5383 rum
376 5327 702 5399 provincias
732 5328 1068 5382 constitutis
1097 5330 1337 5397 directa,
1371 5331 1523 5386 sicut
1544 5332 1602 5385 in
1634 5348 1699 5385 ea
1723 5348 1858 5387 con-

238 5416 456 5481 tinetur,
488 5433 664 5488 quam
686 5422 1016 5487 sequuntur
1033 5419 1343 5490 synodales
1374 5426 1693 5476 conventus
1713 5440 1859 5494 quos

237 5510 430 5562 sanctae
464 5505 736 5562 Romanis
769 5512 825 5562 et
845 5505 1174 5577 apostolica:
1197 5508 1487 5577 Ecclesite,
1510 5509 1734 5583 legatus
1751 5512 1857 5570 Bo-
