3938 6074
375 239 514 305 1119

1461 250 1530 302 D.
1567 244 1812 302 IVONIS
1845 239 2341 297 CARNOTENBIS
2375 237 2699 294 ΕΡΙΒΟΟΡΙ

3663 231 3818 290 1120

371 371 508 428 CAP.
540 370 701 427 CLV.
721 371 839 427 Non
863 375 945 426 est
977 369 1346 426 resistendum
1375 366 1782 436 consuetudini,
1815 365 1908 422 cui
1935 379 2024 419 ca-
2050 362 2107 430 Α
2135 360 2484 432 mergimus,
2516 361 2668 431 quod
2701 359 3025 431 baptizatos
3064 357 3188 414 oleo
3245 357 3551 430 ungimus,
3602 358 3818 414 verbis

766 446 970 498 nonica
986 459 1095 498 non
1117 443 1293 498 obstat
1324 440 1629 496 auctoritas

729 531 1002 587 Nicolaus
1026 530 1276 586 Michmli
1307 529 1666 601 imperatori.

443 620 615 693 (Dist.
668 621 757 687 I2,
807 637 854 675 c.
904 622 1016 674 Scit
1051 619 1293 690 sancta.)
1343 619 1465 673 Scit
1511 620 1715 672 sancta
1761 615 2024 670 Romana

375 709 632 766 Ecclesia
657 711 795 781 quia
817 708 958 762 nihil
979 707 1383 764 obsuntsaluti
1407 705 2022 761 credentiumdiversaa

376 816 481 872 pro
511 799 634 854 loco
665 805 721 853 et
745 804 1003 868 tempore
1050 796 1532 863 consuetudines,
1584 795 1633 849 si
1685 793 1800 848 illis
1842 808 2026 847 cano-

377 889 512 944 nica
583 903 698 942 non
758 887 955 941 obstat
1013 886 1354 952 auctoritas,
1412 884 1644 954 quando
1705 898 1819 938 una
1880 881 2024 935 ﬁdes

377 993 480 1050 per
555 975 924 1030 dilectionem
984 991 1233 1046 operans
1291 973 1393 1028 uni
1443 972 1558 1028 Deo
1611 987 1816 1028 omnes
1864 985 2022 1024 com-

377 1066 636 1121 mendat.

376 1183 508 1238 CAP.
556 1180 742 1235 CLVI.
792 1179 946 1248 Quod
979 1179 1400 1233 consuetudines

445 1253 522 1307 sis
573 1252 831 1306 Ecclesiis
877 1251 1184 1306 constitutae
1229 1253 1492 1304 maneant
1531 1250 1584 1302 si
1624 1265 1652 1304 c

445 1340 554 1380 non
584 1328 712 1378 sunt
732 1327 782 1378 et
812 1324 1037 1378 veritati
1060 1324 1428 1377 consentiunt.

775 1413 880 1467 Leo
909 1412 987 1467 III
1025 1410 1296 1466 Lothario
1347 1413 1634 1481 Augusto.

451 1502 622 1575 (Dist.
682 1502 770 1568 12,
830 1518 878 1556 c.
938 1498 1302 1570 Ridiculum.)
1378 1497 1457 1552 De
1501 1495 2029 1552 consuetudinibus

381 1608 530 1664 quas
561 1591 730 1646 nobis
751 1605 1044 1662 opponere
1076 1587 1190 1643 nisi
1222 1588 1382 1656 estis,
1430 1585 1753 1641 scribentes
1796 1599 1896 1655 per
1935 1583 2026 1637 di-

378 1697 578 1737 versas
610 1679 899 1736 Ecclesiae
923 1678 1184 1733 diversas
1209 1692 1340 1732 esse
1369 1674 1848 1739 consuetudines,
1881 1673 1931 1726 si
1961 1671 2026 1726 il-

1449 1177 1509 1232 di
1514 1191 1684 1232 μεν-διε
1729 1177 1789 1230 in
1845 1173 2024 1228 diver-

381 1769 455 1826 lis
478 1769 760 1826 canonica
783 1785 898 1824 non
931 1767 1155 1823 obstitit
1180 1767 1523 1834 auctoritas,
1548 1780 1650 1835 pro
1673 1780 1788 1834 qua
1817 1762 1902 1817 eis
1926 1761 2026 1816 ob-
2057 1743 2104 1808 Β

379 1860 537 1916 viare
558 1859 862 1923 debemus,
906 1855 987 1912 nil
1025 1855 1369 1926 judicamus
1415 1854 1501 1909 vel
1541 1853 1624 1909 eis
1674 1850 2026 1908 resistimus.

381 1948 550 2005 Item.
585 1948 814 2019 lgmaro
843 1945 1282 2014 archiepiscopo
1306 1959 1320 1999 :
1348 1942 1680 1998 Ridiculum
1705 1944 1861 1996 estet
1884 1940 2030 1995 satis

383 2035 773 2092 abominabils
803 2035 1058 2090 dedecus
1090 2038 1154 2088 ut
1188 2032 1525 2088 traditiones
1574 2048 1722 2103 quas
1777 2028 2031 2101 antiqui-

383 2128 479 2179 tus
509 2139 542 2177 a
571 2120 838 2178 Patribus
868 2119 1234 2191 suscepimus
1266 2118 1504 2190 infringi
1544 2117 1859 2190 patiamur.

384 2239 522 2296 CAP.
556 2237 766 2293 CLVII.
801 2237 1126 2293 Laudabiiis
1147 2240 1224 2291 est
1252 2235 1580 2290 consuetudo
1626 2248 1752 2305 quae
1775 2234 1922 2288 nihil
1959 2232 2031 2304 ﬁ-

839 2309 927 2365 dei
954 2311 1301 2363 contrarium
1335 2311 1585 2378 usurpat.

1033 2397 1164 2452 Pius
1198 2414 1369 2452 nana.

1034 2415 1164 2452 rius
1198 2415 1369 2469 papa.

451 2487 620 2560 (Dist.
685 2487 767 2553 tl,
829 2503 878 2542 c.
942 2485 1448 2557 Consuetudinem.)
1533 2483 2027 2540 Consuetudinem

382 2575 694 2632 laudamus
725 2593 852 2646 quas
885 2582 1080 2632 tamen
1114 2583 1316 2631 contra
1347 2575 1515 2630 fidem
1547 2572 1900 2630 Catholicam
1931 2570 2034 2627 nil-

383 2682 670 2737 usurpare
699 2665 1081 2737 dignoscitur.

381 2783 514 2840 CAP.
549 2781 789 2840 CLVIII.
819 2782 917 2839 Ubi
970 2783 1275 2838 auctoritas
1333 2779 1514 2850 deﬁcit
1570 2794 1685 2834 mos
1742 2778 1934 2850 populi
1984 2780 2034 2832 et

632 2854 907 2925 majorum
927 2855 1186 2909 instituta
1203 2869 1302 2924 pro
1331 2853 1443 2922 lege
1469 2860 1782 2906 servantur.

737 2945 884 3012 Aug.
921 2941 991 2996 ad
1026 2941 1429 2997 Consulanum
1481 2939 1675 3009 presb.

455 3030 623 3102 (Dist.
649 3031 738 3099 11,
768 3045 819 3086 c.
856 3035 922 3086 In
947 3031 1032 3084 his
1063 3031 1264 3100 rebus.)
1307 3031 1368 3084 In
1413 3029 1505 3083 his
1548 3027 1701 3083 enim
1745 3026 1922 3080 rebus
1961 3025 2032 3079 de

2134 450 2550 506 abrenuntiare
2578 453 2798 504 Satanae
2826 453 2883 503 et
2931 447 3153 506 anaelis
3200 447 3329 518 ejus
3371 447 3816 504 informamus.

2132 539 2295 594 Unde
2326 539 2446 594 haec
2477 543 2534 594 et
2565 538 2679 594 alia
2711 539 2766 592 in
2801 537 2958 593 hunc
2991 537 3228 593 modum
3262 554 3378 592 non
3428 553 3649 609 pauca,
3691 538 3816 592 nisi

2133 628 2309 684 tacita
2337 634 2393 683 et
2428 628 2676 700 mystica
2706 627 3022 683 traditione
3042 644 3075 681 a
3100 627 3368 682 Patribus
3389 625 3814 683 ecclesiastico

2134 733 2315 782 more,
2365 717 2742 772 reverentiori
2779 716 3081 788 diligentia
3119 721 3279 786 sunt,
3313 715 3371 770 in
3429 716 3813 772 ministeriis

2134 807 2440 862 observata
2467 806 2722 874 silentio,
2749 821 2925 876 quam
2951 805 3252 877 publicata
3300 805 3543 877 scripto.

2736 921 2968 977 CAPUT
3008 925 3164 977 CLX.

2581 1011 3050 1067 Constitutionum
3074 1011 3110 1065 Ι.
3145 1027 3184 1078 ι,
3211 1027 3260 1067 c.
3288 1013 3338 1066 1.

2204 1117 2422 1190 (Instit.
2455 1118 2526 1174 de
2547 1118 2682 1188 jure
2713 1129 2829 1174 nat.
2863 1135 2974 1189 gen
3005 1122 3062 1173 et
3091 1118 3223 1185 civ.,
3255 1120 3282 1186 §
3329 1123 3412 1174 Ea:
3459 1135 3576 1175 non
3636 1119 3805 1174 Scri-

1655 1206 1813 1303 ἓηχξα
2132 1209 2381 1315 pta.)“Ex
2413 1224 2526 1306 noon
2557 1206 2778 1279 scripto
2821 1209 2925 1278 jus
2972 1207 3130 1262 venit
3177 1206 3334 1278 quod
3380 1225 3528 1263 usus
3581 1225 3814 1280 appro-

2135 1295 2234 1350 vit.
2260 1295 2405 1349 Nam
2439 1294 2700 1349 diuturni
2725 1311 2920 1349 mores
2950 1309 3239 1349 consensu
3265 1295 3556 1349 utentium
3586 1311 3809 1366 appro-

2135 1384 2278 1452 bati,
2311 1382 2500 1456 legem
2532 1383 2859 1438 imitantur.
2895 1384 3038 1438 Item
3081 1399 3213 1454 qua:
3242 1382 3370 1454 ipsa
3393 1382 3505 1438 sibi
3539 1400 3806 1456 quaeque

2137 1473 2340 1530 civitas
2398 1472 2742 1537 constituit,
2802 1489 2955 1544 sape
3013 1471 3227 1528 mutari
3307 1471 3499 1528 solent
3556 1473 3652 1528 vel
3717 1480 3806 1528 ta-

2137 1563 2251 1617 cito
2314 1579 2599 1618 consensu
2661 1561 2979 1634 principis,
3055 1560 3142 1616 vel
3223 1562 3340 1617 alia
3415 1567 3628 1634 postea
3680 1561 3810 1633 lege

2139 1651 2281 1706 lata.

2242 1771 2384 1824 CAP.
2415 1767 2604 1824 CLXI.
2639 1767 2790 1836 Quod
2818 1767 2896 1893 sit
2922 1783 3056 1893 mtas;
3087 1776 3142 1824 et
3161 1766 3294 1838 quid
3321 1772 3400 1823 est
3429 1783 3664 1825 consue-

2902 1857 2937 1893 u
2977 1855 3037 1893 ο.

2902 1855 3007 1894 uao
3026 1855 3037 1892 Ξ

2687 1927 2853 1989 Isid.,
2887 1928 3068 1999 Etym.
3101 1944 3158 1995 ν,
3191 1930 3242 1982 3.

2212 2034 2379 2106 (Dist.
2414 2035 2572 2102 Il,c.
2597 2035 2702 2090 Mos
2730 2036 2849 2106 est.)
2881 2035 3007 2090 Mos
3055 2038 3146 2090 est
3203 2038 3496 2092 vetustate
3552 2036 3810 2108 probata

2141 2124 2528 2190 consuetudo,
2557 2123 2678 2180 sive
2708 2123 2798 2180 lex
2820 2141 2932 2179 non
2966 2123 3205 2194 scripta.
3240 2127 3381 2180 Item
3429 2128 3803 2182 consuetudo

2140 2219 2230 2271 est
2253 2214 2352 2283 jus
2383 2214 2678 2284 quoddam
2711 2213 2976 2268 moribus
3000 2213 3336 2269 institutum
3360 2215 3517 2285 quod
3544 2231 3642 2284 pro
3677 2213 3811 2283 lege

2142 2302 2483 2375 suscipitur,
2507 2317 2640 2357 cum
2672 2301 2866 2357 deﬁcit
2899 2301 3008 2357 lex.
3042 2301 3156 2358 Nec
3187 2302 3380 2359 differt
3413 2307 3613 2358 utrum
3656 2303 3806 2358 scri-

2143 2401 2312 2466 ptura
2341 2409 2413 2448 an
2443 2391 2666 2447 ratione
2687 2391 2976 2446 consistit.

2139 2512 2270 2566 CAP.
2301 2507 2509 2563 CLXII.
2547 2506 2698 2574 Quod
2723 2508 3057 2562 consuetudo
3087 2516 3140 2561 et
3191 2522 3328 2561 usus
3375 2507 3653 2562 tenendus
3709 2507 3801 2576 sit,

2212 2581 2263 2634 si
2311 2595 2413 2634 nec
2456 2578 2562 2648 legi
2589 2593 2692 2633 nec
2719 2579 2934 2633 rationi
2987 2581 3310 2633 contrarius
3356 2593 3414 2633 es
3436 2584 3478 2632 t.
3517 2579 3617 2634 Vel
3653 2579 3742 2634 sic
3780 2597 3794 2634 :

2214 2651 2489 2720 Quidquid
2516 2651 2599 2718 ﬁt,
2633 2653 2826 2705 contra
2865 2651 3094 2722 longam
3140 2649 3614 2717 consuetudinem,
3647 2667 3793 2708 revo.

2212 2724 2332 2778 cari
2359 2724 2586 2794 oportet.

2668 2809 2804 2866 Cod.
2841 2811 2884 2865 Ι.
2917 2826 3043 2880 vm,
3077 2810 3167 2866 tit.
3204 2811 3256 2865 1.

2214 2917 2380 2990 (Dist.
2416 2919 2504 2984 12,
2539 2934 2589 2973 c.
2624 2918 3021 2987 Consuetudo.)
3045 2918 3417 2973 Consuetudo
3469 2919 3804 2989 praecedens

2143 3013 2202 3064 et
2233 3007 2396 3075 ratio,
2423 3023 2550 3078 quas
2581 3007 3070 3062 consuetudinem
3103 3007 3312 3071 suasit,
3336 3008 3592 3062 tenenda
3613 3013 3724 3072 est,
3749 3017 3803 3063 et

387 3094 601 3190 quibus
619 3117 700 3172 nil
724 3094 862 3172 certi
886 3119 1095 3174 statuit
1113 3094 1416 3188 Scriptura
1438 3117 1657 3179 divina,
1681 3132 1805 3169 mos
1830 3113 2030 3186 populi

2206 3095 2429 3167 iidquid
2453 3094 2900 3164 contralongam
2919 3095 3408 3150 consuetudinem
3429 3095 3549 3161 ﬁet,
3564 3096 3638 3150 ad
3663 3112 3800 3151 con-

387 3207 490 3263 Dei
521 3214 573 3262 et
604 3206 873 3261 instituta
908 3207 1197 3277 majorum
1235 3223 1339 3277 pro
1374 3205 1499 3276 lege
1530 3205 1782 3260 tenenda
1803 3207 1961 3271 sunt,
1984 3207 2040 3258 et

386 3295 540 3351 sicut
561 3295 1032 3366 praevaricatores
1065 3293 1260 3366 legum
1287 3293 1640 3362 divinarum,
1664 3292 1748 3348 ita
1779 3297 2035 3348 contem-

390 3388 586 3456 ptores
616 3383 1114 3440 consuetudinum
1148 3382 1678 3439 ecclesiasticarum
1729 3381 2036 3438 coercendi

388 3477 551 3529 sunt.

387 3560 524 3645 CAP.
555 3589 748 3644 CLIX.
782 3588 1130 3645 Inviolabilis
1160 3597 1237 3644 est
1267 3587 1598 3644 consuetudo
1638 3602 1763 3658 quae
1802 3603 1900 3642 nec
1929 3589 2036 3643 hu-

459 3662 638 3714 manis
675 3659 892 3729 legibus
921 3677 1019 3716 nec
1055 3663 1225 3716 sacris
1280 3662 1583 3716 canonibus
1614 3661 1832 3716 obviare
1887 3677 2037 3717 mon-

460 3735 692 3787 stratur.

841 3803 922 3858 Ex
956 3803 1128 3858 dictis
1164 3803 1385 3870 Basilii,
1418 3819 1468 3858 c.
1499 3803 1589 3857 28.

462 3890 857 3947 Ecclesiarum
895 3893 1298 3947 institutiones
1353 3892 1641 3963 quaedam
1697 3889 2038 3962 Scripturis,

392 3981 678 4052 quasdam
709 3997 838 4036 vero
867 3979 1602 4053 apostolicaiustitutione,
1659 3996 1758 4050 per
1805 3996 2038 4036 succes-

389 4087 553 4128 sores
583 4069 908 4126 ministerio
959 4069 1338 4125 confirmatas
1387 4068 1741 4140 accepimus,
1783 4069 2038 4140 quadam

387 4176 522 4217 vero
545 4158 970 4215 consuetudine
1000 4159 1304 4214 roboratas
1331 4158 1672 4230 approbavit
1706 4174 1868 4212 usus.
1897 4157 2037 4221 Qui-

389 4249 503 4305 bus
528 4265 628 4318 par
655 4248 801 4303 ritus
828 4251 885 4302 et
915 4247 1068 4302 idem
1105 4247 1371 4318 utrisque
1395 4246 1627 4318 pietatis
1677 4246 1924 4301 debetur
1954 4247 2037 4301 af-

390 4336 600 4392 fectus.
634 4336 797 4391 Unde
829 4337 960 4408 quis
991 4335 1078 4391 vel
1110 4336 1547 4407 aliquantulum
1597 4352 1897 4390 sacrarum
1941 4352 2037 4390 ex-

392 4429 594 4498 pertus
619 4424 1058 4496 Scripturarum
1090 4425 1440 4481 haasitaverit
1461 4425 1489 4478 ?
1516 4425 1571 4478 Si
1595 4426 1751 4480 enim
1777 4426 2038 4480 attenda-

2147 3185 2517 3242 suetudinem
2551 3201 2721 3240 suam
2755 3184 3042 3240 revocabit
3076 3200 3287 3255 praeses
3320 3184 3653 3255 provinciae.

2144 3303 2276 3359 CAP.
2309 3301 2542 3359 CLXIII.
2576 3302 2690 3356 Non
2722 3304 2892 3383 potest
2914 3315 3052 3382 usus
3075 3303 3128 3355 et
3155 3301 3487 3357 consuetudo
3527 3302 3702 3373 legem
3747 3306 3794 3358 et

2701 3381 2967 3427 rationem
2994 3381 3237 3428 vincere.

2632 3461 2794 3532 lbid.,
2825 3461 2915 3517 tit.
2947 3477 3009 3530 11,
3042 3461 3144 3517 lib.
3181 3478 3304 3518 vm.

2216 3569 2674 3627 Consuetudinis
2706 3586 2970 3640 ususque
3001 3585 3114 3624 non
3137 3569 3270 3625 vilis
3316 3570 3639 3625 auctoritas
3685 3575 3792 3636 est,

2147 3675 2344 3715 verum
2377 3676 2492 3714 non
2525 3673 2712 3730 usque
2743 3659 2886 3712 adeo
2918 3657 3169 3712 valitura
3211 3665 3524 3727 memento,
3578 3664 3644 3714 ut
3691 3663 3792 3714 aut

2146 3748 2432 3804 rationem
2468 3747 2657 3803 vincat
2680 3751 2780 3802 aut
2807 3745 3016 3819 legem.

2145 3866 2272 3921 CAP.
2309 3863 2540 3920 CLXIV.
2576 3863 2853 3918 Radicitus
2879 3861 3268 3989 esttueivetlenda
3311 3863 3625 3933 perniciosa
3663 3878 3788 3918 con-

2837 3950 2931 3989 sue
3033 3950 3086 3989 ο.

2837 3950 3061 3990 suetuao
3076 3975 3086 3989 .

2589 4022 2867 4079 Nicolaus
2918 4040 3070 4096 papa
3106 4024 3351 4096 Igmaro.

2217 4131 2388 4203 (Dist.
2417 4132 2472 4201 8,
2504 4147 2554 4186 c.
2617 4131 2761 4185 Mala
2789 4129 3018 4199 autem.)
3074 4127 3227 4184 Mala
3268 4128 3633 4184 consuetudo
3683 4145 3790 4184 non

2149 4221 2348 4276 minus
2379 4238 2554 4291 quam
2591 4218 2919 4292 perniciosa
2943 4217 3277 4289 corruptela
3307 4217 3549 4272 vitanda
3565 4224 3658 4274 est
3676 4235 3793 4289 quae

2152 4310 2264 4366 nisi
2297 4310 2469 4364 citius
2500 4309 2728 4364 ruditus
2760 4307 3135 4378 exstirpetur,
3156 4307 3213 4360 in
3244 4305 3793 4378 prwilegiorumjus

2152 4399 2223 4456 ab
2245 4398 2444 4471 impiis
2459 4396 2802 4468 assumitur,
2832 4403 2887 4454 et
2906 4395 3196 4466 incipiunt
3216 4396 3721 4469 przevaricationes
3741 4402 3793 4453 et

390 4513 653 4568 verimus
681 4515 1143 4570 consuetudines
1166 4515 1436 4569 Ecclesia
1459 4530 1573 4568 non
1601 4530 1701 4585 per
1723 4513 1941 4585 scriptu
1953 4522 2031 4569 ra!

2206 4489 2324 4544 IPIiB
2357 4487 2847 4560 prasamptiones
2872 4486 3170 4542 celerrime
3186 4502 3297 4542 non
3320 4501 3670 4557 compressa
3692 4503 3791 4558 pro

393 4619 428 4658 a
456 4602 726 4658 Patribus
754 4603 1020 4670 traditas,
1056 4603 1200 4658 nihil
1233 4603 1542 4673 aestimare,
1567 4607 1850 4674 quantum
1914 4603 2039 4659 reli-

392 4691 486 4765 gio
517 4691 849 4748 detrimenti
902 4691 1095 4748 latura
1154 4693 1252 4758 sit,
1305 4690 1765 4762 despicientibus
1815 4691 2038 4764 liquido

394 4780 706 4837 constabit.
740 4784 873 4848 Quae
907 4781 1086 4846 enim,
1114 4785 1179 4836 ut
1209 4779 1346 4835 inde
1375 4781 1700 4847 ordiamur,
1725 4783 2038 4852 scriptura,

394 4868 707 4926 salutiferas
739 4870 926 4925 crucis
957 4868 1257 4942 signaculo
1283 4868 1481 4925 ﬁdeles
1503 4869 1702 4926 docuit
1730 4869 2042 4943 insigniri?

394 4961 528 5025 Quae
561 4958 646 5015 vel
679 4958 960 5015 trifariam
990 4958 1213 5028 digesta
1242 4975 1416 5028 super
1448 4974 1655 5026 panem
1693 4965 1750 5015 et
1797 4960 2039 5017 calicem

391 5048 624 5119 prolixze
655 5049 933 5106 orationis
961 5053 1018 5102 et
1047 5047 1508 5103 consecrationis
1543 5049 1720 5104 verba
1747 5066 2042 5106 commen-

391 5137 548 5194 davit
569 5138 597 5193 *ἶ
626 5138 770 5193 Nam
805 5155 919 5193 non
955 5138 1126 5192 modo
1159 5137 1314 5208 quod
1347 5138 1683 5192 continetur
1713 5139 1771 5192 in
1796 5141 2045 5209 Evange-

389 5225 470 5282 lio
501 5227 588 5282 vel
621 5228 694 5283 ab
719 5227 994 5297 Apostolo
1013 5226 1302 5282 insertum
1318 5227 1558 5281 secretis
1582 5227 1920 5296 didicimus,
1941 5229 2041 5284 sed

393 5322 450 5373 et
481 5316 591 5371 alia
617 5333 719 5387 per
741 5315 908 5386 plura
927 5315 1239 5385 adjicimus
1267 5329 1536 5385 magnam
1563 5316 1726 5384 quasi
1751 5317 1864 5370 vim
1890 5333 2045 5373 com-

396 5404 733 5460 mendantia
765 5404 1079 5475 mysteriis.
1113 5407 1248 5470 Quze
1281 5403 1561 5457 orientem
1587 5420 1789 5458 versus
1820 5422 1926 5460 nos
1946 5407 2046 5461 ad-

395 5493 904 5548 orarelitterarum
927 5493 1433 5565 formapraestitit?
1470 5492 1882 5550 Benedicimus
1923 5496 2047 5550 fou-

397 5585 516 5636 tem
541 5580 917 5653 baptismatis
934 5581 1058 5639 oleo
1076 5583 1393 5638 unctionis.
1420 5581 1542 5637 Huc
1557 5582 1948 5656 acceditquod
1962 5589 2053 5642 ter

2148 4577 2380 4650 legibus
2411 4577 2696 4644 venerari,
2729 4575 2785 4630 in
2819 4573 3253 4646 privilegiorum
3308 4591 3469 4630 more
3521 4581 3790 4646 perpetuo

2149 4665 2454 4721 celebrari.

2149 4780 2282 4836 CAP.
2343 4780 2556 4838 CLXV.
2617 4782 2832 4835 Pravus
2899 4795 3032 4905 ἵζω
3098 4777 3314 4834 ratione
3392 4783 3694 4850 superatur
3744 4790 3792 4836 et

2957 4866 3039 4905 ac.

2955 4866 3039 4919 ge.

2655 4938 2773 4994 Ibid
2788 4981 2800 4994 .
2833 4939 2893 4994 in
2939 4940 3300 5010 Synonymis.

2224 5047 2391 5121 (Dist.
2427 5048 2513 5116 11,
2546 5063 2596 5102 c.
2634 5048 2766 5104 Usus
2821 5046 3057 5118 auctor.)
3109 5044 3264 5102 Usus
3322 5045 3659 5103 auctoritati
3712 5065 3792 5105 ce-

2156 5139 2274 5194 dat.
2347 5143 2588 5192 Pravum
2647 5153 2822 5192 usum
2877 5135 2968 5192 lex
3027 5141 3081 5190 et
3138 5133 3287 5190 ratio
3335 5134 3531 5190 vincat
3576 5137 3792 5193 veritati

2157 5228 2493 5291 manifesta,
2526 5225 2693 5281 cedat
2740 5225 3105 5280 consuetudo
3147 5222 3407 5280 veritati.
3450 5223 3627 5280 Plane
3673 5227 3797 5298 quis

2161 5316 2388 5370 dubitet
2419 5314 2648 5370 veritati
2698 5314 3010 5369 manifeste
3054 5312 3543 5370 consuetudinem
3585 5316 3795 5371 cedere.

2163 5408 2329 5475 Item,
2363 5419 2535 5459 nemo
2566 5402 3048 5459 consuetudinem
3079 5402 3289 5458 rationi
3321 5408 3380 5458 et
3407 5402 3640 5458 veritati
3672 5421 3799 5477 prae.

2159 5500 2359 5568 ponat,
2391 5493 2528 5565 quia
2559 5493 3047 5550 consuetudinem
3080 5492 3228 5548 ratio
3254 5497 3312 5548 et
3333 5491 3547 5550 veritas
3578 5508 3800 5565 semper

2161 5583 2438 5654 excludit,
2472 5585 2522 5641 si
2547 5583 2713 5653 ratio,
2736 5582 2786 5639 si
2817 5582 3030 5639 veritas
3059 5581 3377 5639 obtinetur.
