4000 6054
145 278 326 334 -1121

1512 279 1911 335 PANORMIA.
1937 308 2005 321 —
2032 282 2163 335 LIB.
2204 283 2277 337 II.

3468 285 3604 341 1122

177 402 323 459 CAP.
366 401 613 458 CLXVI.
648 400 921 468 Quaelibet
952 401 1288 479 consuetudo
1319 403 1539 459 veritati
1567 406 1643 458 est
1698 385 1843 474 post-
1876 409 1931 474 Α
2033 404 2166 459 nino
2198 409 2504 478 respuatur,
2535 409 2783 479 quamvis
2828 412 3017 462 contra
3040 407 3201 478 ﬁdem
3240 424 3352 464 non
3402 412 3609 465 consti-

875 475 1157 544 ponenda.

517 567 688 629 Aug,
722 560 761 615 1.
797 578 853 615 iv
883 563 958 616 De
987 562 1269 632 baptismo,
1304 580 1354 617 c.
1386 564 1440 627 5,
1473 564 1526 617 6.

260 650 432 721 (Dist.
466 651 522 715 8,
556 666 604 704 c.
639 649 698 703 Si
724 649 1251 721 consuetuedinem.)
1281 651 1339 706 Si
1363 652 1846 706 consuetudinem

180 738 463 793 fortassis
495 754 779 809 oppones,
799 738 1220 793 advertendum
1247 738 1357 793 fuit
1378 739 1670 810 episcopo,
1692 738 1848 808 quod

182 826 483 882 Dominus
514 827 656 881 dicit
688 844 701 882 :
735 831 841 896 Ego
871 844 1013 894 sum,
1038 826 1237 899 inquit,
1271 829 1473 882 veritas
1503 827 1678 895 (Joan.
1711 827 1844 897 xxv),

186 933 310 971 non
342 916 443 986 ait,
471 932 577 988 ego
620 932 752 971 sum
786 918 1174 982 consuetudo,
1207 917 1307 971 sed
1339 916 1571 972 veritas.
1611 917 1673 970 Et
1695 920 1849 971 certe

182 1011 255 1060 ut
286 1006 439 1061 beati
474 1005 743 1077 Cypriani
777 1009 1016 1060 utamur
1045 1009 1376 1061 sententia:
1413 1004 1852 1069 Quaelibetcon-

199 1095 461 1152 suetudo
493 1095 873 1166 quantumvis
902 1099 1154 1159 vetusta,
1187 1096 1567 1166 quantumvis
1593 1092 1848 1164 vulgata,

185 1184 425 1241 veritati
458 1184 700 1239 omnino
731 1189 821 1240 est
855 1200 970 1239 non
1021 1184 1432 1255 postponenda
1458 1188 1514 1239 et
1563 1200 1707 1239 usus
1747 1181 1846 1255 qui

186 1273 424 1331 veritati
455 1279 544 1329 est
574 1272 923 1341 contrarius,
957 1273 1300 1329 abolendus.

190 1363 332 1419 CAP.
365 1362 645 1419 CLXVII-
681 1361 935 1417 Veritute
963 1362 1235 1431 revelata,
1256 1361 1713 1419 consuetudinem
1743 1362 1850 1418 sibi

796 1434 982 1489 cedere
1012 1439 1253 1505 oportet.

512 1526 659 1596 Aug.
694 1522 753 1577 in
779 1522 879 1578 lib.
923 1524 995 1579 De
1025 1524 1295 1595 baptismo
1321 1524 1541 1595 parvul.

276 1612 646 1670 Revelatione
675 1612 858 1685 igitur
885 1613 1058 1680 facta,
1079 1614 1249 1669 cedat
1279 1613 1850 1685 errorveritati,quia

200 1708 261 1760 et
294 1704 496 1759 Petrus
548 1703 649 1774 qui
679 1702 1155 1773 circumcidebat,
1201 1702 1382 1759 cessit
1430 1702 1608 1759 Paulo
1647 1705 1849 1759 verita-

197 1798 322 1849 tem
357 1791 715 1863 praedicanti.

195 1881 632 1938 CAP.CLXVIII.
666 1880 981 1955 Resecanda
999 1885 1131 1955 sunt,
1157 1898 1281 1954 quae
1309 1898 1484 1955 neque
1505 1884 1850 1955 auctoritatis

270 1958 371 2027 bus
402 1969 574 2027 neque
604 1953 848 2008 moribus
880 1953 1268 2009 univcrsitatis
1298 1953 1740 2027 comprobantur.
1755 1954 1850 2009 Vel

273 2024 357 2080 sic
382 2042 395 2080 :
429 2024 582 2097 Quod
641 2041 771 2079 usus
801 2028 898 2096 qui
942 2041 1040 2080 nec
1069 2027 1397 2082 auctoritate
1417 2024 1431 2027 ⁷
1452 2027 1761 2097 roboratur,
1797 2030 1848 2081 et

273 2099 335 2151 ιή
364 2096 495 2152 aliis
527 2098 655 2151 locis
690 2104 791 2171 aut
835 2098 933 2152 vix
961 2106 1057 2153 aut
1114 2115 1398 2171 nunquam
1449 2102 1682 2166 tenetur,
1740 2096 1857 2153 cm-

1881 1785 1928 1850 B

2032 480 2243 531 tuetur.

2133 493 2152 530 ι
2195 496 2243 531 r.

2057 493 2127 531 ua
2146 495 2293 638 ἕως.
2326 566 2404 623 ad
2435 567 2670 638 inquisit
2697 568 2947 638 Januar.,
2981 584 3073 640 ep.
3110 568 3230 636 119,
3264 585 3316 623 c.
3349 568 3435 623 19.

2030 674 2237 729 Omnia
2262 675 2419 745 talia,
2454 693 2579 747 quae
2606 694 2792 746 neque
2819 680 3154 731 sanctarum
3176 677 3611 747 Scripturarum

1962 765 2413 820 auctoritatibus
2445 767 2843 833 continentur,
2871 782 2974 820 nec
2996 766 3065 820 de
3096 766 3362 822 conciliis
3392 768 3616 838 episco-

1959 868 2171 923 porum
2203 858 2422 908 statuta
2456 855 2853 921 inveniuntur,
2888 870 2991 909 nec
3023 855 3448 911 consuetudine
3480 854 3615 911 uni-

1962 958 2139 996 versae
2172 943 2443 997 Ecclesias
2475 944 2745 998 roborata
2776 950 2932 1010 sunt,
2968 944 3067 999 sed
3119 943 3482 1001 diversorum
3534 945 3617 1001 lo-

1959 1047 2160 1085 corum
2200 1031 2450 1087 diversis
2476 1032 2738 1087 moribus
2762 1033 3273 1088 innumerabiliter
3291 1034 3615 1104 variantur,

1959 1119 2039 1173 ita
2071 1125 2134 1174 ut
2177 1121 2267 1174 vix
2299 1126 2399 1176 aut
2452 1122 2690 1177 omnino
2741 1138 3047 1192 nunquam
3098 1122 3345 1177 inveniri
3383 1124 3619 1195 possint

1957 1223 2147 1263 causa;
2190 1226 2337 1281 quas
2388 1210 2445 1265 in
2496 1209 2579 1266 eis
2618 1211 3046 1266 constituendis
3104 1211 3374 1267 homines
3424 1213 3612 1267 secuti

1958 1300 2118 1363 sunt,
2153 1297 2249 1353 ubi
2284 1297 2532 1354 facultas
2566 1299 2849 1354 tribuitur
2888 1299 3016 1354 sine
3048 1299 3165 1355 ulla
3224 1300 3612 1369 dubitatione,

1959 1388 2285 1442 resecanda
2314 1387 2561 1442 aestimo.
2596 1388 2873 1453 Quamvis
2903 1391 3061 1442 enim
3088 1405 3279 1460 neque
3324 1390 3432 1445 hoc
3458 1392 3619 1447 inve-

1959 1474 2072 1529 niri
2106 1474 2292 1546 possit
2321 1476 2614 1547 quomodo
2646 1481 2847 1531 contra
2877 1476 3053 1531 fidem
3096 1477 3236 1545 sint,
3286 1476 3479 1549 ipsam
3521 1483 3611 1535 ta-

1957 1579 2090 1619 men
2123 1564 2469 1636 religionem
2500 1581 2677 1637 quam
2709 1564 3085 1636 paucissimis
3116 1569 3172 1620 et
3203 1566 3615 1624 manifestissi-

1960 1651 2072 1706 mis
2112 1652 2559 1708 celebrationem
2613 1653 2999 1708 sacramentis
3057 1654 3460 1711 misericordia
3510 1654 3612 1711 Dei

1953 1741 2139 1795 voluit
2164 1758 2292 1796 esse
2322 1741 2590 1798 liberam.
2625 1745 2807 1808 Quam
2841 1742 3152 1798 servilibus
3183 1745 3460 1801 oneribus
3483 1762 3617 1817 pre-

1962 1835 2149 1896 munt,
2184 1835 2248 1885 ut
2279 1831 2640 1886 tolerabilior
2670 1832 2745 1885 sit
2796 1831 3049 1886 conditio
3098 1833 3459 1899 Judaeorum,
3512 1833 3620 1905 qui

1963 1919 2137 1975 etiam
2170 1921 2217 1973 si
2246 1926 2482 1990 tempus
2512 1919 2803 1974 libertatis
2838 1935 2948 1973 non
2987 1929 3366 1991 cognoscunt,
3408 1921 3620 1992 legali-

1966 2009 2074 2064 bus
2100 2013 2297 2064 tamen
2331 2008 2714 2065 sacramentis
2746 2025 2863 2063 non
2896 2008 3174 2065 humanis
3206 2011 3624 2082 praisumptio-

1972 2097 2145 2153 nibus
2176 2096 2596 2168 subjiciuntur.

946 2442 1046 2500 DE
1089 2439 1687 2503 OBSERVATIONE
1734 2443 1864 2503 ΒΑΕ

1982 2443 2065 2502 .Tl
2112 2444 2203 2501 ET
2250 2444 2413 2503 DIEI
2458 2443 2886 2505 DOMlNlCzE.

324 2603 458 2657 CAP.
491 2601 740 2657 CLXIX.
775 2606 894 2657 Non
924 2610 1009 2657 est
1038 2603 1125 2658 die
1158 2602 1760 2674 Sabblati/eriandum.

282 2691 381 2761 (De
411 2707 675 2747 consecr.
708 2690 847 2747 dist.
878 2692 932 2760 3,
967 2709 1015 2747 c.
1040 2692 1347 2764 Pervenit.)
1376 2692 1643 2749 Pervenit
1674 2693 1743 2748 ad
1762 2708 1855 2748 me

207 2780 500 2851 quosdam
533 2781 789 2851 perversi
826 2780 1071 2852 spiritus
1122 2780 1413 2851 homines,
1467 2800 1643 2853 prava
1701 2782 1856 2838 inter

205 2885 307 2924 vos
342 2867 539 2939 aliqua
566 2876 622 2923 et
653 2874 870 2924 sanctas
904 2870 1036 2924 ﬁdei
1091 2872 1336 2925 adversa
1383 2873 1729 2937 seminasse,
1773 2872 1854 2927 ita

191 2962 277 3013 ut
306 2958 400 3012 die
431 2958 671 3012 Sabbati
704 2956 927 3030 aliquid
978 2960 1205 3030 operari
1258 2960 1654 3029 prohiberent,
1704 2977 1851 3034 quos

212 3046 347 3118 quid
382 3045 539 3101 aliud
564 3046 677 3102 nisi
702 3047 1473 3120 Antichristipraedicatores
1504 3050 1847 3119 dixerimus,

1968 2607 2064 2657 tus
2096 2602 2154 2656 in
2207 2604 2292 2658 eis
2341 2602 2581 2658 minime
2614 2603 2733 2672 ﬁat,
2768 2619 2873 2657 nec
2924 2603 3231 2674 placitum,
3267 2604 3364 2659 ubi
3407 2605 3627 2679 aliquis

1965 2692 2036 2747 ad
2070 2708 2300 2763 pcenam
2335 2691 2422 2745 vel
2454 2692 2524 2746 ad
2551 2692 3136 2762 mortemjudicatur,
3164 2710 3270 2748 nec
3290 2710 3629 2753 sacramen-

1962 2781 2343 2851 tumjuretur
2383 2785 2438 2834 in
2473 2782 2558 2836 eis
2591 2781 2703 2835 nisi
2737 2798 2839 2852 pro
2872 2798 3011 2853 pace
3043 2781 3327 2839 facienda.

2426 2874 2563 2925 CAP.
2596 2869 2835 2924 CLXXI.
2872 2872 2943 2927 De
2969 2870 3148 2925 eodem

2442 2959 2521 3013 Ex
2550 2975 2711 3014 conc.
2748 2960 2976 3027 eodem,
3010 2975 3060 3015 c.
3093 2959 3146 3014 8.

2031 3050 2132 3121 (De
2161 3051 2428 3104 Consecr.
2463 3049 2600 3104 dist.
2625 3050 2677 3119 3,
2717 3049 2871 3121 init.)
2902 3049 2974 3105 Ut
3034 3053 3331 3106 mercatus
3374 3048 3468 3103 die
3512 3046 3625 3101 Do-

214 3136 313 3207 qui
344 3135 640 3192 venientes
680 3135 834 3191 diem
885 3137 1204 3193 Sabbatum
1264 3144 1440 3209 atque
1488 3139 1857 3196 Dominicum
1890 3150 1933 3217 C
1974 3139 2188 3193 minico
2229 3138 2288 3192 in
2324 3137 2485 3193 nullo
2513 3137 2638 3193 loco
2670 3138 2977 3194 habeatur.

214 3226 287 3281 ab
319 3224 479 3279 omni
514 3224 727 3289 facient
772 3241 945 3295 opere
976 3227 1280 3292 custodiri,
1336 3228 1476 3298 quia
1507 3229 1661 3284 enirn
1714 3231 1862 3283 mori

215 3327 278 3368 se
307 3316 364 3367 et
393 3327 696 3383 resurgere
726 3312 989 3381 simulat,
1021 3314 1220 3369 haberi
1251 3314 1377 3370 vult
1407 3315 1465 3369 in
1492 3316 1862 3371 veneratione

217 3401 588 3457 Dominicum
668 3401 845 3459 diem.
916 3403 981 3457 Et
1034 3404 1172 3475 quia
1227 3403 1511 3476 populum
1561 3404 1865 3475 judaizare

222 3491 539 3563 compellit,
573 3492 723 3546 utin
773 3493 1117 3547 exteriorem
1148 3492 1295 3565 legis
1345 3494 1521 3549 ritum
1574 3498 1862 3564 provocet,

224 3586 283 3635 et
310 3580 424 3635 sibi
455 3581 788 3635 Judaeorum
839 3580 1139 3651 perfidiam
1166 3580 1407 3647 subdat,
1439 3582 1547 3635 coli
1581 3582 1703 3637 vult
1731 3582 1868 3637 Sab-

225 3668 449 3722 batum.

224 3766 358 3840 CAP.
390 3765 601 3840 CLXX.
634 3765 833 3840 Diebus
864 3765 1163 3840 Dominicis
1196 3766 1459 3840 mercari,
1510 3766 1749 3839 litigari,
1768 3769 1866 3840 ju-

296 3836 479 3891 dicari
510 3839 593 3911 vel
624 3838 805 3911 iurari
833 3854 941 3911 non
974 3838 1151 3905 debet,
1182 3839 1275 3894 sed
1303 3840 1370 3894 de
1400 3836 1621 3911 vespera
1658 3840 1728 3895 ad
1769 3836 1866 3897 ce-

295 3924 512 3978 speram
542 3910 739 3965 debent
770 3910 1061 3968 celebrari.

628 4000 799 4054 Conc.
828 3999 1313 4070 Compendiense,
1344 4016 1394 4054 c.
1426 4002 1478 4054 2.

299 4087 550 4155 (Extrav.
570 4088 1065 4157 Deferiri.)0mnes
1079 4088 1203 4141 dies
1221 4088 1549 4143 Dominicas
1572 4108 1605 4145 a
1632 4107 1874 4162 vespera

233 4174 289 4229 in
312 4192 614 4247 vesperam
641 4192 772 4230 cum
794 4178 951 4231 omni
976 4177 1347 4232 veneratione
1382 4183 1439 4231 et
1467 4179 1875 4237 observatione

235 4264 601 4321 decrevimus
618 4264 910 4320 abillicito
935 4282 1108 4338 opere
1128 4267 1445 4336 abstinere,
1475 4273 1533 4323 et
1564 4273 1627 4324 ut
1659 4287 1876 4326 merca-

2398 3227 2532 3281 CAP.
2564 3225 2828 3281 CLXXII.
2864 3228 2937 3281 De
2974 3226 3184 3283 eodem.

2448 3316 2527 3369 Ex
2559 3331 2721 3369 conc.
2753 3316 2980 3385 eodem,
3015 3332 3064 3369 c.
3100 3316 3154 3368 6.

2040 3403 2175 3457 Tria
2197 3403 2510 3458 catartaria
2538 3418 2715 3473 opera
2766 3403 2902 3458 licet
2934 3402 3055 3457 fieri
3083 3402 3143 3456 in
3175 3400 3477 3457 Dominica
3508 3400 3625 3467 die,

1973 3492 2031 3547 id
2064 3496 2172 3560 est,
2207 3489 2585 3557 hostilicidia,
2620 3506 2805 3559 carra,
2835 3489 3123 3546 vectualia
3150 3488 3235 3544 vel
3254 3488 3515 3560 angaria,
3548 3492 3629 3553 et,

1975 3580 2023 3635 si
2057 3580 2200 3634 forte
2228 3596 2464 3634 necesse
2496 3580 2592 3645 sit,
2627 3596 2840 3651 corpus
2894 3579 3213 3651 cujuslibet
3241 3577 3411 3634 ducei
3433 3578 3503 3633 ad
3538 3593 3629 3633 se-

1975 3667 2273 3740 pulerum.

1978 3759 2107 3814 CAP.
2140 3756 2437 3812 CLXXIII.
2491 3758 2595 3812 Nec
2656 3758 2715 3811 in
2744 3758 2833 3812 die
2866 3759 3173 3823 Domz'nieo,
3204 3774 3305 3813 nec
3350 3756 3411 3812 in
3440 3756 3632 3812 diebus

2179 3834 2514 3884 Pentecoste:
2547 3831 2604 3883 in
2634 3832 2884 3885 oratione
2912 3847 3090 3902 genua
3110 3831 3424 3899 ﬂectantur.

2493 3921 2663 3972 Conc.
2701 3917 2923 3983 Aurel.,
2958 3936 3008 3974 c.
3045 3919 3129 3973 13.

2051 4006 2154 4077 (De
2183 4023 2443 4062 consecr.
2473 4006 2609 4060 dist.
2645 4008 2697 4069 3,
2747 4024 2793 4061 c.
2852 4008 3163 4075 Quoniam.)
3219 4009 3280 4060 In
3314 4003 3637 4059 Dominicis

1982 4095 2192 4151 diebus
2224 4095 2308 4150 vel
2341 4096 2563 4149 caeteris
2595 4095 2817 4150 festivis
2851 4096 3081 4160 diebus,
3115 4110 3302 4165 usque
3333 4094 3403 4146 ad
3437 4108 3637 4163 vespe-

1982 4202 2108 4240 ram
2141 4202 2173 4239 a
2204 4201 2443 4256 vespera
2475 4202 2590 4239 non
2623 4184 2859 4239 ﬂectant
2887 4200 3095 4255 genua,
3126 4182 3226 4237 sed
3260 4182 3359 4237 sed
3414 4184 3637 4237 stantes

1986 4273 2274 4329 incurvati
2305 4277 2488 4329 orent.

1702 4613 1800 4671 DE
1843 4613 2173 4675 JEJUNIO.

241 4771 374 4826 CAP.
732 4765 945 4846 Septem
975 4765 1430 4846 fiebdmnadibua
1451 4786 1485 4824 a
1512 4786 1675 4827 carne
1704 4777 1755 4826 et
1793 4771 1879 4828 de-
1908 4781 1955 4845 D
1987 4775 2218 4831 Domini
2251 4774 2435 4830 vocati
2467 4792 2500 4829 a
2554 4791 2726 4829 carne
2773 4775 3064 4845 jejuncnt,
3125 4776 3265 4846 quia
3314 4773 3467 4830 sicut
3518 4772 3640 4827 dis-

504 4838 651 4893 liriis
683 4846 807 4893 ante
829 4839 1045 4893 Pascha
1073 4838 1261 4894 clerici
1288 4842 1619 4897 abstineant.

309 4928 474 5000 (Dist.
509 4927 562 4993 3,
595 4943 644 4981 c.
680 4924 984 4981 Statuimus
1023 4926 1215 4998 [144].)
1261 4928 1607 4998 Cognoscite
1639 4947 1671 4984 a
1716 4931 1883 4984 nobis

241 5025 296 5074 et
324 5016 550 5073 cunctis
583 5015 891 5087 episcopis,
910 5015 964 5069 in
984 5016 1089 5070 hac
1110 5022 1313 5071 sancta
1332 5018 1723 5088 etapostolica
1749 5019 1884 5073 sede

243 5105 629 5179 congregatis,
665 5108 950 5157 statutum
967 5120 1093 5159 esse
1128 5109 1457 5177 et,septem
1482 5105 1884 5162 hebdomadas

243 5197 439 5270 plenas
470 5198 603 5250 ante
634 5196 901 5248 sanctum
933 5193 1176 5261 Pascha,
1201 5210 1403 5249 omnes
1434 5194 1628 5251 clerici
1648 5195 1708 5250 in
1732 5200 1888 5252 sorte

316 5373 405 5444 (14
450 5373 465 5443 )
498 5371 891 5444 Concordatc.
929 5371 1187 5442 Denique,
1216 5372 1344 5444 read.
1381 5374 1542 5436 dist.,
1578 5373 1747 5426 sedin
1778 5374 1890 5428 fine

246 5443 403 5500 illius
433 5459 480 5499 c.
508 5443 759 5496 dicitur:
794 5443 923 5495 Haec
954 5444 1063 5495 etsi
1096 5443 1321 5512 legibus
1361 5446 1680 5498 constituta
1729 5452 1888 5513 sunt,

224 5523 441 5573 tamen
475 5514 611 5582 quia
642 5514 941 5568 communi
977 5530 1085 5567 usu
1118 5515 1438 5583 approbata
1459 5531 1570 5569 non
1593 5522 1749 5583 sunt,
1778 5534 1891 5572 non

234 5590 625 5659 _observantes
655 5584 1145 5658 transgressionis
1170 5601 1296 5641 reos
1319 5602 1434 5642 non
1459 5592 1725 5659 arguent;
1750 5588 1893 5647 alias

1992 4871 2150 4918 creta
2179 4864 2347 4918 debet
2377 4880 2506 4919 esse
2553 4862 2672 4917 vita
2719 4862 3056 4918 clericorum
3103 4881 3136 4918 a
3189 4863 3469 4918 laicorum
3505 4877 3645 4915 con-

1992 4952 2341 5021 versatione,
2374 4952 2455 5007 ita
2494 4956 2552 5006 et
2582 4952 2641 5006 in
2684 4945 2909 5022 jejunio
2960 4952 3131 5006 debet
3179 4950 3303 5005 fieri
3345 4948 3643 5004 discretio.

1996 5039 2110 5093 Has
2153 5056 2289 5112 ergo
2338 5040 2620 5112 septimas
2670 5040 3066 5097 hebdomadas
3113 5055 3316 5095 omnes
3370 5036 3564 5094 clerici
3615 5053 3648 5091 a

1997 5145 2166 5183 carne
2197 5132 2253 5183 et
2284 5146 2318 5184 a
2366 5128 2899 5199 deliciisjejunent,
2921 5135 2976 5184 ct
3007 5128 3240 5200 hymnis
3266 5126 3566 5198 etvigiliis,
3591 5130 3650 5182 et

1996 5216 2364 5273 orationibus
2379 5218 2626 5273 Domino
2642 5218 2923 5272 inhaerere
2940 5218 3030 5271 die
3048 5222 3335 5288 noctuque
3347 5216 3649 5271 studeant.

2001 5381 2221 5443 contra,
2258 5376 2366 5430 nisi
2406 5377 2548 5431 forte
2579 5377 2715 5446 quis
2766 5376 2919 5429 dicat
2967 5374 3087 5429 haec
3119 5391 3230 5428 non
3282 5374 3648 5429 decernendo

2001 5464 2128 5503 esse
2158 5454 2401 5509 statuta,
2434 5451 2532 5503 sed
2558 5448 2915 5502 exhortando
2946 5447 3297 5516 conscripto.
3344 5451 3649 5500 Decretum

2004 5536 2133 5573 vere
2166 5520 2573 5575 necessitatem
2606 5518 2763 5585 facit,
2791 5517 3117 5573 exhortatio
3171 5524 3363 5573 autem
3403 5519 3650 5575 liberam

2005 5589 2387 5648 voluntatem.
