4000 6054
182 266 353 321 1125

1534 268 1930 323 ΡΑΝΟΒΜΙΔ.
1966 297 2034 306 -
2066 270 2201 323 LIB.
2244 271 2315 324 II.

3492 268 3631 325 1126

206 406 490 449 numerus
515 408 586 445 XL
634 389 858 447 dierum
901 390 1277 463 impleantur,
1299 408 1425 462 quae
1456 390 1719 447 Salvator
1754 407 1854 445 no-
1885 394 1941 459 Α
1972 408 2109 446 mox
2151 396 2215 446 ut
2247 392 2540 448 audierint
2571 394 2827 465 signum,
2860 395 2930 450 ad
2983 394 3186 450 horam
3223 410 3433 449 nonam
3467 409 3632 450 Inan-

206 487 328 536 ster
350 497 456 537 suo
480 497 646 536 sacro
676 480 907 550 jejunio
952 481 1380 536 consecraverit
1407 496 1463 535 ιν
1496 482 1621 535 dies
1654 480 1865 551 prioris

203 570 584 626 hebdomadas
606 571 677 625 ad
702 569 1184 641 supplementum
1212 588 1282 624 XL
1304 570 1554 636 dierum,
1571 571 1867 625 addantur

205 661 263 714 id
290 664 378 714 est
400 664 610 729 quarta
634 659 776 713 feria
798 676 926 729 quae
949 660 1136 730 Caput
1161 658 1377 729 jejunii
1411 660 1785 726 subnotatur,
1810 664 1868 711 et

208 765 241 804 v
287 750 431 803 feria
478 764 755 819 sequens,
789 753 845 803 et
874 764 929 801 Vl
961 753 1018 802 et
1049 748 1392 801 Sabbatum.
1436 747 1559 801 Nisi
1616 753 1868 817 quatuor

212 838 361 894 istos
385 838 509 892 dies
532 837 937 908 superioribus
969 853 1137 890 xxxvx
1169 837 1614 905 adjunxerimus
1646 853 1715 888 χι,
1744 835 1867 889 dies

211 928 272 982 in
305 927 663 982 abstinentia
698 943 810 981 non
848 927 1199 981 haberemus
1254 926 1541 980 Juliemur
1585 925 1760 980 etiam
1793 924 1865 980 ab

211 1016 601 1088 omnipotenti
636 1016 749 1070 Deo
780 1016 1049 1070 omnium
1080 1016 1367 1070 bonorum
1403 1020 1734 1069 nostrorum
1767 1015 1865 1068 de-

211 1105 397 1161 cimas
446 1105 604 1161 dare.
629 1106 994 1176 Quapropter
1025 1109 1090 1159 ut
1120 1104 1309 1159 omnis
1338 1120 1371 1159 a
1404 1102 1571 1158 nobis
1603 1104 1710 1157 rite
1739 1119 1866 1173 per-

211 1193 492 1262 solvatur,
528 1194 807 1249 tollamus
837 1194 1122 1249 decimam
1158 1192 1319 1258 anni,
1352 1196 1409 1247 et
1443 1192 1499 1246 in
1532 1208 1599 1247 ea
1633 1194 1869 1263 peccata

209 1287 412 1339 nostra
432 1283 790 1352 conﬁtendo,
808 1282 1156 1353 corrigendo
1181 1281 1672 1351 nos,jejunando,
1696 1295 1867 1335 oran-

208 1373 303 1443 do,
352 1371 782 1442 eleemosynam
835 1371 1029 1425 dando
1080 1371 1508 1441 abstergamus,
1543 1375 1601 1425 et
1630 1385 1866 1424 carnem

211 1464 472 1517 nostram
504 1460 886 1530 decimemus,
919 1463 982 1514 ut
1008 1459 1079 1515 ad
1113 1463 1383 1515 sanctum
1419 1458 1639 1515 Pascha
1679 1458 1866 1514 securi

220 1549 521 1623 pervenire
553 1550 875 1621 possimus.

210 1676 344 1732 CAP.
364 1675 711 1731 CLXXXIII.
741 1674 947 1743 Quibus
977 1674 1311 1745 temporibus
1348 1672 1633 1746 ﬂectentur
1665 1689 1864 1745 genua.

734 1748 913 1802 Conc.
947 1746 1165 1812 Aurel.,
1190 1766 1236 1801 c.
1274 1747 1354 1800 l3.

284 1854 455 1925 (Dist.
480 1854 569 1921 30,
596 1870 645 1909 c.
691 1853 754 1909 Si
783 1855 904 1924 quis
933 1854 1179 1924 presb.,§
1206 1853 1471 1925 Placuit.)
1520 1852 1593 1908 Ut
1623 1852 1865 1924 presby-

181 1943 315 2001 teri
351 1942 619 2014 plebibus
651 1945 1027 2013 annuntient,
1054 1944 1208 2015 quod
1237 1944 1292 1996 in
1323 1942 1868 2013 Quadragesima,et

208 2031 511 2101 injejunio
535 2033 797 2096 Quatuor
812 2031 1613 2103 Tempornm,tantummodo
1637 2030 1706 2085 ad
1733 2030 1869 2085 mis-

210 2136 413 2175 sarum
447 2119 738 2175 solemnia
767 2136 959 2192 genua
992 2120 1221 2176 ﬂectere
1241 2120 1577 2190 debeant,in
1603 2119 1864 2176 Domini-

212 2208 297 2264 cis
323 2210 534 2264 diebus
557 2212 615 2264 et
636 2210 695 2265 in
714 2212 938 2266 caeteris
962 2210 1125 2266 festis
1150 2210 1529 2266 minime.Nec
1551 2209 1865 2281 quisquam

213 2297 510 2353 ullatenus
543 2316 658 2353 uno
691 2315 841 2369 genu
878 2300 1022 2354 flexo
1055 2317 1217 2355 orare
1248 2299 1864 2371 presumat,sicut.lu-

216 2386 323 2441 daai
355 2387 666 2443 irridentes
697 2388 1010 2443 Dominum
1037 2389 1093 2442 in
1118 2388 1388 2461 passione
1410 2388 1536 2458 ejus
1559 2387 1762 2442 fecisse
1782 2387 1867 2442 le-

218 2477 567 2547 guntur,sed
596 2482 843 2550 utraque
865 2495 1058 2551 genna
1078 2478 1137 2534 in
1162 2484 1377 2533 terram
1400 2476 1867 2548 ponat.Aitenim

220 2566 581 2637 Apostolus:
631 2568 808 2622 Fleeto
854 2585 1035 2637 genua
1082 2585 1199 2624 mea
1251 2566 1321 2622 ad
1362 2568 1585 2621 Patrem
1644 2567 1870 2622 Domini

221 2654 398 2710 nostri
424 2657 552 2711 Jesu
584 2656 791 2711 Christi
820 2658 1033 2729 (Ephes.
1067 2657 1172 2728 in).

217 2778 354 2835 CAP.
387 2779 732 2835 CLXXXIV.
767 2780 903 2835 Ante
934 2782 1233 2835 missarum
1263 2780 1551 2845 solemnia,
1582 2778 1735 2834 circa
1767 2779 1868 2835 ho-

290 2867 411 2906 ram
438 2867 638 2907 nonam
666 2852 959 2908 decantata
1006 2852 1065 2907 in
1110 2852 1545 2921 Quadragesima
1589 2852 1735 2906 nulli
1779 2867 1867 2906 co-

288 2922 505 2978 medere
536 2923 678 2979 licet.

708 3011 884 3067 Conc.
919 3012 1205 3079 Cabilon.,
1237 3029 1286 3065 c.
1319 3012 1373 3066 5.

287 3119 387 3189 (De
446 3134 707 3175 consecr.
762 3119 900 3174 dist.
953 3121 1003 3190 1,
1054 3136 1103 3175 c.
1158 3119 1346 3175 Solent
1389 3118 1618 3191 plures.)
1663 3116 1863 3173 Solent
1893 3137 1935 3204 ρ

212 3207 415 3279 plures
465 3208 567 3279 qui
619 3225 681 3263 se
726 3208 999 3279 jejunare
1050 3213 1262 3281 putant
1291 3208 1351 3263 in
1384 3206 1860 3280 Quadragesima,

1973 481 2209 537 ducare.
2244 483 2351 545 Qui
2384 483 2723 538 nullatenus
2745 485 3018 553 jejunare
3063 485 3338 539 credendi
3384 489 3544 553 sunt,
3579 485 3629 540 si

1976 575 2109 625 ante
2141 572 2621 628 manducaverint
2654 590 2829 643 quam
2862 574 3260 646 vespertinum
3304 572 3631 629 celebretur

1975 659 2255 714 ofﬁcium.
2280 663 2761 716 Concurrendum
2786 668 2874 717 est
2894 664 3047 718 enim
3073 664 3141 718 ad
3173 662 3412 718 missam
3442 667 3497 717 et
3525 679 3629 718 au-

1975 748 2117 803 ditis
2150 749 2463 804 missarum
2495 750 2797 806 solemniis
2830 758 2886 806 et
2916 752 3493 822 vespertinisol‘ﬁciis
3516 752 3629 808 lar-

1974 838 2112 907 gitis
2140 837 2525 909 eleemosynis
2558 844 2625 894 ait
2662 843 2824 895 cibos
2856 842 3248 895 accedendum
3282 842 3470 896 est.b'i
3492 857 3629 897 vero

1976 925 2191 997 aliquis
2220 926 2301 981 ita
2332 929 2680 983 necessitate
2702 932 3056 984 constrictus
3087 931 3262 985 fuerit
3291 936 3355 984 ut
3386 931 3455 984 ad
3494 930 3630 986 mis-

1977 1031 2103 1070 sam
2138 1017 2333 1072 venire
2387 1034 2501 1071 non
2552 1019 2759 1086 valeat,
2789 1020 3073 1074 aestimata
3121 1018 3439 1089 vespertini
3485 1019 3631 1076 hora

1976 1103 2269 1175 completa
2298 1105 2559 1160 oratione
2587 1123 2714 1169 sua,
2739 1107 3039 1176 jejunium
3072 1107 3281 1162 solvat.

1974 1194 2109 1248 CAP.
2172 1193 2502 1250 CLXXXV.
2555 1195 2889 1267 Quotidiano
2933 1196 3156 1265 jejunio
3203 1196 3499 1267 duplicatis
3543 1194 3636 1251 vel

2363 1266 2668 1336 triplicatis
2698 1276 2824 1320 sunt
2861 1268 3234 1336 prae/erenda.

2046 1356 2219 1425 Aug.,
2243 1370 2332 1425 ep.
2355 1354 2447 1423 65,
2472 1354 2543 1409 ad
2570 1354 2970 1481 Eusttifhtium,
2997 1356 3067 1411 de
3098 1356 3367 1412 custodia
3385 1357 3558 1428 virgi-

2690 1441 2750 1481 ni
2781 1443 2812 1481 a
2846 1443 2915 1481 ιε.

2690 1441 2915 1482 ωιδιιε.

2047 1514 2152 1583 (De
2183 1529 2471 1584 consecr.,
2497 1513 2636 1569 dist.
2668 1515 2724 1583 5,
2752 1531 2801 1570 c.
2837 1516 2962 1571 Sint
2993 1515 3142 1587 tibi.)
3174 1516 3305 1572 Sint
3350 1516 3458 1573 tibi
3488 1533 3634 1589 quo-

1974 1602 2200 1658 tidiana
2222 1602 2474 1675 jejunis,
2509 1608 2565 1659 et
2598 1604 2836 1659 refectio
2868 1606 3207 1661 satietatem
3250 1605 3501 1677 fugiens.
3534 1606 3635 1662 Ni-

1975 1690 2056 1745 hil
2090 1691 2245 1746 enim
2280 1692 2519 1762 prodest
2552 1691 2677 1759 tibi,
2704 1692 2881 1748 biduo
2908 1698 3009 1749 aut
3031 1694 3224 1749 triduo
3256 1696 3630 1762 transmisso,

1894 1767 1940 1832 B
1972 1796 2221 1837 vacuum
2252 1786 2486 1851 portare
2520 1787 2801 1848 ventrem,
2835 1783 2881 1836 si
2918 1782 3137 1853 pariter
3186 1784 3549 1856 obstruetur,
3579 1783 3632 1840 si

1975 1885 2100 1924 com
2113 1874 2433 1940 pensantur
2450 1875 2580 1924 satu
2592 1870 3022 1940 rilatejejunia.
3042 1870 3198 1925 Illico
3223 1888 3388 1927 mens
3413 1871 3631 1944 repleta

1974 1959 2277 2029 torpescit,
2301 1963 2354 2013 et
2378 1958 2621 2036 irrigata
2653 1963 2808 2014 terra
2838 1960 3098 2030 corporis
3126 1960 3306 2031 hujus
3340 1961 3545 2033 spinas
3575 1966 3633 2017 et

1976 2048 2227 2104 carduos
2257 2047 2569 2119 germinat.

2329 2138 2460 2192 ΟΑΡ.
2493 2136 2824 2192 CLXXXVI.
2858 2139 2931 2193 De
2960 2140 3149 2194 eadem
3190 2154 3271 2194 re.

2174 2225 2406 2280 Hieron.
2442 2226 2512 2279 ad
2542 2226 2955 2296 Nepotianum,
2989 2228 3061 2281 de
3090 2227 3208 2284 vita
3238 2225 3431 2285 cleric.

2046 2314 2177 2369 Sint
2198 2314 2551 2385 tibijejunia
2581 2332 2747 2386 pura,
2771 2318 3075 2383 continua,
3105 2320 3427 2384 moderata,
3448 2316 3505 2373 id
3539 2322 3631 2375 est

1976 2403 2239 2474 quotidie
2268 2402 2513 2467 esurire,
2545 2407 2601 2458 et
2634 2404 2893 2474 quotidie
2922 2405 3231 2475 prandere.

2309 2492 2439 2547 CAP.
2473 2492 2850 2548 CLXXXVII.
2888 2494 3117 2550 Hieron.
3154 2494 3289 2548 ibid.

2048 2583 2263 2636 Parcus
2296 2582 2463 2636 cibus
2487 2590 2541 2634 et
2563 2598 2796 2652 semper
2817 2589 3018 2637 venter
3040 2584 3629 2651 esuriens,triduanis

1977 2672 2282 2742 praefertur
2305 2669 2571 2740 jejuniis.

2295 2758 2423 2814 CAP.
2461 2758 2859 2815 CLXXXVIII.
2893 2760 3128 2817 Hieron.
3163 2761 3293 2816 ibid.

2046 2848 2683 2919 Sperniturjejunium,
2709 2850 2865 2920 quod
2889 2849 2948 2903 in
2973 2866 3281 2921 vesperum
3306 2850 3626 2923 repletione

1974 2938 2239 2993 ciborum
2274 2937 2555 2992 relicitur.

2383 3026 2519 3081 CAP.
2555 3026 2899 3082 CLXXXIX.
2937 3027 3221 3083 Isidorus.

2048 3115 2369 3172 Perfectum
2398 3115 2691 3185 jejunium
2716 3120 2825 3185 est,
2845 3117 3079 3187 quando
3105 3116 3280 3173 homo
3308 3120 3507 3174 noster
3526 3133 3626 3173 ex-

1975 3205 2151 3261 terior
2172 3206 2424 3277 jejunat,
2449 3209 2507 3260 et
2540 3204 2781 3261 interior
2809 3209 2956 3261 orat.

1577 3470 1677 3529 DE
1719 3467 2261 3528 ELEEMOSYNA.

424 3602 557 3654 CAP.
592 3602 727 3655 CXC
754 3602 971 3672 Jejumo
995 3598 1339 3669 eteemosyna
1362 3597 1668 3669 jungenda.

292 3686 509 3743 Diebus
540 3705 671 3743 vero
696 3689 907 3761 jejunii
942 3688 1311 3761 eleemosyna
1364 3687 1626 3743 facienda
1674 3690 1762 3742 est
1812 3690 1869 3742 et

220 3777 418 3833 cibum
451 3778 573 3832 sive
603 3782 807 3849 potum
838 3795 951 3849 quo
986 3778 1234 3850 quisque
1267 3777 1469 3833 debuit
1499 3776 1605 3845 uti,
1639 3776 1688 3832 si
1711 3777 1868 3847 jeju-

220 3868 467 3935 naverit,
502 3868 859 3938 pauperibus
892 3874 1107 3938 eroget.
1135 3868 1281 3931 Quia
1323 3868 1591 3937 jejunare
1622 3874 1679 3921 et
1708 3867 1867 3921 cibos

218 3956 451 4027 prandii
482 3959 552 4011 ad
588 3972 810 4010 coenam
837 3971 1089 4025 servare,
1115 3973 1224 4010 non
1254 3956 1559 4025 mercedis,
1583 3956 1684 4010 sed
1716 3956 1869 4010 cibo-

218 4061 349 4099 rum
383 4048 471 4099 est
493 4044 942 4100 incrementum.

218 4132 349 4191 CAP.
383 4133 560 4189 CXCI.
597 4135 705 4202 Qui
752 4133 816 4188 de
864 4134 1028 4188 rebus
1058 4134 1323 4189 concessis
1356 4133 1435 4188 vel
1461 4133 1591 4188 bene
1620 4133 1869 4204 quaesitis

430 4206 831 4276 eleemosynam
862 4206 1156 4277 impendit,
1189 4206 1291 4259 illa
1318 4206 1498 4274 placet
1526 4206 1652 4260 Deo.

489 4299 661 4367 Greg.
695 4312 787 4366 ep.
825 4296 944 4360 110,
976 4294 1015 4349 l.
1050 4311 1150 4358 vn,
1182 4295 1252 4349 ad
1287 4294 1597 4362 Siagrium.

290 4385 398 4451 (14,
422 4400 479 4455 q.
502 4385 558 4451 5,
582 4400 631 4439 c.
660 4385 1060 4455 Eleemosyna.)
1095 4382 1472 4453 Eleemosyna
1516 4383 1867 4454 Redempto-

217 4472 300 4527 ris
332 4473 512 4528 nostri
547 4472 733 4528 oculis
765 4472 866 4527 illa
894 4471 1104 4544 placet,
1140 4488 1266 4544 qua:
1299 4488 1413 4526 non
1447 4470 1670 4527 illicitis
1697 4476 1754 4527 et
1785 4471 1869 4527 in-
1898 4507 1945 4571 Β

218 4561 461 4632 quinate
492 4562 848 4634 congeritur,
883 4563 981 4617 sed
1018 4578 1144 4633 qua:
1176 4562 1247 4617 de
1281 4561 1456 4616 rebus
1485 4560 1783 4617 concessis
1813 4565 1869 4617 et

219 4651 367 4706 bene
399 4653 703 4722 acquisitis
736 4652 1120 4723 impenditur.

281 4743 414 4795 CAP.
446 4741 642 4795 CXCII.
680 4742 751 4795 De
778 4740 1076 4809 multiplici
1103 4754 1296 4811 genere
1324 4740 1814 4811 eleemmynarum.

682 4812 926 4866 Albinus
959 4826 1059 4867 seu
1100 4810 1407 4865 Alcuinus.

290 4900 460 4970 (Dist.
493 4901 582 4965 45,
616 4916 664 4954 c.
702 4900 877 4970 Tria.)
910 4900 1047 4955 Tria
1094 4915 1307 4971 genera
1356 4903 1497 4954 sunt
1545 4899 1870 4972 elsemosy-

219 5004 455 5058 narum,
484 5005 600 5043 una
632 4989 969 5060 corporalis,
1004 4988 1196 5061 egenti
1230 4988 1367 5045 dare
1395 4988 1682 5061 quidquid
1711 4993 1869 5061 pote-

215 5080 332 5143 ris;
357 5078 540 5133 altera
561 5078 908 5149 spiritualis,
936 5078 1232 5133 dimittere
1254 5096 1287 5132 a
1308 5094 1424 5148 quo
1447 5078 1623 5133 lassus
1656 5078 1867 5145 fueris;

213 5166 388 5223 tertia
435 5166 845 5236 delinquentes
889 5167 1197 5238 corrigere,
1230 5172 1287 5221 et
1316 5176 1609 5222 errantem
1656 5168 1870 5221 ducere

214 5256 273 5311 in
299 5255 457 5310 viam
488 5254 775 5309 veritatis.

213 5346 349 5403 CAP.
383 5343 623 5401 CXCIII.
674 5343 1045 5416 Eleemosynis
1086 5345 1338 5414 pecuniae
1379 5346 1685 5415 praefertur
1726 5344 1866 5401 elee-

811 5432 1041 5486 mosyna
1069 5416 1277 5471 cordis.

624 5507 773 5577 Aug.
807 5506 967 5561 hom.
1003 5507 1058 5570 6,
1091 5504 1128 5559 1.
1165 5520 1205 5570 1,
1238 5505 1449 5562 Homil.

282 5594 455 5667 (Dist.
487 5596 579 5661 45,
610 5610 660 5652 c.
690 5596 827 5651 Duae
852 5594 1032 5665 sunt.)
1079 5598 1214 5650 Duas
1263 5598 1403 5650 sunt
1460 5593 1864 5667 eleemosynts,

1979 3613 2096 3650 una
2144 3596 2357 3665 cordis,
2393 3594 2507 3651 alia
2556 3595 2836 3666 pecunias.
2871 3597 3251 3671 Eleemosyna
3306 3601 3499 3658 cordis
3545 3605 3636 3658 est

1978 3684 2272 3739 dimittere
2322 3685 2477 3755 quod
2526 3684 2700 3739 Iasus
2752 3690 2860 3741 est.
2894 3686 3038 3743 Nam
3091 3688 3229 3744 dare
3274 3689 3497 3763 aliquid
3532 3690 3640 3746 ali-

1978 3774 2213 3845 quando
2247 3774 2534 3846 indigenti
2579 3776 2792 3846 quaaris
2822 3782 2878 3831 et
2908 3793 3023 3831 non
3056 3776 3274 3847 habes;
3330 3780 3638 3853 indulgere

1980 3869 2215 3934 pOCCth
2247 3870 2533 3935 quantum
2575 3864 2829 3920 volueris
2874 3866 3165 3922 redundat
3214 3868 3340 3925 tibi.
3372 3869 3638 3925 Eleemo-

1977 3969 2122 4021 syna
2145 3952 2337 4006 cordis
2353 3951 2537 4005 multo
2558 3954 2739 4021 major
2751 3958 3028 4024 estquam
3046 3956 3637 4029 eleemosynacorpo-

1977 4042 2078 4096 ris.
2112 4040 2426 4095 Charitatis
2468 4040 2834 4112 eleemosyna
2860 4042 2988 4097 sine
3020 4048 3251 4100 terrena
3299 4046 3635 4102 substantia

1978 4129 2232 4196 sufﬁcit;
2264 4128 2358 4183 illa
2402 4145 2536 4184 vero
2585 4147 2710 4199 qua:
2760 4131 3139 4202 corporaliter
3187 4133 3379 4201 datur,
3415 4133 3465 4188 si
3516 4148 3632 4190 non

1976 4218 2228 4289 benigno
2260 4219 2435 4273 corde
2467 4218 2749 4273 tribuitur
2777 4220 3019 4274 omnino
3051 4237 3166 4275 non
3199 4220 3437 4277 sufﬁcit.

1977 4332 2103 4389 CAP.
2138 4332 2375 4389 CXCIV.
2407 4334 2522 4413 Non
2539 4337 2751 4413 _potest_
2784 4336 2905 4405 ﬁeri
2951 4336 3301 4413 eleemosyna
3348 4354 3420 4392 ea:
3463 4354 3633 4411 pecu-

2401 4406 2500 4459 nia
2528 4406 2846 4461 Simoniace
2884 4406 3200 4477 acquisita.

2456 4494 2651 4567 Greg.,
2683 4511 2774 4567 ep.
2812 4497 2935 4563 110,
2969 4497 3005 4551 1.
3040 4515 3139 4553 v11.

2049 4585 2123 4656 (1,
2157 4600 2214 4655 q.
2254 4586 2302 4649 1,
2336 4600 2384 4639 c.
2421 4585 2535 4639 Non
2566 4586 2689 4655 est.)
2723 4584 2921 4656 Neque
2951 4586 3320 4658 eleemosyna
3369 4590 3634 4661 putanda

1979 4678 2068 4729 est
2099 4674 2146 4729 si
2174 4673 2532 4745 pauperibus
2563 4673 2939 4743 dispensetur
2954 4675 3105 4747 quod
3125 4676 3434 4733 exillicitis
3458 4679 3633 4734 rebus

1980 4762 2287 4835 accipitur,
2320 4761 2459 4834 quia
2491 4762 2591 4833 qui
2623 4762 2729 4817 hac
2761 4763 3083 4819 intentione
3118 4764 3269 4822 male
3308 4767 3539 4839 accipit,
3570 4771 3636 4823 ut

1980 4853 2148 4923 quasi
2187 4852 2335 4907 bene
2383 4850 2705 4922 dispenset,
2737 4858 3011 4922 gravatur
3062 4854 3257 4926 potius
3306 4870 3487 4925 quam
3536 4857 3632 4926 ju-

1984 4946 2166 4995 vetur.

2053 5046 2187 5101 CAP.
2221 5045 2426 5101 CXCV.
2458 5046 2806 5119 Augustinus
2835 5047 2907 5103 De
2939 5047 3189 5104 doctrina
3222 5048 3561 5106 Christiana.

2052 5142 2329 5214 Quisquis
2361 5147 2558 5197 autem
2582 5143 2757 5198 rebus
2785 5145 3269 5215 praztereuntibus
3301 5147 3631 5203 restrictius

1981 5233 2185 5299 utitur,
2210 5248 2384 5302 quam
2420 5248 2549 5287 sese
2580 5232 2799 5287 habent
2820 5250 3012 5289 mores
3035 5250 3237 5289 eorum
3261 5252 3393 5291 cum
3418 5236 3631 5307 quibus

1976 5321 2139 5389 vivit,
2170 5325 2270 5375 aut
2300 5320 2721 5391 intemperans,
2756 5326 2856 5375 aut
2901 5322 3319 5393 supertitiosus
3349 5329 3457 5380 est.
3492 5324 3630 5388 Quis

1978 5409 2112 5482 quis
2142 5425 2272 5465 vero
2302 5408 2385 5465 eis
2418 5410 2624 5477 utitur,
2662 5413 2724 5464 ut
2756 5414 2942 5465 metas
2972 5413 3418 5468 consuetudinis
3453 5414 3632 5471 bonc-

1977 5516 2109 5555 rum
2131 5499 2283 5555 inter
2304 5516 2452 5571 quos
2473 5502 2756 5567 versatur,
2786 5500 3044 5567 excedat,
3070 5505 3173 5557 aut
3197 5500 3418 5574 aliquid
3441 5504 3627 5577 signi-

1975 5588 2132 5658 ﬁcat,
2162 5593 2263 5647 aut
2290 5588 2619 5661 ﬂagitiosus
2674 5591 2785 5643 est.
2818 5587 2881 5643 In
2910 5588 3188 5647 omnibus
3218 5590 3375 5649 enim
3405 5592 3628 5655 talibus
