3938 6074
397 289 534 346 1127

1427 280 1438 290 ⁸
1482 275 1550 325 D.
1589 269 1829 325 IVONIS
1863 265 2362 321 CARNOTENSIS
2397 265 2716 324 EPISCOPI

3691 254 3841 312 1128

362 421 511 471 "non
543 427 691 468 usus
719 423 912 465 rerum
945 404 1046 460 sed
1069 399 1328 458 libidoin
1351 396 1526 468 culpa
1548 399 1656 450 est.
1678 393 1838 460 Quod
1867 391 2045 463 igitur
2073 395 2125 460 Α
2153 388 2385 444 Domini
2420 391 2577 461 pisce
2609 388 2782 456 vesci,
2815 403 2990 458 quam
3020 384 3302 441 lenticula
3331 399 3492 439 more
3522 385 3696 438 Esau
3736 397 3838 437 ne.

394 503 540 560 locis
586 505 644 558 et
690 495 938 570 tempori
989 497 1046 550 et
1092 487 1359 564 personis
1401 484 1706 541 conveniat
1737 482 2046 554 diligenter

396 591 821 650 attendendum
873 590 982 653 est,
1016 598 1086 637 ne
1117 586 1334 635 temere
1381 575 1603 646 flagitia
1652 571 2043 643 reprehenda-

398 699 550 739 mus.
573 679 720 737 Fieri
749 677 903 733 enim
937 679 1124 744 potest
1155 674 1218 723 ut
1249 668 1375 722 sine
1404 665 1598 734 aliquo
1629 661 1766 717 vitio
1817 660 2042 730 cupidi-

394 773 536 829 tatis
582 768 673 824 vel
721 762 1054 821 voracitatis
1104 756 1527 828 pretiosissimo
1557 753 1793 822 sapiens
1823 753 2042 813 utatur,

395 859 684 932 insipiens
717 858 909 909 autem
949 846 1271 904 foedissima
1294 843 1441 915 gula
1468 842 1725 908 flamma,
1751 841 1806 892 in
1831 837 2043 894 vilissi-

399 928 562 1006 mum
610 946 877 1002 ardescat
924 944 980 994 et
1028 935 1230 993 sanius
1279 932 1531 1004 quisque
1580 928 1854 984 maluerit
1887 943 2046 983 more

2156 482 2307 550 potis
2328 479 2652 549 Abraham,
2677 482 2778 533 aut
2806 478 3023 532 hordeo
3047 475 3671 545 morejumentorum.
3704 472 3832 527 Non

2153 567 2309 623 enim
2362 574 2670 639 propterea
2718 565 3178 622 continentiores
3227 567 3368 618 sunt
3401 561 3578 617 nobis
3614 560 3833 633 plures

2153 657 2350 713 bestiae
2383 657 2522 728 quia
2550 657 2856 712 vilioribus
2890 659 3141 709 utuntur
3169 653 3338 708 escis.
3360 652 3506 707 Nam
3530 649 3832 706 omnibus

2155 747 2501 816 hujusmodi
2533 747 2705 801 rebus
2739 762 2852 799 non
2885 761 2951 798 ex
2981 758 3184 798 earum
3220 745 3430 796 natura
3453 739 3691 811 quibus
3719 740 3830 794 uti-

2155 853 2306 904 mur,
2343 836 2443 890 ssd
2473 851 2596 890 eam
2631 833 2833 889 utendi
2866 838 2924 888 et
2958 832 3129 886 modo
3175 830 3507 902 appetendi,
3547 829 3640 882 vel
3695 845 3832 900 pro-

2155 925 2417 980 bandum
2450 928 2560 994 est,
2589 923 2672 980 vel
2707 922 3189 994 improbandum,
3221 921 3375 992 quod
3411 918 3705 974 facimus.

401 1111 3160 1152 __________________________..__________________

1615 1244 1985 1340 LIBER
2044 1241 2592 1336 TERTIUS.

1416 1620 1518 1679 DE
1565 1616 1808 1679 SUMMI
1855 1613 2282 1675 PONTlFlCIS
2328 1614 2789 1676 ELECTIONE.

400 1802 536 1857 CAP.
569 1801 613 1852 Ι.
648 1792 924 1864 Quomodo
967 1798 1015 1864 et
1063 1805 1100 1845 a
1146 1786 1342 1864 quibus
1371 1780 1624 1864 personis
1671 1776 1931 1852 facienda
1974 1777 2049 1832 sit
2083 1779 2127 1842 Β
2159 1791 2264 1830 nec
2293 1793 2326 1830 a
2354 1774 2944 1847 comprovincialibus
2974 1775 3438 1847 epiScopis,cum
3473 1771 3823 1846 metropoli-

851 1861 1041 1920 electio
1069 1853 1274 1915 summi
1301 1853 1596 1929 pontiﬁcis.

722 1956 801 2010 Ex
830 1951 1088 2009 Decretis
1126 1945 1346 2004 Nicolai
1376 1961 1559 2018 papae,
1593 1960 1642 1998 c.
1679 1943 1728 1998 1.

474 2066 637 2137 (Diet.
666 2064 758 2129 23,
790 2077 840 2116 c.
871 2061 932 2115 In
961 2059 1183 2113 nomine
1226 2051 1494 2118 Domini.)
1539 2049 1604 2103 In
1658 2046 1893 2137 nomine
1934 2045 2045 2099 Do-

399 2134 548 2212 mini
580 2151 765 2209 nostri
797 2145 1116 2205 Salvatoris
1147 2145 1283 2200 Jesu
1317 2138 1560 2206 Christi,
1583 2153 1736 2192 anno
1758 2136 1829 2191 ab
1853 2134 2046 2190 lncar-

401 2244 636 2301 natione
683 2241 813 2312 ejus
864 2237 1024 2306 1059,
1059 2250 1261 2290 mense
1306 2228 1546 2301 Aprilis,
1578 2224 1897 2281 indictione
1944 2239 2045 2289 xu,

401 2331 730 2406 prepositis
748 2325 1140 2384 sacrosanctis
1165 2315 1879 2406 Evangeliis,praesidente
1905 2328 2048 2406 quo-

399 2399 1024 2494 que-reverendissimo
1037 2429 1104 2467 ac
1118 2409 1458 2465 beatissimo
1472 2404 1707 2460 Nicolao
1729 2399 2049 2473 apostolico

399 2492 571 2582 papa,
601 2507 661 2562 in
693 2504 936 2561 basilica
966 2496 1345 2557 Lateranensi
1377 2492 1766 2567 patriarchica
1795 2506 1922 2582 quae
1953 2505 2044 2544 co-

397 2579 776 2672 gnominatur
805 2590 1246 2651 Constantiana.
1277 2582 1724 2642 considentibus
1753 2579 1928 2635 etiam
1957 2593 2046 2632 re-

396 2667 840 2745 verendissimis
871 2679 1182 2753 episcopis,
1207 2676 1542 2734 abbatibus,
1567 2687 1668 2727 seu
1703 2667 2046 2724 venerabili-

396 2778 527 2843 bus,
561 2772 918 2847 presbyteris
963 2774 1138 2839 atque
1179 2763 1463 2829 diaconis,
1496 2761 1650 2814 idem
1695 2753 2046 2847 venerabilis

397 2843 676 2940 pontifex.
703 2860 1052 2916 auctoritate
1083 2853 1405 2927 apostolica
1435 2851 1776 2940 decernens,
1811 2847 1890 2940 de.
1928 2843 2043 2940 ele-

395 2932 587 3012 ctione
616 2953 836 3010 summi
869 2945 1165 3020 pontificis
1197 2942 1426 3012 inquit:
1484 2959 1511 2991 ιι
1541 2936 1710 2992 Novit
1739 2932 2043 2990 beatitudo

393 3049 609 3112 vestra,
659 3035 1034 3098 dilectissimi
1082 3034 1286 3087 fratres
1337 3035 1393 3084 et
1441 3025 1720 3098 episcopi,
1769 3022 2044 3078 inferiora

395 3109 630 3204 quoque
659 3128 924 3184 membra
954 3139 1068 3179 non
1102 3118 1575 3188 latuit,defuncto
1604 3114 1712 3186 piae
1743 3109 2040 3167 memoria;

397 3202 635 3276 domino
657 3215 954 3286 Stephano
977 3210 1402 3283 praedecessore
1422 3208 1645 3272 nostro,
1670 3202 1785 3256 haec
1815 3204 2041 3271 aposto-

395 3309 508 3366 lica
538 3308 708 3365 sedes
738 3304 853 3374 cui,
877 3306 1114 3358 auctore
1145 3298 1261 3354 Deo
1291 3293 1575 3360 deservio,
1625 3295 1770 3362 quot
1797 3291 2043 3344 adversa

394 3396 718 3473 pertulerit,
764 3397 908 3467 quot
958 3389 1211 3460 denique
1264 3403 1363 3456 per
1409 3381 1754 3438 Simoniacae
1802 3377 2042 3473 haeresis

392 3467 706 3560 trapezitae
737 3483 998 3552 repetitis
1029 3477 1258 3533 malleis
1288 3472 1623 3541 crebrisque
1662 3467 2042 3524 tunsionibus

365 3559 777 3648 subjacuerit,
799 3573 940 3626 adeo
973 3574 1036 3623 ut
1066 3565 1340 3622 columna
1366 3563 1460 3618 Dei
1483 3559 1868 3629 viventisjam
1895 3572 2041 3628 pene

355 3713 359 3718 .
389 3646 686 3722 videretur
715 3664 944 3725 nutare,
977 3661 1034 3714 et
1073 3671 1291 3727 sagena
1320 3653 1536 3708 summi
1569 3646 1877 3720 piscatoris
1909 3661 2040 3718 pro-

391 3754 554 3812 cellis
583 3747 1122 3808 intumescentibus
1158 3746 1465 3815 cogeretur
1493 3739 1551 3793 in
1586 3735 1876 3807 naufragii
1911 3750 2040 3806 pro-

390 3845 576 3902 funda
621 3838 946 3910 submergi.
979 3836 1165 3897 Unde,
1206 3833 1256 3888 si
1305 3831 1493 3903 placet
1543 3826 1894 3882 fraternitati
1943 3842 2040 3880 ve-

359 3940 546 4004 .straa,
604 3932 913 3997 debemus,
975 3923 1291 3981 auxiliante
1345 3925 1486 3982 Deo,
1534 3916 1747 3971 futuris
1803 3915 2040 3970 casibus

390 4000 708 4099 prudenter
737 4031 1061 4084 occurrere,
1088 4018 1145 4070 et
1175 4007 1568 4068 ecclesiastico
1608 4004 1786 4099 statui
1837 4019 1909 4059 ne
1951 4000 2038 4058 vel

387 4093 640 4171 recidiva
668 4109 848 4182 (quod
881 4105 1088 4172 absitl)
1140 4099 1295 4157 mala
1343 4095 1712 4171 praevaleant,
1747 4093 1806 4148 in
1841 4096 2041 4164 poste-

387 4219 516 4259 rum
569 4199 892 4272 providere.
925 4197 1290 4264 Quapropter
1335 4184 1604 4243 instructi
1651 4183 2039 4255 praedecesso-

389 4307 520 4346 rum
552 4292 886 4344 nostrorum
929 4283 1294 4348 aliorumque
1323 4283 1662 4332 sanctorum
1695 4273 2041 4328 auctoritate

390 4383 652 4443 Patrum,
684 4372 1055 4431 decernimus
1102 4373 1273 4439 atque
1324 4363 1642 4421 statuimus
1675 4366 1758 4431 ut,
1788 4362 2039 4417 obeunte

389 4467 570 4537 hujus
604 4465 878 4521 Romanis
911 4455 1260 4515 universalis
1305 4452 1572 4511 Ecclesia:
1622 4450 1915 4523 pontiﬁce,
1949 4449 2037 4504 in-

2159 1867 2277 1921 tani
2301 1867 2527 1937 judicio
2558 1867 2906 1922 consecrati.
2943 1887 2965 1917 ι

2229 1956 2376 2020 Quia
2405 1972 2538 2011 vero
2574 1957 2743 2011 sedes
2773 1955 3095 2028 apostolica
3127 1954 3355 2010 cunctis
3380 1954 3437 2008 in
3472 1953 3616 2009 orbe
3638 1963 3826 2008 terra-

2157 2060 2287 2098 rum
2322 2046 2627 2114 przefertur
2657 2044 2952 2109 Ecclesiis,
2985 2050 3160 2112 atque
3193 2043 3322 2098 ideo
3350 2059 3532 2114 super
3580 2058 3644 2096 se
3694 2057 3821 2096 me-

2156 2133 2573 2205 tropolitanum
2597 2133 2810 2189 habere
2829 2150 2941 2188 non
2974 2137 3182 2205 potest,
3199 2132 3526 2187 cardinales
3550 2131 3816 2202 episcopi

2158 2221 2357 2292 procul
2392 2223 2569 2278 dubio
2605 2221 3032 2294 metropolitani
3064 2221 3186 2276 vice
3219 2221 3568 2292 funguntur,
3593 2220 3696 2290 qui
3725 2219 3812 2273 vi-

2157 2310 2370 2366 delicet
2411 2310 2662 2366 electum
2711 2311 3056 2374 antistitem,
3085 2311 3157 2365 ad
3190 2309 3497 2381 apostolici
3529 2307 3814 2364 culminis

2158 2399 2382 2471 apicem
2417 2399 2761 2471 provehunt.
2782 2398 3043 2470 Eligatur
3073 2403 3268 2452 autem
3301 2397 3372 2452 de
3403 2395 3596 2467 ipsius
3619 2393 3813 2450 Eccleo

2158 2488 2266 2556 sia,
2301 2489 2348 2544 si
2385 2489 2673 2560 reperitur
2710 2488 2978 2552 idoneus,
3006 2485 3092 2541 vel
3121 2486 3167 2540 si
3200 2487 3270 2540 de
3300 2485 3429 2556 ipsa
3478 2501 3597 2538 non
3649 2484 3812 2538 inve-

2158 2580 2340 2647 nitur,
2373 2595 2441 2633 ex
2489 2577 2602 2632 alia
2640 2582 2911 2632 sumatur
2942 2575 3100 2631 salvo
3131 2574 3326 2630 debito
3360 2573 3606 2638 honore,
3640 2579 3703 2628 et
3727 2589 3811 2626 re-

2155 2667 2418 2722 verentia
2464 2665 2662 2721 dilecti
2711 2665 2813 2720 lilii
2863 2663 3040 2720 nostri
3075 2661 3445 2732 Henrici,qui
3472 2663 3812 2732 impraesen-

2157 2756 2374 2810 tiarum
2427 2771 2524 2809 rex
2581 2753 2849 2819 habetur,
2905 2758 2964 2808 et
3011 2753 3240 2807 futurus
3298 2749 3644 2822 imperator,
3695 2750 3806 2805 Deo

2154 2845 2529 2911 concedente,
2553 2849 2841 2914 speratur,
2861 2841 3014 2898 sicut
3031 2843 3153 2912 jam
3179 2840 3291 2895 sibi
3322 2840 3733 2895 concessimus
3753 2844 3805 2894 et

2154 2931 2596 2988 successoribus
2619 2931 2886 3002 suis,qui
2919 2930 2990 2986 ab
3023 2931 3131 2985 hac
3163 2929 3482 3001 apostolica
3510 2928 3653 2983 sede
3687 2945 3808 2999 per-

2153 3019 2434 3077 sonaliter
2457 3020 2566 3076 hoc
2584 3021 2688 3092 jus
2717 3020 3175 3091 impetraverint.

2224 3110 2383 3177 Quod
2412 3109 2460 3165 si
2483 3125 2793 3180 pravorum
2821 3116 2994 3180 atque
3014 3107 3352 3178 iniquorum
3384 3104 3696 3162 hominum
3730 3105 3808 3160 ita

2155 3198 2507 3272 perversitas
2557 3197 2888 3268 invalusrit,
2919 3201 2983 3253 ut
3013 3213 3179 3269 pura,
3213 3195 3438 3250 sincera
3467 3199 3645 3266 atque
3675 3210 3807 3266 gra-

2151 3289 2302 3344 tuita
2349 3287 2553 3344 electio
2600 3287 2722 3343 fieri
2773 3287 2834 3341 in
2881 3287 3022 3342 urbe
3070 3303 3185 3341 non
3238 3284 3444 3354 possit,
3476 3282 3805 3339 cardinales

2151 3379 2409 3449 episcopi
2441 3393 2573 3433 cum
2607 3375 2897 3449 religiosis
2920 3374 3146 3430 clericis
3169 3371 3476 3429 catholicis
3496 3371 3803 3444 laicisqus,

2151 3466 2286 3522 licet
2314 3466 2646 3538 paucis,jus
2667 3464 2974 3537 potestatis
3006 3463 3311 3520 obtineant
3340 3461 3555 3534 eligere
3579 3468 3804 3533 aposto-

2151 3557 2275 3612 licae
2305 3558 2463 3613 sedis
2496 3556 2853 3628 pontificem,
2889 3553 2989 3610 ubi
3034 3554 3456 3625 congruentius
3491 3552 3802 3624 judicave-

2152 3647 2290 3701 rint.
2326 3645 2502 3702 Plane
2529 3649 2840 3718 postquam
2870 3643 3077 3699 electio
3108 3642 3284 3697 fuerit
3313 3641 3488 3711 facta,
3511 3641 3562 3696 si
3595 3640 3802 3696 bellica

2150 3739 2494 3806 tempestas,
2543 3733 2629 3789 vel
2687 3732 3114 3805 qualiscunque
3171 3731 3480 3786 hominum
3529 3735 3797 3800 conatus,

2151 3823 2542 3894 malignitatis
2572 3823 2767 3879 studio
2795 3821 3094 3889 restiterit,
3130 3827 3196 3876 ut
3226 3821 3275 3876 is
3307 3821 3409 3891 qui
3439 3819 3664 3875 electus
3693 3829 3796 3884 est,

2150 3912 2208 3966 in
2238 3911 2552 3983 apostolica
2585 3912 2723 3966 sede
2746 3911 2917 3981 juxta
2946 3909 3431 3965 consuetudinem
3458 3908 3792 3964 intronizari

2151 4019 2263 4057 non
2298 4000 2502 4068 valeat,
2535 3999 2754 4056 electus
2788 4005 2982 4056 tamen
3017 3999 3173 4055 sicut
3205 4015 3357 4070 papa
3388 3999 3791 4054 auctoritatem

2149 4091 2430 4156 obtineat,
2462 4090 2699 4162 regendi
2732 4095 2998 4145 sanctam
3032 4089 3357 4144 Romanam
3388 4087 3798 4154 Ecclesiam,et

2150 4180 2498 4251 disponendi
2547 4195 2750 4234 omnes
2798 4178 3106 4234 facultates
3153 4177 3336 4247 illius,
3388 4177 3546 4248 quod
3594 4176 3795 4232 beatus

2149 4269 2466 4340 Gregorius
2483 4271 2630 4323 ante
2652 4285 2820 4324 suam
2844 4267 3346 4323 consecrationem
3365 4265 3573 4321 fecisse
3591 4281 3797 4337 cogno-

2148 4359 2360 4414 vimus.
2385 4357 2547 4422 Quod
2573 4356 2621 4412 si
2644 4356 2778 4428 quis
2809 4360 3011 4412 contra
3042 4356 3152 4412 hoc
3177 4359 3443 4412 nostrum
3476 4354 3798 4423 decretum,

2149 4447 2417 4521 synodali
2461 4447 2753 4503 sententia
2791 4445 3232 4518 promulgatum
3282 4461 3385 4517 per
3431 4443 3798 4512 seditionem,

391 4522 602 4629 primis
631 4550 962 4608 cardinales
1001 4546 1257 4619 episcopi
1290 4522 1744 4616 diligentissime
1774 4539 1948 4596 simul
1979 4539 2051 4593 de
2079 4522 2126 4588 D
2158 4541 2260 4592 aut
2289 4535 2552 4607 quolibet
2578 4535 2814 4607 ingenio
2844 4533 3091 4604 electus,
3123 4539 3223 4590 aut
3265 4534 3443 4589 etiam
3495 4533 3800 4588 ordinatus

385 4627 670 4701 electione
700 4641 1022 4696 tractantes
1039 4652 1170 4691 mox
1188 4633 1402 4690 Christi
1433 4631 1675 4688 clericos
1707 4627 2038 4684 cardinales

391 4732 731 4797 adhibeant,
765 4728 966 4800 sicque
1017 4725 1276 4797 reliquus
1320 4720 1573 4796 populus
1622 4724 1678 4774 et
1727 4717 1919 4773 clerus
1965 4716 2038 4771 ad

389 4836 744 4879 consensum
771 4834 924 4874 novae
946 4815 1247 4871 electionis
1270 4812 1569 4879 accedant,
1595 4807 1874 4863 nimirum
1903 4822 2040 4878 pras-

389 4915 661 4968 cavontes
693 4926 763 4963 ne
790 4904 1125 4962 venalitatis
1171 4902 1410 4957 morbus
1444 4897 1702 4968 qualibet
1736 4893 2040 4951 occasione

391 5003 690 5071 subrepat.
726 4997 790 5052 Et
819 4997 951 5051 ideo
984 4989 1416 5066 religiosissimi
1447 4987 1556 5042 viri
1588 4987 1889 5058 prseduces
1921 4984 2041 5038 sint

390 5091 447 5146 in
503 5085 878 5161 promovendi
930 5080 1224 5156 pontificis
1267 5076 1569 5144 electione,
1603 5073 1809 5144 reliqui
1842 5077 2036 5128 autem

389 5195 692 5252 sequaces.
727 5181 795 5232 Et
825 5179 978 5230 certe
1019 5173 1214 5225 rectus
1245 5183 1310 5222 ac
1344 5163 1645 5236 legitimus
1677 5162 1770 5216 hic
1801 5163 2040 5218 electio-

388 5269 479 5324 nis
510 5269 650 5323 ordo
683 5261 1087 5337 perpenditur,
1112 5257 1158 5311 si
1189 5254 1458 5326 perfectis
1480 5253 1841 5307 diversorum
1875 5267 2038 5320 regu-

388 5357 461 5412 lis
495 5358 740 5411 fratrum
771 5351 890 5405 sive
921 5345 1318 5421 gestis,etiam
1340 5343 1443 5397 illa
1465 5342 1618 5397 beati
1648 5342 2038 5411 praedecesso-

387 5445 469 5500 ris
502 5443 686 5500 nostri
721 5440 924 5496 Leonis
975 5433 1267 5492 sententia
1321 5431 1630 5487 recolatur.
1668 5454 1693 5479 ((
1728 5428 1919 5498 Nulla,
1948 5429 2036 5483 in-

390 5533 539 5604 quit,
572 5531 721 5587 ratio
760 5529 902 5584 sinit
949 5531 1014 5581 ut
1063 5525 1213 5579 inter
1240 5523 1546 5593 episcopos
1579 5519 1908 5575 habeantur
1937 5517 2038 5588 qui

367 5624 496 5680 “nec
526 5636 561 5678 a
588 5617 817 5677 clericis
847 5619 988 5672 sunt
1016 5611 1204 5684 electi,
1237 5626 1344 5667 nec
1383 5626 1418 5666 a
1447 5609 1719 5684 plebibus
1777 5607 2036 5680 expetiti,

2147 4627 2234 4681 vel
2259 4625 2646 4680 intronizatus
2669 4623 2860 4689 fuerit,
2881 4624 3228 4679 auctoritate
3250 4623 3472 4691 divina,
3486 4627 3541 4677 et
3563 4627 3798 4677 sancto-

2149 4733 2279 4770 rum
2313 4713 2714 4786 apostolorum
2750 4713 2898 4768 Petri
2931 4719 2988 4768 et
3017 4711 3203 4779 Pauli,
3245 4715 3524 4782 perpetuo
3555 4709 3795 4765 anathe-

2149 4809 2324 4871 mate,
2351 4821 2484 4859 cum
2510 4803 2634 4858 suis
2665 4803 3024 4868 auctoribus,
3047 4801 3396 4871 fautoribus,
3420 4800 3795 4870 sequacibus,

2148 4911 2182 4948 a
2210 4894 2516 4949 liminibus
2546 4898 2764 4948 sanctae
2788 4892 2886 4946 Dei
2908 4891 3177 4946 Ecclesiae
3200 4895 3507 4960 separatus
3530 4888 3798 4958 subjicia-

2147 4989 2262 5043 tur,
2298 4983 2452 5037 sicut
2507 4982 2912 5049 antichristus,
2944 4985 3001 5036 et
3053 4980 3310 5046 invasor,
3351 4984 3410 5033 et
3466 4978 3793 5033 destructor

2150 5073 2332 5127 totius
2361 5070 2853 5138 christianitatis;
2888 5085 2991 5124 nec
3035 5068 3235 5138 aliqua
3261 5083 3441 5138 super
3472 5067 3584 5122 hoc
3617 5068 3667 5122 ei
3700 5084 3792 5122 au-

2149 5161 2370 5216 dientia
2391 5160 2704 5230 aliquando
2723 5162 3072 5226 reservetur,
3091 5158 3191 5213 sed
3218 5157 3290 5212 ab
3313 5155 3475 5212 omni
3497 5157 3792 5212 ecclesias-

2147 5251 2261 5304 tico
2293 5251 2480 5320 gradu
2511 5265 2862 5321 quocunque
2903 5249 3066 5318 prius
3121 5247 3332 5308 fuerat,
3365 5247 3495 5301 sine
3526 5251 3796 5301 retracta—

2148 5341 2308 5394 tione
2339 5343 2687 5410 deponatur.
2721 5337 2820 5392 Cui
2855 5336 3127 5408 quisquis
3180 5334 3514 5404 adhazserit,
3544 5336 3800 5406 veLqua-

2147 5427 2500 5498 lemcunque
2531 5431 2809 5497 tanquam
2835 5425 3095 5497 pontifici
3116 5423 3501 5479 reverentiam
3525 5424 3802 5479 exhibue-

2149 5517 2244 5584 rit,
2278 5522 2378 5572 aut
2427 5517 2487 5570 in
2536 5515 2732 5586 aliquo
2777 5531 2913 5570 eum
2968 5514 3279 5570 defendere
3335 5512 3797 5585 praesumpserit,

2147 5606 2275 5680 pari
2296 5605 2586 5663 sententia
2605 5607 2684 5661 sit
2704 5601 3567 5676 mancipatus.Quisquishujus
3589 5609 3799 5659 nostra
