4000 6054
211 242 349 296 1129

1518 230 1916 285 PANORMIA.
1953 256 2017 267 —-
2048 233 2182 288 LIB.
2225 239 2322 290 III.

3482 238 3619 296 1130

211 361 523 421 decretalis
549 358 855 416 sententia
889 359 1205 414 temerator
1233 355 1542 424 exstiterit,
1570 359 1627 410 et
1654 358 1858 408 Roma-
1894 353 1944 417 A
1978 359 2221 430 placuit,
2255 359 2545 431 siquidem
2580 362 2637 416 in
2674 380 2854 419 unum
2886 379 2948 419 se
2979 362 3160 418 totius
3181 363 3514 419 convenerit
3533 380 3626 420 ec-

213 469 349 509 nam
380 449 699 506 Ecclesiam
761 465 869 503 sua
926 446 1382 519 prasumptione
1425 444 1782 500 confundere
1814 447 1870 497 et

212 540 560 614 perturbare
591 542 796 593 contra
826 536 936 590 hoc
967 538 1254 590 statutum
1288 532 1616 598 tentaverit,
1665 545 1869 602 perpe-

211 638 314 687 tuo
347 630 720 686 anathemate
752 630 927 697 atque
988 623 1592 679 excommunicatione
1624 622 1869 676 damne-

211 725 331 788 tur,
388 725 443 775 et
501 735 635 774 cum
684 715 884 788 impiis
917 713 1019 786 qui
1053 730 1167 769 non
1202 716 1521 782 resurgunt
1554 711 1613 765 in
1643 707 1869 780 judicio

213 813 541 876 reputetur.
575 803 1007 877 Omnipotentis
1040 802 1263 858 scilicet
1296 800 1395 856 Dei
1430 800 1617 855 Patris
1652 803 1707 854 et
1741 795 1871 852 Filii

215 904 274 955 et
303 896 555 969 Spiritus
586 894 775 951 sancti
808 897 1014 949 contra
1044 908 1105 947 se
1136 891 1285 945 iram
1311 890 1618 955 sentiat,et
1640 891 1872 942 sancto-

214 1005 349 1043 rum
382 985 785 1058 apostolorum
812 981 965 1038 Petri
998 986 1055 1037 et
1078 979 1260 1047 Pauli,
1298 994 1549 1051 quorum
1572 975 1876 1049 prasumit

218 1076 575 1133 confundere
624 1071 965 1137 Ecclesiam,
998 1072 1057 1125 in
1090 1070 1201 1124 hac
1230 1070 1355 1123 vita
1384 1073 1442 1123 et
1468 1067 1528 1121 in
1562 1067 1759 1121 futura
1785 1064 1873 1118 fu-

220 1182 410 1221 rorem
443 1162 679 1220 sentiat.
718 1161 838 1216 Fiat
870 1159 1081 1215 habitio
1117 1160 1247 1229 ejus
1293 1158 1538 1223 deserta,
1598 1163 1651 1211 et
1695 1156 1754 1209 in
1786 1158 1872 1208 ta-

222 1253 537 1311 bernaculis
586 1252 716 1322 ejus
758 1266 870 1305 non
900 1250 978 1303 sit
1010 1249 1107 1319 qui
1135 1246 1409 1302 inhabitet
1439 1245 1608 1317 (Psal.
1644 1244 1833 1313 vam)
1861 1258 1877 1309 ;

221 1343 387 1399 tiant
420 1340 530 1412 ﬁlii
560 1344 680 1413 ejus
712 1335 1483 1410 orphanietuxoreiusvidua
1505 1335 1675 1406 (Psal.
1695 1334 1875 1399 cvm).

227 1434 539 1489 Commotus
584 1432 916 1485 amoveatur
958 1428 1075 1496 ipse
1106 1434 1268 1496 atque
1295 1426 1448 1496 ﬁlius
1480 1424 1617 1495 ejus,
1650 1426 1701 1477 et
1732 1437 1880 1475 men-

224 1523 411 1578 dicent
440 1528 494 1575 et
522 1520 828 1590 ejiciantur
857 1515 922 1571 de
954 1515 1395 1570 habitationibus
1425 1512 1558 1568 suis.
1592 1512 1881 1567 Scrutatur

225 1614 525 1683 fanerator
582 1622 798 1662 omnem
856 1604 1222 1660 substantiam
1292 1603 1409 1674 ejus
1478 1605 1531 1657 et
1608 1600 1882 1670 diripiant

1979 447 2292 505 clesiastici
2318 450 2541 506 ordinis
2560 451 2763 507 electio
2778 459 3156 508 consecretur
3167 453 3390 508 electus
3407 452 3628 524 episco-

1980 554 2108 608 pus.
2158 539 2213 592 Si
2260 545 2480 610 tamen,
2512 546 2577 595 ut
2608 542 2731 596 ﬁeri
2765 541 2931 610 solet,
2965 542 3161 597 studia
3201 541 3479 613 coeperint
3503 559 3633 599 esse

1981 627 2231 694 diversa,
2291 646 2495 685 eorum
2555 631 2626 686 de
2675 631 2892 701 quibus
2951 635 3244 686 certamen
3302 632 3629 699 emerserit,

1982 717 2289 773 convincat
2321 720 2612 774 sententia
2643 720 3056 791 plurimorum,
3098 720 3183 775 sic
3213 724 3409 775 tamen
3440 724 3507 774 ut
3535 737 3632 775 sa-

1984 804 2241 860 cerdotio
2273 811 2468 861 careat
2502 806 2601 876 qui
2635 812 2841 877 captus
2871 805 3265 877 promissione
3315 822 3432 861 non
3470 810 3627 861 recto

1976 892 2201 962 judicio
2234 895 2305 949 de
2338 894 2621 950 electione
2653 894 2991 949 decreverit.

1984 1001 2113 1054 CAP.
2170 1000 2265 1055 ΙΙΙ.
2320 1003 2437 1056 Νοη
2495 1001 2622 1056 lieet
2648 1000 2829 1056 alicui
2858 1003 3111 1071 episcopo
3135 1005 3335 1056 contra
3366 1002 3636 1057 Romano—

2213 1089 2338 1128 rum
2366 1074 2686 1143 pontiﬁcum
2717 1073 2933 1128 decreta
2962 1072 3176 1143 aliquid
3206 1088 3394 1143 agerc.

2350 1162 2432 1216 Ex
2466 1162 2630 1217 Libro
2663 1162 2874 1217 diurno
2907 1163 3071 1217 Rom.
3107 1165 3269 1231 pont.

2055 1250 2169 1316 (25,
2201 1265 2256 1319 q.
2290 1250 2341 1316 1,
2375 1266 2424 1305 c.
2461 1250 2661 1305 Omnia
2689 1248 3033 1319 decretalia.)
3084 1248 3364 1303 Profiteor
3393 1247 3638 1320 diligen-

1987 1339 2105 1394 tius
2136 1343 2193 1394 et
2222 1340 2479 1395 vivacius
2510 1342 2709 1396 omnia
2738 1341 2971 1396 decreta
3002 1338 3287 1394 canonica
3317 1338 3639 1409 praedeces-

1988 1445 2189 1491 sorum
2222 1433 2557 1484 nostrorum
2591 1429 2956 1500 pontiﬁcum,
2987 1444 3116 1498 qua
3157 1427 3245 1482 vel
3277 1427 3642 1499 synodaliter

1988 1522 2323 1573 statuerunt
2353 1522 2411 1574 et
2444 1519 2689 1591 probata
2743 1522 2886 1574 sunt
2916 1517 3283 1582 confirmare,
3316 1521 3373 1571 et
3398 1516 3639 1571 indimi-

1992 1612 2135 1662 nuta
2168 1624 2534 1677 conservare,
2556 1611 2613 1663 et
2641 1606 2796 1663 sicut
2826 1607 2898 1663 ob
2925 1606 3011 1662 eis
3043 1610 3267 1662 statuta
3296 1611 3438 1661 sunt
3468 1605 3527 1659 in
3549 1604 3644 1659 sui

228 1700 414 1756 alieni
469 1698 683 1753 ιαῦονεδ
735 1697 852 1759 eius
901 1693 1106 1786 (ἱὺίςί-ὶο
1140 1690 1309 1786 Orbis
1335 1691 1883 1786 terrarumpugoet
1918 1722 1965 1786 Β
1994 1696 2218 1768 vigoris
2245 1696 2566 1751 stabilitate
2597 1696 2916 1751 custodire.
2979 1696 3234 1766 Quaque
3262 1694 3351 1750 vel
3384 1710 3647 1766 quosque

230 1792 433 1845 contra
463 1803 622 1855 eum,
650 1788 704 1841 3t
738 1786 947 1839 cuncta
977 1781 1268 1838 elementa
1300 1779 1421 1835 Sint
1450 1777 1887 1835 eicontml‘iaet
1918 1777 1962 1786 ”
1996 1786 2541 1842 condamnaverunt
2596 1786 2685 1841 vel
2714 1785 3084 1853 abdicarunt,
3119 1783 3294 1839 simili
3355 1783 3650 1839 sententia

233 1877 502 1935 omnium
562 1872 991 1947 quiescentium
1023 1870 1082 1925 in
1117 1875 1272 1925 terra
1314 1868 1521 1925 merita
1550 1867 1717 1923 illum
1749 1883 1885 1922 con-

233 1968 507 2031 fundant,
530 1969 588 2021 et
609 1965 667 2018 in
692 1964 802 2019 hac
816 1961 934 2017 vita
948 1977 1126 2032 super
1143 1974 1276 2015 eum
1293 1962 1554 2030 apertam
1570 1956 1886 2013 vindictam

240 2053 573 2110 ostendant.
598 2051 1013 2106 Observatores
1035 2051 1232 2102 autem
1254 2046 1435 2116 hujus
1450 2043 1889 2114 nostridecreti,

244 2148 301 2199 ct
332 2140 748 2212 omnipotentis
806 2138 906 2194 Dei
949 2138 1137 2210 gratia
1169 2140 1456 2208 protegat,
1490 2140 1546 2191 et
1572 2133 1891 2190 auctoritas

244 2233 552 2288 beatorum
613 2227 1012 2299 apostolorum
1045 2226 1195 2281 Petri
1227 2229 1284 2280 et
1325 2223 1490 2280 Pauli
1521 2224 1593 2279 ab
1625 2223 1890 2280 omnium

247 2325 646 2393 peccatorum,
680 2314 932 2372 vinculis
965 2314 1249 2371 absolvat.
1281 2335 1310 2363 »

321 2407 597 2464 Nicolaus
629 2405 937 2477 episcopus
969 2408 1182 2460 sancta
1217 2403 1520 2458 catholica
1544 2402 1814 2458 Ecclesia
1841 2406 1899 2457 et

249 2499 519 2553 Romana
582 2495 715 2550 huic
773 2495 1004 2549 decreto
1053 2510 1085 2547 a
1116 2492 1287 2547 nobis
1316 2491 1712 2563 promulgato,
1746 2490 1899 2546 sicut

245 2585 519 2658 supernis
577 2584 794 2656 legitur
852 2581 1157 2653 descripsi.
1214 2581 1547 2636 Bonifacius
1578 2580 1677 2636 Dei
1711 2580 1900 2651 gratia

244 2674 595 2730 Albanensis
608 2672 919 2744 episcopus
938 2670 1283 2742 subscripsi.
1307 2670 1663 2724 Gumbertus
1687 2673 1898 2724 sancta

249 2762 517 2819 Ecclesia
576 2761 738 2817 Silva
795 2759 1072 2816 Condina
1096 2759 1173 2829 (f)
1222 2758 1519 2829 Candida)
1551 2756 1899 2829 subscripsi.

249 2857 459 2907 Petrus
487 2850 770 2907 Ostiensis
798 2848 1069 2905 Ecclesia
1100 2847 1411 2919 episcopus
1459 2846 1805 2918 subscripsi.
1837 2846 1905 2901 Et

253 2941 444 2998 cateri
503 2940 765 3012 episcopi
823 2955 1068 2993 numero
1100 2954 1266 2991 Lxxw
1297 2954 1427 2992 cum
1460 2935 1817 3007 presbyteris
1847 2938 1905 2990 et

255 3031 603 3086 diaconibus
635 3027 1133 3099 subscripserunt.

328 3117 664 3189 Stephanus
723 3089 894 3188 papa:
955 3114 1095 3184 quia
1124 3118 1330 3168 sancta
1362 3114 1618 3171 Romana
1648 3111 1905 3169 Ecclesia
1935 3089 1977 3155 (ἶ

262 3208 378 3275 cui,
407 3212 643 3262 auctore
700 3204 839 3272 Deo,
872 3202 1280 3273 prasidemus,
1314 3220 1347 3257 a
1380 3202 1648 3273 plurimis
1688 3202 1909 3274 patitur

259 3294 592 3361 violentias,
627 3291 899 3364 pontiﬁce
930 3292 1202 3357 obeunte,
1237 3308 1363 3363 qua
1400 3292 1472 3346 ob
1505 3292 1612 3350 hoc
1641 3290 1908 3347 inferun-

264 3393 381 3451 tur,
412 3385 553 3456 quia
579 3380 1108 3454 absqueimperiali
1128 3379 1336 3435 notitia
1358 3386 1412 3435 et
1435 3398 1675 3441 suorum
1694 3380 1910 3452 legato-

261 3492 393 3530 rum
423 3471 735 3545 prasentia
765 3469 1062 3543 pontificis
1094 3471 1159 3523 fit
1190 3470 1572 3538 consecratio,
1599 3487 1704 3526 nec
1735 3486 1909 3526 cano-

261 3566 393 3620 nico
421 3563 539 3617 ritu
570 3565 626 3617 et
655 3559 1067 3617 consuetudine
1100 3559 1171 3613 ab
1204 3559 1554 3630 imperatore
1584 3559 1789 3614 directi
1819 3560 1910 3614 in-

262 3656 496 3709 tersunt
528 3649 743 3715 nuntii,
776 3649 877 3719 qui
911 3647 1189 3703 scandala
1218 3651 1414 3703 vetent
1445 3648 1589 3715 ﬁeri,
1637 3648 1911 3704 volumus

267 3747 333 3797 ut
362 3757 495 3796 cum
556 3738 956 3794 instituendus
989 3741 1078 3791 est
1118 3737 1394 3807 pontifex,
1429 3737 1912 3793 convenientibus

268 3828 561 3902 episcopis
623 3831 681 3883 et
725 3828 998 3882 universo
1047 3826 1199 3881 clero
1231 3825 1498 3897 eligatur,
1533 3845 1600 3882 ex
1631 3832 1913 3899 prasente

271 3924 479 3976 senatu
511 3922 567 3973 et
599 3915 835 3989 populo,
869 3916 969 3986 qui
992 3915 1361 3971 ordinandus
1382 3920 1492 3983 est,
1515 3923 1571 3973 et
1591 3919 1674 3972 sic
1697 3917 1914 3973 electus

272 4011 344 4065 ab
363 4007 639 4063 omnibus
658 4004 1045 4077 praesentibus
1069 4004 1272 4075 legatis
1299 4004 1699 4076 imperialibus
1725 4024 1917 4063 conse-

274 4101 493 4162 cratur,
527 4093 846 4164 nullusque
895 4092 1022 4147 sine
1060 4090 1316 4163 periculo
1349 4092 1440 4147 sui
1466 4094 1799 4162 juramenta
1828 4096 1917 4151 vel

275 4184 698 4259 promissiones
756 4180 1003 4253 aliquas,
1064 4197 1213 4236 nova
1269 4180 1678 4238 adinventione
1706 4186 1919 4240 audeat

275 4279 674 4346 exstorquere,
727 4271 844 4326 nisi
892 4288 1014 4342 qua
1048 4270 1291 4342 antiqua
1320 4271 1498 4343 exigit
1527 4276 1916 4342 consuetudo,

278 4381 349 4421 ne
380 4364 467 4419 vel
499 4360 757 4418 Ecclesia
785 4359 1215 4415 scandalizetur
1244 4363 1301 4415 et
1328 4360 1648 4432 imperialis
1682 4362 1920 4420 honori-

279 4454 516 4511 ﬁcentia
546 4452 869 4507 minuatur.

279 4575 412 4627 CAP.
450 4574 518 4625 II.
557 4568 619 4623 Si
645 4583 793 4639 papa
825 4566 888 4622 de
917 4568 1175 4639 electione
1202 4569 1294 4622 sui
1320 4569 1646 4624 successoris
1684 4576 1811 4626 ante
1839 4571 1929 4627 de-

1997 1874 2389 1930 condemnare
2417 1879 2473 1929 et
2503 1873 2796 1930 abdicare.

1997 1982 2130 2037 CAP.
2180 1981 2273 2037 IV.
2334 1980 2663 2051 Apostoliea
2689 1979 2833 2035 sedis
2862 1979 3165 2036 auctoritas
3193 1986 3400 2035 contra
3435 1981 3651 2034 sancto-

2225 2069 2352 2107 rum
2375 2050 2582 2108 statuta
2610 2051 2825 2123 aliquid
2852 2051 3081 2107 condere
3109 2067 3220 2107 non
3251 2050 3416 2106 valet.

2570 2143 2651 2197 Ex
2680 2142 2883 2197 eodem
2907 2140 3076 2197 libro.

2072 2233 2185 2304 (25,
2219 2249 2275 2304 q.
2311 2233 2362 2301 1,
2386 2248 2435 2286 c.
2464 2231 2667 2287 Contra
2687 2235 2897 2286 statuta
2924 2250 2937 2299 ;
2964 2230 3235 2295 concord,
3260 2246 3310 2284 c.
3333 2228 3475 2283 Cum
3497 2228 3649 2298 isto.)

2001 2320 2159 2376 Nihil
2211 2322 2282 2376 de
2341 2320 2655 2375 traditione
2686 2336 2864 2391 quam
2898 2336 2931 2373 a
2962 2317 3394 2390 probatissimis
3423 2318 3649 2389 prade-

2006 2410 2341 2465 cessoribus
2372 2409 2518 2464 meis
2550 2409 2824 2464 traditam
2860 2412 2917 2463 et
2933 2412 3223 2464 servatam
3246 2405 3652 2478 reperi,dimi-

2006 2515 2185 2554 nuere
2205 2497 2292 2553 vel
2312 2503 2541 2553 mutare
2570 2504 2674 2553 aut
2702 2496 2961 2568 aliquam
2993 2495 3310 2551 novitatem
3326 2494 3652 2560 admittere,

2009 2588 2108 2642 sed
2171 2588 2505 2655 frequenter
2562 2589 2629 2640 ut
2677 2601 2878 2640 eorum
2913 2583 3244 2656 discipulus
3276 2588 3335 2638 et
3364 2582 3528 2653 sequi
3556 2581 3658 2635 illa

2008 2675 2147 2731 tolis
2204 2675 2422 2730 mentis
2467 2690 2605 2729 mea
2637 2674 2949 2729 conatibus
2980 2689 3108 2744 quae
3140 2672 3360 2729 tradita
3385 2669 3663 2726 canonice

2012 2763 2328 2833 comperio,
2361 2764 2672 2820 observare
2704 2779 2770 2818 ac
2800 2761 3063 2818 venerari
3094 2761 3397 2833 profiteor.

2012 2876 2143 2927 CAP.
2178 2872 2244 2925 V.
2285 2872 2403 2927 Non
2433 2871 2674 2941 eligatur
2692 2871 2752 2924 in
2782 2870 3115 2939 episc0patu,
3145 2869 3262 2924 nisi
3290 2870 3350 2923 in
3378 2868 3550 2922 sacris
3570 2882 3665 2922 or-

2539 2941 2776 2997 dinibus
2803 2943 3145 2997 constitutus.

2193 3033 2368 3086 Conc.
2394 3032 2725 3097 Benevent.,
2754 3046 2881 3100 cap.
2914 3030 2968 3085 l.
3008 3028 3279 3085 Urbanus
3309 3044 3480 3100 papa.

2089 3123 2253 3191 (Dist.
2285 3123 2376 3190 70,
2409 3138 2457 3176 c.
2483 3122 2721 3191 Nullus.)
2740 3120 2953 3176 Nullus
2979 3120 3035 3174 in
3059 3120 3459 3191 episcopatum
3483 3118 3664 3191 eliga-

2013 3216 2133 3279 tur,
2193 3211 2308 3266 nisi
2357 3211 2458 3282 qui
2490 3210 2677 3266 sacris
2709 3210 3015 3265 ordinibus
3047 3208 3313 3279 religiose
3343 3207 3542 3263 vivens
3574 3208 3669 3262 in-

2016 3305 2226 3355 ventus
2258 3303 2383 3366 est;
2417 3316 2617 3354 sacros
2648 3302 2843 3353 autem
2877 3296 3115 3351 ordines
3159 3297 3437 3365 dicimus,
3471 3295 3667 3352 diaco-

2017 3394 2213 3456 natus,
2237 3387 2697 3459 presbyteratus,
2721 3385 2826 3441 hos
2856 3384 3151 3456 siquidem
3183 3384 3341 3439 solos
3374 3384 3672 3455 primitiva

2018 3476 2233 3548 legitur
2263 3475 2522 3531 Ecclesia
2579 3473 2881 3529 habuisse.
2943 3478 3129 3545 Super
3171 3472 3262 3529 his
3288 3471 3431 3528 solis
3461 3490 3675 3543 prace-

2020 3572 2184 3637 ptum
2217 3563 2468 3637 apostoli
2502 3563 2793 3618 habemus
2823 3580 2838 3632 ;
2872 3562 3265 3618 subdiaconos
3294 3578 3429 3616 vero
3450 3561 3591 3631 quia
3620 3566 3676 3617 et

2020 3654 2134 3726 ipsi
2160 3653 2446 3709 altaribus
2469 3651 2910 3715 administrant,
2928 3651 3367 3721 opportunitate
3388 3649 3674 3722 exigente,

2022 3742 2422 3809 concedimus,
2459 3741 2559 3797 sed
2594 3740 2895 3796 rarissime
2937 3740 2985 3795 si
3018 3744 3217 3795 tamen
3249 3742 3525 3809 spectata
3557 3738 3677 3794 sint

2023 3833 2172 3894 vita.
2206 3830 2505 3903 religionis
2544 3834 2600 3886 et
2631 3828 2911 3885 scientia.
2971 3829 3135 3895 Quod
3176 3827 3373 3900 ipsum
3398 3844 3515 3883 non
3546 3827 3675 3882 sine

2022 3919 2272 3978 Romani
2306 3918 2601 3991 pontiﬁcis
2631 3917 2718 3973 vel
2753 3916 3181 3989 metropolitani
3213 3916 3452 3972 licentia
3486 3915 3673 3970 firmi-

2022 4014 2112 4064 ter
2141 4008 2264 4064 fieri
2297 4008 2715 4080 permittimus.

2022 4099 2157 4154 CAP.
2219 4097 2313 4153 Vl.
2369 4096 2430 4151 Si
2474 4082 2662 4167 plures
2690 4095 2991 4166 eligantur,
3023 4096 3144 4166 quis
3174 4093 3373 4149 debeat
3393 4094 3670 4164 praeponi.

2442 4185 2523 4239 Ex
2552 4183 2812 4239 Decretis
2850 4182 3075 4252 Leonis,
3109 4199 3160 4237 c.
3196 4184 3246 4237 1.

2096 4275 2262 4346 (Dist.
2322 4275 2415 4341 63,
2474 4290 2524 4329 ο.
2590 4273 2791 4328 Clerici
2822 4277 2877 4327 et
2905 4289 2955 4327 c.
2991 4270 3135 4342 seq.)
3169 4272 3311 4327 Cum
3343 4272 3412 4327 de
3446 4270 3669 4327 summi

2028 4363 2328 4437 pontificis
2378 4362 2661 4418 electione
2695 4360 3064 4430 tractabitur,
3098 4358 3196 4415 ille
3228 4360 3507 4416 omnibus
3536 4378 3681 4430 pra-

1956 4460 2002 4523 D
2035 4456 2287 4525 ponatur
2318 4469 2491 4523 quem
2527 4450 2667 4507 cleri
2699 4450 3005 4523 plebisque
3034 4465 3362 4506 consensus
3387 4450 3689 4506 concordi-

2040 4548 2129 4598 ter
2158 4540 2563 4613 postulaverit,
2594 4540 2677 4597 ita
2708 4539 2843 4594 utsi
2867 4539 2924 4593 in
2956 4538 3139 4593 alium
3164 4539 3409 4594 fortasse
3431 4538 3689 4611 partium

352 4656 573 4697 cernere
593 4626 703 4695 non
717 4626 985 4709 'potuerit.
1010 4638 1109 4693 Vel
1135 4640 1219 4694 sic
1245 4657 1257 4693 :
1289 4640 1529 4707 Quorum
1554 4651 1680 4696 vota
1702 4642 1934 4698 debeant
2043 4648 2105 4687 se
2136 4636 2269 4687 vota
2328 4630 2659 4692 diviserint,
2713 4626 3149 4698 metropolitani
3171 4628 3418 4698 judicio,
3449 4627 3501 4683 is
3530 4626 3697 4683 alteri

356 4713 659 4784 praevalere
689 4712 750 4764 in
779 4710 1040 4766 electione
1070 4712 1276 4764 summi
1302 4711 1601 4781 pontiﬁcis.

548 4800 630 4854 Ex
659 4797 923 4855 Decretis
954 4798 1291 4869 Symmachi
1325 4815 1507 4870 papa,
1541 4816 1590 4855 c.
1623 4801 1677 4855 4.

361 4897 537 4969 (Dist.
566 4895 658 4967 79,
690 4913 740 4953 c.
776 4895 835 4951 Si
864 4897 1183 4968 transitus.)
1203 4896 1261 4953 Si
1293 4897 1472 4968 (quod
1497 4898 1652 4954 absit
1674 4898 1715 4970 l)
1745 4903 1939 4957 trans-

290 4988 412 5043 itus
444 5002 607 5057 papa
640 4984 983 5057 inopinatus
1014 4985 1291 5055 evenerit,
1325 4990 1391 5041 ut
1436 4986 1507 5042 de
1536 4987 1630 5042 sui
1661 4987 1941 5045 electione

291 5073 656 5132 successoris
713 5091 828 5130 non
861 5073 1093 5145 possint
1123 5077 1257 5131 ante
1294 5075 1623 5146 decernere,
1669 5082 1736 5133 ut
1765 5095 1945 5150 supra

627 5692 887 5753 Parnm"
934 5694 1133 5755 CLXI.

2047 4722 2393 4793 praferatur
2413 4718 2513 4790 qui
2532 4717 2859 4788 majoribus
2877 4717 3091 4772 studiis
3115 4718 3355 4787 juvatur
3368 4722 3426 4772 et
3446 4715 3694 4781 meritis,

2050 4814 2246 4865 tamen
2270 4813 2336 4863 ut
2357 4807 2556 4863 nullus
2578 4805 2777 4862 invitis
2799 4810 2856 4860 et
2876 4821 2993 4860 non
3016 4806 3349 4876 petentibus
3371 4806 3697 4873 ordinetur,

2052 4915 2124 4954 ne
2182 4897 2349 4969 plebs
2380 4896 2565 4951 invita
2601 4894 2942 4967 episcopum
2976 4910 3093 4949 non
3127 4900 3395 4966 optatum
3426 4896 3528 4949 aut
3557 4909 3697 4948 con-

2053 4990 2301 5054 temnat,
2363 4989 2463 5041 aut
2521 4983 2709 5040 oderit
2764 4988 2823 5039 et
2852 4984 2955 5038 ﬁat
2985 4982 3183 5037 minus
3224 4981 3497 5054 religiosa
3527 4997 3699 5053 quam

2056 5075 2349 5143 convenit,
2384 5074 2476 5129 cui
2511 5090 2625 5129 non
2657 5072 2796 5128 licet
2823 5072 3040 5128 habere
3070 5087 3239 5142 quem
3265 5069 3465 5128 voluit.

3300 5685 3377 5745 36
