4000 6054
197 238 340 293 1133

180 452 609 527 jejuniumque
641 462 774 506 cum
809 449 1087 505 omnibus
1120 451 1390 521 precibus
1418 450 1761 519 celebretur,
1795 456 1851 507 et

192 559 415 599 manus
443 556 573 597 cum
610 538 829 595 sanctis
882 537 1230 611 Evangeliis,
1291 556 1414 610 quae
1476 541 1849 613 praedicaturi

191 638 338 689 sunt
367 632 736 703 imponentes
767 626 1069 683 Dominica
1097 627 1209 697 die,
1243 627 1385 684 hora
1402 629 1571 684 tertia
1594 634 1846 700 orantes,

194 737 490 793 sacraque
535 718 813 774 unctione
871 733 1032 772 more
1086 717 1526 789 prophetarum,
1586 718 1848 789 exemplo

195 826 410 881 regum
441 806 634 880 capita
667 806 1010 877 augentium
1042 821 1139 862 eos
1174 820 1331 861 more
1364 805 1760 877 apostolorum
1795 811 1852 861 et

201 898 396 971 Moysi
428 900 736 967 ungentes,
772 894 911 967 quia
940 895 1132 949 omnis
1182 892 1566 950 sanctificatio
1624 899 1853 950 constat

203 1007 277 1045 ex
308 982 534 1059 Spiritu
567 989 793 1052 saneto,
826 984 997 1055 cujus
1027 984 1215 1040 virtus
1246 984 1560 1040 invisibilis
1602 989 1692 1040 est
1722 1002 1853 1039 san-

200 1083 297 1133 eto
326 1075 633 1133 chrismati
663 1074 964 1146 permista,
998 1077 1051 1129 et
1082 1072 1193 1130 hoc
1222 1075 1336 1129 ritu
1364 1073 1687 1130 solemnem
1709 1073 1855 1129 cele-

200 1168 379 1223 brent
408 1164 698 1220 ordinem.

198 1282 340 1338 CAP.
370 1278 519 1336 XIII.
559 1280 739 1349 Quare
768 1276 858 1333 die
905 1278 1184 1334 Dominico
1242 1278 1615 1335 ordinationes
1672 1292 1852 1333 sacer-

737 1351 924 1406 dotum
953 1352 1321 1407 celebrentur.

819 1449 933 1505 Leo
956 1449 999 1521 Ι,
1030 1465 1121 1521 ep.
1152 1449 1244 1504 79.

278 1559 449 1633 (Dist.
481 1559 573 1613 75.
598 1572 648 1614 e.
674 1555 824 1625 Quod
853 1556 944 1612 die
996 1556 1325 1629 Domz’nico.)
1374 1557 1536 1621 Quod
1591 1554 1685 1613 die
1744 1562 1851 1614 Do-

203 1647 422 1703 minico
455 1645 856 1702 ordinationes
888 1645 1260 1702 sacerdotum
1310 1646 1703 1718 celebrantur,
1736 1664 1850 1703 non

200 1740 435 1793 tantum
468 1752 535 1791 ex
565 1733 1014 1803 consuetudine,
1076 1734 1177 1790 sed
1211 1735 1383 1791 etiam
1434 1752 1500 1792 ex
1533 1736 1851 1808 apostolica
1882 1738 1927 1800 B

203 1827 477 1883 novimus
506 1824 773 1881 doctrina
800 1822 1020 1893 venire,
1051 1823 1353 1895 Scriptura
1414 1826 1850 1897 manifestante,

204 1917 362 1988 quod
397 1932 529 1970 cum
555 1912 801 1986 apostoli
833 1913 1076 1969 Paulum
1107 1916 1161 1968 et
1208 1916 1534 1971 Barnabam
1570 1932 1637 1971 ex
1666 1915 1849 1988 Spiri-

203 2012 304 2062 tus
335 2004 526 2061 sancti
556 2006 837 2076 praecepto
868 2004 938 2058 ad
970 2003 1335 2073 evangelium
1369 2005 1643 2076 gentibus
1658 2007 1853 2061 mitte-

214 2099 348 2150 rent
367 2088 830 2165 praedicandum,
847 2091 1190 2163 jejunantes
1219 2096 1276 2148 et
1296 2098 1529 2150 orantes
1558 2094 1851 2167 imposue-

202 2187 347 2238 runt
376 2183 462 2237 eis
493 2194 703 2237 manus
732 2182 870 2253 (Act.
904 2183 1128 2251 xm),ut
1150 2181 1547 2253 intelligamus
1568 2189 1849 2255 quantam

203 2277 261 2327 et
291 2271 562 2327 dentium
609 2277 669 2326 et
709 2268 1121 2341 accipientium
1159 2272 1463 2328 devotione
1520 2275 1848 2329 curandum

203 2362 303 2427 sit,
337 2376 411 2415 ne
439 2364 618 2415 tanta:
647 2360 1072 2416 benedictionis
1121 2368 1553 2417 sacramentum
1585 2364 1853 2419 videatur

201 2449 566 2521 negligenter
595 2447 926 2520 impletum,
955 2454 1009 2505 et
1041 2450 1097 2504 id
1130 2466 1196 2505 eo
1231 2451 1323 2523 pie
1355 2454 1414 2506 et
1440 2453 1853 2508 venerabiliter

203 2538 543 2611 apostolicis
578 2551 799 2593 morem
831 2539 1085 2609 gesseris
1114 2539 1493 2596 institutis.Si
1525 2542 1673 2597 hanc
1697 2542 1849 2597 ordi-

202 2628 536 2685 nandorum
566 2628 938 2683 sacerdotum
970 2629 1221 2684 formam
1268 2646 1371 2700 per
1398 2629 1689 2685 Ecclesiae
1722 2631 1851 2702 qui-

203 2718 315 2772 bus
346 2716 501 2772 Deus
533 2732 778 2787 praeesse
804 2715 1011 2785 voluit,
1044 2716 1222 2773 etiam
1272 2718 1397 2789 ipse
1446 2724 1850 2786 reservaveris,

204 2810 270 2861 ut
299 2806 389 2860 his
422 2804 523 2876 qui
556 2806 940 2860 consecrandi
994 2810 1152 2875 sunt,
1188 2823 1487 2878 nunquam
1522 2808 1850 2864 benedictio

203 2894 321 2950 nisi
352 2894 411 2948 in
445 2893 538 2949 die
568 2894 1014 2949 resurrectionis
1045 2894 1360 2951 Dominicae
1405 2897 1716 2952 tribuatur.
1751 2900 1851 2953 Cui

203 3001 237 3040 a
266 2998 505 3054 vespere
534 2982 769 3038 Sabbati
803 2987 1030 3039 constat
1060 2984 1292 3040 initium
1327 2986 1538 3041 ascribi
1573 3004 1700 3058 qua;
1730 2993 1853 3043 tan-

206 3070 285 3123 tis
314 3069 650 3124 divinarum
685 3070 980 3140 mysteriis
1003 3072 1510 3142 dispensationum
1536 3079 1625 3129 est
1645 3091 1852 3130 conse-

206 3162 390 3225 crata,
422 3160 486 3212 ut
515 3158 802 3229 quidquid
834 3176 869 3213 a
896 3159 1145 3215 Domino
1177 3160 1472 3233 insignius
1501 3168 1590 3218 est
1626 3165 1847 3219 consti—

209 3252 427 3314 tutum,
459 3246 521 3301 in
554 3246 734 3317 huius
765 3248 881 3302 diei
910 3249 1198 3319 dignitate
1252 3251 1329 3305 sit
1355 3258 1609 3324 gestum.
1646 3256 1708 3309 In
1742 3255 1850 3310 hoc

205 3337 463 3390 mundus
493 3334 752 3407 sumpsit
780 3337 1174 3406 exordium,in
1206 3339 1314 3395 hac
1338 3357 1440 3412 per
1468 3345 1848 3400 resurrectio-

207 3441 340 3479 nem
374 3424 589 3480 Christi
620 3429 677 3481 et
708 3441 863 3481 mors
898 3426 1285 3497 interitum,et
1314 3430 1431 3486 vita
1452 3434 1675 3504 accepit
1696 3435 1852 3506 prin-

207 3514 454 3585 cipium.

205 3628 340 3683 CAP.
374 3628 532 3705 ΧΙΥ.Δ
554 3630 697 3697 Quid
722 3631 999 3705 ponti/ex,
1028 3634 1164 3704 quid
1192 3635 1474 3705 diaconus,
1519 3639 1656 3705 quid
1685 3645 1849 3697 nota-

348 3699 467 3754 rius
492 3701 680 3773 facere
709 3699 922 3773 debeat,
954 3706 1016 3759 in
1036 3699 1413 3763 ~ordinatione
1448 3699 1706 3783 episcopi.

278 3805 613 3862 Ordinando
646 3808 919 3881 episcopo
971 3812 1228 3881 pontifex
1287 3831 1523 3871 manum
1569 3818 1852 3889 imponat,

209 3893 604 3966 evangelicam
634 3913 767 3952 vero
800 3898 1109 3956 lectionem
1144 3901 1410 3960 minister
1438 3906 1612 3977 legat,
1642 3908 1853 3964 contir-

211 3984 486 4040 mationis
518 3984 824 4055 epistolam
860 3988 1123 4045 notarius
1184 3992 1424 4049 scribat°

208 4113 339 4165 CAP.
376 4109 499 4164 XV.
542 4110 717 4193 Quod
762 4114 988 4193 nullum
1045 4119 1355 4193 episcopum
1400 4122 1857 4193 metropolitanus

278 4190 551 4262 consecret
580 4184 701 4238 sine
750 4183 934 4262 tribus
977 4183 1264 4262 episcopis,
1333 4192 1407 4247 ad
1461 4183 1665 4262 minus,
1727 4198 1858 4254 aliis

277 4253 551 4324 episcopis
592 4270 873 4311 assensum
900 4253 1181 4316 dantibus.

670 4354 751 4407 Ex
782 4371 943 4411 conc.
986 4358 1205 4427 Aurel.,
1257 4377 1307 4416 ο.
1342 4362 1393 4416 1.

280 4447 459 4519 (Dist.
491 4449 585 4519 53,
613 4467 664 4505 e.
694 4452 886 4521 Extra,
919 4459 977 4510 et
1034 4457 1169 4513 dist.
1202 4458 1293 4525 55,
1324 4476 1375 4515 ο.
1430 4461 1549 4518 Νοη
1594 4463 1768 4533 debet,
1804 4482 1853 4520 c.

208 4536 313 4592 Nec
340 4540 581 4612 episcOpi
602 4556 623 4601 ;
656 4545 801 4598 extr.
836 4544 909 4599 De
936 4548 1101 4614 temp.
1154 4548 1360 4618 ordia.)
1395 4550 1606 4608 Nullus
1628 4553 1853 4624 episco‘

212 4644 321 4698 pus
352 4628 480 4683 sine
511 4630 949 4702 metropolitani
1008 4636 1324 4705 permissu,
1386 4656 1489 4694 nec
1545 4641 1858 4715 episcopus

212 4716 720 4788 metropolitanus,
746 4721 873 4777 sine
898 4722 1088 4779 tribus
1118 4728 1711 4796 comprovincialibus
1732 4734 1856 4804 epi—

212 4804 370 4876 copis
409 4813 730 4876 praesumat
782 4810 1128 4883 episcopum
1178 4816 1469 4889 ordinare,
1511 4818 1591 4874 ita
1638 4826 1702 4876 ut
1758 4822 1857 4878 alii

212 4896 732 4966 comprovinciales
764 4900 1024 4973 episcopi
1056 4904 1508 4975 admoneantur,
1544 4913 1610 4964 ut
1636 4926 1698 4966 se
1750 4927 1856 4967 suo

212 5000 491 5055 responso
547 4989 925 5046 consensisse
980 4991 1335 5064 signiﬁcent.
1386 4997 1547 5062 Quod
1608 4999 1658 5053 si
1705 5000 1859 5057 inter

212 5077 407 5144 partes
437 5074 638 5146 aliqua
669 5077 846 5134 fuerit
874 5080 1184 5154 dubitatio,
1220 5085 1428 5156 majori
1470 5103 1712 5145 numero
1738 5108 1857 5147 me-

212 5161 600 5234 tropolitanus
632 5165 691 5220 in
732 5166 1018 5225 electione
1048 5174 1394 5230 consentiat.

211 5278 341 5332 CAP.
376 5281 527 5335 XVI.
562 5280 1115 5363 Episcopalessedes,
1141 5303 1252 5363 non
1284 5291 1441 5363 longo
1496 5295 1795 5352 intervallo
1826 5315 1859 5353 a

745 5373 801 5413 se
830 5358 1032 5413 debent
1056 5360 1321 5431 disjungi.

213 5448 403 5520 Greg.,
440 5466 566 5521 cap.
604 5455 637 5506 8
670 5453 957 5526 Respons.
992 5459 1064 5512 ad
1097 5458 1374 5530 interrog.
1407 5463 1553 5535 Aug.
1577 5466 1852 5524 Cantuar.

286 5564 455 5633 (Dist.
487 5566 578 5635 80,
610 5584 660 5624 c.
694 5571 1163 5645 Iv‘ratcrnitatcm.)
1194 5574 1637 5637 Fraternitatem
1691 5585 1853 5640 tuam

1509 236 1908 291 PANOBMIA.
1930 266 2008 278 7—-
2038 242 2172 297 LIB.
2212 247 2310 299 III.

138 340 141 341 ν
190 360 1299 437 quisimulconvenienteg,serutinium
1320 360 1635 433 diligenter
1652 367 1850 434 agant,
1881 364 1931 429 Α
1966 364 2047 420 ita
2078 367 2343 427 volumus
2375 378 2678 453 episcopos
2705 389 3039 462 ordinare,u

3478 283 3611 338 1134

3049 398 3197 469 tipsi
3216 402 3327 457 sibi
3352 405 3610 480 episcopi

1960 470 2081 563 non
2109 456 2282 560 longe
2314 463 2617 563 intervallo
2678 474 2789 531 sibi
2843 456 3607 563 disiungantur,quate-aviis

1960 544 2123 646 nulla
2156 548 2231 604 sit
2262 556 2579 615 necessitas
2610 563 2675 645 ut
2704 564 2761 619 in
2795 570 3164 632 ordinatione
3187 544 3447 654 episdopi
3473 602 3607 641 con-

2073 632 2084 646 o
2620 632 2635 645 ‘
3198 632 3247 651 7r
3267 632 3447 654 ivv'r-
3476 632 3580 641 vv"

1958 648 2152 691 venire
2184 656 2297 695 non
2330 647 2729 713 possint.Nam
2746 656 3149 732 episcoporum
3168 669 3605 740 ordinatio,sive

1961 729 2515 826 aggregatis-tribus
2548 744 2648 795 aut
2678 729 3262 826 quatuor'episcopis
3317 760 3440 815 fieri
3465 729 3603 817 Inui-

1962 811 2191 870 latenus
2223 818 2415 878 debet.

1961 924 2081 975 CAP.
2118 924 2296 982 XVII.
2344 931 2417 1026 {)e
2454 937 2724 1008 episwpis
2751 958 2863 1026 non
2891 948 3215 1026 ordinandis
3262 972 3294 1008 a
3322 960 3605 1026 pauciori-

2342 1002 2439 1057 bus
2464 1002 2691 1075 quam'a
2722 1013 2897 1070 tribus
2927 1002 3216 1093 episcopis.

2350 1091 2667 1154 Anacletus
2699 1099 2757 1156 in
2799 1102 3021 1162 Decret.
3070 1091 3121 1164 ei
3164 1114 3214 1167 1.

2032 1171 2203 1241 (Dist.
2235 1177 2325 1248 66,
2359 1196 2409 1235 e.
2441 1187 2663 1258 Porro.)
2695 1189 2753 1243 Si
2811 1210 3018 1252 omnes
3075 1198 3253 1256 simul
3300 1210 3611 1264 convenire

1962 1275 2075 1363 non
2108 1268 2739 1338 potuerint,assensum
2768 1282 2891 1338 suis
2915 1288 3186 1355 precibus
3218 1295 3515 1363 przebeant
3548 1306 3612 1353 ut

1963 1348 2035 1444 ab
2068 1350 2196 1423 ipsa
2228 1358 2596 1420 ordinatione
2653 1368 2850 1427 animo
2910 1392 3024 1431 non
3077 1380 3293 1438 desint.
3342 1389 3521 1442 Porro
3553 1393 3609 1444 et

1963 1435 2555 1538 Hierosolymitanum
2614 1457 2870 1527 primum
2933 1465 3275 1541 episcopum
3328 1474 3605 1543 Jacobus,

1962 1526 2062 1597 qui
2084 1530 2288 1590 Justus
2309 1536 2633 1611 dicebatur,
2667 1552 2726 1604 et
2755 1555 3081 1611 secundum
3115 1575 3348 1617 carnem
3372 1564 3607 1621 Domini

1961 1626 2337 1714 nuncupatus
2380 1634 2468 1684 est
2500 1632 2695 1705 frater,
2730 1656 2762 1693 a
2795 1640 2982 1714 Petro,
3006 1645 3223 1705 Jacobo
3278 1656 3335 1707 et
3384 1654 3609 1710 Joanne

1962 1708 2240 1799 apostolis
2298 1722 2385 1772 est
2442 1720 2769 1798 ordinatus,
2830 1737 3270 1795 successoribus
3340 1741 3612 1799 videlicet

1962 1795 2168 1853 dantes
2202 1802 2447 1862 formam
2482 1825 2707 1885 eorum,
2740 1821 2803 1871 ut
2861 1822 3057 1879 minus
3118 1843 3293 1897 quam
3327 1847 3360 1885 a
3418 1832 3610 1889 tribus

1963 1884 2278 1959 episcopis,
2306 1890 2662 1971 reliquisque
2695 1906 2970 1965 omnibus
3001 1928 3314 1971 assensum
3348 1920 3608 1989 praeben-

1960 1974 2141 2042 tibus,
2176 1980 2515 2043 nullatenus
2546 1992 2932 2067 ordinetur,et
2963 2004 3261 2059 communi
3292 2012 3420 2064 voto
3452 2011 3608 2065 ordi-

1962 2063 2119 2120 natio
2160 2068 2504 2131 celebretur.

1960 2171 2348 2266 Calniéiilll.‘
2390 2183 2535 2266 Quid
2572 2188 2799 2266 faciant
2854 2195 3101 2266 episcopi
3155 2201 3213 2253 in
3262 2204 3613 2262 ordinatione

1994 2245 2229 2302 alterius
2258 2245 2516 2325 episcopi,
2549 2245 2601 2313 et
2648 2245 2895 2331 qualiter:
2938 2245 3227 2326 ordinetur
3263 2245 3571 2346 episcopus:

2424 2346 2594 2401 Cone.
2628 2351 3055 2424 Carthag.1v,c.
3084 2360 3137 2415 3.

2031 2423 2200 2517 (Dist.
2235 2430 2325 2498 23,
2358 2447 2408 2485 c.
2443 2423 3153 2517 Episcopus.)Episcopus,
3215 2467 3345 2505 cum
3383 2454 3609 2509 ordina-

1963 2513 2078 2579 tur,
2137 2514 2252 2572 duo
2311 2521 2567 2593 episcopi
2620 2543 2827 2585 manus
2886 2532 3214 2607 imponant,
3265 2543 3322 2594 et
3370 2544 3610 2597 teneant

1962 2604 2395 2675 evangeliorum
2428 2613 2773 2684 codicem,et
2797 2604 3172 2696 supericaput
3204 2632 3261 2683 et
3284 2645 3463 2700 super
3482 2648 3607 2686 ver-

1963 2691 2132 2747 ticem
2166 2695 2316 2765 ejus,
2349 2705 2407 2754 et
2436 2718 2550 2756 uno
2585 2704 2864 2764 fundente
2884 2728 3063 2783 super
3091 2732 3225 2771 eum
3259 2718 3611 2775 benedictio-

1962 2796 2118 2852 nem,
2152 2784 2359 2857 reliqui
2393 2805 2597 2847 omnes
2624 2795 2874 2869 episcopi
2931 2803 3032 2872 qui
3064 2806 3300 2876 adsunt,
3335 2810 3611 2865 manibus

1963 2870 2087 2926 suis
2112 2879 2287 2945 caput
2318 2879 2446 2947 ejus
2472 2886 2734 2955 tangant.

2068 2978 2377 3077 CAP.”XIX.
2436 2989 2520 3043 Ea:
2565 2989 2732 3047 dictis
2793 2996 3052 3053 Theodori
3080 3001 3502 3077 archiepiscopi.

2036 3068 2099 3123 In
2122 3070 2489 3131 ordinatione
2517 3080 2927 3155 episcOpi,ipse
2959 3090 3058 3158 qui
3091 3091 3343 3161 ordinat,
3366 3094 3610 3150 missam

1964 3157 2254 3216 celebrare
2283 3163 2456 3220 debet
2485 3171 2540 3222 et
2567 3170 2665 3241 qui
2697 3157 3004 3231 ordinatur
3034 3178 3324 3237 similiter.

2230 3267 2362 3325 CAP.
2396 3272 2517 3327 XX.
2551 3277 2644 3330 Ex
2670 3293 2817 3334 conc.
2848 3282 3043 3337 Araus.
3080 3301 3121 3350 1,
3154 3302 3207 3353 e,
3242 3288 3328 3340 10.

2031 3354 2201 3443 (Dist.
2232 3357 2323 3427 53,
2352 3376 2400 3414 c.
2434 3363 2510 3416 De
2539 3364 2885 3439 objections.)
2920 3373 2994 3425 De
3034 3373 3358 3443 abjectione
3389 3382 3447 3431 et
3478 3394 3605 3433 am-

1962 3441 2181 3498 bitione
2213 3446 2340 3515 ejus
2360 3464 2530 3518 quem
2556 3452 2669 3508 duo
2697 3461 3463 3530 praesumpserintordinare
3485 3467 3607 3537 epi-

1961 3533 2121 3603 scopi
2153 3532 2213 3588 in
2243 3538 2453 3593 vestris
2486 3541 2801 3610 provinciis
2833 3545 3053 3616 placuit
3082 3549 3154 3605 de
3213 3560 3606 3625 praesumpto-
3658 3580 3661 3583 ·

1964 3622 2148 3689 ribus,
2185 3628 2247 3678 ut
2278 3626 2465 3682 sicubi
2490 3632 2802 3703 contigerit
2833 3636 2981 3692 duos
3013 3622 3339 3711 episcopos,
3366 3643 3605 3697 tertium

1963 3726 2322 3779 consecrare,
2356 3719 2411 3770 et
2443 3716 2564 3788 ipse
2597 3727 2651 3775 et
2679 3725 2945 3780 auctores
2978 3726 3441 3796 damnabuntur,
3496 3748 3611 3803 quo

1964 3800 2194 3856 cautius
2226 3820 2293 3858 ea
2324 3821 2451 3876 quae
2483 3814 2622 3863 sunt
2655 3812 2981 3884 antiquitus
3028 3820 3249 3873 statuta
3287 3826 3611 3876 serventur.

1965 3906 2096 3961 CAP.
2122 3909 2274 3966 XXI.
2305 3913 2416 3982 Qui
2446 3916 2743 3996 ordinandi
2769 3926 2917 3989 sunt,
2969 3925 3117 3991 feria
3149 3930 3350 3996 quarta
3382 3928 3451 3982 ad
3482 3944 3613 3983 ema-

2408 3990 2769 4046 minationen:
2801 3990 3148 4051 conveniant.

2452 4079 2623 4133 Cone.
2658 4080 2930 4148 Nannet.,
2976 4100 3024 4137 e.
3068 4084 3120 4137 3.

2040 4156 2208 4229 (Dist.
2242 4161 2333 4231 24,
2368 4180 2416 4217 c.
2474 4166 2699 4233 Quando
2761 4171 2947 4241 cpisc.)
3008 4170 3333 4243 Episcopus
3384 4176 3619 4245 quando

1968 4248 2365 4307 ordinationes
2401 4253 2586 4310 facere
2619 4257 2898 4329 disponit,
2926 4277 3131 4315 omnes
3163 4261 3263 4332 qui
3282 4263 3351 4317 ad
3386 4280 3619 4319 sacrum

1967 4336 2237 4393 Ecclesiae
2271 4340 2661 4399 ministerium
2696 4349 2971 4403 accedere
3001 4349 3380 4418 volunt,feria
3412 4359 3624 4423 quarta

1969 4427 2102 4479 ante
2134 4424 2324 4498 ipsam
2359 4432 2785 4490 ordinationem
2820 4438 3062 4493 vocandi
3116 4444 3256 4494 sunt
3317 4442 3389 4495 ad
3422 4441 3621 4497 civita-

1887 4494 1933 4559 D
1964 4515 2083 4569 tem
2108 4532 2458 4588 unam,cum
2493 4523 2849 4596 presbyteris
2882 4527 3103 4597 quieos
3138 4532 3482 4599 presentari
3518 4533 3619 4586 de-

1970 4603 2124 4659 bent.
2161 4605 2227 4660 Et
2258 4611 2396 4662 tunc
2428 4611 2741 4683 episcopus
2767 4630 2795 4669 e
2827 4614 3008 4669 latere
3071 4634 3177 4671 suo
3211 4617 3424 4690 eligere
3455 4622 3626 4675 debet

1968 4695 2297 4753 sacerdotes
2328 4702 2383 4753 et
2415 4699 2560 4755 alios
2592 4704 2912 4773 prudentes
2944 4705 3099 4759 viros
3130 4724 3243 4762 non
3281 4708 3516 4780 ignaros
3535 4710 3621 4764 di-

1968 4783 2113 4837 vince
2142 4784 2288 4856 legis
2321 4791 2376 4841 et
2407 4790 2751 4846 exercitatos
2812 4793 2870 4847 in
2918 4794 3333 4853 ecclesiasticis
3374 4800 3625 4854 sanctio-

1969 4871 2164 4939 nibus,
2199 4874 2299 4945 qui
2336 4867 2798 4936 ordinandorum
2858 4883 3061 4955 vitam,
3114 4902 3321 4956 genus,
3354 4887 3618 4956 patriam,

1969 4962 2217 5032 aetatem,
2252 4962 2711 5039 institutionem,
2751 4970 2943 5027 locum
2978 4974 3076 5028 ubi
3109 4975 3340 5029 educati
3374 4980 3538 5045 sunt,
3568 4976 3617 5031 si

1968 5049 2089 5104 sint
2118 5050 2267 5108 bene
2296 5052 2559 5127 litterati,
2594 5059 2643 5113 si
2672 5058 2732 5115 in
2763 5060 2891 5133 lege
2920 5061 3153 5116 Domini
3184 5060 3621 5134 instructi,dili-

1967 5143 2172 5209 genter
2200 5141 2557 5217 investigent
2582 5154 2743 5205 :ante
2760 5151 3033 5219 omnia,si
3059 5151 3229 5205 fidem
3266 5152 3617 5208 catholicam

1968 5231 2207 5284 teneant
2237 5231 2505 5303 firmiter,
2569 5242 2625 5292 et
2682 5239 2874 5293 verbis
2934 5238 3311 5309 simplicibus
3361 5258 3620 5297 asserere

1967 5322 2200 5385 queant.
2226 5320 2341 5391 Ipsi
2363 5328 2559 5379 autem
2582 5327 2797 5397 quibus
2822 5344 2961 5381 cura
2978 5328 3392 5397 committitur,
3419 5347 3619 5386 cavere

1967 5404 2277 5477 debent,ne
2310 5416 2410 5466 aut
2445 5414 2655 5469 favoris
2686 5416 2900 5487 gratia,
2925 5419 3026 5470 aut
3057 5418 3465 5490 cujuscunque
3488 5437 3616 5474 mu-

1966 5494 2123 5550 neris
2142 5497 2458 5569 cupiditate
2499 5503 2673 5557 illecti
2702 5521 2733 5558 a
2754 5520 2886 5559 vero
2918 5504 3169 5574 devient,
3209 5511 3272 5561 ut
3303 5509 3614 5581 indignum

1963 5587 2020 5639 et
2048 5584 2247 5645 minus
2278 5588 2555 5648 idoneum
2587 5594 2657 5649 ad
2690 5610 2887 5650 sacros
2924 5594 3159 5652 ordines
3183 5598 3612 5672 suscipiendos,
