3938 6074
416 303 552 359 1135

1483 294 1551 343 D.
1591 290 1833 343 IVONIS
1869 287 2368 343 CARNOTENSIS
2406 292 2725 346 EPISCOPI

3710 288 3847 341 1136

412 426 690 483 manibus
719 418 979 495 episcopi
1012 416 1325 490 applicent.
1387 413 1549 477 Quod
1608 412 1657 467 si
1710 409 1972 476 fecerint,
2004 414 2060 465 et
2088 420 2141 485 Α
2172 413 2390 468 cuitum
2425 413 2923 486 anni,Dominicis
2954 412 3163 469 diebus
3195 411 3523 485 etsingulis
3548 411 3847 468 festivita-

414 515 514 572 ille
546 514 646 587 qui
678 511 919 584 indigne
954 506 1270 565 accesserit
1298 503 1370 558 ab
1397 502 1567 558 altari
1589 499 2068 565 removebitur,et

417 604 505 660 illi
538 603 636 675 qui
672 602 895 657 donum
928 595 1115 652 sancti
1146 592 1405 665 Spiritus
1423 591 1673 645 vendere
1698 588 1889 644 conati
1912 595 2065 655 sunt,

419 709 617 750 coram
649 691 765 746 Deo
791 689 918 759 jam
952 679 1643 749 damnati,ecclesiastica
1664 677 1949 749 dignitate
1972 693 2066 731 ca-

421 783 654 838 rebunt.
688 778 872 851 Igitur
922 790 1024 845 per
1054 777 1173 828 tres
1232 768 1547 825 continuos
1601 766 1727 822 dies
1767 764 2070 835 diligenter

421 870 850 934 examinentur,
903 867 960 918 et
990 862 1075 917 sic
1130 859 1383 915 Sabbato
1414 856 1515 929 qui
1546 855 1775 927 probati
1808 857 1947 911 sunt
1976 852 2070 908 in-

421 960 575 1016 venti
607 956 881 1028 episcopo
914 952 1365 1023 praesententur.

421 1071 552 1125 CAP.
586 1064 755 1120 XXII.
791 1061 950 1116 Caste
976 1074 1035 1115 se
1062 1057 1302 1113 victuros
1330 1054 1657 1125 promittant
1711 1053 1771 1107 in
1812 1050 2071 1106 diaconos

848 1132 933 1187 vel
952 1130 1288 1203 presbyteros
1319 1124 1642 1181 Ordinandi.

894 1220 1070 1275 Conc.
1104 1216 1289 1273 Tolet.
1324 1232 1406 1284 ιν,
1435 1232 1484 1271 c.
1517 1213 1607 1269 26.

493 1317 662 1387 (Dist.
693 1315 786 1383 28,
818 1328 869 1367 c.
905 1307 1131 1379 Quando
1174 1305 1386 1378 presb.)
1449 1301 1691 1369 Quando
1746 1297 2068 1373 presbyteri

422 1412 524 1463 aut
554 1402 785 1461 diaconi
817 1416 920 1473 per
979 1395 1288 1470 parochias
1347 1392 1806 1459 constituuntur,
1848 1390 2074 1461 oportet

422 1514 522 1554 eos
571 1490 999 1567 professionem
1035 1485 1308 1557 episcopo
1363 1499 1469 1538 suo
1521 1482 1734 1546 facere,
1794 1482 1859 1533 ut
1915 1480 2074 1567 caste

425 1590 481 1641 et
515 1564 656 1656 pure
684 1580 883 1635 vivant
912 1576 1023 1633 sub
1082 1574 1178 1630 Dei
1228 1573 1461 1641 timore,
1518 1574 1575 1625 et
1631 1570 1773 1623 dum
1830 1583 1929 1622 eos
1969 1564 2075 1656 tali

428 1655 793 1747 proressione
815 1662 1179 1738 obligaverit,
1211 1664 1476 1718 sanctam
1534 1656 1906 1729 disciplinam
1939 1655 2074 1711 reti-

427 1769 624 1819 noant.

424 1856 559 1907 CAP.
591 1847 801 1905 XXIII.
836 1843 1145 1916 Ofﬁciatem
1188 1839 1441 1916 libellum
1491 1839 1565 1916 ab
1622 1838 1866 1908 episcopo
1925 1838 2073 1890 acci-

732 1908 1224 1990 piant'presbyteri
1252 1928 1376 1966 cum
1405 1908 1761 1965 ordinantur.

891 2004 1064 2059 Coac.
1097 1999 1284 2057 Tolet.
1310 2016 1388 2068 IV,
1436 2015 1487 2054 c.
1519 1998 1611 2052 26.

500 2098 667 2171 (Dist.
699 2095 789 2162 38,
823 2110 874 2149 c.
936 2090 1159 2159 Quando
1186 2089 1396 2161 presb.)
1457 2086 1699 2151 Quando
1752 2083 2075 2157 presbyteri

426 2188 487 2243 in
528 2182 823 2258 parochiis
846 2180 1211 2246 ordinantur,
1251 2176 1516 2233 libellum
1573 2174 1882 2231 officialem
1914 2191 1947 2229 a
1977 2191 2075 2230 sa-

425 2278 659 2333 cerdote
684 2291 791 2330 suo
822 2270 1130 2343 accipiant,
1166 2274 1231 2324 ut
1262 2268 1334 2323 ad
1366 2266 1653 2322 Ecclesiae
1693 2266 1805 2321 sibi
1838 2266 2077 2338 deputa-

424 2374 516 2424 tas
547 2364 817 2423 instructi
850 2363 1166 2424 accedant;
1201 2376 1272 2414 ne
1294 2375 1397 2430 per
1424 2358 1815 2430 ignorantiam
1831 2357 1902 2412 de
1930 2354 2075 2426 ipsis

426 2456 641 2514 divinis
673 2451 1061 2511 sacramentis
1091 2448 1426 2505 offendant:
1462 2450 1526 2501 ut
1556 2445 1789 2517 quando
1838 2445 1909 2499 ad
1943 2443 2074 2499 lita-

425 2548 578 2613 nias,
610 2543 695 2600 vel
728 2543 799 2600 ad
833 2539 1148 2598 concilium
1179 2535 1465 2607 venerint,
1497 2534 1772 2606 episcOpo
1806 2550 1910 2589 suo
1942 2532 2073 2588 red-

425 2637 571 2692 dant
600 2634 908 2695 rationem,
942 2628 1195 2701 qualiter
1252 2629 1593 2697 susceptum
1629 2622 1888 2679 ofﬁcium
1933 2621 2076 2678 cele-

424 2726 599 2781 brent
626 2727 684 2779 et
716 2720 1033 2793 baptizant.

424 2833 557 2888 CAP.
604 2828 792 2884 XXIV.
854 2828 989 2894 Qua:
1045 2825 1182 2907 sint.
1214 2821 1584 2948 saicerdotibus
1641 2820 1959 2876 necessaria
2006 2819 2076 2873 ad

1104 2910 1249 2948 scten
1291 2910 1406 2948 um.

1104 2910 1406 2951 setenaum.

926 2986 1007 3040 Ex
1037 2982 1211 3039 dictis
1242 2980 1572 3054 Augustini.

493 3078 663 3151 (Dist.
693 3078 782 3141 38,
810 3091 861 3130 c.
902 3076 1038 3142 Qum
1068 3071 1248 3144 ipsis.)
1280 3070 1412 3133 Quae
1472 3070 1617 3142 ipsis
1674 3068 2077 3125 sacerdotibus

2175 501 2333 556 tibus
2374 507 2540 574 aptis.
2575 508 2653 559 Ex
2686 503 2902 575 quibus
2935 502 3235 574 omnibus,
3258 501 3308 556 si
3340 518 3526 557 unum
3562 502 3853 566 defuerit,

2176 590 2498 647 sacerdotis
2531 608 2746 647 nomen
2786 594 2845 646 in
2880 608 2947 647 eo
2982 590 3073 645 vix
3123 590 3435 656 constabit,
3492 590 3641 661 quia
3672 589 3853 644 valde

2175 678 2515 748 periculosa:
2546 685 2686 736 sunt
2717 681 2886 736 minae
2928 678 3275 752 evangelicae
3323 681 3543 751 quibus
3598 679 3852 734 dicitur.

2176 766 2237 821 Si
2254 784 2430 825 caecus
2458 786 2594 825 caeco
2624 769 2887 825 ducatum
2917 778 3164 838 praestet,
3200 770 3362 826 ambo
3391 771 3455 825 in
3484 768 3715 842 foveam
3750 788 3847 823 ca-

2174 856 2312 911 dunt
2339 857 2545 928 (Matth.
2571 858 2723 930 xm).

2389 974 2524 1028 CAP.
2548 975 2715 1031 XXV.
2748 976 2821 1031 De
2838 974 3175 1043 temporibus
3205 976 3607 1031 ordinationis.

2497 1064 2577 1118 Ex
2608 1063 2865 1120 Decretis
2898 1064 3117 1120 Gelasii
3149 1080 3340 1137 papae,
3370 1080 3421 1119 c.
3455 1065 3509 1118 4.

2252 1159 2417 1230 (Dist.
2450 1160 2542 1227 76,
2576 1177 2626 1216 ο.
2664 1160 2923 1217 Ordinat.
2968 1162 3174 1233 presb.)
3205 1161 3625 1218 Ordinationes
3662 1163 3844 1217 etiam

2182 1249 2651 1321 presbyterorum
2682 1254 2739 1305 et
2767 1251 3173 1317 diaconorum,
3196 1251 3310 1307 nisi
3345 1251 3518 1307 certis
3552 1252 3847 1324 tempori-

2182 1338 2293 1393 bus
2322 1342 2379 1393 et
2408 1338 2618 1394 diebus
2649 1339 2901 1395 exerceri
2936 1355 3047 1395 non
3099 1340 3335 1407 debent,
3369 1340 3425 1395 id
3487 1344 3581 1396 est
3640 1342 3845 1411 quarti

2184 1428 2405 1482 mensis
2426 1427 2677 1498 jejunio,
2710 1428 2947 1501 septimi
2975 1434 3032 1484 et
3062 1429 3294 1498 decimi,
3329 1430 3429 1484 sed
3483 1430 3667 1485 etiam
3705 1447 3845 1501 qua-

2184 1515 2595 1587 dragesimalis
2621 1516 2867 1585 initii,at;
2898 1518 3182 1573 medianae
3203 1518 3678 1583 hebdomade,et
3701 1520 3840 1574 Sab-

2185 1604 2304 1659 bati
2328 1605 2557 1676 jejunio
2588 1606 2742 1661 circa
2771 1622 3065 1677 vesperas,
3100 1608 3263 1680 ipsas
3292 1608 3709 1664 ordinationes
3746 1626 3839 1664 no-

2184 1694 2371 1749 verint
2399 1694 2778 1752 celebrandas
2828 1712 2933 1752 nec
2963 1697 3283 1767 cujuslibet
3330 1696 3609 1753 utilitatis
3641 1714 3839 1763 causa,

2033 1834 2042 1859 ε
2106 1790 2152 1856 Β
2185 1800 2288 1840 seu
2321 1784 2723 1858 presbyterum
2759 1801 2861 1841 seu
2895 1786 3211 1843 diaconum
3272 1785 3366 1842 his
3425 1787 3695 1859 perferre
3741 1804 3834 1842 au-

2185 1874 2382 1943 deant,
2406 1873 2507 1945 qui
2540 1876 2672 1929 ante
2696 1873 2855 1947 ipsos
2883 1874 3099 1931 fuerint
3129 1875 3406 1932 ordinati.

2466 1992 2602 2047 CAP.
2634 1991 2834 2047 XXVI.
2864 1995 2960 2047 Ea:
2999 2008 3149 2049 conc.
3180 1993 3368 2063 Held,
3408 2008 3461 2047 c.
3494 1994 3552 2048 6.

2253 2080 2310 2134 Si
2343 2079 2443 2152 qui
2474 2081 2733 2137 ordinari
2764 2085 2969 2153 petunt
2985 2080 3318 2137 nullatenus
3347 2081 3841 2147 ordinentur,nisi

2184 2170 2245 2225 in
2268 2169 2394 2225 loco
2434 2174 2590 2226 certo
2622 2174 2680 2226 et
2708 2169 3005 2243 religioso,
3037 2171 3124 2227 vel
3156 2170 3333 2227 etiam
3367 2171 3842 2237 civitate,saltem

2184 2274 2300 2313 uno
2331 2275 2485 2314 anno
2506 2259 2914 2325 immorentur,
2940 2264 3004 2315 ut
3033 2260 3101 2315 de
3133 2261 3252 2315 vita
3282 2264 3341 2316 et
3371 2260 3838 2327 conversatione,

2187 2352 2361 2419 atque
2392 2348 2660 2403 doctrina
2689 2348 2926 2404 illorum
2962 2349 3248 2406 certitudo
3281 2350 3473 2422 possit
3501 2351 3769 2422 agnosci.

2292 2447 2425 2501 CAP.
2456 2446 2683 2500 XXVII.
2729 2447 2923 2501 Nullus
2954 2446 3298 2503 ordinandus
3343 2451 3423 2503 est
3452 2448 3735 2505 absolute.

2541 2535 2715 2591 Conc.
2748 2536 3019 2592 Chalced.
3053 2553 3100 2591 c.
3126 2538 3180 2605 6,
3216 2542 3330 2593 act.
3388 2538 3478 2594 11.

2256 2623 2426 2695 (Dist.
2458 2625 2548 2692 70,
2582 2641 2633 2679 c.
2674 2626 3008 2693 Neminem.)
3059 2625 3297 2681 Nullum
3356 2625 3633 2682 absolute
3684 2626 3833 2682 ordi-

2186 2712 2313 2767 nari
2344 2712 2551 2768 debere
2584 2713 3013 2786 presbyterum,
3047 2715 3621 2784 autdiaconum,nec
3643 2732 3833 2788 quem-

2186 2800 2330 2856 libet
2361 2802 2419 2856 in
2451 2803 2637 2874 gradu
2669 2802 3068 2858 ecclesiastico
3085 2804 3622 2872 constitutum,nisi
3648 2805 3833 2860 mani-

2186 2891 2331 2946 feste
2361 2890 2420 2944 in
2450 2890 2695 2947 ecclesia
2724 2908 2843 2947 sum
2875 2893 3128 2949 civitatis
3154 2898 3256 2949 aut
3291 2894 3712 2965 possessionis,
3736 2900 3833 2949 aut

2187 2979 2580 3052 martyrii,aut
2612 2980 3096 3051 monasterii,hic,
3118 2983 3217 3053 qui
3248 2982 3575 3053 ordinetur,
3610 2999 3833 3039 merea-

2184 3073 2282 3123 tur
2311 3069 2698 3124 ordinationis
2721 3070 2963 3141 publicas
2994 3072 3485 3136 vocabulum.Qui
3507 3090 3646 3128 vero
3670 3074 3837 3128 abso-

430 3165 764 3225 necessaria
795 3164 915 3220 sint
944 3162 1015 3217 ad
1048 3161 1415 3229 discendum,
1450 3160 1507 3213 id
1556 3163 1645 3213 est
1699 3158 1844 3213 liber
1874 3174 2071 3213 sacra-
2104 3160 2147 3227 C
2185 3157 2307 3213 lute
2338 3158 2707 3228 ordinantur,
2740 3159 2996 3215 decrevit
3044 3161 3305 3231 synodus
3365 3162 3593 3216 irritam
3638 3162 3832 3216 haberi

419 3260 779 3321 mentorum,
808 3248 1206 3317 Iectionarius,
1240 3246 1679 3320 baptisterium,
1734 3251 2071 3318 computus,

418 3361 674 3404 canones
700 3336 1531 3416 poenitentiales,psalterium,
1557 3334 1814 3391 bomiliaa
1838 3352 1939 3407 per
1960 3336 2071 3391 cir-

2187 3247 2597 3317 hujuscemodi
2657 3264 2869 3303 manus
2930 3248 3388 3320 impositionem,
3422 3255 3482 3305 et
3531 3267 3828 3322 nusquam

2185 3352 2352 3409 posse
2385 3336 2722 3393 ministrare
2753 3337 2824 3393 ad
2878 3338 3209 3394 ordinantis
3249 3339 3548 3410 injuriam.

2098 3468 2177 3480 —

1548 3560 1651 3619 DE
1697 3559 1982 3619 XE'I‘ATE
2025 3560 2661 3622 ORDINANDOBUM
2678 3605 2691 3619 .

421 3696 558 3752 CAP.
603 3689 854 3748 XXVIII.
901 3688 1220 3759 Episcopus,
1248 3684 1333 3759 vet
1362 3683 1641 3754 presbyter
1670 3698 1781 3737 non
1812 3685 1884 3738 sit
1912 3682 2069 3738 ordi-

732 3757 956 3816 nandus
982 3767 1110 3813 ante
1140 3757 1489 3812 tricesimum
1519 3771 1755 3810 annum.

923 3852 1093 3903 Conc.
1119 3844 1352 3917 Agatb.,
1378 3861 1428 3899 c.
1466 3844 1550 3898 t6.

496 3946 577 4011 (Ο.
614 3940 977 4011 Episc0pus,§
1034 3933 1467 4004 Presbyterum.)
1522 3932 1877 4003 Episcopum
1935 3949 2070 3989 vero

419 4031 506 4089 vel
524 4028 928 4104 presbyterum
945 4031 1081 4081 ante
1096 4025 1164 4079 tri
1174 4023 1337 4095 ginta
1349 4021 1624 4089 annos,id
1644 4026 1732 4076 est
1754 4026 2071 4093 antequam

420 4122 492 4179 ad
525 4121 633 4177 viri
665 4116 905 4192 perfecti
962 4120 1190 4171 aetatem
1233 4112 1551 4185 perveniat,
1611 4110 1809 4166 nullus
1858 4116 2071 4167 metro-

419 4210 819 4283 politanorum
851 4205 1124 4262 ordinare
1181 4204 1518 4274 praesumat,
1554 4217 1625 4255 ne
1658 4216 1759 4271 per
1816 4204 2069 4267 atatem,

422 4299 577 4370 quod
610 4294 928 4368 aliquando
961 4292 1173 4362 evenit,
1206 4292 1404 4363 aliquo
1443 4306 1635 4345 errore
1665 4288 1997 4359 culpentur.

426 4400 560 4453 CAP.
596 4395 798 4451 XXIX.
832 4394 969 4448 Ante
998 4408 1109 4446 xxx
1164 4405 1441 4444 annorum
1491 4396 1738 4455 atatem,
1790 4389 2074 4460 presbyter

1023 4478 1131 4518 non
1153 4461 1461 4517 ordinetur.

424 4558 504 4613 Ex
530 4554 778 4612 decretis
811 4552 1053 4609 Fabiani

1168 4638 1372 4677 COCES.

494 4717 681 4789 (Decr.
706 4716 797 4781 78,
830 4730 879 4769 c.
912 4715 1002 4781 30,
1036 4712 1419 4782 Presbyter,et
1448 4709 1653 4765 ἀίει.δὶ
1683 4709 1910 4782 quis.)Si
1935 4710 2067 4781 quis

421 4823 532 4863 xxx
563 4803 750 4861 satatis
781 4820 899 4859 sum
934 4818 1048 4858 non
1087 4799 1417 4872 impleverit
1470 4816 1677 4869 annos,
1728 4798 2069 4855 nullomodo

422 4896 728 4970 presbyter
757 4891 1081 4959 ordinetur,
1106 4890 1281 4945 etiam
1312 4888 1362 4945 si
1392 4887 1559 4944 valde
1582 4888 1660 4944 sit
1688 4888 2071 4960 dignus,quia

422 4991 480 5042 et
504 4985 633 5058 ipse
663 4980 950 5039 Dominus
980 4997 1088 5035 xxx
1120 4994 1410 5035 annorum
1462 4978 1792 5049 baptizatus
1846 4981 1955 5046 est,
2014 4980 2071 5031 et

421 5074 506 5129 sic
528 5072 700 5144 ccepit
729 5073 936 5128 docere
964 5068 1181 5142 (Matth.
1214 5068 1312 5138 IV).
1360 5066 1483 5122 Non
1518 5071 1745 5138 Oportet
1774 5082 1910 5139 ergo
1969 5065 2069 5138 qui

421 5162 784 5218 ordinandus
816 5169 923 5227 est,
981 5172 1171 5228 usque
1202 5156 1272 5211 ad
1305 5155 1457 5211 hanc
1489 5159 1713 5211 atatem
1747 5154 2069 5227 legitimam

422 5250 772 5308 consecrari.

525 5352 661 5408 CAP.
696 5348 871 5403 XXX.
908 5344 1140 5419 Quando
1170 5343 1439 5399 diaconus
1479 5342 1552 5397 sit
1604 5343 1958 5402 ordinandus.

866 5442 1035 5493 Conc.
1069 5434 1342 5505 Carthag.
1366 5450 1452 5502 III,
1486 5450 1535 5488 c.
1572 5435 1622 5488 4.

488 5529 763 5599 (Dist.77,
798 5525 1122 5595 c.Ptacuit.)
1157 5523 1381 5579 Placuit
1413 5527 1477 5578 ut
1505 5528 1639 5579 ante
1670 5524 1875 5596 viginti
1902 5527 2068 5599 quin-

423 5635 537 5690 que
566 5632 753 5673 annos
784 5614 990 5681 tetatis,
1019 5629 1126 5668 nec
1145 5612 1377 5668 diaconi
1409 5613 1775 5685 ordinentur,
1809 5614 1982 5671 etiam
2016 5616 2066 5672 si

2178 3681 2347 3739 valde
2377 3683 2498 3739 sint
2547 3682 2730 3755 digni,
2786 3701 2891 3740 nec
2921 3684 3176 3757 virgines
3207 3691 3648 3754 consecrantur,
3691 3694 3749 3743 et
3780 3694 3836 3742 ut

2177 3772 2360 3827 lector
2390 3772 2673 3843 populum
2717 3790 2831 3829 non
2882 3774 3115 3832 salutet.

2180 3861 2313 3916 CAP.
2339 3861 2543 3918 XXXI.
2573 3862 2886 3917 Minoribus
2916 3881 3023 3939 xxv
3052 3867 3217 3939 annis
3246 3865 3472 3921 levitica
3517 3883 3630 3922 non
3679 3884 3831 3939 prae-

2728 3943 2900 3989 stetur
2931 3936 3253 3992 benedictio.

2658 4022 2833 4079 Conc.
2864 4024 3049 4081 Tolet.
3088 4042 3141 4096 v,
3174 4042 3225 4081 c.
3265 4027 3351 4081 19.

2252 4110 2418 4183 (Dist.
2449 4112 2541 4181 77,
2573 4128 2623 4167 c.
2651 4113 2713 4167 In
2740 4112 2959 4185 veteri.)
3019 4114 3080 4170 In
3140 4116 3316 4171 veteri
3375 4114 3502 4188 lege
3560 4116 3635 4171 ab
3687 4134 3831 4171 anno

2181 4216 2291 4256 xxv
2332 4199 2520 4255 levitas
2579 4199 2637 4255 in
2698 4201 3078 4260 tabernaculo
3132 4204 3350 4260 servire
3417 4204 3836 4276 praecipiuntur

2182 4289 2365 4358 (Num.
2400 4288 2519 4359 vm)
2547 4312 2560 4355 ;
2593 4289 2765 4361 cujus
2795 4291 3205 4347 auctoritatem
3241 4292 3299 4347 in
3331 4292 3665 4348 canonibus
3701 4311 3830 4349 san-

2181 4376 2257 4431 cti
2280 4376 2482 4432 Patres
2509 4378 2696 4433 secuti
2728 4382 2887 4433 sunt.
2921 4383 3037 4436 Nos
3059 4385 3115 4435 et
3139 4380 3349 4436 divina:
3370 4380 3515 4452 legis
3549 4398 3668 4436 non
3698 4400 3829 4455 pra:-

2180 4464 2332 4537 cepti
2366 4466 2765 4534 immemores,
2799 4468 3054 4524 infantes
3086 4473 3143 4523 et
3196 4485 3411 4540 pueros
3459 4469 3667 4525 levitas
3705 4471 3833 4526 faci-

1151 4567 1270 4630 apae
1327 4550 1397 4604 ad
1452 4548 1727 4605 Oriental.
1790 4550 1847 4604 in
1904 4564 2065 4605 conc.
2100 4537 2145 4601 Ι)
2179 4571 2312 4609 mus
2342 4560 2478 4609 ante
2507 4555 2832 4627 legitimam
2888 4561 3117 4612 aetatem
3173 4537 3355 4630 atque
3410 4558 3827 4630 experientiam

2175 4644 2327 4699 vitae.
2364 4643 2613 4715 Ideoque
2643 4661 2715 4700 ne
2748 4646 2994 4701 ulterius
3024 4646 3125 4701 fiat
3156 4665 3189 4702 a
3211 4648 3382 4703 nobis
3411 4652 3468 4703 et
3497 4648 3715 4703 divina:
3752 4648 3828 4703 le-

2177 4731 2266 4804 gis
2296 4737 2353 4787 et
2382 4748 2671 4788 canonum
2696 4734 3050 4789 admonetur
3081 4735 3411 4801 sententiis,
3445 4734 3546 4791 sed
3580 4752 3695 4790 xxv
3738 4755 3829 4792 an-

2178 4838 2390 4877 norum
2421 4821 2648 4877 diaconi
2678 4822 3045 4893 ordinentur,
3079 4824 3161 4880 ita
3218 4829 3303 4892 ut,
3364 4825 3654 4880 secudum
3707 4843 3829 4897 apo-

2179 4909 2465 4966 stolorum
2497 4915 2873 4983 prmoeptum,
2894 4912 3202 4983 probentur
3237 4916 3503 4986 primum,
3536 4918 3589 4969 et
3619 4917 3707 4969 sic
3735 4915 3826 4969 mi-

2177 5001 2433 5068 nistrent,
2466 5000 2689 5055 nullum
2718 5002 2926 5058 crimen
2958 5002 3219 5059 habentes
3255 5005 3304 5074 (I
3332 5003 3470 5059 Tim.
3500 5004 3617 5071 ιιι).

2394 5086 2527 5142 CAP.
2558 5088 2780 5145 XXXII.
2813 5091 2897 5144 Ea:
2934 5090 3175 5147 Decretis
3204 5090 3441 5159 Nicotai,
3472 5108 3523 5146 c.
3560 5094 3617 5146 6.

2249 5175 2330 5230 De
2361 5176 2648 5233 ordinatis
2680 5178 2833 5233 infra
2862 5196 3050 5235 annos
3081 5180 3287 5252 viginti
3319 5197 3493 5252 grave
3516 5181 3695 5237 nobis
3727 5182 3825 5236 im-

2179 5264 2361 5319 minet
2390 5265 2742 5337 periculum,
2774 5268 2915 5339 quia
2946 5269 3111 5340 prius
3151 5286 3213 5326 se
3242 5270 3314 5325 de
3342 5269 3831 5341 victoriajactant

2177 5370 2352 5423 quam
2386 5353 2679 5411 debellare
2703 5357 3012 5413 videantur
3060 5363 3162 5414 aut
3191 5359 3404 5431 sciant,
3429 5358 3487 5413 id
3520 5364 3635 5429 est,
3673 5361 3831 5432 prius

2177 5442 2370 5497 ofﬁcia
2400 5460 2574 5498 sacrae
2606 5445 2894 5501 castitatis
2928 5448 3285 5505 conscientia
3307 5464 3411 5520 per
3440 5450 3831 5521 cupiditatem

2178 5530 2469 5603 arripiunt
2525 5550 2700 5605 quam
2758 5534 2953 5606 jacula
3000 5537 3291 5593 incentiva
3322 5542 3544 5593 naturas
3579 5538 3830 5611 experiri

2176 5619 2425 5691 possint.
2489 5622 2711 5679 Idcirco
2761 5625 2913 5680 sacri
2945 5642 3198 5682 canones
3244 5631 3568 5683 sanxerunt
3603 5634 3672 5683 ut
3706 5629 3834 5684 sub-
