4000 6054
168 281 314 339 1137

1472 282 1873 337 PANORMIA.
1910 309 1974 319 —
2006 280 2139 333 LIB.
2180 280 2280 333 III.

159 406 452 462 diaconus
484 421 602 460 non
634 404 941 461 ordinetur
991 409 1126 460 ante
1179 421 1272 460 xxv
1320 422 1528 470 annos,
1562 421 1668 459 nec
1699 403 1820 457 dia-
1851 406 1903 471 Α
1934 401 2055 457 lum
2087 416 2335 457 vacuum
2368 400 2441 456 ad
2474 398 3433 472 suggerenduminEucbaristiam
3453 417 3585 457 san-

165 511 356 550 conus
394 498 532 549 ante
574 511 704 561 xxv,
759 510 866 549 nec
916 495 1222 566 presbyter
1252 498 1386 548 ante
1434 493 1823 548 tricesimum.

165 583 399 640 Deinde
428 583 478 638 si
502 582 721 655 dignus
751 583 951 649 fuerit,
996 583 1067 638 ad
1115 582 1518 653 episcopatum
1552 581 1685 653 eligi
1718 598 1828 652 po-

163 676 314 741 test;
375 672 531 743 quod
586 689 693 728 nos
742 688 976 744 quoque
1027 672 1153 743 pari
1204 671 1378 727 modo
1408 670 1825 741 servarijube-

171 778 336 818 IDUS.

309 881 445 933 CAP.
477 877 727 934 XXXIII.
763 877 1011 945 Qualiter
1039 877 1330 934 ordinetur
1371 875 1678 947 presbyter.

612 966 788 1023 Conc.
822 965 1096 1039 Carthag.
1132 983 1210 1035 ιν,
1241 982 1291 1021 c.
1321 965 1377 1020 3.

237 1074 408 1147 (Dist.
439 1075 532 1143 23,
567 1091 617 1130 c.
652 1074 994 1145 Presbyter.)
1045 1074 1357 1142 Presbyter
1406 1088 1540 1127 cum
1587 1071 1826 1128 ordina-

158 1170 283 1233 tur,
346 1165 625 1236 episcopo
677 1180 812 1219 eum
865 1162 1249 1218 benedicente
1280 1166 1337 1217 et
1371 1178 1613 1215 manum
1646 1175 1825 1233 super

159 1258 344 1325 caput
373 1254 504 1324 ejus
533 1257 789 1319 tenente,
844 1251 1019 1308 etiam
1081 1268 1288 1307 omnes
1346 1250 1671 1322 presbyteri
1719 1250 1820 1321 qui

161 1347 485 1414 prasentes
535 1346 697 1413 sunt,
756 1357 968 1397 manus
1026 1358 1167 1396 suas
1215 1356 1394 1412 super
1427 1342 1604 1411 caput
1659 1338 1821 1394 illius

152 1431 330 1501 juxta
363 1448 601 1487 manum
623 1430 883 1503 episcopi
914 1434 1155 1502 ponant.

310 1545 439 1602 CAP.
472 1545 715 1601 XXXIV.
752 1545 1002 1614 Qualiter
1047 1545 1355 1601 ordinatur
1383 1545 1672 1600 diaconus.

523 1639 603 1690 Ex
632 1635 836 1691 eodem
871 1650 1033 1690 conc.
1058 1639 1114 1689 et
1144 1651 1193 1688 c.
1230 1635 1455 1690 eodem.

238 1741 405 1811 (Dist.
437 1742 529 1813 23,
562 1759 610 1799 c.
644 1742 963 1811 Diaconus.)
998 1740 1292 1797 Diaconus
1322 1757 1455 1797 cum
1489 1740 1815 1811 ordinatur,

159 1830 327 1886 solus
357 1830 672 1902 episcOpus
703 1831 805 1902 qui
837 1846 971 1885 eum
1007 1830 1325 1896 benedicit,
1380 1846 1594 1886 manus
1642 1847 1820 1902 super

157 1923 340 1991 caput
370 1919 530 1974 illius
562 1922 763 1992 ponat,
796 1918 897 1991 qui
933 1936 1045 1975 non
1074 1919 1143 1974 ad
1178 1919 1594 1985 sacerdotium,
1619 1920 1719 1975 sed
1745 1919 1815 1974 ad

158 2008 565 2064 ministerium
598 2013 997 2064 consecratur.

268 2127 402 2178 CAP.
435 2123 655 2180 XXXV.
694 2124 946 2191 Qualiter
999 2123 1370 2179 subdiaconus
1400 2121 1704 2177 ordinetur.

634 2212 715 2267 Ex
746 2228 906 2267 conc.
952 2212 1181 2282 eodem,
1214 2228 1263 2268 c.
1294 2213 1349 2267 5.

235 2319 404 2387 (Dist.
432 2320 527 2384 23,
561 2335 612 2373 c.
645 2318 1075 2389 Subdiaconus.)
1105 2317 1514 2372 Subdiaconus
1545 2334 1679 2372 cum
1720 2334 1812 2371 or-

162 2410 429 2472 dinatur,
456 2407 597 2477 quia
616 2423 829 2461 manus
852 2406 1289 2477 impositionem
1314 2423 1428 2460 non
1454 2406 1685 2476 accipit,
1720 2423 1817 2477 pa-

161 2501 362 2551 tenam
383 2495 456 2549 de
484 2494 932 2565 episcopimanu
952 2495 1201 2566 accipiat
1230 2512 1473 2549 vacuam
1496 2500 1554 2550 et
1574 2495 1813 2549 calicem

162 2601 431 2639 vacuum.
460 2589 538 2639 De
561 2599 739 2638 manu
760 2600 896 2639 vero
922 2584 1315 2639 archidiaconi
1344 2584 1591 2655 accipiat
1616 2600 1815 2638 urceo-

166 2674 288 2727 lum
318 2689 453 2727 cum
488 2689 662 2743 aqua,
693 2677 751 2726 et
781 2689 947 2743 aqua
979 2671 1195 2727 manile
1243 2688 1308 2727 ac
1353 2671 1812 2742 manutergium.

292 2792 420 2845 CAP.
453 2787 710 2843 XXXVI.
757 2788 1008 2856 Qualiter
1042 2787 1327 2859 acolythus
1367 2786 1677 2842 ordinatur.

618 2881 698 2931 Ex
729 2893 893 2933 conc.
936 2878 1184 2943 eodem.,
1217 2893 1267 2932 c.
1302 2878 1357 2944 6,

237 2983 405 3055 (Dist.
438 2984 528 3052 23,
552 3000 603 3038 c.
637 2983 977 3055 Acolythus.)
1021 2982 1339 3054 Acolytbus
1389 2998 1522 3037 cum
1582 2981 1812 3036 ordina-

158 3080 277 3141 tur,
312 3072 385 3127 ab
412 3071 683 3143 episcopo
715 3073 955 3142 quidem
988 3073 1267 3126 doceatur
1308 3070 1561 3142 qualiter
1589 3069 1647 3124 in
1682 3072 1809 3125 otti-

1932 490 2131 561 guinis
2158 489 2392 545 Domini

2056 583 2182 634 Cu».
2215 579 2501 634 XXXVII.
2538 578 2789 646 Qualiter
2825 577 3101 633 exorcista
3132 577 3450 637 ordinatur.

2400 671 2479 722 Ex
2508 682 2669 722 conc.
2703 668 2930 733 eodem,
2962 684 3013 722 c.
3042 669 3096 721 7.

2001 756 2173 827 (Dist.
2225 756 2315 826 23,
2365 772 2415 812 c.
2450 756 2778 825 Exorcista.)
2827 755 3124 811 Exorciste
3171 772 3305 812 cum
3337 757 3575 813 ordina-

1931 849 2045 913 tur,
2084 845 2330 917 accipiat
2377 844 2447 900 de
2494 860 2671 900 manu
2721 844 2982 915 episcopi
3033 843 3299 899 libellum
3346 846 3404 900 in
3457 862 3574 917 quo

1930 934 2135 1006 scripti
2165 938 2306 990 sunt
2336 933 2666 999 exorcismi,
2700 932 2927 987 dicente
2958 932 3068 987 sibi
3117 932 3388 1005 episcopo
3415 951 3430 989 :
3463 936 3574 989 Ac-

1929 1026 2047 1095 cipe
2074 1030 2125 1079 et
2153 1022 2471 1080 commenda
2536 1022 2840 1089 memoria,
2894 1031 2946 1076 et
3011 1021 3210 1078 habeto
3248 1025 3576 1093 potestatem

1930 1112 2247 1185 imponendi
2276 1128 2474 1167 manus
2501 1128 2669 1184 super
2697 1126 3128 1180 energumenum
3160 1113 3275 1167 sive
3324 1111 3575 1183 baptiza-

1929 1212 2068 1270 tum,
2091 1203 2208 1259 sive
2236 1203 2704 1258 catechumenum.

2106 1291 2234 1347 (1η).
2270 1290 2577 1347 XXXVIII.
2605 1289 2860 1356 Qualiter
2888 1290 3057 1345 lector
3084 1289 3395 1345 ordinatur.

2401 1380 2482 1434 Ex
2512 1396 2675 1435 conc.
2707 1381 2931 1447 eodem,
2961 1395 3011 1435 c.
3042 1380 3096 1434 8.

1998 1470 2166 1543 (Dist.
2195 1470 2287 1535 23,
2322 1486 2369 1524 c.
2416 1468 2649 1539 Lector.)
2701 1468 2899 1523 Lector
2946 1484 3080 1523 cum
3130 1466 3455 1537 ordinatur,
3488 1467 3574 1523 fa-

1927 1559 2043 1615 ciat
2072 1561 2144 1614 de
2174 1558 2272 1613 illo
2294 1557 2539 1613 verbum
2570 1556 2878 1629 episcopus
2909 1557 2979 1612 ad
3016 1555 3269 1627 plebem,
3304 1555 3572 1611 indicans

1927 1650 2056 1720 ejus
2087 1648 2282 1714 fidem,
2328 1664 2393 1703 ac
2443 1646 2621 1702 vitam
2671 1649 2847 1717 atque
2903 1644 3231 1718 ingenium,
3264 1649 3396 1716 post
3448 1645 3573 1699 hac

1926 1741 2226 1810 spectante
2257 1737 2421 1809 plebe
2462 1736 2657 1791 tradat
2684 1734 2733 1791 ei
2765 1735 3027 1790 codicem
3055 1735 3127 1789 de
3168 1750 3283 1806 quo
3313 1734 3575 1789 lecturus

1926 1832 2015 1885 est
2044 1828 2246 1883 dicens
2281 1842 2294 1880 :
2328 1825 2542 1895 Accipe,
2576 1830 2628 1879 et
2682 1832 2790 1879 esto
2820 1824 3026 1879 relator
3073 1823 3228 1878 verbi
3272 1824 3371 1878 Dei
3415 1823 3574 1877 habi-

1926 1926 2105 1984 turus,
2136 1918 2187 1971 si
2214 1914 2453 1986 ﬁdeliter
2480 1922 2533 1969 et
2560 1913 2770 1968 utiliter
2799 1911 3125 1983 impleveris
3146 1912 3413 1981 ofﬁcium,
3437 1930 3575 1983 par-

1928 2014 2031 2060 tem
2060 2020 2184 2059 cum
2213 2003 2292 2057 eis
2323 2003 2419 2073 qui
2446 2001 2669 2056 verbum
2695 2000 2792 2055 Dei
2834 2000 3300 2054 ministraverint.

2079 2093 2210 2149 CAP.
2246 2090 2489 2146 XXXIX.
2525 2089 2778 2157 Qualiter
2806 2090 3068 2144 ostiarius
3098 2088 3411 2146 ordinatur.

2401 2180 2481 2233 Ex
2511 2194 2673 2233 conc.
2702 2178 2929 2244 eodem,
2963 2194 3012 2233 c.
3044 2178 3098 2232 9.

1998 2270 2165 2342 (Dist.
2202 2270 2292 2337 23,
2325 2286 2374 2324 c.
2410 2266 2726 2332 Ostiarius.)
2754 2266 3023 2321 Ostarius
3065 2283 3197 2321 cum
3242 2266 3570 2337 ordinatur,

1927 2364 2238 2432 postquam
2274 2358 2345 2412 ab
2399 2355 2809 2411 archidiacono
2860 2355 3188 2410 instructus
3228 2355 3404 2410 fuerit
3433 2372 3575 2428 qua-

1926 2448 2058 2503 liter
2088 2448 2148 2501 in
2179 2448 2354 2500 domo
2387 2444 2484 2500 Dei
2518 2445 2726 2500 debeat
2756 2442 3110 2509 conversari,
3144 2443 3215 2498 ad
3249 2445 3570 2516 suggestio-

1927 2553 2054 2592 nem
2081 2533 2475 2590 archidiaconi
2505 2533 2685 2586 tradit
2717 2533 2765 2587 ei
2800 2531 3112 2601 episcopus
3160 2532 3355 2587 claves
3385 2532 3569 2587 eccle-

1926 2630 2046 2696 sia,
2081 2626 2151 2679 de
2182 2624 2390 2678 altario
2422 2623 2623 2677 dicens
2655 2621 2705 2675 ei
2739 2639 2751 2675 :
2787 2622 2879 2674 Sic
2907 2636 3011 2688 age
3039 2623 3199 2691 quasi
3252 2621 3569 2676 redditurus

1924 2717 2033 2770 Deo
2065 2714 2357 2781 rationem,
2388 2728 2487 2783 pro
2517 2711 2602 2764 his
2634 2710 2790 2764 rebus
2820 2724 2946 2780 quae
2977 2710 3097 2764 istis
3125 2710 3368 2764 clavibus
3384 2711 3569 2766 reclu-

1922 2804 2149 2859 duntur.

2151 2892 2283 2946 CAP.
2315 2890 2420 2945 XL.
2456 2889 2706 2956 Qualiter
2730 2890 3019 2960 psalmisla
3049 2888 3358 2944 ordinetur.

1994 2981 2163 3052 (Dist.
2192 2982 2283 3045 23,
2317 2996 2365 3034 c.
2401 2977 2713 3047 Psalmita.)
2775 2976 3101 3043 Psalmista,
3128 2977 3187 3033 id
3232 2982 3323 3033 est
3352 2983 3569 3049 cantor,

1923 3076 2114 3142 potest
2146 3070 2369 3138 absque
2399 3067 2647 3122 scientia
2676 3066 2957 3139 episcopi,
2991 3066 3115 3122 sola
3137 3067 3409 3137 jussione
3442 3084 3566 3140 pre-

158 3164 251 3218 cio
285 3179 392 3217 suo
425 3178 596 3234 agere
627 3162 855 3216 debent.
890 3163 996 3216 Sed
1028 3162 1099 3216 ab
1123 3160 1534 3215 archidiacono
1566 3160 1815 3232 accipiat
1845 3156 1889 3222 C
1928 3158 2167 3232 sbyteri,
2217 3159 2476 3213 ofﬁcium
2525 3155 2823 3227 suscipere
2854 3155 3129 3210 cantandi
3182 3155 3409 3211 dicente
3456 3156 3569 3211 sibi

158 3252 578 3307 ceroferarium
612 3267 746 3305 cum
780 3267 966 3315 cereo,
992 3256 1056 3304 ut
1084 3252 1232 3304 sciat
1256 3266 1318 3305 se
1336 3250 1407 3304 ad
1441 3250 1811 3305 accendenda

156 3340 474 3395 luminaria
520 3338 776 3395 ecclesia
808 3339 1151 3410 mancipari.
1202 3338 1461 3411 Accipiat
1504 3342 1560 3393 et
1608 3354 1810 3393 urceo-

1923 3250 2261 3321 presbytero
2294 3264 2309 3303 :
2349 3245 2482 3301 Vide
2530 3244 2673 3318 quod
2717 3260 2813 3299 ore
2852 3249 3033 3299 cantes
3079 3244 3239 3301 corde
3266 3244 3480 3315 credas,
3516 3256 3568 3301 et

1920 3338 2064 3408 quod
2090 3339 2254 3391 corde
2282 3335 2462 3392 credis
2493 3333 2749 3406 operibus
2776 3333 2988 3403 probes.

973 3718 1076 3776 DE
1122 3716 1453 3777 OFFlCIlS
1499 3714 1855 3775 ILLOIlUM
1902 3713 2035 3785 OUI
2082 3714 2288 3774 SUN'I‘
2333 3713 2762 3773 OHDINANDI

223 3904 358 3957 CAP.
392 3901 536 3957 XLI.
572 3902 722 3971 Quod
766 3904 1143 3973 epismporum
1189 3909 1240 3973 et
1290 3909 1609 3957 caterorum
1657 3902 1732 3955 sit

662 3972 905 4045 ofﬁcium
937 3972 996 4028 in
1028 3972 1289 4027 Ecclesia.

494 4063 654 4130 lsid.,
688 4080 778 4134 ep.
812 4063 885 4117 ad
920 4062 1171 4118 Leot'rid.
1203 4062 1459 4118 Cordub.

226 4169 393 4238 (Dist.
427 4171 519 4239 25,
551 4186 599 4225 c.
634 4168 939 4239 Perlectis.)
974 4167 1248 4223 Perlectis
1298 4167 1637 4223 sanctitatis
1686 4170 1799 4221 tua

155 4257 385 4323 litteris,
444 4257 683 4329 gavisus
714 4274 846 4312 sum
880 4258 1035 4328 quod
1071 4260 1332 4328 optatam
1364 4256 1612 4311 salutem
1637 4259 1799 4310 tuam

155 4363 352 4401 earum
385 4346 573 4402 relatu
611 4346 875 4416 cognovi.
916 4350 990 4401 De
1022 4345 1114 4400 his
1139 4351 1335 4399 autem
1356 4362 1479 4415 qua
1511 4345 1567 4398 in
1591 4359 1799 4400 conse-

156 4434 470 4505 quentibus
494 4435 797 4490 insinuare
818 4434 1034 4506 eloquii
1068 4434 1153 4489 tui
1179 4450 1371 4489 sermo
1396 4433 1644 4502 studuit,
1667 4448 1798 4503 gra-

156 4524 265 4579 tias
298 4540 404 4595 ago
437 4524 553 4579 Deo
586 4526 741 4595 quod
775 4524 1233 4579 sollicitudinem
1263 4522 1438 4577 ofﬁcii
1488 4520 1799 4592 pastoralis
1832 4542 1877 4606 Β

155 4614 479 4684 impendis;
512 4613 766 4684 qualiter
787 4617 842 4667 et
864 4614 1158 4683 quomodo
1192 4612 1590 4667 ecclesiastica
1610 4612 1801 4665 ofﬁcia

154 4703 499 4756 ordinentur
549 4702 861 4773 perquiris.
920 4702 990 4755 Et
1036 4700 1173 4755 licet
1223 4700 1420 4755 omnia
1477 4700 1799 4770 prudentia

154 4797 358 4846 vestra
390 4790 507 4845 sint
536 4790 792 4863 cognita,
844 4795 1043 4844 tamen
1098 4790 1237 4860 quia
1288 4790 1492 4844 alfectu
1545 4791 1799 4842 fraterno

155 4896 245 4935 me
275 4879 557 4944 consulis,
591 4896 660 4934 ex
690 4896 804 4949 qua
835 4884 998 4950 parte
1030 4894 1146 4948 qua
1196 4878 1359 4933 valeo
1389 4878 1717 4948 expediam,
1743 4881 1801 4930 et

153 4970 222 5023 de
253 4967 524 5023 omnibus
556 4968 827 5023 Ecclesia
858 4966 1162 5039 gradibus,
1196 4966 1336 5036 quid
1370 4966 1440 5019 ad
1473 4981 1641 5036 quem
1676 4981 1798 5035 per-

154 5058 362 5126 tineat,
403 5055 664 5127 eloquar.
699 5056 775 5110 Ad
838 5054 1143 5110 ostiarium
1196 5071 1452 5125 namque
1506 5054 1801 5125 pertinent

154 5146 341 5200 claves
372 5145 652 5205 ecclesia.
688 5149 751 5198 ut
782 5144 1020 5199 claudat
1050 5148 1102 5198 et
1134 5144 1357 5215 aperiat
1378 5142 1661 5213 templum
1680 5141 1797 5212 Dei,

153 5240 207 5289 ct
240 5234 440 5289 omnia
462 5251 590 5304 qua
610 5239 753 5287 sunt
784 5234 946 5287 intus
970 5238 1248 5303 extraque
1271 5231 1796 5300 custodiat,ﬁdeles

154 5323 415 5393 recipiat,
452 5322 989 5376 excommunicatos
1008 5326 1065 5375 et
1102 5321 1369 5375 inﬁdeles
1391 5321 1677 5375 excludat.
1712 5321 1796 5374 Ad

154 5410 498 5467 exorcistam
523 5427 779 5483 namque
805 5410 1057 5481 pertinet
1085 5410 1441 5464 exorcismos
1465 5408 1797 5463 memoriter

157 5501 421 5566 retinere,
456 5516 790 5571 manusque
808 5516 990 5571 super
1007 5514 1435 5568 energumenos
1451 5502 1508 5552 et
1528 5497 1795 5551 catechu-

157 5606 353 5644 menos
412 5589 469 5644 in
530 5589 911 5645 exorcizando
971 5587 1295 5658 imponere.
1333 5586 1414 5639 Ad
1460 5585 1793 5655 acolythum

1912 3899 2161 3971 pertinet
2184 3901 2529 3970 praparatio
2550 3898 3001 3954 luminariorum
3026 3899 3082 3953 in
3109 3899 3365 3954 sacrario
3391 3916 3404 3967 ;
3437 3898 3565 3970 ipse

1910 4004 2143 4043 cereum
2179 3992 2388 4059 portet,
2413 3988 2538 4059 ipse
2563 3994 2840 4059 suggesta
2869 4005 2970 4060 pro
2995 3987 3563 4044 eucharistiacalicis

1908 4082 2216 4148 praeparet.
2234 4078 2318 4131 Ad
2346 4077 2714 4147 psalmistam
2737 4077 2987 4148 pertinet
3008 4078 3267 4132 officium
3292 4077 3560 4147 canendi,

1910 4165 2133 4220 scilicet
2177 4166 2366 4220 dicere
2412 4166 2868 4233 benedictiones,
2921 4164 3146 4233 laudes,
3181 4165 3558 4233 sacriﬁcium,

1910 4253 2285 4325 responsoria
2315 4257 2371 4308 et
2414 4254 2702 4326 quidquid
2751 4255 3005 4325 pertinet
3034 4254 3103 4308 ad
3148 4254 3424 4309 cantandi
3457 4271 3554 4327 pe-

1911 4343 2126 4397 ritiam.
2155 4343 2231 4396 Ad
2264 4341 2536 4398 lectorem
2562 4342 2811 4414 pertinet
2841 4344 3121 4399 lectiones
3150 4344 3555 4416 pronuntiare,

1909 4436 1965 4485 et
1995 4448 2060 4485 ea
2092 4447 2219 4501 qua
2256 4431 2548 4502 propheta
2583 4433 3047 4487 vuticinaverunt
3076 4432 3310 4504 populis
3342 4433 3556 4504 pradi-

1907 4535 2039 4574 care
2095 4520 2177 4573 Ad
2209 4520 2634 4574 subdiaconum
2664 4520 2913 4591 pertinet
2944 4519 3181 4575 calicem
3206 4525 3263 4577 et
3285 4526 3556 4594 patenam

1919 4608 1987 4662 ad
2026 4607 2207 4662 altare
2237 4607 2452 4663 Christi
2490 4609 2732 4675 deferre,
2775 4612 2829 4663 et
2852 4608 3040 4664 levitis
3072 4611 3323 4680 tradere,
3356 4612 3559 4685 eisque

1914 4697 2274 4762 ministrare,
2292 4696 2587 4751 urceolum
2614 4703 2913 4768 quoqueet
2934 4716 3095 4769 aqua
3121 4700 3336 4755 manile
3357 4706 3413 4756 et
3436 4718 3558 4756 ma-

1912 4788 2244 4858 nutergium
2280 4793 2499 4856 tenere,
2522 4790 2797 4861 episcopo
2828 4796 2885 4845 et
2906 4791 3242 4864 presbytero
3283 4796 3341 4847 et
3364 4793 3555 4848 levitis

1910 4892 2014 4945 pro
2036 4876 2304 4930 lavandis
2338 4882 2472 4931 ante
2505 4878 2689 4933 altare
2726 4879 2999 4935 manibus
3029 4898 3242 4953 aquam
3275 4883 3553 4953 prabere.

1907 4968 1990 5020 Ad
2055 4966 2365 5021 diaconum
2412 4969 2661 5038 pertinet
2708 4971 2984 5027 assistere
3033 4973 3438 5027 sacerdotibus
3497 4978 3554 5027 et

1910 5056 2250 5111 ministrare
2276 5056 2334 5111 in
2367 5058 2643 5113 omnibus
2667 5076 2792 5130 qua
2815 5066 3071 5131 aguntur
3093 5062 3149 5115 in
3166 5062 3553 5116 sacramentis

1907 5145 2124 5198 Christi
2156 5145 2213 5199 in
2249 5146 2542 5217 baptismo
2571 5150 2654 5202 vel
2688 5149 2744 5202 in
2779 5148 3127 5214 Chrismate,
3162 5149 3219 5202 in
3253 5154 3467 5220 patena
3496 5156 3553 5205 et

1906 5233 1964 5287 in
2000 5233 2201 5288 calice.
2235 5234 2571 5290 Oblationes
2594 5253 2829 5307 quoque
2857 5238 3069 5291 inferre
3089 5244 3144 5292 et
3166 5238 3548 5308 disponerein

1906 5321 2089 5375 altare
2146 5339 2493 5393 componere
2545 5326 2719 5379 etiam
2774 5342 3039 5380 mensam
3099 5326 3327 5381 Domini
3376 5332 3550 5397 atque

1905 5410 2138 5477 vestire,
2172 5428 2404 5466 crucem
2440 5414 2608 5481 ferre,
2641 5419 2696 5466 et
2731 5414 3042 5482 pradicare
3070 5413 3447 5485 Evangelium
3489 5427 3547 5471 et

1903 5500 2251 5570 Apostolum
2284 5502 2352 5555 ad
2390 5502 2656 5573 populos.
2676 5501 2819 5555 Nam
2838 5503 2992 5557 sicut
3022 5502 3340 5559 lectoribus
3364 5508 3545 5561 Vetus

1864 5627 1875 5631 ~
1903 5588 2369 5656 Testamentum,
2400 5590 2481 5645 ita
2510 5590 2791 5643 diaconus
2818 5589 3039 5645 Novum
3060 5592 3377 5663 praedicare
3398 5610 3541 5665 pra-

3452 276 3588 331 1138
3654 324 3657 325 ,
