3938 6074
377 296 513 350 1139

1461 284 1527 333 D.
1570 277 1814 332 IVONIS
1848 274 2343 331 CARNOTENSIS
2381 273 2699 328 EPISCOPI

3671 274 3820 328 1H0

374 422 608 492 ceptum
643 419 749 471 est.
809 412 894 468 Ad
955 411 1151 482 ipsum
1203 419 1438 478 quoque
1476 401 1730 475 pertinet
1761 398 2020 456 officium
2049 398 2104 465 Α
2131 396 2599 492 distribuit-sb
2648 396 3059 492 archidiacono
3125 397 3408 492 [episcopo
3446 397 3818 454 nuntiantur

376 485 617 581 precum
649 509 705 560 et
728 500 988 559 recitatio
1007 495 1334 552 nominum.
1361 495 1492 564 Ipse
1515 492 1832 565 praemonet
1851 503 2025 544 aures
2135 501 2409 542 excessus
2441 485 2823 542 diaconorum
2849 504 2864 555 ;
2897 490 2955 542 et
2984 486 3112 559 ipse
3163 488 3474 545 denuntiat
3505 489 3814 544 sacerdoti

379 577 598 654 habere
621 594 694 650 ad
725 590 1062 654 Dominum;
1093 587 1218 657 ipse
1255 583 1523 638 hortatur
1548 596 1714 634 orare
1765 579 1890 649 ipse
1916 577 2029 631 cla-

382 693 504 743 mat
525 690 582 742 et
615 697 817 756 pacem
842 680 966 750 ipse
989 672 1322 730 annuntiat.
1351 671 1434 727 Ad
1463 669 1872 742 presbyterum
1898 682 2028 756 per-

379 778 527 832 tinet
559 755 994 830 sacramentum
1018 762 1278 836 corporis
1311 764 1366 816 et
1388 757 1694 829 sanguinis
1716 755 1944 812 Domini
1969 755 2029 808 in

380 865 552 922 altari
589 861 682 917 Dei
718 859 1021 925 coniicere,
1051 853 1344 908 orationes
1376 849 1569 903 dicere
1604 852 1662 901 et
1692 845 2031 900 benedicere

380 957 532 1011 dona
565 951 680 1008 Dei.
706 949 783 1004 Ad
811 946 1151 1018 episcopum
1186 940 1437 1016 pertinet
1465 936 1843 992 basilicarum
1896 951 2032 989 con-

381 1041 651 1109 secratio,
687 1036 888 1093 unctio
910 1032 1110 1088 altaris
1139 1027 1498 1086 etconfectio
1523 1025 1877 1080 chrismatis.
1902 1024 2034 1095 Ipse

381 1132 659 1205 praedicta
689 1125 883 1183 officia
905 1127 962 1178 et
991 1121 1227 1177 ordines
1250 1114 1678 1174 ecclesiasticos
1712 1113 2034 1205 distribuit,

381 1199 508 1293 ipse
545 1234 744 1273 sacras
777 1212 1036 1285 virgines
1070 1205 1379 1273 benedicit,
1415 1210 1471 1259 et
1502 1207 1639 1263 dum
1676 1199 2038 1276 prmcesserit

383 1307 790 1378 unusquisque
821 1303 881 1356 in
915 1298 1169 1372 singulis
1207 1293 1536 1364 ordinibus,
1570 1293 1694 1364 ipse
1727 1297 1925 1346 tamen
1949 1294 2039 1345 est

385 1397 815 1473 praeordinator
844 1391 901 1445 in
936 1387 1184 1444 cunctis.

461 1489 530 1544 Hi
564 1488 704 1542 sunt
751 1480 982 1538 ordines
1029 1481 1086 1532 et
1135 1472 1466 1530 ministeria
1513 1471 1880 1538 clericorum,
1915 1485 2040 1540 quas

391 1581 622 1635 tantum
647 1569 992 1629 auctoritate
1023 1562 1342 1640 pontificali
1369 1563 1428 1617 in
1460 1557 1855 1616 archidiaconi
1880 1573 2040 1626 cura,

392 1672 449 1723 et
475 1661 794 1740 primicerii
817 1676 882 1714 ac
897 1653 1250 1716 thesaurarii
1269 1648 2040 1740 sollicitudineidividuntur.

2138 576 2197 630 in
2230 575 2478 632 sacrario
2510 575 2862 646 lejuniorum
2889 575 3014 633 dies
3046 581 3223 648 atque
3242 576 3812 649 :solemnitatum,et

2139 666 2210 720 ab
2234 665 2362 737 ipso
2386 664 2445 718 in
2469 663 2713 720 ecclesia
2731 665 2962 736 publice
2985 666 3651 736 praedicantur.Quando
3667 684 3808 723 vero

2140 753 2591 810 archidiaconus
2624 755 2838 810 absens
2871 760 2960 810 est
2989 756 3176 811 vicem
3218 757 3347 827 ejus
3389 758 3686 813 diaconus
3723 775 3808 812 se-

2141 860 2328 916 quens
2350 842 2653 915 adimplet.
2687 843 2770 898 Ad
2817 844 3222 915 primicerium
3254 845 3576 917 pertinent,
3609 847 3807 919 acoly-

2141 933 2254 999 thi,
2286 933 2603 1001 exorcistie,
2636 933 2981 1004 psalmistaa,
3023 938 3201 1006 atque
3221 934 3486 991 lectores.
3534 936 3799 1007 Signum

2145 1037 2377 1094 quoque
2406 1021 2668 1078 dandum
2715 1039 2818 1094 pro
2859 1021 3052 1080 ofﬁcio
3104 1022 3476 1096 clericorum,
3518 1041 3629 1096 pro
3677 1025 3809 1082 vitm

2145 1112 2449 1168 honestate
2477 1115 2536 1168 et
2565 1110 2827 1167 officium
2859 1114 3156 1175 cantandi,
3193 1117 3250 1170 et
3279 1115 3600 1187 peragendi
3644 1114 3816 1170 solli-

2146 1201 2258 1257 cite
2290 1200 2589 1272 lectiones,
2621 1200 2941 1274 psalmum,
2988 1201 3216 1271 laudes,
3245 1203 3642 1269 oil‘ertorium,
3687 1219 3817 1260 res-

2150 1289 2493 1362 ponsorium
2541 1289 2678 1360 quis
2717 1288 3064 1348 clericorum
3110 1291 3305 1350 dicere
3352 1292 3610 1359 debeat;
3663 1295 3813 1350 ordo

2150 1395 2384 1450 quoque
2414 1383 2471 1434 et
2502 1379 2674 1435 modo
2697 1379 2984 1450 psallendi
3006 1381 3064 1437 in
3097 1381 3272 1439 choro
3294 1399 3399 1455 pro
3429 1382 3813 1442 solemnitate

2152 1474 2210 1525 et
2237 1473 2522 1541 tempore;
2547 1469 2841 1525 ordinatio
2884 1487 3114 1544 quoque
3142 1487 3246 1546 pro
3270 1470 3676 1530 luminarihus
3708 1473 3812 1528 de-

2153 1556 2427 1614 ferendis.
2461 1557 2520 1613 Si
2554 1558 2697 1630 quid
2729 1558 2905 1619 etiam
2941 1559 3343 1620 necessarium
3365 1561 3543 1623 fuerit
3575 1578 3687 1633 pro
3722 1578 3809 1618 re.

2155 1647 2458 1720 paratione
2488 1646 2869 1704 basilicarum
2903 1664 3030 1720 quae
3062 1653 3203 1705 sunt
3233 1649 3294 1704 in
3325 1649 3500 1720 urbe,
3538 1651 3674 1724 ipse
3713 1651 3809 1709 de-

389 1736 854 1811 Archidiaconus
877 1747 1031 1803 enim
1066 1745 1316 1817 imperat
1339 1739 1797 1796 subdiaconibus
1828 1742 1884 1793 et
1911 1736 2046 1792 levi-
2077 1782 2124 1846 Β
2159 1737 2386 1792 nuntiet
2428 1736 2736 1794 sacerdoti.
2787 1737 3076 1809 Epistolas
3128 1737 3384 1813 episcopi
3445 1755 3550 1815 pro
3605 1739 3812 1795 diebus

391 1846 492 1913 tis;
528 1845 594 1898 ad
629 1857 804 1913 quem
838 1839 951 1892 ista
998 1834 1294 1906 pertinent
1345 1829 1671 1886 ministeria
1706 1844 1719 1885 :
1753 1827 2044 1883 ordinatio
2078 1825 2124 1846 ”
2147 1825 2512 1898 jejuniorum
2547 1825 2918 1897 parochianls
2953 1844 3056 1904 per
3106 1827 3381 1886 ostiarius
3407 1828 3535 1900 ipse
3567 1828 3813 1901 dirigat;

395 1929 682 1988 vestiendi
733 1925 920 1993 altari,
955 1941 987 1979 a
1014 1922 1202 1978 levitis
1249 1937 1390 1975 cura
1440 1917 1662 1973 incensi
1695 1921 1751 1972 et
1782 1915 2050 1972 sacrificii

396 2018 730 2077 necessaria
760 2013 1115 2070 sollicitudo.
1137 2010 1277 2077 Quis
1303 2007 1608 2065 levitarum
1634 2005 1973 2079 Apostolum
1999 2008 2054 2060 et

403 2105 782 2176 Evangelium
814 2103 989 2173 legat;
1027 2099 1160 2171 quis
1184 2113 1384 2170 preces
1407 2096 1583 2165 dicat,
1604 2112 1706 2150 seu
1739 2111 2052 2166 responso-

403 2198 556 2252 rium
583 2196 641 2248 in
670 2189 987 2247 Dominicis
1013 2187 1222 2243 diebus
1247 2191 1350 2242 aut
1368 2184 1817 2241 solemnitanem
1843 2185 2054 2240 decan-

408 2291 492 2340 tct
513 2284 540 2337 ‘?
571 2280 910 2338 Sollicitudo
935 2294 1168 2349 quoque
1202 2273 1614 2348 parochiarum
1638 2279 1696 2328 et
1742 2272 2055 2342 ordinatio,

409 2383 466 2433 et
489 2373 691 2446 jurgia
713 2372 781 2426 ad
816 2371 944 2442 ejus
973 2370 1267 2441 pertinent
1289 2383 1486 2422 curam
1513 2383 1527 2436 ;
1561 2382 1664 2442 pro
1714 2366 2056 2439 reparandis

415 2461 766 2520 dimcesanis
796 2458 1056 2514 basilicis
1106 2458 1231 2529 ipse
1276 2460 1548 2527 suggeret
1587 2455 1898 2510 sacerdoti.
1935 2457 2059 2529 Ipse

413 2555 599 2612 ambit
630 2549 938 2626 parochias
990 2564 1119 2602 cum
1165 2545 1434 2617 jussione
1483 2545 1765 2618 episcopi,
1798 2550 1853 2600 ct
1881 2563 2058 2600 orna-

413 2647 611 2700 menta
642 2645 700 2696 et
729 2655 819 2694 res
853 2636 1236 2692 basilicarum
1276 2634 1363 2692 vel
1414 2635 1848 2708 parochiarum,
1897 2638 2061 2710 gesta

409 2734 755 2788 libertatum
787 2725 1357 2793 ecclesiasticarum;
1391 2723 1663 2796 episcopo
1697 2725 1834 2778 item
1885 2723 2061 2778 refert

411 2821 713 2877 collectam
771 2816 1101 2890 pecuniam,
1135 2815 1260 2886 ipse
1290 2813 1358 2868 de
1389 2812 1801 2870 communione
1851 2812 2064 2883 accipit

412 2915 470 2966 et
501 2909 776 2984 episcopo
809 2908 1013 2976 defert;
1033 2903 1330 2962 etclericis
1353 2906 1547 2978 partes
1570 2901 2060 2978 propriasiisdem

2161 1916 2403 1973 clericos
2436 1931 2582 1986 quos
2614 1915 2954 1988 delinquere
2972 1917 3298 1990 cognoscit,
3326 1917 3449 1990 ipse
3471 1917 3814 1991 distringat;

2163 2023 2310 2077 quos
2331 2022 2463 2061 vero
2495 2006 2809 2060 emendare
2833 2023 2951 2061 non
2994 2006 3167 2074 valet,
3199 2023 3402 2062 eorum
3433 2023 3716 2064 excessus
3747 2009 3814 2062 ad

2163 2094 2524 2165 agnitionem
2556 2093 2817 2166 episcopi
2848 2095 3089 2163 deferat,
3123 2095 3494 2153 basilicarios
3527 2097 3652 2167 ipse
3682 2113 3817 2153 con~

2164 2183 2378 2252 stituit,
2421 2187 2478 2237 et
2511 2182 2855 2239 matriculas
2885 2183 3012 2254 ipse
3035 2184 3315 2256 disponit.
3339 2185 3581 2250 Quando
3613 2191 3813 2240 autem

2164 2271 2537 2344 primicerius
2571 2272 2786 2328 absens
2816 2277 2926 2340 est,
2951 2288 3016 2329 ea
3047 2289 3174 2344 qua:
3199 2274 3354 2330 dicta
3387 2278 3531 2330 sunt
3558 2274 3685 2345 ipse
3716 2291 3815 2330 ex-

2165 2362 2362 2433 quirat
2391 2361 2490 2433 qui
2521 2361 2574 2417 ei
2605 2366 2707 2417 aut
2737 2361 2860 2433 lege
2892 2366 2983 2418 est
3013 2363 3339 2434 proximus,
3390 2368 3494 2420 aut
3540 2365 3813 2420 eruditio-

2166 2468 2259 2508 ne.
2295 2451 2393 2508 llis
2423 2450 2706 2522 exemplis
2737 2456 2930 2508 certus
2982 2453 3054 2508 ad
3097 2451 3531 2510 thesaurarium
3567 2456 3814 2526 pertinet

2167 2541 2396 2598 ostiarii
2443 2541 2824 2599 basilicarum
2877 2542 3192 2609 ordinatio,
3252 2542 3478 2599 incensi
3530 2559 3815 2615 praepara-

2167 2632 2270 2697 tio,
2301 2647 2443 2688 cura
2472 2630 2811 2687 chrismatis
2869 2631 3235 2698 conficiendi,
3298 2648 3438 2690 cura
3486 2633 3816 2706 baptisterii

2170 2719 2504 2791 ordinandi,
2539 2720 2885 2795 praeparatio
2909 2720 3358 2782 luminariorum
3387 2722 3446 2780 in
3473 2722 3739 2782 sacrario
3769 2728 3816 2776 et

2169 2809 2500 2864 sacrificiis.

1477 3234 1579 3294 DE
1623 3232 2068 3303 QUALI'I‘ATE
2112 3231 2456 3293 ORDINAN
2469 3231 2746 3293 DORUM

411 3423 542 3479 CAP.
578 3423 746 3492 XLII,
778 3425 894 3478 Non
927 3421 1253 3491 prohibetur
1282 3383 1528 3477 a'sacris
1559 3419 1874 3489 ordinibus,
1907 3419 2056 3490 quia
2089 3423 2136 3488 Ι)
2169 3418 2340 3487 tium,
2373 3416 2669 3472 Flavinius
2699 3415 2924 3472 scilicet
2944 3415 3196 3473 clericus
3221 3417 3293 3472 ad
3318 3421 3585 3474 sanctam
3626 3419 3816 3474 sedem

633 3495 968 3550 medicorum
999 3493 1270 3549 incisione
1313 3494 1550 3549 claudus
1580 3493 1838 3562 efﬁcitur.

916 3587 1087 3638 Conc.
1122 3583 1364 3650 Hilerd.,
1389 3601 1438 3637 c.
1470 3584 1562 3637 20.

485 3673 650 3740 (Dist.
683 3672 775 3738 55,
808 3688 859 3726 c.
891 3673 952 3727 Si
977 3674 1099 3742 quis
1133 3673 1192 3726 in
1224 3672 1600 3742 inﬁrmitate.)
1633 3671 1691 3727 Si
1717 3671 1852 3743 quis
1879 3671 1938 3729 in
1969 3669 2058 3726 in-

419 3762 698 3816 firmitate
730 3759 959 3832 positus
991 3760 1236 3815 clericus
1268 3761 1326 3815 in
1375 3761 1738 3816 medicorum
1781 3759 2065 3815 incisione

419 3851 666 3905 claudus
697 3849 972 3918 efﬁcitur,
1006 3849 1332 3919 promoveri
1369 3865 1503 3906 eum
1535 3851 1602 3904 ad
1659 3864 1858 3906 sacros
1909 3848 2064 3904 ordi-

419 3956 520 3996 nes
555 3957 669 3996 non
702 3940 1084 4010 denegamus.

421 4034 558 4086 CAP.
596 4029 792 4085 XLIII.
826 4032 949 4085 Non
977 4033 1059 4084 est
1099 4027 1445 4101 ordinandus
1473 4027 1588 4101 qui
1633 4033 1850 4101 partem
1899 4029 2071 4098 digiti

939 4102 1123 4156 volens
1152 4100 1260 4158 sibi
1298 4100 1550 4156 abscidit.

718 4191 1098 4248 Innocentius
1129 4189 1304 4244 Felici
1337 4190 1518 4261 episc.
1556 4189 1765 4246 Nucer.

497 4282 649 4348 (Dist
676 4282 767 4349 55,
799 4297 847 4337 c.
884 4282 989 4348 Qui
1007 4280 1268 4352 partem.)
1322 4279 1428 4346 Qui
1480 4277 1662 4349 igitur
1703 4283 1928 4351 partem
1969 4297 2072 4336 cu-

423 4368 670 4438 juslibet
695 4368 865 4439 digiti
899 4367 1010 4423 sibi
1061 4368 1188 4440 ipse
1231 4367 1434 4423 volens
1483 4367 1754 4435 abscidit,
1790 4369 1944 4425 hunc
1999 4372 2071 4428 ad

431 4457 648 4512 clerum
673 4473 926 4513 canones
950 4473 1064 4512 non
1085 4456 1538 4514 admittunt.Cui
1567 4473 1701 4514 vero
1719 4457 1916 4530 aliquo
1934 4477 2075 4516 casu

432 4547 698 4616 contigit,
749 4546 888 4602 dum
939 4550 1042 4600 aut
1072 4545 1228 4617 operi
1282 4546 1500 4602 rustico
1531 4563 1731 4603 curam
1765 4547 2076 4621 impendit,

2170 3505 2553 3578 apostolicam
2599 3505 2862 3572 veniens,
2911 3506 3120 3561 detulit
3151 3524 3183 3561 a
3217 3511 3272 3563 te
3321 3507 3491 3563 nobis
3540 3508 3818 3564 directam

2171 3595 2479 3668 epistolam
2501 3611 2615 3666 qua
2637 3594 2916 3666 indagare
2945 3597 3226 3665 studusti,
3259 3613 3392 3652 cum
3417 3614 3451 3652 a
3474 3597 3822 3652 Northman-

2172 3686 2264 3742 nis
2321 3685 2657 3757 nuperrime
2715 3688 2952 3756 captum
3005 3685 3262 3740 sinistras
3311 3685 3564 3758 digitum
3619 3704 3822 3742 manus

2175 3776 2420 3830 haberet
2474 3774 2830 3840 abscissum,
2891 3773 3200 3830 sciscitans
3230 3775 3279 3829 si
3311 3774 3408 3830 hic
3441 3776 3514 3830 ad
3561 3775 3824 3831 ecclesia-

2176 3866 2389 3919 sticum
2423 3863 2686 3919 ordinem
2736 3862 2927 3919 valeat
2964 3863 3312 3934 promoveri,
3363 3881 3436 3924 an
3491 3881 3634 3920 non.
3669 3865 3820 3927 Quod

2177 3953 2351 4009 etiam
2384 3969 2490 4007 nos
2523 3952 2901 4024 reperientes,
2928 3952 3064 4022 quia
3116 3951 3359 4007 solertia
3408 3952 3600 4023 magis
3657 3970 3825 4023 super

2177 4042 2288 4097 hoc
2317 4040 2569 4098 sollicita
2599 4058 2632 4094 a
2660 4040 2798 4096 sede
2828 4039 3150 4113 apostolica
3179 4041 3375 4096 doceri
3409 4042 3662 4114 flagitat,
3697 4059 3820 4096 nor-

2180 4146 2338 4185 mam
2382 4129 2629 4200 justitias
2670 4145 2903 4201 semper
2948 4129 3116 4200 sequi
3168 4129 3514 4186 desiderans
3565 4130 3819 4186 studium

2181 4223 2294 4274 tum
2325 4217 2656 4273 sanctitatis
2696 4217 2904 4274 merito
2959 4217 3391 4285 collaudamus,
3443 4220 3820 4275 reverentiam

2183 4313 2346 4363 tuam
2378 4306 2527 4362 scire
2570 4305 2851 4374 volentes,
2903 4307 3182 4378 quoniam
3235 4308 3285 4362 si
3340 4307 3419 4362 ita
3466 4313 3578 4374 est,
3616 4310 3766 4380 quod
3798 4326 3822 4362 ι

2185 4394 2606 4453 Northmannis
2629 4395 2880 4467 digitum
2903 4396 3111 4452 habeat
3131 4397 3488 4467 abscissum,
3506 4398 3575 4452 ad
3602 4415 3823 4468 promo-

2185 4486 2460 4553 vendum,
2493 4485 2541 4540 si
2574 4483 2743 4540 aliter
2771 4484 2988 4556 dignus
3020 4485 3214 4552 fuerit,
3250 4499 3365 4542 non
3398 4486 3448 4540 ei
3483 4487 3742 4553 nocebit,
3769 4503 3822 4542 eo

2189 4576 2345 4648 quod
2377 4574 2510 4646 quis
2539 4574 2610 4630 de
2643 4573 2732 4631 his
2763 4573 2866 4646 qui
2922 4590 2956 4630 a
3004 4574 3270 4630 dominis
3322 4574 3443 4631 sive
3499 4592 3534 4633 a
3591 4575 3823 4631 medicis

433 4639 534 4690 aut
565 4633 782 4706 aliqum
818 4635 1064 4736 ίθρίῗηδξ
1087 4652 1150 4735 Ῡθ
1200 4652 1332 4736 ³9³,
1369 4640 1574 4736 spuit“
1599 4638 1936 4736 ,Pe?°95§itv
1962 4639 2080 4736 _h°3
2188 4633 2280 4720 vel
2311 4682 2344 4720 a
2375 4633 2618 4736 paganis
2640 4633 2848 4734 sponte
2867 4661 2982 4719 tale
3011 4662 3153 4733 quid
3185 4662 3499 4734 patiuntur
3532 4679 3547 4718 :
3583 4665 3738 4735 quod
3757 4679 3825 4718 ss-

431 4740 683 4779 canones
715 4724 1062 4798 praecipiunt
1104 4724 1164 4780 in
1197 4724 1438 4781 clericos
1492 4725 1635 4793 fieri;
1669 4731 1724 4782 et
1753 4725 1802 4783 8i
1833 4727 1892 4784 in
1926 4729 2078 4785 clero

441 4814 658 4869 fuerint
690 4796 927 4886 reperti,
960 4829 1078 4870 non
1110 4813 1304 4884 abjici.
1340 4815 1402 4870 In
1458 4813 1574 4869 illis
1624 4815 1778 4870 enim
1813 4816 2078 4874 voluntas
2107 4796 2150 4863 (ἶ

430 4908 520 4958 est
558 4903 848 4976 judicata,
904 4919 1030 4974 quia
1081 4903 1193 4958 sibi
1245 4903 1356 4959 fuit
1387 4919 1566 4959 causa
1620 4905 1768 4962 ferro
1817 4905 2075 4968 incidere

430 4992 583 5063 quod
619 4990 842 5047 scilicet
871 4995 930 5046 et
963 4990 1061 5046 alii
1095 4991 1152 5044 id
1187 4991 1373 5047 facere
1405 4993 1673 5048 dubitare
1705 5011 1821 5049 non
1863 4997 2072 5070 possit.

435 5081 496 5134 In
529 5079 658 5134 istis
690 5095 824 5135 vero
857 5079 1092 5135 casibus
1126 5080 1343 5134 meruit
1373 5080 1626 5136 veniam.

430 5180 556 5234 CAP.
592 5178 780 5234 XLIV.
813 5180 928 5234 Non
957 5177 1288 5250 prohibetur
1316 5195 1350 5232 α
1378 5180 1527 5234 clero
1558 5179 1655 5250 qui
1689 5179 1927 5250 digitum
1963 5183 2074 5239 sibi

1041 5267 1169 5304 casu
1200 5249 1454 5306 abscidit.

682 5339 1015 5411 Stephanus
1046 5339 1298 5394 Roberto
1343 5340 1522 5409 episc.
1558 5339 1818 5396 Aletens.

510 5427 678 5497 (Dist.
705 5428 794 5498 55,
831 5445 880 5483 c.
917 5431 1080 5483 Later
1129 5428 1536 5500 praesentium.)
1590 5429 1763 5484 Later
1813 5447 2073 5503 praesen-

2191 4753 2274 4808 eri
2336 4755 2616 4808 censeant
2683 4767 2959 4820 canones,
3006 4750 3383 4808 dilectionem
3437 4755 3606 4808 tuam
3660 4753 3821 4809 latere

2189 4859 2304 4898 non
2334 4841 2652 4911 credimus,
2683 4840 2823 4912 quid
2869 4841 2921 4896 ei
2970 4839 3207 4896 obviare
3254 4841 3493 4911 debere,
3551 4841 3603 4897 si
3639 4841 3721 4897 ita
3750 4845 3820 4896 est

2185 4931 2432 4986 minime
2476 4930 2811 5001 reperimus
2845 4934 3143 4986 moventes
3177 4928 3526 5002 religionem
3573 4935 3738 4986 tuam
3769 4933 3818 4984 ut

2187 5020 2339 5075 circa
2365 5017 2536 5073 illum
2569 5019 2650 5074 ita
2682 5021 2948 5091 peragat,
2992 5023 3288 5090 quatenus
3337 5023 3394 5074 et
3441 5035 3550 5090 pro
3601 5036 3671 5077 eo
3721 5035 3820 5074 ma-

2185 5126 2360 5181 gnam
2387 5108 2713 5164 mercedem
2749 5107 3034 5174 incurrat,
3060 5111 3118 5163 et
3145 5107 3511 5164 desiderium
3546 5108 3725 5166 istius
3746 5124 3822 5163 ea-

2187 5197 2406 5254 nonicm
2450 5197 2501 5253 ei
2550 5197 2938 5254 institutionis
2994 5197 3350 5254 auctoritate
3404 5214 3522 5254 non
3581 5198 3822 5262 obviant,

2185 5289 2300 5344 Deo
2332 5289 2667 5359 adjuvante,
2701 5286 2986 5359 perficiat.
