3938 6074
340 265 479 320 1143

1427 274 1493 323 D.
1535 271 1775 326 IVONIS
1809 269 2304 326 CARNOTENSIS
2339 275 2658 329 EPIBCOPI

3627 275 3773 330 1144

339 403 517 458 quam
551 389 798 444 fratrum
830 389 930 460 qui
963 393 1159 446 tecum
1193 395 1333 446 sunt
1378 391 1782 447 testimonium
1816 408 1992 461 agno-
2023 394 2076 460 Α
2106 391 2195 448 vel
2227 395 2671 466 repudiatarum
2703 397 2899 452 mariti
2939 398 3011 453 ad
3052 397 3447 454 sacerdotium
3484 414 3604 454 non
3640 416 3781 472 pro-

339 481 593 547 scentes,
625 481 695 532 et-
724 477 904 534 vitam
957 484 1119 535 tuam
1171 479 1504 551 religiosam
1554 480 1881 548 audientes,
1922 481 1996 536 ab
2107 488 2468 539 moveantur.
2501 485 2894 558 Energumeni
2913 502 3029 542 non
3061 485 3255 542 solum
3279 487 3630 543 assumendi
3656 505 3774 544 non

341 567 523 636 hujus
549 570 608 621 te
656 567 880 638 peccati
943 567 1176 624 vinculo
1232 567 1593 638 absolutum,
1626 569 1685 624 in
1739 569 1996 641 suscepti
2106 576 2248 626 sunt
2278 573 2347 628 ad
2381 573 2623 642 clerum,
2657 575 2756 630 sed
2803 575 3023 631 inventi
3055 575 3128 630 ab
3176 575 3369 632 ofﬁcio
3402 579 3772 634 removendi.

342 655 534 712 ofﬁcio
567 656 880 712 sacerdotii
911 657 1354 713 conﬁrmamus.

342 757 476 809 CAP.
508 753 616 813 LV.
661 756 917 829 Tempore
956 754 1298 829 sinceritatis
1346 755 1592 827 dignitas
1639 765 1880 829 accepta,
1913 772 1997 811 se-

640 827 860 896 quentis
889 827 1218 896 inﬁmitate
1259 843 1372 883 non
1399 830 1696 884 amittitur.

791 914 1062 972 Gelasius
1092 914 1357 972 Palladio
1387 917 1568 990 episc.

349 1014 357 1026 '
417 1003 587 1076 (Dist.
618 1003 710 1073 55,
741 1018 796 1060 c.
825 1004 1111 1076 Praecepta
1159 1005 1474 1078 canonica.)
1505 1007 1799 1078 Prtecepta
1827 1021 2000 1061 cano-

344 1095 474 1151 nica
496 1092 716 1176 quibus
737 1091 1139 1148 ecclesiastica
1166 1093 1386 1164 regitur
1402 1094 1736 1166 disciplina,
1758 1095 1912 1150 sicut
1931 1095 2002 1150 ad

344 1179 742 1239 sacerdotium
777 1180 998 1237 debiles
1029 1198 1144 1238 non
1191 1183 1451 1254 patimur
1478 1183 1697 1250 venire,
1734 1184 1814 1238 ita
1865 1187 1922 1238 et
1953 1182 2001 1238 si

346 1272 482 1344 quis
513 1275 646 1326 actu
677 1269 856 1328 fuerit
905 1271 1265 1326 constitutus
1308 1271 1368 1327 in
1418 1289 1484 1328 eo
1512 1277 1614 1326 aut
1661 1272 1838 1329 fuerit
1869 1289 2008 1327 sau-

346 1361 558 1429 ciatus,
591 1359 860 1416 amittere
891 1376 1004 1415 non
1039 1365 1232 1432 potest
1264 1362 1419 1432 quod
1452 1366 1714 1433 tempore
1736 1378 1856 1418 suae
1888 1359 2006 1416 sin-

350 1449 610 1506 ueritatis
635 1449 882 1520 accepit.
904 1449 1240 1521 Stephanus
1263 1450 1554 1521 siquidem
1584 1451 1887 1522 presbyter
1908 1467 2008 1522 pe-

350 1537 546 1593 titorio
572 1537 741 1592 nobis
769 1538 1022 1608 deﬂevit,
1051 1538 1241 1594 ablato
1266 1541 1416 1610 quod
1440 1539 1680 1594 haberet
1707 1539 1766 1593 in
1799 1539 2005 1594 subdi-

351 1627 450 1682 tis.
484 1625 635 1682 Olim
663 1625 775 1681 sibi
797 1631 933 1681 ante
957 1626 1244 1698 plurimos
1266 1645 1451 1684 annos
1477 1627 1746 1684 collatam
1771 1629 2006 1700 presby-

2105 688 2240 742 CAP.
2283 687 2400 742 LX.
2431 690 2550 744 Non
2605 690 2897 745 ordinetur
2944 689 3190 746 clericus
3235 707 3306 747 ex
3351 691 3772 764 ptrnitentibus.

2532 781 2708 834 Conc.
2739 779 3017 862 Carthag.
3053 797 3130 846 iv,
3161 796 3213 837 c.
3245 781 3338 836 68.

2177 864 2346 935 (Dist.
2377 867 2467 936 50,
2500 883 2551 922 c.
2599 868 2680 922 Ea:
2721 867 3168 940 paenitentibus.)
3216 869 3298 924 Ex
3347 869 3776 941 pmnitentibus

2108 956 2380 1025 quamvis
2410 956 2602 1012 bonus
2623 956 2870 1012 clericus
2900 973 3014 1013 non
3035 958 3361 1014 ordinetur.
3388 959 3451 1014 Si
3484 975 3589 1031 per
3613 959 3780 1030 igno-

2109 1045 2361 1100 rantiam
2387 1045 2645 1118 episcopi
2679 1047 2895 1102 factum
2935 1047 3130 1114 fuerit,
3163 1049 3493 1120 deponatur
3525 1065 3560 1102 a
3591 1047 3780 1118 clero,

2112 1133 2252 1202 quia
2281 1148 2344 1188 se
2375 1133 2598 1190 ordinis
2628 1139 2890 1208 tempore
2913 1152 3029 1191 non
3060 1136 3256 1208 prodit
3278 1136 3462 1192 fuisse
3493 1135 3554 1190 in
3587 1137 3781 1208 paeni-

2112 1222 2320 1278 tentia.

2183 1315 2319 1366 CAP.
2355 1312 2491 1368 LXI.
2513 1313 2688 1369 Causa
2719 1313 3080 1386 necessitatis,
3108 1317 3437 1386 paenitentes
3466 1314 3538 1370 ad
3567 1316 3780 1370 clerum

2743 1385 3133 1441 admittuntur.

2618 1477 2794 1530 Conc.
2828 1475 3014 1530 Tolet.
3047 1492 3179 1545 ii,c.
3212 1478 3269 1530 2.

2187 1561 2350 1632 (Dist.
2378 1561 2468 1630 50,
2505 1577 2554 1616 c.
2609 1562 2872 1632 Placuit.)
2923 1561 3138 1617 Placuit
3173 1569 3230 1616 ut
3279 1561 3634 1632 pmnitentes
3667 1577 3780 1617 non

2116 1651 2496 1706 admittuntur
2546 1652 2614 1706 ad
2665 1653 2883 1707 clerum
2936 1652 3049 1708 nisi
3097 1656 3324 1707 tantum
3375 1652 3424 1708 si
3459 1652 3779 1708 necessitas

353 1714 484 1771 te'ii
514 1715 885 1828 δίοξῖξίίξξθξηι
913 1732 1095 1828 ἓυξτη
1124 1732 1322 1772 revera
1356 1716 1721 1828 ίωξηδουίδίξ
1743 1717 2005 1814 corporis
2035 1765 2080 1828 Β
2115 1743 2215 1794 aut
2246 1755 2388 1794 usus
2417 1739 2678 1811 exigerit,
2712 1745 2776 1794 ut
2805 1739 2954 1795 inter
2985 1740 3249 1796 ostiarios
3281 1742 3663 1810 deputentur,
3697 1739 3780 1796 vel

351 1803 611 1875 suscepit
632 1803 877 1874 judicio.
913 1805 1024 1860 Sed
1060 1822 1244 1876 nuper
1296 1809 1533 1876 propter
1564 1805 1874 1877 provinciae
1905 1822 2005 1860 va-

352 1894 609 1949 stitatem
643 1891 1078 1963 Tuscize,quam
1104 1910 1218 1964 prae
1240 1894 1518 1949 omnibus
1542 1893 1854 1966 provinciis
1879 1895 2005 1949 bar-

352 1981 629 2036 barorum
665 1979 860 2034 feritas
889 1979 1121 2034 diversa
1151 1981 1528 2047 sectantium,
1561 1987 1618 2037 et
1648 1981 2007 2054 ambiguitas

351 2067 569 2123 invexit
598 2067 955 2134 animorum,
1008 2085 1141 2124 eum
1194 2069 1570 2127 imminentes
1623 2070 1847 2144 gladios
1878 2088 2006 2126 eva-

351 2157 508 2224 dere,
541 2157 693 2229 fugaa
727 2157 998 2228 praesidio
1033 2158 1338 2228 niteretur,
1392 2161 1579 2215 acutis
1627 2161 1879 2215 sudibus
1909 2161 2006 2215 de-

351 2245 648 2300 currentia
679 2250 848 2316 septa
878 2247 1246 2314 transiliens,
1305 2248 1610 2304 inferiores
1659 2253 1854 2320 partes
1883 2265 2008 2304 cor-

352 2334 510 2406 poris
545 2334 865 2390 inseruisse
896 2337 1214 2408 suggessit,
1249 2353 1374 2408 qua:
1401 2337 1496 2392 vix
1541 2337 1804 2392 adhibita
1834 2354 2008 2393 cura-

351 2423 509 2478 tione
542 2422 780 2479 biennio
811 2424 1077 2495 potuisse
1107 2425 1389 2498 abstergi,
1415 2429 1472 2481 et
1494 2425 1644 2496 ideo,
1670 2427 1849 2481 frater
1870 2425 2006 2481 cha-

351 2511 607 2582 rissime,
626 2513 963 2584 supradicto
983 2513 1176 2568 locum
1200 2531 1375 2570 suum
1397 2514 1858 2587 dignitatemque
1882 2515 2008 2585 ejus

352 2601 616 2670 restitue,
651 2606 945 2673 quatenus
977 2608 1351 2658 sacrosancta
1383 2604 1660 2676 mysteria
1692 2605 1843 2658 sicut
1869 2621 2001 2658 con-

350 2690 563 2757 suevit,
598 2696 880 2746 exerceat.
913 2689 1028 2747 Nec
1057 2693 1213 2747 enim
1247 2692 1518 2748 convenit
1548 2693 1619 2748 ob
1651 2692 1761 2748 hoc
1793 2692 2007 2748 auferri

351 2785 490 2841 ante
519 2786 860 2854 susceptum
892 2782 1156 2838 ordinem
1184 2783 1243 2838 in
1273 2800 1387 2855 quo
1416 2785 1793 2856 postmodum
1826 2783 1886 2839 in
1917 2800 2012 2838 va-

351 2869 679 2925 letudinem
694 2871 958 2942 corporis
972 2888 1108 2927 casu
1128 2873 1410 2944 probatur
1428 2873 1670 2928 faciente
1689 2873 2004 2944 collapsus.

356 2970 491 3022 CAP.
525 2967 661 3042 LVI.
695 2967 812 3042 Non
860 2968 1310 3042 excludunturra
1365 2969 1516 3026 clero
1555 2973 1654 3042 qui
1697 2987 1737 3026 a
1783 2971 2010 3026 medicis

461 3039 546 3094 vel
577 3055 611 3092 a
643 3039 915 3105 barbaris,
947 3042 1030 3095 vel
1060 3059 1095 3095 a
1123 3041 1362 3096 dominis
1406 3045 1523 3096 suis
1553 3039 1898 3098 castrantur.

2115 1827 2270 1884 inter
2313 1826 2575 1897 lectores,
2623 1827 2704 1883 ita
2753 1833 2815 1883 ut
2843 1828 3180 1898 Apostolum
3232 1834 3288 1884 et
3318 1829 3635 1901 Evangelia
3668 1845 3781 1884 non

2115 1918 2328 1990 legant.
2362 1918 2420 1973 Si
2453 1919 2550 1988 qui
2583 1925 2778 1974 autem
2813 1925 2946 1974 ante
2983 1919 3237 1975 ordinati
3269 1925 3428 1987 sunt,
3457 1919 3618 1975 inter
3653 1919 3788 1975 sub-

2115 2009 2391 2064 diaconos
2425 2007 2772 2076 habeantur,
2807 2008 2889 2064 ita
2939 2014 3002 2063 ut
3033 2024 3274 2064 manum
3325 2026 3445 2065 non
3477 2010 3788 2080 imponant

2118 2102 2219 2152 aut
2243 2113 2408 2152 sacra
2439 2098 2803 2168 contingant.
2856 2098 3003 2152 Eum
3037 2113 3169 2153 vero
3219 2098 3473 2155 dicimus
3505 2099 3788 2168 paeniten-

2117 2190 2257 2257 tem,
2291 2186 2390 2257 qui
2425 2191 2551 2256 post
2591 2185 2947 2258 baptismum
3005 2190 3110 2241 aut
3152 2205 3256 2259 pro
3309 2187 3646 2254 homicidio,
3680 2191 3788 2241 aut

2117 2292 2218 2348 pro
2273 2275 2518 2330 diversis
2563 2275 2912 2332 criminibus
2957 2275 3451 2348 gravissimisque
3502 2275 3780 2349 peccatis,

2115 2364 2410 2436 publicam
2447 2364 2846 2435 paenitentiam
2897 2381 3126 2436 gerens,
3172 2365 3282 2420 sub
3340 2363 3558 2436 cilicio,
3589 2364 3782 2420 divino

2117 2453 2290 2509 fuerit
2321 2453 2730 2509 reconciliatus
2760 2452 2991 2508 altario.

2469 2573 2600 2627 CAP.
2638 2569 2801 2625 LXll.
2838 2569 3000 2624 Conc.
3035 2568 3254 2639 Aurel.,
3289 2587 3339 2626 c.
3373 2571 3426 2625 8.

2189 2659 2246 2714 Si
2281 2657 2407 2727 quis
2439 2659 2509 2712 de
2539 2657 2707 2714 laicis
2739 2666 2865 2730 post
2891 2675 3129 2714 uxorem
3156 2657 3330 2714 aliam
3363 2661 3780 2732 cujuscunque

2119 2747 2474 2803 conditionis
2507 2748 2843 2818 cognoverit
2874 2746 3202 2814 mulierem,
3233 2747 3292 2803 in
3325 2747 3550 2804 clerum
3586 2749 3784 2805 nulla-

2117 2842 2296 2892 tenus
2329 2837 2690 2892 admittatur.

2119 2952 2252 3008 CAP.
2288 2951 2479 3006 LXIII.
2514 2951 2634 3008 Nisi
2681 2952 2921 3024 quinque
2950 2953 3329 3024 episcoporum
3387 2954 3598 3010 litteris
3629 2956 3786 3011 desi-

2191 3028 2418 3096 gnetur,
2481 3025 2921 3079 transmarinum
2985 3025 3271 3081 hominem
3326 3028 3406 3080 ad
3451 3027 3785 3082 clericatum

424 3125 593 3197 (Dist.
625 3128 717 3195 55,
750 3143 801 3182 c.
832 3097 1047 3199 Si'quis
1071 3146 1172 3200 per
1201 3130 1635 3201 aegritudinem.)
1670 3097 1736 3187 Si
1755 3132 1886 3202 quis
1911 3147 2012 3203 per
2040 3122 2084 3189 C
2407 3097 2694 3203 inti

359 3213 768 3286 aagritudinem
820 3217 1114 3272 naturalia
1160 3235 1194 3272 a
1243 3218 1484 3274 medicis
1531 3219 1803 3274 habuerit
1832 3225 2012 3290 secta,

357 3302 636 3360 similiter
664 3308 722 3359 et
751 3304 852 3374 qui
884 3321 918 3360 a
951 3305 1238 3373 barbaris,
1262 3312 1366 3362 aut
1397 3307 1651 3363 dominis
1686 3309 1903 3363 fuerint
1924 3326 2016 3365 ca-

360 3391 555 3456 strati,
585 3394 643 3447 et
663 3391 927 3448 moribus
949 3393 1109 3466 digni
1135 3395 1371 3460 fuerint,
1405 3395 1511 3451 hos
1541 3412 1724 3451 canon
1757 3397 2018 3453 admittit

359 3481 432 3535 ad
463 3479 774 3536 clericatus
805 3481 1066 3538 ofﬁcium
1089 3484 1438 3554 promoveri.
1465 3485 1522 3540 Si
1547 3485 1680 3556 quis
1702 3489 1897 3542 autem
1921 3503 2014 3542 sa-

362 3586 496 3638 nus,
531 3586 648 3624 non
684 3586 784 3640 per
807 3570 1179 3641 disciplinam
1205 3571 1505 3644 religionis
1538 3579 1593 3630 et
1622 3575 2012 3647 abstinentiae,

362 3659 464 3714 sed
499 3673 602 3729 per
628 3657 1045 3714 abscissionem
1080 3659 1355 3730 plasmati
1381 3681 1415 3718 a
1452 3665 1562 3719 Deo
1593 3664 1874 3735 corporis,
1901 3665 2017 3720 exi~

363 3747 611 3803 stimans
642 3761 812 3817 posse
833 3763 866 3801 a
886 3764 948 3803 se
977 3749 1244 3805 carnales
1265 3751 1776 3823 concupiscentiae
1805 3769 2015 3825 ampu-

362 3833 501 3903 tari,
529 3835 868 3890 castraverit
887 3853 970 3901 se,
995 3855 1110 3892 non
1135 3853 1270 3893 eum
1295 3840 1526 3895 admitti
1550 3840 1922 3896 decernimus
1943 3843 2012 3897 ad

365 3923 599 3995 aliquod
635 3922 940 3980 clericatus
963 3925 1244 3983 ofﬁcium.
1269 3928 1431 3992 Quod
1455 3929 1502 3984 si
1529 3930 1644 3998 iam
1670 3936 1804 3984 ante
1828 3929 2018 3985 fuerat

365 4016 667 4085 promotus
700 4013 769 4069 ad
803 4012 1045 4084 clerum,
1097 4016 1429 4086 prohibitus
1469 4035 1502 4073 a
1551 4034 1658 4074 suo
1693 4017 2017 4074 ministerio

366 4103 712 4174 deponatur.

368 4194 501 4246 CAP.
538 4191 704 4246 LVII.
739 4193 1000 4264 Eunuchi
1052 4196 1276 4264 quidam
1305 4202 1356 4250 et
1413 4198 1466 4251 si
1515 4199 1708 4252 coeant
1736 4205 1788 4252 et
1829 4213 2020 4252 semen

430 4264 708 4328 emittant,
738 4263 882 4318 illud
909 4263 1102 4320 tamen
1135 4272 1224 4322 est
1254 4268 1324 4322 ad
1369 4267 1730 4338 gignendum
1763 4268 1956 4325 inane.

903 4352 1068 4421 Isid.,
1102 4353 1140 4409 l.
1173 4373 1208 4409 ι
1238 4355 1486 4427 Etymol.

443 4437 763 4494 Eunuchus
792 4439 1056 4496 Graecum
1101 4448 1208 4508 est,
1244 4445 1396 4515 quod
1431 4448 1522 4500 est
1565 4443 1776 4514 sparto;
1805 4445 2014 4500 horum

371 4527 612 4597 quidam
645 4533 879 4597 coeunt,
910 4532 1012 4584 sed
1062 4535 1256 4586 tamen
1289 4532 1472 4588 virtue
1514 4533 1570 4588 in
1603 4536 1826 4588 semine
1857 4534 2018 4588 nulla

371 4619 482 4672 est.
517 4613 828 4686 Liquorem
885 4618 1100 4674 habent
1130 4625 1186 4675 et
1233 4621 1510 4676 emittunt
1557 4639 1780 4689 semen,
1812 4622 1909 4677 sed
1945 4623 2016 4677 ad

372 4705 736 4776 gignendum
766 4705 941 4762 inane
969 4713 1026 4764 et
1055 4709 1399 4765 invalidum.

372 4802 510 4856 CAP.
547 4799 742 4854 LVIII.
793 4801 1136 4872 Innocentius
1193 4817 1337 4872 papa
1388 4803 1603 4872 primus
1649 4803 1803 4872 epist.
1851 4801 1920 4853 22
1951 4800 2022 4854 ad

872 4869 1147 4942 episcopos
1181 4869 1523 4928 Macedoniae.

447 4960 525 5031 (1,
557 4976 614 5032 q.
649 4975 699 5014 c.
758 4961 982 5016 Ventum
1015 4961 1167 5014 circa
1216 4961 1341 5031 ﬁn.)
1374 4961 1593 5016 Nostra:
1636 4959 1900 5016 Ecclesiae
1933 4959 2024 5014 lex

376 5053 486 5117 est,
513 5048 884 5104 venientibus
915 5049 988 5103 ab
1022 5049 1306 5104 haereticis
1338 5050 1438 5120 qui
1489 5055 1682 5104 tamen
1718 5049 1793 5103 ibi
1829 5048 2022 5120 bapti-

375 5137 488 5192 zati
519 5141 682 5202 sunt,
713 5153 814 5207 per
844 5153 1057 5192 manus
1090 5137 1522 5208 impositionem
1552 5137 1760 5192 laicam
1792 5142 2022 5190 tantum

376 5225 633 5281 tribuere
663 5226 1157 5294 communionem,
1190 5241 1293 5280 nec
1324 5243 1392 5280 ex
1423 5226 1512 5280 his
1543 5225 1798 5296 aliquem
1828 5225 1886 5280 in
1919 5225 2028 5279 cle-

378 5315 596 5372 ricatus
629 5315 909 5370 honorem
940 5314 1028 5368 vel
1061 5315 1336 5385 exiguum
1367 5315 1705 5385 subrogare.

579 5407 717 5461 CAP.
751 5403 890 5459 LIX.
921 5405 1182 5471 Bigamus
1212 5420 1323 5459 non
1352 5407 1432 5458 est
1463 5403 1821 5458 ordinandus.

872 5496 1044 5548 Conc.
1075 5492 1269 5548 Aurel.
1300 5509 1386 5563 ιιι,
1415 5508 1465 5549 c.
1493 5493 1549 5549 8.

2186 3187 2448 3240 Anastas.
2482 3200 2649 3256 papa,
2683 3200 2773 3254 ep.
2807 3183 2874 3239 ad
2907 3183 3096 3239 Germ.
3129 3192 3182 3240 et
3212 3185 3506 3255 Burgund.
3542 3185 3728 3258 episc.

2195 3273 2484 3344 (Dist.98,
2543 3287 2592 3327 c.
2657 3273 3126 3344 Transmarinas.)
3184 3275 3634 3329 Transmarinos
3693 3274 3774 3329 vel

2122 3362 2452 3433 incognilos
2487 3361 2774 3430 homines,
2827 3362 2886 3416 in
2931 3360 3237 3418 clericatus
3284 3361 3570 3418 honorem
3603 3363 3778 3418 nolite

2123 3451 2432 3521 suscipere,
2467 3448 2582 3505 nisi
2609 3451 2645 3503 5
2673 3457 2769 3506 aut
2813 3467 2880 3506 eo
2912 3450 3168 3520 amplius
3217 3450 3618 3520 episc0porum
3652 3452 3773 3507 chi-

2125 3540 2428 3613 rographis
2457 3541 2573 3595 sint
2603 3540 2909 3611 designati,
2942 3540 3075 3610 quia
3107 3539 3290 3595 multa
3320 3555 3420 3610 per
3449 3540 3776 3610 subreptio-

2127 3645 2258 3684 nem
2293 3629 2484 3685 solent
2511 3629 2759 3686 evenire.
2814 3629 2942 3685 Ideo
2986 3634 3040 3685 et
3072 3629 3195 3685 haec
3241 3646 3610 3700 summopere
3640 3635 3776 3685 sunt

2128 3719 2401 3775 cavenda.

2128 3815 2263 3871 CAP.
2299 3814 2490 3872 LXIV.
2524 3815 2726 3871 Clerici
2754 3816 2824 3871 ab
2839 3819 3100 3943 jpisctlipo
3130 3817 3256 3872 alte:
3275 3818 3364 3872 ius
3391 3815 3635 3872 civitatis
3666 3834 3774 3871 non

2773 3903 2838 3943 or
2877 3905 3002 3943 men
3034 3905 3125 3942 ur.

2773 3903 3002 3944 oramen
3011 3903 3125 3943 tur.

2251 3977 2448 4033 Innoc.
2483 3979 2504 4031 Ι
2531 3993 2698 4046 papa,
2729 3993 2820 4047 ep.
2851 3979 2905 4044 2,
2937 3978 3006 4031 ad
3042 3975 3355 4032 Vicricium
3392 3976 3665 4032 Rothom.

2202 4064 2368 4136 (Dist.
2401 4066 2490 4133 71,
2537 4081 2585 4119 c.
2618 4065 2692 4120 De
2737 4065 2969 4135 aliena.)
3013 4064 3093 4120 De
3139 4065 3327 4120 aliena
3373 4064 3631 4121 Ecclesia
3662 4065 3773 4121 cle-

2128 4155 2314 4209 ricum
2339 4153 2606 4224 judicare
2638 4157 2739 4208 aut
2779 4153 3070 4224 ordinare,
3121 4153 3318 4210 nullus
3364 4160 3630 4225 usurpet,
3665 4155 3772 4208 nisi

2127 4244 2256 4313 ejus
2282 4242 2538 4312 episcopi
2570 4241 2835 4313 precibus
2867 4251 3137 4298 exoratus
3166 4245 3481 4300 concedere
3509 4244 3771 4308 voluerit,

2129 4331 2283 4402 quod
2333 4331 2510 4386 etiam
2568 4331 2811 4404 Nycteus
2869 4332 3129 4400 synodus
3185 4332 3414 4388 videtur
3457 4332 3771 4388 continere.

2129 4422 2406 4490 Abjectus
2438 4437 2470 4474 a
2497 4437 2598 4476 sua
2631 4419 2889 4494 Ecclesia
2917 4419 3179 4492 clericus,
3209 4422 3281 4476 ab
3313 4423 3496 4478 altera
3525 4439 3640 4476 non
3677 4439 3772 4476 su-

2127 4511 2407 4578 scipiatur
2437 4508 2709 4563 Ecclesia.

2126 4614 2260 4666 CAP.
2301 4609 2451 4665 LXV.
2486 4609 2616 4665 Sine
2631 4608 2830 4663 litteris
2849 4610 3368 4679 commendatitiis,c
3390 4612 3592 4666 lericus
3623 4620 3775 4664 extra

2483 4698 2644 4736 suam
2671 4679 2954 4736 ecclesiam
2977 4698 3084 4737 non
3118 4684 3422 4737 ministret.

2571 4769 2743 4825 Conc.
2775 4769 3071 4836 Chalced.,
3104 4789 3229 4842 cap.
3259 4772 3350 4825 23.

2202 4859 2368 4930 (Dist.
2401 4861 2455 4923 5,
2489 4875 2540 4914 c.
2574 4859 2909 4929 Hortamur.)
2942 4858 3014 4914 Ut
3057 4860 3105 4914 si
3137 4860 3272 4930 quis
3321 4859 3569 4916 clericus
3597 4865 3652 4916 et
3680 4859 3776 4913 lai-

2134 4965 2237 5002 cus
2267 4948 2338 5002 ad
2385 4946 2622 5002 alteram
2675 4955 2948 5019 properat
2995 4948 3300 5004 ecclesiam
3353 4957 3412 5004 et
3459 4951 3779 5021 suscipitur

2136 5044 2340 5108 praeter
2371 5037 2880 5091 commendatitias
2911 5037 3206 5108 epistolas,
3237 5043 3294 5094 et
3329 5041 3428 5110 qui
3462 5041 3778 5110 susceperit

2134 5132 2191 5181 et
2219 5126 2313 5196 qui
2347 5130 2656 5198 susceptus
2689 5131 2778 5181 est
2809 5128 3222 5182 communione
3251 5131 3532 5198 privetur.

2135 5242 2271 5296 CAP.
2325 5241 2502 5296 LXVI.
2553 5242 2762 5312 Absque
2813 5244 3071 5325 formata
3114 5242 3314 5298 clerici
3364 5244 3653 5314 peregrini
3680 5261 3780 5297 non

2763 5321 3163 5383 suscipiuntur.

2659 5401 2832 5458 Conc.
2864 5401 3081 5470 Aurel.,
3112 5418 3162 5458 c.
3195 5403 3250 5458 8.

2207 5492 2372 5562 (Dist.
2405 5493 2459 5557 7,
2494 5507 2541 5546 c.
2576 5491 2846 5561 Nullum.)
2891 5493 2954 5546 In
3000 5492 3246 5549 concilio
3292 5493 3681 5558 Antiocheno,
3708 5494 3782 5547 si-

461 5578 628 5646 (Dist.
659 5581 750 5650 55,
783 5597 832 5636 c.
880 5583 1133 5650 Nullus.)
1186 5581 1257 5637 Ut
1306 5581 1516 5652 bigami
1564 5580 1651 5637 vel
1680 5579 2030 5653 pcenitentes
2139 5580 2351 5636 militer
2381 5586 2436 5636 et
2467 5582 2524 5636 in
2559 5580 3012 5636 Chalcedonensi
3065 5581 3418 5654 prtecipitur,
3473 5590 3532 5638 ut
3568 5583 3785 5653 fugitivi
