4000 6054
214 190 385 247 4145

1546 196 1939 251 PANORMIA.
1973 223 2041 231 -—
2071 194 2205 245 LIB.
2246 193 2346 244 III.

3520 189 3655 245 1146

212 315 434 371 clerici
465 319 522 371 et
552 316 842 388 peregrini
870 335 903 372 a
934 317 1096 373 nullo
1127 317 1485 390 recipiantur
1508 335 1611 374 nec
1633 318 1902 374 ordinen-
1928 316 1984 384 Α
2012 320 2149 372 CAP.
2182 314 2392 370 LXVII.
2425 314 2623 371 Nullus
2663 313 2931 390 suscipiat
2958 313 3309 381 monachum,
3336 314 3452 369 sine
3485 315 3655 370 abba-

215 411 361 475 tur,
391 406 505 462 nisi
539 407 993 464 commendatiis
1022 408 1277 476 litteriis,
1300 413 1357 465 et
1387 409 1480 465 sui
1510 407 1790 481 episcopi,
1814 407 1901 464 vel

220 495 475 552 abbatis
507 495 767 552 licentia.

2632 386 2703 439 tis
2732 384 3023 453 permissu.

2506 486 2675 538 Conc.
2709 482 2941 552 Agatb.,
2985 499 3032 537 c.
3066 482 3155 537 27.

2080 581 2316 639 Clericis
2346 581 2432 637 vel
2466 580 2768 635 monachis
2820 578 2946 634 sine
2993 580 3491 637 commendatitiis
3528 583 3656 654 epi-

2010 672 2173 728 stolis
2201 670 2437 726 licentia
2467 686 2580 726 non
2614 672 2808 741 pateat
2832 668 3135 740 evagandi.

962 1018 1063 1076 DE
1113 1018 1575 1079 MUTATIONE
1619 1016 2166 1079 EPISCOPOIIUM
2213 1002 2367 1075 VEL
2413 1010 2966 1071 SACERDOTUM.

429 1206 563 1262 CAP.
598 1206 843 1263 LXVIII.
878 1209 960 1262 Ex
990 1209 1231 1263 Decretis
1265 1208 1487 1264 Calixti
1511 1224 1700 1281 papae.

308 1313 387 1384 (7,
422 1330 478 1384 q.
516 1316 565 1368 1.
600 1330 649 1369 c.
703 1314 853 1369 Scias
900 1315 1115 1385 frater).
1168 1315 1430 1371 Calixtus
1489 1317 1653 1372 urbis
1699 1317 1893 1372 Roma:

225 1402 577 1473 episcopus,
608 1403 884 1458 omnibus
916 1404 1231 1475 episcopis.
1286 1404 1345 1461 Si
1378 1405 1687 1477 episcopus
1719 1422 1897 1460 causa

227 1490 517 1546 utilitatis
550 1492 726 1547 fuerit
774 1494 1120 1559 mutandus,
1170 1512 1283 1549 non
1333 1510 1438 1565 per
1467 1511 1528 1550 se
1560 1498 1668 1549 hoc
1699 1495 1892 1562 habet,

225 1581 339 1634 sed
373 1580 656 1637 fratribus
682 1582 1165 1647 invitantibus,et
1183 1583 1531 1639 auctoritate
1564 1584 1743 1654 hujus
1766 1601 1895 1643 san.

226 1675 339 1723 cla:
374 1668 533 1724 sedis
564 1669 760 1738 faciat,
794 1686 910 1725 non
953 1671 1212 1727 ambitus
1256 1689 1456 1741 causa,
1489 1673 1587 1728 sed
1623 1673 1897 1728 utilitatis

222 1756 323 1813 vel
356 1758 752 1814 necessitatis.

232 1883 376 1939 CAP.
409 1882 604 1939 LXIX.
639 1883 990 1939 Necessitatis
1037 1886 1121 1939 vel
1169 1885 1435 1940 utilitatis
1464 1902 1647 1952 causa,
1682 1884 1889 1955 episco-

563 1971 764 2024 porum
795 1958 1126 2011 mutationes
1154 1958 1278 2026 ﬁeri
1303 1961 1551 2027 possunt.

401 2061 699 2118 Antherus
730 2080 884 2135 papa
915 2064 1174 2137 episcop.
1208 2064 1410 2120 Bmtic.
1443 2069 1499 2120 et
1525 2063 1711 2119 Tolet.

299 2179 380 2247 (7,
412 2195 469 2249 q.
503 2184 556 2247 1,
590 2196 640 2234 c.
674 2179 1042 2250 Mutationes).
1085 2180 1381 2236 Antbcrus
1436 2179 1645 2252 praesul
1677 2180 1893 2235 Roma-

226 2284 373 2334 nus,
404 2267 699 2339 episcopis
730 2269 1028 2324 omnibus.
1072 2269 1427 2325 Mutationes
1456 2269 1890 2340 episcoporum,

228 2355 462 2422 scitote,
495 2356 790 2410 communi
841 2358 1107 2417 utilitate
1133 2359 1223 2413 vel
1275 2358 1623 2413 necessitate
1663 2357 1785 2413 ﬁeri
1816 2357 1891 2412 1i-

230 2461 386 2513 cere,
421 2446 518 2499 sed
555 2462 665 2499 non
702 2446 939 2517 propria
959 2446 1256 2503 voluntate
1286 2448 1635 2518 cujusquam
1669 2451 1770 2501 aut
1790 2447 1890 2501 do-

232 2532 579 2587 minatione.
616 2534 822 2591 Petrus
853 2540 1094 2591 sanctus
1126 2536 1404 2608 magister
1436 2542 1634 2591 noster
1655 2540 1712 2591 et
1732 2535 1892 2607 prin-

232 2640 374 2694 ceps
409 2623 805 2693 apostolorum
858 2627 929 2681 de
975 2625 1283 2681 Antiochia
1329 2625 1587 2692 civitate,
1618 2623 1893 2679 utilitatis

233 2728 414 2767 causa
443 2712 771 2769 translatus
802 2718 891 2769 est
906 2720 1179 2785 Romam,
1201 2720 1267 2770 ut
1294 2714 1515 2770 ibidem
1547 2713 1742 2785 potius
1766 2729 1895 2784 pro-

231 2800 406 2856 ficere
452 2802 660 2872 possit.
695 2803 986 2859 Eusebius
1040 2820 1271 2875 quoque
1315 2805 1387 2859 de
1432 2803 1687 2874 quadam
1720 2818 1893 2872 parva

230 2889 489 2957 civitate,
533 2890 804 2946 utilitatis
857 2909 1038 2947 causa
1086 2896 1351 2948 mutatus
1399 2897 1488 2947 est
1534 2892 1593 2947 in
1640 2891 1893 2947 Alexan-

232 2976 461 3044 driam;
518 2977 789 3033 similiter
839 2978 996 3033 Felix
1027 2981 1095 3034 de
1143 2980 1377 3035 civitate
1425 2996 1541 3050 qua
1586 2979 1890 3051 ordinatus

232 3070 358 3121 erat
385 3066 668 3122 electione
712 3067 925 3122 civium
965 3073 1201 3139 propter
1232 3068 1560 3123 doctrinam
1588 3072 1645 3122 et
1677 3069 1889 3121 bonam

1923 1756 1971 1821 B

2004 1209 2159 1262 creto
2190 1222 2293 1278 pro
2323 1221 2390 1261 co
2422 1205 2767 1261 clericorum
2800 1208 2855 1259 et
2880 1203 3163 1259 laicorum
3196 1203 3489 1276 episcopis
3521 1221 3651 1276 por-

2004 1299 2182 1365 recto,
2216 1295 2274 1349 in
2308 1293 2710 1367 paenitentiam
2744 1292 2950 1365 synodi
2999 1292 3408 1361 transferatur,
3442 1292 3654 1349 nihilo-

2005 1385 2204 1440 minus
2236 1383 2347 1439 alio
2379 1385 2507 1455 ejus
2528 1383 2679 1450 loco,
2702 1384 2973 1455 episcopo
3005 1382 3342 1453 subrogato,
3363 1383 3655 1439 inferioris

2003 1490 2136 1529 vero
2168 1474 2389 1545 gradus
2419 1472 2751 1527 sacerdotes
2781 1470 2868 1527 vel
2901 1471 2998 1525 alii
3039 1470 3256 1537 clerici,
3289 1472 3657 1527 confessione

2005 1562 2413 1634 episcoporum
2464 1578 2707 1616 suorum
2756 1565 2998 1632 possent
3048 1561 3118 1615 ad
3167 1559 3310 1615 alias
3365 1561 3653 1617 Ecclesiae

2004 1651 2449 1722 transmigrare.

2311 1758 2445 1813 CAP.
2484 1757 2668 1812 LXXI.
2704 1759 2786 1812 Ex
2813 1758 2973 1813 dictis
3004 1758 3328 1827 Augustini.

2071 1857 2542 1912 Interdicendum
2576 1860 2665 1911 est
2697 1859 2759 1911 ut
2780 1855 2981 1911 nullus
3012 1855 3320 1910 ordinatus
3351 1855 3562 1927 migret
3585 1856 3655 1911 de

2000 1961 2106 1999 sua
2136 1944 2411 2015 parochia
2441 1945 2512 1998 ad
2545 1942 2745 2014 aliam,
2781 1960 2886 1998 nec
2912 1944 2983 1998 ad
3016 1943 3223 1999 limina
3252 1942 3652 2015 apostolorum

2001 2050 2178 2089 causa
2224 2034 2527 2103 orationis,
2561 2050 2681 2089 sure
2728 2033 2998 2089 Ecclesia
3031 2051 3170 2089 cura
3214 2032 3513 2098 derelicta,
3546 2048 3653 2088 nec

1999 2124 2071 2178 ad
2105 2123 2388 2194 palatium
2422 2140 2601 2178 causa
2655 2122 3091 2194 interpellandi.
3142 2123 3304 2186 Quod
3348 2122 3396 2177 si
3429 2122 3651 2187 fecerit,

2000 2211 2147 2267 nihil
2180 2212 2753 2282 valethujuscemodi
2773 2211 3140 2283 demigratio,
3165 2215 3221 2265 et
3242 2211 3351 2265 hoc
3373 2211 3650 2265 omnibus

2000 2302 2505 2370 demandandum,
2548 2306 2610 2354 ut
2652 2303 2751 2371 qui
2801 2317 2981 2355 causa
3026 2300 3306 2355 orationis
3346 2300 3417 2354 ad
3444 2298 3652 2353 limina

1999 2390 2399 2461 apostolorum
2448 2406 2683 2461 pergere
2732 2390 2997 2459 cupiunt,
3053 2388 3211 2443 domi
3261 2390 3654 2443 conﬁteantur

2001 2482 2239 2550 peccata
2268 2496 2396 2545 sua,
2430 2484 2486 2533 et
2516 2478 2599 2533 sic
2650 2478 3119 2549 proficiscantur,
3156 2477 3290 2547 quia
3340 2495 3373 2531 a
3418 2478 3650 2548 proprio

2001 2584 2106 2622 suo
2138 2566 2411 2639 episcopo
2460 2571 2564 2622 aut
2611 2567 2930 2632 sacerdote,
2982 2564 3201 2635 ligandi
3253 2570 3392 2621 sunt
3434 2570 3535 2619 aut
3566 2566 3652 2620 fo-

2000 2657 2170 2710 vendi
2205 2674 2319 2712 non
2349 2658 2420 2711 ab
2454 2660 2749 2711 extraneo.

2071 2762 2206 2816 CAP.
2238 2762 2457 2817 LXXII.
2495 2766 2574 2817 Ex
2603 2762 2834 2816 concilio
2864 2761 3274 2829 Aurelianensi,
3305 2776 3426 2831 cap.
3454 2761 3505 2812 2.

2072 2863 2151 2917 De
2184 2861 2541 2933 presbyteris
2572 2865 2673 2915 aut
2712 2859 3059 2915 diaconibus
3092 2859 3192 2930 qui
3224 2856 3413 2915 solent
3452 2858 3651 2912 dimit-

1998 2957 2119 3007 tere
2153 2952 2277 3005 loca
2307 2968 2414 3006 sua
2444 2951 2501 3005 in
2537 2950 2752 3023 quibus
2781 2949 3031 3003 ordinati
3065 2952 3224 3013 sunt,
3249 2952 3306 3003 et
3335 2948 3404 3002 ad
3439 2946 3553 3002 alia
3573 2946 3652 3001 lo-

2002 3058 2067 3095 ca
2099 3058 2158 3096 se
2210 3041 2596 3109 transferunt,
2650 3039 2867 3110 placuit
2916 3041 2981 3091 ut
3026 3035 3118 3090 his
3151 3037 3209 3091 in
3253 3036 3397 3092 locis
3445 3035 3651 3090 minis-

231 3152 409 3207 vitam
442 3170 621 3223 quam
656 3154 931 3220 habebat,
962 3124 1264 3210 communi
1290 3155 1700 3227 episcoporum
1724 3158 1779 3209 et
1806 3171 1888 3209 re-
1921 3128 1962 3193 Ο
2006 3134 2198 3227 irent,"
2233 3130 2385 3200 qu°d
2426 3130 2487 3227 ,εί
2538 3128 2802 3227 (ξθιιοξδίδ
2856 3127 2984 3227 ani?
3015 3127 3087 3181 ad
3137 3125 3315 3181 alium
3366 3140 3429 3181 ΒΟ
3458 3124 3651 3179 locum

235 3241 529 3313 liquorum
554 3242 926 3298 sacerdotum
950 3247 1006 3298 et
1030 3244 1424 3315 apostolorum
1442 3244 1892 3301 conciliotrans-

234 3328 390 3385 latus
418 3336 506 3385 est
536 3331 853 3403 Ephesum.
888 3331 1012 3387 Non
1046 3332 1201 3387 enim
1233 3333 1449 3388 transit
1473 3334 1543 3387 de
1575 3332 1803 3387 civitate
1830 3332 1889 3386 in

239 3417 552 3486 civitatem,
585 3436 689 3474 nec
720 3422 1078 3475 transfertur
1108 3422 1177 3476 de
1232 3421 1447 3475 minori
1478 3421 1549 3474 ad
1581 3421 1889 3487 majorem,

241 3507 340 3578 qui
368 3524 484 3562 non
516 3524 623 3562 suo
674 3506 845 3563 libitu
897 3514 998 3563 aut
1050 3510 1276 3564 ambitu
1308 3509 1419 3563 hoc
1469 3509 1625 3574 facit,
1654 3510 1756 3563 sed
1790 3525 1888 3562 ne-

241 3594 511 3650 cessitate
530 3596 915 3666 quadam,aut
936 3596 1183 3651 utilitate
1205 3597 1455 3652 aliorum
1474 3602 1528 3652 et
1546 3595 1791 3651 concilio
1816 3598 1889 3650 ad

241 3683 521 3755 potiorem
554 3686 921 3740 transfertur.
956 3687 1072 3741 Nec
1104 3686 1281 3742 etiam
1312 3686 1664 3742 transfertur
1686 3686 1754 3740 de
1776 3685 1889 3738 mi-

242 3785 378 3824 nore
406 3769 639 3826 civitate
671 3772 741 3825 ad
792 3774 1072 3842 majorem
1106 3774 1203 3844 qui
1240 3773 1346 3828 hoc
1375 3791 1490 3827 non
1523 3773 1747 3828 ambitu
1783 3790 1890 3827 nec

243 3857 471 3928 propria
503 3857 801 3914 voluntate
834 3860 989 3929 facit,
1024 3862 1123 3915 sed
1151 3865 1251 3916 aut
1282 3863 1332 3915 vi
1363 3867 1463 3916 aut
1496 3863 1730 3933 pr0pria
1752 3864 1887 3916 sede

242 3945 465 4016 pulsus,
501 3954 602 4001 aut
650 3949 999 4003 necessitate
1048 3956 1282 4005 coactus
1333 3956 1433 4006 aut
1473 3951 1723 4008 utilitate
1754 3953 1887 4022 loci,

247 4038 343 4088 aut
371 4034 571 4107 p0puli
604 4052 717 4090 non
752 4037 1021 4106 superbe,
1049 4039 1148 4092 sed
1182 4038 1484 4093 humiliter
1505 4042 1575 4096 ab
1598 4042 1729 4096 aliis
1751 4059 1884 4098 cum

244 4122 416 4190 hujus
448 4129 662 4178 sanctae
691 4125 849 4178 sedis
881 4127 1229 4181 auctoritate
1256 4128 1577 4183 translatus
1619 4136 1674 4185 et
1701 4131 1883 4187 intro-

246 4213 467 4267 nizatus
498 4224 604 4268 est.
639 4212 784 4267 Nam
818 4213 971 4269 sicut
1000 4215 1256 4286 episcopi
1286 4215 1505 4272 habent
1536 4222 1882 4287 potestatem

247 4299 584 4370 regulariter
615 4301 883 4357 ordinare
909 4302 1214 4374 episcopos
1245 4309 1302 4358 et
1331 4304 1588 4376 reliquos
1614 4310 1881 4363 sacerdo-

249 4392 353 4454 tes,
386 4389 616 4459 quoties
650 4391 965 4446 necessitas
1006 4397 1107 4446 aut
1146 4392 1369 4448 utilitas
1400 4395 1653 4465 coegerit
1682 4414 1883 4465 supra-

2002 3219 2321 3273 transferre
2351 3217 2663 3284 voluerint,
2699 3218 3085 3288 deponantur.

2001 3335 2141 3391 CAP.
2176 3334 2420 3389 LXXIII.
2457 3334 2616 3405 Quod
2642 3349 2751 3387 non
2782 3334 2907 3405 licet
2936 3332 3131 3387 clerico
3164 3330 3397 3384 inscribi
3426 3330 3485 3383 in
3514 3329 3651 3383 dua-

2629 3406 2726 3458 bus
2756 3402 3023 3457 ecclesiis.

2474 3497 2647 3548 Conc.
2682 3492 2978 3557 Chalced.,
3011 3508 3058 3547 c.
3098 3492 3182 3545 12.

2071 3592 2241 3664 (Dist.
2274 3593 2365 3658 70,
2400 3608 2448 3647 c.
2485 3591 2811 3647 Sanctorum
2839 3607 3061 3658 canon.,
3091 3591 3118 3659 §
3151 3590 3383 3645 Omnino
3411 3588 3646 3658 autem).

1998 3683 2124 3737 Non
2156 3681 2293 3736 licet
2322 3680 2598 3735 clericum
2631 3682 2688 3735 in
2724 3682 2973 3736 duarum
3022 3680 3326 3735 civitatum
3359 3677 3648 3733 conscribi

1999 3770 2176 3825 simul
2204 3769 2489 3835 ecclesiis,
2522 3771 2622 3824 sed
2658 3770 2715 3824 in
2750 3786 2867 3841 qua
2893 3770 2965 3823 ab
2998 3769 3165 3823 initio
3198 3768 3505 3823 ordinatus
3537 3771 3646 3833 est,

1999 3860 2312 3929 ministret,
2346 3876 2449 3915 nec
2480 3861 2548 3913 ad
2587 3859 2760 3914 aliam
2801 3858 3120 3930 confugiat,
3157 3858 3325 3929 quasi
3357 3857 3427 3911 ad
3462 3857 3646 3927 potio-

1997 3965 2119 4003 rem
2151 3949 2223 4002 ob
2256 3948 2451 4002 inanis
2482 3947 2679 4018 gloriae
2729 3947 3134 4016 cupiditatem.
3170 3949 3299 3999 Haec
3331 3948 3525 3999 autem
3561 3944 3643 3997 fa-

1996 4036 2155 4091 ciens
2205 4037 2457 4092 revocari
2509 4037 2679 4090 debet
2729 4036 2799 4089 ad
2848 4052 3016 4089 suam
3067 4033 3373 4088 ecclesiam
3423 4032 3481 4086 in
3526 4048 3642 4102 qua

1996 4125 2273 4195 primitus
2304 4124 2662 4180 constitutus
2691 4129 2800 4189 est,
2825 4130 2880 4177 et
2910 4123 2989 4177 ibi
3021 4122 3433 4177 tantummodo
3466 4120 3639 4175 mini-

1993 4218 2202 4269 strare.

2105 4321 2239 4375 CAP.
2281 4319 2511 4374 LXXIV.
2552 4324 2634 4374 Ex
2662 4318 2893 4373 concilio
2936 4318 3262 4383 Arelatensi,
3293 4334 3408 4388 cap.
3446 4320 3532 4371 12.

2068 4418 2363 4471 Statutum
2390 4423 2481 4471 est
2508 4422 2569 4471 ut
2588 4415 2933 4488 presbyteri,
2957 4415 3106 4469 sicut
3129 4416 3405 4470 hactenus
3428 4416 3646 4470 factum

248 4478 394 4575 ξῂίξίο
438 4479 631 4575 τηοάοΑ
661 4484 716 4533 et
768 4481 1005 4575 mulam
1041 4486 1119 4575 et,
1144 4481 1492 4575 Wlfﬂin?“
1542 4488 1891 4555 POtesmtem
1926 4490 1971 4553 D
2004 4511 2112 4567 est,
2148 4505 2457 4559 indiscrete
2490 4523 2591 4575 per
2619 4478 2844 4559 diversa
2887 4522 2999 4559 non
3030 4510 3333 4558 mutentur
3361 4504 3508 4571 loca,
3542 4520 3647 4558 nec

249 4565 435 4631 habet,
472 4583 586 4621 non
618 4572 813 4623 tamen
846 4570 972 4623 sine
996 4570 1338 4625 auctoritate
1368 4579 1751 4628 sacrosanctae
1774 4576 1887 4629 Ro-

251 4670 428 4708 manis
460 4655 635 4711 sedis.
685 4656 811 4711 Alia
842 4662 931 4712 est
969 4658 1124 4712 enim
1174 4675 1354 4713 causa
1404 4659 1673 4717 utilitatis
1704 4668 1759 4718 et
1792 4681 1889 4718 ne-

251 4743 554 4810 cessitatis,
587 4749 641 4799 et
670 4744 785 4800 alia
814 4746 1067 4801 avaritiae
1090 4752 1145 4801 et
1173 4749 1646 4820 praesumptionis
1678 4757 1731 4807 et
1765 4770 1890 4823 pro-

250 4834 375 4905 prire
404 4834 746 4891 voluntatis.

250 4949 579 5026 ΟΑιιηωςΧ.-
599 4951 718 5026 Non
770 4952 1071 5026 ambitione
1116 4954 1209 5009 sed
1254 4957 1512 5026 synodali
1564 4959 1888 5016 auctoritate

362 5020 427 5075 de
460 5022 696 5076 Ecclesia
724 5024 794 5077 ad
824 5025 1149 5096 Ecclesiam,
1180 5020 1465 5099 episcopus
1496 5034 1758 5084 transeat.

666 5132 835 5183 Cone.
871 5130 1138 5204 Carthag.
1174 5149 1249 5202 1v,
1282 5150 1332 5190 c.
1364 5136 1455 5189 27.

2000 4594 2070 4647 ab
2103 4593 2413 4664 episcopis,
2458 4610 2562 4647 nec
2613 4612 2642 4645 a
2676 4591 2949 4663 przslatis,
2982 4609 3054 4646 ne
3094 4593 3235 4646 forte
3284 4598 3520 4664 propter
3547 4609 3645 4646 eo-

2001 4700 2129 4736 rum
2165 4683 2490 4737 absentiam
2525 4686 2581 4736 et
2610 4684 2939 4736 animarum
2984 4681 3241 4753 pericula
3271 4688 3327 4736 et
3356 4681 3645 4736 Ecclesia-

1999 4789 2130 4825 rum
2160 4772 2215 4825 in
2251 4772 2466 4841 quibus
2498 4773 2798 4825 constituti
2833 4776 2992 4837 sunt,
3026 4770 3400 4843 negligantur
3428 4771 3641 4826 officia.

2191 4888 2325 4941 CAP.
2363 4887 2592 4942 LXXV.
2640 4890 2718 4942 Ea:
2745 4889 2979 4943 concilio
3012 4888 3360 4942 Cabilonmsi
3389 4902 3451 4940 ιι.

2069 4987 2377 5057 Presbyter
2420 4988 2651 5057 proprio
2686 4986 2809 5040 loco
2857 4986 3105 5040 dimisso
3137 4990 3194 5039 et
3223 4984 3293 5038 ad
3326 4982 3504 5038 alium
3537 4983 3647 5037 mi-

1997 5092 2194 5146 grans,
2231 5092 2343 5128 non
2370 5076 2703 5145 recipiatur,
2734 5077 2844 5129 nisi
2869 5092 2986 5130 suae
3014 5073 3379 5143 migrationis
3406 5089 3645 5127 causam

1995 5165 2226 5233 dixerit,
2258 5168 2313 5217 et
2336 5181 2397 5218 se
2428 5165 2768 5220 innocenter
2796 5164 3011 5217 vixisse
3039 5162 3096 5215 in
3134 5159 3409 5231 parochia
3438 5160 3496 5213 in
3530 5177 3645 5229 qua

314 5242 385 5313 (7,
414 5258 470 5313 q.
508 5244 559 5311 1,
609 5258 658 5300 c.
710 5245 1002 5315 Episcopus
1031 5250 1096 5301 de
1128 5247 1282 5319 loco).
1337 5253 1411 5303 Ut
1458 5249 1767 5321 episcopus
1815 5251 1886 5306 de
1995 5254 2299 5308 ordinatus
2330 5259 2418 5308 est
2440 5255 2815 5308 subtestibus
2850 5249 3441 5322 probaverit,litteras
3463 5249 3639 5303 etiam

252 5332 364 5386 loco
418 5330 658 5402 ignobili
716 5333 785 5386 ad
846 5334 1103 5389 nobilem
1163 5352 1265 5406 per
1322 5337 1698 5392 ambitionem
1769 5355 1883 5395 non
1992 5340 2251 5408 habebit,
2283 5342 2340 5395 in
2375 5345 2589 5410 quibus
2612 5337 3273 5408 suntnominaepiscopi
3306 5341 3361 5390 et
3392 5336 3640 5391 civitatis

250 5425 519 5487 transeat,
555 5436 658 5475 nec
690 5420 1005 5492 quisquam
1042 5423 1335 5479 inferioris
1364 5426 1584 5481 ordinis
1612 5425 1881 5497 clericus,

252 5526 379 5566 sane
410 5508 460 5565 si
491 5507 718 5566 utilitas
734 5510 1001 5567 Ecclesia:
1029 5511 1359 5569 faciendum
1384 5516 1760 5589 proposcerit,
1784 5518 1883 5574 de-

1991 5429 2299 5501 impressa.
2334 5431 2557 5495 Quibus
2589 5428 2861 5499 cognitis,
2894 5433 2949 5482 et
2977 5427 3194 5481 talibus
3224 5424 3478 5481 inventis
3509 5426 3637 5495 qui-

1993 5519 2104 5575 bus
2135 5519 2279 5575 fides
2311 5520 2574 5575 adhiberi
2606 5517 2812 5590 possit,
2844 5515 3178 5587 recipiatur.
