4000 6054
251 247 391 302 1149

1562 245 1958 301 ΡΔΝΟΗΜῙΔ.
1992 274 2059 288 —--
2088 246 2220 301 LIB.
2262 250 2359 301 III.

3526 251 3662 304 1150

248 377 365 431 tem
398 372 628 444 primus
659 388 691 427 a
721 370 965 427 Domino
987 369 1219 441 accipit,
1242 368 1591 441 primusque
1621 369 1691 423 ad
1722 368 1898 424 ﬁdem
1930 371 1984 437 Α
2018 369 2258 427 multam
2292 375 2349 425 et
2378 371 2673 443 operarios
2715 387 2933 443 paucos
2974 377 3324 442 rogaverunt
3353 372 3660 427 dominum

250 461 537 535 populum
572 478 693 516 suae
726 458 1159 530 prmdicationis
1179 459 1393 514 virtute
1424 458 1903 514 adduxit.Ca3teri

247 568 383 607 vero
417 550 663 623 apostoli
714 565 847 603 cum
890 550 1092 603 eodem
1140 549 1267 619 pari
1298 548 1589 602 consortio
1622 547 1902 602 honorem

250 648 305 696 et
364 645 712 715 potestatem
771 642 1142 710 acceperunt,
1201 638 1518 709 ipsumque
1576 636 1900 709 principem

250 748 453 787 eorum
485 747 615 786 esse
661 729 992 786 voluerunt.
1025 728 1131 793 Qui
1164 726 1339 784 etiam
1382 726 1622 797 jubente
1656 726 1902 780 Domino

250 821 310 875 in
343 824 463 876 toto
509 821 647 876 orbe
696 818 967 890 dispersi,
999 816 1367 888 evangelium
1418 814 1897 888 praedicaverunt.

249 910 405 982 Ipsis
427 925 662 981 quoque
683 907 1101 967 decedentibus
1135 906 1193 963 in
1225 906 1349 962 loco
1371 922 1573 961 eorum
1599 921 1901 961 surrexere

250 999 531 1070 episcopi.
564 1001 825 1065 Quorum
868 996 1160 1053 ordinatio
1200 998 1514 1067 prestaxato
1558 994 1683 1050 fieri
1732 995 1902 1050 debet

248 1089 458 1144 ordine
496 1094 553 1144 et
592 1088 785 1145 modo.
829 1087 982 1150 Quos
1018 1087 1113 1159 qui
1164 1086 1446 1158 receperit
1494 1090 1551 1143 et
1600 1085 1772 1141 verba
1802 1101 1900 1142 eo-

250 1194 405 1247 rum,
462 1176 777 1233 Dominum
837 1176 1067 1249 recipit.
1100 1176 1205 1241 Qui
1259 1180 1453 1231 autem
1507 1174 1734 1245 spernit
1779 1191 1899 1237 eos.

250 1282 385 1321 eum
421 1282 651 1338 quoque
684 1284 716 1322 a
745 1282 859 1337 quo
892 1264 1058 1320 missi
1091 1269 1250 1335 sunt,
1283 1269 1339 1321 et
1370 1264 1541 1334 cujus
1574 1264 1902 1335 funguntur

250 1356 542 1427 legatione
572 1356 819 1427 spernit,
851 1364 905 1411 et
951 1355 1075 1427 ipse
1106 1354 1509 1410 indubitanter
1546 1352 1841 1422 spernitur
1871 1369 1904 1407 a

250 1445 517 1503 Domino.
537 1444 816 1500 Videntes
838 1447 1033 1501 autem
1060 1442 1172 1515 ipsi
1195 1440 1468 1515 apostoli,
1497 1456 1751 1497 messem
1772 1457 1901 1496 esse

2014 460 2248 527 messis,
2292 464 2350 515 ut
2388 461 2644 516 mitteret
2694 460 2990 532 operarios
3046 460 3106 515 in
3163 476 3415 516 messem
3470 477 3663 517 suam.

2014 550 2154 605 Inde
2183 550 2349 605 electi
2373 550 2445 605 ab
2476 550 2559 605 eis
2582 555 2723 605 sunt
2744 566 2849 603 Lxx
2871 548 3166 620 discipuli,
3182 566 3433 620 quorum
3454 553 3660 622 typum

2013 644 2225 709 gerunt
2254 639 2597 710 presbyteri,
2634 644 2807 709 atque
2852 640 2911 694 in
2954 656 3156 694 eorum
3204 640 3329 695 loco
3362 639 3665 695 constituti

2013 734 2153 783 sunt
2184 729 2242 782 in
2277 729 2554 783 Ecclesia.

1961 818 1973 829 '
2046 819 2179 872 CAP.
2215 816 2507 871 LXXXIII.
2544 820 2625 871 Ea:
2666 822 2879 873 Decret.
2929 816 3200 873 Clement.
3246 835 3421 889 papae,
3454 836 3501 873 ε.
3534 819 3623 874 30.

2082 905 2405 977 Episcopus
2440 923 2570 963 vero
2591 908 2774 962 vicem
2809 906 3232 977 apostolorum,
3258 906 3443 978 legem
3479 909 3669 963 Domi-

2011 996 2068 1050 ni
2120 997 2389 1054 docuisse
2435 997 2683 1061 dicebat,
2716 1000 2772 1051 et
2822 995 3183 1067 reliquorum
3234 997 3658 1069 discipulorum

2012 1086 2192 1141 vicem
2223 1090 2420 1141 tenere
2458 1086 2830 1157 presbyteros
2874 1086 3084 1141 debere
3133 1085 3495 1155 insinuabat,
3529 1095 3581 1141 et
3612 1088 3661 1142 si

2012 1177 2144 1247 quis
2174 1176 2429 1247 aliquem
2464 1193 2531 1231 ex
2574 1175 2668 1230 his
2718 1175 3218 1242 scandalizaverit,
3252 1175 3662 1247 gravissimam

2013 1266 2228 1320 inferre
2260 1266 2613 1337 praedicabat
2644 1282 2895 1336 pcenam.
2926 1266 3180 1320 Cunctos
3208 1282 3270 1321 se
3300 1265 3546 1320 invicem
3580 1266 3665 1319 di-

2012 1354 2191 1425 ligere
2220 1360 2277 1410 et
2309 1356 2584 1424 adjuvare
2616 1356 2847 1425 debere,
2880 1360 2937 1410 et
2967 1356 3261 1410 neminem
3313 1356 3383 1410 ab
3434 1357 3665 1426 adjuto-

2011 1442 2095 1496 rio
2128 1460 2188 1497 se
2221 1444 2565 1499 abstrahere
2598 1444 2951 1500 instruebat.

1261 1704 1360 1764 DE
1406 1702 1949 1767 CONTINENTIA
1993 1704 2288 1765 0RDINA
2301 1708 2342 1763 N
2356 1705 2656 1766 DORUM.

248 1842 379 1895 CAP.
414 1838 721 1911 LXXXIV.
754 1868 821 1879 —
865 1839 1027 1911 Actus
1071 1840 1105 1892 2
1153 1836 1669 1911 synodiUStephani
1714 1852 1898 1907 papaz,
1930 1840 1976 1904 B
2009 1854 2241 1910 cunque
2262 1854 2398 1911 ergo
2424 1839 2635 1909 dignus
2659 1841 3131 1899 fueritinventus
3155 1840 3557 1897 subdiaconali
3581 1858 3667 1897 or-

318 1928 446 1983 cap.
480 1913 533 1980 4,
567 1909 954 1983 occidentalis,
981 1925 1092 1967 non
1136 1908 1432 1967 orientalis
1461 1908 1703 1965 Ecclesia
1734 1911 1899 1964 casti-

320 1981 450 2039 tatis
479 1990 663 2038 votum
692 1981 909 2040 obtulit.

320 2072 490 2145 (Dist.
522 2073 613 2137 3t,
644 2089 694 2129 c.
734 2071 951 2143 Aliter.)
991 2070 1177 2128 Aliter
1208 2087 1270 2127 se
1308 2069 1486 2127 habet
1529 2069 1897 2126 orientalium

248 2162 487 2216 traditio
517 2160 932 2230 Ecclesiarum,
968 2160 1137 2216 aliter
1170 2161 1346 2230 hujus
1378 2164 1591 2215 sanctis
1626 2160 1903 2215 Romanae

253 2249 545 2306 Ecclesiae.
578 2250 723 2307 Nam
758 2266 957 2307 eorum
1003 2250 1355 2316 sacerdotes,
1399 2249 1745 2320 presbyteri,
1772 2250 1900 2304 dia-

254 2340 407 2409 coni,
443 2339 812 2408 subdiaconi,
853 2339 1231 2397 matrimonio
1274 2338 1649 2410 copulantur.
1697 2339 1901 2395 Totius

255 2432 451 2485 autem
480 2427 749 2485 Ecclesia:
781 2427 868 2483 vel
900 2426 1385 2493 Occidentalium,
1410 2426 1608 2483 nullus
1640 2428 1904 2484 sacerdo-

254 2523 377 2573 tum
411 2535 441 2572 a
474 2518 855 2577 subdiaconis
887 2534 1074 2588 usque
1106 2520 1174 2574 ad
1204 2517 1567 2588 episcopum,
1609 2516 1898 2572 licentiam

252 2607 430 2665 habet
462 2608 799 2677 conjugium
832 2607 1133 2664 sortiendi.

255 2719 389 2768 CAP.
445 2714 716 2768 LXXXV.
770 2714 1039 2769 Dissuasu
1094 2712 1369 2767 Pannutii
1416 2712 1625 2770 Nicena
1669 2713 1907 2783 synodus

324 2801 436 2843 non
465 2787 772 2859 constituit,
803 2789 950 2859 quod
988 2785 1298 2859 presbyteri
1321 2802 1445 2843 cum
1475 2788 1592 2842 suis
1638 2786 1908 2842 uxoribus

327 2872 437 2912 non
466 2857 790 2916 dormirent.

600 2948 819 3007 Hister.
850 2947 1107 3021 tripart.,
1142 2947 1196 3003 in
1233 2963 1278 3002 ο.
1317 2947 1401 3017 14,
1436 2946 1475 3002 l.
1508 2962 1566 3004 Ir.

332 3038 503 3110 (Dist.
553 3037 643 3109 31,
693 3053 744 3093 c.
795 3036 1066 3107 Nicaena.)
1118 3035 1354 3094 Nicaeus
1401 3036 1661 3110 synodus
1709 3036 1909 3093 volens

261 3126 550 3201 corrigere
582 3125 890 3185 hominum
920 3124 1102 3185 vitam
1135 3124 1193 3180 in
1228 3124 1503 3182 Ecclesiis
1537 3142 1907 3183 commoran-

259 3215 434 3286 tium,
458 3214 658 3287 posuit
687 3214 844 3285 leges
875 3230 1023 3285 quas
1063 3230 1317 3271 canones
1346 3231 1641 3283 vocamus,
1668 3215 1727 3271 in
1762 3232 1908 3287 quo-
1943 3218 1984 3284 C

265 3320 391 3358 rum
416 3306 669 3358 tractatu
686 3301 990 3357 videbatur
1012 3302 1311 3375 aliquibus
1334 3304 1704 3365 introducere
1723 3304 1912 3378 legem

270 3399 333 3448 ut
372 3393 649 3465 episcopi,
697 3393 1038 3464 presbyteri,
1073 3393 1323 3465 diaconi,
1375 3393 1742 3463 subdiaconi,
1777 3412 1911 3450 cum

264 3482 618 3553 conjugibus
666 3498 813 3553 quas
864 3485 997 3535 ante
1048 3483 1548 3538 consecrationem
1598 3483 1909 3551 duxerunt,

260 3589 377 3627 non
406 3571 743 3626 dormirent.
780 3571 1042 3643 Surgens
1089 3575 1287 3625 autem
1319 3573 1648 3627 Pannutius
1688 3574 1908 3627 confes-

257 3678 357 3717 sor
386 3659 753 3717 contradixit.
787 3659 1169 3717 Honorabilcs
1215 3662 1519 3716 confessus
1568 3661 1825 3732 nuptias,
1856 3668 1911 3716 et

256 3751 585 3808 castitatem
619 3751 818 3807 dicens
865 3768 994 3807 esse
1025 3768 1158 3806 cum
1210 3751 1448 3823 propria
1478 3751 1722 3822 conjuge
1772 3768 1906 3805 con-

254 3840 543 3910 cubitum,
577 3841 882 3912 suasitque
914 3840 1180 3909 concilio,
1203 3857 1273 3894 ne
1303 3839 1477 3895 talem
1508 3841 1694 3912 legem
1728 3857 1907 3913 pone-

255 3936 363 3998 ret,
393 3946 629 4001 gravem
679 3947 808 3986 esse
856 3946 1125 3986 asserens
1176 3946 1437 4000 causam,
1473 3947 1599 4002 quae
1631 3934 1733 3984 aut
1761 3930 1907 4002 ipsis

256 4025 358 4075 aut
386 4036 589 4074 eorum
616 4018 1049 4091 conjugalibus,
1076 4019 1301 4073 occasio
1326 4019 1729 4074 fornicationis
1761 4019 1907 4075 exis-

252 4114 430 4177 teret;
461 4113 517 4163 et
548 4108 657 4163 hoc
704 4107 941 4179 quidem
998 4108 1347 4172 Pannutius,
1383 4107 1517 4161 licet
1565 4109 1903 4178 nuptiarum

253 4202 410 4253 esset
468 4198 827 4270 inexpertus,
878 4196 1165 4267 exposuit,
1217 4196 1597 4268 synodusque
1646 4196 1905 4251 laudavit

253 4287 613 4343 sententiam
644 4286 796 4357 ejus,
824 4289 877 4339 et
911 4282 1056 4339 nihil
1084 4300 1150 4337 ex
1181 4284 1289 4337 hac
1324 4288 1483 4353 parte
1514 4285 1779 4355 sancivit,
1804 4286 1902 4341 sed

254 4377 364 4433 hoc
414 4377 475 4431 in
524 4375 995 4445 uniuscujusque
1040 4373 1345 4428 voluntate
1396 4391 1511 4428 non
1562 4375 1907 4430 necessitate

258 4464 546 4541 permisit.

252 4576 385 4658 (ΞΑῩέ
420 4571 724 4654 LXXXVI.
753 4573 870 4658 {Van
900 4572 961 4626 in
991 4574 1335 4644 perpetuum,
1362 4570 1454 4627 sed
1485 4579 1724 4658 tempore
1753 4573 1903 4658 obta-
1942 4596 1984 4658 Β

328 4645 503 4697 tionis
528 4661 563 4696 a
594 4644 883 4713 complexu
912 4643 1139 4696 suarum
1182 4659 1419 4697 uxorum
1448 4643 1747 4697 sacerdotes
1778 4644 1901 4697 abs-

327 4716 566 4768 tineant.

740 4785 910 4840 Sexta
941 4786 1222 4857 synodus,
1259 4800 1309 4840 c.
1340 4786 1431 4841 23.

330 4872 497 4943 (Dist.
532 4872 623 4943 31,
656 4888 704 4928 c.
738 4874 1062 4945 Quoniam.)
1090 4873 1373 4940 Quoniam
1424 4874 1481 4927 in
1531 4872 1776 4927 Romani
1818 4890 1909 4927 or-

260 4961 396 5015 dine
428 4962 670 5016 canonis
701 4978 829 5017 esse
858 4962 1239 5034 cognovimus
1259 4962 1539 5017 traditum
1571 4979 1669 5016 eos
1700 4961 1797 5031 qui
1824 4978 1910 5017 or-

262 5051 444 5105 dinati
491 5055 633 5106 sunt
678 5051 910 5105 diaconi
943 5051 1029 5105 vel
1070 5052 1410 5121 presbyteri,
1443 5051 1705 5105 confiteri
1756 5052 1907 5121 quod

253 5139 379 5209 jam
410 5139 534 5193 suis
566 5138 982 5211 copularenlur
1012 5140 1314 5205 uxoribus,
1343 5156 1449 5194 nos
1480 5141 1786 5210 antiquum
1821 5156 1909 5194 se-

263 5236 506 5298 quentes
539 5244 845 5296 canonem,
871 5228 1203 5300 apostolicae
1235 5228 1552 5301 diligentia:
1593 5233 1649 5283 et
1688 5229 1909 5283 consti-

260 5317 506 5371 tutionis
530 5333 832 5372 sacrorum
853 5318 1135 5384 virorum,
1164 5318 1376 5388 legales
1402 5318 1661 5387 nuptias,
1680 5322 1735 5371 et
1756 5334 1910 5372 amo-

265 5408 338 5461 do
368 5405 557 5461 valere
588 5407 905 5477 voluimus,
930 5406 1091 5461 nullo
1126 5408 1297 5460 modo
1321 5424 1453 5461 cum
1486 5406 1765 5462 uxoribus
1787 5407 1911 5462 suis

265 5511 468 5551 eorum
500 5496 794 5552 connubia
825 5495 1233 5561 dissolventes,
1255 5500 1356 5549 aut
1386 5496 1680 5567 privantes
1709 5512 1808 5551 eos
1836 5496 1914 5552 fa-

264 5583 603 5641 miliaritate
629 5584 699 5641 ad
732 5585 1003 5655 invicem,
1028 5584 1086 5639 in
1110 5588 1373 5657 tempore
1403 5589 1749 5656 opportuno.
1775 5585 1910 5651 Qui-

2011 1926 2332 1998 clinatione,
2351 1932 2450 1982 aut
2472 1928 2784 1997 diaconali,
2810 1935 2910 1986 aut
2941 1930 3308 1997 sacerdotali,
3336 1929 3473 1986 hinc
3501 1929 3663 1986 nullo

2012 2016 2186 2072 modo
2209 2017 2596 2087 prohibentur
2618 2019 2688 2073 ad
2716 2018 2890 2075 talem
2930 2020 3241 2077 ascendere
3264 2019 3536 2091 gradum,
3562 2036 3663 2091 pro

2010 2105 2208 2160 uxoris
2233 2122 2349 2159 suae
2372 2106 2828 2177 cohabitatione,
2855 2124 2957 2164 nec
2980 2108 3039 2165 in
3063 2112 3322 2179 tempore
3344 2107 3662 2163 ordinatio-

2012 2194 2103 2247 nis
2135 2210 2249 2247 suae
2292 2195 2553 2264 proﬁteri
2589 2200 2849 2269 cogatur,
2875 2197 3027 2269 quod
3071 2197 3365 2252 abstinere
3398 2196 3603 2250 debeat
3635 2214 3665 2250 a

2011 2280 2215 2353 legalis
2253 2284 2449 2338 uxoris
2493 2284 2910 2342 familiaritate.
2947 2286 3126 2343 Item:
3165 2284 3400 2354 Oportet
3428 2299 3527 2337 eos
3558 2285 3661 2353 qui

2011 2369 2182 2425 altari
2214 2371 2574 2444 ministrant,
2601 2374 2658 2431 in
2682 2378 2943 2447 tempore
2975 2373 3291 2430 oblationis
3319 2377 3658 2429 sanctorum

2011 2460 2375 2516 continentes
2398 2476 2529 2518 esse
2559 2462 2617 2519 in
2649 2463 2948 2532 omnibus,
2977 2466 3037 2516 ut
3065 2480 3097 2519 a
3127 2462 3241 2519 Deo
3273 2462 3502 2533 possint
3523 2478 3660 2517 con-

2013 2549 2178 2620 sequi
2230 2551 2383 2620 quod
2441 2550 2791 2623 simpliciter
2836 2550 3155 2622 postulant.
3192 2550 3249 2606 Si
3299 2551 3433 2623 quis
3482 2551 3663 2622 igitur

2014 2638 2473 2712 prmsumpserit,
2510 2645 2711 2696 contra
2755 2640 3108 2712 apostolicos
3139 2639 3661 2713 canones,aliquos

2016 2728 2490 2798 presbyterorum
2514 2734 2570 2783 et
2601 2730 2981 2784 diaconorum
3007 2730 3231 2799 privare
3254 2746 3285 2783 a
3312 2732 3584 2785 contactu
3609 2732 3664 2785 et

2018 2818 2431 2874 communione
2464 2817 2667 2890 legalis
2703 2819 2900 2874 uxoris
2941 2836 3082 2889 sum,
3105 2820 3448 2891 deponatur.
3482 2816 3660 2875 Simi-

2016 2905 2150 2961 liter
2178 2906 2502 2978 presbyter,
2528 2912 2628 2962 aut
2675 2909 2980 2973 diaconus,
3007 2908 3107 2981 qui
3158 2906 3455 2978 religionis
3487 2924 3664 2961 causa

2019 3012 2255 3051 uxorem
2299 2996 2555 3068 expellit,
2580 2998 3139 3055 excommunicetur.
3178 2996 3237 3053 Si
3267 3013 3399 3053 vero
3446 2996 3505 3051 in
3555 2996 3664 3052 hoc

2017 3086 2429 3158 permanserit,
2457 3088 2803 3159 deponatur.

2021 3180 2158 3234 CAP.
2194 3176 2529 3233 LXXXVII.
2573 3178 2813 3233 Diaconi
2852 3192 2963 3233 non
3005 3178 3409 3248 prohibeantur
3435 3193 3469 3230 a
3498 3178 3671 3233 mini-

2094 3250 2261 3304 sterio
2290 3265 2387 3321 pro
2418 3250 2647 3319 nuptiis,
2671 3250 2720 3307 si
2746 3250 2801 3305 in
2834 3249 3184 3307 ordinatione
3202 3248 3393 3305 dicunt
3421 3265 3476 3306 se
3504 3250 3670 3305 conti-

2094 3335 2226 3375 nere
2252 3336 2361 3375 non
2387 3337 2564 3391 posse.

2128 3410 2301 3463 Conc.
2334 3410 2589 3481 Ancyrit.
2623 3425 2671 3463 c.
2709 3410 2791 3479 10,
2829 3410 2975 3478 juxt.
3012 3426 3051 3461 II
3090 3408 3557 3462 translationem.

2092 3497 2259 3567 (Dist.
2292 3500 2381 3567 28,
2429 3515 2480 3555 c.
2526 3497 2802 3568 Diacrmi.)
2836 3496 3073 3551 Diaconi
3123 3496 3457 3568 quicunque
3506 3497 3668 3550 ordi-

2022 3590 2258 3653 nantur,
2291 3586 2333 3642 si
2367 3588 2426 3641 in
2476 3585 2605 3659 ipsa
2653 3584 3019 3641 ordinatione
3067 3586 3370 3659 protestati
3423 3590 3584 3651 sunt,
3614 3589 3670 3639 et

2021 3674 2294 3729 dixerunt
2337 3692 2398 3730 se
2436 3674 2580 3730 velle
2628 3676 2899 3747 conjugio
2947 3673 3229 3746 copulari,
3259 3690 3535 3743 quoniam
3586 3673 3670 3729 sic

2020 3780 2257 3819 manere
2298 3780 2413 3819 non
2458 3768 2708 3839 possunt
2754 3765 2861 3836 hii,
2896 3765 2942 3819 si
2997 3764 3374 3837 postmodum
3430 3779 3669 3818 uxorem

2019 3854 2311 3922 duxerint,
2346 3854 2404 3908 in
2456 3854 2778 3910 ministerio
2831 3859 3126 3923 maneant,
3161 3857 3467 3925 prepterea
3512 3852 3667 3924 quod

2017 3943 2329 4015 episcopus
2372 3944 2671 3999 licentiam
2724 3945 2969 3999 dederit.
3005 3943 3348 4014 Quicunque
3398 3958 3537 3995 sane
3584 3944 3669 3994 ta-
3776 3964 3783 3977 ι

2019 4032 2246 4087 cuerint
2293 4038 2349 4087 et
2398 4038 2785 4106 susceperunt
2839 4051 3052 4088 manus
3108 4032 3570 4104 impositionem,
3614 4036 3670 4085 et

2018 4122 2268 4177 confessi
2320 4124 2762 4193 continentiam,
2797 4128 2853 4178 et
2899 4126 3101 4197 postea
3154 4122 3374 4191 nuptiis
3424 4120 3665 4191 obligati

2018 4217 2175 4279 sunt,
2209 4229 2242 4266 a
2272 4212 2597 4269 ministerio
2628 4230 2768 4269 sane
2798 4227 3027 4267 cessare
3059 4212 3292 4266 debent.

2017 4300 2151 4357 CAP.
2189 4300 2546 4358 LXXXVIII.
2582 4304 2809 4359 Diaconi
2836 4300 3041 4357 sicasti
3068 4303 3201 4368 sint,
3232 4316 3339 4355 non
3374 4298 3668 4373 prohiben-

2422 4377 2513 4426 tur
2546 4376 2603 4429 in
2638 4373 2950 4428 ministerio
2978 4374 3257 4429 constitui.

2562 4446 2732 4500 Conc.
2765 4446 2949 4500 Tolet.
2986 4463 3034 4499 c.
3069 4447 3124 4499 2.

2092 4533 2317 4588 Placuit
2364 4534 2661 4603 diaconos,
2695 4535 2743 4589 si
2783 4533 2871 4589 vel
2922 4534 3132 4605 integri
3175 4532 3261 4587 vel
3310 4530 3453 4587 casti
3504 4534 3667 4599 sunt,

2017 4626 2191 4679 etiam
2228 4624 2275 4677 si
2304 4640 2512 4679 uxores
2542 4624 2818 4689 habeant,
2844 4624 2900 4677 in
2938 4623 3259 4678 ministerio
3290 4620 3592 4677 constitui.

2016 4713 2143 4769 CAP.
2166 4712 2455 4768 LXXXIX.
2509 4715 2620 4782 Qui
2634 4714 2942 4767 castitatem
2976 4728 3083 4768 non
3113 4713 3475 4783 promisit,ab
3490 4725 3660 4765 uxore

2506 4788 2757 4855 separari
2785 4800 2894 4838 non
2926 4790 3172 4853 cogatur.

2091 4874 2259 4944 (Dist.
2292 4874 2445 4937 31,0.
2484 4875 2619 4929 Ante
2649 4872 3003 4943 triennium.)
3023 4876 3173 4927 Ante
3203 4870 3514 4926 triennium
3541 4886 3664 4923 om-

2022 4962 2185 5017 nium
2208 4962 2597 5017 Ecclesiarum
2626 4962 2970 5017 subdiaconi
2996 4960 3205 5017 Sicilia;
3237 4958 3513 5030 prohibiti
3543 4959 3665 5011 tue-

2022 5056 2175 5117 rant,
2229 5057 2292 5106 ut
2342 5067 2500 5105 more
2551 5052 2826 5105 Romanae
2876 5050 3163 5117 Ecclesiae,
3215 5046 3336 5101 suis
3388 5046 3667 5103 uxoribus

2022 5139 2356 5193 nullatenus
2382 5140 2761 5206 misceantur,
2788 5140 2942 5211 quod
2978 5138 3120 5192 mihi
3143 5139 3355 5191 durum
3380 5142 3557 5206 atque
3584 5136 3671 5188 in-

2021 5228 2371 5283 conveniens
2402 5229 2651 5296 videtur,
2686 5240 2747 5284 ut
2778 5230 2875 5299 qui
2926 5244 3097 5283 usum
3126 5226 3500 5281 continentia
3550 5240 3665 5282 non

2019 5318 2260 5386 invenit,
2296 5334 2483 5389 neque
2522 5320 2849 5374 castitatem
2890 5316 3183 5386 promisit,
3216 5313 3604 5385 compellatur
3636 5330 3669 5366 a

2022 5426 2129 5463 sua
2159 5424 2335 5463 uxore
2364 5409 2643 5479 separari,
2678 5413 2848 5476 atque
2878 5422 2979 5476 per
3009 5406 3115 5460 hoc
3147 5404 3327 5475 (quod
3362 5402 3572 5468 absit!)
3606 5403 3665 5457 in

2022 5497 2279 5553 deterius
2326 5498 2515 5552 cadat.
2554 5497 2715 5550 Unde
2762 5496 2993 5549 videtur
3042 5492 3188 5549 mihi
3233 5498 3297 5547 ut
3326 5510 3361 5547 a
3394 5492 3664 5563 praesenti

2021 5585 2115 5641 die
2143 5584 2434 5657 episcOpis
2472 5583 2747 5639 omnibus
2788 5584 3017 5639 dicatur
3047 5587 3109 5638 ut
3140 5580 3370 5638 nullum
3420 5580 3663 5637 subdia‘
