3938 6074
362 223 493 279 151

1432 229 1500 279 D.
1545 226 1786 282 IVONIS
1820 227 2326 288 CARNOTENSIS
2365 237 2689 293 EPISCOPI

3639 248 3796 302 1152

355 362 567 401 conum
587 348 774 402 facere
797 354 1311 420 praesumant,nisi
1333 354 1433 427 qui
1457 370 1518 410 se
1534 355 1822 410 victurum
1848 364 2004 413 caste
2031 359 2086 426 Α
2118 359 2329 418 teriam
2360 364 2487 422 sine
2517 369 2888 426 successione
2933 376 3044 439 est,
3077 387 3183 429 nec
3214 376 3471 445 praeterit
3499 378 3634 434 dies
3668 397 3802 452 qua

355 436 710 508 promiserit,
734 443 1028 509 quatenus
1057 447 1113 496 et
1145 445 1433 513 praeterita
1455 443 1609 499 mala
1631 460 1879 516 quisque
1905 461 2006 516 per

354 525 721 597 propositum
751 529 966 583 mentis
989 533 1243 601 appetita
1267 548 1380 588 non
1403 541 1561 601 sunt,
1586 532 1868 588 violenter
1888 551 2004 590 non

353 615 682 686 exigantur,
706 620 764 671 et
793 617 990 673 futura
1019 624 1189 675 caute
1219 625 1552 676 caveantur.
1576 622 1684 686 Qui
1708 639 1838 678 vero
1870 628 2005 695 post

353 705 622 760 eamdem
672 705 1124 776 prohibitionem
1157 725 1282 780 quze
1330 714 1468 766 ante
1498 710 1819 768 triennium
1851 713 2003 769 facta

352 798 444 850 est
473 794 838 850 continenter
867 812 1000 851 cum
1046 797 1172 854 suis
1222 799 1524 870 uxoribus,
1555 800 1842 869 vixerunt,
1871 800 2000 858 lau-
2054 807 2071 821 '

352 882 531 938 dandi
581 887 755 953 atque
794 887 1209 941 remunerandi
1262 896 1423 960 sunt,
1456 893 1630 961 atque
1660 893 1726 944 ut
1757 889 1814 944 in
1847 890 1998 948 bono

350 977 730 1043 permaneant
758 972 1125 1030 exhortandi.
1150 976 1258 1031 Eos
1289 981 1485 1032 autem
1509 977 1611 1050 qui
1639 984 1770 1051 post
1803 979 1998 1052 prohi-

349 1060 632 1115 bitionem
664 1060 900 1128 factam,
935 1078 997 1118 se
1029 1079 1061 1118 a
1090 1064 1215 1120 suis
1248 1065 1529 1122 uxoribus
1561 1068 1857 1124 continere
1888 1086 1998 1124 no-

348 1150 584 1219 luerint,
619 1151 690 1205 ad
723 1169 959 1208 sacrum
1008 1155 1272 1212 ordinem
1321 1157 1599 1215 nolumus
1645 1161 1995 1232 promoveri,

346 1240 487 1310 quia
515 1240 714 1296 nullus
746 1242 918 1299 debet
942 1245 1013 1299 ad
1047 1244 1249 1301 altaris
1271 1247 1666 1304 ministerium
1701 1250 1995 1320 accedere,

345 1329 460 1384 nisi
510 1331 681 1401 cujus
730 1331 970 1388 castitas
1021 1340 1153 1391 ante
1202 1341 1545 1409 susceptum
1596 1338 1992 1395 ministerium

341 1419 520 1474 fuerit
545 1421 888 1492 approbata.

342 1511 475 1563 CAP.
510 1508 620 1564 XC.
652 1510 768 1564 Non
798 1511 894 1581 ﬁat
922 1514 1313 1583 subdiaconus,
1347 1517 1445 1588 qui
1470 1533 1524 1573 se
1552 1522 1696 1573 caste
1720 1519 1993 1574 victurum

952 1601 1063 1641 non
1087 1591 1382 1658 promittit.

419 1669 531 1725 Leo
565 1672 633 1727 IX
663 1674 946 1730 adversus
983 1676 1385 1734 viccabbatem
1421 1684 1671 1735 monast.
1707 1679 1918 1735 Studii.

414 1758 584 1828 (Dist.
618 1763 707 1832 28,
742 1781 792 1819 c.
826 1765 1091 1838 Nullum.)
1126 1770 1297 1839 Apud
1339 1785 1467 1836 nos,
1501 1785 1604 1824 nec
1635 1770 1707 1824 ad
1754 1767 1993 1824 subdia-
2023 1742 2070 1806 Β

345 1853 590 1906 conatus
622 1853 872 1922 gradum
907 1855 1277 1919 admittatur,
1300 1856 1414 1911 nisi
1447 1863 1788 1928 perpetuam
1820 1859 2005 1914 conti‘

343 1937 628 2008 nentiam,
661 1941 841 1996 etiam
877 1960 909 1997 a
943 1943 1176 2014 propria
1209 1946 1457 2017 conjuge
1489 1948 1858 2018 profiteatur;
1892 1965 2003 2004 nec

341 2029 475 2094 post
506 2029 750 2098 gradum
795 2031 1073 2102 cuiquam
1121 2050 1357 2090 uxorem
1392 2036 1604 2090 ducere
1635 2036 2001 2093 conceditur

435 2121 572 2177 CAP.
606 2124 745 2182 XCI.
781 2129 1076 2201 Presbyter
1104 2131 1306 2187 ducens
1336 2150 1587 2204 uxorem,
1620 2135 1687 2189 ab
1717 2135 1915 2191 ordine

1008 2205 1340 2272 deponatur.

841 2289 1015 2346 Conc.
1050 2292 1328 2362 Neocaes.,
1361 2311 1412 2349 c.
1444 2296 1495 2348 1.

403 2370 575 2442 (Dist.
609 2375 698 2440 28,
733 2393 781 2431 c.
819 2379 1160 2451 Presbyter.)
1195 2381 1500 2451 Presbyter
1539 2383 1589 2438 si
1629 2400 1864 2439 uxorem
1900 2398 2000 2439 ac”

330 2462 573 2529 ceperit,
609 2463 680 2518 ab
734 2466 938 2522 ordine
990 2471 1339 2540 deponatur.
1376 2470 1433 2526 Si
1481 2472 1649 2545 vero:
1672 2473 1999 2528 fornicatus

329 2549 530 2618 fuerit,
582 2557 686 2607 aut
734 2555 803 2609 ad
858 2555 1107 2612 alterum
1173 2561 1570 2630 properaverit
1617 2563 1992 2634 conjugiuma

325 2640 490 2694 extra
521 2641 841 2700 Ecclesiam
875 2646 1011 2716 pelli
1043 2648 1233 2716 debet,
1266 2656 1319 2704 et
1350 2651 1420 2705 ad
1455 2651 1860 2722 pcsnitentiam
1896 2647 1998 2707 in'

324 2731 412 2782 ter
447 2727 630 2786 laicos
663 2733 865 2803 redigi.

356 2829 491 2883 CAP.
525 2829 692 2885 XCII.
727 2831 1118 2891 Sacerdotibus
1162 2853 1377 2909 semper
1411 2841 1637 2895 castitas
1677 2842 1949 2897 servanda

972 2911 1324 2978 praecipitur.

717 2992 884 3064 BsnA,
916 3011 1084 3066 super
1110 2999 1266 3066 Lue.,
1301 2999 1338 3053 l.
1375 3017 1415 3069 1,
1449 3018 1498 3057 c.
1531 3003 1587 3056 2.

392 3074 561 3140 (Dist.
585 3077 676 3175 31,
700 3095 749 3134 c.
777 3082 1200 3157 Sacerdotibus.)
1223 3087 1636 3145 Sacerdotibus
1660 3094 1724 3145 ut
1745 3107 1977 3163 semper
2008 3109 2050 3175 C

318 3168 538 3232 queant
569 3165 736 3221 altari
777 3170 1072 3240 assistere,
1109 3190 1339 3244 semper
1369 3178 1440 3231 ab
1473 3179 1752 3234 uxoribus
1784 3181 1971 3235 absti-

319 3252 577 3306 nendum
611 3259 719 3322 est,
754 3259 996 3315 castitas
1027 3262 1393 3320 observanda
1435 3267 1788 3338 praecipitur.

386 3352 519 3406 CAP.
552 3351 743 3410 XCIII.
769 3357 1118 3440 Qui-divinis
1163 3365 1527 3419 sacramentis
1563 3367 1895 3440 inserviunt,

778 3432 1114 3487 continentes
1141 3451 1261 3490 esse
1288 3440 1512 3506 oportet.

732 3519 904 3573 Conc.
959 3535 999 3574 ιι
1049 3521 1344 3595 Carthag.,
1396 3541 1446 3580 c.
1497 3526 1552 3582 2.

385 3600 557 3670 (Dist.
601 3603 693 3670 31,
743 3622 794 3660 c.
854 3607 1205 3682 Episcopos.)
1268 3613 1606 3685 Episcopos,
1666 3615 1964 3687 diaconos,

315 3689 708 3759 presbyteros,
743 3693 821 3749 ita
861 3700 925 3750 ut
971 3698 1209 3768 placuit,
1242 3705 1306 3756 ut
1337 3703 1521 3773 decet,
1555 3712 1964 3764 sacrosanctos

314 3777 632 3850 antistites,
656 3786 755 3837 aut
787 3783 884 3838 Dei
915 3787 1246 3844 sacerdotes
1277 3793 1334 3844 et
1363 3790 1589 3859 levitas,
1622 3793 1709 3849 vel
1742 3795 1843 3867 qui
1874 3814 1965 3854 sa-

311 3869 630 3924 cramentis
663 3871 875 3928 divinis
908 3875 1256 3947 inserviunt,
1280 3880 1648 3938 continentes
1679 3883 1738 3938 in
1770 3887 1960 3941 omni-

312 3954 425 4009 bus
457 3972 586 4013 esse
616 3959 800 4017 decet.

313 4052 444 4111 CAP.
477 4056 673 4114 XCIV.
708 4059 1027 4118 Sacerdotes
1067 4075 1119 4120 et
1158 4066 1336 4122 levites
1375 4085 1505 4123 cum
1551 4072 1815 4129 uxoribus
1843 4075 1960 4130 suis

832 4136 1054 4190 misceri
1081 4152 1188 4192 non
1219 4139 1428 4195 debent.

349 4215 728 4274 Innocentius
762 4223 780 4276 Ι
813 4221 1023 4278 Victori
1056 4225 1235 4296 episc.
1271 4229 1542 4285 Rothom.
1577 4248 1668 4305 ep.
1691 4236 1747 4300 2,
1781 4251 1830 4289 ο.
1862 4236 1917 4291 9.

379 4306 548 4376 (Dist.
581 4309 670 4376 31,
703 4326 753 4364 c.
790 4312 990 4368 Tenere
1017 4315 1168 4370 debet
1200 4319 1486 4387 Ecclesia.)
1516 4321 1735 4378 Tenere
1782 4323 1955 4379 debet

305 4393 563 4449 Ecclesia
613 4397 971 4474 omnimodo,
1009 4408 1070 4458 ut
1115 4409 1448 4464 sacerdotes
1488 4417 1545 4464 et.
1583 4409 1767 4466 levitas
1815 4430 1949 4469 cum

2112 447 2201 504 vel
2241 467 2274 504 a
2315 454 2618 513 sacriﬁciis
2671 458 2882 514 divinis
2931 459 3019 516 vel
3067 479 3101 516 a
3152 462 3530 534 baptismatis
3581 447 3793 524 ofﬁcio

2110 544 2336 597 vacent.

2217 657 2346 714 CAP.
2374 657 2530 717 XCV.
2565 663 2671 730 Qui
2699 663 2770 739 ab
2809 665 3077 739 uxoribus
3116 666 3234 722 suis
3261 668 3564 739 abstinent,
3597 671 3672 726 ad

2579 736 2867 805 sacriﬁcia
2900 737 3291 794 admittuntur.

2384 819 2762 880 Innocentius
2793 825 3058 898 Exupero
3091 827 3272 899 episc.
3304 829 3489 885 Tolet.

2181 907 2349 978 (Dist.
2383 910 2474 980 31,
2505 929 2556 970 c.
2588 916 2692 969 Eos
2723 915 2794 970 ad
2835 916 3158 988 sacriﬁcia.)
3195 920 3306 974 Eos
3355 919 3425 974 ad
3477 921 3784 978 sacrificia

2109 992 2194 1049 fas
2225 995 2302 1051 sit
2334 998 2568 1055 admitti
2601 1001 2703 1073 qui
2755 1019 2869 1058 non
2903 1008 3233 1072 exerceant,
3267 1005 3352 1061 vel
3403 1006 3580 1064 etiam
3632 1025 3779 1065 cum

2109 1099 2308 1157 uxore,
2342 1088 2577 1146 carnale
2606 1091 2890 1147 ofﬁcium.

2106 1201 2235 1256 CAP.
2268 1203 2463 1259 XCVI.
2491 1205 2782 1282 Sacerdoti
2801 1209 2898 1263 cui
2919 1211 2995 1264 est
3019 1226 3236 1282 semper
3259 1211 3556 1279 orandum,
3575 1215 3782 1268 matri-

2487 1281 2673 1335 monio
2703 1296 2923 1352 semper
2951 1285 3033 1336 est
3061 1281 3380 1338 carendum.

2365 1363 2758 1439 Hieronymus
2788 1369 3067 1426 adversus
3099 1372 3500 1428 Jovinianum.

2175 1449 2460 1522 (Dist.31,
2509 1471 2558 1510 c.
2603 1457 2667 1512 Si
2720 1457 2942 1527 laicus.)
2973 1457 3030 1513 Si
3081 1459 3268 1516 laicus
3319 1465 3376 1516 et
3426 1463 3776 1535 quicunque

2105 1535 2294 1593 ﬁdelis
2326 1556 2494 1596 orare
2526 1560 2637 1598 non
2686 1549 2898 1616 potest,
2934 1545 3049 1601 nisi
3082 1553 3278 1603 careat
3328 1548 3524 1604 officio
3557 1553 3774 1621 conju-

2102 1625 2239 1696 gali,
2273 1631 2561 1686 sacerdoti
2586 1633 2676 1687 cui
2701 1649 2935 1706 semper
2955 1635 3251 1693 offerenda
3282 1642 3423 1692 sunt
3454 1638 3769 1709 sacrificia,

2103 1731 2338 1787 semper
2385 1721 2671 1777 orandum
2722 1727 2830 1779 est.
2883 1723 2940 1780 Si
2997 1742 3230 1798 semper
3278 1728 3598 1800 orandum,
3631 1744 3772 1799 ergo

2113 1820 2346 1878 semper
2374 1811 2694 1865 carendum
2725 1812 3120 1870 matrimonio.

2113 1923 2244 1976 CAP.
2279 1924 2502 1980 XCVII.
2535 1927 2651 1981 Non
2681 1927 2978 1984 ordinetur
3004 1930 3290 2000 diaconus,
3318 1933 3434 1987 nisi
3459 1933 3772 1986 castitatem

2685 2001 2858 2070 fuerit
2885 2005 3184 2072 professus.

2199 2081 2491 2140 Martinus
2523 2103 2676 2158 papa
2713 2087 2772 2142 in
2809 2088 2911 2144 lib.
2943 2091 3176 2164 Martini
3211 2091 3392 2164 episc.
3425 2095 3682 2164 Dracon,

2680 2175 2748 2214 ex
2778 2163 2985 2233 synod.
3010 2163 3191 2218 Graec.

2183 2249 2351 2322 (Dist.
2384 2254 2474 2325 27,
2509 2272 2560 2310 c.
2597 2257 2920 2329 Diaeonus.)
2955 2259 3244 2316 Diaconus
3283 2260 3385 2332 qui
3427 2261 3676 2334 eligitur,
3714 2263 3767 2318 si

2111 2344 2476 2398 contestatus
2518 2345 2690 2400 fuerit
2733 2364 2838 2418 pro
2887 2347 3226 2419 accipiendo
3274 2350 3672 2417 matrimonio,
3706 2357 3767 2406 et

2109 2427 2321 2484 dixerit
2351 2447 2465 2484 non
2516 2450 2684 2503 posse
2716 2436 2773 2489 in
2809 2435 3073 2491 castitate
3122 2453 3485 2508 permanere,
3520 2440 3615 2494 hic
3646 2457 3760 2495 non

2108 2517 2433 2574 ordinetur.
2458 2521 2620 2583 Quod
2654 2523 2703 2578 si
2734 2524 2792 2578 in
2822 2525 3192 2583 ordinatione
3223 2530 3499 2596 tacuerit,
3519 2532 3577 2583 et
3606 2530 3761 2584 ordi-

2107 2611 2282 2661 natus
2316 2609 2509 2677 fuerit,
2533 2615 2590 2665 et
2620 2617 2822 2683 postea
2854 2614 3297 2672 matrimonium
3321 2617 3758 2685 desideraverit,

2105 2694 2332 2752 alienus
2363 2697 2437 2753 sit
2467 2717 2501 2754 a
2533 2700 2883 2774 ministerio,
2918 2708 2974 2758 et
3003 2710 3166 2760 vacet
3194 2723 3229 2760 a
3257 2705 3432 2762 clero.

2102 2811 2239 2868 CAP.
2271 2812 2523 2894 XCVIII.
2555 2818 2976 2896 piaconuscum
2994 2835 3168 2896 uxore
3193 2837 3320 2891 sua,
3347 2831 3446 2877 aut
3474 2826 3756 2896 presbyter

2381 2885 2752 2958 incontinens,
2782 2890 2854 2944 ab
2883 2892 3063 2960 ofﬁcio
3093 2885 3461 2949 removeatur.

2265 2973 2579 3031 Hormisda
2608 2993 2760 3049 papa
2791 2979 2861 3033 ad
2894 2980 3152 3052 episcop.
3188 2998 3292 3054 per
3321 2983 3583 3053 provinc.

2162 3063 2331 3134 (Dist.
2370 3067 2419 3131 1,
2453 3083 2502 3122 c.
2536 3067 2597 3122 Si
2643 3070 2766 3139 quis
2815 3070 3126 3142 diaconus.)
3165 3073 3224 3128 Si
3283 3074 3418 3145 quis
3467 3076 3750 3132 diaconus

2087 3157 2189 3207 aut
2219 3155 2524 3228 presbyter
2553 3163 2685 3228 post
2714 3164 3014 3231 acceptam
3057 3161 3526 3219 benedictionem
3559 3164 3743 3220 leviti-

2081 3258 2232 3311 cam,
2267 3259 2401 3298 cum
2436 3262 2613 3301 uxore
2645 3263 2753 3302 sua
2797 3247 3172 3306 incontinens
3202 3250 3522 3323 invenitur,
3553 3254 3627 3310 ab
3657 3255 3744 3310 of-

2081 3330 2114 3384 ﬁ
2125 3330 2211 3385 cio
2240 3338 2625 3389 removeatur.

2149 3447 2282 3503 CAP.
2317 3449 2516 3505 XCIX.
2547 3450 3352 3582 Subdiaconustcpntinentiam
3381 3458 3670 3516 observare

2783 3541 2918 3582 onor
2947 3543 2976 3581 e
3005 3568 3018 3582 .

2783 3541 3018 3596 oportet.

2145 3607 2463 3680 Gregorius
2504 3612 2804 3668 Bonifacio
2838 3613 3016 3685 episc.
3052 3615 3189 3686 Reg.
3223 3615 3326 3672 lib.
3358 3635 3445 3686 ιη,
3483 3636 3573 3690 ep.
3608 3622 3661 3674 5.

2145 3697 2314 3762 (Dist.
2339 3698 2428 3768 32,
2453 3715 2504 3753 c.
2529 3699 2890 3757 Subdiaconis
2910 3703 3065 3774 tuis.)
3086 3703 3562 3763 Subdiaconibus
3589 3708 3725 3774 tuis,

2074 3784 2183 3839 hoc
2213 3787 2364 3856 quod
2399 3787 2470 3842 de
2502 3789 2756 3860 singulis
2788 3793 3131 3858 statuimus,
3155 3793 3518 3850 decrevimus
3539 3796 3732 3852 obser-

2072 3873 2214 3938 vari,
2249 3888 2354 3928 nec
2405 3875 2565 3930 illam
2604 3877 3015 3934 diffinitionem
3063 3886 3324 3936 nostram
3375 3885 3727 3956 cujusquam

2074 3964 2446 4018 contumacia
2478 3965 2662 4032 sinas,
2697 3972 2801 4022 aut
2838 3971 3166 4024 temeritate
3194 3973 3513 4044 corrumpi.

2131 4078 2266 4133 CAP.
2301 4079 2364 4134 C.
2395 4081 3092 4209 Subdiaconibt‘tiscarnate
3119 4086 3462 4142 connubium
3496 4090 3670 4145 inter-

2801 4166 3016 4209 "icitur.

2801 4166 2897 4209 Ιισι
2907 4166 3016 4210 tur.

2279 4240 2662 4296 Innocentius
2695 4243 3004 4299 Anastasio
3038 4245 3218 4316 episc.
3245 4245 3516 4302 Thessal.

2138 4327 2225 4381 Ad
2259 4328 2653 4385 exhibendum
2677 4335 2852 4386 tanta:
2876 4333 3142 4404 perfectas
3165 4335 3542 4390 continentiae
3568 4339 3727 4407 puri-

2073 4417 2256 4469 tatem
2294 4432 2397 4469 nec
2430 4417 2808 4472 subdiaconis
2833 4418 3071 4489 quidem
3101 4419 3334 4475 carnale
3362 4422 3725 4478 connubium

305 4482 430 4536 suis
460 4485 740 4543 uxoribus
775 4507 886 4544 non
921 4494 1299 4566 misceantur,
1325 4498 1462 4567 quia
1495 4497 1748 4555 ministri
1781 4497 1962 4580 divini:
1999 4483 2044 4545 Ῐ)
2078 4504 2437 4571 conceditur,
2473 4510 2535 4560 ut
2583 4510 2641 4561 et
2690 4507 2788 4577 qui
2839 4506 3076 4575 habent,
3111 4509 3229 4562 sint
3275 4514 3560 4580 tanquam
3612 4528 3724 4567 non

307 4572 667 4642 quotidianis
687 4581 1138 4638 necessitatibus
1160 4592 1540 4656 occupantur.
1560 4589 1855 4661 Scriptum
1877 4575 1970 4648 est

303 4661 457 4715 enim
490 4679 502 4717 :
529 4663 718 4720 Sancti
745 4673 937 4726 estote.
963 4672 1225 4742 quoniam
1255 4690 1350 4742 ego
1380 4681 1602 4731 sanctus
1625 4695 1746 4733 sum
1767 4680 1961 4750 (Levit‘

302 4754 380 4818 x1)
406 4750 690 4808 Dominus
711 4756 863 4813 Deus
882 4765 1091 4815 vester.
1108 4761 1249 4816 Nam
1273 4764 1484 4833 priscis
1507 4768 1872 4838 temporibus
1889 4771 1960 4825 de

303 4844 522 4912 templo
560 4845 678 4913 Dei,
702 4862 855 4902 anno
882 4848 1026 4903 vicis
1058 4866 1180 4905 suae
1206 4851 1276 4906 de
1311 4855 1526 4926 templo
1554 4872 1665 4911 non
1691 4857 1954 4914 discede-

301 4929 461 4996 bant,
487 4932 641 4989 sicut
689 4935 759 4990 de
808 4937 1088 4992 Zacharia
1141 4938 1390 5011 legimus
1419 4945 1563 5011 (Luc.
1601 4947 1662 5017 ι),
1696 4963 1799 5002 nec
1847 4949 1952 5003 do—

299 5036 459 5074 mum
495 5038 658 5077 suam
691 5025 932 5080 omnino
958 5027 1299 5096 tangebant.
1327 5031 1552 5096 Quibus
1585 5034 1785 5106 utique
1817 5052 1951 5107 pro-

295 5113 422 5178 pter
452 5110 673 5167 sobolis
705 5116 1139 5169 successionem
1169 5134 1312 5172 usus
1338 5121 1527 5175 fuerat
1559 5123 1950 5194 relaxatus,et

295 5196 432 5268 quia
454 5215 522 5254 ex
547 5200 660 5256 alia
681 5201 836 5256 tribu
863 5208 919 5257 et
952 5209 1337 5275 praeterquam
1371 5209 1440 5262 de
1471 5210 1698 5266 semine
1730 5219 1946 5285 Aaron,

295 5288 364 5340 ad
418 5291 810 5345 sacerdotium
867 5291 1065 5347 nullus
1118 5299 1440 5365 praeceptus
1492 5303 1617 5352 erat
1673 5303 1945 5359 accedere

295 5375 515 5442 [nullus
548 5382 814 5434 accedere
849 5383 1316 5455 permittebatur]
1348 5401 1360 5439 :
1395 5391 1613 5455 quanto
1665 5391 1852 5460 magis
1885 5393 1942 5447 hi

295 5465 627 5518 sacerdotes
648 5465 735 5519 vel
760 5466 963 5538 levius,
989 5471 1328 5541 pudicitiam
1353 5489 1420 5527 ex
1442 5474 1536 5529 die
1555 5477 1942 5538 ordinationis

291 5550 598 5606 observare
644 5555 875 5626 debent,
898 5558 1035 5627 quia
1063 5563 1149 5616 vel
1201 5564 1592 5620 sacerdotium
1625 5566 1712 5622 vel
1762 5568 1934 5626 mini-

2078 4591 2383 4660 habentes,
2415 4598 2471 4649 et
2500 4595 2598 4665 qui
2635 4613 2746 4650 non
2781 4595 3018 4665 habent,
3050 4596 3172 4651 sint
3201 4597 3550 4669 singulares.

2073 4705 2202 4762 CAP.
2232 4708 2318 4763 CI.
2354 4708 2621 4779 Beneﬁcio
2651 4719 2703 4765 et
2741 4710 2941 4786 ofﬁcio,
2971 4721 3216 4778 careant,
3248 4715 3347 4784 qui
3385 4719 3512 4786 post
3539 4715 3723 4770 diaco-

2522 4786 2718 4836 natum
2747 4782 3018 4838 uxoribus
3051 4782 3262 4838 vacant.

2325 4867 2596 4924 Urbanus
2627 4869 2695 4937 II,
2732 4871 2789 4924 in
2823 4871 3030 4942 synod.
3063 4872 3218 4943 apud
3253 4871 3457 4928 Melch.

2137 4955 2308 5025 (Dist.
2343 4958 2432 5019 33,
2467 4974 2517 5012 c.
2550 4960 2651 5012 Eos
2680 4958 2821 5029 qui.)
2854 4959 2964 5015 Eos
3011 4960 3108 5031 qui
3161 4965 3294 5030 post
3342 4961 3719 5020 diaconatum

2068 5047 2347 5101 uxoribus
2378 5063 2582 5103 vacare
2627 5048 2941 5114 voluerint,
2976 5051 3048 5105 ab
3092 5067 3246 5105 omni
3299 5067 3469 5106 sacro
3520 5055 3723 5109 ordine

2063 5149 2456 5201 rcmovemus,
2510 5137 2822 5207 ofﬁcioque
2880 5143 3053 5208 atque
3111 5138 3396 5194 beneﬁcio
3458 5141 3721 5198 Ecclesia

2061 5239 2259 5278 carere
2310 5225 2698 5280 decrevimus.
2733 5226 2894 5289 Quod
2930 5228 2974 5280 si
3019 5227 3089 5281 ab
3139 5228 3413 5298 episcopo
3461 5247 3720 5288 commo-

2057 5308 2164 5364 niti
2195 5329 2258 5367 se
2305 5330 2420 5368 non
2471 5315 2847 5380 correxerint,
2881 5315 3249 5386 principibus
3302 5317 3602 5376 licentiam
3637 5322 3693 5376 in

2054 5399 2394 5471 dulgemus,
2431 5406 2494 5456 ut
2525 5418 2725 5457 eorum
2773 5403 3018 5459 feminas
3051 5405 3392 5475 mancipent
3427 5409 3696 5464 servituti

2054 5488 2115 5542 Si
2147 5505 2280 5544 vero
2321 5490 2582 5562 episcopi
2613 5492 3022 5548 consenserint
3052 5509 3255 5548 eorum
3308 5496 3717 5567 pravitatibus,

2053 5576 2248 5648 ipsius
2280 5579 2456 5636 ofﬁcii
2489 5581 2899 5638 interdictione
2930 5581 3275 5637 multentur.
