  <div class='ocr_page' id='page_1' title='image "/cluster/home/n/w/nwhite01/storage/ocr_20150623/161/hvd.32044054760194/622.png"; bbox 0 0 4000 6054; ppageno 0'>
   <div class='ocr_carea' id='block_1_1' title="bbox 261 280 400 341">
    <p class='ocr_par' dir='ltr' id='par_1_1' title="bbox 261 280 400 341">
     <span class='ocr_line' id='line_1_1' title="bbox 261 280 400 341; baseline -0.043 0"><span class='ocrx_word' id='word_1_1' title='bbox 261 280 400 341; x_wconf 87' lang='grc'>1153</span> 
     </span>
    </p>
   </div>
   <div class='ocr_carea' id='block_1_2' title="bbox 1561 279 2368 338">
    <p class='ocr_par' dir='ltr' id='par_1_2' title="bbox 1561 279 2368 338">
     <span class='ocr_line' id='line_1_2' title="bbox 1561 279 2368 338; baseline -0.011 -2"><span class='ocrx_word' id='word_1_2' title='bbox 1561 282 1961 338; x_wconf 81' lang='lat' dir='ltr'>PANORMIA.</span> <span class='ocrx_word' id='word_1_3' title='bbox 1999 306 2068 317; x_wconf 86' lang='lat'>--</span> <span class='ocrx_word' id='word_1_4' title='bbox 2098 280 2228 331; x_wconf 88' lang='lat' dir='ltr'>LIB.</span> <span class='ocrx_word' id='word_1_5' title='bbox 2271 279 2368 333; x_wconf 87' lang='lat' dir='ltr'><strong>III.</strong></span> 
     </span>
    </p>
   </div>
   <div class='ocr_carea' id='block_1_3' title="bbox 3536 292 3675 362">
    <p class='ocr_par' dir='ltr' id='par_1_3' title="bbox 3536 292 3675 362">
     <span class='ocr_line' id='line_1_3' title="bbox 3536 292 3675 362; baseline 0.007 -17"><span class='ocrx_word' id='word_1_6' title='bbox 3536 292 3675 362; x_wconf 67' lang='lat'>1154</span> 
     </span>
    </p>
   </div>
   <div class='ocr_carea' id='block_1_4' title="bbox 258 400 3655 477">
    <p class='ocr_par' dir='ltr' id='par_1_4' title="bbox 258 400 3655 477">
     <span class='ocr_line' id='line_1_4' title="bbox 258 400 3655 477; baseline 0.003 -16"><span class='ocrx_word' id='word_1_7' title='bbox 258 408 391 462; x_wconf 78' lang='lat' dir='ltr'>CAP.</span> <span class='ocrx_word' id='word_1_8' title='bbox 426 405 536 460; x_wconf 90' lang='lat' dir='ltr'><strong>CII.</strong></span> <span class='ocrx_word' id='word_1_9' title='bbox 588 405 693 473; x_wconf 85' lang='lat' dir='ltr'>Qui</span> <span class='ocrx_word' id='word_1_10' title='bbox 746 421 980 477; x_wconf 78' lang='lat' dir='ltr'>uxorem</span> <span class='ocrx_word' id='word_1_11' title='bbox 1022 406 1217 461; x_wconf 85' lang='lat' dir='ltr'>ducere</span> <span class='ocrx_word' id='word_1_12' title='bbox 1246 407 1457 476; x_wconf 86' lang='lat' dir='ltr'>volunt,</span> <span class='ocrx_word' id='word_1_13' title='bbox 1487 414 1619 462; x_wconf 92' lang='lat' dir='ltr'>ante</span> <span class='ocrx_word' id='word_1_14' title='bbox 1650 404 1900 461; x_wconf 76' lang='lat' dir='ltr'>ordinem</span> <span class='ocrx_word' id='word_1_15' title='bbox 1930 411 1981 477; x_wconf 77' lang='grc' dir='ltr'><strong>Α</strong></span> <span class='ocrx_word' id='word_1_16' title='bbox 2012 404 2128 457; x_wconf 84' lang='lat' dir='ltr'>test</span> <span class='ocrx_word' id='word_1_17' title='bbox 2156 400 2283 456; x_wconf 85' lang='lat' dir='ltr'>sine</span> <span class='ocrx_word' id='word_1_18' title='bbox 2307 416 2596 457; x_wconf 90' lang='lat' dir='ltr'>consensu</span> <span class='ocrx_word' id='word_1_19' title='bbox 2626 403 2821 459; x_wconf 85' lang='lat' dir='ltr'>uxoris</span> <span class='ocrx_word' id='word_1_20' title='bbox 2852 422 2993 473; x_wconf 68' lang='lat' dir='ltr'>suae,</span> <span class='ocrx_word' id='word_1_21' title='bbox 3061 411 3123 462; x_wconf 92' lang='lat' dir='ltr'>ut</span> <span class='ocrx_word' id='word_1_22' title='bbox 3181 409 3282 464; x_wconf 81' lang='lat' dir='ltr'>fiat</span> <span class='ocrx_word' id='word_1_23' title='bbox 3339 412 3408 468; x_wconf 88' lang='lat' dir='ltr'>de</span> <span class='ocrx_word' id='word_1_24' title='bbox 3433 416 3655 471; x_wconf 84' lang='lat' dir='ltr'>carnali</span> 
     </span>
    </p>
   </div>
   <div class='ocr_carea' id='block_1_5' title="bbox 669 476 1491 548">
    <p class='ocr_par' dir='ltr' id='par_1_5' title="bbox 669 476 1491 548">
     <span class='ocr_line' id='line_1_5' title="bbox 669 476 1491 548; baseline 0.004 -18"><span class='ocrx_word' id='word_1_25' title='bbox 669 476 1101 532; x_wconf 89' lang='lat' dir='ltr'>subdiaconatus</span> <span class='ocrx_word' id='word_1_26' title='bbox 1130 477 1229 533; x_wconf 92' lang='lat' dir='ltr'>hoc</span> <span class='ocrx_word' id='word_1_27' title='bbox 1255 478 1491 548; x_wconf 80' lang='lat' dir='ltr'>faciant.</span> 
     </span>
    </p>
   </div>
   <div class='ocr_carea' id='block_1_6' title="bbox 765 566 1420 634">
    <p class='ocr_par' dir='ltr' id='par_1_6' title="bbox 765 566 1420 634">
     <span class='ocr_line' id='line_1_6' title="bbox 765 566 1420 634; baseline 0.002 -15"><span class='ocrx_word' id='word_1_28' title='bbox 765 566 939 620; x_wconf 87' lang='lat' dir='ltr'>Sexta</span> <span class='ocrx_word' id='word_1_29' title='bbox 972 566 1252 634; x_wconf 86' lang='lat' dir='ltr'>synodus,</span> <span class='ocrx_word' id='word_1_30' title='bbox 1289 583 1338 622; x_wconf 93' lang='lat' dir='ltr'>c.</span> <span class='ocrx_word' id='word_1_31' title='bbox 1365 568 1420 620; x_wconf 88' lang='lat'>7.</span> 
     </span>
    </p>
   </div>
   <div class='ocr_carea' id='block_1_7' title="bbox 331 652 1913 729">
    <p class='ocr_par' dir='ltr' id='par_1_7' title="bbox 331 652 1913 729">
     <span class='ocr_line' id='line_1_7' title="bbox 331 652 1913 729; baseline -0.003 -18"><span class='ocrx_word' id='word_1_32' title='bbox 331 656 481 729; x_wconf 90' lang='lat' dir='ltr'>(Dist</span> <span class='ocrx_word' id='word_1_33' title='bbox 510 656 601 723; x_wconf 88' lang='lat'>32,</span> <span class='ocrx_word' id='word_1_34' title='bbox 636 672 689 713; x_wconf 80' lang='grc' dir='ltr'><strong>ο.</strong></span> <span class='ocrx_word' id='word_1_35' title='bbox 717 654 783 710; x_wconf 86' lang='lat' dir='ltr'>Si</span> <span class='ocrx_word' id='word_1_36' title='bbox 812 654 983 725; x_wconf 89' lang='lat' dir='ltr'>quis.)</span> <span class='ocrx_word' id='word_1_37' title='bbox 1035 653 1091 707; x_wconf 85' lang='lat' dir='ltr'>Si</span> <span class='ocrx_word' id='word_1_38' title='bbox 1123 654 1257 725; x_wconf 86' lang='lat' dir='ltr'>quis</span> <span class='ocrx_word' id='word_1_39' title='bbox 1307 671 1508 710; x_wconf 91' lang='lat' dir='ltr'>eorum</span> <span class='ocrx_word' id='word_1_40' title='bbox 1560 653 1661 725; x_wconf 87' lang='lat' dir='ltr'>qui</span> <span class='ocrx_word' id='word_1_41' title='bbox 1693 654 1764 709; x_wconf 90' lang='lat' dir='ltr'>ad</span> <span class='ocrx_word' id='word_1_42' title='bbox 1798 652 1913 707; x_wconf 91' lang='lat' dir='ltr'>cle-</span> 
     </span>
    </p>
   </div>
   <div class='ocr_carea' id='block_1_8' title="bbox 262 741 1915 815">
    <p class='ocr_par' dir='ltr' id='par_1_8' title="bbox 262 741 1915 815">
     <span class='ocr_line' id='line_1_8' title="bbox 262 741 1915 815; baseline -0.004 -15"><span class='ocrx_word' id='word_1_43' title='bbox 262 761 393 800; x_wconf 91' lang='lat' dir='ltr'>rum</span> <span class='ocrx_word' id='word_1_44' title='bbox 424 743 734 808; x_wconf 87' lang='lat' dir='ltr'>accedunt,</span> <span class='ocrx_word' id='word_1_45' title='bbox 762 742 1073 797; x_wconf 87' lang='lat' dir='ltr'>voluerunt</span> <span class='ocrx_word' id='word_1_46' title='bbox 1103 741 1352 814; x_wconf 83' lang='lat' dir='ltr'>nuptiali</span> <span class='ocrx_word' id='word_1_47' title='bbox 1376 742 1501 815; x_wconf 85' lang='lat' dir='ltr'>lege</span> <span class='ocrx_word' id='word_1_48' title='bbox 1524 741 1796 797; x_wconf 82' lang='lat' dir='ltr'>muliebri</span> <span class='ocrx_word' id='word_1_49' title='bbox 1821 756 1915 795; x_wconf 91' lang='lat' dir='ltr'>co-</span> 
     </span>
    </p>
   </div>
   <div class='ocr_carea' id='block_1_9' title="bbox 262 830 1841 905">
    <p class='ocr_par' dir='ltr' id='par_1_9' title="bbox 262 830 1841 905">
     <span class='ocr_line' id='line_1_9' title="bbox 262 830 1841 905; baseline -0.003 -17"><span class='ocrx_word' id='word_1_50' title='bbox 262 834 474 905; x_wconf 90' lang='lat' dir='ltr'>pulari,</span> <span class='ocrx_word' id='word_1_51' title='bbox 507 831 615 888; x_wconf 91' lang='lat' dir='ltr'>hoc</span> <span class='ocrx_word' id='word_1_52' title='bbox 643 837 779 887; x_wconf 74' lang='lat' dir='ltr'>ante</span> <span class='ocrx_word' id='word_1_53' title='bbox 809 830 1077 886; x_wconf 86' lang='lat' dir='ltr'>ordinem</span> <span class='ocrx_word' id='word_1_54' title='bbox 1110 831 1575 887; x_wconf 90' lang='lat' dir='ltr'>subdiaconatus</span> <span class='ocrx_word' id='word_1_55' title='bbox 1607 830 1841 885; x_wconf 78' lang='lat' dir='ltr'>faciant.</span> 
     </span>
    </p>
   </div>
   <div class='ocr_carea' id='block_1_10' title="bbox 259 928 1915 998">
    <p class='ocr_par' dir='ltr' id='par_1_10' title="bbox 259 928 1915 998">
     <span class='ocr_line' id='line_1_10' title="bbox 259 928 1915 998; baseline -0.002 -11"><span class='ocrx_word' id='word_1_56' title='bbox 259 932 394 987; x_wconf 88' lang='lat' dir='ltr'>CAP.</span> <span class='ocrx_word' id='word_1_57' title='bbox 427 930 572 985; x_wconf 86' lang='lat' dir='ltr'>CIII.</span> <span class='ocrx_word' id='word_1_58' title='bbox 630 928 972 985; x_wconf 75' lang='lat' dir='ltr'>Excludendi</span> <span class='ocrx_word' id='word_1_59' title='bbox 1022 936 1151 984; x_wconf 88' lang='lat' dir='ltr'>sunt</span> <span class='ocrx_word' id='word_1_60' title='bbox 1179 946 1217 985; x_wconf 90' lang='lat' dir='ltr'>a</span> <span class='ocrx_word' id='word_1_61' title='bbox 1246 946 1475 985; x_wconf 86' lang='lat' dir='ltr'>suorum</span> <span class='ocrx_word' id='word_1_62' title='bbox 1519 929 1798 998; x_wconf 88' lang='lat' dir='ltr'>graduum</span> <span class='ocrx_word' id='word_1_63' title='bbox 1824 930 1915 983; x_wconf 88' lang='lat' dir='ltr'>di-</span> 
     </span>
    </p>
   </div>
   <div class='ocr_carea' id='block_1_11' title="bbox 328 1000 1914 1072">
    <p class='ocr_par' dir='ltr' id='par_1_11' title="bbox 328 1000 1914 1072">
     <span class='ocr_line' id='line_1_11' title="bbox 328 1000 1914 1072; baseline -0.001 -15"><span class='ocrx_word' id='word_1_64' title='bbox 328 1002 563 1072; x_wconf 86' lang='lat' dir='ltr'>gnitate,</span> <span class='ocrx_word' id='word_1_65' title='bbox 592 1000 941 1066; x_wconf 88' lang='lat' dir='ltr'>subdiaconi,</span> <span class='ocrx_word' id='word_1_66' title='bbox 970 1006 1025 1055; x_wconf 82' lang='lat' dir='ltr'>et</span> <span class='ocrx_word' id='word_1_67' title='bbox 1048 1000 1301 1072; x_wconf 78' lang='lat' dir='ltr'>deinceps</span> <span class='ocrx_word' id='word_1_68' title='bbox 1331 1002 1381 1056; x_wconf 92' lang='lat' dir='ltr'>si</span> <span class='ocrx_word' id='word_1_69' title='bbox 1411 1001 1750 1057; x_wconf 78' lang='lat' dir='ltr'>continentes</span> <span class='ocrx_word' id='word_1_70' title='bbox 1774 1016 1914 1055; x_wconf 86' lang='lat' dir='ltr'>esse-</span> 
     </span>
    </p>
   </div>
   <div class='ocr_carea' id='block_1_12' title="bbox 332 1076 1519 1214">
    <p class='ocr_par' dir='ltr' id='par_1_12' title="bbox 332 1076 1519 1214">
     <span class='ocr_line' id='line_1_12' title="bbox 332 1076 1519 1214; baseline 0 -15"><span class='ocrx_word' id='word_1_71' title='bbox 332 1076 544 1129; x_wconf 48' lang='lat' dir='ltr'>nomm.</span> <span class='ocrx_word' id='word_1_72' title='bbox 651 1142 955 1199; x_wconf 90' lang='lat' dir='ltr'>Dominico</span> <span class='ocrx_word' id='word_1_73' title='bbox 980 1143 1315 1214; x_wconf 79' lang='lat' dir='ltr'>patriarcha</span> <span class='ocrx_word' id='word_1_74' title='bbox 1342 1144 1519 1200; x_wconf 90' lang='lat' dir='ltr'>Grad.</span> 
     </span>
    </p>
   </div>
   <div class='ocr_carea' id='block_1_13' title="bbox 330 1232 1916 1305">
    <p class='ocr_par' dir='ltr' id='par_1_13' title="bbox 330 1232 1916 1305">
     <span class='ocr_line' id='line_1_13' title="bbox 330 1232 1916 1305; baseline -0.001 -17"><span class='ocrx_word' id='word_1_75' title='bbox 330 1232 479 1305; x_wconf 88' lang='lat' dir='ltr'>(Dist</span> <span class='ocrx_word' id='word_1_76' title='bbox 536 1234 628 1303; x_wconf 88' lang='lat'>32,</span> <span class='ocrx_word' id='word_1_77' title='bbox 690 1249 739 1287; x_wconf 90' lang='lat' dir='ltr'>c.</span> <span class='ocrx_word' id='word_1_78' title='bbox 794 1232 1173 1303; x_wconf 84' lang='lat' dir='ltr'>Erubescant.)</span> <span class='ocrx_word' id='word_1_79' title='bbox 1228 1234 1591 1289; x_wconf 88' lang='lat' dir='ltr'>Erubescant</span> <span class='ocrx_word' id='word_1_80' title='bbox 1638 1233 1825 1305; x_wconf 89' lang='lat' dir='ltr'>impii,</span> <span class='ocrx_word' id='word_1_81' title='bbox 1859 1235 1916 1288; x_wconf 91' lang='lat' dir='ltr'>et</span> 
     </span>
    </p>
   </div>
   <div class='ocr_carea' id='block_1_14' title="bbox 260 1320 1913 1394">
    <p class='ocr_par' dir='ltr' id='par_1_14' title="bbox 260 1320 1913 1394">
     <span class='ocr_line' id='line_1_14' title="bbox 260 1320 1913 1394; baseline -0.001 -16"><span class='ocrx_word' id='word_1_82' title='bbox 260 1327 460 1394; x_wconf 82' lang='lat' dir='ltr'>aperte</span> <span class='ocrx_word' id='word_1_83' title='bbox 478 1338 585 1378; x_wconf 89' lang='lat' dir='ltr'>nos</span> <span class='ocrx_word' id='word_1_84' title='bbox 602 1320 956 1393; x_wconf 83' lang='lat' dir='ltr'>intelligant,</span> <span class='ocrx_word' id='word_1_85' title='bbox 978 1320 1198 1390; x_wconf 86' lang='lat' dir='ltr'>judicio</span> <span class='ocrx_word' id='word_1_86' title='bbox 1222 1322 1477 1394; x_wconf 91' lang='lat' dir='ltr'>Spiritus</span> <span class='ocrx_word' id='word_1_87' title='bbox 1492 1322 1677 1378; x_wconf 82' lang='lat' dir='ltr'>sancti</span> <span class='ocrx_word' id='word_1_88' title='bbox 1700 1339 1800 1378; x_wconf 90' lang='lat' dir='ltr'>eos</span> <span class='ocrx_word' id='word_1_89' title='bbox 1813 1322 1913 1394; x_wconf 90' lang='lat' dir='ltr'>qui</span> 
     </span>
    </p>
   </div>
   <div class='ocr_carea' id='block_1_15' title="bbox 260 1410 1911 1483">
    <p class='ocr_par' dir='ltr' id='par_1_15' title="bbox 260 1410 1911 1483">
     <span class='ocr_line' id='line_1_15' title="bbox 260 1410 1911 1483; baseline 0 -18"><span class='ocrx_word' id='word_1_90' title='bbox 260 1411 319 1466; x_wconf 89' lang='lat' dir='ltr'>in</span> <span class='ocrx_word' id='word_1_91' title='bbox 354 1410 543 1466; x_wconf 89' lang='lat' dir='ltr'>tribus</span> <span class='ocrx_word' id='word_1_92' title='bbox 573 1410 755 1466; x_wconf 91' lang='lat' dir='ltr'>sacris</span> <span class='ocrx_word' id='word_1_93' title='bbox 786 1410 1071 1482; x_wconf 84' lang='lat' dir='ltr'>gradibus</span> <span class='ocrx_word' id='word_1_94' title='bbox 1114 1412 1543 1483; x_wconf 85' lang='lat' dir='ltr'>presbyteratu,</span> <span class='ocrx_word' id='word_1_95' title='bbox 1578 1412 1911 1479; x_wconf 86' lang='lat' dir='ltr'>diaconatu,</span> 
     </span>
    </p>
   </div>
   <div class='ocr_carea' id='block_1_16' title="bbox 263 1498 1914 1571">
    <p class='ocr_par' dir='ltr' id='par_1_16' title="bbox 263 1498 1914 1571">
     <span class='ocr_line' id='line_1_16' title="bbox 263 1498 1914 1571; baseline 0 -16"><span class='ocrx_word' id='word_1_96' title='bbox 263 1500 690 1555; x_wconf 88' lang='lat' dir='ltr'>subdiaconatu</span> <span class='ocrx_word' id='word_1_97' title='bbox 718 1498 920 1570; x_wconf 90' lang='lat' dir='ltr'>positi,</span> <span class='ocrx_word' id='word_1_98' title='bbox 946 1498 1325 1555; x_wconf 86' lang='lat' dir='ltr'>mulierculas</span> <span class='ocrx_word' id='word_1_99' title='bbox 1350 1517 1463 1555; x_wconf 92' lang='lat' dir='ltr'>non</span> <span class='ocrx_word' id='word_1_100' title='bbox 1490 1500 1832 1571; x_wconf 83' lang='lat' dir='ltr'>abjecerint,</span> <span class='ocrx_word' id='word_1_101' title='bbox 1856 1504 1914 1555; x_wconf 90' lang='lat' dir='ltr'>et</span> 
     </span>
    </p>
   </div>
   <div class='ocr_carea' id='block_1_17' title="bbox 263 1587 1913 1659">
    <p class='ocr_par' dir='ltr' id='par_1_17' title="bbox 263 1587 1913 1659">
     <span class='ocr_line' id='line_1_17' title="bbox 263 1587 1913 1659; baseline 0 -14"><span class='ocrx_word' id='word_1_102' title='bbox 263 1594 422 1645; x_wconf 86' lang='lat' dir='ltr'>caste</span> <span class='ocrx_word' id='word_1_103' title='bbox 480 1605 597 1645; x_wconf 93' lang='lat' dir='ltr'>non</span> <span class='ocrx_word' id='word_1_104' title='bbox 654 1587 924 1659; x_wconf 79' lang='lat' dir='ltr'>vixerint,</span> <span class='ocrx_word' id='word_1_105' title='bbox 971 1588 1276 1644; x_wconf 86' lang='lat' dir='ltr'>excludere</span> <span class='ocrx_word' id='word_1_106' title='bbox 1306 1589 1377 1643; x_wconf 91' lang='lat' dir='ltr'>ab</span> <span class='ocrx_word' id='word_1_107' title='bbox 1408 1590 1743 1645; x_wconf 89' lang='lat' dir='ltr'>eorumdem</span> <span class='ocrx_word' id='word_1_108' title='bbox 1776 1607 1913 1659; x_wconf 80' lang='lat' dir='ltr'>gra-</span> 
     </span>
    </p>
   </div>
   <div class='ocr_carea' id='block_1_18' title="bbox 264 1676 1906 1751">
    <p class='ocr_par' dir='ltr' id='par_1_18' title="bbox 264 1676 1906 1751">
     <span class='ocr_line' id='line_1_18' title="bbox 264 1676 1906 1751; baseline 0.001 -19"><span class='ocrx_word' id='word_1_109' title='bbox 264 1678 448 1733; x_wconf 92' lang='lat' dir='ltr'>duum</span> <span class='ocrx_word' id='word_1_110' title='bbox 497 1676 800 1749; x_wconf 81' lang='lat' dir='ltr'>dignitate.</span> <span class='ocrx_word' id='word_1_111' title='bbox 834 1676 914 1732; x_wconf 89' lang='lat' dir='ltr'>De</span> <span class='ocrx_word' id='word_1_112' title='bbox 945 1676 1274 1734; x_wconf 85' lang='lat' dir='ltr'>manifestis</span> <span class='ocrx_word' id='word_1_113' title='bbox 1306 1678 1543 1751; x_wconf 88' lang='lat' dir='ltr'>quidem</span> <span class='ocrx_word' id='word_1_114' title='bbox 1590 1680 1906 1750; x_wconf 89' lang='lat' dir='ltr'>loquimur.</span> 
     </span>
    </p>
   </div>
   <div class='ocr_carea' id='block_1_19' title="bbox 260 1766 1773 1839">
    <p class='ocr_par' dir='ltr' id='par_1_19' title="bbox 260 1766 1773 1839">
     <span class='ocr_line' id='line_1_19' title="bbox 260 1766 1773 1839; baseline 0.001 -18"><span class='ocrx_word' id='word_1_115' title='bbox 260 1772 631 1823; x_wconf 83' lang='lat' dir='ltr'>Secretorum</span> <span class='ocrx_word' id='word_1_116' title='bbox 663 1771 860 1823; x_wconf 89' lang='lat' dir='ltr'>autem</span> <span class='ocrx_word' id='word_1_117' title='bbox 895 1766 1157 1837; x_wconf 85' lang='lat' dir='ltr'>cognitor</span> <span class='ocrx_word' id='word_1_118' title='bbox 1189 1772 1247 1823; x_wconf 91' lang='lat' dir='ltr'>et</span> <span class='ocrx_word' id='word_1_119' title='bbox 1269 1768 1451 1839; x_wconf 87' lang='lat' dir='ltr'>judex</span> <span class='ocrx_word' id='word_1_120' title='bbox 1482 1772 1571 1823; x_wconf 91' lang='lat' dir='ltr'>est</span> <span class='ocrx_word' id='word_1_121' title='bbox 1600 1773 1773 1823; x_wconf 90' lang='lat' dir='ltr'>Deus.</span> 
     </span>
    </p>
   </div>
   <div class='ocr_carea' id='block_1_20' title="bbox 259 1855 1912 1930">
    <p class='ocr_par' dir='ltr' id='par_1_20' title="bbox 259 1855 1912 1930">
     <span class='ocr_line' id='line_1_20' title="bbox 259 1855 1912 1930; baseline 0 -17"><span class='ocrx_word' id='word_1_122' title='bbox 259 1857 389 1913; x_wconf 82' lang='lat' dir='ltr'>CAP.</span> <span class='ocrx_word' id='word_1_123' title='bbox 420 1859 556 1914; x_wconf 86' lang='lat' dir='ltr'><strong>CIV.</strong></span> <span class='ocrx_word' id='word_1_124' title='bbox 590 1856 669 1911; x_wconf 81' lang='lat' dir='ltr'>Ad</span> <span class='ocrx_word' id='word_1_125' title='bbox 696 1872 877 1912; x_wconf 86' lang='lat' dir='ltr'>sacros</span> <span class='ocrx_word' id='word_1_126' title='bbox 933 1855 1154 1930; x_wconf 85' lang='lat' dir='ltr'>ordines</span> <span class='ocrx_word' id='word_1_127' title='bbox 1186 1873 1295 1912; x_wconf 89' lang='lat' dir='ltr'>non</span> <span class='ocrx_word' id='word_1_128' title='bbox 1339 1858 1577 1927; x_wconf 76' lang='lat' dir='ltr'>accedat,</span> <span class='ocrx_word' id='word_1_129' title='bbox 1618 1857 1732 1913; x_wconf 92' lang='lat' dir='ltr'>nisi</span> <span class='ocrx_word' id='word_1_130' title='bbox 1759 1858 1912 1930; x_wconf 86' lang='lat' dir='ltr'>virgo</span> 
     </span>
    </p>
   </div>
   <div class='ocr_carea' id='block_1_21' title="bbox 736 1929 1432 2000">
    <p class='ocr_par' dir='ltr' id='par_1_21' title="bbox 736 1929 1432 2000">
     <span class='ocr_line' id='line_1_21' title="bbox 736 1929 1432 2000; baseline 0 -17"><span class='ocrx_word' id='word_1_131' title='bbox 736 1932 835 1983; x_wconf 88' lang='lat' dir='ltr'>aut</span> <span class='ocrx_word' id='word_1_132' title='bbox 858 1929 1112 2000; x_wconf 73' lang='lat' dir='ltr'>probatae</span> <span class='ocrx_word' id='word_1_133' title='bbox 1140 1930 1432 1985; x_wconf 70' lang='lat' dir='ltr'>castitatis.</span> 
     </span>
    </p>
   </div>
   <div class='ocr_carea' id='block_1_22' title="bbox 636 2016 1542 2090">
    <p class='ocr_par' dir='ltr' id='par_1_22' title="bbox 636 2016 1542 2090">
     <span class='ocr_line' id='line_1_22' title="bbox 636 2016 1542 2090; baseline 0 -17"><span class='ocrx_word' id='word_1_134' title='bbox 636 2017 907 2073; x_wconf 79' lang='lat' dir='ltr'>Urbanus</span> <span class='ocrx_word' id='word_1_135' title='bbox 934 2017 1005 2084; x_wconf 91' lang='lat' dir='ltr'><strong>II,</strong></span> <span class='ocrx_word' id='word_1_136' title='bbox 1040 2016 1098 2072; x_wconf 93' lang='lat' dir='ltr'>in</span> <span class='ocrx_word' id='word_1_137' title='bbox 1127 2018 1333 2090; x_wconf 81' lang='lat' dir='ltr'>synod.</span> <span class='ocrx_word' id='word_1_138' title='bbox 1368 2016 1542 2074; x_wconf 84' lang='lat' dir='ltr'>Meld.</span> 
     </span>
    </p>
   </div>
   <div class='ocr_carea' id='block_1_23' title="bbox 330 2106 1912 2180">
    <p class='ocr_par' dir='ltr' id='par_1_23' title="bbox 330 2106 1912 2180">
     <span class='ocr_line' id='line_1_23' title="bbox 330 2106 1912 2180; baseline 0.001 -18"><span class='ocrx_word' id='word_1_139' title='bbox 330 2107 495 2180; x_wconf 64' lang='lat' dir='ltr'>,Dist.</span> <span class='ocrx_word' id='word_1_140' title='bbox 555 2107 646 2177; x_wconf 88' lang='lat'>32,</span> <span class='ocrx_word' id='word_1_141' title='bbox 706 2124 755 2162; x_wconf 92' lang='lat' dir='ltr'>c.</span> <span class='ocrx_word' id='word_1_142' title='bbox 790 2108 1007 2175; x_wconf 85' lang='lat' dir='ltr'>Nemo.)</span> <span class='ocrx_word' id='word_1_143' title='bbox 1044 2106 1224 2165; x_wconf 85' lang='lat' dir='ltr'>Nemo</span> <span class='ocrx_word' id='word_1_144' title='bbox 1257 2108 1325 2162; x_wconf 91' lang='lat' dir='ltr'>ad</span> <span class='ocrx_word' id='word_1_145' title='bbox 1381 2124 1613 2163; x_wconf 89' lang='lat' dir='ltr'>sacrum</span> <span class='ocrx_word' id='word_1_146' title='bbox 1647 2108 1912 2164; x_wconf 90' lang='lat' dir='ltr'>ordinem</span> 
     </span>
    </p>
   </div>
   <div class='ocr_carea' id='block_1_24' title="bbox 262 2195 1912 2269">
    <p class='ocr_par' dir='ltr' id='par_1_24' title="bbox 262 2195 1912 2269">
     <span class='ocr_line' id='line_1_24' title="bbox 262 2195 1912 2269; baseline 0.001 -17"><span class='ocrx_word' id='word_1_147' title='bbox 262 2198 639 2268; x_wconf 84' lang='lat' dir='ltr'>permittatur</span> <span class='ocrx_word' id='word_1_148' title='bbox 694 2197 990 2261; x_wconf 90' lang='lat' dir='ltr'>accedere,</span> <span class='ocrx_word' id='word_1_149' title='bbox 1048 2196 1160 2252; x_wconf 90' lang='lat' dir='ltr'>nisi</span> <span class='ocrx_word' id='word_1_150' title='bbox 1206 2200 1307 2251; x_wconf 90' lang='lat' dir='ltr'>aut</span> <span class='ocrx_word' id='word_1_151' title='bbox 1334 2195 1496 2268; x_wconf 89' lang='lat' dir='ltr'>virgo</span> <span class='ocrx_word' id='word_1_152' title='bbox 1526 2201 1629 2253; x_wconf 88' lang='lat' dir='ltr'>aut</span> <span class='ocrx_word' id='word_1_153' title='bbox 1658 2198 1912 2269; x_wconf 66' lang='lat' dir='ltr'>probatas</span> 
     </span>
    </p>
   </div>
   <div class='ocr_carea' id='block_1_25' title="bbox 262 2284 1915 2357">
    <p class='ocr_par' dir='ltr' id='par_1_25' title="bbox 262 2284 1915 2357">
     <span class='ocr_line' id='line_1_25' title="bbox 262 2284 1915 2357; baseline 0.001 -16"><span class='ocrx_word' id='word_1_154' title='bbox 262 2287 646 2354; x_wconf 87' lang='lat' dir='ltr'>castitatis,et</span> <span class='ocrx_word' id='word_1_155' title='bbox 669 2286 769 2357; x_wconf 91' lang='lat' dir='ltr'>qui</span> <span class='ocrx_word' id='word_1_156' title='bbox 792 2303 861 2341; x_wconf 90' lang='lat' dir='ltr'>us</span> <span class='ocrx_word' id='word_1_157' title='bbox 875 2302 990 2357; x_wconf 89' lang='lat' dir='ltr'>que</span> <span class='ocrx_word' id='word_1_158' title='bbox 1012 2302 1078 2341; x_wconf 91' lang='lat' dir='ltr'>ac</span> <span class='ocrx_word' id='word_1_159' title='bbox 1102 2284 1591 2341; x_wconf 87' lang='lat' dir='ltr'>subdiaconatum</span> <span class='ocrx_word' id='word_1_160' title='bbox 1614 2287 1843 2343; x_wconf 90' lang='lat' dir='ltr'>unicam</span> <span class='ocrx_word' id='word_1_161' title='bbox 1858 2292 1915 2343; x_wconf 87' lang='lat' dir='ltr'>et</span> 
     </span>
    </p>
   </div>
   <div class='ocr_carea' id='block_1_26' title="bbox 263 2374 1133 2446">
    <p class='ocr_par' dir='ltr' id='par_1_26' title="bbox 263 2374 1133 2446">
     <span class='ocr_line' id='line_1_26' title="bbox 263 2374 1133 2446; baseline 0.001 -18"><span class='ocrx_word' id='word_1_162' title='bbox 263 2375 547 2446; x_wconf 80' lang='lat' dir='ltr'>virginem</span> <span class='ocrx_word' id='word_1_163' title='bbox 574 2391 814 2430; x_wconf 86' lang='lat' dir='ltr'>uxorem</span> <span class='ocrx_word' id='word_1_164' title='bbox 847 2374 1133 2430; x_wconf 88' lang='lat' dir='ltr'>habuerit.</span> 
     </span>
    </p>
   </div>
   <div class='ocr_carea' id='block_1_27' title="bbox 264 2464 1916 2534">
    <p class='ocr_par' dir='ltr' id='par_1_27' title="bbox 264 2464 1916 2534">
     <span class='ocr_line' id='line_1_27' title="bbox 264 2464 1916 2534; baseline 0 -14"><span class='ocrx_word' id='word_1_165' title='bbox 264 2465 396 2521; x_wconf 88' lang='lat' dir='ltr'>CAP.</span> <span class='ocrx_word' id='word_1_166' title='bbox 431 2464 544 2522; x_wconf 89' lang='lat' dir='ltr'>CV.</span> <span class='ocrx_word' id='word_1_167' title='bbox 578 2468 645 2518; x_wconf 86' lang='lat' dir='ltr'><strong>In</strong></span> <span class='ocrx_word' id='word_1_168' title='bbox 677 2465 858 2520; x_wconf 86' lang='lat' dir='ltr'>tribus</span> <span class='ocrx_word' id='word_1_169' title='bbox 879 2464 1143 2534; x_wconf 73' lang='lat' dir='ltr'>gradibus</span> <span class='ocrx_word' id='word_1_170' title='bbox 1172 2464 1457 2521; x_wconf 80' lang='lat' dir='ltr'>constituti</span> <span class='ocrx_word' id='word_1_171' title='bbox 1476 2464 1642 2521; x_wconf 86' lang='lat' dir='ltr'>etiam</span> <span class='ocrx_word' id='word_1_172' title='bbox 1674 2465 1745 2520; x_wconf 90' lang='lat' dir='ltr'>ab</span> <span class='ocrx_word' id='word_1_173' title='bbox 1776 2481 1916 2520; x_wconf 77' lang='lat' dir='ltr'>uxo-</span> 
     </span>
    </p>
   </div>
   <div class='ocr_carea' id='block_1_28' title="bbox 825 2538 1339 2593">
    <p class='ocr_par' dir='ltr' id='par_1_28' title="bbox 825 2538 1339 2593">
     <span class='ocr_line' id='line_1_28' title="bbox 825 2538 1339 2593; baseline 0.004 -3"><span class='ocrx_word' id='word_1_174' title='bbox 825 2538 978 2591; x_wconf 89' lang='lat' dir='ltr'>ribus</span> <span class='ocrx_word' id='word_1_175' title='bbox 1007 2538 1339 2593; x_wconf 82' lang='lat' dir='ltr'>abstineant.</span> 
     </span>
    </p>
   </div>
   <div class='ocr_carea' id='block_1_29' title="bbox 754 2624 1425 2698">
    <p class='ocr_par' dir='ltr' id='par_1_29' title="bbox 754 2624 1425 2698">
     <span class='ocr_line' id='line_1_29' title="bbox 754 2624 1425 2698; baseline 0.003 -20"><span class='ocrx_word' id='word_1_176' title='bbox 754 2628 934 2680; x_wconf 90' lang='lat' dir='ltr'>Conc.</span> <span class='ocrx_word' id='word_1_177' title='bbox 968 2624 1259 2698; x_wconf 89' lang='lat' dir='ltr'>Carthag.,</span> <span class='ocrx_word' id='word_1_178' title='bbox 1287 2643 1337 2681; x_wconf 92' lang='lat' dir='ltr'>c.</span> <span class='ocrx_word' id='word_1_179' title='bbox 1372 2626 1425 2680; x_wconf 83' lang='grc'>4.</span> 
     </span>
    </p>
   </div>
   <div class='ocr_carea' id='block_1_30' title="bbox 333 2712 1914 2787">
    <p class='ocr_par' dir='ltr' id='par_1_30' title="bbox 333 2712 1914 2787">
     <span class='ocr_line' id='line_1_30' title="bbox 333 2712 1914 2787; baseline 0.001 -19"><span class='ocrx_word' id='word_1_180' title='bbox 333 2714 500 2786; x_wconf 89' lang='lat' dir='ltr'>(Dist.</span> <span class='ocrx_word' id='word_1_181' title='bbox 533 2714 623 2783; x_wconf 85' lang='lat'>32,</span> <span class='ocrx_word' id='word_1_182' title='bbox 658 2730 710 2769; x_wconf 92' lang='lat' dir='ltr'>c.</span> <span class='ocrx_word' id='word_1_183' title='bbox 744 2712 1016 2785; x_wconf 82' lang='lat' dir='ltr'>Placuit.)</span> <span class='ocrx_word' id='word_1_184' title='bbox 1050 2715 1273 2770; x_wconf 88' lang='lat' dir='ltr'>Placuit</span> <span class='ocrx_word' id='word_1_185' title='bbox 1310 2716 1636 2787; x_wconf 87' lang='lat' dir='ltr'>episcopos,</span> <span class='ocrx_word' id='word_1_186' title='bbox 1672 2716 1914 2787; x_wconf 84' lang='lat' dir='ltr'>presby-</span> 
     </span>
    </p>
   </div>
   <div class='ocr_carea' id='block_1_31' title="bbox 261 2803 1912 2875">
    <p class='ocr_par' dir='ltr' id='par_1_31' title="bbox 261 2803 1912 2875">
     <span class='ocr_line' id='line_1_31' title="bbox 261 2803 1912 2875; baseline 0.001 -17"><span class='ocrx_word' id='word_1_187' title='bbox 261 2808 440 2870; x_wconf 89' lang='lat' dir='ltr'>teros,</span> <span class='ocrx_word' id='word_1_188' title='bbox 474 2804 775 2869; x_wconf 86' lang='lat' dir='ltr'>diaconos,</span> <span class='ocrx_word' id='word_1_189' title='bbox 807 2803 1201 2860; x_wconf 88' lang='lat' dir='ltr'>subdiaconos</span> <span class='ocrx_word' id='word_1_190' title='bbox 1226 2804 1550 2859; x_wconf 89' lang='lat' dir='ltr'>secundum</span> <span class='ocrx_word' id='word_1_191' title='bbox 1578 2804 1772 2875; x_wconf 89' lang='lat' dir='ltr'>priora</span> <span class='ocrx_word' id='word_1_192' title='bbox 1795 2808 1912 2859; x_wconf 88' lang='lat' dir='ltr'>sta-</span> 
     </span>
    </p>
   </div>
   <div class='ocr_carea' id='block_1_32' title="bbox 261 2891 1911 2961">
    <p class='ocr_par' dir='ltr' id='par_1_32' title="bbox 261 2891 1911 2961">
     <span class='ocr_line' id='line_1_32' title="bbox 261 2891 1911 2961; baseline 0.001 -15"><span class='ocrx_word' id='word_1_193' title='bbox 261 2897 403 2957; x_wconf 87' lang='lat' dir='ltr'>tuta,</span> <span class='ocrx_word' id='word_1_194' title='bbox 436 2897 491 2948; x_wconf 91' lang='lat' dir='ltr'>et</span> <span class='ocrx_word' id='word_1_195' title='bbox 520 2891 816 2947; x_wconf 88' lang='lat' dir='ltr'>abstinere</span> <span class='ocrx_word' id='word_1_196' title='bbox 851 2893 921 2947; x_wconf 91' lang='lat' dir='ltr'>ab</span> <span class='ocrx_word' id='word_1_197' title='bbox 956 2892 1255 2948; x_wconf 84' lang='lat' dir='ltr'>uxoribus.</span> <span class='ocrx_word' id='word_1_198' title='bbox 1308 2893 1469 2957; x_wconf 85' lang='lat' dir='ltr'>Quod</span> <span class='ocrx_word' id='word_1_199' title='bbox 1503 2892 1617 2947; x_wconf 86' lang='lat' dir='ltr'>nisi</span> <span class='ocrx_word' id='word_1_200' title='bbox 1650 2892 1911 2961; x_wconf 83' lang='lat' dir='ltr'>fecerint,</span> 
     </span>
    </p>
   </div>
   <div class='ocr_carea' id='block_1_33' title="bbox 261 2980 1910 3037">
    <p class='ocr_par' dir='ltr' id='par_1_33' title="bbox 261 2980 1910 3037">
     <span class='ocr_line' id='line_1_33' title="bbox 261 2980 1910 3037; baseline -0.001 -1"><span class='ocrx_word' id='word_1_201' title='bbox 261 2981 333 3036; x_wconf 90' lang='lat' dir='ltr'>ab</span> <span class='ocrx_word' id='word_1_202' title='bbox 364 2980 761 3037; x_wconf 88' lang='lat' dir='ltr'>ecclesiastico</span> <span class='ocrx_word' id='word_1_203' title='bbox 792 2986 1207 3036; x_wconf 85' lang='lat' dir='ltr'>removeantur</span> <span class='ocrx_word' id='word_1_204' title='bbox 1237 2980 1448 3037; x_wconf 76' lang='lat' dir='ltr'>ofﬁcio.</span> <span class='ocrx_word' id='word_1_205' title='bbox 1500 2982 1750 3036; x_wconf 78' lang='lat' dir='ltr'>Caeteros</span> <span class='ocrx_word' id='word_1_206' title='bbox 1778 2996 1910 3036; x_wconf 87' lang='lat' dir='ltr'>vero</span> 
     </span>
    </p>
   </div>
   <div class='ocr_carea' id='block_1_34' title="bbox 261 3070 1909 3142">
    <p class='ocr_par' dir='ltr' id='par_1_34' title="bbox 261 3070 1909 3142">
     <span class='ocr_line' id='line_1_34' title="bbox 261 3070 1909 3142; baseline 0.001 -17"><span class='ocrx_word' id='word_1_207' title='bbox 261 3070 504 3126; x_wconf 86' lang='lat' dir='ltr'>clericos</span> <span class='ocrx_word' id='word_1_208' title='bbox 527 3070 723 3126; x_wconf 88' lang='lat' dir='ltr'>adhoc</span> <span class='ocrx_word' id='word_1_209' title='bbox 747 3087 859 3125; x_wconf 92' lang='lat' dir='ltr'>non</span> <span class='ocrx_word' id='word_1_210' title='bbox 888 3070 1036 3141; x_wconf 84' lang='lat' dir='ltr'>cogi,</span> <span class='ocrx_word' id='word_1_211' title='bbox 1062 3071 1163 3125; x_wconf 92' lang='lat' dir='ltr'>sed</span> <span class='ocrx_word' id='word_1_212' title='bbox 1179 3071 1507 3125; x_wconf 91' lang='lat' dir='ltr'>secundum</span> <span class='ocrx_word' id='word_1_213' title='bbox 1532 3070 1909 3142; x_wconf 87' lang='lat' dir='ltr'>uniuscujus-</span> 
     </span>
    </p>
   </div>
   <div class='ocr_carea' id='block_1_35' title="bbox 258 3158 1783 3229">
    <p class='ocr_par' dir='ltr' id='par_1_35' title="bbox 258 3158 1783 3229">
     <span class='ocr_line' id='line_1_35' title="bbox 258 3158 1783 3229; baseline 0 -16"><span class='ocrx_word' id='word_1_214' title='bbox 258 3175 372 3229; x_wconf 92' lang='lat' dir='ltr'>que</span> <span class='ocrx_word' id='word_1_215' title='bbox 400 3158 660 3215; x_wconf 67' lang='lat' dir='ltr'>ecclesiaa</span> <span class='ocrx_word' id='word_1_216' title='bbox 692 3158 1180 3215; x_wconf 90' lang='lat' dir='ltr'>consuetudinem</span> <span class='ocrx_word' id='word_1_217' title='bbox 1210 3159 1518 3215; x_wconf 84' lang='lat' dir='ltr'>observare</span> <span class='ocrx_word' id='word_1_218' title='bbox 1550 3159 1783 3215; x_wconf 90' lang='lat' dir='ltr'>debere.</span> 
     </span>
    </p>
   </div>
   <div class='ocr_carea' id='block_1_36' title="bbox 261 3247 1915 3319">
    <p class='ocr_par' dir='ltr' id='par_1_36' title="bbox 261 3247 1915 3319">
     <span class='ocr_line' id='line_1_36' title="bbox 261 3247 1915 3319; baseline 0 -15"><span class='ocrx_word' id='word_1_219' title='bbox 261 3250 395 3304; x_wconf 91' lang='lat' dir='ltr'>CAP.</span> <span class='ocrx_word' id='word_1_220' title='bbox 428 3248 567 3305; x_wconf 91' lang='lat' dir='ltr'><strong>CVI.</strong></span> <span class='ocrx_word' id='word_1_221' title='bbox 602 3247 880 3304; x_wconf 84' lang='lat' dir='ltr'>Ministris</span> <span class='ocrx_word' id='word_1_222' title='bbox 911 3247 1106 3303; x_wconf 86' lang='lat' dir='ltr'>altaris</span> <span class='ocrx_word' id='word_1_223' title='bbox 1163 3264 1287 3303; x_wconf 89' lang='lat' dir='ltr'>cum</span> <span class='ocrx_word' id='word_1_224' title='bbox 1315 3250 1585 3319; x_wconf 80' lang='lat' dir='ltr'>episcOpis</span> <span class='ocrx_word' id='word_1_225' title='bbox 1610 3257 1662 3304; x_wconf 87' lang='lat' dir='ltr'>et</span> <span class='ocrx_word' id='word_1_226' title='bbox 1687 3248 1915 3319; x_wconf 84' lang='lat' dir='ltr'>presby-</span> 
     </span>
    </p>
   </div>
   <div class='ocr_carea' id='block_1_37' title="bbox 596 3319 1629 3388">
    <p class='ocr_par' dir='ltr' id='par_1_37' title="bbox 596 3319 1629 3388">
     <span class='ocr_line' id='line_1_37' title="bbox 596 3319 1629 3388; baseline 0.001 -13"><span class='ocrx_word' id='word_1_227' title='bbox 596 3319 728 3376; x_wconf 86' lang='lat' dir='ltr'>teris</span> <span class='ocrx_word' id='word_1_228' title='bbox 757 3324 836 3375; x_wconf 84' lang='lat' dir='ltr'>est</span> <span class='ocrx_word' id='word_1_229' title='bbox 865 3320 1078 3388; x_wconf 85' lang='lat' dir='ltr'>eadem,</span> <span class='ocrx_word' id='word_1_230' title='bbox 1116 3320 1211 3375; x_wconf 76' lang='lat' dir='ltr'>lex</span> <span class='ocrx_word' id='word_1_231' title='bbox 1246 3320 1629 3377; x_wconf 79' lang='lat' dir='ltr'>continentiae.</span> 
     </span>
    </p>
   </div>
   <div class='ocr_carea' id='block_1_38' title="bbox 515 3402 1662 3482">
    <p class='ocr_par' dir='ltr' id='par_1_38' title="bbox 515 3402 1662 3482">
     <span class='ocr_line' id='line_1_38' title="bbox 515 3402 1662 3482; baseline -0.001 -17"><span class='ocrx_word' id='word_1_232' title='bbox 515 3411 627 3465; x_wconf 92' lang='lat' dir='ltr'>Leo</span> <span class='ocrx_word' id='word_1_233' title='bbox 654 3402 894 3466; x_wconf 73' lang='lat' dir='ltr'>Rustico</span> <span class='ocrx_word' id='word_1_234' title='bbox 919 3409 1175 3465; x_wconf 88' lang='lat' dir='ltr'>Narbon.</span> <span class='ocrx_word' id='word_1_235' title='bbox 1204 3409 1375 3482; x_wconf 89' lang='lat' dir='ltr'>epist.</span> <span class='ocrx_word' id='word_1_236' title='bbox 1406 3412 1497 3480; x_wconf 87' lang='lat'>90,</span> <span class='ocrx_word' id='word_1_237' title='bbox 1530 3427 1580 3466; x_wconf 93' lang='lat' dir='ltr'>c.</span> <span class='ocrx_word' id='word_1_238' title='bbox 1611 3411 1662 3464; x_wconf 92' lang='lat'>3.</span> 
     </span>
    </p>
   </div>
   <div class='ocr_carea' id='block_1_39' title="bbox 334 3495 1913 3571">
    <p class='ocr_par' dir='ltr' id='par_1_39' title="bbox 334 3495 1913 3571">
     <span class='ocr_line' id='line_1_39' title="bbox 334 3495 1913 3571; baseline -0.001 -19"><span class='ocrx_word' id='word_1_239' title='bbox 334 3499 508 3571; x_wconf 89' lang='lat' dir='ltr'>(Dist.</span> <span class='ocrx_word' id='word_1_240' title='bbox 540 3500 629 3563; x_wconf 86' lang='grc'>31,</span> <span class='ocrx_word' id='word_1_241' title='bbox 661 3515 711 3554; x_wconf 87' lang='lat' dir='ltr'>c.</span> <span class='ocrx_word' id='word_1_242' title='bbox 746 3500 860 3553; x_wconf 72' lang='lat' dir='ltr'>Lex</span> <span class='ocrx_word' id='word_1_243' title='bbox 904 3499 1326 3571; x_wconf 66' lang='lat' dir='ltr'>continentiae.)</span> <span class='ocrx_word' id='word_1_244' title='bbox 1378 3503 1487 3553; x_wconf 87' lang='lat' dir='ltr'>Lex</span> <span class='ocrx_word' id='word_1_245' title='bbox 1544 3495 1913 3553; x_wconf 62' lang='lat' dir='ltr'>continentiae</span> 
     </span>
    </p>
   </div>
   <div class='ocr_carea' id='block_1_40' title="bbox 264 3586 1916 3660">
    <p class='ocr_par' dir='ltr' id='par_1_40' title="bbox 264 3586 1916 3660">
     <span class='ocr_line' id='line_1_40' title="bbox 264 3586 1916 3660; baseline -0.002 -16"><span class='ocrx_word' id='word_1_246' title='bbox 264 3588 470 3644; x_wconf 90' lang='lat' dir='ltr'>eadem</span> <span class='ocrx_word' id='word_1_247' title='bbox 526 3591 616 3643; x_wconf 87' lang='lat' dir='ltr'>est</span> <span class='ocrx_word' id='word_1_248' title='bbox 674 3586 875 3643; x_wconf 88' lang='lat' dir='ltr'>altaris</span> <span class='ocrx_word' id='word_1_249' title='bbox 936 3587 1225 3643; x_wconf 87' lang='lat' dir='ltr'>ministris</span> <span class='ocrx_word' id='word_1_250' title='bbox 1260 3605 1389 3659; x_wconf 73' lang='lat' dir='ltr'>quae</span> <span class='ocrx_word' id='word_1_251' title='bbox 1420 3586 1710 3660; x_wconf 86' lang='lat' dir='ltr'>episcOpis</span> <span class='ocrx_word' id='word_1_252' title='bbox 1741 3592 1916 3657; x_wconf 87' lang='lat' dir='ltr'>atque</span> 
     </span>
    </p>
   </div>
   <div class='ocr_carea' id='block_1_41' title="bbox 264 3674 1914 3750">
    <p class='ocr_par' dir='ltr' id='par_1_41' title="bbox 264 3674 1914 3750">
     <span class='ocr_line' id='line_1_41' title="bbox 264 3674 1914 3750; baseline -0.002 -18"><span class='ocrx_word' id='word_1_253' title='bbox 264 3676 643 3750; x_wconf 73' lang='lat' dir='ltr'>presbyteris,</span> <span class='ocrx_word' id='word_1_254' title='bbox 665 3677 765 3748; x_wconf 91' lang='lat' dir='ltr'>qui</span> <span class='ocrx_word' id='word_1_255' title='bbox 791 3694 924 3731; x_wconf 91' lang='lat' dir='ltr'>cum</span> <span class='ocrx_word' id='word_1_256' title='bbox 948 3682 1146 3732; x_wconf 88' lang='lat' dir='ltr'>essent</span> <span class='ocrx_word' id='word_1_257' title='bbox 1165 3677 1319 3746; x_wconf 89' lang='lat' dir='ltr'>laici,</span> <span class='ocrx_word' id='word_1_258' title='bbox 1344 3676 1463 3732; x_wconf 86' lang='lat' dir='ltr'>sive</span> <span class='ocrx_word' id='word_1_259' title='bbox 1491 3674 1735 3732; x_wconf 88' lang='lat' dir='ltr'>lectores</span> <span class='ocrx_word' id='word_1_260' title='bbox 1757 3674 1914 3729; x_wconf 85' lang='lat' dir='ltr'>licito</span> 
     </span>
    </p>
   </div>
   <div class='ocr_carea' id='block_1_42' title="bbox 262 3764 1911 3837">
    <p class='ocr_par' dir='ltr' id='par_1_42' title="bbox 262 3764 1911 3837">
     <span class='ocr_line' id='line_1_42' title="bbox 262 3764 1911 3837; baseline -0.002 -15"><span class='ocrx_word' id='word_1_261' title='bbox 262 3771 320 3822; x_wconf 85' lang='lat' dir='ltr'>et</span> <span class='ocrx_word' id='word_1_262' title='bbox 350 3782 557 3822; x_wconf 85' lang='lat' dir='ltr'>uxores</span> <span class='ocrx_word' id='word_1_263' title='bbox 587 3767 799 3821; x_wconf 90' lang='lat' dir='ltr'>ducere</span> <span class='ocrx_word' id='word_1_264' title='bbox 830 3772 889 3821; x_wconf 90' lang='lat' dir='ltr'>et</span> <span class='ocrx_word' id='word_1_265' title='bbox 909 3765 1060 3821; x_wconf 82' lang='lat' dir='ltr'>ﬁlios</span> <span class='ocrx_word' id='word_1_266' title='bbox 1086 3783 1421 3837; x_wconf 90' lang='lat' dir='ltr'>procrerare</span> <span class='ocrx_word' id='word_1_267' title='bbox 1443 3769 1779 3836; x_wconf 90' lang='lat' dir='ltr'>potuerunt,</span> <span class='ocrx_word' id='word_1_268' title='bbox 1810 3764 1911 3819; x_wconf 87' lang='lat' dir='ltr'>sed</span> 
     </span>
    </p>
   </div>
   <div class='ocr_carea' id='block_1_43' title="bbox 262 3853 1915 3927">
    <p class='ocr_par' dir='ltr' id='par_1_43' title="bbox 262 3853 1915 3927">
     <span class='ocr_line' id='line_1_43' title="bbox 262 3853 1915 3927; baseline -0.001 -17"><span class='ocrx_word' id='word_1_269' title='bbox 262 3871 397 3910; x_wconf 91' lang='lat' dir='ltr'>cum</span> <span class='ocrx_word' id='word_1_270' title='bbox 428 3856 499 3909; x_wconf 91' lang='lat' dir='ltr'>ad</span> <span class='ocrx_word' id='word_1_271' title='bbox 558 3854 863 3927; x_wconf 71' lang='lat' dir='ltr'>praedictos</span> <span class='ocrx_word' id='word_1_272' title='bbox 920 3859 1310 3926; x_wconf 91' lang='lat' dir='ltr'>pervenerunt</span> <span class='ocrx_word' id='word_1_273' title='bbox 1354 3855 1593 3925; x_wconf 87' lang='lat' dir='ltr'>gradus,</span> <span class='ocrx_word' id='word_1_274' title='bbox 1627 3853 1800 3925; x_wconf 68' lang='lat' dir='ltr'>Cthlt</span> <span class='ocrx_word' id='word_1_275' title='bbox 1828 3853 1915 3908; x_wconf 90' lang='lat' dir='ltr'>eis</span> 
     </span>
    </p>
   </div>
   <div class='ocr_carea' id='block_1_44' title="bbox 261 3942 1911 4015">
    <p class='ocr_par' dir='ltr' id='par_1_44' title="bbox 261 3942 1911 4015">
     <span class='ocr_line' id='line_1_44' title="bbox 261 3942 1911 4015; baseline -0.002 -15"><span class='ocrx_word' id='word_1_276' title='bbox 261 3962 377 4001; x_wconf 91' lang='lat' dir='ltr'>non</span> <span class='ocrx_word' id='word_1_277' title='bbox 408 3944 582 4000; x_wconf 88' lang='lat' dir='ltr'>licere</span> <span class='ocrx_word' id='word_1_278' title='bbox 612 3944 767 4015; x_wconf 91' lang='lat' dir='ltr'>quod</span> <span class='ocrx_word' id='word_1_279' title='bbox 804 3943 991 4009; x_wconf 91' lang='lat' dir='ltr'>licuit,</span> <span class='ocrx_word' id='word_1_280' title='bbox 1023 3945 1178 3999; x_wconf 89' lang='lat' dir='ltr'>unde</span> <span class='ocrx_word' id='word_1_281' title='bbox 1207 3948 1270 3999; x_wconf 91' lang='lat' dir='ltr'>ut</span> <span class='ocrx_word' id='word_1_282' title='bbox 1299 3945 1369 3999; x_wconf 92' lang='lat' dir='ltr'>de</span> <span class='ocrx_word' id='word_1_283' title='bbox 1401 3942 1618 3999; x_wconf 81' lang='lat' dir='ltr'>carnali</span> <span class='ocrx_word' id='word_1_284' title='bbox 1654 3943 1755 3997; x_wconf 82' lang='lat' dir='ltr'>ﬁat</span> <span class='ocrx_word' id='word_1_285' title='bbox 1786 3942 1911 4014; x_wconf 92' lang='lat' dir='ltr'>spi-</span> 
     </span>
    </p>
   </div>
   <div class='ocr_carea' id='block_1_45' title="bbox 258 4033 1913 4105">
    <p class='ocr_par' dir='ltr' id='par_1_45' title="bbox 258 4033 1913 4105">
     <span class='ocr_line' id='line_1_45' title="bbox 258 4033 1913 4105; baseline -0.002 -15"><span class='ocrx_word' id='word_1_286' title='bbox 258 4033 468 4091; x_wconf 88' lang='lat' dir='ltr'>rituale</span> <span class='ocrx_word' id='word_1_287' title='bbox 498 4034 867 4105; x_wconf 88' lang='lat' dir='ltr'>conjugium,</span> <span class='ocrx_word' id='word_1_288' title='bbox 902 4038 1129 4104; x_wconf 88' lang='lat' dir='ltr'>Oportet</span> <span class='ocrx_word' id='word_1_289' title='bbox 1156 4050 1255 4088; x_wconf 89' lang='lat' dir='ltr'>eos</span> <span class='ocrx_word' id='word_1_290' title='bbox 1287 4033 1581 4089; x_wconf 87' lang='lat' dir='ltr'>dimittere</span> <span class='ocrx_word' id='word_1_291' title='bbox 1612 4048 1823 4087; x_wconf 78' lang='lat' dir='ltr'>uxores</span> <span class='ocrx_word' id='word_1_292' title='bbox 1855 4036 1913 4087; x_wconf 89' lang='lat' dir='ltr'>et</span> 
     </span>
    </p>
   </div>
   <div class='ocr_carea' id='block_1_46' title="bbox 261 4120 1912 4196">
    <p class='ocr_par' dir='ltr' id='par_1_46' title="bbox 261 4120 1912 4196">
     <span class='ocr_line' id='line_1_46' title="bbox 261 4120 1912 4196; baseline -0.001 -17"><span class='ocrx_word' id='word_1_293' title='bbox 261 4123 429 4196; x_wconf 90' lang='lat' dir='ltr'>quasi</span> <span class='ocrx_word' id='word_1_294' title='bbox 463 4140 575 4178; x_wconf 93' lang='lat' dir='ltr'>non</span> <span class='ocrx_word' id='word_1_295' title='bbox 607 4122 865 4177; x_wconf 90' lang='lat' dir='ltr'>habeant</span> <span class='ocrx_word' id='word_1_296' title='bbox 897 4120 1134 4185; x_wconf 88' lang='lat' dir='ltr'>habere,</span> <span class='ocrx_word' id='word_1_297' title='bbox 1167 4138 1283 4192; x_wconf 92' lang='lat' dir='ltr'>quo</span> <span class='ocrx_word' id='word_1_298' title='bbox 1316 4130 1369 4176; x_wconf 86' lang='lat' dir='ltr'>et</span> <span class='ocrx_word' id='word_1_299' title='bbox 1390 4121 1553 4177; x_wconf 90' lang='lat' dir='ltr'>salva</span> <span class='ocrx_word' id='word_1_300' title='bbox 1575 4121 1651 4176; x_wconf 86' lang='lat' dir='ltr'>sit</span> <span class='ocrx_word' id='word_1_301' title='bbox 1671 4120 1912 4177; x_wconf 88' lang='lat' dir='ltr'>castitas</span> 
     </span>
    </p>
   </div>
   <div class='ocr_carea' id='block_1_47' title="bbox 261 4210 1658 4281">
    <p class='ocr_par' dir='ltr' id='par_1_47' title="bbox 261 4210 1658 4281">
     <span class='ocr_line' id='line_1_47' title="bbox 261 4210 1658 4281; baseline -0.003 -12"><span class='ocrx_word' id='word_1_302' title='bbox 261 4212 713 4279; x_wconf 88' lang='lat' dir='ltr'>connubiorum,</span> <span class='ocrx_word' id='word_1_303' title='bbox 748 4215 804 4265; x_wconf 82' lang='lat' dir='ltr'>et</span> <span class='ocrx_word' id='word_1_304' title='bbox 834 4214 1065 4266; x_wconf 89' lang='lat' dir='ltr'>cessent</span> <span class='ocrx_word' id='word_1_305' title='bbox 1094 4227 1269 4281; x_wconf 89' lang='lat' dir='ltr'>opera</span> <span class='ocrx_word' id='word_1_306' title='bbox 1296 4210 1658 4281; x_wconf 85' lang='lat' dir='ltr'>nuptiarum.</span> 
     </span>
    </p>
   </div>
   <div class='ocr_carea' id='block_1_48' title="bbox 260 4308 1909 4374">
    <p class='ocr_par' dir='ltr' id='par_1_48' title="bbox 260 4308 1909 4374">
     <span class='ocr_line' id='line_1_48' title="bbox 260 4308 1909 4374; baseline -0.001 -9"><span class='ocrx_word' id='word_1_307' title='bbox 260 4315 391 4365; x_wconf 86' lang='lat' dir='ltr'>CAP.</span> <span class='ocrx_word' id='word_1_308' title='bbox 428 4308 597 4364; x_wconf 89' lang='lat' dir='ltr'><strong>CVII.</strong></span> <span class='ocrx_word' id='word_1_309' title='bbox 624 4310 680 4362; x_wconf 88' lang='lat' dir='ltr'><strong>In</strong></span> <span class='ocrx_word' id='word_1_310' title='bbox 739 4308 1047 4363; x_wconf 83' lang='lat' dir='ltr'>minoribus</span> <span class='ocrx_word' id='word_1_311' title='bbox 1102 4308 1389 4363; x_wconf 87' lang='lat' dir='ltr'>ordinibus</span> <span class='ocrx_word' id='word_1_312' title='bbox 1429 4310 1736 4374; x_wconf 83' lang='lat' dir='ltr'>constituti,</span> <span class='ocrx_word' id='word_1_313' title='bbox 1769 4324 1909 4363; x_wconf 69' lang='lat' dir='ltr'>uxo-</span> 
     </span>
    </p>
   </div>
   <div class='ocr_carea' id='block_1_49' title="bbox 331 4379 1908 4508">
    <p class='ocr_par' dir='ltr' id='par_1_49' title="bbox 331 4379 1908 4508">
     <span class='ocr_line' id='line_1_49' title="bbox 331 4379 1908 4507; baseline -0.001 -71"><span class='ocrx_word' id='word_1_314' title='bbox 331 4398 447 4507; x_wconf 58' lang='lat' dir='ltr'>Zem</span> <span class='ocrx_word' id='word_1_315' title='bbox 474 4380 697 4447; x_wconf 86' lang='lat' dir='ltr'>ducant,</span> <span class='ocrx_word' id='word_1_316' title='bbox 745 4379 855 4435; x_wconf 85' lang='lat' dir='ltr'>nisi</span> <span class='ocrx_word' id='word_1_317' title='bbox 912 4390 1031 4436; x_wconf 86' lang='lat' dir='ltr'>volo</span> <span class='ocrx_word' id='word_1_318' title='bbox 1062 4385 1165 4436; x_wconf 90' lang='lat' dir='ltr'>aut</span> <span class='ocrx_word' id='word_1_319' title='bbox 1200 4380 1453 4449; x_wconf 85' lang='lat' dir='ltr'>religioso</span> <span class='ocrx_word' id='word_1_320' title='bbox 1494 4381 1685 4435; x_wconf 86' lang='lat' dir='ltr'>habitu</span> <span class='ocrx_word' id='word_1_321' title='bbox 1715 4379 1908 4451; x_wconf 89' lang='lat' dir='ltr'>prohi-</span> 
     </span>
     <span class='ocr_line' id='line_1_50' title="bbox 363 4461 585 4508; baseline -0.005 -1"><span class='ocrx_word' id='word_1_322' title='bbox 363 4461 585 4508; x_wconf 80' lang='lat' dir='ltr'>cantur.</span> 
     </span>
    </p>
   </div>
   <div class='ocr_carea' id='block_1_50' title="bbox 458 4538 1712 4596">
    <p class='ocr_par' dir='ltr' id='par_1_50' title="bbox 458 4538 1712 4596">
     <span class='ocr_line' id='line_1_51' title="bbox 458 4538 1712 4596; baseline -0.002 -1"><span class='ocrx_word' id='word_1_323' title='bbox 458 4541 563 4596; x_wconf 90' lang='lat' dir='ltr'>Leo</span> <span class='ocrx_word' id='word_1_324' title='bbox 596 4541 669 4595; x_wconf 87' lang='lat' dir='ltr'>XI</span> <span class='ocrx_word' id='word_1_325' title='bbox 703 4541 985 4595; x_wconf 89' lang='lat' dir='ltr'>adversus</span> <span class='ocrx_word' id='word_1_326' title='bbox 1018 4539 1282 4594; x_wconf 89' lang='lat' dir='ltr'>Nicetam</span> <span class='ocrx_word' id='word_1_327' title='bbox 1316 4539 1509 4593; x_wconf 84' lang='lat' dir='ltr'>abbat.</span> <span class='ocrx_word' id='word_1_328' title='bbox 1545 4538 1712 4592; x_wconf 84' lang='lat' dir='ltr'>Stud.</span> 
     </span>
    </p>
   </div>
   <div class='ocr_carea' id='block_1_51' title="bbox 330 4627 1910 4701">
    <p class='ocr_par' dir='ltr' id='par_1_51' title="bbox 330 4627 1910 4701">
     <span class='ocr_line' id='line_1_52' title="bbox 330 4627 1910 4701; baseline -0.002 -17"><span class='ocrx_word' id='word_1_329' title='bbox 330 4630 495 4701; x_wconf 87' lang='lat' dir='ltr'>(Dist.</span> <span class='ocrx_word' id='word_1_330' title='bbox 530 4630 619 4697; x_wconf 92' lang='grc'>32,</span> <span class='ocrx_word' id='word_1_331' title='bbox 654 4646 702 4683; x_wconf 90' lang='lat' dir='ltr'>c.</span> <span class='ocrx_word' id='word_1_332' title='bbox 736 4628 1053 4698; x_wconf 85' lang='lat' dir='ltr'>Seriatim.)</span> <span class='ocrx_word' id='word_1_333' title='bbox 1087 4627 1361 4683; x_wconf 88' lang='lat' dir='ltr'>Seriatim</span> <span class='ocrx_word' id='word_1_334' title='bbox 1395 4632 1451 4681; x_wconf 89' lang='lat' dir='ltr'>et</span> <span class='ocrx_word' id='word_1_335' title='bbox 1483 4632 1678 4698; x_wconf 88' lang='lat' dir='ltr'>aperte</span> <span class='ocrx_word' id='word_1_336' title='bbox 1708 4643 1910 4698; x_wconf 90' lang='lat' dir='ltr'>prose-</span> 
     </span>
    </p>
   </div>
   <div class='ocr_carea' id='block_1_52' title="bbox 260 4714 1909 4789">
    <p class='ocr_par' dir='ltr' id='par_1_52' title="bbox 260 4714 1909 4789">
     <span class='ocr_line' id='line_1_53' title="bbox 260 4714 1909 4789; baseline -0.002 -16"><span class='ocrx_word' id='word_1_337' title='bbox 260 4736 512 4789; x_wconf 90' lang='lat' dir='ltr'>quamur</span> <span class='ocrx_word' id='word_1_338' title='bbox 542 4718 695 4789; x_wconf 89' lang='lat' dir='ltr'>quod</span> <span class='ocrx_word' id='word_1_339' title='bbox 730 4723 931 4772; x_wconf 88' lang='lat' dir='ltr'>sancta</span> <span class='ocrx_word' id='word_1_340' title='bbox 962 4717 1224 4772; x_wconf 80' lang='lat' dir='ltr'>Romana</span> <span class='ocrx_word' id='word_1_341' title='bbox 1245 4714 1505 4771; x_wconf 85' lang='lat' dir='ltr'>Ecclesia</span> <span class='ocrx_word' id='word_1_342' title='bbox 1536 4718 1606 4770; x_wconf 92' lang='lat' dir='ltr'>de</span> <span class='ocrx_word' id='word_1_343' title='bbox 1627 4715 1909 4787; x_wconf 90' lang='lat' dir='ltr'>gradibus</span> 
     </span>
    </p>
   </div>
   <div class='ocr_carea' id='block_1_53' title="bbox 260 4804 1907 4874">
    <p class='ocr_par' dir='ltr' id='par_1_53' title="bbox 260 4804 1907 4874">
     <span class='ocr_line' id='line_1_54' title="bbox 260 4804 1907 4874; baseline -0.001 -12"><span class='ocrx_word' id='word_1_344' title='bbox 260 4808 605 4862; x_wconf 88' lang='lat' dir='ltr'>clericorum</span> <span class='ocrx_word' id='word_1_345' title='bbox 641 4806 722 4862; x_wconf 86' lang='lat' dir='ltr'>ait</span> <span class='ocrx_word' id='word_1_346' title='bbox 747 4822 759 4861; x_wconf 90' lang='lat'>:</span> <span class='ocrx_word' id='word_1_347' title='bbox 802 4805 1093 4862; x_wconf 69' lang='lat' dir='ltr'>«Clericos</span> <span class='ocrx_word' id='word_1_348' title='bbox 1116 4805 1298 4871; x_wconf 88' lang='lat' dir='ltr'>enim,</span> <span class='ocrx_word' id='word_1_349' title='bbox 1322 4804 1614 4874; x_wconf 87' lang='lat' dir='ltr'>ostiarios,</span> <span class='ocrx_word' id='word_1_350' title='bbox 1640 4804 1907 4873; x_wconf 85' lang='lat' dir='ltr'>lectores,</span> 
     </span>
    </p>
   </div>
   <div class='ocr_carea' id='block_1_54' title="bbox 258 4892 1907 4965">
    <p class='ocr_par' dir='ltr' id='par_1_54' title="bbox 258 4892 1907 4965">
     <span class='ocr_line' id='line_1_55' title="bbox 258 4892 1907 4965; baseline -0.002 -13"><span class='ocrx_word' id='word_1_351' title='bbox 258 4896 601 4963; x_wconf 87' lang='lat' dir='ltr'>exorcistas,</span> <span class='ocrx_word' id='word_1_352' title='bbox 658 4894 982 4965; x_wconf 85' lang='lat' dir='ltr'>acolythos,</span> <span class='ocrx_word' id='word_1_353' title='bbox 1034 4894 1082 4950; x_wconf 92' lang='lat' dir='ltr'>si</span> <span class='ocrx_word' id='word_1_354' title='bbox 1110 4899 1272 4950; x_wconf 80' lang='lat' dir='ltr'>extra</span> <span class='ocrx_word' id='word_1_355' title='bbox 1322 4897 1519 4949; x_wconf 86' lang='lat' dir='ltr'>votum</span> <span class='ocrx_word' id='word_1_356' title='bbox 1552 4896 1608 4949; x_wconf 87' lang='lat' dir='ltr'>et</span> <span class='ocrx_word' id='word_1_357' title='bbox 1640 4892 1907 4948; x_wconf 90' lang='lat' dir='ltr'>habitum</span> 
     </span>
    </p>
   </div>
   <div class='ocr_carea' id='block_1_55' title="bbox 259 4982 1909 5055">
    <p class='ocr_par' dir='ltr' id='par_1_55' title="bbox 259 4982 1909 5055">
     <span class='ocr_line' id='line_1_56' title="bbox 259 4982 1909 5055; baseline -0.001 -16"><span class='ocrx_word' id='word_1_358' title='bbox 259 4983 532 5039; x_wconf 89' lang='lat' dir='ltr'>monachi</span> <span class='ocrx_word' id='word_1_359' title='bbox 564 4984 962 5051; x_wconf 89' lang='lat' dir='ltr'>inveniantur,</span> <span class='ocrx_word' id='word_1_360' title='bbox 995 4988 1052 5039; x_wconf 91' lang='lat' dir='ltr'>et</span> <span class='ocrx_word' id='word_1_361' title='bbox 1082 4983 1505 5040; x_wconf 87' lang='lat' dir='ltr'>continentiam</span> <span class='ocrx_word' id='word_1_362' title='bbox 1530 4982 1787 5055; x_wconf 82' lang='lat' dir='ltr'>proﬁteri</span> <span class='ocrx_word' id='word_1_363' title='bbox 1814 4998 1909 5037; x_wconf 87' lang='lat' dir='ltr'>no-</span> 
     </span>
    </p>
   </div>
   <div class='ocr_carea' id='block_1_56' title="bbox 255 5071 1908 5145">
    <p class='ocr_par' dir='ltr' id='par_1_56' title="bbox 255 5071 1908 5145">
     <span class='ocr_line' id='line_1_57' title="bbox 255 5071 1908 5145; baseline -0.001 -17"><span class='ocrx_word' id='word_1_364' title='bbox 255 5074 407 5140; x_wconf 90' lang='lat' dir='ltr'>lunt,</span> <span class='ocrx_word' id='word_1_365' title='bbox 467 5089 708 5129; x_wconf 85' lang='lat' dir='ltr'>uxorem</span> <span class='ocrx_word' id='word_1_366' title='bbox 761 5074 973 5129; x_wconf 88' lang='lat' dir='ltr'>ducere</span> <span class='ocrx_word' id='word_1_367' title='bbox 1022 5073 1305 5145; x_wconf 82' lang='lat' dir='ltr'>virginem</span> <span class='ocrx_word' id='word_1_368' title='bbox 1338 5090 1472 5128; x_wconf 93' lang='lat' dir='ltr'>cum</span> <span class='ocrx_word' id='word_1_369' title='bbox 1503 5071 1908 5129; x_wconf 90' lang='lat' dir='ltr'>benedictione</span> 
     </span>
    </p>
   </div>
   <div class='ocr_carea' id='block_1_57' title="bbox 256 5160 1908 5232">
    <p class='ocr_par' dir='ltr' id='par_1_57' title="bbox 256 5160 1908 5232">
     <span class='ocr_line' id='line_1_58' title="bbox 256 5160 1908 5232; baseline -0.001 -14"><span class='ocrx_word' id='word_1_370' title='bbox 256 5160 608 5218; x_wconf 87' lang='lat' dir='ltr'>sacerdotali</span> <span class='ocrx_word' id='word_1_371' title='bbox 658 5162 1098 5232; x_wconf 88' lang='lat' dir='ltr'>permittuntur.</span> <span class='ocrx_word' id='word_1_372' title='bbox 1131 5169 1257 5220; x_wconf 88' lang='lat' dir='ltr'>Non</span> <span class='ocrx_word' id='word_1_373' title='bbox 1291 5168 1487 5219; x_wconf 89' lang='lat' dir='ltr'>autem</span> <span class='ocrx_word' id='word_1_374' title='bbox 1516 5163 1779 5229; x_wconf 86' lang='lat' dir='ltr'>viduam,</span> <span class='ocrx_word' id='word_1_375' title='bbox 1804 5166 1908 5216; x_wconf 88' lang='lat' dir='ltr'>aut</span> 
     </span>
    </p>
   </div>
   <div class='ocr_carea' id='block_1_58' title="bbox 256 5250 1905 5323">
    <p class='ocr_par' dir='ltr' id='par_1_58' title="bbox 256 5250 1905 5323">
     <span class='ocr_line' id='line_1_59' title="bbox 256 5250 1905 5323; baseline -0.001 -17"><span class='ocrx_word' id='word_1_376' title='bbox 256 5250 649 5323; x_wconf 88' lang='lat' dir='ltr'>repudiatam,</span> <span class='ocrx_word' id='word_1_377' title='bbox 681 5250 819 5321; x_wconf 87' lang='lat' dir='ltr'>quia</span> <span class='ocrx_word' id='word_1_378' title='bbox 843 5255 1080 5322; x_wconf 89' lang='lat' dir='ltr'>propter</span> <span class='ocrx_word' id='word_1_379' title='bbox 1102 5252 1213 5307; x_wconf 92' lang='lat' dir='ltr'>hoc</span> <span class='ocrx_word' id='word_1_380' title='bbox 1237 5268 1341 5307; x_wconf 91' lang='lat' dir='ltr'>nec</span> <span class='ocrx_word' id='word_1_381' title='bbox 1369 5252 1646 5321; x_wconf 88' lang='lat' dir='ltr'>deinceps</span> <span class='ocrx_word' id='word_1_382' title='bbox 1670 5252 1741 5305; x_wconf 90' lang='lat' dir='ltr'>ad</span> <span class='ocrx_word' id='word_1_383' title='bbox 1766 5251 1905 5305; x_wconf 92' lang='lat' dir='ltr'>sub-</span> 
     </span>
    </p>
   </div>
   <div class='ocr_carea' id='block_1_59' title="bbox 254 5337 1904 5411">
    <p class='ocr_par' dir='ltr' id='par_1_59' title="bbox 254 5337 1904 5411">
     <span class='ocr_line' id='line_1_60' title="bbox 254 5337 1904 5411; baseline -0.002 -15"><span class='ocrx_word' id='word_1_384' title='bbox 254 5340 630 5396; x_wconf 90' lang='lat' dir='ltr'>diaconatum</span> <span class='ocrx_word' id='word_1_385' title='bbox 681 5340 917 5411; x_wconf 90' lang='lat' dir='ltr'>provehi</span> <span class='ocrx_word' id='word_1_386' title='bbox 961 5344 1258 5411; x_wconf 90' lang='lat' dir='ltr'>poterunt,</span> <span class='ocrx_word' id='word_1_387' title='bbox 1291 5358 1397 5396; x_wconf 89' lang='lat' dir='ltr'>nec</span> <span class='ocrx_word' id='word_1_388' title='bbox 1428 5339 1615 5395; x_wconf 91' lang='lat' dir='ltr'>laicus</span> <span class='ocrx_word' id='word_1_389' title='bbox 1647 5337 1760 5393; x_wconf 92' lang='lat' dir='ltr'>nisi</span> <span class='ocrx_word' id='word_1_390' title='bbox 1789 5338 1904 5393; x_wconf 92' lang='lat' dir='ltr'>vir-</span> 
     </span>
    </p>
   </div>
   <div class='ocr_carea' id='block_1_60' title="bbox 254 5426 1903 5502">
    <p class='ocr_par' dir='ltr' id='par_1_60' title="bbox 254 5426 1903 5502">
     <span class='ocr_line' id='line_1_61' title="bbox 254 5426 1903 5502; baseline -0.001 -18"><span class='ocrx_word' id='word_1_391' title='bbox 254 5430 451 5502; x_wconf 88' lang='lat' dir='ltr'>ginem</span> <span class='ocrx_word' id='word_1_392' title='bbox 486 5430 734 5485; x_wconf 88' lang='lat' dir='ltr'>sortitus</span> <span class='ocrx_word' id='word_1_393' title='bbox 764 5446 1023 5499; x_wconf 89' lang='lat' dir='ltr'>uxorem,</span> <span class='ocrx_word' id='word_1_394' title='bbox 1050 5429 1438 5501; x_wconf 83' lang='lat' dir='ltr'>authigamus</span> <span class='ocrx_word' id='word_1_395' title='bbox 1461 5430 1532 5483; x_wconf 90' lang='lat' dir='ltr'>ad</span> <span class='ocrx_word' id='word_1_396' title='bbox 1566 5426 1903 5483; x_wconf 83' lang='lat' dir='ltr'>clericatum</span> 
     </span>
    </p>
   </div>
   <div class='ocr_carea' id='block_1_61' title="bbox 254 5517 1907 5593">
    <p class='ocr_par' dir='ltr' id='par_1_61' title="bbox 254 5517 1907 5593">
     <span class='ocr_line' id='line_1_62' title="bbox 254 5517 1907 5593; baseline -0.002 -18"><span class='ocrx_word' id='word_1_397' title='bbox 254 5523 447 5593; x_wconf 90' lang='lat' dir='ltr'>potest</span> <span class='ocrx_word' id='word_1_398' title='bbox 493 5520 825 5575; x_wconf 85' lang='lat' dir='ltr'>ascendere.</span> <span class='ocrx_word' id='word_1_399' title='bbox 852 5519 1014 5584; x_wconf 87' lang='lat' dir='ltr'>Quod</span> <span class='ocrx_word' id='word_1_400' title='bbox 1048 5519 1097 5573; x_wconf 90' lang='lat' dir='ltr'>si</span> <span class='ocrx_word' id='word_1_401' title='bbox 1129 5518 1263 5590; x_wconf 91' lang='lat' dir='ltr'>quis</span> <span class='ocrx_word' id='word_1_402' title='bbox 1294 5535 1362 5575; x_wconf 89' lang='lat' dir='ltr'>ex</span> <span class='ocrx_word' id='word_1_403' title='bbox 1392 5517 1647 5591; x_wconf 83' lang='lat' dir='ltr'>praefatis</span> <span class='ocrx_word' id='word_1_404' title='bbox 1678 5517 1907 5574; x_wconf 89' lang='lat' dir='ltr'>ordini-</span> 
     </span>
    </p>
   </div>
   <div class='ocr_carea' id='block_1_62' title="bbox 253 5608 1904 5678">
    <p class='ocr_par' dir='ltr' id='par_1_62' title="bbox 253 5608 1904 5678">
     <span class='ocr_line' id='line_1_63' title="bbox 253 5608 1904 5678; baseline -0.001 -13"><span class='ocrx_word' id='word_1_405' title='bbox 253 5610 364 5666; x_wconf 91' lang='lat' dir='ltr'>bus</span> <span class='ocrx_word' id='word_1_406' title='bbox 395 5609 694 5667; x_wconf 88' lang='lat' dir='ltr'>desiderat</span> <span class='ocrx_word' id='word_1_407' title='bbox 724 5610 796 5667; x_wconf 91' lang='lat' dir='ltr'>ab</span> <span class='ocrx_word' id='word_1_408' title='bbox 829 5608 1324 5665; x_wconf 88' lang='lat' dir='ltr'>subdioconatum</span> <span class='ocrx_word' id='word_1_409' title='bbox 1343 5608 1635 5673; x_wconf 86' lang='lat' dir='ltr'>accedere,</span> <span class='ocrx_word' id='word_1_410' title='bbox 1664 5624 1778 5664; x_wconf 91' lang='lat' dir='ltr'>non</span> <span class='ocrx_word' id='word_1_411' title='bbox 1804 5624 1904 5678; x_wconf 83' lang='lat' dir='ltr'>po-</span> 
     </span>
    </p>
   </div>
   <div class='ocr_carea' id='block_1_63' title="bbox 2027 475 3680 574">
    <p class='ocr_par' dir='ltr' id='par_1_63' title="bbox 2027 475 3680 574">
     <span class='ocr_line' id='line_1_64' title="bbox 2027 475 3680 574; baseline 0.009 -29"><span class='ocrx_word' id='word_1_412' title='bbox 2027 491 2305 562; x_wconf 90' lang='lat' dir='ltr'>deinceps</span> <span class='ocrx_word' id='word_1_413' title='bbox 2329 491 2676 563; x_wconf 90' lang='lat' dir='ltr'>conjugium</span> <span class='ocrx_word' id='word_1_414' title='bbox 2699 493 3031 563; x_wconf 89' lang='lat' dir='ltr'>spirituale,</span> <span class='ocrx_word' id='word_1_415' title='bbox 3063 498 3293 553; x_wconf 89' lang='lat' dir='ltr'>nemine</span> <span class='ocrx_word' id='word_1_416' title='bbox 3312 516 3410 556; x_wconf 89' lang='lat' dir='ltr'>eos</span> <span class='ocrx_word' id='word_1_417' title='bbox 3434 475 3680 574; x_wconf 58' lang='lat' dir='ltr'>cogenti;</span> 
     </span>
    </p>
   </div>
   <div class='ocr_carea' id='block_1_64' title="bbox 2026 579 3671 657">
    <p class='ocr_par' dir='ltr' id='par_1_64' title="bbox 2026 579 3671 657">
     <span class='ocr_line' id='line_1_65' title="bbox 2026 579 3671 657; baseline 0.01 -23"><span class='ocrx_word' id='word_1_418' title='bbox 2026 580 2139 635; x_wconf 90' lang='lat' dir='ltr'>Nec</span> <span class='ocrx_word' id='word_1_419' title='bbox 2154 579 2513 651; x_wconf 90' lang='lat' dir='ltr'>permittitur</span> <span class='ocrx_word' id='word_1_420' title='bbox 2531 587 2733 652; x_wconf 88' lang='lat' dir='ltr'>postea</span> <span class='ocrx_word' id='word_1_421' title='bbox 2758 585 3087 657; x_wconf 90' lang='lat' dir='ltr'>uxorjungi</span> <span class='ocrx_word' id='word_1_422' title='bbox 3113 587 3300 643; x_wconf 89' lang='lat' dir='ltr'>eidem</span> <span class='ocrx_word' id='word_1_423' title='bbox 3326 592 3536 647; x_wconf 90' lang='lat' dir='ltr'>marito</span> <span class='ocrx_word' id='word_1_424' title='bbox 3565 611 3671 650; x_wconf 91' lang='lat' dir='ltr'>suo</span> 
     </span>
    </p>
   </div>
   <div class='ocr_carea' id='block_1_65' title="bbox 2027 669 3673 753">
    <p class='ocr_par' dir='ltr' id='par_1_65' title="bbox 2027 669 3673 753">
     <span class='ocr_line' id='line_1_66' title="bbox 2027 669 3673 753; baseline 0.009 -28"><span class='ocrx_word' id='word_1_425' title='bbox 2027 669 2357 738; x_wconf 90' lang='lat' dir='ltr'>carnaliter,</span> <span class='ocrx_word' id='word_1_426' title='bbox 2417 686 2523 725; x_wconf 88' lang='lat' dir='ltr'>nec</span> <span class='ocrx_word' id='word_1_427' title='bbox 2572 672 2851 743; x_wconf 88' lang='lat' dir='ltr'>cuiquam</span> <span class='ocrx_word' id='word_1_428' title='bbox 2904 675 3122 731; x_wconf 90' lang='lat' dir='ltr'>nubere</span> <span class='ocrx_word' id='word_1_429' title='bbox 3172 677 3229 732; x_wconf 92' lang='lat' dir='ltr'>in</span> <span class='ocrx_word' id='word_1_430' title='bbox 3260 678 3380 734; x_wconf 90' lang='lat' dir='ltr'>vita</span> <span class='ocrx_word' id='word_1_431' title='bbox 3410 686 3512 736; x_wconf 91' lang='lat' dir='ltr'>aut</span> <span class='ocrx_word' id='word_1_432' title='bbox 3542 691 3673 753; x_wconf 88' lang='lat' dir='ltr'>post</span> 
     </span>
    </p>
   </div>
   <div class='ocr_carea' id='block_1_66' title="bbox 2027 758 2491 814">
    <p class='ocr_par' dir='ltr' id='par_1_66' title="bbox 2027 758 2491 814">
     <span class='ocr_line' id='line_1_67' title="bbox 2027 758 2491 814; baseline 0 -1"><span class='ocrx_word' id='word_1_433' title='bbox 2027 762 2277 813; x_wconf 89' lang='lat' dir='ltr'>mortem</span> <span class='ocrx_word' id='word_1_434' title='bbox 2309 758 2491 814; x_wconf 91' lang='lat' dir='ltr'>illius.</span> 
     </span>
    </p>
   </div>
   <div class='ocr_carea' id='block_1_67' title="bbox 2029 846 3677 927">
    <p class='ocr_par' dir='ltr' id='par_1_67' title="bbox 2029 846 3677 927">
     <span class='ocr_line' id='line_1_68' title="bbox 2029 846 3677 927; baseline 0.011 -26"><span class='ocrx_word' id='word_1_435' title='bbox 2029 846 2167 901; x_wconf 92' lang='lat' dir='ltr'>CAP.</span> <span class='ocrx_word' id='word_1_436' title='bbox 2228 847 2419 902; x_wconf 90' lang='lat' dir='ltr'><strong>CVIII.</strong></span> <span class='ocrx_word' id='word_1_437' title='bbox 2471 850 2857 927; x_wconf 41' lang='lat' dir='ltr'>Ecetrasacros</span> <span class='ocrx_word' id='word_1_438' title='bbox 2887 853 3104 927; x_wconf 81' lang='lat' dir='ltr'>ordines</span> <span class='ocrx_word' id='word_1_439' title='bbox 3133 857 3440 927; x_wconf 86' lang='lat' dir='ltr'>constituti,</span> <span class='ocrx_word' id='word_1_440' title='bbox 3473 861 3677 919; x_wconf 87' lang='lat' dir='ltr'>ducant</span> 
     </span>
    </p>
   </div>
   <div class='ocr_carea' id='block_1_68' title="bbox 2251 923 3448 999">
    <p class='ocr_par' dir='ltr' id='par_1_68' title="bbox 2251 923 3448 999">
     <span class='ocr_line' id='line_1_69' title="bbox 2251 923 3448 999; baseline 0.01 -26"><span class='ocrx_word' id='word_1_441' title='bbox 2251 934 2452 975; x_wconf 72' lang='lat' dir='ltr'>uxores</span> <span class='ocrx_word' id='word_1_442' title='bbox 2480 925 2532 975; x_wconf 88' lang='lat' dir='ltr'>et</span> <span class='ocrx_word' id='word_1_443' title='bbox 2569 923 2810 977; x_wconf 71' lang='lat' dir='ltr'>exterius</span> <span class='ocrx_word' id='word_1_444' title='bbox 2841 925 3117 995; x_wconf 86' lang='lat' dir='ltr'>stipendia</span> <span class='ocrx_word' id='word_1_445' title='bbox 3148 923 3448 999; x_wconf 54' lang='lat' dir='ltr'>accipiant}</span> 
     </span>
    </p>
   </div>
   <div class='ocr_carea' id='block_1_69' title="bbox 2299 1009 3398 1091">
    <p class='ocr_par' dir='ltr' id='par_1_69' title="bbox 2299 1009 3398 1091">
     <span class='ocr_line' id='line_1_70' title="bbox 2299 1009 3398 1091; baseline 0.01 -27"><span class='ocrx_word' id='word_1_446' title='bbox 2299 1009 2609 1082; x_wconf 89' lang='lat' dir='ltr'>Gregorius</span> <span class='ocrx_word' id='word_1_447' title='bbox 2640 1014 2970 1084; x_wconf 88' lang='lat' dir='ltr'>Augustino</span> <span class='ocrx_word' id='word_1_448' title='bbox 3012 1017 3194 1089; x_wconf 88' lang='lat' dir='ltr'>episc.</span> <span class='ocrx_word' id='word_1_449' title='bbox 3229 1020 3398 1091; x_wconf 87' lang='lat' dir='ltr'>Angl.</span> 
     </span>
    </p>
   </div>
   <div class='ocr_carea' id='block_1_70' title="bbox 2097 1100 3673 1181">
    <p class='ocr_par' dir='ltr' id='par_1_70' title="bbox 2097 1100 3673 1181">
     <span class='ocr_line' id='line_1_71' title="bbox 2097 1100 3673 1181; baseline 0.01 -28"><span class='ocrx_word' id='word_1_450' title='bbox 2097 1100 2262 1169; x_wconf 91' lang='lat' dir='ltr'>(Dist.</span> <span class='ocrx_word' id='word_1_451' title='bbox 2298 1101 2388 1168; x_wconf 85' lang='lat'>32,</span> <span class='ocrx_word' id='word_1_452' title='bbox 2420 1116 2470 1155; x_wconf 92' lang='lat' dir='ltr'>c.</span> <span class='ocrx_word' id='word_1_453' title='bbox 2502 1102 2564 1155; x_wconf 87' lang='lat' dir='ltr'>Si</span> <span class='ocrx_word' id='word_1_454' title='bbox 2592 1104 2694 1173; x_wconf 88' lang='lat' dir='ltr'>qui</span> <span class='ocrx_word' id='word_1_455' title='bbox 2722 1119 2846 1159; x_wconf 88' lang='lat' dir='ltr'>vero</span> <span class='ocrx_word' id='word_1_456' title='bbox 2874 1108 3048 1178; x_wconf 89' lang='lat' dir='ltr'>sunt.)</span> <span class='ocrx_word' id='word_1_457' title='bbox 3082 1108 3142 1162; x_wconf 88' lang='lat' dir='ltr'>Si</span> <span class='ocrx_word' id='word_1_458' title='bbox 3172 1110 3273 1181; x_wconf 91' lang='lat' dir='ltr'>qui</span> <span class='ocrx_word' id='word_1_459' title='bbox 3307 1117 3449 1166; x_wconf 90' lang='lat' dir='ltr'>sunt</span> <span class='ocrx_word' id='word_1_460' title='bbox 3472 1113 3673 1169; x_wconf 87' lang='lat' dir='ltr'>clerici</span> 
     </span>
    </p>
   </div>
   <div class='ocr_carea' id='block_1_71' title="bbox 2023 1190 3678 1268">
    <p class='ocr_par' dir='ltr' id='par_1_71' title="bbox 2023 1190 3678 1268">
     <span class='ocr_line' id='line_1_72' title="bbox 2023 1190 3678 1268; baseline 0.009 -24"><span class='ocrx_word' id='word_1_461' title='bbox 2023 1193 2183 1245; x_wconf 80' lang='lat' dir='ltr'>extra</span> <span class='ocrx_word' id='word_1_462' title='bbox 2212 1206 2411 1246; x_wconf 89' lang='lat' dir='ltr'>sacros</span> <span class='ocrx_word' id='word_1_463' title='bbox 2433 1190 2669 1247; x_wconf 89' lang='lat' dir='ltr'>ordines</span> <span class='ocrx_word' id='word_1_464' title='bbox 2694 1194 3017 1267; x_wconf 88' lang='lat' dir='ltr'>constituti,</span> <span class='ocrx_word' id='word_1_465' title='bbox 3044 1196 3143 1268; x_wconf 91' lang='lat' dir='ltr'>qui</span> <span class='ocrx_word' id='word_1_466' title='bbox 3167 1198 3215 1253; x_wconf 90' lang='lat' dir='ltr'>si</span> <span class='ocrx_word' id='word_1_467' title='bbox 3242 1201 3539 1257; x_wconf 90' lang='lat' dir='ltr'>continere</span> <span class='ocrx_word' id='word_1_468' title='bbox 3565 1221 3678 1258; x_wconf 92' lang='lat' dir='ltr'>non</span> 
     </span>
    </p>
   </div>
   <div class='ocr_carea' id='block_1_72' title="bbox 2024 1279 3679 1359">
    <p class='ocr_par' dir='ltr' id='par_1_72' title="bbox 2024 1279 3679 1359">
     <span class='ocr_line' id='line_1_73' title="bbox 2024 1279 3679 1359; baseline 0.009 -26"><span class='ocrx_word' id='word_1_469' title='bbox 2024 1284 2295 1350; x_wconf 90' lang='lat' dir='ltr'>possunt,</span> <span class='ocrx_word' id='word_1_470' title='bbox 2330 1279 2527 1336; x_wconf 91' lang='lat' dir='ltr'>sortiri</span> <span class='ocrx_word' id='word_1_471' title='bbox 2562 1298 2769 1337; x_wconf 80' lang='lat' dir='ltr'>uxores</span> <span class='ocrx_word' id='word_1_472' title='bbox 2801 1283 3038 1355; x_wconf 89' lang='lat' dir='ltr'>debent,</span> <span class='ocrx_word' id='word_1_473' title='bbox 3070 1294 3125 1342; x_wconf 88' lang='lat' dir='ltr'>et</span> <span class='ocrx_word' id='word_1_474' title='bbox 3150 1287 3445 1359; x_wconf 91' lang='lat' dir='ltr'>stipendia</span> <span class='ocrx_word' id='word_1_475' title='bbox 3464 1309 3571 1347; x_wconf 90' lang='lat' dir='ltr'>sua</span> <span class='ocrx_word' id='word_1_476' title='bbox 3589 1309 3679 1348; x_wconf 86' lang='lat' dir='ltr'>ex-</span> 
     </span>
    </p>
   </div>
   <div class='ocr_carea' id='block_1_73' title="bbox 2024 1369 2546 1441">
    <p class='ocr_par' dir='ltr' id='par_1_73' title="bbox 2024 1369 2546 1441">
     <span class='ocr_line' id='line_1_74' title="bbox 2024 1369 2546 1441; baseline 0.002 -18"><span class='ocrx_word' id='word_1_477' title='bbox 2024 1369 2205 1425; x_wconf 88' lang='lat' dir='ltr'>terius</span> <span class='ocrx_word' id='word_1_478' title='bbox 2233 1370 2546 1441; x_wconf 87' lang='lat' dir='ltr'>accipiant.</span> 
     </span>
    </p>
   </div>
   <div class='ocr_carea' id='block_1_74' title="bbox 2229 1457 3470 1536">
    <p class='ocr_par' dir='ltr' id='par_1_74' title="bbox 2229 1457 3470 1536">
     <span class='ocr_line' id='line_1_75' title="bbox 2229 1457 3470 1536; baseline 0.01 -25"><span class='ocrx_word' id='word_1_479' title='bbox 2229 1457 2373 1514; x_wconf 88' lang='lat' dir='ltr'>CAP.</span> <span class='ocrx_word' id='word_1_480' title='bbox 2405 1457 2541 1513; x_wconf 89' lang='lat' dir='ltr'><strong>CIX.</strong></span> <span class='ocrx_word' id='word_1_481' title='bbox 2578 1460 2826 1517; x_wconf 83' lang='lat' dir='ltr'>Canones</span> <span class='ocrx_word' id='word_1_482' title='bbox 2862 1466 3263 1536; x_wconf 78' lang='lat' dir='ltr'>apostolorum,</span> <span class='ocrx_word' id='word_1_483' title='bbox 3294 1484 3343 1523; x_wconf 92' lang='lat' dir='ltr'>c.</span> <span class='ocrx_word' id='word_1_484' title='bbox 3378 1470 3470 1524; x_wconf 92' lang='lat'>27.</span> 
     </span>
    </p>
   </div>
   <div class='ocr_carea' id='block_1_75' title="bbox 2096 1546 3680 1631">
    <p class='ocr_par' dir='ltr' id='par_1_75' title="bbox 2096 1546 3680 1631">
     <span class='ocr_line' id='line_1_76' title="bbox 2096 1546 3680 1631; baseline 0.009 -31"><span class='ocrx_word' id='word_1_485' title='bbox 2096 1549 2159 1601; x_wconf 93' lang='lat' dir='ltr'><strong>In</strong></span> <span class='ocrx_word' id='word_1_486' title='bbox 2191 1546 2417 1619; x_wconf 88' lang='lat' dir='ltr'>nuptiis</span> <span class='ocrx_word' id='word_1_487' title='bbox 2446 1548 2547 1618; x_wconf 92' lang='lat' dir='ltr'>qui</span> <span class='ocrx_word' id='word_1_488' title='bbox 2582 1549 2652 1603; x_wconf 91' lang='lat' dir='ltr'>ad</span> <span class='ocrx_word' id='word_1_489' title='bbox 2686 1549 2908 1607; x_wconf 91' lang='lat' dir='ltr'>clerum</span> <span class='ocrx_word' id='word_1_490' title='bbox 2941 1555 3184 1624; x_wconf 84' lang='lat' dir='ltr'>profecti</span> <span class='ocrx_word' id='word_1_491' title='bbox 3215 1561 3374 1625; x_wconf 89' lang='lat' dir='ltr'>sunt,</span> <span class='ocrx_word' id='word_1_492' title='bbox 3408 1559 3680 1631; x_wconf 67' lang='lat' dir='ltr'>praecipi-</span> 
     </span>
    </p>
   </div>
   <div class='ocr_carea' id='block_1_76' title="bbox 2025 1635 3669 1715">
    <p class='ocr_par' dir='ltr' id='par_1_76' title="bbox 2025 1635 3669 1715">
     <span class='ocr_line' id='line_1_77' title="bbox 2025 1635 3669 1715; baseline 0.009 -26"><span class='ocrx_word' id='word_1_493' title='bbox 2025 1651 2159 1691; x_wconf 91' lang='lat' dir='ltr'>mus</span> <span class='ocrx_word' id='word_1_494' title='bbox 2185 1639 2268 1701; x_wconf 90' lang='lat' dir='ltr'>ut,</span> <span class='ocrx_word' id='word_1_495' title='bbox 2301 1635 2351 1689; x_wconf 91' lang='lat' dir='ltr'>si</span> <span class='ocrx_word' id='word_1_496' title='bbox 2379 1635 2693 1705; x_wconf 88' lang='lat' dir='ltr'>voluerint,</span> <span class='ocrx_word' id='word_1_497' title='bbox 2740 1656 2952 1696; x_wconf 89' lang='lat' dir='ltr'>uxores</span> <span class='ocrx_word' id='word_1_498' title='bbox 2977 1642 3308 1715; x_wconf 87' lang='lat' dir='ltr'>accipiant:</span> <span class='ocrx_word' id='word_1_499' title='bbox 3353 1647 3452 1702; x_wconf 89' lang='lat' dir='ltr'>sed</span> <span class='ocrx_word' id='word_1_500' title='bbox 3486 1647 3669 1704; x_wconf 88' lang='lat' dir='ltr'>lecto-</span> 
     </span>
    </p>
   </div>
   <div class='ocr_carea' id='block_1_77' title="bbox 2023 1728 3003 1797">
    <p class='ocr_par' dir='ltr' id='par_1_77' title="bbox 2023 1728 3003 1797">
     <span class='ocr_line' id='line_1_78' title="bbox 2023 1728 3003 1797; baseline 0.008 -19"><span class='ocrx_word' id='word_1_501' title='bbox 2023 1740 2118 1779; x_wconf 89' lang='lat' dir='ltr'>res</span> <span class='ocrx_word' id='word_1_502' title='bbox 2146 1728 2533 1797; x_wconf 90' lang='lat' dir='ltr'>cantoresque</span> <span class='ocrx_word' id='word_1_503' title='bbox 2564 1730 3003 1785; x_wconf 89' lang='lat' dir='ltr'>tantummodo.</span> 
     </span>
    </p>
   </div>
   <div class='ocr_carea' id='block_1_78' title="bbox 1945 1788 3673 1881">
    <p class='ocr_par' dir='ltr' id='par_1_78' title="bbox 1945 1788 3673 1881">
     <span class='ocr_line' id='line_1_79' title="bbox 1945 1788 3673 1881; baseline 0.008 -15"><span class='ocrx_word' id='word_1_504' title='bbox 1945 1788 1991 1852; x_wconf 83' lang='lat' dir='ltr'><strong>B</strong></span> <span class='ocrx_word' id='word_1_505' title='bbox 2023 1813 2155 1870; x_wconf 80' lang='lat' dir='ltr'>CAP.</span> <span class='ocrx_word' id='word_1_506' title='bbox 2188 1814 2297 1870; x_wconf 89' lang='lat' dir='ltr'>CX.</span> <span class='ocrx_word' id='word_1_507' title='bbox 2349 1788 2467 1871; x_wconf 75' lang='lat' dir='ltr'>Non</span> <span class='ocrx_word' id='word_1_508' title='bbox 2527 1816 2655 1871; x_wconf 88' lang='lat' dir='ltr'>licet</span> <span class='ocrx_word' id='word_1_509' title='bbox 2710 1818 2931 1874; x_wconf 81' lang='lat' dir='ltr'>clericis</span> <span class='ocrx_word' id='word_1_510' title='bbox 2985 1822 3219 1876; x_wconf 86' lang='lat' dir='ltr'>alterius</span> <span class='ocrx_word' id='word_1_511' title='bbox 3247 1833 3412 1881; x_wconf 65' lang='lat' dir='ltr'>secta?</span> <span class='ocrx_word' id='word_1_512' title='bbox 3441 1840 3673 1881; x_wconf 75' lang='lat' dir='ltr'>uxorem</span> 
     </span>
    </p>
   </div>
   <div class='ocr_carea' id='block_1_79' title="bbox 2709 1891 2983 1959">
    <p class='ocr_par' dir='ltr' id='par_1_79' title="bbox 2709 1891 2983 1959">
     <span class='ocr_line' id='line_1_80' title="bbox 2709 1891 2983 1959; baseline 0.007 -15"><span class='ocrx_word' id='word_1_513' title='bbox 2709 1891 2983 1959; x_wconf 87' lang='lat' dir='ltr'>accipere.</span> 
     </span>
    </p>
   </div>
   <div class='ocr_carea' id='block_1_80' title="bbox 2503 1978 3188 2036">
    <p class='ocr_par' dir='ltr' id='par_1_80' title="bbox 2503 1978 3188 2036">
     <span class='ocr_line' id='line_1_81' title="bbox 2503 1978 3188 2036; baseline 0.006 -4"><span class='ocrx_word' id='word_1_514' title='bbox 2503 1978 2677 2033; x_wconf 90' lang='lat' dir='ltr'>Conc.</span> <span class='ocrx_word' id='word_1_515' title='bbox 2710 1978 2981 2035; x_wconf 90' lang='lat' dir='ltr'>Chalced.</span> <span class='ocrx_word' id='word_1_516' title='bbox 3016 1998 3064 2036; x_wconf 92' lang='lat' dir='ltr'>c.</span> <span class='ocrx_word' id='word_1_517' title='bbox 3103 1982 3188 2036; x_wconf 83' lang='grc'>14.</span> 
     </span>
    </p>
   </div>
   <div class='ocr_carea' id='block_1_81' title="bbox 2092 2063 3674 2145">
    <p class='ocr_par' dir='ltr' id='par_1_81' title="bbox 2092 2063 3674 2145">
     <span class='ocr_line' id='line_1_82' title="bbox 2092 2063 3674 2145; baseline 0.012 -29"><span class='ocrx_word' id='word_1_518' title='bbox 2092 2063 2264 2132; x_wconf 89' lang='lat' dir='ltr'>(Dist.</span> <span class='ocrx_word' id='word_1_519' title='bbox 2324 2066 2413 2134; x_wconf 92' lang='lat'>32,</span> <span class='ocrx_word' id='word_1_520' title='bbox 2472 2082 2522 2120; x_wconf 91' lang='lat' dir='ltr'>c.</span> <span class='ocrx_word' id='word_1_521' title='bbox 2556 2067 2828 2133; x_wconf 85' lang='lat' dir='ltr'>Quoniam</span> <span class='ocrx_word' id='word_1_522' title='bbox 2868 2070 2929 2123; x_wconf 87' lang='lat' dir='ltr'>in</span> <span class='ocrx_word' id='word_1_523' title='bbox 2979 2070 3355 2145; x_wconf 85' lang='lat' dir='ltr'>quibusdam.)</span> <span class='ocrx_word' id='word_1_524' title='bbox 3388 2076 3674 2139; x_wconf 88' lang='lat' dir='ltr'>Quoniam</span> 
     </span>
    </p>
   </div>
   <div class='ocr_carea' id='block_1_82' title="bbox 2022 2152 3678 2237">
    <p class='ocr_par' dir='ltr' id='par_1_82' title="bbox 2022 2152 3678 2237">
     <span class='ocr_line' id='line_1_83' title="bbox 2022 2152 3678 2237; baseline 0.01 -30"><span class='ocrx_word' id='word_1_525' title='bbox 2022 2152 2082 2209; x_wconf 94' lang='lat' dir='ltr'>in</span> <span class='ocrx_word' id='word_1_526' title='bbox 2112 2152 2467 2224; x_wconf 90' lang='lat' dir='ltr'>quibusdam</span> <span class='ocrx_word' id='word_1_527' title='bbox 2500 2155 2817 2226; x_wconf 91' lang='lat' dir='ltr'>provinciis</span> <span class='ocrx_word' id='word_1_528' title='bbox 2850 2174 3196 2215; x_wconf 91' lang='lat' dir='ltr'>concessum</span> <span class='ocrx_word' id='word_1_529' title='bbox 3218 2168 3308 2218; x_wconf 91' lang='lat' dir='ltr'>est</span> <span class='ocrx_word' id='word_1_530' title='bbox 3337 2162 3678 2237; x_wconf 88' lang='lat' dir='ltr'>lectoribus,</span> 
     </span>
    </p>
   </div>
   <div class='ocr_carea' id='block_1_83' title="bbox 2023 2243 3679 2328">
    <p class='ocr_par' dir='ltr' id='par_1_83' title="bbox 2023 2243 3679 2328">
     <span class='ocr_line' id='line_1_84' title="bbox 2023 2243 3679 2328; baseline 0.007 -28"><span class='ocrx_word' id='word_1_531' title='bbox 2023 2248 2079 2301; x_wconf 89' lang='lat' dir='ltr'>et</span> <span class='ocrx_word' id='word_1_532' title='bbox 2110 2243 2460 2315; x_wconf 89' lang='lat' dir='ltr'>psalmistis,</span> <span class='ocrx_word' id='word_1_533' title='bbox 2494 2262 2704 2303; x_wconf 89' lang='lat' dir='ltr'>uxores</span> <span class='ocrx_word' id='word_1_534' title='bbox 2735 2248 2969 2319; x_wconf 85' lang='lat' dir='ltr'>ducere,</span> <span class='ocrx_word' id='word_1_535' title='bbox 3013 2252 3318 2307; x_wconf 90' lang='lat' dir='ltr'>constituit</span> <span class='ocrx_word' id='word_1_536' title='bbox 3349 2260 3551 2311; x_wconf 83' lang='lat' dir='ltr'>sancta</span> <span class='ocrx_word' id='word_1_537' title='bbox 3583 2274 3679 2328; x_wconf 80' lang='lat' dir='ltr'>sy-</span> 
     </span>
    </p>
   </div>
   <div class='ocr_carea' id='block_1_84' title="bbox 2025 2334 3679 2415">
    <p class='ocr_par' dir='ltr' id='par_1_84' title="bbox 2025 2334 3679 2415">
     <span class='ocr_line' id='line_1_85' title="bbox 2025 2334 3679 2415; baseline 0.007 -27"><span class='ocrx_word' id='word_1_538' title='bbox 2025 2334 2240 2400; x_wconf 90' lang='lat' dir='ltr'>nodus,</span> <span class='ocrx_word' id='word_1_539' title='bbox 2273 2351 2388 2389; x_wconf 92' lang='lat' dir='ltr'>non</span> <span class='ocrx_word' id='word_1_540' title='bbox 2448 2334 2623 2392; x_wconf 87' lang='lat' dir='ltr'>licere</span> <span class='ocrx_word' id='word_1_541' title='bbox 2684 2337 2959 2408; x_wconf 87' lang='lat' dir='ltr'>cuiquam</span> <span class='ocrx_word' id='word_1_542' title='bbox 2992 2355 3059 2394; x_wconf 86' lang='lat' dir='ltr'>ex</span> <span class='ocrx_word' id='word_1_543' title='bbox 3090 2340 3183 2396; x_wconf 90' lang='lat' dir='ltr'>his</span> <span class='ocrx_word' id='word_1_544' title='bbox 3212 2342 3474 2415; x_wconf 89' lang='lat' dir='ltr'>accipere</span> <span class='ocrx_word' id='word_1_545' title='bbox 3507 2350 3679 2401; x_wconf 69' lang='lat' dir='ltr'>secta:</span> 
     </span>
    </p>
   </div>
   <div class='ocr_carea' id='block_1_85' title="bbox 2026 2420 2563 2479">
    <p class='ocr_par' dir='ltr' id='par_1_85' title="bbox 2026 2420 2563 2479">
     <span class='ocr_line' id='line_1_86' title="bbox 2026 2420 2563 2479; baseline 0.004 -2"><span class='ocrx_word' id='word_1_546' title='bbox 2026 2420 2269 2478; x_wconf 86' lang='lat' dir='ltr'>alterius</span> <span class='ocrx_word' id='word_1_547' title='bbox 2302 2440 2563 2479; x_wconf 84' lang='lat' dir='ltr'>uxorem.</span> 
     </span>
    </p>
   </div>
   <div class='ocr_carea' id='block_1_86' title="bbox 2029 2511 3674 2587">
    <p class='ocr_par' dir='ltr' id='par_1_86' title="bbox 2029 2511 3674 2587">
     <span class='ocr_line' id='line_1_87' title="bbox 2029 2511 3674 2587; baseline 0.007 -22"><span class='ocrx_word' id='word_1_548' title='bbox 2029 2511 2158 2566; x_wconf 75' lang='lat' dir='ltr'>CsP.</span> <span class='ocrx_word' id='word_1_549' title='bbox 2194 2511 2305 2566; x_wconf 88' lang='lat' dir='ltr'>CXI</span> <span class='ocrx_word' id='word_1_550' title='bbox 2336 2514 2580 2569; x_wconf 87' lang='lat' dir='ltr'>Lectores</span> <span class='ocrx_word' id='word_1_551' title='bbox 2612 2519 2712 2569; x_wconf 90' lang='lat' dir='ltr'>aut</span> <span class='ocrx_word' id='word_1_552' title='bbox 2743 2531 2943 2570; x_wconf 72' lang='lat' dir='ltr'>uxores</span> <span class='ocrx_word' id='word_1_553' title='bbox 2987 2516 3218 2587; x_wconf 86' lang='lat' dir='ltr'>ducant,</span> <span class='ocrx_word' id='word_1_554' title='bbox 3252 2523 3351 2573; x_wconf 85' lang='lat' dir='ltr'>aut</span> <span class='ocrx_word' id='word_1_555' title='bbox 3388 2523 3674 2579; x_wconf 80' lang='lat' dir='ltr'>continen-</span> 
     </span>
    </p>
   </div>
   <div class='ocr_carea' id='block_1_87' title="bbox 2522 2588 3173 2657">
    <p class='ocr_par' dir='ltr' id='par_1_87' title="bbox 2522 2588 3173 2657">
     <span class='ocr_line' id='line_1_88' title="bbox 2522 2588 3173 2657; baseline 0.008 -18"><span class='ocrx_word' id='word_1_556' title='bbox 2522 2588 2775 2641; x_wconf 86' lang='lat' dir='ltr'>nentiam</span> <span class='ocrx_word' id='word_1_557' title='bbox 2787 2589 3173 2657; x_wconf 81' lang='lat' dir='ltr'>proﬁteantur.</span> 
     </span>
    </p>
   </div>
   <div class='ocr_carea' id='block_1_88' title="bbox 2523 2674 3178 2747">
    <p class='ocr_par' dir='ltr' id='par_1_88' title="bbox 2523 2674 3178 2747">
     <span class='ocr_line' id='line_1_89' title="bbox 2523 2674 3178 2747; baseline 0.002 -18"><span class='ocrx_word' id='word_1_558' title='bbox 2523 2674 2701 2729; x_wconf 90' lang='lat' dir='ltr'>Conc.</span> <span class='ocrx_word' id='word_1_559' title='bbox 2733 2674 3034 2747; x_wconf 88' lang='lat' dir='ltr'>Carthag.,</span> <span class='ocrx_word' id='word_1_560' title='bbox 3069 2692 3117 2730; x_wconf 94' lang='lat' dir='ltr'>c.</span> <span class='ocrx_word' id='word_1_561' title='bbox 3144 2678 3178 2730; x_wconf 89' lang='lat'><em>3</em></span> 
     </span>
    </p>
   </div>
   <div class='ocr_carea' id='block_1_89' title="bbox 2094 2758 3669 2833">
    <p class='ocr_par' dir='ltr' id='par_1_89' title="bbox 2094 2758 3669 2833">
     <span class='ocr_line' id='line_1_90' title="bbox 2094 2758 3669 2833; baseline 0.008 -21"><span class='ocrx_word' id='word_1_562' title='bbox 2094 2758 2263 2829; x_wconf 88' lang='lat' dir='ltr'>(Dist.</span> <span class='ocrx_word' id='word_1_563' title='bbox 2319 2760 2411 2828; x_wconf 85' lang='lat'>32,</span> <span class='ocrx_word' id='word_1_564' title='bbox 2470 2777 2520 2815; x_wconf 91' lang='lat' dir='ltr'>c.</span> <span class='ocrx_word' id='word_1_565' title='bbox 2573 2765 2858 2833; x_wconf 77' lang='lat' dir='ltr'>Lectores.)</span> <span class='ocrx_word' id='word_1_566' title='bbox 2911 2764 3177 2821; x_wconf 91' lang='lat' dir='ltr'>Lectores</span> <span class='ocrx_word' id='word_1_567' title='bbox 3210 2783 3346 2822; x_wconf 91' lang='lat' dir='ltr'>cum</span> <span class='ocrx_word' id='word_1_568' title='bbox 3379 2768 3449 2823; x_wconf 88' lang='lat' dir='ltr'>ad</span> <span class='ocrx_word' id='word_1_569' title='bbox 3483 2785 3669 2824; x_wconf 90' lang='lat' dir='ltr'>annos</span> 
     </span>
    </p>
   </div>
   <div class='ocr_carea' id='block_1_90' title="bbox 2024 2848 3666 2927">
    <p class='ocr_par' dir='ltr' id='par_1_90' title="bbox 2024 2848 3666 2927">
     <span class='ocr_line' id='line_1_91' title="bbox 2024 2848 3666 2927; baseline 0.007 -26"><span class='ocrx_word' id='word_1_570' title='bbox 2024 2848 2346 2918; x_wconf 89' lang='lat' dir='ltr'>pubertatis</span> <span class='ocrx_word' id='word_1_571' title='bbox 2402 2849 2666 2921; x_wconf 87' lang='lat' dir='ltr'>veniunt,</span> <span class='ocrx_word' id='word_1_572' title='bbox 2727 2856 3009 2923; x_wconf 88' lang='lat' dir='ltr'>cogantur</span> <span class='ocrx_word' id='word_1_573' title='bbox 3041 2858 3143 2909; x_wconf 90' lang='lat' dir='ltr'>aut</span> <span class='ocrx_word' id='word_1_574' title='bbox 3194 2872 3400 2912; x_wconf 88' lang='lat' dir='ltr'>uxores</span> <span class='ocrx_word' id='word_1_575' title='bbox 3433 2858 3666 2927; x_wconf 89' lang='lat' dir='ltr'>ducere,</span> 
     </span>
    </p>
   </div>
   <div class='ocr_carea' id='block_1_91' title="bbox 2023 2938 2888 3011">
    <p class='ocr_par' dir='ltr' id='par_1_91' title="bbox 2023 2938 2888 3011">
     <span class='ocr_line' id='line_1_92' title="bbox 2023 2938 2888 3011; baseline 0.002 -20"><span class='ocrx_word' id='word_1_576' title='bbox 2023 2941 2122 2992; x_wconf 87' lang='lat' dir='ltr'>aut</span> <span class='ocrx_word' id='word_1_577' title='bbox 2153 2938 2576 2993; x_wconf 89' lang='lat' dir='ltr'>continentiam</span> <span class='ocrx_word' id='word_1_578' title='bbox 2611 2940 2888 3011; x_wconf 84' lang='lat' dir='ltr'>profiteri.</span> 
     </span>
    </p>
   </div>
   <div class='ocr_carea' id='block_1_92' title="bbox 2016 3024 3659 3100">
    <p class='ocr_par' dir='ltr' id='par_1_92' title="bbox 2016 3024 3659 3100">
     <span class='ocr_line' id='line_1_93' title="bbox 2016 3024 3659 3100; baseline 0.004 -19"><span class='ocrx_word' id='word_1_579' title='bbox 2016 3026 2148 3081; x_wconf 91' lang='lat' dir='ltr'>CAP.</span> <span class='ocrx_word' id='word_1_580' title='bbox 2179 3024 2340 3081; x_wconf 87' lang='lat' dir='ltr'><strong>CXII.</strong></span> <span class='ocrx_word' id='word_1_581' title='bbox 2398 3028 2514 3081; x_wconf 80' lang='lat' dir='ltr'>Non</span> <span class='ocrx_word' id='word_1_582' title='bbox 2545 3028 2790 3083; x_wconf 82' lang='lat' dir='ltr'>habitent</span> <span class='ocrx_word' id='word_1_583' title='bbox 2819 3046 2944 3084; x_wconf 89' lang='lat' dir='ltr'>cum</span> <span class='ocrx_word' id='word_1_584' title='bbox 2973 3030 3190 3085; x_wconf 89' lang='lat' dir='ltr'>clericis</span> <span class='ocrx_word' id='word_1_585' title='bbox 3213 3032 3496 3100; x_wconf 85' lang='lat' dir='ltr'>mulieres,</span> <span class='ocrx_word' id='word_1_586' title='bbox 3542 3035 3659 3088; x_wconf 82' lang='lat' dir='ltr'>nisi</span> 
     </span>
    </p>
   </div>
   <div class='ocr_carea' id='block_1_93' title="bbox 2090 3100 3658 3224">
    <p class='ocr_par' dir='ltr' id='par_1_93' title="bbox 2090 3100 3658 3224">
     <span class='ocr_line' id='line_1_94' title="bbox 2090 3100 3658 3224; baseline 0.006 -73"><span class='ocrx_word' id='word_1_587' title='bbox 2090 3113 2227 3224; x_wconf 48' lang='lat' dir='ltr'>auset</span> <span class='ocrx_word' id='word_1_588' title='bbox 2256 3100 2508 3153; x_wconf 86' lang='lat' dir='ltr'>naturali</span> <span class='ocrx_word' id='word_1_589' title='bbox 2551 3100 2754 3170; x_wconf 72' lang='lat' dir='ltr'>fwdere</span> <span class='ocrx_word' id='word_1_590' title='bbox 2810 3116 3026 3157; x_wconf 90' lang='lat' dir='ltr'>omnem</span> <span class='ocrx_word' id='word_1_591' title='bbox 3078 3105 3658 3174; x_wconf 69' lang='lat' dir='ltr'>suspicionemescclu-</span> 
     </span>
     <span class='ocr_line' id='line_1_95' title="bbox 2127 3186 2246 3224; baseline -0.008 0"><span class='ocrx_word' id='word_1_592' title='bbox 2127 3186 2201 3224; x_wconf 88' lang='lat' dir='ltr'>un</span> <span class='ocrx_word' id='word_1_593' title='bbox 2234 3210 2246 3223; x_wconf 95' lang='lat'>.</span> 
     </span>
    </p>
   </div>
   <div class='ocr_carea' id='block_1_94' title="bbox 2127 3186 2246 3224">
    <p class='ocr_par' dir='ltr' id='par_1_94' title="bbox 2127 3186 2246 3224">
     <span class='ocr_line' id='line_1_96' title="bbox 2127 3186 2246 3224; baseline -0.008 0"><span class='ocrx_word' id='word_1_594' title='bbox 2127 3186 2246 3224; x_wconf 81' lang='lat' dir='ltr'>unt.</span> 
     </span>
    </p>
   </div>
   <div class='ocr_carea' id='block_1_95' title="bbox 2538 3241 3162 3311">
    <p class='ocr_par' dir='ltr' id='par_1_95' title="bbox 2538 3241 3162 3311">
     <span class='ocr_line' id='line_1_97' title="bbox 2538 3241 3162 3311; baseline 0.005 -14"><span class='ocrx_word' id='word_1_595' title='bbox 2538 3241 2714 3297; x_wconf 92' lang='lat' dir='ltr'>Conc.</span> <span class='ocrx_word' id='word_1_596' title='bbox 2751 3242 2994 3311; x_wconf 85' lang='lat' dir='ltr'>Nicasn.,</span> <span class='ocrx_word' id='word_1_597' title='bbox 3024 3260 3075 3300; x_wconf 89' lang='grc' dir='ltr'>ο.</span> <span class='ocrx_word' id='word_1_598' title='bbox 3108 3246 3162 3300; x_wconf 90' lang='grc'>3.</span> 
     </span>
    </p>
   </div>
   <div class='ocr_carea' id='block_1_96' title="bbox 2095 3329 3674 3405">
    <p class='ocr_par' dir='ltr' id='par_1_96' title="bbox 2095 3329 3674 3405">
     <span class='ocr_line' id='line_1_98' title="bbox 2095 3329 3674 3405; baseline 0.005 -22"><span class='ocrx_word' id='word_1_599' title='bbox 2095 3329 2266 3400; x_wconf 85' lang='lat' dir='ltr'>(Dist.</span> <span class='ocrx_word' id='word_1_600' title='bbox 2297 3330 2387 3400; x_wconf 85' lang='lat'>32,</span> <span class='ocrx_word' id='word_1_601' title='bbox 2422 3346 2472 3384; x_wconf 93' lang='lat' dir='ltr'>c.</span> <span class='ocrx_word' id='word_1_602' title='bbox 2506 3331 2847 3401; x_wconf 72' lang='lat' dir='ltr'>Interdixit.)</span> <span class='ocrx_word' id='word_1_603' title='bbox 2873 3333 3175 3389; x_wconf 83' lang='lat' dir='ltr'>Interdixit</span> <span class='ocrx_word' id='word_1_604' title='bbox 3198 3351 3302 3405; x_wconf 89' lang='lat' dir='ltr'>per</span> <span class='ocrx_word' id='word_1_605' title='bbox 3321 3336 3521 3391; x_wconf 90' lang='lat' dir='ltr'>omnia</span> <span class='ocrx_word' id='word_1_606' title='bbox 3538 3353 3674 3391; x_wconf 80' lang='lat' dir='ltr'>san-</span> 
     </span>
    </p>
   </div>
   <div class='ocr_carea' id='block_1_97' title="bbox 1916 3418 3673 3494">
    <p class='ocr_par' dir='ltr' id='par_1_97' title="bbox 1916 3418 3673 3494">
     <span class='ocr_line' id='line_1_99' title="bbox 1916 3418 3673 3494; baseline 0.005 -24"><span class='ocrx_word' id='word_1_607' title='bbox 1916 3444 1927 3453; x_wconf 82' lang='lat'><strong>-</strong></span> <span class='ocrx_word' id='word_1_608' title='bbox 2024 3421 2117 3471; x_wconf 88' lang='lat' dir='ltr'>cta</span> <span class='ocrx_word' id='word_1_609' title='bbox 2173 3418 2452 3490; x_wconf 84' lang='lat' dir='ltr'>synodus,</span> <span class='ocrx_word' id='word_1_610' title='bbox 2514 3435 2629 3474; x_wconf 92' lang='lat' dir='ltr'>non</span> <span class='ocrx_word' id='word_1_611' title='bbox 2681 3419 2976 3491; x_wconf 89' lang='lat' dir='ltr'>episcopo,</span> <span class='ocrx_word' id='word_1_612' title='bbox 3012 3438 3125 3476; x_wconf 93' lang='lat' dir='ltr'>non</span> <span class='ocrx_word' id='word_1_613' title='bbox 3163 3424 3524 3494; x_wconf 80' lang='lat' dir='ltr'>presbytero,</span> <span class='ocrx_word' id='word_1_614' title='bbox 3556 3441 3673 3479; x_wconf 91' lang='lat' dir='ltr'>non</span> 
     </span>
    </p>
   </div>
   <div class='ocr_carea' id='block_1_98' title="bbox 2025 3504 3674 3579">
    <p class='ocr_par' dir='ltr' id='par_1_98' title="bbox 2025 3504 3674 3579">
     <span class='ocr_line' id='line_1_100' title="bbox 2025 3504 3674 3579; baseline 0.005 -21"><span class='ocrx_word' id='word_1_615' title='bbox 2025 3504 2293 3571; x_wconf 90' lang='lat' dir='ltr'>diacono,</span> <span class='ocrx_word' id='word_1_616' title='bbox 2352 3523 2467 3562; x_wconf 92' lang='lat' dir='ltr'>non</span> <span class='ocrx_word' id='word_1_617' title='bbox 2500 3505 2675 3561; x_wconf 91' lang='lat' dir='ltr'>alicui</span> <span class='ocrx_word' id='word_1_618' title='bbox 2708 3507 2949 3562; x_wconf 88' lang='lat' dir='ltr'>omnino</span> <span class='ocrx_word' id='word_1_619' title='bbox 2982 3508 3081 3579; x_wconf 90' lang='lat' dir='ltr'>qui</span> <span class='ocrx_word' id='word_1_620' title='bbox 3115 3509 3174 3563; x_wconf 89' lang='lat' dir='ltr'>in</span> <span class='ocrx_word' id='word_1_621' title='bbox 3206 3509 3359 3565; x_wconf 92' lang='lat' dir='ltr'>clero</span> <span class='ocrx_word' id='word_1_622' title='bbox 3381 3515 3471 3565; x_wconf 91' lang='lat' dir='ltr'>est</span> <span class='ocrx_word' id='word_1_623' title='bbox 3499 3510 3674 3567; x_wconf 85' lang='lat' dir='ltr'>licere</span> 
     </span>
    </p>
   </div>
   <div class='ocr_carea' id='block_1_99' title="bbox 2024 3594 3673 3666">
    <p class='ocr_par' dir='ltr' id='par_1_99' title="bbox 2024 3594 3673 3666">
     <span class='ocr_line' id='line_1_101' title="bbox 2024 3594 3673 3666; baseline 0.005 -19"><span class='ocrx_word' id='word_1_624' title='bbox 2024 3594 2327 3649; x_wconf 90' lang='lat' dir='ltr'>subintrod</span> <span class='ocrx_word' id='word_1_625' title='bbox 2340 3603 2531 3649; x_wconf 89' lang='lat' dir='ltr'>uctam</span> <span class='ocrx_word' id='word_1_626' title='bbox 2548 3594 2851 3653; x_wconf 89' lang='lat' dir='ltr'>mulierem</span> <span class='ocrx_word' id='word_1_627' title='bbox 2866 3595 3103 3666; x_wconf 89' lang='lat' dir='ltr'>habere,</span> <span class='ocrx_word' id='word_1_628' title='bbox 3121 3597 3235 3653; x_wconf 88' lang='lat' dir='ltr'>nisi</span> <span class='ocrx_word' id='word_1_629' title='bbox 3258 3598 3404 3655; x_wconf 83' lang='lat' dir='ltr'>forte</span> <span class='ocrx_word' id='word_1_630' title='bbox 3428 3604 3673 3655; x_wconf 89' lang='lat' dir='ltr'>matrem</span> 
     </span>
    </p>
   </div>
   <div class='ocr_carea' id='block_1_100' title="bbox 2025 3686 3674 3754">
    <p class='ocr_par' dir='ltr' id='par_1_100' title="bbox 2025 3686 3674 3754">
     <span class='ocr_line' id='line_1_102' title="bbox 2025 3686 3674 3754; baseline 0.004 -17"><span class='ocrx_word' id='word_1_631' title='bbox 2025 3686 2127 3737; x_wconf 91' lang='lat' dir='ltr'>aut</span> <span class='ocrx_word' id='word_1_632' title='bbox 2178 3699 2435 3739; x_wconf 92' lang='lat' dir='ltr'>sororem</span> <span class='ocrx_word' id='word_1_633' title='bbox 2486 3690 2588 3739; x_wconf 90' lang='lat' dir='ltr'>aut</span> <span class='ocrx_word' id='word_1_634' title='bbox 2648 3686 2914 3754; x_wconf 87' lang='lat' dir='ltr'>amitam,</span> <span class='ocrx_word' id='word_1_635' title='bbox 2950 3695 3049 3741; x_wconf 89' lang='lat' dir='ltr'>aut</span> <span class='ocrx_word' id='word_1_636' title='bbox 3095 3686 3271 3741; x_wconf 90' lang='lat' dir='ltr'>etiam</span> <span class='ocrx_word' id='word_1_637' title='bbox 3303 3704 3403 3743; x_wconf 90' lang='lat' dir='ltr'>eas</span> <span class='ocrx_word' id='word_1_638' title='bbox 3433 3687 3674 3743; x_wconf 89' lang='lat' dir='ltr'>idoneas</span> 
     </span>
    </p>
   </div>
   <div class='ocr_carea' id='block_1_101' title="bbox 2025 3774 3151 3845">
    <p class='ocr_par' dir='ltr' id='par_1_101' title="bbox 2025 3774 3151 3845">
     <span class='ocr_line' id='line_1_103' title="bbox 2025 3774 3151 3845; baseline 0.004 -19"><span class='ocrx_word' id='word_1_639' title='bbox 2025 3788 2303 3841; x_wconf 89' lang='lat' dir='ltr'>personas</span> <span class='ocrx_word' id='word_1_640' title='bbox 2334 3790 2460 3845; x_wconf 71' lang='lat' dir='ltr'>qua:</span> <span class='ocrx_word' id='word_1_641' title='bbox 2497 3774 2729 3845; x_wconf 84' lang='lat' dir='ltr'>fugiunt</span> <span class='ocrx_word' id='word_1_642' title='bbox 2759 3774 3151 3845; x_wconf 87' lang='lat' dir='ltr'>suspiciones.</span> 
     </span>
    </p>
   </div>
   <div class='ocr_carea' id='block_1_102' title="bbox 2024 3860 3677 3934">
    <p class='ocr_par' dir='ltr' id='par_1_102' title="bbox 2024 3860 3677 3934">
     <span class='ocr_line' id='line_1_104' title="bbox 2024 3860 3677 3934; baseline 0.004 -19"><span class='ocrx_word' id='word_1_643' title='bbox 2024 3860 2159 3915; x_wconf 84' lang='lat' dir='ltr'>CAP.</span> <span class='ocrx_word' id='word_1_644' title='bbox 2194 3863 2386 3918; x_wconf 80' lang='lat' dir='ltr'><strong>CXIII.</strong></span> <span class='ocrx_word' id='word_1_645' title='bbox 2423 3864 2712 3933; x_wconf 86' lang='lat' dir='ltr'>Presbyter</span> <span class='ocrx_word' id='word_1_646' title='bbox 2740 3879 2923 3918; x_wconf 86' lang='lat' dir='ltr'>causa</span> <span class='ocrx_word' id='word_1_647' title='bbox 2970 3863 3259 3934; x_wconf 85' lang='lat' dir='ltr'>religionis</span> <span class='ocrx_word' id='word_1_648' title='bbox 3291 3881 3400 3920; x_wconf 85' lang='lat' dir='ltr'>non</span> <span class='ocrx_word' id='word_1_649' title='bbox 3432 3869 3677 3921; x_wconf 86' lang='lat' dir='ltr'>contem-</span> 
     </span>
    </p>
   </div>
   <div class='ocr_carea' id='block_1_103' title="bbox 2499 3936 3199 4004">
    <p class='ocr_par' dir='ltr' id='par_1_103' title="bbox 2499 3936 3199 4004">
     <span class='ocr_line' id='line_1_105' title="bbox 2499 3936 3199 4004; baseline 0.001 -16"><span class='ocrx_word' id='word_1_650' title='bbox 2499 3940 2597 3988; x_wconf 88' lang='lat' dir='ltr'>nat</span> <span class='ocrx_word' id='word_1_651' title='bbox 2624 3936 2919 4004; x_wconf 86' lang='lat' dir='ltr'>propriam</span> <span class='ocrx_word' id='word_1_652' title='bbox 2950 3952 3199 3991; x_wconf 71' lang='lat' dir='ltr'>uxorem.</span> 
     </span>
    </p>
   </div>
   <div class='ocr_carea' id='block_1_104' title="bbox 2393 4023 3287 4093">
    <p class='ocr_par' dir='ltr' id='par_1_104' title="bbox 2393 4023 3287 4093">
     <span class='ocr_line' id='line_1_106' title="bbox 2393 4023 3287 4093; baseline -0.001 -14"><span class='ocrx_word' id='word_1_653' title='bbox 2393 4025 2661 4079; x_wconf 89' lang='lat' dir='ltr'>Canones</span> <span class='ocrx_word' id='word_1_654' title='bbox 2688 4023 3113 4093; x_wconf 85' lang='lat' dir='ltr'>apostolorum,</span> <span class='ocrx_word' id='word_1_655' title='bbox 3146 4040 3196 4078; x_wconf 91' lang='lat' dir='ltr'>c.</span> <span class='ocrx_word' id='word_1_656' title='bbox 3232 4025 3287 4078; x_wconf 92' lang='lat'>6.</span> 
     </span>
    </p>
   </div>
   <div class='ocr_carea' id='block_1_105' title="bbox 2093 4110 3671 4184">
    <p class='ocr_par' dir='ltr' id='par_1_105' title="bbox 2093 4110 3671 4184">
     <span class='ocr_line' id='line_1_107' title="bbox 2093 4110 3671 4184; baseline 0.001 -19"><span class='ocrx_word' id='word_1_657' title='bbox 2093 4111 2259 4175; x_wconf 89' lang='lat' dir='ltr'>(Dist.</span> <span class='ocrx_word' id='word_1_658' title='bbox 2294 4112 2383 4177; x_wconf 88' lang='lat'>28,</span> <span class='ocrx_word' id='word_1_659' title='bbox 2414 4113 2477 4166; x_wconf 86' lang='lat' dir='ltr'>Si</span> <span class='ocrx_word' id='word_1_660' title='bbox 2503 4113 2626 4183; x_wconf 86' lang='lat' dir='ltr'>quis</span> <span class='ocrx_word' id='word_1_661' title='bbox 2656 4110 2944 4179; x_wconf 83' lang='lat' dir='ltr'>docuerit.)</span> <span class='ocrx_word' id='word_1_662' title='bbox 2968 4112 3288 4183; x_wconf 86' lang='lat' dir='ltr'>Episcopus</span> <span class='ocrx_word' id='word_1_663' title='bbox 3312 4116 3412 4167; x_wconf 91' lang='lat' dir='ltr'>aut</span> <span class='ocrx_word' id='word_1_664' title='bbox 3431 4113 3671 4184; x_wconf 86' lang='lat' dir='ltr'>presby-</span> 
     </span>
    </p>
   </div>
   <div class='ocr_carea' id='block_1_106' title="bbox 2022 4200 3673 4273">
    <p class='ocr_par' dir='ltr' id='par_1_106' title="bbox 2022 4200 3673 4273">
     <span class='ocr_line' id='line_1_108' title="bbox 2022 4200 3673 4273; baseline 0.001 -19"><span class='ocrx_word' id='word_1_665' title='bbox 2022 4204 2109 4255; x_wconf 91' lang='lat' dir='ltr'>ter</span> <span class='ocrx_word' id='word_1_666' title='bbox 2138 4201 2430 4273; x_wconf 88' lang='lat' dir='ltr'>propriam</span> <span class='ocrx_word' id='word_1_667' title='bbox 2464 4215 2702 4255; x_wconf 84' lang='lat' dir='ltr'>uxorem</span> <span class='ocrx_word' id='word_1_668' title='bbox 2727 4216 3102 4272; x_wconf 89' lang='lat' dir='ltr'>nequaquam</span> <span class='ocrx_word' id='word_1_669' title='bbox 3135 4202 3245 4255; x_wconf 91' lang='lat' dir='ltr'>sub</span> <span class='ocrx_word' id='word_1_670' title='bbox 3277 4201 3517 4255; x_wconf 88' lang='lat' dir='ltr'>obtentu</span> <span class='ocrx_word' id='word_1_671' title='bbox 3542 4200 3673 4255; x_wconf 89' lang='lat' dir='ltr'>reli-</span> 
     </span>
    </p>
   </div>
   <div class='ocr_carea' id='block_1_107' title="bbox 2020 4288 3669 4359">
    <p class='ocr_par' dir='ltr' id='par_1_107' title="bbox 2020 4288 3669 4359">
     <span class='ocr_line' id='line_1_109' title="bbox 2020 4288 3669 4359; baseline 0.002 -17"><span class='ocrx_word' id='word_1_672' title='bbox 2020 4289 2213 4359; x_wconf 92' lang='lat' dir='ltr'>gionis</span> <span class='ocrx_word' id='word_1_673' title='bbox 2243 4288 2502 4358; x_wconf 88' lang='lat' dir='ltr'>abjiciat,</span> <span class='ocrx_word' id='word_1_674' title='bbox 2535 4289 2582 4343; x_wconf 90' lang='lat' dir='ltr'>si</span> <span class='ocrx_word' id='word_1_675' title='bbox 2616 4305 2749 4344; x_wconf 89' lang='lat' dir='ltr'>vero</span> <span class='ocrx_word' id='word_1_676' title='bbox 2783 4289 3079 4359; x_wconf 88' lang='lat' dir='ltr'>abjecerit,</span> <span class='ocrx_word' id='word_1_677' title='bbox 3105 4288 3669 4346; x_wconf 85' lang='lat' dir='ltr'>excommunicetur.</span> 
     </span>
    </p>
   </div>
   <div class='ocr_carea' id='block_1_108' title="bbox 2029 4377 3669 4450">
    <p class='ocr_par' dir='ltr' id='par_1_108' title="bbox 2029 4377 3669 4450">
     <span class='ocr_line' id='line_1_110' title="bbox 2029 4377 3669 4450; baseline 0.001 -19"><span class='ocrx_word' id='word_1_678' title='bbox 2029 4381 2156 4433; x_wconf 83' lang='lat' dir='ltr'>CAP.</span> <span class='ocrx_word' id='word_1_679' title='bbox 2189 4377 2385 4450; x_wconf 78' lang='lat' dir='ltr'><strong>CXIV.</strong></span> <span class='ocrx_word' id='word_1_680' title='bbox 2443 4379 2737 4448; x_wconf 82' lang='lat' dir='ltr'>Presbyter</span> <span class='ocrx_word' id='word_1_681' title='bbox 2766 4394 2994 4433; x_wconf 74' lang='lat' dir='ltr'>uxorem</span> <span class='ocrx_word' id='word_1_682' title='bbox 3020 4395 3176 4433; x_wconf 88' lang='lat' dir='ltr'>suam</span> <span class='ocrx_word' id='word_1_683' title='bbox 3234 4379 3398 4450; x_wconf 89' lang='lat' dir='ltr'>quasi</span> <span class='ocrx_word' id='word_1_684' title='bbox 3426 4394 3669 4435; x_wconf 82' lang='lat' dir='ltr'>sororem</span> 
     </span>
    </p>
   </div>
   <div class='ocr_carea' id='block_1_109' title="bbox 2351 4448 3326 4521">
    <p class='ocr_par' dir='ltr' id='par_1_109' title="bbox 2351 4448 3326 4521">
     <span class='ocr_line' id='line_1_111' title="bbox 2351 4448 3326 4521; baseline 0.002 -18"><span class='ocrx_word' id='word_1_685' title='bbox 2351 4448 2573 4520; x_wconf 79' lang='lat' dir='ltr'>diligat,</span> <span class='ocrx_word' id='word_1_686' title='bbox 2604 4459 2665 4505; x_wconf 86' lang='lat' dir='ltr'>et</span> <span class='ocrx_word' id='word_1_687' title='bbox 2697 4452 2856 4521; x_wconf 78' lang='lat' dir='ltr'>quasi</span> <span class='ocrx_word' id='word_1_688' title='bbox 2886 4450 3096 4505; x_wconf 85' lang='lat' dir='ltr'>hostem</span> <span class='ocrx_word' id='word_1_689' title='bbox 3126 4448 3326 4521; x_wconf 83' lang='lat' dir='ltr'>fugiat.</span> 
     </span>
    </p>
   </div>
   <div class='ocr_carea' id='block_1_110' title="bbox 2460 4538 3211 4612">
    <p class='ocr_par' dir='ltr' id='par_1_110' title="bbox 2460 4538 3211 4612">
     <span class='ocr_line' id='line_1_112' title="bbox 2460 4538 3211 4612; baseline 0.004 -20"><span class='ocrx_word' id='word_1_690' title='bbox 2460 4539 2795 4610; x_wconf 86' lang='lat' dir='ltr'>Gregorius,</span> <span class='ocrx_word' id='word_1_691' title='bbox 2828 4539 2866 4593; x_wconf 87' lang='grc' dir='ltr'>Ι.</span> <span class='ocrx_word' id='word_1_692' title='bbox 2900 4555 2958 4593; x_wconf 83' lang='grc' dir='ltr'>ιν</span> <span class='ocrx_word' id='word_1_693' title='bbox 2992 4538 3211 4612; x_wconf 90' lang='lat' dir='ltr'>Dialog.</span> 
     </span>
    </p>
   </div>
   <div class='ocr_carea' id='block_1_111' title="bbox 2090 4627 3669 4701">
    <p class='ocr_par' dir='ltr' id='par_1_111' title="bbox 2090 4627 3669 4701">
     <span class='ocr_line' id='line_1_113' title="bbox 2090 4627 3669 4701; baseline 0.001 -18"><span class='ocrx_word' id='word_1_694' title='bbox 2090 4628 2261 4699; x_wconf 91' lang='lat' dir='ltr'>(Dist.</span> <span class='ocrx_word' id='word_1_695' title='bbox 2320 4629 2410 4695; x_wconf 87' lang='lat'>35,</span> <span class='ocrx_word' id='word_1_696' title='bbox 2473 4644 2523 4683; x_wconf 84' lang='grc' dir='ltr'>ο.</span> <span class='ocrx_word' id='word_1_697' title='bbox 2574 4627 2868 4699; x_wconf 88' lang='lat' dir='ltr'>Presbyter</span> <span class='ocrx_word' id='word_1_698' title='bbox 2892 4627 3199 4700; x_wconf 83' lang='lat' dir='ltr'>Presbyter</span> <span class='ocrx_word' id='word_1_699' title='bbox 3229 4630 3471 4701; x_wconf 90' lang='lat' dir='ltr'>quidam</span> <span class='ocrx_word' id='word_1_700' title='bbox 3507 4647 3669 4686; x_wconf 85' lang='lat' dir='ltr'>corn-</span> 
     </span>
    </p>
   </div>
   <div class='ocr_carea' id='block_1_112' title="bbox 2021 4714 3670 4791">
    <p class='ocr_par' dir='ltr' id='par_1_112' title="bbox 2021 4714 3670 4791">
     <span class='ocr_line' id='line_1_114' title="bbox 2021 4714 3670 4791; baseline 0.004 -22"><span class='ocrx_word' id='word_1_701' title='bbox 2021 4717 2264 4771; x_wconf 87' lang='lat' dir='ltr'>missam</span> <span class='ocrx_word' id='word_1_702' title='bbox 2298 4716 2407 4772; x_wconf 92' lang='lat' dir='ltr'>sibi</span> <span class='ocrx_word' id='word_1_703' title='bbox 2439 4716 2676 4788; x_wconf 89' lang='lat' dir='ltr'>regebat</span> <span class='ocrx_word' id='word_1_704' title='bbox 2705 4714 3037 4784; x_wconf 79' lang='lat' dir='ltr'>ecclesiam,</span> <span class='ocrx_word' id='word_1_705' title='bbox 3074 4734 3206 4773; x_wconf 90' lang='lat' dir='ltr'>cum</span> <span class='ocrx_word' id='word_1_706' title='bbox 3230 4735 3442 4791; x_wconf 89' lang='lat' dir='ltr'>magno</span> <span class='ocrx_word' id='word_1_707' title='bbox 3466 4720 3670 4775; x_wconf 83' lang='lat' dir='ltr'>timore</span> 
     </span>
    </p>
   </div>
   <div class='ocr_carea' id='block_1_113' title="bbox 2020 4804 3667 4879">
    <p class='ocr_par' dir='ltr' id='par_1_113' title="bbox 2020 4804 3667 4879">
     <span class='ocr_line' id='line_1_115' title="bbox 2020 4804 3667 4879; baseline 0.002 -19"><span class='ocrx_word' id='word_1_708' title='bbox 2020 4804 2275 4872; x_wconf 93' lang='lat' dir='ltr'>Domini,</span> <span class='ocrx_word' id='word_1_709' title='bbox 2309 4804 2410 4875; x_wconf 91' lang='lat' dir='ltr'>qui</span> <span class='ocrx_word' id='word_1_710' title='bbox 2442 4821 2510 4859; x_wconf 82' lang='lat' dir='ltr'>ex</span> <span class='ocrx_word' id='word_1_711' title='bbox 2540 4809 2799 4876; x_wconf 91' lang='lat' dir='ltr'>tempore</span> <span class='ocrx_word' id='word_1_712' title='bbox 2832 4804 3054 4877; x_wconf 88' lang='lat' dir='ltr'>accepti</span> <span class='ocrx_word' id='word_1_713' title='bbox 3086 4806 3332 4874; x_wconf 92' lang='lat' dir='ltr'>ordinis,</span> <span class='ocrx_word' id='word_1_714' title='bbox 3364 4808 3667 4879; x_wconf 86' lang='lat' dir='ltr'>presbyte-</span> 
     </span>
    </p>
   </div>
   <div class='ocr_carea' id='block_1_114' title="bbox 2018 4893 3665 4967">
    <p class='ocr_par' dir='ltr' id='par_1_114' title="bbox 2018 4893 3665 4967">
     <span class='ocr_line' id='line_1_116' title="bbox 2018 4893 3665 4967; baseline 0 -19"><span class='ocrx_word' id='word_1_715' title='bbox 2018 4912 2138 4948; x_wconf 73' lang='lat' dir='ltr'>rum</span> <span class='ocrx_word' id='word_1_716' title='bbox 2174 4910 2343 4949; x_wconf 91' lang='lat' dir='ltr'>suam</span> <span class='ocrx_word' id='word_1_717' title='bbox 2405 4897 2469 4947; x_wconf 90' lang='lat' dir='ltr'>ut</span> <span class='ocrx_word' id='word_1_718' title='bbox 2498 4909 2755 4949; x_wconf 88' lang='lat' dir='ltr'>sororem</span> <span class='ocrx_word' id='word_1_719' title='bbox 2790 4893 3061 4967; x_wconf 89' lang='lat' dir='ltr'>diligens,</span> <span class='ocrx_word' id='word_1_720' title='bbox 3097 4896 3196 4951; x_wconf 90' lang='lat' dir='ltr'>sed</span> <span class='ocrx_word' id='word_1_721' title='bbox 3232 4896 3403 4967; x_wconf 92' lang='lat' dir='ltr'>quasi</span> <span class='ocrx_word' id='word_1_722' title='bbox 3440 4897 3665 4949; x_wconf 89' lang='lat' dir='ltr'>hostem</span> 
     </span>
    </p>
   </div>
   <div class='ocr_carea' id='block_1_115' title="bbox 2019 4982 3664 5055">
    <p class='ocr_par' dir='ltr' id='par_1_115' title="bbox 2019 4982 3664 5055">
     <span class='ocr_line' id='line_1_117' title="bbox 2019 4982 3664 5055; baseline -0.001 -17"><span class='ocrx_word' id='word_1_723' title='bbox 2019 5000 2251 5050; x_wconf 83' lang='lat' dir='ltr'>cavcns,</span> <span class='ocrx_word' id='word_1_724' title='bbox 2280 4983 2350 5037; x_wconf 88' lang='lat' dir='ltr'>ad</span> <span class='ocrx_word' id='word_1_725' title='bbox 2383 4997 2445 5038; x_wconf 87' lang='lat' dir='ltr'>se</span> <span class='ocrx_word' id='word_1_726' title='bbox 2494 4982 2736 5054; x_wconf 91' lang='lat' dir='ltr'>propius</span> <span class='ocrx_word' id='word_1_727' title='bbox 2770 5000 3071 5055; x_wconf 90' lang='lat' dir='ltr'>nunquam</span> <span class='ocrx_word' id='word_1_728' title='bbox 3106 4985 3380 5039; x_wconf 91' lang='lat' dir='ltr'>accedere</span> <span class='ocrx_word' id='word_1_729' title='bbox 3412 4983 3664 5047; x_wconf 91' lang='lat' dir='ltr'>sinebat,</span> 
     </span>
    </p>
   </div>
   <div class='ocr_carea' id='block_1_116' title="bbox 2019 5071 3663 5144">
    <p class='ocr_par' dir='ltr' id='par_1_116' title="bbox 2019 5071 3663 5144">
     <span class='ocr_line' id='line_1_118' title="bbox 2019 5071 3663 5144; baseline -0.001 -17"><span class='ocrx_word' id='word_1_730' title='bbox 2019 5088 2264 5143; x_wconf 85' lang='lat' dir='ltr'>eamque</span> <span class='ocrx_word' id='word_1_731' title='bbox 2294 5072 2534 5128; x_wconf 91' lang='lat' dir='ltr'>sibimet</span> <span class='ocrx_word' id='word_1_732' title='bbox 2576 5071 2971 5144; x_wconf 89' lang='lat' dir='ltr'>propinquare</span> <span class='ocrx_word' id='word_1_733' title='bbox 3002 5072 3165 5127; x_wconf 90' lang='lat' dir='ltr'>nulla</span> <span class='ocrx_word' id='word_1_734' title='bbox 3197 5072 3500 5127; x_wconf 88' lang='lat' dir='ltr'>occasione</span> <span class='ocrx_word' id='word_1_735' title='bbox 3534 5088 3663 5142; x_wconf 90' lang='lat' dir='ltr'>per-</span> 
     </span>
    </p>
   </div>
   <div class='ocr_carea' id='block_1_117' title="bbox 2018 5159 3667 5229">
    <p class='ocr_par' dir='ltr' id='par_1_117' title="bbox 2018 5159 3667 5229">
     <span class='ocr_line' id='line_1_119' title="bbox 2018 5159 3667 5229; baseline -0.002 -13"><span class='ocrx_word' id='word_1_736' title='bbox 2018 5162 2279 5229; x_wconf 87' lang='lat' dir='ltr'>mittens,</span> <span class='ocrx_word' id='word_1_737' title='bbox 2313 5161 2383 5216; x_wconf 91' lang='lat' dir='ltr'>ab</span> <span class='ocrx_word' id='word_1_738' title='bbox 2415 5177 2483 5216; x_wconf 89' lang='lat' dir='ltr'>ea</span> <span class='ocrx_word' id='word_1_739' title='bbox 2505 5160 2617 5217; x_wconf 91' lang='lat' dir='ltr'>sibi</span> <span class='ocrx_word' id='word_1_740' title='bbox 2644 5162 3117 5217; x_wconf 88' lang='lat' dir='ltr'>communionem</span> <span class='ocrx_word' id='word_1_741' title='bbox 3136 5159 3667 5216; x_wconf 84' lang='lat' dir='ltr'>funditusfamilia-</span> 
     </span>
    </p>
   </div>
   <div class='ocr_carea' id='block_1_118' title="bbox 2016 5248 3663 5322">
    <p class='ocr_par' dir='ltr' id='par_1_118' title="bbox 2016 5248 3663 5322">
     <span class='ocr_line' id='line_1_120' title="bbox 2016 5248 3663 5322; baseline -0.001 -17"><span class='ocrx_word' id='word_1_742' title='bbox 2016 5250 2207 5306; x_wconf 88' lang='lat' dir='ltr'>ritatis</span> <span class='ocrx_word' id='word_1_743' title='bbox 2239 5250 2587 5306; x_wconf 90' lang='lat' dir='ltr'>absciderat.</span> <span class='ocrx_word' id='word_1_744' title='bbox 2651 5251 2883 5306; x_wconf 87' lang='lat' dir='ltr'>Habent</span> <span class='ocrx_word' id='word_1_745' title='bbox 2943 5250 3162 5322; x_wconf 90' lang='lat' dir='ltr'>quippe</span> <span class='ocrx_word' id='word_1_746' title='bbox 3192 5250 3381 5305; x_wconf 89' lang='lat' dir='ltr'>sancti</span> <span class='ocrx_word' id='word_1_747' title='bbox 3411 5248 3520 5303; x_wconf 92' lang='lat' dir='ltr'>viri</span> <span class='ocrx_word' id='word_1_748' title='bbox 3554 5248 3663 5304; x_wconf 90' lang='lat' dir='ltr'>hoc</span> 
     </span>
    </p>
   </div>
   <div class='ocr_carea' id='block_1_119' title="bbox 2016 5338 3665 5412">
    <p class='ocr_par' dir='ltr' id='par_1_119' title="bbox 2016 5338 3665 5412">
     <span class='ocr_line' id='line_1_121' title="bbox 2016 5338 3665 5412; baseline -0.001 -17"><span class='ocrx_word' id='word_1_749' title='bbox 2016 5339 2356 5412; x_wconf 89' lang='lat' dir='ltr'>proprium:</span> <span class='ocrx_word' id='word_1_750' title='bbox 2391 5357 2527 5395; x_wconf 89' lang='lat' dir='ltr'>nam</span> <span class='ocrx_word' id='word_1_751' title='bbox 2562 5345 2625 5395; x_wconf 86' lang='lat' dir='ltr'>ut</span> <span class='ocrx_word' id='word_1_752' title='bbox 2655 5356 2883 5410; x_wconf 83' lang='lat' dir='ltr'>semper</span> <span class='ocrx_word' id='word_1_753' title='bbox 2918 5340 2989 5394; x_wconf 87' lang='lat' dir='ltr'>ab</span> <span class='ocrx_word' id='word_1_754' title='bbox 3021 5338 3243 5394; x_wconf 89' lang='lat' dir='ltr'>illicitis</span> <span class='ocrx_word' id='word_1_755' title='bbox 3283 5339 3449 5408; x_wconf 87' lang='lat' dir='ltr'>longe</span> <span class='ocrx_word' id='word_1_756' title='bbox 3468 5338 3606 5404; x_wconf 90' lang='lat' dir='ltr'>sint,</span> <span class='ocrx_word' id='word_1_757' title='bbox 3632 5355 3665 5393; x_wconf 88' lang='lat' dir='ltr'>a</span> 
     </span>
    </p>
   </div>
   <div class='ocr_carea' id='block_1_120' title="bbox 2015 5426 3662 5501">
    <p class='ocr_par' dir='ltr' id='par_1_120' title="bbox 2015 5426 3662 5501">
     <span class='ocr_line' id='line_1_122' title="bbox 2015 5426 3662 5501; baseline -0.002 -17"><span class='ocrx_word' id='word_1_758' title='bbox 2015 5446 2076 5485; x_wconf 93' lang='lat' dir='ltr'>se</span> <span class='ocrx_word' id='word_1_759' title='bbox 2108 5428 2457 5501; x_wconf 89' lang='lat' dir='ltr'>plerumque</span> <span class='ocrx_word' id='word_1_760' title='bbox 2507 5430 2683 5485; x_wconf 89' lang='lat' dir='ltr'>etiam</span> <span class='ocrx_word' id='word_1_761' title='bbox 2716 5427 2876 5484; x_wconf 90' lang='lat' dir='ltr'>licita</span> <span class='ocrx_word' id='word_1_762' title='bbox 2906 5427 3283 5496; x_wconf 87' lang='lat' dir='ltr'>abscindunt,</span> <span class='ocrx_word' id='word_1_763' title='bbox 3317 5426 3473 5482; x_wconf 90' lang='lat' dir='ltr'>unde</span> <span class='ocrx_word' id='word_1_764' title='bbox 3504 5426 3662 5481; x_wconf 89' lang='lat' dir='ltr'>idem</span> 
     </span>
    </p>
   </div>
   <div class='ocr_carea' id='block_1_121' title="bbox 2012 5515 3666 5591">
    <p class='ocr_par' dir='ltr' id='par_1_121' title="bbox 2012 5515 3666 5591">
     <span class='ocr_line' id='line_1_123' title="bbox 2012 5515 3666 5591; baseline -0.002 -18"><span class='ocrx_word' id='word_1_765' title='bbox 2012 5519 2099 5573; x_wconf 93' lang='lat' dir='ltr'>vir</span> <span class='ocrx_word' id='word_1_766' title='bbox 2120 5534 2374 5591; x_wconf 89' lang='lat' dir='ltr'>nequam</span> <span class='ocrx_word' id='word_1_767' title='bbox 2406 5536 2508 5591; x_wconf 89' lang='lat' dir='ltr'>per</span> <span class='ocrx_word' id='word_1_768' title='bbox 2538 5534 2666 5574; x_wconf 87' lang='lat' dir='ltr'>eam</span> <span class='ocrx_word' id='word_1_769' title='bbox 2718 5517 3041 5573; x_wconf 88' lang='lat' dir='ltr'>incurreret</span> <span class='ocrx_word' id='word_1_770' title='bbox 3071 5517 3332 5589; x_wconf 76' lang='lat' dir='ltr'>culpam,</span> <span class='ocrx_word' id='word_1_771' title='bbox 3391 5515 3529 5585; x_wconf 90' lang='lat' dir='ltr'>sibi,</span> <span class='ocrx_word' id='word_1_772' title='bbox 3560 5531 3666 5588; x_wconf 87' lang='lat' dir='ltr'>per</span> 
     </span>
    </p>
   </div>
   <div class='ocr_carea' id='block_1_122' title="bbox 2017 5605 3432 5678">
    <p class='ocr_par' dir='ltr' id='par_1_122' title="bbox 2017 5605 3432 5678">
     <span class='ocr_line' id='line_1_124' title="bbox 2017 5605 3432 5678; baseline -0.003 -15"><span class='ocrx_word' id='word_1_773' title='bbox 2017 5624 2169 5678; x_wconf 90' lang='lat' dir='ltr'>eam,</span> <span class='ocrx_word' id='word_1_774' title='bbox 2201 5607 2373 5663; x_wconf 90' lang='lat' dir='ltr'>etiam</span> <span class='ocrx_word' id='word_1_775' title='bbox 2407 5606 2729 5662; x_wconf 87' lang='lat' dir='ltr'>ministrari</span> <span class='ocrx_word' id='word_1_776' title='bbox 2756 5605 3047 5661; x_wconf 83' lang='lat' dir='ltr'>refutabat</span> <span class='ocrx_word' id='word_1_777' title='bbox 3080 5605 3432 5663; x_wconf 87' lang='lat' dir='ltr'>necessaria.</span> 
     </span>
    </p>
   </div>
  </div>
