3938 6074
368 301 504 359 Ηῶ

1445 293 1511 341 D.
1553 287 1793 342 IVONIS
1829 285 2328 341 CARNOTENSIS
2364 286 2686 341 EPISCOPI

3643 284 3802 338 1156

360 430 495 488 CAP.
530 425 693 485 CXV.
728 423 1019 496 Episcopus
1048 418 1126 474 vel
1147 415 1451 496 presbyter,
1475 427 1707 496 uxorem
1727 409 2014 484 propriam
2044 412 2096 478 Α
2127 409 2260 482 quid
2287 427 2398 467 non
2429 411 2692 468 habemus
2715 413 3036 479 potestatem
3063 424 3306 465 sororem
3335 409 3643 466 mulierem
3677 412 3802 464 cir-

787 511 818 551 α
845 487 946 549 sua
975 506 1110 547 cura
1139 487 1246 544 non
1276 487 1521 554 obiiciat.

360 649 469 704 Lee
497 646 571 702 IX
591 644 870 700 adversus
891 638 1152 693 Nicetam
1177 634 1311 689 abb.
1342 633 1413 687 de
1433 626 1770 702 magisterio
1793 625 2001 684 Studii.

437 789 606 860 (Dist.
666 786 754 851 21,
815 799 864 836 c.
913 777 1196 846 Omnino.)
1230 775 1481 831 Omnino
1513 772 1862 828 conﬁtemur
1893 784 2008 824 non

364 858 534 933 licere
566 874 860 946 episcopo,
922 867 1286 940 presbytero,
1338 862 1604 928 diacono,
1648 858 2008 916 subdiacono

373 965 665 1039 prepriam
701 975 941 1016 uxorem
973 970 1153 1011 causa
1185 949 1487 1026 religionis
1527 947 1778 1022 abjicere
1811 967 1843 1004 a
1873 965 2012 1004 cura

371 1072 499 1121 sua,
531 1051 631 1108 sed
657 1055 720 1106 ut
743 1047 792 1105 ei
815 1048 1035 1102 victum
1059 1048 1118 1100 et
1138 1043 1414 1100 vestitum
1439 1040 1742 1112 largiatur,
1769 1041 1869 1095 sed
1898 1056 2010 1093 non

371 1161 502 1199 cum
533 1139 632 1196 illa
662 1157 730 1195 ex
763 1153 921 1193 more
969 1130 1284 1191 carnaliter
1317 1132 1527 1203 jaceat,
1561 1129 1645 1186 sic
1694 1134 1749 1184 et
1781 1132 2013 1184 sanctos

369 1228 664 1305 apostolos
693 1226 948 1300 legimus
969 1224 1179 1298 egisse,
1202 1223 1372 1278 beato
1396 1219 1571 1277 Paulo
1594 1217 1840 1276 dicente.
1858 1215 2011 1274 Nun-

2117 501 2474 557 cumducendi
2525 501 2671 556 sicut
2721 499 2901 570 frater
2949 499 3171 556 Domini
3220 499 3274 554 et
3325 500 3540 570 Cephas
3577 500 3626 570 (Ι
3658 499 3797 554 Cor.

2118 594 2275 660 VIII):
2312 591 2440 645 vide
2473 589 2757 661 insipiens
2791 588 2931 661 quia
2963 605 3074 645 non
3110 587 3292 644 dixit:
3347 589 3625 659 nunquid
3661 605 3791 642 non

2119 678 2405 736 habemus
2420 683 2767 750 potestatem
2783 693 3042 734 sororem
3061 678 3362 734 mulierem
3379 677 3794 748 amplectendi

2120 771 2220 824 sed
2253 767 2754 833 circumducendi,
2790 766 3008 824 scilicet
3040 771 3106 823 ut
3136 766 3798 838 mercedeprasdtcatio-

2121 859 2212 913 nis
2239 861 2670 914 sustentaretur
2698 854 2768 912 ab
2803 857 2905 926 eis,
2941 869 3044 913 nec
3073 861 3272 913 tamen
3305 855 3591 928 deinceps
3641 857 3798 911 foret

2123 948 2275 1004 inter
2303 959 2402 1002 eos
2435 948 2683 1004 ulterius
2715 945 2948 1002 carnale
2976 946 3344 1018 conjugium.

2406 1036 2676 1092 Ambros.
2702 1037 2762 1091 in
2791 1047 2878 1108 ep.
2909 1033 3067 1092 lla/1!
3095 1035 3246 1106 Cor.,
3279 1051 3329 1090 c.
3358 1031 3484 1090 “6.

2193 1127 2407 1183 Omnes
2429 1126 2706 1200 apostoli,
2727 1127 2954 1183 Joanne
2970 1130 3026 1183 et
3046 1125 3226 1182 Paulo
3250 1126 3528 1198 exceptis,
3555 1121 3794 1178 habue-

2125 1222 2262 1272 runt
2293 1233 2522 1272 uxores.

1064 1499 1157 1558 DE
1196 1493 1580 1556 SIMONIACE
1619 1492 2005 1552 ORDINATIS
2043 1495 2132 1549 ET
2172 1494 2421 1552 EORUM
2462 1494 3079 1552 ORDINATORIBUS.

378 1660 504 1711 CAP.
539 1654 734 1709 CXVI.
769 1650 1070 1721 Episcopus
1098 1645 1420 1721 beneﬁcium
1441 1655 1628 1698 emens
1652 1641 1736 1721 vel
1755 1639 2016 1721 vendens,

439 1728 505 1782 ab
532 1724 716 1796 ofﬁcio
747 1728 797 1778 et
818 1713 1090 1791 'bencﬁcio
1119 1713 1478 1775 ecclesiastico
1502 1713 1892 1786 suspendatur.

695 1817 774 1866 Ex
807 1811 1026 1866 Canon.
1062 1811 1273 1879 apost.,
1308 1823 1358 1860 c.
1392 1805 1482 1874 30,
1515 1802 1603 1858 tit.
1635 1803 1691 1857 3.

442 1905 517 1975 (1,
553 1920 610 1973 q.
643 1903 696 1966 3,
729 1917 779 1955 c.
806 1900 866 1954 Si
894 1897 1064 1970 quis.)
1088 1894 1368 1966 Quisquis
1401 1894 1732 1964 episcopus,
1757 1894 1859 1945 aut
1889 1904 2022 1961 prc-

370 1994 587 2064 sbyter,
641 1994 741 2044 aut
771 1988 952 2043 abbas
1011 2003 1114 2058 per
1169 1983 1478 2056 pecumam
1519 1981 1671 2036 hanc
1703 1977 2022 2035 obtinuerit

374 2080 741 2151 dignitatem,
772 2076 1081 2148 dejiciatur
1110 2076 1238 2147 ipse
1293 2079 1348 2128 et
1379 2072 1680 2127 ordinator
1719 2070 1869 2138 ejus,
1901 2072 1958 2123 et
1988 2084 2021 2122 a

373 2166 784 2226 communione
801 2169 1004 2221 sancta
1033 2163 1222 2218 modis
1246 2161 1522 2218 omnibus
1546 2158 1944 2223 abscindatur,
1964 2159 2021 2211 et

374 2259 450 2315 sit
475 2257 789 2314 anathema
820 2257 973 2311 sicut
1005 2255 1203 2310 Simon
1235 2267 1442 2323 magus
1473 2265 1506 2304 a
1537 2249 1726 2304 Petro.

373 2373 508 2430 CAP.
542 2370 759 2428 CXVII.
821 2370 860 2425 A
894 2368 1190 2425 sacerdotio
1239 2377 1316 2422 est
1347 2367 1580 2432 alienus,
1613 2365 1708 2436 qui
1733 2378 1831 2435 per
1857 2374 2018 2434 pecu-

748 2445 904 2498 niam
936 2443 1181 2509 ordinat,
1216 2439 1306 2494 vel
1330 2439 1644 2494 ordinatur.

829 2531 1002 2586 Cone.
1039 2531 1265 2584 Bracar.
1301 2542 1384 2594 III,
1421 2541 1468 2582 c.
1501 2527 1553 2580 8.

439 2625 514 2696 (1,
540 2640 596 2694 q.
623 2640 670 2678 c.
709 2623 816 2690 Qui
845 2636 940 2692 per
958 2621 1294 2690 pecuniam.)
1315 2617 1681 2687 Quicumque
1706 2630 1808 2686 pro
1826 2614 2018 2668 confe-

373 2715 555 2769 rendo
587 2712 864 2784 cuiquam
899 2706 1206 2764 sacerdotii
1241 2705 1448 2780 gradu,
1475 2711 1575 2760 aut
1602 2721 1817 2759 munus
1841 2703 2020 2774 quod-

371 2819 598 2872 cunque
623 2805 723 2856 aut
755 2799 1177 2872 promissiones
1210 2795 1474 2852 muneris
1505 2800 1819 2865 antequam
1853 2792 2018 2847 ordi-

374 2897 546 2947 netur
574 2890 880 2960 acceperit,
917 2889 1002 2944 vel
1028 2888 1204 2943 etiam
1230 2890 1539 2958 postquam
1565 2885 1872 2940 ordinatus
1899 2881 2020 2937 fue-

376 2981 472 3049 rit,
506 2981 563 3034 in
597 2981 792 3049 aliquo
826 2994 886 3033 se
921 2995 1025 3049 pro
1058 2977 1166 3031 hoc
1198 2976 1325 3047 ipso
1352 2972 2021 3047 praesumpseritmunc-

377 3069 513 3136 rari,
548 3069 668 3123 sive
699 3066 795 3122 ille
829 3067 926 3138 qui
957 3063 1203 3130 dederit,
1237 3064 1356 3118 sive
1388 3065 1486 3134 qui
1529 3060 2021 3134 acceperit,juxta

2129 1643 2267 1695 sunt
2298 1639 2396 1711 qui
2429 1639 2538 1695 hoc
2570 1641 2724 1713 quod
2773 1635 3130 1712 quibusdam
3172 1637 3309 1710 jure
3356 1636 3660 1708 competit,
3719 1638 3792 1692 ad

2134 1729 2442 1799 przrmium
2499 1725 2854 1802 largiuntur.
2885 1725 3182 1785 Justitiam
3225 1723 3382 1782 enim
3417 1727 3676 1782 vendere
3707 1731 3797 1781 est

2047 1801 2097 1867 Β
2130 1819 2282 1874 hanc
2308 1836 2410 1891 pro
2443 1801 2662 1890 prwmii
2697 1817 3031 1889 acceptione
3061 1832 3311 1873 servare.
3343 1815 3632 1872 Ementes
3661 1829 3794 1870 vero

2130 1910 2188 1964 in
2223 1907 2442 1980 templo
2469 1911 2630 1979 sunt,
2665 1906 2762 1979 qui
2793 1907 2935 1963 dum
2955 1903 3794 1978 hocquodjustumestproxi-

2131 2015 2223 2053 mo
2256 1998 2582 2070 persolvere
2612 1997 2836 2066 volunt,
2896 1999 3154 2068 dumque
3212 2011 3332 2050 rem
3356 1995 3494 2066 jure
3526 1995 3792 2050 debitam

2131 2091 2538 2157 contemnunt,
2625 2087 2760 2142 dato
2819 2083 3082 2157 patronis
3139 2083 3325 2157 pretio
3385 2087 3596 2140 emunt
3654 2100 3789 2154 pec-

2129 2180 2346 2232 catum.

2199 2193 2220 2232 ι.
2333 2216 2346 2230 .

2161 2193 2196 2233 ἃ
2225 2193 2323 2232 um
2357 2266 2486 2322 CAP.
2514 2264 2676 2320 CXX.
2705 2264 2846 2333 Quid
2871 2265 2942 2319 sit
2969 2265 3253 2319 columbas
3282 2262 3532 2319 vendere.

2428 2354 2691 2425 Gregor.,
2728 2352 2928 2409 bomil.
2961 2353 2992 2407 4
3024 2351 3083 2407 in
3112 2352 3356 2424 Evang.,
3391 2352 3480 2406 40.

2200 2444 2514 2500 Columbae
2543 2444 2816 2511 vendere,
2847 2447 2937 2498 est
2968 2441 3406 2514 impositionem
3425 2456 3644 2496 manus
3665 2456 3780 2512 qua

2128 2534 2386 2607 Spiritus
2418 2536 2657 2589 sanctus
2689 2534 2863 2588 datur
2892 2545 3010 2587 non
3064 2529 3134 2586 ad
3169 2530 3304 2586 vitae
3343 2529 3652 2599 meritum,
3684 2529 3780 2584 sed

2130 2624 2200 2680 ad
2232 2623 2538 2695 premium
2570 2623 2728 2677 dare.

2200 2741 2328 2796 CAP.
2363 2736 2542 2795 CXXI.
2575 2739 2649 2794 De
2676 2737 2981 2808 multiplici
3008 2747 3209 2808 genere
3233 2733 3707 2791 Simoniacorum.

2558 2817 2822 2889 Gregor.,
2855 2821 3041 2873 Tract.
3073 2815 3344 2887 Evangel.

2203 2911 2273 2982 (1,
2333 2925 2390 2980 q.
2452 2910 2504 2975 1,
2567 2923 2616 2962 c.
2673 2911 2818 2964 Sunt
2868 2907 3172 2978 nonnulli.)
3215 2907 3363 2960 Sunt
3392 2902 3776 2974 nonulli,qui

2131 2999 2367 3072 quidem
2401 3013 2778 3053 nummorum
2803 3011 2870 3051 ex
2891 2997 3259 3052 ordinatione
3280 2995 3520 3068 praemia
3543 3010 3661 3048 non
3682 3008 3774 3046 ac-

2131 3088 2376 3160 cipiunt,
2413 3093 2468 3143 et
2494 3092 2695 3142 tamen
2726 3098 2926 3142 sacros
2951 3085 3188 3141 ordines
3215 3099 3320 3157 pro
3351 3083 3618 3139 humana
3640 3097 3772 3153 gra-

374 3157 722 3250 sententiam
739 3153 1747 3250 Chalcedonensisconcilii,gradus
1766 3151 1855 3207 sui
1875 3150 2020 3221 peri-
2047 3181 2092 3245 Ο
2127 3150 2210 3234 tia
2240 3150 2575 3250 largiuntur
2604 3181 2780 3249 atque
2811 3176 2881 3232 de
2924 3175 3194 3247 largitate
3215 3150 3430 3229 διδοίη
3459 3150 3774 3227 laudi”-

374 3245 570 3300 culum
605 3243 940 3300 sustinebit.

375 3347 508 3400 CAP.
543 3338 784 3400 CXVIII.
820 3341 1125 3397 Damnatur
1153 3341 1455 3412 episcopus,
1478 3339 1573 3412 qui
1599 3354 1697 3409 per
1725 3338 2020 3410 pecuniam

896 3412 1306 3470 ordinationem
1331 3415 1484 3483 facit.

855 3500 1028 3558 Conc.
1063 3501 1360 3572 Chalced.,
1395 3517 1444 3556 c.
1475 3503 1528 3556 2.

442 3596 520 3666 (1,
553 3610 610 3666 q.
671 3595 722 3658 1,
774 3607 824 3646 c.
857 3593 919 3647 Si
948 3593 1070 3662 quis
1099 3591 1428 3662 episcopus.)
1459 3589 1518 3645 Si
1550 3591 1684 3661 quis
1714 3589 2019 3662 episcopo-

369 3698 525 3751 rum,
551 3685 788 3752 accepta
817 3680 1066 3751 pecunia
1096 3680 1524 3734 ordinationem
1559 3679 1776 3745 fecerit,
1811 3683 1868 3734 et
1907 3678 2017 3734 sub

370 3769 621 3841 pretium
662 3769 986 3834 deduxerit,
1011 3767 1494 3838 impreciabiliter
1513 3767 1760 3838 pecunia
1782 3767 2019 3823 ordina-

367 3859 586 3915 tionem
614 3859 837 3922 fecerit,
862 3858 982 3913 sive
1008 3858 1440 3928 coepiscopum,
1467 3857 1586 3912 sive
1609 3857 2013 3928 presbyterum

370 3950 488 4003 sive
520 3949 832 4003 diaconum
869 3951 968 4002 aut
997 3960 1404 4017 quemcunque
1436 3945 1616 4001 alium
1662 3946 1759 4016 qui
1791 3963 2016 4002 connu-

372 4041 631 4093 meratur
663 4039 815 4092 inter
845 4034 1085 4092 clericos
1117 4034 1492 4106 promoverit;
1526 4038 1627 4089 aut
1659 4040 1895 4106 accepta
1925 4053 2018 4108 pe-

369 4128 542 4183 cunia
601 4126 957 4182 ordinaverit
1013 4139 1403 4191 ceconomum,
1435 4123 1494 4178 id
1526 4128 1615 4178 est
1645 4123 2011 4180 defensorem

367 4216 486 4272 sive
519 4217 1028 4288 paromanarium;
1055 4214 1392 4285 quicunque
1413 4213 1517 4268 hoc
1541 4212 1858 4269 meditatus
1891 4215 2014 4270 fue-

369 4306 463 4375 rit,
498 4307 544 4360 si
580 4306 880 4361 convictus
912 4303 1106 4370 luerit,
1134 4303 1258 4375 ipse
1290 4302 1524 4374 quidem
1558 4303 1766 4358 subeat
1796 4304 2014 4375 gradus

369 4395 460 4449 sui
497 4392 842 4466 periculum.
879 4391 945 4447 Et
976 4393 1073 4464 qui
1108 4393 1190 4448 sic
1219 4391 1526 4448 ordinatus
1560 4391 1751 4459 fuerit,
1783 4393 2008 4448 nullum

370 4484 582 4538 habeat
603 4485 855 4538 fructum
879 4500 946 4538 ex
973 4481 1381 4554 hujuscemodi
1408 4480 1787 4537 mercimonio
1803 4487 1858 4537 et
1877 4500 2017 4538 con-

367 4573 691 4627 secratione
724 4572 1027 4643 probrosa,
1053 4551 1160 4626 sed
1195 4569 1268 4625 sit
1299 4567 1525 4626 alienus
1549 4577 1604 4625 et
1625 4571 1928 4642 dignitatis
1962 4576 2018 4628 et
2047 4551 2091 4613 D

366 4659 784 4717 sollicitudinis
815 4661 965 4731 ejus,
1001 4678 1177 4732 quam
1213 4675 1314 4732 per
1347 4660 1657 4731 pecuniam
1681 4661 2012 4732 acquisivit.

365 4748 472 4804 Sed
504 4753 559 4804 et
588 4748 685 4803 ille
718 4747 818 4820 qui
853 4755 973 4804 tam
1008 4750 1282 4821 turpibus
1312 4754 1368 4805 et
1406 4747 1630 4805 illicitis
1660 4747 2016 4806 intercessor

362 4836 653 4910 apparuit,
681 4837 992 4908 siquidem
1013 4838 1261 4895 clericus
1288 4838 1483 4908 fuerit,
1508 4838 1578 4894 de
1601 4839 1834 4913 proprio
1859 4840 2011 4895 deci-

360 4927 458 4983 dat
488 4925 676 5000 gradu
705 4945 718 4996 ;
755 4925 804 4982 si
864 4945 999 4983 vero
1060 4926 1271 4995 laicus,
1303 4927 1424 4984 sive
1456 4927 1783 4986 monachus
1816 4931 2011 5000 fuerit,

363 5016 679 5072 anathema
704 5016 798 5072 sit.

365 5104 500 5160 CAP.
535 5105 728 5162 CXIX.
763 5104 868 5173 Qui
887 5101 1025 5178 dona
1055 5105 1154 5178 Dei
1177 5104 1416 5161 vendunt
1446 5104 1532 5160 vel
1562 5107 1774 5176 emunt,
1803 5109 2015 5178 pariter

911 5194 945 5232 a
970 5177 1076 5233 Deo
1105 5176 1467 5232 damnantur.

679 5271 940 5342 Gregor.,
975 5269 1220 5326 bomilia
1249 5268 1308 5324 in
1341 5271 1556 5339 Evang.
1591 5269 1679 5323 39.

431 5359 764 5414 Vendentos
785 5361 840 5414 et
862 5361 1123 5415 ementes
1137 5359 1206 5414 de
1220 5355 1439 5430 templo
1457 5356 1725 5414 eliminat
1742 5357 2012 5419 Christus

361 5444 571 5517 (Matth.
605 5449 742 5519 xxx),
807 5446 945 5518 quia
975 5446 1061 5501 vel
1093 5463 1192 5504 eos
1219 5448 1319 5518 qui
1353 5461 1455 5520 pro
1493 5461 1734 5504 munere
1763 5448 2008 5523 imposi-

360 5535 578 5590 tionem
622 5551 908 5592 manuum
945 5534 1235 5605 tribuunt,
1273 5537 1359 5593 vel
1390 5551 1490 5592 eos
1521 5536 1620 5608 qui
1654 5538 1873 5596 donum
1905 5543 2008 5600 Dei

359 5637 554 5678 emere
585 5624 875 5694 nitantur,
899 5625 1160 5679 damnat.
1190 5627 1357 5695 Item,
1382 5627 1439 5682 in
1455 5625 1677 5699 templo
1694 5631 2010 5689 vendentes

2126 3268 2430 3324 lummodo
2446 3267 2887 3322 retributionem
2903 3269 3193 3336 quarunt.
3217 3257 3304 3319 Illi
3319 3261 3608 3317 nimirum
3621 3261 3771 3331 quod

2128 3357 2310 3429 gratis
2368 3357 2671 3427 acceptum
2705 3359 2811 3424 est,
2845 3351 3028 3428 gratis
3060 3369 3176 3410 non
3207 3349 3499 3422 tribuunt,
3533 3350 3677 3422 quia
3706 3350 3771 3403 de

2073 3441 2086 3452 '
2128 3447 2395 3518 impenso
2426 3444 2617 3502 ofﬁcio
2649 3441 3001 3508 sanctitatis,
3031 3456 3342 3499 nummum
3367 3439 3584 3496 fav0ris
3605 3455 3772 3510 expe-

2126 3538 2188 3590 tu
2201 3537 2278 3592 nt.
2314 3535 2477 3591 Unde
2498 3535 2647 3591 bene
2667 3532 3248 3604 cumvlrumjustum
3270 3527 3634 3587 describeret
3649 3541 3776 3598 pro-

2127 3625 2325 3696 pheta,
2384 3624 2468 3680 ait
2494 3641 2507 3681 :
2557 3621 2752 3680 Beatus
2781 3619 2878 3696 qui
2903 3624 3112 3679 excutit
3140 3635 3339 3677 manus
3364 3632 3495 3676 sua:
3529 3616 3598 3672 ab
3626 3616 3776 3672 omni

2126 3729 2354 3770 munere
2380 3714 2509 3787 (lsa.
2568 3713 2769 3785 xxxm)
2816 3709 3012 3781 Neque
3042 3708 3195 3768 enim
3230 3708 3391 3778 dicit,
3425 3705 3525 3778 qui
3555 3705 3775 3762 excutit

2127 3821 2268 3860 suas
2299 3819 2512 3859 manus
2543 3820 2576 3858 a
2608 3815 2870 3869 munere,
2904 3801 3004 3857 sed
3063 3796 3341 3872 adjunxit
3365 3799 3435 3853 ab
3462 3798 3623 3853 omni
3647 3808 3775 3849 mu-

2123 3908 2270 3960 nere,
2306 3892 2444 3962 quia
2476 3890 2634 3946 aliud
2667 3893 2758 3946 est
2788 3905 3008 3946 munus
3035 3888 3108 3946 ab
3131 3886 3438 3960 obsequio,
3461 3881 3622 3941 aliud
3647 3896 3774 3938 mu-

2126 3999 2284 4037 nusa
2323 3997 2525 4049 manu,
2565 3978 2724 4036 aliud
2754 3993 2973 4034 munus
3003 3995 3035 4034 a
3059 3976 3282 4051 lingua.
3316 3977 3528 4032 Munus
3560 3973 3773 4044 quippe

2127 4071 2196 4127 ab
2228 4069 2509 4144 obsequio
2541 4075 2631 4126 est
2658 4067 2943 4140 subjectio
2967 4067 3231 4123 indebita
3252 4066 3542 4138 impensa.
3565 4064 3772 4118 Munus

2126 4177 2159 4214 a
2208 4177 2386 4215 manu
2448 4157 2714 4231 pecunia,
2749 4172 2965 4214 munus
2996 4172 3029 4212 a
3057 4155 3258 4229 lingua
3290 4155 3470 4210 lavor.
3505 4152 3616 4220 Qui
3640 4163 3771 4223 ergo

2125 4265 2326 4304 sacros
2349 4247 2584 4304 ordines
2605 4245 2836 4318 tribuit,
2856 4250 3000 4303 tunc
3021 4246 3092 4302 ab
3115 4245 3277 4302 omni
3295 4257 3544 4300 munere
3566 4253 3772 4297 manus

2126 4339 2364 4405 excutit,
2399 4338 2635 4410 quando
2667 4336 2725 4392 in
2762 4334 2976 4393 divinis
3007 4336 3184 4394 rebus
3217 4349 3330 4392 non
3365 4333 3559 4390 solum
3589 4344 3771 4404 pecu-

2128 4429 2281 4485 niam
2317 4426 2562 4494 nullam,
2598 4427 2697 4482 sed
2723 4427 2900 4482 etiam
2925 4426 3249 4482 humanam
3273 4423 3525 4498 gratiam
3553 4435 3670 4477 non
3697 4438 3772 4477 re-

2127 4517 2326 4590 quirit.

2126 4618 2256 4674 CAP.
2292 4615 2510 4674 CXXII.
2547 4616 2851 4672 Vendentes
2879 4617 2962 4671 vel
2993 4624 3230 4672 ementes
3259 4615 3495 4669 honores
3515 4612 3769 4669 ecclesia-

2196 4692 2379 4757 sticos,
2437 4690 2656 4745 nullam
2712 4691 2802 4745 sui
2869 4689 3089 4744 ordinis
3142 4689 3472 4759 potestatem
3526 4698 3773 4740 exercere

2189 4764 2497 4834 permittas.

2372 4850 2644 4908 Urbanus
2675 4850 3007 4906 Hermanno
3038 4848 3227 4920 episc.
3268 4846 3515 4903 Metens.

2192 4939 2526 4996 Vendentes
2555 4938 2644 4995 vel
2661 4941 2922 4995 ementes
2941 4936 3194 4994 honores
3213 4931 3703 5002 eccclesiasticos,
3720 4935 3771 4987 et

2123 5028 2477 5096 sacerdotes,
2537 5029 2839 5096 diaconos,
2888 5031 2947 5083 et
2978 5024 3374 5084 subdiaconus
3405 5023 3768 5095 conjugatcs,

2125 5137 2302 5191 quam
2335 5119 2433 5174 diu
2467 5117 2528 5175 in
2568 5136 2674 5174 suo
2707 5133 2904 5175 errore
2934 5115 3369 5190 permanserint
3401 5111 3629 5169 nullam
3660 5124 3769 5168 sua

2124 5207 2510 5265 ordinationis
2567 5209 2920 5281 potestatem
2968 5205 3030 5262 in
3087 5200 3349 5262 Ecclesia
3396 5201 3616 5259 habere
3649 5215 3771 5273 per-

2125 5299 2342 5355 mittas.

2192 5390 2327 5447 CAP.
2389 5386 2646 5444 CXXIII.
2709 5386 2818 5456 Qui
2862 5385 3226 5443 ecclesiastica
3262 5382 3528 5454 beneﬁcia
3561 5381 3770 5445 emerit,

2431 5460 2700 5516 ecclesias
2732 5473 2944 5530 quoque
2972 5474 3159 5516 emere
3179 5457 3473 5529 probatur.

2389 5553 2467 5604 Ex
2501 5549 2754 5606 Decretis
2789 5547 3089 5605 Paschalis
3118 5562 3301 5620 papas,
3333 5561 3383 5601 c.
3423 5546 3506 5599 18.

2193 5643 2269 5708 (1,
2304 5656 2360 5710 q.
2394 5641 2449 5707 3,
2482 5656 2532 5695 c.
2569 5640 2630 5695 Si
2658 5638 2780 5710 quis
2811 5638 3048 5711 autem.)
3072 5638 3131 5694 Si
3162 5636 3297 5709 quis
3327 5638 3527 5692 autem
3549 5633 3772 5703 objece-
