4000 6054
187 271 325 327 1157

1493 254 1893 309 PANORMIA.
1929 280 1996 291 --
2029 256 2161 307 LIB.
2204 255 2301 307 III.

3459 264 3594 317 H58

178 397 257 453 rit
286 408 401 451 non
434 387 907 448 consecratione:
954 381 1092 452 emi,
1127 381 1227 436 sed
1260 396 1351 435 res
1382 378 1543 451 ipsas
1592 393 1719 448 quas
1767 394 1835 433 ex
1865 384 1914 448 Α
1948 378 2071 433 CAP.
2105 377 2321 433 CXXV.
2356 377 2683 456 Simoniacis
2715 380 2773 456 iu
2803 380 3077 456 dignitate
3110 385 3400 456 seruanda,
3435 389 3595 443 nulla

178 481 619 541 consecratione
652 475 1026 550 proveniunt,
1060 470 1291 543 penitus
1334 470 1597 540 desipere
1631 468 1841 539 proba-

176 579 295 629 tur.
322 574 467 629 Nam
501 584 635 625 cum
666 565 987 635 corporalis
1010 562 1385 631 eoolesia,aut
1405 560 1716 632 episcopus
1738 561 1841 612 aut

178 665 385 728 abbas,
418 664 523 716 aut
569 658 684 713 tale
728 655 950 726 aliquid
984 653 1111 707 sine
1143 652 1316 706 rebus
1346 648 1752 719 corporalibus
1783 654 1840 703 et

177 752 565 810 exterioribus
594 748 653 803 in
687 745 849 801 nullo
872 743 1158 815 proficiat,
1185 741 1340 795 sicut
1362 754 1465 793 nec
1490 738 1685 793 anima
1712 736 1839 791 sine

181 856 426 914 corpore
455 836 837 910 corporaliter
892 833 1054 900 vivit,
1088 829 1359 901 quisquis
1399 828 1609 883 horum
1641 827 1839 881 vendit

179 931 456 995 alterum,
479 926 605 982 sine
632 940 745 996 quo
770 938 874 977 nec
898 920 1146 975 alterum
1171 916 1369 972 haberi
1396 914 1836 987 provenit,neu-

177 1023 341 1075 trum
372 1016 619 1072 vendere
652 1030 766 1068 non
795 1007 1092 1079 relinquit.
1114 1008 1300 1070 Quam
1333 1009 1527 1059 tamen
1560 1002 1833 1072 abjectio-

179 1121 317 1160 nem
350 1118 514 1158 sacer
539 1099 772 1173 penitus
794 1110 983 1151 canon
1008 1092 1379 1160 determinat,
1402 1107 1534 1145 cum
1562 1106 1836 1161 procura-

176 1197 369 1249 torem
400 1189 485 1247 vel
518 1189 881 1245 defensorem
915 1182 1205 1252 ECOiOSltB,
1240 1180 1326 1236 vel
1374 1178 1583 1251 regulas
1630 1179 1832 1249 subje-

179 1284 366 1347 ctum,
390 1277 532 1334 adeo
556 1292 660 1349 per
680 1274 959 1349 pecunias
981 1270 1237 1328 ordinari
1272 1265 1600 1341 prohibeat,
1623 1272 1689 1321 ut
1710 1280 1832 1320 me-

178 1369 437 1425 diatores
485 1380 719 1438 quoque
764 1362 941 1433 hujus
990 1358 1377 1416 anathematis
1426 1370 1705 1410 mucrone
1744 1354 1831 1408 in-

180 1456 361 1513 cidat.

180 1604 324 1659 ΟΑΡ.
386 1597 635 1656 CXXIV.
715 1596 821 1664 Qui
888 1597 1126 1665 gratiam
1197 1609 1363 1665 quam
1428 1608 1462 1645 a
1516 1589 1833 1665 Deo_acci-

252 1675 440 1745 piunt,
470 1687 579 1727 non
608 1660 783 1741 gratis
814 1660 1091 1733 exercent,
1114 1660 1423 1721 venditores
1453 1660 1837 1718 columbarum

255 1761 402 1800 sunt.

324 1761 357 1798 n
389 1784 402 1798 .

283 1762 319 1801 α
365 1754 383 1801 ι
525 1835 606 1891 Ex
636 1832 845 1889 Homil.
878 1832 1042 1887 Beda:
1070 1829 1129 1885 in
1159 1826 1327 1885 Joan.
1361 1843 1411 1884 e.
1443 1830 1497 1882 2.

254 1981 330 2051 (ι,
364 1995 423 2051 q.
453 1980 508 2048 3,
542 1992 594 2033 ο.
628 1981 748 2033 Non
796 1977 1015 2045 solum.)
1066 1976 1194 2029 Non
1251 1972 1445 2029 solum
1503 1974 1838 2029 venditores

183 2076 326 2128 sunt
348 2068 843 2131 columbarum,et
869 2067 964 2120 Dei
991 2064 1210 2119 faciunt
1227 2064 1468 2119 domum
1495 2062 1838 2134 negotiatio-

185 2161 300 2230 nis,
336 2160 437 2231 qui
470 2172 669 2216 sacros
700 2156 937 2212 ordines
966 2154 1267 2225 largiendo
1299 2153 1551 2225 pretium
1584 2152 1837 2225 pecunias

182 2249 273 2306 vel
306 2248 524 2320 laudis,
556 2246 643 2303 vel
674 2247 851 2302 etiam
886 2244 1123 2300 honoris
1154 2243 1481 2314 inquirunt,
1513 2259 1716 2297 verum
1748 2242 1840 2295 hi-

185 2354 422 2412 quoque
453 2338 551 2409 qui
587 2334 835 2408 gradum
869 2334 953 2389 vel
988 2333 1238 2406 gratiam
1280 2333 1339 2387 in
1384 2331 1637 2387 Ecclesia
1666 2331 1838 2403 spiri-

185 2428 411 2484 tualem
443 2440 619 2497 quam
652 2424 898 2479 Domino
948 2421 1230 2493 largiente
1280 2424 1689 2492 perceperunt,
1723 2435 1838 2474 non

189 2516 445 2591 simplici
479 2516 824 2581 intentione,
859 2514 961 2569 sed
994 2512 1310 2583 cujuslibet
1339 2512 1612 2567 humanas
1665 2527 1841 2566 causa

187 2606 597 2665 retributionis
642 2609 912 2661 exercent
941 2608 1144 2659 contra
1171 2602 1313 2656 illud
1352 2602 1503 2656 Petri
1540 2601 1789 2672 apostoli
1823 2616 1835 2653 :

185 2698 303 2770 Qui
332 2697 580 2770 loquitur
616 2696 773 2766 quasi
802 2708 1084 2748 sermone:
1132 2692 1247 2759 Dei,
1283 2694 1377 2762 qui
1410 2689 1689 2744 ministrat
1718 2694 1836 2743 tan-

186 2801 354 2858 quam
401 2800 472 2841 ea:
518 2784 718 2839 virtute
763 2797 930 2854 quam
961 2781 1320 2836 administrat
1352 2782 1511 2847 Deus,
1544 2786 1605 2834 ut
1634 2779 1695 2833 in
1720 2794 1839 2834 om-

183 2877 348 2931 nibus
380 2873 773 2943 honoriﬁcetur
805 2873 945 2927 Deus
972 2886 1077 2943 per
1104 2872 1285 2925 Jesum
1316 2871 1594 2925 Christum
1616 2868 1667 2939 (Ι
1687 2870 1836 2923 Petr.

187 2966 286 3036 iv).
321 2965 661 3034 Quicunque
708 2976 846 3033 ergo
895 2960 1043 3016 tales
1094 2964 1254 3027 sunt,
1288 2959 1335 3015 si
1382 2956 1840 3028 nolintjubente

186 3055 434 3110 Domino
467 3055 537 3108 de
570 3052 825 3107 Ecclesia
874 3050 1114 3115 auferri,
1149 3049 1420 3105 auferant
1449 3048 1563 3103 ista
1592 3049 1664 3103 de
1695 3048 1840 3103 acti-

2309 451 2386 503 est
2418 448 2796 507 misericordia
2830 448 3222 521 impendenda.

2507 536 2779 593 Nicolaus
2809 541 3035 596 Junior.

2021 647 2094 713 (ι,
2129 659 2185 715 q.
2228 650 2271 710 I,
2295 662 2342 698 c.
2367 648 2552 711 Erga.)
2589 645 2734 715 Erga
2767 646 3131 703 Simoniacos
3166 650 3386 706 nullam
3421 655 3594 711 mise-

1948 734 2259 789 ricordiam
2308 734 2365 787 in
2416 734 2702 803 dignitate
2753 737 3037 791 servanda
3086 738 3415 796 habendam
3465 761 3592 799 esse

1946 823 2451 889 decernimus,sed
2471 822 2641 891 juxta
2662 841 2952 878 canonum
2985 828 3433 897 sanetiencm,et
3456 850 3590 887 san-

1944 916 2172 966 ctorum
2219 912 2456 966 Patrum
2510 912 2761 981 decreta,
2796 932 2892 969 eos
2920 916 3159 971 omnino
3210 919 3585 988 damnamus,

1942 1017 2007 1054 ac
2056 1001 2432 1072 deponendos
2482 1017 2581 1054 eos
2632 1002 2954 1072 apostolica
3001 1007 3349 1064 auctoritate
3400 1011 3590 1065 sanci-

1946 1105 2097 1144 mus.

1939 1188 2069 1242 Car.
2102 1187 2351 1243 CXXVI.
2388 1192 2466 1241 De
2495 1203 2555 1269 eo
2587 1188 3007 1269 quiordinatur
3036 1193 3108 1246 ab
3140 1194 3236 1249 illo
3282 1212 3443 1265 quem
3491 1200 3591 1252 scit

2490 1265 2873 1314 Sil/ioniacum
2903 1278 3035 1317 csse.

2600 1349 2681 1402 Ex
2711 1350 2939 1407 eodem.

2016 1447 2091 1516 (I,
2121 1462 2175 1515 q.
2208 1450 2253 1513 l,
2278 1460 2327 1499 c.
2353 1447 2425 1500 De
2454 1446 2699 1513 canere.)
2722 1446 2799 1501 Do
2825 1452 3029 1503 ceetero
3054 1452 3371 1508 statuimus
3394 1455 3595 1527 siquis

1947 1532 2003 1586 in
2037 1537 2337 1603 posterum
2359 1532 2431 1586 ab
2463 1549 2529 1587 eo
2561 1549 2727 1605 quem
2763 1535 3165 1593 Simoniacum
3196 1556 3322 1596 esse
3355 1560 3469 1599 non
3493 1546 3597 1600 du-

1945 1622 2112 1690 bitat,
2147 1638 2209 1676 se
2259 1623 2586 1677 consecrari
2634 1624 2990 1693 permiserit,
3022 1631 3079 1681 et
3127 1637 3497 1687 consecrator
3541 1639 3599 1689 et

1946 1717 2323 1766 consecratus
2356 1729 2468 1765 non
2500 1712 2794 1782 disparem
2820 1714 3219 1773 damnationis
3250 1723 3600 1778 sententiam

1948 1802 2235 1867 subeant;
2290 1801 2389 1854 sed
2443 1806 2498 1854 et
2549 1806 2795 1872 uterque
2846 1804 3151 1875 depositus
3196 1810 3600 1878 paenitentiam

1948 1894 2101 1961 agat,
2135 1894 2192 1944 et
2224 1889 2485 1960 privatus
2517 1908 2549 1944 a
2582 1891 2817 1961 propria
2848 1892 3136 1962 dignitate
3164 1896 3456 1966 persistat.

1949 1988 2078 2043 ΟΑΡ.
2116 1987 2389 2043 CXXVII.
2426 1993 2507 2043 De
2549 1990 2850 2059 multiplici
2894 2007 3091 2059 genere
3137 1993 3599 2052 Simoniacorum.

2330 2060 2629 2127 Nicolaus,
2658 2061 2714 2115 in
2744 2062 3016 2131 decretis,
3045 2081 3093 2120 υ.
3134 2066 3214 2121 11.

2021 2160 2098 2228 (1,
2132 2175 2184 2230 q.
2216 2160 2272 2225 2,
2305 2176 2352 2213 c.
2389 2159 2744 2231 Statuimus.)
2776 2161 3048 2218 Nicolaus
3080 2164 3391 2237 episc0pus
3420 2169 3600 2223 omni-

1950 2249 2060 2303 bus
2088 2249 2402 2320 epi800pis.
2437 2250 2767 2306 Statuimus
2820 2252 3118 2307 decretum
3151 2255 3221 2310 de
3253 2256 3602 2312 Simoniacis

1949 2340 2241 2410 tripertita
2271 2338 2500 2408 haeresi,
2534 2340 2587 2393 id
2619 2345 2707 2394 est
2753 2342 2822 2394 de
2869 2340 3243 2413 Simoniacis,
3275 2345 3604 2402 Simoniacc

1950 2428 2389 2483 ordinatoribus
2420 2428 2507 2483 vel
2539 2428 2849 2499 ordinatis,
2870 2435 2924 2484 et
2948 2432 3018 2484 de
3044 2432 3393 2490 Simoniacis
3417 2436 3605 2491 Simo-

1951 2516 2116 2571 niace
2150 2532 2181 2570 a
2215 2532 2327 2570 non
2359 2515 2732 2583 Simoniacis,
2765 2522 2819 2571 et
2849 2518 3201 2575 Simoniacis
3248 2538 3361 2576 non
3414 2524 3604 2579 Simo—

1952 2606 2116 2660 niace
2148 2622 2179 2659 ει
2210 2604 2580 2659 Simoniacis.
2615 2605 2927 2661 Simeniaci
2973 2608 3300 2665 Simoniace
3347 2612 3602 2667 ordinati

1950 2693 2038 2748 vel
2070 2693 2463 2762 ordinatores,
2498 2695 2824 2749 secundum
2854 2694 3287 2753 ecclesiasticos
3327 2717 3599 2767 canones,

1951 2801 1983 2837 a
2016 2783 2248 2854 proprio
2292 2783 2475 2852 gradu
2538 2782 2828 2837 decidant.
2882 2784 3195 2840 Simoniaci
3241 2806 3470 2861 quoque
3516 2791 3603 2845 Si-

1951 2872 2214 2928 moniace
2259 2890 2292 2926 a
2338 2888 2452 2925 non
2505 2872 2853 2927 Simoniacis
2903 2874 3177 2942 ordinati,
3212 2878 3483 2933 similiter
3533 2880 3602 2933 ab

1950 2961 2141 3016 ofﬁcio
2174 2960 2323 3015 male
2353 2965 2591 3031 accepto
2650 2969 3077 3019 removeantur.
3111 2965 3472 3023 Simoniacos
3504 2987 3605 3022 au-

1952 3055 2069 3105 tem
2103 3067 2217 3105 non
2251 3050 2583 3105 Simoniaoe
2616 3068 2648 3104 a
2678 3050 3027 3108 Simoniacis
3080 3055 3402 3127 ordinatos,
3437 3058 3607 3113 misc-

186 3143 299 3198 bus
329 3142 477 3210 suis,
511 3156 583 3197 ne
615 3139 830 3197 Iaciant
863 3139 1107 3194 domum
1148 3136 1271 3207 Dei,
1304 3138 1546 3193 domum
1577 3136 1839 3208 negotia-
1873 3140 1914 3206 C
1955 3138 2260 3195 ricorditer
2313 3155 2415 3209 per
2463 3154 2676 3194 manus
2722 3139 3159 3211 impositionem
3192 3162 3296 3215 pro
3326 3148 3608 3218 temporis

187 3232 393 3289 tionis.

1953 3228 2308 3285 necessitate
2336 3228 2720 3284 concedimus
2746 3245 3090 3300 permanere
3122 3234 3180 3288 in
3213 3234 3426 3292 officio.

1220 3610 1318 3671 DE
1369 3611 1847 3673 PROFESSIUN
1862 3616 1902 3672 Ε
1948 3614 2481 3677 HERETICORU
2496 3619 2538 3673 fit
2556 3661 2570 3675 .

186 3805 314 3857 ΟΑΡ.
347 3797 639 3855 CXXVIII.
677 3797 1008 3856 Hiereticum
1056 3798 1465 3869 resipiscentem
1516 3814 1673 3854 nemo
1722 3816 1845 3853 sus-

258 3871 432 3943 piciat
490 3874 600 3927 nisi
669 3870 954 3944 episcopus
1022 3870 1262 3942 ejusdem
1330 3871 1441 3926 loci
1512 3872 1844 3925 reconcilia-

264 3945 423 3999 verit.

489 4032 780 4103 Sylvester
812 4046 962 4102 papa
994 4031 1053 4085 in
1086 4028 1369 4100 Decretis,
1402 4044 1449 4087 ο.
1484 4029 1538 4083 2.

264 4156 553 4227 Sylvester
583 4174 735 4228 papa
768 4157 823 4210 in
854 4156 1111 4226 generali
1147 4155 1410 4210 residens
1435 4156 1655 4225 synodo
1682 4156 1841 4210 dixit:

192 4270 220 4297 «
255 4246 682 4302 Constituimus
732 4251 797 4300 ut
844 4244 1250 4316 presbyterum
1300 4244 1586 4299 Arianum
1640 4245 1844 4316 resipi-

193 4340 453 4391 scentem
488 4352 657 4391 nemo
689 4332 996 4404 suscipiat,
1040 4332 1153 4387 nisi
1204 4333 1515 4405 episcopus
1576 4334 1841 4403 ejusdem

1957 3799 2267 3855 sacerdotii
2299 3817 2363 3855 ac
2395 3801 2708 3856 ministerii
2742 3802 3075 3872 cujuspiam
3128 3804 3350 3876 suscipi
3400 3806 3608 3861 debere

1957 3889 2263 3959 dignitate.
2298 3889 2583 3955 Quoniam
2618 3891 2835 3961 quibus
2868 3890 3059 3945 solum
3093 3892 3383 3963 baptisma
3415 3901 3606 3950 ratum

1957 3994 2085 4033 esse
2118 3979 2533 4048 permittimus,
2566 3980 2720 4051 quod
2756 3981 2948 4049 itaque
2982 3980 3037 4033 in
3075 3981 3306 4036 nomine
3334 3982 3520 4035 Patris
3555 3997 3608 4038 et

1958 4065 2085 4121 Filii
2139 4071 2193 4119 et
2243 4067 2497 4137 Spiritus
2549 4067 2734 4121 sancti
2788 4056 3135 4138 percipitur,
3167 4086 3270 4123 nec
3321 4071 3606 4141 Spiritum

1956 4160 2226 4210 sanctum
2268 4172 2365 4209 eos
2419 4156 2633 4211 habere
2678 4172 2745 4209 ex
2799 4155 2894 4209 illo
2948 4156 3325 4227 baptismate,
3376 4157 3610 4230 illisque

1958 4244 2302 4298 ministeriis
2349 4245 2726 4314 arbitramur,
2760 4242 3037 4314 quoniam
3098 4262 3231 4301 cum
3266 4264 3297 4301 a
3325 4247 3611 4304 catholica

1958 4334 2067 4387 fide
2092 4348 2293 4387 eorum
2319 4336 2609 4398 auctores,
2632 4333 3018 4401 discederent,
3049 4335 3462 4404 perfectionem
3486 4338 3611 4409 Spi-

192 4422 303 4479 loci
358 4423 839 4491 reconciliaverit,
873 4426 930 4477 et
960 4426 1329 4477 sacrosancto
1378 4421 1695 4477 chrismate
1746 4438 1845 4492 per
1881 4455 1920 4516 D
1956 4422 2101 4476 ritus
2142 4437 2320 4492 quam
2372 4426 2717 4493 acceperant
2761 4421 3107 4489 amiserunt,
3142 4440 3248 4478 nec
3291 4426 3431 4481 dare
3479 4428 3607 4496 ejus

193 4512 541 4584 episcopalis
600 4530 812 4568 manus
871 4510 1305 4582 imposilionem
1366 4512 1553 4567 sancti
1590 4512 1841 4581 Spiritus

193 4600 402 4671 gratia,
435 4618 561 4673 qum
591 4603 661 4657 ab
696 4600 983 4657 haereticis
1014 4599 1137 4655 dari
1177 4618 1288 4655 non
1319 4602 1845 4671 potest,contirma-

198 4690 362 4744 verit.
392 4708 420 4740 ι

305 4824 433 4878 Car.
464 4823 699 4878 CXXIX.
732 4821 1055 4879 Sacerdotes
1086 4822 1473 4878 hereticorum
1502 4823 1743 4894 episcopi

546 4895 838 4951 honoribus
870 4913 977 4950 non
1012 4896 1284 4949 habentur
1322 4895 1497 4965 digni.

238 5003 612 5059 Innocentius
642 5002 697 5055 in
734 5002 1008 5067 Decretis,
1034 5002 1103 5057 ad
1135 5001 1411 5057 Alexand.
1437 5002 1640 5073 episc.,
1674 5019 1723 5057 c.
1758 5004 1810 5056 3.

268 5136 345 5203 (1,
386 5151 442 5206 q.
482 5136 529 5200 1,
564 5153 608 5189 c.
646 5136 926 5207 Arianos.)
954 5135 1333 5191 INNOCENTIUS
1366 5151 1517 5207 papa
1549 5137 1849 5192 Romanus

200 5230 537 5278 Acaxmone
572 5224 928 5279 Antiocheno
973 5224 1244 5296 episcopo
1277 5242 1289 5280 :
1345 5247 1371 5274 «
1404 5225 1648 5280 Arianos
1682 5232 1850 5280 crete-

197 5329 412 5384 rasque
443 5312 785 5383 hujusmodi
821 5318 1034 5384 pestes,
1068 5314 1203 5384 quia
1236 5329 1437 5369 eorum
1486 5314 1664 5370 laicos
1710 5332 1849 5369 con-

198 5417 399 5458 versos
449 5403 520 5457 ad
572 5403 884 5458 Dominum
934 5403 1043 5458 sub
1096 5401 1353 5473 imagine
1404 5404 1755 5474 pmnitentiae
1788 5422 1850 5459 ac

200 5492 387 5549 sancti
433 5491 687 5563 Spiritus
737 5490 1200 5548 sanctiﬁcatione
1232 5508 1333 5561 per
1364 5508 1572 5547 manus
1607 5493 1850 5563 imposi-

201 5580 419 5638 tionem
443 5581 948 5654 suscipimusmon
974 5580 1203 5637 videtur
1223 5578 1467 5637 clericos
1490 5598 1691 5639 eorum
1716 5599 1851 5638 cum

1958 4508 2379 4579 plenitudinem
2412 4514 2663 4581 possunt
2683 4513 2833 4579 (qua:
2856 4511 3111 4567 maxime
3143 4512 3201 4567 in
3230 4514 3607 4570 ordinationi-

1959 4601 2069 4654 bus
2103 4600 2399 4670 operatur)
2430 4600 2530 4669 qui
2566 4616 2667 4670 per
2700 4599 3019 4668 impietatis
3051 4618 3168 4656 sua:
3201 4604 3506 4673 perﬁdiam
3541 4606 3610 4658 ﬁ-

1958 4690 2087 4743 dem
2126 4688 2357 4743 Domini
2393 4688 2791 4758 perdiderunt,
2827 4694 3063 4760 propter
3112 4692 3267 4761 quod
3319 4694 3443 4748 fieri
3493 4710 3606 4749 non

1960 4780 2150 4849 potest
2169 4782 2447 4832 uteorum
2482 4776 2757 4847 profanos
2788 4779 3119 4834 sacerdotes
3144 4780 3351 4851 dignos
3384 4781 3482 4837 Dei
3506 4782 3609 4837 bo-

1960 4867 2201 4922 noribus
2232 4866 2605 4929 arbitremur,
2631 4882 2884 4936 quorum
2918 4866 3096 4923 laicos
3128 4869 3499 4941 imperfectos
3520 4873 3608 4940 (ut

1959 4956 2101 5026 dixi)
2131 4956 2202 5009 ad
2235 4954 2421 5009 sancti
2455 4954 2713 5025 Spiritus
2737 4955 3170 5027 percipiendam
3194 4960 3605 5026 gratiam,cum

1960 5044 2315 5117 paenitentiae
2376 5043 2629 5114 imagine
2688 5044 3062 5115 recipiamus.
3094 5047 3359 5102 Gravitas
3409 5048 3607 5119 itaque

1960 5141 2063 5190 tua
2091 5135 2162 5189 ad
2198 5133 2465 5187 notitiam
2505 5133 3006 5205 coepiscoporum,
3040 5134 3127 5189 vel
3160 5152 3263 5206 per
3296 5139 3609 5205 synodum,

1962 5224 2009 5278 si
2042 5228 2261 5294 potest,
2292 5222 2378 5275 vel
2416 5239 2516 5293 per
2546 5229 2808 5279 nostram
2844 5223 3243 5278 recitationem
3278 5224 3608 5280 litterarum

1962 5316 2135 5368 iaciat
2166 5310 2483 5383 pervenire,
2520 5317 2609 5367 est
2651 5313 2753 5367 hoc
2787 5314 2942 5383 quod
2978 5313 3099 5382 ipse
3132 5319 3246 5367 tam
3281 5316 3610 5369 necessario

1964 5404 2373 5472 percunctatus
2397 5417 2479 5465 es,
2506 5405 2563 5457 et
2584 5418 2690 5456 nos
2723 5408 2840 5455 tam
2871 5400 3167 5455 eliminate
3200 5404 3613 5472 respondimus

1964 5491 2261 5547 communi
2312 5490 2578 5545 omnium
2628 5490 3107 5561 ceepiscoporum
3151 5508 3465 5565 consensu,
3496 5500 3615 5550 stu-

1963 5581 2177 5653 dioque
2206 5583 2490 5637 servetur.
