4000 6054
213 229 343 284 1161
1514 221 1913 275 PANORMIA.
1947 247 2015 257 —
2046 220 2176 270 LIB.
2220 223 2318 271 III.
3486 216 3625 270 1162

212 354 344 422 post
378 349 681 418 acceptum
717 360 951 401 sacrum
982 344 1248 400 ordinem
1282 343 1483 415 lapsus
1521 341 1581 396 in
1629 345 1861 413 peccato
1891 351 1945 415 Α
1977 344 2078 395 aut
2109 338 2290 393 fuisse
2322 336 2581 409 generati
2613 336 2717 392 filii
2742 338 3142 407 prodiderunt.
3187 338 3267 393 De
3295 337 3384 393 bis
3434 337 3621 393 mani-

212 438 406 494 carnis
439 436 638 501 fuerit,
671 451 835 491 sacro
868 434 1071 489 ordine
1094 433 1176 488 ita
1217 441 1409 489 careat
1435 436 1501 486 ut
1536 432 1607 486 ad
1659 430 1860 485 altaris
1972 429 2119 482 festa
2150 431 2237 482 est
2269 427 2601 481 divinarum
2635 426 2825 496 legum
2861 426 3195 498 disciplina,
3230 431 3290 481 et
3321 427 3500 482 beata:
3530 442 3619 481 re-

214 525 614 581 ministerium
652 522 899 578 ulterius
930 539 1044 578 non
1080 523 1334 578 accedat.
1971 514 2331 572 cordationis
2362 515 2549 570 Siricii
2581 515 2835 587 episc0pi
2875 516 3097 570 monita
3140 514 3433 570 evidentia
3461 532 3620 570 ema-

213 647 346 699 CAP.
382 639 668 697 CXXXIV‘
702 640 820 694 Non
849 637 1239 706 ingrediantur
1267 638 1582 699 ecclesiam,
1632 635 1863 707 ρνθδδῃ,
1974 610 2278 703 naverunt,
2308 604 3159 707 ut‘incontinen‘tes.inﬂofﬁciis
3182 603 3619 707 pontiﬁcalibus

283 716 414 777 teri,
450 712 695 777 diaconi,
720 711 803 765 vel
832 692 1167 765 subdiaconi
1196 712 1289 781 qui
1310 708 1369 763 in
1400 692 1644 763 crimine.
1680 692 1863 777 forni—

2040 692 2147 748 isiti
2180 693 2341 748 omni
2368 692 2589 748 honore
2629 692 3021 747 ecclesiastico
3073 693 3463 763 privarentur,
3515 708 3620 747 nec

284 784 520 841 cationis
550 785 751 851 iacent.
1210 780 1213 781 ⁷
1974 783 2359 837 admittantur
2384 784 2458 835 ad
2486 782 2599 836 tale
2633 781 3027 836 ministerium
3080 782 3235 852 quod
3276 780 3400 837 sola
3434 781 3621 837 conti-

549 869 859 940 Gregorius
894 869 964 924 ad
995 868 1119 924 Ita].
1154 873 1210 924 et
1241 868 1530 923 Theuton.
1977 870 2173 925 nentia
2202 875 2467 941 opportet
2498 869 2748 942 impleri.

286 962 453 1035 (Dist.
488 962 579 1026 81,
606 977 656 1016 c.
691 960 753 1015 Si
782 962 879 1031 qui
906 960 1217 1031 presbyteri
1249 956 1425 1024 sunt.)
1483 957 1537 1010 Si
1580 955 1678 1026 qui
1727 956 1866 1053 sunt

2042 994 2113 1031 ip.
2149 976 2491 1053 CXXX_VIII.
2523 977 2724 1053 Officio
2746 981 2797 1032 et
2828 977 3087 1047 beneﬁcio
3132 978 3622 1053 prit'etur_episco-_

221 1048 548 1125 presbyteri
580 1048 667 1103 vel
701 1049 955 1116 diaconi,
989 1046 1078 1102 vel
1111 1045 1457 1101 subdiaconi
1496 1044 1596 1115 qui
1644 1044 1702 1098 in
1755 1044 1867 1097 cri-
2048 1064 2170 1116 pus,
2196 1044 2611 1125 presbyterum
2642 1048 2921 1117 diaconus,
2950 1044 3179 1104 uxorein
3203 1044 3506 1120 suscipiens
3537 1047 3625 1104 vel

216 1122 377 1196 mine
411 1136 815 1194 fornicationis
842 1137 1096 1206 jaceant,
1129 1134 1540 1190 interdicimus
1567 1132 1653 1188 eis
1681 1148 1747 1187 ex
1771 1129 1869 1186 Dei
2047 1129 2357 1191 διιδσθριατη
2380 1122 2649 1175 retinens-

217 1232 383 1299 parte
419 1225 864 1297 omnipotentis,
897 1229 955 1280 et
986 1223 1175 1279 sancti
1209 1222 1361 1278 Petri
1411 1221 1756 1277 auctoritate
1778 1236 1868 1275 ec-
2125 1297 2133 1299 _
2191 1206 2526 1299 Alexander
2550 1209 2600 1263 ΙΙ
2634 1208 2704 1263 ad
2736 1209 2930 1299 episc.
2955 1212 3012 1299 et
3034 1224 3162 1299 reg.
3196 1209 3421 1299 Damat.

219 1296 411 1372 clesiae
435 1296 743 1370 introitum
769 1329 957 1385 usque
979 1314 1118 1369 dum
1136 1309 1799 1384 pmniteantetemendei

2048 1297 2218 1365 (Dist.
2247 1298 2338 1366 81,
2372 1314 2423 1352 c.
2457 1296 2519 1352 Si
2540 1314 2663 1369 quis
2703 1297 2939 1368 amodo.)
2989 1298 3042 1351 Si
3076 1298 3211 1368 quis
3250 1297 3457 1352 amodo
3503 1296 3628 1368 epi-

218 1406 273 1460 Si
307 1404 405 1475 qui
436 1420 572 1460 vero
605 1403 665 1458 in
697 1406 933 1474 peccato
964 1419 1071 1458 suo
1117 1416 1487 1473 perseverare
1535 1396 1869 1465 maluerint,
1979 1401 2216 1475 δερρυε,
2253 1387 2559 1475 presbyter
2577 1387 2991 1475 autﬁdiaconus
3016 1386 3297 1475 feminam
3320 1385 3628 1475 acceperit,

221 1493 419 1549 nullus
450 1497 711 1548 vestrum
738 1508 942 1547 eorum
996 1490 1202 1546 audire
1241 1492 1559 1561 praesumat
1588 1485 1801 1542 ofﬁcim

2051 1471 2067 1526 l
2104 1480 2400 1545 receptam
2429 1474 2758 1542 retinuerit,
2791 1474 3024 1545 proprio
3055 1475 3238 1546 gradu
3272 1473 3505 1529 decidat
3528 1491 3628 1528 us-

220 1580 711 1654 quiabenedictio
730 1575 1871 1636 eorumconvertiturinmaledictionem
1982 1561 2269 1654 (luendum
2304 1564 2374 1617 ad
2410 1562 2878 1654 εᾶῒίδῖᾶοῐίοηθφ
2927 1562 3145 1631 Veniat,
3190 1578 3295 1654 τὶςο
3344 1562 3403 1617 in
3453 1562 3629 1654 ςῧοτο

222 1649 278 1728 et
300 1671 483 1726 oratio
516 1670 578 1725 in
629 1674 961 1741 peccatum,
1007 1667 1253 1724 Domine
1299 1670 1551 1722 testante
1585 1681 1687 1736 per
1735 1678 1873 1735 pro-
1905 1717 1947 1741 ῃ
1982 1649 2364 1741 manentium
2397 1657 2652 1741 φθέῦθθῒν
2677 1668 2781 1707 nec
2806 1651 3065 1723 aliquam
3095 1650 3420 1722 Ροτῖίοηθῐη
3444 1651 3514 1705 de
3536 1667 3628 1705 ι’θ·

223 1760 500 1834 phetam:
534 1717 874 1826 Malledicam,
898 1717 1124 1828 inquit,
1158 1717 1627 1813 benedictionibus
1674 1717 1803 1809 vesti

1219 1717 1627 1813 Mdu-uouit)“;
1674 1717 1873 1809 vaga-1',
1905 1717 1951 1781 Β
1978 1737 2090 1795 bus
2126 1738 2536 1796 ecclesiasticis
2566 1740 2799 1796 habeat.

224 1851 478 1920 (Malach.
506 1854 623 1917 vn).
656 1848 764 1913 Qui
790 1863 924 1903 vero
958 1847 1095 1902 huic
1147 1844 1539 1901 saluberrimo
1587 1846 1873 1915 praecepto
2404 1848 2539 1904 CAp.
2578 1847 2863 1903 CXXXIX.
2899 1852 2978 1903 De
3007 1847 3208 1903 eodem,

233 1938 470 1995 obedire
500 1936 816 2008 noluerint,
851 1935 1194 1991 idololatriae
1222 1938 1526 2006 peccatum
1566 1932 1878 1987 incurrunt
2455 1936 2784 1992 Alexander
2810 1936 2857 1993 ΙΙ
2876 1937 2961 1991 ,αά
2988 1937 3147 1992 eosd.

233 2027 502 2083 Samuele
548 2030 798 2082 testante
850 2029 907 2080 et
956 2025 1125 2079 beato
1173 2022 1448 2095 Gregorio
1510 2022 1873 2077 instruente:
2062 2025 2230 2097 (Dist.
2264 2027 2354 2092 81,
2388 2043 2435 2082 c.
2485 2028 2551 2082 si
2594 2028 2717 2098 quis
2764 2026 3148 2097 sacerdotum.)
3179 2024 3237 2080 Si
3270 2024 3405 2095 quis
3436 2038 3634 2079 sacer-

234 2118 525 2172 Peccatum
547 2114 835 2171 ariolandi
863 2117 961 2180 est,
991 2129 1099 2169 non
1129 2112 1382 2168 obedire:
1414 2116 1470 2166 et
1503 2108 1876 2181 scelus'zidolo-
1988 2116 2218 2183 datum,
2249 2114 2339 2170 vel
2372 2116 2771 2182 diaconorum,
2800 2114 2889 2170 vel
2940 2114 3459 2183 subdiaconorum,
3507 2112 3634 2168 ofﬁ-

238 2205 443 2274 latriaz,
477 2220 586 2261 non
614 2205 957 2275 acquiescere
986 2202 1031 2272 (Ι
1062 2205 1189 2270 Reg.
1224 2201 1338 2273 XV).
1364 2200 1669 2255 Peccatum
1704 2197 1882 2266 igitur
1990 2204 2147 2259 cium
2182 2204 2605 2259 contumaciter
2638 2206 2961 2275 deponens,
2995 2204 3268 2259 feminam
3292 2202 3406 2257 sibi
3437 2202 3636 2272 potius

233 2293 589 2366 paganitatis
617 2292 867 2348 incurrit
910 2290 1151 2361 quiquis
1202 2291 1341 2344 dum
1392 2288 1787 2343 Christianum
1822 2303 1882 2341 se
1990 2292 2171 2364 eligit,
2206 2293 2362 2348 sicut
2392 2298 2599 2365 sponte
2634 2293 2706 2348 ob
2741 2292 3187 2348 fornicationem
3218 2290 3462 2345 dimittit
3507 2290 3634 2344 olli-

234 2382 466 2451 asserit,
500 2380 624 2436 sedi
659 2379 991 2452 apostolicae
1024 2378 1257 2434 obedire
1288 2378 1627 2433 contemnit.
1991 2380 2169 2450 cium,
2201 2383 2279 2435 ita
2319 2381 2392 2436 ob
2428 2380 2967 2451 przevaricationem
2987 2379 3284 2433 dimittere
3315 2381 3559 2449 cogatur
3576 2380 3635 2432 et

232 2497 364 2551 CAP.
398 2494 661 2551 CXXXV.
686 2494 802 2550 Non
833 2493 1112 2549 audiatur
1142 2492 1313 2548 missa
1344 2491 1647 2563 presbyteri
1680 2506 1810 2546 conc

1029 2498 1112 2547 tur
1142 2492 1313 2548 missa
1344 2491 1647 2563 presbyteri
1680 2506 1877 2546 concu-
1986 2469 2205 2524 ίηνίίυε
2235 2468 2609 2525 δεηθίίοίυω·

806 2566 995 2621 binam
1042 2565 1308 2619 habentis.

2477 2579 2610 2630 CAP.
2651 2575 2807 2629 CXL.
2836 2579 2910 2629 De
2942 2573 3150 2629 eodem.

343 2655 616 2711 Nicolaus
646 2655 785 2710 Jun.
819 2663 874 2709 et
920 2654 1270 2720 Alexander,
1305 2653 1343 2707 l.
1376 2669 1437 2707 ιιι
1472 2656 1552 2706 De
1583 2652 1770 2721 lapsis,
2362 2664 2682 2719 Alexander
2702 2664 2747 2718 Π
2782 2662 2992 2734 populo
3026 2661 3255 2717 Mediol.

310 2753 477 2825 (Dist.
510 2754 600 2822 32,
642 2769 691 2808 ο.
744 2751 947 2807 Nullus
984 2756 1040 2806 et
1083 2768 1133 2807 c.
1181 2750 1428 2820 Prwter.)
1478 2749 1689 2804 Nullus
1741 2746 1880 2801 mis-
2063 2752 2229 2823 (Dist.
2261 2754 2352 2820 81,
2384 2770 2434 2808 c.
2468 2755 2568 2808 Eos
2586 2753 2799 2823 etiam.)
2830 2753 2942 2806 Eos
2971 2752 3145 2807 etiam
3192 2750 3292 2821 qui
3343 2753 3409 2805 ut
3456 2748 3635 2804 forni-

241 2859 369 2898 sam
387 2843 591 2897 audiat
612 2841 1145 2912 presbyteri,quem
1168 2839 1277 2894 scit
1298 2837 1686 2893 concubinam
1712 2835 1882 2890 indu-
1995 2842 2111 2896 cari
2146 2841 2229 2896 eis
2246 2840 2440 2910 liceat,
2471 2843 2735 2896 divinum
2769 2841 3029 2895 ofﬁcium
3065 2838 3509 2909 dereliquerint,
3530 2843 3587 2893 et
3605 2854 3640 2892 a

244 2930 499 2985 bitanter
557 2929 793 2999 habere,
843 2933 944 2985 aut
996 2927 1506 2983 subintroductam
1556 2925 1883 2981 mulierem.
1996 2930 2113 2985 Deo
2146 2932 2483 2986 recedentes
2514 2929 2745 2985 diabolo
2771 2938 2827 2985 et
2863 2929 2991 3000 ejus
3038 2926 3314 3000 operibus
3355 2926 3640 2995 serviunt,

244 3020 410 3075 Unde
439 3024 497 3074 et
528 3019 659 3090 ipsa
687 3017 1168 3089 sanctasynodus
1187 3016 1296 3071 hoc
1318 3015 1640 3088 capitulum
1660 3013 1769 3069 sub
1792 3029 1886 3068 ex-
1926 3082 1960 3090 _
2000 3019 2153 3073 sicut
2181 3035 2239 3074 se
2275 3018 2611 3089 justissime
2659 3018 2729 3073 ab
2778 3018 2969 3074 ofﬁcio
3015 3017 3236 3072 alienos
3280 3015 3521 3086 faciunt,
3561 3013 3644 3069 ita

249 3107 785 3164 communicatione
819 3106 1014 3179 posuit
1044 3106 1243 3160 dicens
1265 3123 1283 3159 :
1318 3127 1345 3154 ‹‹
1374 3105 1713 3174 Quicunque
1761 3117 1887 3172 pre-
1917 3082 1962 3151 (ἶ
2002 3107 2284 3163 beneﬁcio
2314 3107 2691 3163 ecclesiarum
2726 3108 2984 3179 privatos
3017 3122 3147 3161 esse
3178 3104 3533 3176 iudicamus.

250 3198 679 3285 Sbyterommr
737 3195 1127 3285 diaconowm
1200 3194 1698 3285 subd_iacon°“_‘m
1764 3195 1890 3285 995?
1996 3218 2125 3269 CAP.
2174 3213 2354 3269 CXLI.
2391 3214 2497 3282 Qui
2519 3222 2642 3285 post
2672 3213 3079 3285 ordinationem
3098 3228 3263 3267 suam
3302 3210 3510 3266 labitur
3553 3208 3645 3263 de-

246 3284 636 3340 constitutum
669 3284 851 3338 beatae
884 3281 1180 3338 memoriis
1214 3282 1655 3353 prmdecessoris
1704 3278 1892 3334 nostri
2408 3278 2426 3282 ⁷
2519 3278 2734 3357 'positus
2778 3284 3109 3339 remanebit.

249 3370 605 3425 sanctissimi
656 3370 863 3425 Leonis
902 3385 1062 3440 papae
1123 3368 1195 3424 de
1237 3368 1504 3424 castitate
1545 3367 1890 3423 clericorum
2424 3373 2713 3428 Martinus
2744 3388 2897 3442 papa
2930 3371 3213 3425 Amando.

251 3458 640 3514 concubinam
663 3457 856 3529 palam
871 3457 1124 3523 duxerit,
1143 3457 1486 3512 velductam
1510 3474 1623 3511 non
1649 3454 1893 3524 relique—
2073 3462 2241 3531 (Dist.
2280 3461 2371 3525 50,
2403 3477 2452 3516 ο,
2488 3462 2594 3529 Qui
2621 3460 2835 3530 semel.)
2857 3457 2965 3526 Qui
2996 3458 3174 3513 semel
3235 3461 3370 3528 post
3415 3455 3645 3511 οιιάίηα.

251 3547 349 3617 rit,
381 3563 448 3602 ex
471 3550 633 3617 parte
663 3545 1019 3617 omnipentis
1050 3545 1167 3612 Dei,
1200 3551 1259 3601 et
1300 3545 1647 3601 auctoritate
1696 3545 1894 3598 beato-
2002 3549 2219 3605 tionem
2252 3549 2313 3603 in
2345 3548 2514 3621 lapsu
2567 3548 2806 3616 decidit,
2857 3547 3134 3619 deinceps
3174 3547 3302 3617 jam
3342 3545 3646 3615 depositus

254 3652 388 3691 rum
420 3634 817 3705 apostolorum
866 3634 1016 3689 Petri
1076 3639 1133 3689 et
1179 3633 1343 3689 Pauli
1394 3632 1789 3705 praecipimus,
1839 3634 1898 3685 et
2004 3639 2133 3707 erit,
2185 3636 2533 3709 nullumque
2608 3638 2857 3709 gradum
2905 3634 3215 3691 sacerdotii
3272 3633 3485 3706 poterit
3522 3632 3649 3687 adi-

257 3722 737 3786 contradicimus,
771 3727 834 3777 ut
864 3722 1102 3778 missam
1137 3740 1252 3779 non
1276 3727 1491 3792 cantet,
1511 3738 1700 3794 neque
1722 3737 1899 3777 evan-
2007 3727 2173 3800 pisci,

259 3814 481 3887 genum
511 3812 597 3903 V91
638 3813 946 3903 epistolam
991 3814 1147 3903 ¹θεειι
1194 3815 1263 3870 ad
1311 3814 1579 3903 missam,
1624 3829 1808 3903 neq“?
1838 3810 1899 3865 in
2010 3836 2146 3891 CAP.
2188 3835 2405 3890 CXLII.
2438 3834 2728 3903 Gregorius
2774 3833 3039 3888 Venantio
3090 3832 3336 3902 episeopo
3395 3828 3658 3883 Lunensi.

264 3902 621 3974 presbyterio
652 3918 783 3957 cum
816 3901 917 3981 his.
936 3903 1007 3991 ad
1041 3902 1236 3991 divina
1267 3902 1476 3971 ofﬁcia,
1502 3919 1627 3972 qua;
1650 3900 1902 3972 praefatae
2085 3924 2415 3979 Statuimus
2437 3900 2747 3978 diaéonum
2768 3921 3039 3976 abbatem
3061 3900 3233 3991 qﬁem
3266 3900 3337 3972 de
3361 3920 3527 3989 portu
3552 3916 3660 3970 ve-

265 3991 667 4083 conatui?“
702 3991 921 4083 ‘0???“
952 3990 1371 4083 ίηοδεῗδξθηίθεν
1413 3995 1667 4059 maneat?
1717 4004 1906 4083 Πθίξιξθ
2016 4014 2173 4068 neris
2197 4013 2431 4083 judicas
2460 4011 2760 4078 cecidisse,
2779 4011 2851 4065 ad
2878 3990 3108 4065 sacrum
3134 4006 3395 4061 ordinem
3425 4021 3542 4059 non
3563 4004 3661 4058 de-

268 4079 605 4171 Ναθῶ-δι)
656 4078 912 4171 E°°153Si9
960 4078 1266 4171 SUSCFPIM’
1314 4094 1624 4171 quousque
1664 4095 1699 4131 ⁸
1741 4076 1909 4131 “Obis
2019 4104 2155 4158 bere
2185 4076 2270 4155 vel
2306 4118 2475 4171 posse
2504 4076 2882 4171 aliquomodo
2913 4096 3193 4168 reparari,
3226 4110 3398 4165 quem
3425 4091 3663 4163 quidem

268 4167 560 4260 amentia
590 4183 769 4239 super
794 4166 1159 4236 hujusmOdi’
1191 4171 1299 4222 Deo
1340 4168 1711 4233 concedente'
1764 4182 1910 4237 pm)”
2021 4207 2187 4248 sacro
2219 4166 2423 4245 ordine
2472 4166 2761 4260 privatum
2803 4186 2862 4240 in
2910 4166 3253 4257 paenitentia
3284 4187 3340 4237 te
3388 4182 3669 4252 deputare

268 4259 457 4314 cedat"
492 4279 521 4307 ”
2024 4279 2313 4335 convenit.
2339 4259 2519 4348 Cujus
2552 4276 2601 4332 si
2632 4280 2836 4347 postea
2859 4279 3026 4329 actus
3048 4278 3106 4328 et
3153 4269 3516 4328 conversatio
3546 4284 3669 4325 me-

273 4374 408 4429 CAP.
440 4371 708 4429 CXXXVI
750 4371 868 4426 Non
907 4378 1086 4442 potest
1125 4371 1345 4425 restitui
1386 4372 1442 4425 in
1490 4371 1913 4440 sarcerdotium,
2027 4368 2231 4437 ruerit,
2264 4368 2517 4438 priorem
2550 4365 2703 4420 inter
2732 4362 3075 4428 monachos,
3108 4360 3207 4415 ubi
3239 4366 3301 4417 tu
3333 4365 3531 4415 tamen
3568 4359 3674 4413 de-

592 4443 748 4502 ευίαδ
777 4442 989 4498 crimen
1019 4442 1189 4512 Ιῑιενίι
1220 4445 1594 4512 manifestum
1950 4449 1997 4513 Β
2030 4456 2303 4526 creveris,
2337 4455 2529 4510 standi
2560 4454 2755 4509 locum
2798 4452 3076 4507 obtineat.
3130 4449 3486 4505 Subdiaconi
3538 4463 3676 4519 quo-

380 4531 656 4588 Nicolaus
682 4530 885 4587 Carolo
909 4531 1188 4602 archiep,
1220 4532 1500 4587 etconcil.
1531 4536 1811 4587 Wormat.

2098 4563 2147 4600 Ie
2175 4562 2322 4616 quos
2354 4543 2531 4599 simul
2583 4542 2757 4613 culpa
2800 4538 3168 4611 constringit,
3215 4539 3287 4593 ab
3336 4537 3526 4592 officio
3573 4552 3678 4590 suo

350 4632 518 4702 (Dist.
545 4632 638 4697 50,
678 4647 725 4685 ο.
761 4630 1127 4698 Sacerdotes.)
1158 4630 1503 4685 Sacerdotes
1539 4632 1584 4685 εἰ
1639 4632 1695 4685 in
1745 4627 1922 4684 forni-
2034 4633 2493 4690 irrevocabiliter
2522 4630 2793 4703 depositi,
2826 4630 2979 4683 inter
3001 4627 3182 4683 laicos
3205 4626 3677 4682 communionem

281 4719 532 4774 cationis
551 4718 1190 4789 ceciderintlaqueum,
1215 4723 1273 4773 et
1293 4720 1558 4773 criminis
1582 4719 1927 4774 manifestus
2036 4722 2348 4792 accipiant.
2384 4720 2446 4773 In
2481 4726 2647 4790 portu
2681 4720 2876 4770 autem
2910 4714 3152 4769 Veneris
3184 4713 3309 4770 loco
3344 4713 3517 4785 lapsi,
3550 4710 3685 4766 dia-

284 4813 557 4863 ostensus
589 4806 807 4862 fuerint
842 4812 1030 4875 actus,
1066 4807 1375 4862 sacerdotii
1408 4824 1521 4861 non
1557 4812 1805 4878 possunt
1826 4806 1929 4861 ha-
2040 4827 2252 4865 conum
2278 4808 2457 4863 alium
2477 4806 2578 4878 qui
2598 4806 2710 4861 hoc
2729 4802 2990 4859 ofﬁcium
3014 4802 3260 4875 implere
3277 4804 3505 4869 debeat,
3527 4800 3682 4855 ordi-

283 4900 421 4952 bere
454 4896 737 4952 honorem
763 4896 1090 4952 secundum
1114 4895 1934 4951 canonicminstitutionisau-
2042 4898 2233 4953 nabis.

281 4986 638 5041 οῖοτίῑαίθω·
2057 5010 2189 5061 CAP.
2224 5003 2458 5058 CXLIII.
2496 5001 2733 5056 Clericus
2763 4997 3110 5053 adulterasse
3138 4996 3442 5062 convictus,
3462 4995 3545 5049 vel
3564 5006 3690 5048 con-

279 5100 911 5174 CAP.CXXXVII._Qui
952 5102 1281 5171 voluptatem
1329 5103 1508 5171 ofﬁcio
1550 5117 1859 5174 praeposita:

1792 5101 1938 5171 terit,
2365 5077 2564 5144 fessus,
2594 5075 2652 5128 in
2682 5070 3014 5126 monasterio
3035 5067 3372 5174 retrudatur:

666 5154 1601 5229 ﬁndi}‘Mﬁib‘tﬁtimatédiu;’
1623 5154 1850 5174 "rum
2156 5166 2370 5238 Synod.
2405 5162 2728 5226 Aureliam,
2762 5159 2866 5214 0.7
2890 5175 2903 5223 ;
2931 5156 3141 5212 concil.
3178 5154 3475 5210 Aurelian.
3502 5170 3585 5207 ιιι.

643 5262 1023 5316 Innocentius
1058 5262 1347 5333 Exuperio
1394 5262 1587 5317 Tolos.
2124 5258 2288 5327 (Dist.
2313 5255 2402 5320 81,
2436 5269 2485 5307 c.
2519 5251 2576 5306 Si
2608 5249 2747 5320 qui.)
2780 5247 2841 5302 Si
2886 5246 3007 5333 qui,
3036 5243 3289 5299 clericus
3340 5242 3701 5333 adulterasse

365 5348 534 5419 (Dist.
568 5350 656 5415 82,
683 5366 732 5403 c.
780 5329 1205 5421 Proposuistis.)—
1244 5351 1639 5422 Proposuistis
1687 5350 1828 5421 quid
1875 5350 1945 5404 de
2055 5350 2156 5401 aut
2186 5344 2491 5400 confessus
2522 5339 2699 5395 fuerit
2728 5340 2830 5391 aut
2850 5332 3173 5401 convictus,
3204 5330 3600 5422 depositusab
3622 5329 3703 5422 of-

300 5438 391 5493 bis
422 5437 713 5493 observari
738 5419 947 5493 debeat
970 5456 1115 5509 quos
1141 5419 1196 5492 in
1225 5419 1453 5493 diaconi
1480 5419 1823 5509 ministerio,
1847 5441 1949 5493 aut
2057 5435 2189 5491 ﬁcio
2221 5450 2327 5490 suo
2359 5428 2778 5487 communione
2810 5422 3168 5478 concessain
3205 5419 3560 5478 monasterio
3583 5421 3706 5473 toto

298 5527 357 5581 in
411 5526 605 5582 ofﬁcio
652 5527 972 5599 presbyteri
1022 5528 1267 5597 positos,
1338 5527 1771 5583 incontinentes
1821 5544 1949 5584 esse
2058 5526 2187 5579 vita
2226 5540 2344 5578 suae
2382 5525 2641 5590 tempore
2672 5513 2969 5569 trudatur.

626 5653 895 5714 PATROL.
940 5655 1142 5714 CLXI.

3312 5636 3389 5695 37
