3938 6074
339 255 478 309 1163

802 373 936 426 ΟΜ».
957 371 1189 426 CXLIV.
1218 371 1289 425 De
1319 367 1526 424 eodem.

688 470 960 541 Pelagius
993 467 1378 524 Constantino
1412 464 1633 520 defens.

410 592 580 663 (Dist.
613 592 702 659 8|,
735 605 784 644 c.
824 585 1143 655 Romanus.)
1177 587 1474 640 Romanus
1521 579 1790 637 Ecclesiae
1818 576 1986 633 Thia-

343 681 542 738 ncnsis
575 675 838 743 clericus,
876 693 976 748 pro
1010 673 1256 730 crimine
1282 670 1557 727 adulterii
1604 668 1755 739 quod
1805 663 1990 722 admio

345 773 492 828 sisse
525 766 888 842 perhibetur,
914 762 1224 818 clericatus
1252 761 1455 817 ordine
1479 757 1768 831 deposito,
1794 757 1850 810 in
1874 771 1992 810 mo-

345 859 604 917 nasterio
633 855 727 910 hic
757 853 816 909 in
848 854 990 908 urbe
1012 851 1275 906 Romana
1298 851 1368 905 ad
1395 847 1679 922 agendam
1708 844 1992 920 poeniten-

344 950 487 1006 tiam
515 965 582 1003 ex
611 949 802 1001 vestra
826 941 1097 1012 jussionc
1121 941 1401 995 detrusus
1435 943 1546 993 est.

345 1094 469 1149 Οιι».
501 1089 700 1146 CXLV.
737 1087 908 1158 ιιιρεί
952 1085 1013 1139 in
1061 1097 1225 1138 suum
1275 1082 1528 1138 ordinem
1579 1078 1842 1150 reparari
1887 1091 1999 1132 non

1045 1163 1294 1227 possunt.

564 1263 878 1338 Gregorius
909 1257 1295 1318 Constantino
1327 1257 1505 1331 episc.
1557 1255 1786 1312 Mediol.

421 1381 593 1453 (Dist.
625 1381 714 1448 50,
748 1381 882 1436 c.Si
914 1377 1132 1450 lapsis.)
1159 1378 1214 1431 Si
1268 1376 1450 1448 lapsis
1504 1375 1571 1430 ad
1623 1389 1796 1428 suum
1849 1369 2004 1425 ordi-

354 1491 487 1530 nem
520 1467 843 1528 revertendi
879 1468 1114 1523 licentia
1147 1468 1508 1530 conceditur,
1541 1463 1699 1533 vigor
1715 1460 2004 1516 canonica

356 1557 557 1636 procul
591 1559 772 1615 dubio
803 1556 1095 1628 frangitur
1124 1546 1473 1626 disciplina},
1499 1554 1640 1607 dum
1674 1567 1776 1622 pro
1825 1564 2008 1604 rever-

357 1650 541 1706 sionis
572 1666 694 1721 spe,
729 1664 912 1719 pravae
945 1644 1192 1700 actionis
1225 1643 1513 1699 desideria
1547 1641 1681 1712 quis
1705 1638 2006 1708 concipere

359 1758 473 1795 non
509 1737 802 1794 formidat.
837 1737 907 1791 Et
939 1739 1070 1806 post
1120 1749 1336 1805 pauca:
1374 1731 1523 1786 Illud
1572 1747 1673 1800 pro
1732 1727 2008 1783 omnibus
2039 1747 2084 1812 Β

358 1830 589 1885 studete
621 1841 843 1891 cavere,
877 1830 942 1878 ut
971 1824 1171 1895 lapsos
1206 1822 1261 1876 in
1313 1837 1478 1876 sacro
1531 1819 1735 1872 ordine
1785 1814 2007 1870 nullius

359 1917 522 1972 vobis
554 1913 902 1984 supplicatio
938 1903 1314 1981 aliquomodo
1348 1923 1613 1962 revocare.
1646 1905 1908 1968 suadeat,
1939 1918 2009 1956 ne

360 2003 706 2074 liujusmodi
732 2019 843 2056 non
861 2001 1103 2070 statuta,
1124 1998 1225 2054 sed
1252 1994 2009 2069 temporaliterdilata,cre-

364 2094 539 2148 datur
567 2107 692 2147 esse
712 2089 994 2144 vindicta.

368 2254 498 2308 CAP.
531 2249 756 2306 CXLVI.
791 2249 1084 2319 Presbyter
1107 2255 1228 2320 post
1258 2248 1470 2318 lapsum
1501 2243 1660 2300 nulla
1709 2243 1924 2298 ratione
1953 2242 2013 2295 in

757 2335 916 2376 sacro
940 2319 1133 2376 ordine
1164 2322 1415 2390 reparari
1458 2319 1622 2372 valet.

441 2438 757 2510 Gregorius
789 2437 846 2491 in
865 2435 1114 2505 Decrct.,
1151 2436 1220 2490 ad
1254 2435 1445 2489 Savin.
1479 2432 1579 2488 lib.
1606 2449 1704 2501 vn,
1739 2429 1940 2502 013.25.

446 2564 611 2635 (Dist.
637 2566 727 2634 50,
761 2580 808 2617 ο.
861 2562 1297 2632 Presbyterum.)
1352 2559 1666 2630 Gregorius
1706 2555 2018 2611 Sabiniano

373 2653 666 2726 episcopo.
705 2673 732 2701 «
762 2651 1174 2722 Presbyterum
1206 2648 1275 2704 de
1297 2666 1412 2720 quo
1437 2665 1541 2702 nos
1565 2645 1895 2701 fraternitas
1915 2649 2020 2698 tua

372 2744 576 2800 latoris
592 2737 965 2814 praesentiam
986 2739 1275 2810 legatione
1294 2732 1610 2805 consuluit,
1629 2734 1787 2790 nulla
1801 2734 2022 2790 ratione

375 2832 431 2886 in
465 2848 628 2888 sacro
663 2826 868 2885 ordine
917 2833 1048 2900 post
1097 2826 1326 2899 lapsum
1383 2831 1484 2881 aut
1531 2839 1870 2898 permanere
1919 2825 2024 2878 aut

375 2919 630 2976 revocari
659 2933 832 2992 posse
861 2933 1199 2989 cognoscas.
1232 2917 1397 2973 Circa
1446 2931 1617 2987 quem
1662 2919 1857 2969 tamen
1910 2911 2022 2966 mi-

377 3026 490 3064 nus
505 3008 796 3080 agendum
821 3010 910 3062 est
932 3009 1169 3077 propter
1191 3003 1577 3060 commissum
1603 2993 1851 3071 facinus,
1885 3000 2024 3073 quia

378 3096 536 3152 facili
568 3094 784 3150 dicitur
813 3094 1176 3166 professione
1207 3089 1531 3149 confessus.
1570 3116 1589 3141 υ

380 3238 515 3294 CAP.
543 3237 816 3292 CXLVII.
871 3236 975 3290 Hic
1017 3235 1351 3290 determinat
1402 3236 1770 3302 contrarium,
1817 3241 1870 3288 et
1911 3232 2026 3288 vult

758 3313 900 3379 quod
930 3307 1083 3378 lapsi
1107 3307 1371 3377 reparari
1396 3309 1643 3375 possunt.

452 3425 627 3494 (Dist.
659 3425 751 3491 50,
788 3439 837 3477 c.
873 3421 1011 3490 Quia
1042 3421 1354 3493 sanctitas.)
1385 3421 1679 3477 Sanctitas
1707 3425 1810 3475 tua
1857 3437 1889 3475 a
1925 3437 2028 3474 no-

391 3513 480 3570 bis
525 3511 830 3585 requisivit
882 3517 947 3566 ut
994 3511 1097 3565 tibi
1149 3505 1220 3566 de
1268 3509 1615 3567 sacerdotali
1661 3501 1849 3565 officio
1901 3512 2032 3580 post

388 3603 619 3674 lapsum
653 3599 995 3671 resurgendi
1029 3599 1367 3666 scriberem,
1395 3599 1534 3654 dum
1580 3599 1651 3654 de
1687 3593 1787 3653 tali
1838 3595 2030 3653 officio

388 3693 520 3762 post
548 3691 781 3759 lapsum
802 3687 1148 3759 resurgendi
1173 3685 1585 3758 scriberemus,
1610 3688 1749 3742 dum
1783 3681 1930 3742 dicis
1962 3685 2031 3741 de

385 3782 494 3834 hoc
525 3795 777 3834 canones
811 3779 1070 3832 diversos
1118 3785 1170 3832 te
1219 3777 1451 3848 legisse,
1504 3778 1849 3847 diversaque
1898 3792 2031 3830 sen~

385 3868 568 3923 tentia
593 3865 737 3922 alias
765 3866 1108 3936 resurgendi
1141 3865 1286 3920 alias
1318 3877 1714 3936 nequaquam.
1750 3864 1891 3918 Nam
1923 3873 2031 3918 nos

384 3957 736 4029 generaliter
765 3973 799 4011 a
822 3955 1057 4009 Nicaeus
1078 3955 1300 4025 synodo
1320 3954 1693 4024 incipientes,
1724 3955 1873 4008 hanc
1895 3969 2030 4008 cum

384 4047 626 4120 reliquis
644 4053 898 4118 quatuor
921 4046 1402 4116 veneramur,qui
1424 4046 1611 4116 ipsam
1633 4050 1949 4116 sequentes
1971 4045 2030 4100 in

381 4139 613 4194 cunctis
643 4131 953 4192 sententiis
994 4134 1273 4190 unanima
1321 4136 1695 4190 concordant.
1747 4131 1864 4189 Hoc
1895 4141 2032 4206 ergo

383 4227 783 4299 praecedentes
815 4223 1014 4279 Patres
1039 4224 1362 4295 sequimur,
1395 4225 1536 4295 quia
1563 4223 1913 4279 auctoritate
1931 4222 2031 4277 Dei

383 4333 416 4371 a
437 4327 604 4370 saera
631 4314 901 4369 doctrina
924 4312 1160 4367 illorum
1185 4329 1300 4368 non
1322 4313 1752 4368 discordamus.
1777 4314 1822 4368 A
1843 4311 2032 4381 capite

381 4399 584 4478 itaque
613 4405 958 4476 incipientes
992 4417 1178 4474 usque
1207 4404 1266 4458 in
1299 4407 1576 4475 quartum
1612 4405 1810 4461 altaris
1852 4403 2030 4460 minis

1423 249 1490 298 D.
1533 241 1774 295 IVONIS
1810 235 2312 293 CARNOTBNSIS
2350 239 2668 296 BPlSCOPI

3635 230 3785 284 1161

2019 366 2072 430 Α
2105 366 2340 432 peccato
2371 363 2564 436 ipsum
2599 364 2833 418 beatum
2866 358 3190 434 principem
3219 357 3642 431 apostolorum
3675 356 3783 410 Pe—

2095 456 2250 506 trum
2285 453 2379 524 (ad
2399 455 2556 522 cuius
2577 467 2788 524 corpus
2811 467 2919 506 nos
2947 447 3173 521 indigni
3194 448 3494 518 sedemus)
3522 447 3713 518 lapsu
3727 459 3782 500 m

2097 556 2226 595 esse
2239 543 2652 613 cognoscimus
2680 558 2692 608 ;
2716 541 2816 596 sed
2840 543 2972 611 post
2993 537 3389 610 negationem,
3415 536 3782 608 pmnitentia

2099 635 2303 685 secuta
2331 637 2456 700 est;
2490 636 2548 687 et
2579 637 2712 703 post
2737 627 3144 698 pmnitentiam
3199 625 3578 697 indulgentia
3631 625 3781 678 data

2100 724 2205 787 est,
2240 721 2379 791 quia
2401 718 2567 775 illum
2594 719 2666 775 ab
2689 717 3018 790 apostolatu
3045 729 3163 772 non
3187 716 3397 787 dejecit
3419 727 3604 786 quem
3635 717 3780 767 ante

2101 809 2364 880 seipsum
2398 814 2749 881 negaturum
2786 806 3075 880 predixit.
3107 805 3235 860 Tibi
3269 803 3412 872 hinc,
3437 801 3524 857 fili
3552 802 3665 871 mi,
3689 800 3780 855 di-

2103 901 2194 953 cta
2223 898 2540 962 sufﬁciant,
2574 900 2637 952 ut
2659 893 2824 952 illum
2850 908 3024 967 quem
3058 892 3349 966 conspicis
3379 887 3602 948 delicta
3628 893 3779 946 fletu

2106 981 2318 1057 delere,
2353 997 2467 1042 neu
2489 985 2724 1042 dubites
2751 985 2807 1040 in
2832 988 3145 1056 conspectu
3172 979 3499 1038 divinitatis
3525 977 3781 1036 miseri-

2108 1074 2366 1131 cordiam
2399 1076 2703 1147 consequi,
2734 1073 2870 1146 quia
2902 1071 3132 1129 nullum
3166 1065 3507 1145 peccantem
3565 1085 3781 1126 rever-

2111 1161 2529 1236 sumﬁespicit,
2555 1165 2652 1236 qui
2678 1169 3012 1236 peccatores
3036 1160 3326 1234 sanguine
3343 1178 3448 1217 suo
3473 1159 3778 1216 redimere

2111 1254 2286 1309 venit.

2114 1406 2243 1463 CAP.
2285 1405 2568 1461 CXLVIII.
2619 1406 2819 1460 Clerici
2863 1413 2980 1476 post
3020 1405 3257 1474 lapsum,
3305 1403 3418 1459 suis
3473 1403 3777 1458 ordinibus

2675 1480 2928 1548 reparari
2951 1485 3199 1548 possunt.

2258 1591 2465 1649 Calixt.
2500 1609 2650 1665 papa
2681 1593 2737 1647 in
2763 1593 2927 1648 Decr.
2961 1591 3028 1647 ad
3063 1590 3241 1662 episc.
3273 1587 3622 1646 Galliarum.

2185 1735 2354 1808 (Dist.
2403 1737 2494 1806 50,
2561 1754 2612 1792 e.
2661 1735 3559 1809 PonderetﬁErrant.)Gaux'rus
3618 1750 3775 1806 papa

2118 1827 2434 1890 Romanus,
2461 1826 2688 1881 dilectis
2701 1825 2992 1897 episcopis
3009 1841 3110 1896 per
3128 1823 3378 1880 Galliam
3397 1822 3772 1878 constitutis.

2115 1945 2184 1957 --
2215 1938 2242 1962 ‹‹
2276 1917 2486 1969 Errant
2515 1915 2613 1985 qui
2649 1919 2856 1986 putant
2876 1912 3107 1970 Domini
3129 1912 3487 1978 sacerdotes.
3517 1917 3658 1984 post
3694 1911 3776 1965 la-

2119 2003 2746 2076 psum,sicoudignam
2788 2003 3015 2074 egerint
3063 2001 3495 2074 paenitentiam,
3522 1999 3777 2056 Domino

2119 2093 2454 2148 ministrare
2468 2109 2580 2147 non
2597 2109 2789 2164 posse,
2805 2091 2998 2147 etsui
3012 2091 3336 2147 honoribus
3350 2089 3546 2158 ἢδυίβί
3561 2089 3778 2145 bonam

2120 2183 2392 2253 deinceps
2415 2182 2592 2238 vitam
2616 2182 2913 2247 duxerint,
2937 2186 2996 2237 et
3015 2198 3190 2236 suum
3217 2179 3778 2235 saeerdotiumcon-

2121 2272 2296 2342 digne
2313 2270 2718 2326 custodieriut.
2743 2271 2811 2326 Et
2840 2270 2955 2343 ipsi
2987 2270 3226 2342 quidem
3260 2269 3362 2340 qui
3395 2268 3507 2324 hoc
3538 2272 3778 2340 putent,

2122 2379 2237 2416 non
2269 2361 2460 2416 solum
2492 2366 2708 2431 errant,
2739 2362 2838 2416 sed
2871 2360 3050 2415 etiam
3082 2359 3334 2415 traditas
3366 2356 3638 2414 Ecclesia:
3664 2357 3780 2412 cla-

2126 2468 2221 2505 ves
2239 2449 2535 2522 despicere
2553 2451 2845 2520 videntur,
2869 2450 2939 2506 de
2957 2449 3175 2522 quibus
3199 2449 3424 2504 dictum
3448 2452 3540 2504 est
3566 2463 3580 2502 :
3615 2447 3778 2514 Qut?-

2124 2545 2335 2610 cunque
2362 2537 2640 2595 solverilis
2696 2556 2860 2611 super
2897 2549 3128 2607 terram,
3171 2539 3338 2593 erunt
3387 2536 3580 2592 saluta
3611 2540 3662 2590 et
3723 2535 3780 2590 in

2127 2631 2256 2684 caelo
2283 2629 2499 2701 (Matth.
2532 2629 2670 2700 xvx.)
2701 2628 2973 2700 Alioquin
3012 2627 3132 2682 hinc
3180 2627 3472 2682 sententia
3513 2629 3622 2680 aut
3667 2629 3779 2679 Do-

2129 2719 2274 2774 mini
2307 2736 2421 2774 non
2451 2722 2558 2786 est,
2591 2723 2693 2774 aut
2713 2733 2847 2773 vera
2878 2722 2982 2773 est.
3020 2722 3134 2773 Nos
3162 2733 3297 2772 vero
3342 2714 3778 2777 indubitanter,

2127 2812 2248 2863 tam
2280 2807 2511 2863 Domini
2529 2808 2886 2875 sacerdotes,
2909 2823 3089 2879 quam
3112 2805 3373 2877 reliquos
3387 2802 3618 2872 ﬁdeles,
3646 2807 3779 2875 post

2130 2897 2371 2969 dignam
2396 2895 2858 2953 satisfactionem
2877 2912 3048 2968 posse
3069 2894 3259 2950 redire
3276 2895 3349 2949 ad
3380 2893 3638 2948 honores
3661 2908 3782 2947 ενοι

2131 2977 2350 3052 dimus,
2374 2990 2626 3042 testante
2652 2985 2897 3042 Domino
2929 2999 3031 3056 per
3079 2981 3474 3056 Prophetam:
3525 2980 3785 3053 Nunquid

2052 3101 2095 3183 Ο
2132 3073 2400 3183 quicadit
2428 3092 2538 3132 non
2577 3074 2802 3183 adjiciet
2846 3079 2908 3130 ut
2951 3073 3242 3183 remigat"?
3285 3072 3478 3183 (Ρείιι.Χ
3647 3071 3782 3183 liit:

2136 3167 2248 3236 Qui
2273 3181 2500 3221 aversus
2530 3173 2626 3231 est,
2652 3181 2761 3220 non
2792 3166 3076 3220 reverteur
3095 3162 3122 3216 ‘I
3151 3157 3284 3234 (Jer.
3329 3161 3479 3230 vm.)
3513 3164 3580 3214 Et
3607 3159 3747 3214 alibi
3771 3176 3783 3213 :

2136 3253 2290 3322 Nolo,
2323 3253 2517 3324 inquit
2561 3253 2872 3319 Dominus,
2921 3255 3154 3306 mortem
3202 3249 3528 3320 peccatoris,
3578 3245 3676 3302 sed
3731 3250 3785 3299 ut

2136 3346 2490 3398 convertatur
2528 3345 2580 3396 et
2621 3343 2772 3397 vivat
2792 3341 3008 3411 (Bacch.
3033 3342 3215 3408 xvm),
3234 3343 3291 3392 et
3314 3353 3415 3408 per
3434 3335 3782 3407 prophetam

2144 3431 2317 3486 David
2349 3430 2751 3502 pcenitentiam
2785 3435 3053 3501 agentem
3076 3425 3252 3482 dicit:
3282 3424 3464 3480 Redde
3483 3423 3784 3479 natiuitati-

2139 3520 2276 3575 tiam
2303 3521 2564 3576 salutaris
2595 3521 2678 3573 tui
2713 3523 2762 3574 et
2809 3521 3013 3589 spiritu
3047 3515 3348 3587 principali
3385 3511 3660 3582 conﬁrma
3701 3527 3783 3564 me

2142 3610 2317 3681 (Psal.
2352 3610 2426 3680 ι).
2461 3609 2590 3680 Ipse
2620 3624 2876 3678 namque
2906 3611 3039 3679 post
3068 3603 3502 3678 pcenitentiam,
3545 3606 3608 3657 et
3643 3600 3785 3655 alios

2141 3699 2363 3768 docuit,
2396 3703 2452 3753 et
2473 3697 2824 3752 sacriiicium
2855 3696 2972 3752 Deo
3003 3695 3238 3762 obtulit,
3271 3693 3418 3748 dans
3449 3689 3787 3761 exemplum

2141 3787 2479 3842 doctoribus
2509 3791 2722 3841 sancta:
2756 3785 3045 3850 Ecclesiae,
3068 3783 3117 3838 si
3135 3781 3285 3854 lapsi
3308 3779 3549 3847 fuerint,
3574 3785 3634 3834 et
3653 3795 3791 3834 con-

2142 3875 2382 3946 dignam
2417 3875 2532 3930 Deo
2569 3873 2971 3946 paenitentiam
3000 3871 3312 3944 gesserint,
3347 3874 3670 3938 utrumque
3707 3867 3791 3921 fa-

2141 3979 2270 4018 cere
2313 3979 2500 4033 posse.
2536 3961 2745 4016 Docuit
2774 3963 2929 4017 enim
2963 3961 3198 4032 quando
3227 3957 3406 4013 dixit:
3441 3955 3656 4012 Docebo
3686 3956 3793 4010 ini-

2143 4070 2273 4123 quos
2290 4055 2559 4116 viastuas,
2574 4060 2625 4106 et
2647 4049 2958 4119 impiiadte
2972 4049 3176 4120 (ibid).
3195 4050 3593 4104 convertentur
3613 4044 3792 4116 (ibid).

2142 4140 2504 4196 Sacrificium
2528 4136 2742 4194 obtulit
2763 4155 2867 4210 pro
2889 4155 2970 4209 se,
2991 4139 3133 4193 dum
3147 4137 3379 4192 dicebat
3403 4153 3418 4191 :
3439 4135 3793 4204 Sacriﬁcium

2143 4231 2251 4284 Deo
2291 4230 2531 4300 spiritus
2584 4228 2995 4283 contribulatus
3071 4227 3286 4298 (ibid.).
3344 4225 3555 4279 videns
3596 4228 3789 4279 autem

2143 4319 2432 4390 Propheta
2476 4318 2695 4373 scelera
2740 4334 2848 4372 sua
2897 4317 3178 4371 mundata
3225 4332 3326 4387 per
3358 4314 3786 4385 paenitentiam,

2141 4419 2255 4461 non
2283 4406 2574 4461 dubitavit
2595 4405 2965 4477 praedicando
2984 4409 3060 4476 et,
3087 4397 3331 4460 Domino
3357 4399 3673 4466 liberante,
3696 4416 3787 4456 cu-

382 4495 628 4552 ster'ium
663 4494 814 4550 hanc
839 4493 1087 4548 fol-mam
1122 4494 1468 4549 serVandam
1500 4495 1934 4566 cognoscimus,
1969 4493 2034 4548 ut
2061 4476 2110 4546 Β
2143 4513 2271 4550 rare
2293 4497 2522 4564 aliena;
2550 4476 2939 4566 lacrymarum
2961 4491 3339 4550 eii‘usiotenet
3354 4490 3786 4562 animipaesio-

380 4585 536 4642 sicut
563 4581 847 4637 minorem
882 4581 1070 4649 major
1094 4581 1370 4651 prmeedit
1418 4583 1657 4648 honore,
1717 4584 1797 4638 ita
1845 4582 1922 4638 sit
1969 4580 2030 4635 in

381 4671 646 4728 crimine.
676 4670 743 4724 Et
765 4680 940 4739 quem
974 4669 1514 4741 majorinsequitur
1545 4671 1737 4743 culpa,
1775 4671 1963 4742 major
1979 4671 2030 4724 ei

378 4761 715 4832 implicetur
745 4757 1023 4822 vindicta,
1055 4765 1113 4812 et
1143 4758 1227 4813 sic
1251 4763 1453 4830 postea
1476 4761 1814 4834 pamitentia
1837 4759 2033 4816 creda-

379 4856 478 4905 tur
507 4855 639 4906 esSe
671 4847 993 4902 thictuosa.
1027 4847 1180 4909 Quid
1212 4849 1370 4904 enim
1393 4851 1630 4921 prodest
1650 4848 1912 4906 triticum
1937 4861 2028 4905 se-

383 4944 626 5009 minare,
660 4943 716 4992 et
748 4937 1001 4990 fructum
1027 4937 1154 5005 ejus
1179 4955 1291 4992 non
1316 4939 1587 5009 colligere
1610 4941 1637 4994 ‘?
1663 4946 1761 4994 aut
1785 4941 2026 4995 domum

380 5033 722 5085 construere
739 5031 801 5081 et
821 5024 942 5079 illic
968 5023 1088 5079 non
1110 5027 1376 5082 habitare
1393 5027 1420 5080 ?
1444 5032 1582 5082 Post
1603 5026 1840 5099 dignam
1869 5029 2026 5084 enim

380 5116 844 5173 satisfactionem
878 5113 1172 5168 credimus
1230 5113 1461 5184 lapsum
1512 5131 1682 5185 posse
1727 5117 1914 5172 redire
1954 5117 2026 5172 ad

379 5207 685 5272 honorem,
716 5203 1004 5273 Propheta
1033 5203 1263 5256 dicente
1289 5215 1302 5256 ε
1326 5203 1588 5274 Nunquid
1616 5207 1713 5275 qui
1729 5204 1894 5272 cadit,
1917 5221 2026 5261 non

377 5295 679 5368 adﬁcietut
694 5295 948 5361 resurgat
978 5293 1002 5342 .’
1031 5291 1208 5360 (Pent.
1239 5291 1354 5362 XL.)
1383 5293 1491 5346 Et:
1525 5293 1633 5360 Qui
1677 5304 1897 5348 aversus
1925 5303 2022 5361 est,

379 5397 487 5439 non
509 5383 814 5439 revertetur
833 5382 857 5431 .9
884 5379 996 5449 (Jer
1025 5378 1170 5448 vm.)
1193 5378 1342 5441 Quid
1373 5384 1466 5434 est
1495 5394 1629 5450 ergo
1651 5381 1884 5451 gravius
1907 5395 2029 5437 car-

382 5471 512 5526 nale
531 5472 809 5526 deiictum
839 5465 1148 5522 admittere
1175 5466 1306 5522 sine
1343 5479 1458 5539 quo
1507 5471 1670 5539 pauci
1718 5470 2024 5526 inveniun-

382 5565 498 5624 tur,
533 5563 632 5614 aut
674 5557 766 5613 Dei
818 5553 1028 5609 Filium
1066 5551 1456 5624 jurejurando
1493 5557 1753 5629 negare?
1799 5561 1861 5613 In
1903 5572 2023 5630 quo

2144 4602 2272 4642 nem
2309 4603 2320 4640 :
2346 4584 2747 4640 satisfactione
2768 4587 2964 4638 autem
2989 4582 3230 4654 impleta
3251 4582 3535 4637 avertitur
3553 4578 3785 4635 animus

2141 4676 2211 4730 ab
2245 4673 2352 4741 ira,
2414 4673 2901 4746 superabundant
2956 4676 3220 4744 peccata,
3259 4667 3710 4742 superabundat
3736 4671 3786 4722 et

2142 4761 2554 4819 misericordia.
2603 4762 2872 4830 Quoniam
2902 4760 3052 4830 apud
3089 4759 3257 4816 Deum
3302 4757 3708 4824 misericordia,
3738 4758 3783 4811 et

2138 4856 2350 4924 cepiosa
2384 4851 2529 4922 apud
2559 4867 2685 4906 eum
2718 4850 3015 4922 redemptio
3047 4849 3196 4922 (Psal
3221 4845 3435 4919 cxnx).
3468 4845 3781 4902 Mundetur

2140 4957 2276 5013 ergo
2307 4940 2480 4996 homo
2508 4958 2540 4995 a
2571 4943 2902 5011 peccato,et
2924 4939 3174 5010 resurgit
3200 4935 3389 5010 gratia
3423 4934 3521 4992 Dei
3544 4929 3775 5006 alapsu,

2138 5031 2272 5085 etin
2309 5030 2554 5100 pristino
2587 5031 2782 5083 manet
2812 5027 3023 5091 ofﬁcio,
3053 5029 3222 5098 juxta
3249 5023 3558 5099 praedictas
3588 5028 3774 5080 aucto-

2139 5117 2363 5173 ritates.
2411 5117 2618 5172 Videat
2669 5133 2738 5171 ne
2787 5115 3050 5188 amplius
3098 5119 3318 5188 peccet,
3367 5119 3436 5170 ut
3489 5111 3778 5169 sententia

2138 5207 2430 5279 Evangelii
2467 5207 2698 5260 maneat
2729 5219 2862 5259 cum
2895 5220 2983 5274 eo,
3019 5215 3149 5277 qure
3173 5204 3290 5260 ait:
3328 5199 3472 5258 Vade
3487 5211 3540 5258 et
3569 5218 3642 5258 ne
3665 5216 3777 5256 arn-

2133 5298 2282 5368 ptius
2302 5296 2417 5351 noti
2457 5309 2684 5367 peccare
2723 5293 2901 5364 (Joan.
2950 5295 3095 5364 vui).
3146 5292 3511 5350 Sententiam
3564 5291 3776 5362 itaque,

2139 5387 2368 5452 fratres,
2388 5381 2994 5456 qurcmisericordiam
3021 5387 3236 5448 vetat,n
3259 5397 3332 5438 on
3352 5382 3544 5438 solum
3569 5385 3778 5444 tenere,

2137 5475 2236 5529 sed
2269 5478 2327 5529 et
2357 5472 2559 5528 audire
2591 5471 2860 5542 refugite,
2886 5472 3026 5544 quia
3054 5471 3244 5543 potior
3263 5475 3352 5527 est
3373 5467 3777 5525 misericordia

2133 5561 2410 5620 omnibus
2437 5559 3043 5619 holocaustomatibus
3073 5565 3128 5618 et
3157 5557 3485 5618 sacriﬁciis.
3518 5581 3546 5610 »
