4000 6054
244 224 385 278 1165

1552 220 1948 274 PANORMIA.
1984 248 2051 258 —-
2081 221 2214 273 LIB.
2258 222 2358 275 III.

3526 226 3665 280 1166

242 354 367 407 (λιιι.
403 347 634 404 CXLIX.
689 346 793 416 Qui
842 350 967 401 sunt
1018 348 1321 421 reparandi
1371 352 1486 418 post
1547 349 1784 420 lapsum,
1817 347 1897 403 vel
1928 342 2212 413 Ajudicii
2246 343 2428 400 divini
2463 347 2794 413 committit,
2831 365 2963 402 eum
2998 348 3159 404 nullo
3190 350 3356 404 modo
3390 316 3559 421 posse
3593 352 3663 405 ad

952 418 1191 488 quando.

595 502 856 563 Isidorus
890 506 961 562 ad
994 505 1249 562 Massan.
1284 506 1463 578 episc.
1506 511 1550 562 l.

313 616 485 685 (Dist.
516 615 609 684 50,
644 631 692 670 c.
729 614 1010 681 Domino.)
1043 613 1290 669 Domino
1323 620 1527 669 sancto
1561 613 1901 683 meritisque

241 707 415 761 beato
444 705 607 759 fratri
636 704 905 759 Massmo
937 703 1533 774 episcopo,§lsxooaus
1566 703 1900 774 episcopus,

244 795 520 850 salutem.
546 820 614 835 —-
638 793 800 856 Quod
820 791 876 847 in
895 791 1161 864 epistolis
1185 790 1534 847 venerabilis
1569 790 1905 845 fraternitas

245 888 351 939 tua
380 881 662 952 innotuit,
685 880 953 937 videlicet
984 880 1140 954 quod
1174 880 1230 935 in
1265 898 1487 937 canone
1532 878 1903 952 Ancyritano,

245 971 507 1044 capitulo
556 971 647 1039 49,
677 969 918 1043 legitur,
951 974 1084 1042 post
1136 967 1367 1042 lapsum
1398 967 1783 1042 corporalem,
1816 984 1905 1021 re-

249 1061 640 1116 staurandum
700 1060 941 1115 honoris
998 1061 1247 1132 gradum
1306 1064 1440 1131 post
1476 1058 1901 1131 paenitentiam.

247 1150 401 1206 Alibi
437 1166 567 1206 vero
597 1148 1354 1221 legitur,posthujusmodi
1388 1149 1667 1205 delictum
1687 1163 1907 1217 nequa-

250 1256 430 1311 quam
480 1239 875 1311 reparandum
926 1237 1155 1309 antiqui
1192 1238 1420 1293 ordinis
1454 1238 1753 1303 meritum,
1786 1234 1906 1289 hazc

250 1329 565 1385 diversitas
597 1328 705 1382 hoc
736 1327 911 1383 modo
943 1325 1209 1383 solvitur.
1244 1326 1379 1382 Illos
1410 1326 1564 1382 enim
1599 1326 1670 1381 ad
1705 1322 1906 1396 pristi-

251 1435 358 1474 nos
388 1418 609 1489 gradus
640 1432 823 1472 canon
860 1416 1046 1472 redire
1079 1415 1535 1488 prmcepit,quos
1555 1411 1906 1485 pmnitentize

252 1506 618 1579 princesserit
664 1506 1009 1572 satisfactio,
1058 1504 1145 1561 vel
1197 1504 1489 1575 condigna
1535 1506 1907 1575 peccatorum

254 1595 566 1652 confessio.
594 1597 665 1649 At
718 1602 919 1649 contra
965 1593 1046 1661 hi,
1085 1594 1185 1664 qui
1232 1608 1418 1662 neque
1450 1610 1483 1647 a
1512 1592 1653 1647 vitio
1702 1606 1907 1645 corru-

255 1685 474 1757 ptionis
505 1684 916 1749 emendantur,
947 1688 1121 1753 atque
1143 1682 1251 1737 hoc
1277 1683 1469 1753 ipsum
1503 1678 1732 1735 carnale
1764 1677 1909 1733 deli-
1942 1711 1986 1772 Β

260 1778 419 1831 ctum
453 1774 608 1844 quod
642 1773 985 1835 admittunt,
1005 1772 1182 1827 etiam
1213 1770 1507 1825 vindicare
1539 1770 1793 1840 quadam
1817 1783 1916 1822 su-

260 1864 598 1935 perstitiosa
631 1861 953 1916 temeritate
984 1860 1274 1927 nituntur,
1302 1875 1405 1913 nec
1427 1860 1673 1931 gradum
1709 1857 1911 1927 utique

260 1951 525 2018 honoris,
557 1967 663 2007 nec
693 1950 943 2021 gratiam
976 1948 1408 2004 communionis
1441 1948 1911 2018 recipiunt.Ergo

264 2041 347 2096 ita
375 2045 465 2096 est
493 2039 940 2095 determinanda
987 2038 1281 2094 sententia
1313 2041 1375 2092 ut
1404 2052 1642 2092 necesse
1673 2035 1747 2090 sit
1780 2034 1910 2090 illos

265 2128 582 2185 restaurari
632 2128 690 2183 in
738 2127 864 2183 loco
914 2127 1175 2194 honoris,
1208 2126 1308 2198 qui
1358 2142 1461 2199 per
1510 2125 1907 2197 paenitentiam

263 2218 789 2275 reconciliationem
806 2217 1092 2288 recepisse
1106 2221 1406 2272 merentur
1428 2215 1635 2270 divinae
1656 2214 1905 2286 pietatis,

258 2309 321 2364 hi
376 2325 492 2362 non
552 2307 847 2362 immerito
886 2312 1321 2378 consequentur
1350 2306 1569 2376 adeptas
1602 2302 1905 2375 dignitatis

256 2399 530 2469 gradum,
564 2396 665 2467 qui
714 2412 818 2468 per
863 2396 1335 2451 emendationem
1370 2394 1725 2465 poenitentiae
1756 2409 1906 2447 recc-

253 2486 416 2557 pisse
459 2488 895 2557 cognoscuntur
942 2484 1268 2540 remedium
1319 2483 1469 2537 vitae.
1502 2483 1561 2536 Id
1604 2486 1801 2536 autem
1835 2497 1905 2535 ne

251 2575 399 2630 forte
432 2574 615 2645 magis
648 2574 725 2630 sit
753 2574 1124 2645 ambiguum,
1153 2572 1360 2626 divinis
1392 2570 1757 2626 auctoritatis
1780 2587 1906 2625 sen-

250 2663 434 2719 tentia
465 2662 867 2718 conﬂrmatur.
900 2662 1160 2718 Ezechiel
1201 2661 1441 2731 quidem
1476 2659 1761 2731 propheta
1792 2659 1901 2713 sub

250 2758 388 2824 typo
419 2751 901 2823 praevaricatricis
929 2751 1262 2806 Jerusalem
1295 2749 1552 2805 ostendit
1574 2753 1706 2819 post
1728 2748 1904 2819 poeni-

246 2842 441 2896 tentiae
485 2840 947 2896 satisfactionem
993 2840 1311 2911 pristinum
1363 2838 1679 2894 restaurari
1731 2852 1901 2907 posse

254 2930 557 2986 honorem.
593 2929 968 3000 Confundere,
994 2929 1206 2999 inquit,
1239 2944 1268 2983 ο
1295 2928 1457 2995 Juda,
1493 2936 1546 2982 et
1576 2930 1728 2997 parta
1752 2928 1901 2996 igno-

250 3020 674 3075 miniamtuam
721 3018 940 3090 (Ezech.
974 3018 1112 3076 xw).
1148 3018 1215 3072 Et
1265 3022 1396 3088 post
1444 3015 1789 3087 paululum:
1837 3016 1902 3069 Et

248 3114 330 3171 tu,
351 3073 564 3178 inquit,
581 3112 631 3162 et
648 3073 792 3176 ﬁlim
815 3073 927 3163 tuc‘e
949 3110 1003 3161 et
1023 3073 1378 3162 reverteruini
1406 3073 1475 3160 ait
1505 3107 1893 3176 antiquitatem
1931 3073 1974 3139 Ο

249 3206 483 3251 vestram
514 3195 715 3266 (ibid.).
750 3195 913 3258 Quod
948 3194 1087 3249 dicit
1115 3192 1463 3265 confundere,
1485 3194 1740 3249 ostendit
1764 3199 1895 3264 post

247 3283 763 3347 confessionemjd
787 3289 876 3338 est
898 3283 1114 3354 peccati
1138 3300 1285 3354 opus
1310 3284 1519 3338 debere
1532 3299 1890 3354 quemquam

248 3373 607 3438 erubescere,
634 3377 690 3428 et
712 3376 844 3443 post
866 3372 1292 3427 confessionem
1326 3388 1429 3443 pro
1464 3373 1741 3427 admissis
1770 3387 1894 3426 sce-

248 3461 469 3517 leribus
500 3461 889 3516 verecundam
914 3461 1185 3525 frontem,
1208 3462 1507 3530 humoque
1537 3465 1893 3531 prostratum

248 3552 609 3621 demergere,
634 3567 735 3621 pro
764 3567 829 3606 eo
854 3550 1007 3622 quod
1040 3550 1286 3621 dignum
1318 3549 1660 3604 confusione
1691 3564 1895 3619 perpe-

252 3640 430 3693 travit
459 3653 626 3709 opus.
665 3640 879 3694 Deinde
910 3640 1182 3711 praecepit
1234 3642 1299 3692 ut
1346 3640 1478 3709 post
1508 3636 1893 3708 ignominiam

251 3733 309 3783 et
340 3727 721 3795 dejectionem
749 3728 841 3783 sui
871 3728 1129 3783 nominis
1160 3727 1278 3782 sive
1309 3726 1896 3797 dignitatis,reverta-

251 3822 351 3871 tur
381 3816 453 3870 ad
485 3833 653 3872 suam
687 3815 1282 3888 antiquitatem.Ergo
1312 3817 1454 3870 dum
1486 3816 1739 3885 quisque
1769 3818 1900 3885 post

259 3922 408 3977 opus
438 3905 801 3960 confusionis
842 3921 959 3959 suae
1008 3904 1407 3971 confunditur,
1440 3908 1618 3974 atque
1646 3902 1900 3974 ignomi-

254 3993 411 4048 niam
443 3994 686 4065 portans
719 3992 1143 4064 depositionem
1203 4009 1374 4049 suam
1402 4007 1534 4047 cum
1566 3991 1901 4047 humilitate

254 4083 438 4154 luget,
473 4082 730 4137 revocari
761 4081 1086 4136 secundum
1141 4081 1509 4153 prophetiam
1543 4081 1610 4135 ad
1646 4080 1900 4151 priorem

253 4172 463 4243 poterit
508 4175 751 4227 statum.
785 4169 1234 4239 Item,Joannes
1282 4170 1637 4241 evangelista
1684 4166 1902 4240 Angela

254 4258 909 4333 EphesiEcclesizeinter
922 4259 1302 4329 casteraquaad
1313 4275 1404 4313 am
1421 4258 1634 4313 similia
1648 4258 1903 4330 scripsit;

255 4353 453 4406 Memor
471 4359 576 4405 esto
599 4349 744 4404 unde
766 4349 1062 4419 excideris,
1077 4353 1130 4403 et
1150 4365 1250 4419 age
1259 4347 1640 4419 pwnitentiam
1651 4351 1698 4402 et
1720 4346 1907 4415 prima

2010 434 2328 505 pristinum
2362 438 2607 508 gradum
2645 440 2959 493 restaurari
2986 441 3401 511 cognoscasln
3427 443 3541 496 line
3564 458 3663 496 au.

2009 528 2126 577 tem
2159 524 2415 595 epistolae
2440 522 2619 596 hujus
2643 526 2751 582 hoc
2780 527 3174 598 adjiciendum
3200 529 3421 598 putavi,
3441 535 3504 584 ut
3527 545 3665 601 quo-

2011 613 2358 684 tiescunque
2387 616 2446 669 in
2473 616 2655 687 gestis
2697 617 3080 672 conciliorum
3113 619 3337 673 discors
3370 619 3662 674 sententia

2015 701 2326 772 invenitur,
2359 702 2521 758 illius
2566 704 2795 759 concilii
2829 706 3017 777 magis
3050 712 3313 761 teneatur
3344 708 3658 771 sententia,

2014 789 2179 859 cujus
2209 791 2507 861 antiquior
2530 797 2629 847 aut
2653 794 2844 865 potior
2874 796 3083 850 existat
3116 797 3451 851 auctoritas.

2014 899 2142 951 ΟΑΡ.
2176 897 2281 951 CL.
2316 898 2423 965 Qui
2451 901 2741 973 conﬁtetur
2753 916 2809 955 se
2828 906 2955 956 ante
2972 902 3377 957 ordinationem
3396 919 3659 973 peccasse,

2172 984 2279 1023 non
2310 971 2603 1041 sacrificet,
2635 973 2909 1027 convictus
2941 977 3123 1028 autem
3154 971 3479 1040 deponatur.

2205 1055 2493 1113 Martinus
2519 1060 2698 1132 episc.
2736 1060 2923 1131 Brac.,
2949 1080 3016 1116 ex
3047 1062 3261 1135 Synod.
3289 1064 3465 1117 Graec.

2088 1146 2198 1217 (15,
2232 1164 2290 1218 q.
2322 1151 2375 1215 8,
2409 1165 2459 1203 c.
2492 1148 2554 1204 Si
2582 1152 2707 1221 quis
2735 1151 3063 1222 presbyter.)
3096 1151 3152 1205 Si
3185 1152 3317 1223 quis
3367 1152 3668 1222 presbyter

2018 1240 2152 1290 ante
2184 1235 2612 1294 ordinationem
2639 1240 2962 1311 peccaverit
2989 1244 3045 1295 et
3076 1245 3207 1311 post
3238 1239 3664 1295 ordinationem

2018 1327 2257 1395 peccata
2286 1326 2592 1381 confessus
2626 1326 2822 1398 fuerit,
2854 1328 3007 1399 quod
3043 1334 3176 1383 ante
3210 1332 3523 1393 erraverat,
3552 1344 3665 1382 non

2018 1412 2241 1478 offerat,
2275 1416 2375 1469 sed
2424 1420 2616 1470 tamen
2653 1434 2753 1488 pro
2788 1416 3063 1488 religione
3098 1434 3308 1472 nomen
3342 1416 3667 1489 presbyteri

2019 1504 2227 1572 portet.
2258 1501 2313 1556 Si
2346 1507 2544 1559 autem
2580 1522 2693 1559 non
2728 1505 2851 1576 ipse
2882 1506 3189 1561 confessus
3232 1505 3424 1575 fuerit,
3458 1506 3557 1560 sed
3594 1506 3664 1559 ab

2020 1586 2131 1643 alio
2177 1589 2406 1661 publice
2462 1594 2786 1661 convictus,
2857 1610 2960 1651 nec
3012 1595 3119 1649 hoc
3180 1594 3371 1665 ipsum
3430 1594 3663 1660 habeat,

2019 1682 2082 1730 ut
2106 1695 2314 1733 nomen
2349 1682 2669 1753 presbyteri
2697 1688 2904 1753 portet.
2929 1683 3212 1737 Similiter
3233 1684 3302 1738 de
3320 1683 3666 1738 diaconibus

2021 1767 2452 1824 observandum
2486 1776 2595 1838 est,
2620 1777 2682 1825 ut
2712 1774 2761 1826 si
2791 1773 2914 1843 ipse
2944 1774 3249 1827 confessus
3281 1773 3473 1839 fuerit,
3510 1772 3667 1827 ordi-

2021 1870 2154 1910 nem
2188 1858 2529 1913 subdiaconi
2562 1865 2777 1915 teneat.

2020 1969 2141 2019 CAP.
2174 1965 2310 2020 CLI.
2344 1967 2636 2037 Presbyter
2663 1970 2760 2038 qui
2788 1975 2920 2022 ante
2948 1967 3355 2022 ordinationem
3383 1968 3670 2035 conﬁtetur

2191 2053 2251 2092 se
2278 2042 2637 2109 corporaliter
2668 2041 2904 2109 lapsum,
2937 2045 3119 2107 postea
3149 2056 3255 2095 non
3285 2041 3496 2110 offerat.

2481 2132 2557 2181 Ex
2588 2144 2751 2182 conc.
2784 2128 3034 2184 Neocaas.
3070 2146 3119 2184 c.
3152 2130 3200 2183 1.

2089 2214 2201 2285 (l5,
2233 2232 2291 2287 q.
2324 2216 2379 2286 8,
2412 2232 2461 2270 c.
2496 2218 2605 2284 Qui
2632 2217 2896 2288 admisit.)
2952 2219 3258 2289 Presbyter
3291 2217 3340 2271 si
3372 2232 3665 2288 prmoccu-

2017 2308 2189 2375 patus
2227 2307 2511 2375 corporali
2545 2312 2779 2377 peccato
2812 2312 3240 2377 promoventur,
3272 2311 3330 2361 et
3359 2306 3664 2361 confessus

2016 2394 2190 2448 fuerit
2210 2394 2279 2449 de
2303 2411 2363 2449 se
2386 2397 2537 2465 quod
2564 2401 2697 2450 ante
2714 2396 2975 2450 ordinem
2993 2395 3523 2466 deliquerit,oblata
3547 2411 3662 2449 non

2015 2488 2335 2550 consecret,
2370 2500 2614 2539 manens
2642 2485 2700 2539 in
2734 2484 2978 2555 reliquis
3026 2485 3234 2540 ofﬁciis
3266 2489 3501 2555 propter
3532 2488 3663 2539 stu-

2014 2572 2176 2625 dium
2208 2573 2447 2626 bonum.
2471 2572 2633 2635 Quod
2666 2573 2815 2627 side
2846 2574 3040 2644 seipse
3072 2575 3377 2629 confessus
3402 2590 3516 2627 non
3540 2572 3661 2626 fue-

2015 2660 2109 2724 rit,
2143 2664 2199 2714 et
2242 2661 2406 2731 argui
2457 2661 2765 2715 manifeste
2814 2661 3157 2731 nequiverit,
3192 2661 3499 2732 potestatis
3544 2677 3661 2715 sua:

2004 2747 2230 2816 judicio
2258 2748 2637 2819 relinquetur.

2012 2856 2143 2909 CAP.
2174 2854 2339 2910 CLII.
2396 2856 2503 2922 Qui
2558 2856 2780 2910 valeant
2833 2856 3090 2926 reparari
3132 2863 3252 2926 post
3298 2856 3533 2926 lapsum,
3575 2850 3667 2908 vel

2772 2943 2903 2982 non.

2444 3016 2744 3081 Rabanus,
2780 3014 2815 3069 l.
2853 3016 3057 3071 Pmnit.
3087 3033 3137 3071 c.
3171 3016 3223 3070 l.

2081 3103 2248 3174 (Dist.
2280 3104 2370 3167 50,
2404 3120 2453 3158 c.
2489 3106 2560 3159 De
2588 3104 2670 3159 his
2698 3106 2875 3175 vero.)
2908 3110 2981 3159 De
3031 3106 3122 3160 his
3171 3120 3302 3160 vero
3351 3104 3541 3160 visum
3574 3108 3665 3159 est

2004 3193 2171 3247 nobis
2201 3192 2573 3247 scribendum
2597 3208 2723 3247 esse
2747 3193 2845 3263 qui
2869 3209 3067 3248 sacros
3095 3193 3330 3247 ordines
3363 3192 3580 3248 habent
3602 3196 3659 3246 et

2004 3285 2134 3335 ante
2166 3280 2250 3334 vel
2283 3286 2415 3353 post
2443 3282 2867 3337 ordinationem
2896 3282 3328 3338 contaminatos
3350 3282 3408 3335 in
3431 3282 3655 3351 capita-

2003 3368 2159 3424 libus
2194 3369 2537 3423 criminibus
2571 3387 2631 3423 se
2663 3387 2789 3425 esse
2822 3372 3189 3441 profitentur.
3226 3374 3288 3426 In
3321 3371 3556 3439 quibus,
3591 3374 3654 3423 ut

2006 3457 2151 3512 mihi
2182 3458 2432 3526 videtur,
2465 3458 2584 3511 haec
2634 3459 2911 3511 distantia
2963 3475 3090 3512 esse
3138 3459 3330 3523 debet,
3365 3462 3429 3512 ut
3459 3458 3519 3510 hi
3552 3456 3653 3527 qui

2003 3546 2350 3617 deprehensi
2401 3546 2489 3600 vel
2535 3548 2685 3617 capti
2738 3547 2952 3601 fuerint
3004 3545 3233 3613 publice
3268 3547 3327 3600 in
3368 3546 3653 3617 perjurio,

2007 3635 2182 3701 furto,
2211 3638 2385 3704 atque
2414 3634 2817 3703 fornicatione,
2842 3639 2899 3689 et
2929 3636 3152 3690 caeteris
3182 3634 3525 3705 hujusmodi
3547 3634 3656 3688 cri-

2010 3722 2636 3789 minibus,secundum
2670 3740 2970 3778 sacrorum
3005 3740 3296 3779 canonum
3327 3724 3657 3779 institutaa

2005 3813 2192 3882 gradu
2219 3812 2453 3883 proprio
2478 3812 2868 3883 deponantur,
2898 3814 3038 3883 quia
3070 3811 3413 3868 scandalum
3446 3816 3534 3867 est
3556 3829 3659 3881 po-

2010 3900 2144 3972 pulo
2175 3901 2270 3956 Dei
2301 3898 2449 3955 tales
2480 3916 2760 3972 personas
2794 3900 3197 3973 superpositas
3241 3901 3475 3970 habere,
3510 3918 3661 3971 quas

2012 3990 2168 4045 ultra
2198 3990 2436 4045 modum
2470 3990 2711 4046 vitiosas
2744 4006 2872 4045 esse
2904 3989 3543 4060 constat.Nempeinde
3567 3990 3665 4044 de-

2009 4078 2326 4133 trahuntur
2376 4079 2642 4133 homines
2691 4079 2977 4133 sacrificio
3029 4077 3146 4144 Dei,
3182 4077 3335 4131 sicut
3364 4078 3663 4147 quondam

2011 4167 2149 4222 ﬁliis
2179 4166 2556 4237 peccantibus
2588 4166 2713 4221 Heli
2750 4167 2956 4221 fecisse
2980 4165 3251 4235 leguntur
3273 4166 3322 4235 (Ι
3349 4168 3476 4235 Reg.
3504 4167 3663 4235 n),et

2012 4255 2257 4310 rebelles
2274 4256 2409 4309 hinc
2428 4260 2603 4326 atque
2621 4254 2897 4309 contrarii
2915 4255 3230 4309 existentes
3251 4253 3445 4324 pravis
3468 4271 3663 4309 exem-

2016 4343 2127 4415 plis
2158 4360 2359 4398 eorum
2407 4344 2663 4413 quotidie
2714 4345 2942 4413 pejores
2992 4344 3160 4396 ﬁunt.
3195 4342 3302 4405 Qui
3355 4348 3550 4397 autem
3595 4344 3665 4398 de

254 4456 423 4509 opera
450 4441 563 4509 fac.
594 4439 855 4509 Alioquin
904 4440 1141 4506 veniam,
1176 4442 1227 4492 et
1258 4438 1471 4493 movebo
1514 4437 1902 4491 candelabrum
1930 4442 1978 4505 1)
2012 4433 2308 4505 przedictis
2332 4433 2584 4501 peccatis
2607 4432 2947 4487 abscondite
2981 4451 3013 4485 a
3047 4448 3107 4485 se
3140 4432 3418 4486 admissis
3447 4449 3550 4503 per
3570 4448 3665 4488 oc-

255 4529 319 4582 de
352 4529 460 4582 loco
491 4528 607 4597 ejus
638 4527 822 4599 (Apoc.
857 4530 943 4595 ιι).
970 4527 1132 4593 Ecce,
1159 4526 1216 4579 in
1250 4530 1535 4596 quantum
1568 4524 1746 4593 valui,
1769 4540 1902 4579 con-

259 4616 373 4671 cilii
400 4616 734 4686 Ancyritani
771 4614 1075 4686 antiquam
1112 4614 1281 4685 plane
1312 4620 1369 4669 et
1402 4614 1633 4686 plenam
1663 4612 1911 4668 auctori-

260 4710 396 4770 tate,
422 4704 777 4760 sententiam
803 4704 981 4759 sacris
1008 4704 1365 4759 testimoniis
1387 4703 1914 4774 explanavi,osten-

260 4796 405 4847 dens
438 4809 570 4847 eum
609 4809 779 4864 posse
810 4793 1133 4849 restaurari
1179 4794 1238 4849 in
1291 4793 1523 4864 proprio
1555 4792 1777 4858 ordine,
1812 4795 1914 4861 qui

260 4898 363 4954 per
393 4881 747 4952 paenitentia;
788 4881 1247 4937 satisfactionem
1272 4880 1494 4935 noverit
1516 4880 1749 4952 propria
1771 4880 1915 4934 deli-

258 4974 353 5024 cta
385 4968 619 5024 deﬂere.
653 4969 762 5033 Qui
793 4987 925 5026 vero
957 4968 1197 5043 negligit
1227 4986 1329 5026 nec
1364 4970 1521 5042 luget
1554 4986 1679 5040 quas
1708 4968 1912 5040 gessit,

260 5074 366 5113 nec
395 5057 653 5130 lugenda
684 5059 809 5115 sine
841 5058 959 5115 ullo
985 5060 1209 5131 pudore
1239 5058 1562 5132 religionis,
1595 5057 1681 5114 vel
1706 5058 1915 5114 timore

2010 4521 2226 4576 cultam
2274 4520 2701 4576 confessionem
2754 4538 2945 4575 coram
2981 4520 3169 4575 oculis
3200 4521 3318 4587 Dei,
3355 4522 3669 4591 poenitente

2021 4610 2195 4666 etiam
2216 4612 2536 4676 sacerdote,
2562 4610 2661 4679 qui
2697 4610 2751 4661 in
2786 4610 2868 4663 eis
2902 4610 3252 4664 inducturus
3276 4615 3362 4663 est
3386 4610 3667 4680 poeniten-

2020 4702 2185 4767 tiam,
2220 4700 2593 4766 confitentur,
2614 4704 2669 4752 et
2692 4700 3041 4770 semetipsos
3073 4700 3324 4770 graviter
3354 4699 3670 4770 deliquisse

2024 4795 2369 4863 queruntur,
2406 4790 2524 4846 sive
2564 4790 2917 4862 perjejunia
2966 4795 3022 4843 et
3068 4790 3491 4863 eleemosynas,
3523 4789 3671 4860 vigi-

2024 4880 2251 4952 liasque
2298 4884 2355 4935 et
2402 4896 2598 4935 sacras
2629 4879 2921 4934 orationes
2953 4895 3085 4933 cum
3118 4878 3393 4952 lacrymis
3424 4891 3673 4949 purgare

2024 4968 2393 5035 certaverint,
2429 4966 2521 5023 his
2568 4967 2741 5022 etiam
2791 4969 2977 5040 gradu
3028 4972 3273 5039 servato,
3317 4981 3449 5038 spes
3498 4965 3672 5019 venia:

2024 5057 2093 5113 de
2124 5056 2527 5113 misericordia
2554 5056 2653 5111 Dei
2688 5058 3082 5128 promittenda
3111 5059 3217 5111 est.
