  <div class='ocr_page' id='page_1' title='image "/cluster/home/n/w/nwhite01/storage/ocr_20150623/161/hvd.32044054760194/629.png"; bbox 0 0 3938 6074; ppageno 0'>
   <div class='ocr_carea' id='block_1_1' title="bbox 360 217 1915 293">
    <p class='ocr_par' dir='ltr' id='par_1_1' title="bbox 360 217 1915 293">
     <span class='ocr_line' id='line_1_1' title="bbox 360 217 1915 293; baseline -0.008 0"><span class='ocrx_word' id='word_1_1' title='bbox 360 239 500 293; x_wconf 87' lang='grc'>1167</span> <span class='ocrx_word' id='word_1_2' title='bbox 1120 217 1128 220; x_wconf 53' lang='grc'><em>⁴</em></span> <span class='ocrx_word' id='word_1_3' title='bbox 1444 231 1508 282; x_wconf 91' lang='lat' dir='ltr'><strong><em>D.</em></strong></span> <span class='ocrx_word' id='word_1_4' title='bbox 1551 230 1788 283; x_wconf 71' lang='lat' dir='ltr'><strong><em>xvoms</em></strong></span> <span class='ocrx_word' id='word_1_5' title='bbox 1825 228 1915 281; x_wconf 81' lang='lat' dir='ltr'><strong>CA</strong></span> 
     </span>
    </p>
   </div>
   <div class='ocr_carea' id='block_1_2' title="bbox 2251 217 3806 293">
    <p class='ocr_par' dir='ltr' id='par_1_2' title="bbox 2251 218 3806 283">
     <span class='ocr_line' id='line_1_2' title="bbox 2251 218 3806 283; baseline -0.007 0"><span class='ocrx_word' id='word_1_6' title='bbox 2251 230 2323 282; x_wconf 72' lang='lat' dir='ltr'><strong>IS</strong></span> <span class='ocrx_word' id='word_1_7' title='bbox 2362 229 2680 283; x_wconf 84' lang='lat' dir='ltr'><strong>EPISCOPI</strong></span> <span class='ocrx_word' id='word_1_8' title='bbox 3644 219 3671 274; x_wconf 75' lang='grc'><strong>4</strong></span> <span class='ocrx_word' id='word_1_9' title='bbox 3690 218 3806 274; x_wconf 79' lang='grc'>168</span> 
     </span>
    </p>
   </div>
   <div class='ocr_carea' id='block_1_3' title="bbox 1588 354 2518 414">
    <p class='ocr_par' dir='ltr' id='par_1_3' title="bbox 1588 354 2518 414">
     <span class='ocr_line' id='line_1_3' title="bbox 1588 354 2518 414; baseline 0.001 0"><span class='ocrx_word' id='word_1_10' title='bbox 1588 356 1690 414; x_wconf 85' lang='lat' dir='ltr'><strong><em>DE</em></strong></span> <span class='ocrx_word' id='word_1_11' title='bbox 1734 354 2062 413; x_wconf 77' lang='lat' dir='ltr'><strong>CLEIIICO</strong></span> <span class='ocrx_word' id='word_1_12' title='bbox 2109 354 2518 414; x_wconf 87' lang='lat' dir='ltr'><strong>HOMICIDA.</strong></span> 
     </span>
    </p>
   </div>
   <div class='ocr_carea' id='block_1_4' title="bbox 350 471 3796 554">
    <p class='ocr_par' dir='ltr' id='par_1_4' title="bbox 350 471 3796 554">
     <span class='ocr_line' id='line_1_4' title="bbox 350 471 3796 554; baseline -0.005 -10"><span class='ocrx_word' id='word_1_13' title='bbox 350 489 478 544; x_wconf 81' lang='lat' dir='ltr'><strong>CAP.</strong></span> <span class='ocrx_word' id='word_1_14' title='bbox 512 485 700 543; x_wconf 86' lang='lat' dir='ltr'><strong><em>CLIII.</em></strong></span> <span class='ocrx_word' id='word_1_15' title='bbox 752 485 878 539; x_wconf 89' lang='lat' dir='ltr'><strong><em>Post</em></strong></span> <span class='ocrx_word' id='word_1_16' title='bbox 922 486 1206 554; x_wconf 82' lang='lat' dir='ltr'><strong><em>patratum</em></strong></span> <span class='ocrx_word' id='word_1_17' title='bbox 1251 478 1630 554; x_wconf 75' lang='lat' dir='ltr'><strong><em>homicidium,</em></strong></span> <span class='ocrx_word' id='word_1_18' title='bbox 1665 477 1997 534; x_wconf 74' lang='lat' dir='ltr'><strong><em>sacerdotale</em></strong></span> <span class='ocrx_word' id='word_1_19' title='bbox 2026 486 2076 552; x_wconf 76' lang='grc' dir='ltr'><strong>Α</strong></span> <span class='ocrx_word' id='word_1_20' title='bbox 2107 476 2229 533; x_wconf 66' lang='lat' dir='ltr'><strong>Cu».</strong></span> <span class='ocrx_word' id='word_1_21' title='bbox 2263 478 2441 532; x_wconf 86' lang='lat' dir='ltr'><strong><em>CLIV.</em></strong></span> <span class='ocrx_word' id='word_1_22' title='bbox 2467 476 2583 554; x_wconf 86' lang='lat' dir='ltr'><strong><em>Qui</em></strong></span> <span class='ocrx_word' id='word_1_23' title='bbox 2613 493 2744 554; x_wconf 83' lang='lat' dir='ltr'><strong><em>casu</em></strong></span> <span class='ocrx_word' id='word_1_24' title='bbox 2774 474 3132 554; x_wconf 73' lang='lat' dir='ltr'><strong><em>homicidium</em></strong></span> <span class='ocrx_word' id='word_1_25' title='bbox 3163 471 3324 545; x_wconf 75' lang='lat' dir='ltr'><strong><em>facit,</em></strong></span> <span class='ocrx_word' id='word_1_26' title='bbox 3355 489 3427 554; x_wconf 71' lang='lat' dir='ltr'><strong><em>ea:</em></strong></span> <span class='ocrx_word' id='word_1_27' title='bbox 3470 472 3796 544; x_wconf 78' lang='lat' dir='ltr'><strong><em>dispensa-</em></strong></span> 
     </span>
    </p>
   </div>
   <div class='ocr_carea' id='block_1_5' title="bbox 694 546 3403 627">
    <p class='ocr_par' dir='ltr' id='par_1_5' title="bbox 694 546 3403 627">
     <span class='ocr_line' id='line_1_5' title="bbox 694 546 3403 627; baseline -0.004 -16"><span class='ocrx_word' id='word_1_28' title='bbox 694 546 941 627; x_wconf 77' lang='lat' dir='ltr'><strong><em>ofﬁcium</em></strong></span> <span class='ocrx_word' id='word_1_29' title='bbox 973 555 1297 608; x_wconf 85' lang='lat' dir='ltr'><strong><em>ministrare</em></strong></span> <span class='ocrx_word' id='word_1_30' title='bbox 1321 566 1431 606; x_wconf 88' lang='lat' dir='ltr'><strong><em>non</em></strong></span> <span class='ocrx_word' id='word_1_31' title='bbox 1458 546 1648 622; x_wconf 82' lang='lat' dir='ltr'><strong><em>potest.</em></strong></span> <span class='ocrx_word' id='word_1_32' title='bbox 2026 546 2076 552; x_wconf 71' lang='lat'><strong>&quot;</strong></span> <span class='ocrx_word' id='word_1_33' title='bbox 2455 552 2601 604; x_wconf 80' lang='lat' dir='ltr'><strong><em>tione</em></strong></span> <span class='ocrx_word' id='word_1_34' title='bbox 2635 551 2694 602; x_wconf 87' lang='lat' dir='ltr'><strong><em>in</em></strong></span> <span class='ocrx_word' id='word_1_35' title='bbox 2723 546 2914 603; x_wconf 80' lang='lat' dir='ltr'><strong><em>ordine</em></strong></span> <span class='ocrx_word' id='word_1_36' title='bbox 2943 562 3041 601; x_wconf 87' lang='lat' dir='ltr'><strong><em>suo</em></strong></span> <span class='ocrx_word' id='word_1_37' title='bbox 3062 551 3403 616; x_wconf 82' lang='lat' dir='ltr'><strong><em>permaneat.</em></strong></span> 
     </span>
    </p>
   </div>
   <div class='ocr_carea' id='block_1_6' title="bbox 570 627 3557 710">
    <p class='ocr_par' dir='ltr' id='par_1_6' title="bbox 570 627 3557 710">
     <span class='ocr_line' id='line_1_6' title="bbox 570 627 3557 710; baseline -0.007 -8"><span class='ocrx_word' id='word_1_38' title='bbox 570 647 833 703; x_wconf 81' lang='lat' dir='ltr'><strong><em>Joannes</em></strong></span> <span class='ocrx_word' id='word_1_39' title='bbox 858 643 985 698; x_wconf 89' lang='lat' dir='ltr'><strong>VIII</strong></span> <span class='ocrx_word' id='word_1_40' title='bbox 1017 642 1380 697; x_wconf 75' lang='lat' dir='ltr'><strong><em>Cmnomant.</em></strong></span> <span class='ocrx_word' id='word_1_41' title='bbox 1413 638 1593 710; x_wconf 88' lang='lat' dir='ltr'><strong><em>episc.</em></strong></span> <span class='ocrx_word' id='word_1_42' title='bbox 1628 636 1780 693; x_wconf 87' lang='lat' dir='ltr'><strong><em>Utio.</em></strong></span> <span class='ocrx_word' id='word_1_43' title='bbox 2325 631 2593 686; x_wconf 84' lang='lat' dir='ltr'><strong><em>Urbanus</em></strong></span> <span class='ocrx_word' id='word_1_44' title='bbox 2627 630 2675 685; x_wconf 90' lang='lat' dir='ltr'><strong><em>II</em></strong></span> <span class='ocrx_word' id='word_1_45' title='bbox 2708 628 3046 686; x_wconf 87' lang='lat' dir='ltr'><strong><em>Gwarnerio</em></strong></span> <span class='ocrx_word' id='word_1_46' title='bbox 3079 628 3259 700; x_wconf 88' lang='lat' dir='ltr'><strong><em>episc.</em></strong></span> <span class='ocrx_word' id='word_1_47' title='bbox 3295 627 3557 684; x_wconf 89' lang='lat' dir='ltr'><strong><em>Narbon.</em></strong></span> 
     </span>
    </p>
   </div>
   <div class='ocr_carea' id='block_1_7' title="bbox 427 734 3789 817">
    <p class='ocr_par' dir='ltr' id='par_1_7' title="bbox 427 734 3789 817">
     <span class='ocr_line' id='line_1_7' title="bbox 427 734 3789 817; baseline -0.004 -16"><span class='ocrx_word' id='word_1_48' title='bbox 427 745 597 817; x_wconf 87' lang='lat' dir='ltr'><strong><em>(Dist.</em></strong></span> <span class='ocrx_word' id='word_1_49' title='bbox 625 744 716 811; x_wconf 85' lang='lat'><strong><em>50,</em></strong></span> <span class='ocrx_word' id='word_1_50' title='bbox 749 759 799 797; x_wconf 88' lang='lat' dir='ltr'><strong><em>c.</em></strong></span> <span class='ocrx_word' id='word_1_51' title='bbox 830 740 1041 808; x_wconf 79' lang='lat' dir='ltr'><strong><em>Miror.)</em></strong></span> <span class='ocrx_word' id='word_1_52' title='bbox 1069 738 1241 794; x_wconf 82' lang='lat' dir='ltr'><strong><em>Miror</em></strong></span> <span class='ocrx_word' id='word_1_53' title='bbox 1284 736 1481 792; x_wconf 90' lang='lat' dir='ltr'><strong><em>minus</em></strong></span> <span class='ocrx_word' id='word_1_54' title='bbox 1529 735 1763 791; x_wconf 90' lang='lat' dir='ltr'><strong><em>doctam</em></strong></span> <span class='ocrx_word' id='word_1_55' title='bbox 1813 734 2001 791; x_wconf 88' lang='lat' dir='ltr'><strong><em>scien-</em></strong></span> <span class='ocrx_word' id='word_1_56' title='bbox 2183 738 2350 806; x_wconf 86' lang='lat' dir='ltr'><strong><em>(Dist.</em></strong></span> <span class='ocrx_word' id='word_1_57' title='bbox 2382 740 2473 806; x_wconf 83' lang='lat'><strong><em>50,</em></strong></span> <span class='ocrx_word' id='word_1_58' title='bbox 2515 754 2564 794; x_wconf 93' lang='lat' dir='ltr'><strong><em>c.</em></strong></span> <span class='ocrx_word' id='word_1_59' title='bbox 2610 737 2868 807; x_wconf 85' lang='lat' dir='ltr'><strong><em>Clerico.)</em></strong></span> <span class='ocrx_word' id='word_1_60' title='bbox 2927 735 3145 793; x_wconf 89' lang='lat' dir='ltr'><strong><em>Clerico</em></strong></span> <span class='ocrx_word' id='word_1_61' title='bbox 3193 736 3429 807; x_wconf 86' lang='lat' dir='ltr'><strong><em>jacente</em></strong></span> <span class='ocrx_word' id='word_1_62' title='bbox 3483 735 3789 807; x_wconf 81' lang='lat' dir='ltr'><strong><em>lapidem.</em></strong></span> 
     </span>
    </p>
   </div>
   <div class='ocr_carea' id='block_1_8' title="bbox 355 823 3783 903">
    <p class='ocr_par' dir='ltr' id='par_1_8' title="bbox 355 823 3783 903">
     <span class='ocr_line' id='line_1_8' title="bbox 355 823 3783 903; baseline -0.004 -12"><span class='ocrx_word' id='word_1_63' title='bbox 355 836 499 891; x_wconf 83' lang='lat' dir='ltr'><strong><em>tiam</em></strong></span> <span class='ocrx_word' id='word_1_64' title='bbox 530 839 691 889; x_wconf 89' lang='lat' dir='ltr'><strong><em>tuam</em></strong></span> <span class='ocrx_word' id='word_1_65' title='bbox 714 835 921 903; x_wconf 91' lang='lat' dir='ltr'><strong><em>putare</em></strong></span> <span class='ocrx_word' id='word_1_66' title='bbox 943 827 1327 891; x_wconf 80' lang='lat' dir='ltr'><strong><em>sacerdotem,</em></strong></span> <span class='ocrx_word' id='word_1_67' title='bbox 1350 828 1483 897; x_wconf 90' lang='lat' dir='ltr'><strong><em>post</em></strong></span> <span class='ocrx_word' id='word_1_68' title='bbox 1504 827 1796 896; x_wconf 82' lang='lat' dir='ltr'><strong><em>patratum</em></strong></span> <span class='ocrx_word' id='word_1_69' title='bbox 1820 823 2005 877; x_wconf 90' lang='lat' dir='ltr'><strong><em>homi-</em></strong></span> <span class='ocrx_word' id='word_1_70' title='bbox 2112 844 2254 895; x_wconf 85' lang='lat' dir='ltr'><strong><em>puer</em></strong></span> <span class='ocrx_word' id='word_1_71' title='bbox 2272 826 2489 882; x_wconf 88' lang='lat' dir='ltr'><strong><em>dicitur</em></strong></span> <span class='ocrx_word' id='word_1_72' title='bbox 2511 826 2933 898; x_wconf 86' lang='lat' dir='ltr'><strong><em>interemptus;</em></strong></span> <span class='ocrx_word' id='word_1_73' title='bbox 2961 840 3067 880; x_wconf 92' lang='lat' dir='ltr'><strong><em>nos</em></strong></span> <span class='ocrx_word' id='word_1_74' title='bbox 3089 841 3192 896; x_wconf 90' lang='lat' dir='ltr'><strong><em>pro</em></strong></span> <span class='ocrx_word' id='word_1_75' title='bbox 3215 840 3412 879; x_wconf 90' lang='lat' dir='ltr'><strong><em>amore</em></strong></span> <span class='ocrx_word' id='word_1_76' title='bbox 3432 824 3535 879; x_wconf 91' lang='lat' dir='ltr'><strong><em>Dei</em></strong></span> <span class='ocrx_word' id='word_1_77' title='bbox 3559 829 3625 879; x_wconf 88' lang='lat' dir='ltr'><strong><em>et</em></strong></span> <span class='ocrx_word' id='word_1_78' title='bbox 3651 829 3783 891; x_wconf 87' lang='lat' dir='ltr'><strong><em>tuo;</em></strong></span> 
     </span>
    </p>
   </div>
   <div class='ocr_carea' id='block_1_9' title="bbox 357 910 3788 988">
    <p class='ocr_par' dir='ltr' id='par_1_9' title="bbox 357 910 3788 988">
     <span class='ocr_line' id='line_1_9' title="bbox 357 910 3788 988; baseline -0.003 -9"><span class='ocrx_word' id='word_1_79' title='bbox 357 924 577 979; x_wconf 89' lang='lat' dir='ltr'><strong><em>cidium</em></strong></span> <span class='ocrx_word' id='word_1_80' title='bbox 601 922 659 975; x_wconf 91' lang='lat' dir='ltr'><strong><em>in</em></strong></span> <span class='ocrx_word' id='word_1_81' title='bbox 681 917 1005 975; x_wconf 90' lang='lat' dir='ltr'><strong><em>sacerdotio</em></strong></span> <span class='ocrx_word' id='word_1_82' title='bbox 1030 931 1201 988; x_wconf 81' lang='lat' dir='ltr'><strong><em>posse</em></strong></span> <span class='ocrx_word' id='word_1_83' title='bbox 1222 911 1893 982; x_wconf 72' lang='lat' dir='ltr'><strong><em>ministrare,imo,quod</em></strong></span> <span class='ocrx_word' id='word_1_84' title='bbox 1916 915 2006 965; x_wconf 84' lang='lat' dir='ltr'><strong><em>est</em></strong></span> <span class='ocrx_word' id='word_1_85' title='bbox 2113 914 2171 970; x_wconf 89' lang='lat' dir='ltr'><strong><em>in</em></strong></span> <span class='ocrx_word' id='word_1_86' title='bbox 2205 916 2406 971; x_wconf 91' lang='lat' dir='ltr'><strong><em>eodem</em></strong></span> <span class='ocrx_word' id='word_1_87' title='bbox 2438 916 2641 970; x_wconf 86' lang='lat' dir='ltr'><strong><em>ordine</em></strong></span> <span class='ocrx_word' id='word_1_88' title='bbox 2691 931 2826 970; x_wconf 91' lang='lat' dir='ltr'><strong><em>eum</em></strong></span> <span class='ocrx_word' id='word_1_89' title='bbox 2876 927 3216 986; x_wconf 78' lang='lat' dir='ltr'><strong><em>permanere</em></strong></span> <span class='ocrx_word' id='word_1_90' title='bbox 3250 910 3687 983; x_wconf 83' lang='lat' dir='ltr'><strong><em>permittimus,</em></strong></span> <span class='ocrx_word' id='word_1_91' title='bbox 3720 918 3788 967; x_wconf 92' lang='lat' dir='ltr'><strong><em>ut</em></strong></span> 
     </span>
    </p>
   </div>
   <div class='ocr_carea' id='block_1_10' title="bbox 358 999 3787 1084">
    <p class='ocr_par' dir='ltr' id='par_1_10' title="bbox 358 999 3787 1084">
     <span class='ocr_line' id='line_1_10' title="bbox 358 999 3787 1084; baseline -0.004 -15"><span class='ocrx_word' id='word_1_92' title='bbox 358 1012 637 1084; x_wconf 89' lang='lat' dir='ltr'><strong><em>ineptius,</em></strong></span> <span class='ocrx_word' id='word_1_93' title='bbox 671 1008 841 1066; x_wconf 89' lang='lat' dir='ltr'><strong><em>nobis</em></strong></span> <span class='ocrx_word' id='word_1_94' title='bbox 873 1007 1120 1063; x_wconf 89' lang='lat' dir='ltr'><strong><em>suadere</em></strong></span> <span class='ocrx_word' id='word_1_95' title='bbox 1148 1004 1315 1070; x_wconf 83' lang='lat' dir='ltr'><strong><em>velle,</em></strong></span> <span class='ocrx_word' id='word_1_96' title='bbox 1350 1008 1415 1059; x_wconf 90' lang='lat' dir='ltr'><strong><em>ut</em></strong></span> <span class='ocrx_word' id='word_1_97' title='bbox 1445 1002 1558 1075; x_wconf 88' lang='lat' dir='ltr'><strong><em>ipsi</em></strong></span> <span class='ocrx_word' id='word_1_98' title='bbox 1590 1001 1690 1056; x_wconf 86' lang='lat' dir='ltr'><strong><em>tali</em></strong></span> <span class='ocrx_word' id='word_1_99' title='bbox 1725 1017 2004 1073; x_wconf 67' lang='lat' dir='ltr'><strong><em>praesum-</em></strong></span> <span class='ocrx_word' id='word_1_100' title='bbox 2109 1007 2305 1058; x_wconf 89' lang='lat' dir='ltr'><strong><em>tamen</em></strong></span> <span class='ocrx_word' id='word_1_101' title='bbox 2338 1019 2570 1075; x_wconf 86' lang='lat' dir='ltr'><strong><em>semper</em></strong></span> <span class='ocrx_word' id='word_1_102' title='bbox 2595 1002 2652 1056; x_wconf 90' lang='lat' dir='ltr'><strong><em>in</em></strong></span> <span class='ocrx_word' id='word_1_103' title='bbox 2686 1001 3030 1074; x_wconf 76' lang='lat' dir='ltr'><strong><em>pmnitentia</em></strong></span> <span class='ocrx_word' id='word_1_104' title='bbox 3058 1005 3114 1056; x_wconf 90' lang='lat' dir='ltr'><strong><em>et</em></strong></span> <span class='ocrx_word' id='word_1_105' title='bbox 3141 1001 3353 1055; x_wconf 83' lang='lat' dir='ltr'><strong><em>timore</em></strong></span> <span class='ocrx_word' id='word_1_106' title='bbox 3382 999 3624 1056; x_wconf 86' lang='lat' dir='ltr'><strong><em>Domini</em></strong></span> <span class='ocrx_word' id='word_1_107' title='bbox 3649 1017 3787 1072; x_wconf 88' lang='lat' dir='ltr'><strong><em>per-</em></strong></span> 
     </span>
    </p>
   </div>
   <div class='ocr_carea' id='block_1_11' title="bbox 353 1089 2369 1172">
    <p class='ocr_par' dir='ltr' id='par_1_11' title="bbox 353 1089 2369 1172">
     <span class='ocr_line' id='line_1_11' title="bbox 353 1089 2369 1172; baseline -0.004 -16"><span class='ocrx_word' id='word_1_108' title='bbox 353 1100 540 1172; x_wconf 87' lang='lat' dir='ltr'><strong><em>ptioni</em></strong></span> <span class='ocrx_word' id='word_1_109' title='bbox 556 1098 951 1172; x_wconf 72' lang='lat' dir='ltr'><strong><em>praeberemus</em></strong></span> <span class='ocrx_word' id='word_1_110' title='bbox 965 1092 1439 1158; x_wconf 89' lang='lat' dir='ltr'><strong><em>assensum.Quis</em></strong></span> <span class='ocrx_word' id='word_1_111' title='bbox 1451 1091 1603 1146; x_wconf 87' lang='lat' dir='ltr'><strong><em>enim</em></strong></span> <span class='ocrx_word' id='word_1_112' title='bbox 1623 1095 1739 1145; x_wconf 92' lang='lat' dir='ltr'><strong><em>tam</em></strong></span> <span class='ocrx_word' id='word_1_113' title='bbox 1756 1089 2002 1145; x_wconf 88' lang='lat' dir='ltr'><strong><em>clemens</em></strong></span> <span class='ocrx_word' id='word_1_114' title='bbox 2112 1096 2369 1149; x_wconf 87' lang='lat' dir='ltr'><strong><em>maneat.</em></strong></span> 
     </span>
    </p>
   </div>
   <div class='ocr_carea' id='block_1_12' title="bbox 352 1178 3704 1261">
    <p class='ocr_par' dir='ltr' id='par_1_12' title="bbox 352 1178 3704 1261">
     <span class='ocr_line' id='line_1_12' title="bbox 352 1178 3704 1261; baseline -0.004 -16"><span class='ocrx_word' id='word_1_115' title='bbox 352 1196 593 1261; x_wconf 81' lang='lat' dir='ltr'><strong><em>tamque</em></strong></span> <span class='ocrx_word' id='word_1_116' title='bbox 606 1186 860 1261; x_wconf 91' lang='lat' dir='ltr'><strong><em>perversi</em></strong></span> <span class='ocrx_word' id='word_1_117' title='bbox 875 1202 1085 1242; x_wconf 89' lang='lat' dir='ltr'><strong><em>sensus</em></strong></span> <span class='ocrx_word' id='word_1_118' title='bbox 1108 1182 1223 1239; x_wconf 88' lang='lat' dir='ltr'><strong><em>tale</em></strong></span> <span class='ocrx_word' id='word_1_119' title='bbox 1251 1182 1389 1254; x_wconf 90' lang='lat' dir='ltr'><strong><em>quid</em></strong></span> <span class='ocrx_word' id='word_1_120' title='bbox 1417 1178 1855 1247; x_wconf 84' lang='lat' dir='ltr'><strong><em>destinaret,vel</em></strong></span> <span class='ocrx_word' id='word_1_121' title='bbox 1871 1183 2004 1251; x_wconf 88' lang='lat' dir='ltr'><strong><em>post</em></strong></span> <span class='ocrx_word' id='word_1_122' title='bbox 2181 1182 2311 1236; x_wconf 66' lang='lat' dir='ltr'><strong><em>Car.</em></strong></span> <span class='ocrx_word' id='word_1_123' title='bbox 2344 1180 2501 1236; x_wconf 87' lang='lat' dir='ltr'><strong><em>CLV.</em></strong></span> <span class='ocrx_word' id='word_1_124' title='bbox 2529 1180 2714 1252; x_wconf 86' lang='lat' dir='ltr'><strong><em>Steph.</em></strong></span> <span class='ocrx_word' id='word_1_125' title='bbox 2756 1180 2791 1235; x_wconf 82' lang='lat' dir='ltr'><strong><em>V</em></strong></span> <span class='ocrx_word' id='word_1_126' title='bbox 2818 1180 3100 1248; x_wconf 83' lang='lat' dir='ltr'><strong><em>Sigeberto</em></strong></span> <span class='ocrx_word' id='word_1_127' title='bbox 3134 1178 3368 1234; x_wconf 70' lang='lat' dir='ltr'><strong><em>Corsica:</em></strong></span> <span class='ocrx_word' id='word_1_128' title='bbox 3411 1180 3704 1250; x_wconf 87' lang='lat' dir='ltr'><strong><em>episc0po.</em></strong></span> 
     </span>
    </p>
   </div>
   <div class='ocr_carea' id='block_1_13' title="bbox 351 1267 3780 1349">
    <p class='ocr_par' dir='ltr' id='par_1_13' title="bbox 351 1267 3780 1349">
     <span class='ocr_line' id='line_1_13' title="bbox 351 1267 3780 1349; baseline -0.003 -16"><span class='ocrx_word' id='word_1_129' title='bbox 351 1283 871 1349; x_wconf 89' lang='lat' dir='ltr'><strong><em>quantamcunque</em></strong></span> <span class='ocrx_word' id='word_1_130' title='bbox 917 1271 1316 1345; x_wconf 86' lang='lat' dir='ltr'><strong><em>prenitenliam</em></strong></span> <span class='ocrx_word' id='word_1_131' title='bbox 1368 1268 1832 1335; x_wconf 89' lang='lat' dir='ltr'><strong><em>concedendum,</em></strong></span> <span class='ocrx_word' id='word_1_132' title='bbox 1865 1284 2002 1323; x_wconf 91' lang='lat' dir='ltr'><strong><em>cum</em></strong></span> <span class='ocrx_word' id='word_1_133' title='bbox 2180 1268 2350 1341; x_wconf 78' lang='lat' dir='ltr'><strong><em>(Dist.</em></strong></span> <span class='ocrx_word' id='word_1_134' title='bbox 2380 1270 2469 1341; x_wconf 91' lang='lat'><strong><em>30,</em></strong></span> <span class='ocrx_word' id='word_1_135' title='bbox 2502 1287 2552 1325; x_wconf 92' lang='lat' dir='ltr'><strong><em>c.</em></strong></span> <span class='ocrx_word' id='word_1_136' title='bbox 2578 1269 2764 1338; x_wconf 92' lang='lat' dir='ltr'><strong><em>Quia.)</em></strong></span> <span class='ocrx_word' id='word_1_137' title='bbox 2794 1270 2940 1333; x_wconf 89' lang='lat' dir='ltr'><strong><em>Quia</em></strong></span> <span class='ocrx_word' id='word_1_138' title='bbox 2970 1273 3027 1324; x_wconf 92' lang='lat' dir='ltr'><strong><em>te</em></strong></span> <span class='ocrx_word' id='word_1_139' title='bbox 3058 1268 3227 1340; x_wconf 85' lang='lat' dir='ltr'><strong><em>quasi</em></strong></span> <span class='ocrx_word' id='word_1_140' title='bbox 3254 1267 3575 1323; x_wconf 83' lang='lat' dir='ltr'><strong><em>obnoxium</em></strong></span> <span class='ocrx_word' id='word_1_141' title='bbox 3607 1268 3780 1337; x_wconf 85' lang='lat' dir='ltr'><strong><em>judi—</em></strong></span> 
     </span>
    </p>
   </div>
   <div class='ocr_carea' id='block_1_14' title="bbox 353 1356 3781 1433">
    <p class='ocr_par' dir='ltr' id='par_1_14' title="bbox 353 1356 3781 1433">
     <span class='ocr_line' id='line_1_14' title="bbox 353 1356 3781 1433; baseline -0.003 -10"><span class='ocrx_word' id='word_1_142' title='bbox 353 1365 908 1423; x_wconf 72' lang='lat' dir='ltr'><strong><em>omnisitcanonicaa</em></strong></span> <span class='ocrx_word' id='word_1_143' title='bbox 922 1361 1246 1433; x_wconf 75' lang='lat' dir='ltr'><strong><em>disciplina:</em></strong></span> <span class='ocrx_word' id='word_1_144' title='bbox 1263 1358 1656 1415; x_wconf 83' lang='lat' dir='ltr'><strong><em>contrarium?</em></strong></span> <span class='ocrx_word' id='word_1_145' title='bbox 1670 1357 1848 1412; x_wconf 84' lang='lat' dir='ltr'><strong><em>Debet</em></strong></span> <span class='ocrx_word' id='word_1_146' title='bbox 1862 1373 2000 1429; x_wconf 89' lang='lat' dir='ltr'><strong><em>ergo</em></strong></span> <span class='ocrx_word' id='word_1_147' title='bbox 2110 1374 2208 1413; x_wconf 90' lang='lat' dir='ltr'><strong><em>cas</em></strong></span> <span class='ocrx_word' id='word_1_148' title='bbox 2238 1374 2304 1414; x_wconf 89' lang='lat' dir='ltr'><strong><em>eo</em></strong></span> <span class='ocrx_word' id='word_1_149' title='bbox 2337 1359 2493 1430; x_wconf 90' lang='lat' dir='ltr'><strong><em>quod</em></strong></span> <span class='ocrx_word' id='word_1_150' title='bbox 2525 1376 2558 1413; x_wconf 89' lang='lat' dir='ltr'><strong><em>a</em></strong></span> <span class='ocrx_word' id='word_1_151' title='bbox 2586 1358 2891 1414; x_wconf 78' lang='lat' dir='ltr'><strong><em>Saracenis</em></strong></span> <span class='ocrx_word' id='word_1_152' title='bbox 2923 1362 3130 1429; x_wconf 88' lang='lat' dir='ltr'><strong><em>captus</em></strong></span> <span class='ocrx_word' id='word_1_153' title='bbox 3160 1374 3244 1423; x_wconf 88' lang='lat' dir='ltr'><strong><em>es,</em></strong></span> <span class='ocrx_word' id='word_1_154' title='bbox 3275 1356 3553 1412; x_wconf 83' lang='lat' dir='ltr'><strong><em>homines</em></strong></span> <span class='ocrx_word' id='word_1_155' title='bbox 3590 1356 3781 1412; x_wconf 85' lang='lat' dir='ltr'><strong><em>inter-</em></strong></span> 
     </span>
    </p>
   </div>
   <div class='ocr_carea' id='block_1_15' title="bbox 353 1445 3777 1526">
    <p class='ocr_par' dir='ltr' id='par_1_15' title="bbox 353 1445 3777 1526">
     <span class='ocr_line' id='line_1_15' title="bbox 353 1445 3777 1526; baseline -0.004 -13"><span class='ocrx_word' id='word_1_156' title='bbox 353 1455 679 1512; x_wconf 88' lang='lat' dir='ltr'><strong><em>sacerdotio</em></strong></span> <span class='ocrx_word' id='word_1_157' title='bbox 699 1454 959 1526; x_wconf 77' lang='lat' dir='ltr'><strong><em>privatus</em></strong></span> <span class='ocrx_word' id='word_1_158' title='bbox 976 1452 1366 1523; x_wconf 77' lang='lat' dir='ltr'><strong><em>lacrymarum</em></strong></span> <span class='ocrx_word' id='word_1_159' title='bbox 1391 1448 1548 1503; x_wconf 87' lang='lat' dir='ltr'><strong><em>fonte</em></strong></span> <span class='ocrx_word' id='word_1_160' title='bbox 1569 1446 1857 1518; x_wconf 89' lang='lat' dir='ltr'><strong><em>ﬂagitium</em></strong></span> <span class='ocrx_word' id='word_1_161' title='bbox 1880 1450 1999 1501; x_wconf 90' lang='lat' dir='ltr'><strong><em>tam</em></strong></span> <span class='ocrx_word' id='word_1_162' title='bbox 2109 1446 2316 1503; x_wconf 86' lang='lat' dir='ltr'><strong><em>fecisse</em></strong></span> <span class='ocrx_word' id='word_1_163' title='bbox 2337 1447 2577 1519; x_wconf 89' lang='lat' dir='ltr'><strong><em>videris,</em></strong></span> <span class='ocrx_word' id='word_1_164' title='bbox 2601 1447 2747 1504; x_wconf 91' lang='lat' dir='ltr'><strong><em>bene</em></strong></span> <span class='ocrx_word' id='word_1_165' title='bbox 2770 1446 2933 1502; x_wconf 88' lang='lat' dir='ltr'><strong><em>facis.</em></strong></span> <span class='ocrx_word' id='word_1_166' title='bbox 2959 1447 3070 1502; x_wconf 86' lang='lat' dir='ltr'><strong><em>Sed</em></strong></span> <span class='ocrx_word' id='word_1_167' title='bbox 3094 1445 3371 1517; x_wconf 89' lang='lat' dir='ltr'><strong><em>quoniam</em></strong></span> <span class='ocrx_word' id='word_1_168' title='bbox 3407 1462 3527 1501; x_wconf 89' lang='lat' dir='ltr'><strong><em>non</em></strong></span> <span class='ocrx_word' id='word_1_169' title='bbox 3561 1449 3777 1517; x_wconf 85' lang='lat' dir='ltr'><strong><em>sponte</em></strong></span> 
     </span>
    </p>
   </div>
   <div class='ocr_carea' id='block_1_16' title="bbox 352 1534 3777 1609">
    <p class='ocr_par' dir='ltr' id='par_1_16' title="bbox 352 1534 3777 1609">
     <span class='ocr_line' id='line_1_16' title="bbox 352 1534 3777 1609; baseline -0.004 -9"><span class='ocrx_word' id='word_1_170' title='bbox 352 1544 613 1600; x_wconf 88' lang='lat' dir='ltr'><strong><em>immane</em></strong></span> <span class='ocrx_word' id='word_1_171' title='bbox 655 1540 897 1608; x_wconf 88' lang='lat' dir='ltr'><strong><em>diluere,</em></strong></span> <span class='ocrx_word' id='word_1_172' title='bbox 930 1543 994 1595; x_wconf 90' lang='lat' dir='ltr'><strong><em>ut</em></strong></span> <span class='ocrx_word' id='word_1_173' title='bbox 1040 1537 1258 1594; x_wconf 86' lang='lat' dir='ltr'><strong><em>talibus</em></strong></span> <span class='ocrx_word' id='word_1_174' title='bbox 1289 1535 1498 1593; x_wconf 88' lang='lat' dir='ltr'><strong><em>saltem</em></strong></span> <span class='ocrx_word' id='word_1_175' title='bbox 1530 1534 1806 1591; x_wconf 86' lang='lat' dir='ltr'><strong><em>remediis</em></strong></span> <span class='ocrx_word' id='word_1_176' title='bbox 1836 1549 2002 1591; x_wconf 86' lang='lat' dir='ltr'><strong><em>cura-</em></strong></span> <span class='ocrx_word' id='word_1_177' title='bbox 2108 1539 2211 1591; x_wconf 89' lang='lat' dir='ltr'><strong><em>tua</em></strong></span> <span class='ocrx_word' id='word_1_178' title='bbox 2266 1537 2630 1593; x_wconf 83' lang='lat' dir='ltr'><strong><em>interfecisse</em></strong></span> <span class='ocrx_word' id='word_1_179' title='bbox 2687 1535 3081 1609; x_wconf 88' lang='lat' dir='ltr'><strong><em>cognosceris,</em></strong></span> <span class='ocrx_word' id='word_1_180' title='bbox 3112 1534 3249 1591; x_wconf 87' lang='lat' dir='ltr'><strong><em>inde</em></strong></span> <span class='ocrx_word' id='word_1_181' title='bbox 3281 1534 3579 1590; x_wconf 60' lang='lat' dir='ltr'><strong><em>canonica;</em></strong></span> <span class='ocrx_word' id='word_1_182' title='bbox 3621 1534 3777 1590; x_wconf 85' lang='lat' dir='ltr'><strong><em>nulli</em></strong></span> 
     </span>
    </p>
   </div>
   <div class='ocr_carea' id='block_1_17' title="bbox 352 1623 2619 1703">
    <p class='ocr_par' dir='ltr' id='par_1_17' title="bbox 352 1623 2619 1703">
     <span class='ocr_line' id='line_1_17' title="bbox 352 1623 2619 1703; baseline -0.004 -15"><span class='ocrx_word' id='word_1_183' title='bbox 352 1637 470 1703; x_wconf 88' lang='lat' dir='ltr'><strong><em>tus,</em></strong></span> <span class='ocrx_word' id='word_1_184' title='bbox 504 1631 716 1688; x_wconf 87' lang='lat' dir='ltr'><strong><em>salutis</em></strong></span> <span class='ocrx_word' id='word_1_185' title='bbox 747 1628 936 1703; x_wconf 87' lang='lat' dir='ltr'><strong><em>possit</em></strong></span> <span class='ocrx_word' id='word_1_186' title='bbox 964 1625 1228 1683; x_wconf 86' lang='lat' dir='ltr'><strong><em>invenire</em></strong></span> <span class='ocrx_word' id='word_1_187' title='bbox 1253 1623 1617 1696; x_wconf 68' lang='lat' dir='ltr'><strong><em>suffragium.</em></strong></span> <span class='ocrx_word' id='word_1_188' title='bbox 2109 1625 2285 1681; x_wconf 88' lang='lat' dir='ltr'><strong><em>modo</em></strong></span> <span class='ocrx_word' id='word_1_189' title='bbox 2311 1625 2619 1696; x_wconf 74' lang='lat' dir='ltr'><strong><em>iudicaris.</em></strong></span> 
     </span>
    </p>
   </div>
   <div class='ocr_carea' id='block_1_18' title="bbox 1842 1830 2307 1894">
    <p class='ocr_par' dir='ltr' id='par_1_18' title="bbox 1842 1830 2307 1894">
     <span class='ocr_line' id='line_1_18' title="bbox 1842 1830 2307 1894; baseline 0.009 -5"><span class='ocrx_word' id='word_1_190' title='bbox 1842 1830 1943 1890; x_wconf 84' lang='lat' dir='ltr'><strong><em>DE</em></strong></span> <span class='ocrx_word' id='word_1_191' title='bbox 1986 1832 2307 1894; x_wconf 81' lang='lat' dir='ltr'><strong><em>USURIS.</em></strong></span> 
     </span>
    </p>
   </div>
   <div class='ocr_carea' id='block_1_19' title="bbox 354 1944 3783 2023">
    <p class='ocr_par' dir='ltr' id='par_1_19' title="bbox 354 1944 3783 2023">
     <span class='ocr_line' id='line_1_19' title="bbox 354 1944 3783 2023; baseline -0.004 -10"><span class='ocrx_word' id='word_1_192' title='bbox 354 1960 480 2013; x_wconf 74' lang='lat' dir='ltr'><strong><em>CAP.</em></strong></span> <span class='ocrx_word' id='word_1_193' title='bbox 511 1953 691 2010; x_wconf 85' lang='lat' dir='ltr'><strong>CLVI.</strong></span> <span class='ocrx_word' id='word_1_194' title='bbox 725 1949 1076 2023; x_wconf 69' lang='lat' dir='ltr'><strong><em>Degradafur</em></strong></span> <span class='ocrx_word' id='word_1_195' title='bbox 1119 1948 1374 2014; x_wconf 79' lang='lat' dir='ltr'><strong><em>clericus,</em></strong></span> <span class='ocrx_word' id='word_1_196' title='bbox 1405 1948 1501 2019; x_wconf 89' lang='lat' dir='ltr'><strong><em>qui</em></strong></span> <span class='ocrx_word' id='word_1_197' title='bbox 1528 1962 1730 2003; x_wconf 85' lang='lat' dir='ltr'><strong><em>usurus</em></strong></span> <span class='ocrx_word' id='word_1_198' title='bbox 1757 1948 2005 2019; x_wconf 89' lang='lat' dir='ltr'><strong><em>accipere</em></strong></span> <span class='ocrx_word' id='word_1_199' title='bbox 2034 1956 2083 2022; x_wconf 83' lang='grc' dir='ltr'><strong>Β</strong></span> <span class='ocrx_word' id='word_1_200' title='bbox 2114 1948 2262 2004; x_wconf 89' lang='lat' dir='ltr'><strong><em>ciem</em></strong></span> <span class='ocrx_word' id='word_1_201' title='bbox 2296 1964 2410 2003; x_wconf 89' lang='lat' dir='ltr'><strong><em>non</em></strong></span> <span class='ocrx_word' id='word_1_202' title='bbox 2444 1947 2719 2004; x_wconf 90' lang='lat' dir='ltr'><strong><em>habuerit</em></strong></span> <span class='ocrx_word' id='word_1_203' title='bbox 2746 1946 3165 2011; x_wconf 86' lang='lat' dir='ltr'><strong><em>necessariam,</em></strong></span> <span class='ocrx_word' id='word_1_204' title='bbox 3192 1944 3390 2016; x_wconf 90' lang='lat' dir='ltr'><strong><em>ipsum</em></strong></span> <span class='ocrx_word' id='word_1_205' title='bbox 3422 1945 3583 2015; x_wconf 90' lang='lat' dir='ltr'><strong><em>quod</em></strong></span> <span class='ocrx_word' id='word_1_206' title='bbox 3618 1944 3783 2000; x_wconf 87' lang='lat' dir='ltr'><strong><em>dedit</em></strong></span> 
     </span>
    </p>
   </div>
   <div class='ocr_carea' id='block_1_20' title="bbox 1025 2020 3078 2109">
    <p class='ocr_par' dir='ltr' id='par_1_20' title="bbox 1025 2020 3078 2109">
     <span class='ocr_line' id='line_1_20' title="bbox 1025 2020 3078 2109; baseline 0.004 -27"><span class='ocrx_word' id='word_1_207' title='bbox 1025 2020 1325 2091; x_wconf 72' lang='grc' dir='ltr'><strong><em>άειεθίιιινο</em></strong></span> <span class='ocrx_word' id='word_1_208' title='bbox 2036 2020 2069 2022; x_wconf 22' lang='lat'><em>7</em></span> <span class='ocrx_word' id='word_1_209' title='bbox 2118 2035 2244 2091; x_wconf 89' lang='lat' dir='ltr'><strong><em>sine</em></strong></span> <span class='ocrx_word' id='word_1_210' title='bbox 2277 2035 2394 2092; x_wconf 92' lang='lat' dir='ltr'><strong><em>ullo</em></strong></span> <span class='ocrx_word' id='word_1_211' title='bbox 2425 2039 2740 2109; x_wconf 87' lang='lat' dir='ltr'><strong><em>augmento</em></strong></span> <span class='ocrx_word' id='word_1_212' title='bbox 2773 2034 3078 2107; x_wconf 88' lang='lat' dir='ltr'><strong><em>suscipiat.</em></strong></span> 
     </span>
    </p>
   </div>
   <div class='ocr_carea' id='block_1_21' title="bbox 848 2109 2403 2197">
    <p class='ocr_par' dir='ltr' id='par_1_21' title="bbox 848 2109 2403 2180">
     <span class='ocr_line' id='line_1_21' title="bbox 848 2109 2403 2180; baseline 0.003 -16"><span class='ocrx_word' id='word_1_213' title='bbox 848 2112 1019 2167; x_wconf 88' lang='lat' dir='ltr'><strong><em>Cone.</em></strong></span> <span class='ocrx_word' id='word_1_214' title='bbox 1053 2110 1292 2175; x_wconf 87' lang='lat' dir='ltr'><strong><em>Eliber.,</em></strong></span> <span class='ocrx_word' id='word_1_215' title='bbox 1323 2124 1373 2163; x_wconf 90' lang='lat' dir='ltr'><strong><em>c.</em></strong></span> <span class='ocrx_word' id='word_1_216' title='bbox 1405 2109 1496 2162; x_wconf 84' lang='lat'><strong><em>20.</em></strong></span> <span class='ocrx_word' id='word_1_217' title='bbox 2118 2128 2247 2180; x_wconf 62' lang='lat' dir='ltr'><strong><em>CAP,</em></strong></span> <span class='ocrx_word' id='word_1_218' title='bbox 2279 2126 2403 2180; x_wconf 74' lang='lat' dir='ltr'><strong><em>CLX</em></strong></span> 
     </span>
    </p>
   </div>
   <div class='ocr_carea' id='block_1_22' title="bbox 2225 2109 3780 2197">
    <p class='ocr_par' dir='ltr' id='par_1_22' title="bbox 2225 2123 3780 2197">
     <span class='ocr_line' id='line_1_22' title="bbox 2225 2123 3780 2197; baseline -0.001 -17"><span class='ocrx_word' id='word_1_219' title='bbox 2225 2147 2247 2179; x_wconf 79' lang='grc' dir='ltr'><strong><em>ι.</em></strong></span> <span class='ocrx_word' id='word_1_220' title='bbox 2279 2126 2434 2180; x_wconf 84' lang='lat' dir='ltr'><strong>CLX.</strong></span> <span class='ocrx_word' id='word_1_221' title='bbox 2462 2124 2737 2197; x_wconf 79' lang='lat' dir='ltr'><strong><em>Quidquid</em></strong></span> <span class='ocrx_word' id='word_1_222' title='bbox 2764 2142 2939 2197; x_wconf 86' lang='lat' dir='ltr'><strong><em>supra</em></strong></span> <span class='ocrx_word' id='word_1_223' title='bbox 2967 2124 3158 2179; x_wconf 88' lang='lat' dir='ltr'><strong><em>datum</em></strong></span> <span class='ocrx_word' id='word_1_224' title='bbox 3183 2123 3465 2193; x_wconf 69' lang='lat' dir='ltr'><strong><em>exigitur,</em></strong></span> <span class='ocrx_word' id='word_1_225' title='bbox 3483 2139 3659 2178; x_wconf 87' lang='lat' dir='ltr'><strong><em>usura</em></strong></span> <span class='ocrx_word' id='word_1_226' title='bbox 3683 2133 3780 2179; x_wconf 85' lang='lat' dir='ltr'><strong><em>est.</em></strong></span> 
     </span>
    </p>
   </div>
   <div class='ocr_carea' id='block_1_23' title="bbox 418 2207 3279 2287">
    <p class='ocr_par' dir='ltr' id='par_1_23' title="bbox 418 2207 3279 2287">
     <span class='ocr_line' id='line_1_23' title="bbox 418 2207 3279 2287; baseline -0.003 -17"><span class='ocrx_word' id='word_1_227' title='bbox 418 2215 588 2287; x_wconf 87' lang='lat' dir='ltr'><strong><em>(Dist.</em></strong></span> <span class='ocrx_word' id='word_1_228' title='bbox 621 2215 710 2280; x_wconf 83' lang='lat'><strong><em>47,</em></strong></span> <span class='ocrx_word' id='word_1_229' title='bbox 743 2230 793 2267; x_wconf 91' lang='lat' dir='ltr'><strong><em>c.</em></strong></span> <span class='ocrx_word' id='word_1_230' title='bbox 824 2213 885 2268; x_wconf 92' lang='lat' dir='ltr'><strong><em>Si</em></strong></span> <span class='ocrx_word' id='word_1_231' title='bbox 915 2210 1087 2283; x_wconf 87' lang='lat' dir='ltr'><strong><em>quis.)</em></strong></span> <span class='ocrx_word' id='word_1_232' title='bbox 1142 2208 1201 2264; x_wconf 91' lang='lat' dir='ltr'><strong><em>Si</em></strong></span> <span class='ocrx_word' id='word_1_233' title='bbox 1250 2208 1385 2279; x_wconf 88' lang='lat' dir='ltr'><strong><em>quis</em></strong></span> <span class='ocrx_word' id='word_1_234' title='bbox 1432 2207 1681 2263; x_wconf 86' lang='lat' dir='ltr'><strong><em>clericus</em></strong></span> <span class='ocrx_word' id='word_1_235' title='bbox 1740 2207 2005 2262; x_wconf 89' lang='lat' dir='ltr'><strong><em>detectus</em></strong></span> <span class='ocrx_word' id='word_1_236' title='bbox 2610 2215 2789 2285; x_wconf 36' lang='lat' dir='ltr'><strong><em>Hier”</em></strong></span> <span class='ocrx_word' id='word_1_237' title='bbox 2824 2214 2862 2269; x_wconf 83' lang='grc'><strong><em>1,</em></strong></span> <span class='ocrx_word' id='word_1_238' title='bbox 2896 2231 2951 2268; x_wconf 79' lang='grc' dir='ltr'><strong><em>νι</em></strong></span> <span class='ocrx_word' id='word_1_239' title='bbox 2983 2214 3041 2268; x_wconf 83' lang='lat' dir='ltr'><strong><em>in</em></strong></span> <span class='ocrx_word' id='word_1_240' title='bbox 3075 2212 3279 2268; x_wconf 80' lang='lat' dir='ltr'><strong><em>Ezech.</em></strong></span> 
     </span>
    </p>
   </div>
   <div class='ocr_carea' id='block_1_24' title="bbox 350 2295 3781 2374">
    <p class='ocr_par' dir='ltr' id='par_1_24' title="bbox 350 2295 3781 2374">
     <span class='ocr_line' id='line_1_24' title="bbox 350 2295 3781 2374; baseline -0.003 -14"><span class='ocrx_word' id='word_1_241' title='bbox 350 2305 529 2360; x_wconf 84' lang='lat' dir='ltr'><strong><em>fuerit</em></strong></span> <span class='ocrx_word' id='word_1_242' title='bbox 566 2319 779 2360; x_wconf 89' lang='lat' dir='ltr'><strong><em>usuras</em></strong></span> <span class='ocrx_word' id='word_1_243' title='bbox 830 2300 1111 2371; x_wconf 90' lang='lat' dir='ltr'><strong><em>accipere,</em></strong></span> <span class='ocrx_word' id='word_1_244' title='bbox 1145 2296 1369 2369; x_wconf 86' lang='lat' dir='ltr'><strong><em>placuit</em></strong></span> <span class='ocrx_word' id='word_1_245' title='bbox 1399 2296 1706 2370; x_wconf 89' lang='lat' dir='ltr'><strong><em>degradari</em></strong></span> <span class='ocrx_word' id='word_1_246' title='bbox 1738 2299 1796 2351; x_wconf 90' lang='lat' dir='ltr'><strong><em>et</em></strong></span> <span class='ocrx_word' id='word_1_247' title='bbox 1824 2295 2005 2351; x_wconf 86' lang='lat' dir='ltr'><strong><em>absti-</em></strong></span> <span class='ocrx_word' id='word_1_248' title='bbox 2193 2302 2301 2372; x_wconf 72' lang='grc'><strong><em>(44,</em></strong></span> <span class='ocrx_word' id='word_1_249' title='bbox 2334 2320 2392 2374; x_wconf 79' lang='lat' dir='ltr'><strong><em>q.</em></strong></span> <span class='ocrx_word' id='word_1_250' title='bbox 2425 2305 2477 2372; x_wconf 70' lang='lat'><strong><em>3,</em></strong></span> <span class='ocrx_word' id='word_1_251' title='bbox 2504 2320 2553 2360; x_wconf 78' lang='grc' dir='ltr'>ο,</span> <span class='ocrx_word' id='word_1_252' title='bbox 2574 2305 2828 2373; x_wconf 65' lang='lat' dir='ltr'><strong><em>Putant.)</em></strong></span> <span class='ocrx_word' id='word_1_253' title='bbox 2858 2304 3074 2359; x_wconf 73' lang='lat' dir='ltr'><strong><em>Putaui,</em></strong></span> <span class='ocrx_word' id='word_1_254' title='bbox 3104 2302 3341 2374; x_wconf 68' lang='lat' dir='ltr'><strong><em>quidam</em></strong></span> <span class='ocrx_word' id='word_1_255' title='bbox 3374 2320 3617 2358; x_wconf 69' lang='lat' dir='ltr'><strong><em>usuram</em></strong></span> <span class='ocrx_word' id='word_1_256' title='bbox 3651 2306 3781 2357; x_wconf 67' lang='lat' dir='ltr'><strong><em>tau-</em></strong></span> 
     </span>
    </p>
   </div>
   <div class='ocr_carea' id='block_1_25' title="bbox 356 2392 3780 2465">
    <p class='ocr_par' dir='ltr' id='par_1_25' title="bbox 356 2392 3780 2465">
     <span class='ocr_line' id='line_1_25' title="bbox 356 2392 3780 2465; baseline -0.001 -15"><span class='ocrx_word' id='word_1_257' title='bbox 356 2411 514 2450; x_wconf 83' lang='lat' dir='ltr'><strong><em>nere.</em></strong></span> <span class='ocrx_word' id='word_1_258' title='bbox 2121 2394 2247 2446; x_wconf 89' lang='lat' dir='ltr'><strong><em>tum</em></strong></span> <span class='ocrx_word' id='word_1_259' title='bbox 2280 2409 2408 2448; x_wconf 87' lang='lat' dir='ltr'><strong><em>esse</em></strong></span> <span class='ocrx_word' id='word_1_260' title='bbox 2440 2393 2497 2448; x_wconf 92' lang='lat' dir='ltr'><strong><em>in</em></strong></span> <span class='ocrx_word' id='word_1_261' title='bbox 2529 2393 2798 2465; x_wconf 89' lang='lat' dir='ltr'><strong><em>pecunia,</em></strong></span> <span class='ocrx_word' id='word_1_262' title='bbox 2828 2393 2979 2464; x_wconf 88' lang='lat' dir='ltr'><strong><em>quod</em></strong></span> <span class='ocrx_word' id='word_1_263' title='bbox 3017 2392 3330 2463; x_wconf 88' lang='lat' dir='ltr'><strong><em>providens</em></strong></span> <span class='ocrx_word' id='word_1_264' title='bbox 3357 2392 3664 2464; x_wconf 82' lang='lat' dir='ltr'><strong><em>Scriptura</em></strong></span> <span class='ocrx_word' id='word_1_265' title='bbox 3695 2392 3780 2447; x_wconf 84' lang='lat' dir='ltr'><strong><em>di-</em></strong></span> 
     </span>
    </p>
   </div>
   <div class='ocr_carea' id='block_1_26' title="bbox 354 2480 3779 2565">
    <p class='ocr_par' dir='ltr' id='par_1_26' title="bbox 354 2480 3779 2565">
     <span class='ocr_line' id='line_1_26' title="bbox 354 2480 3779 2565; baseline -0.006 -9"><span class='ocrx_word' id='word_1_266' title='bbox 354 2506 478 2557; x_wconf 66' lang='lat' dir='ltr'><strong><em>Cuv.</em></strong></span> <span class='ocrx_word' id='word_1_267' title='bbox 510 2498 718 2555; x_wconf 88' lang='lat' dir='ltr'><strong>CLVII.</strong></span> <span class='ocrx_word' id='word_1_268' title='bbox 748 2497 1042 2559; x_wconf 86' lang='lat' dir='ltr'><strong><em>Diaconus,</em></strong></span> <span class='ocrx_word' id='word_1_269' title='bbox 1094 2493 1398 2565; x_wconf 75' lang='lat' dir='ltr'><strong><em>presbyter,</em></strong></span> <span class='ocrx_word' id='word_1_270' title='bbox 1430 2496 1484 2565; x_wconf 78' lang='lat' dir='ltr'><strong><em>et</em></strong></span> <span class='ocrx_word' id='word_1_271' title='bbox 1533 2492 1833 2563; x_wconf 73' lang='lat' dir='ltr'><strong><em>episcopus,</em></strong></span> <span class='ocrx_word' id='word_1_272' title='bbox 1884 2494 2009 2547; x_wconf 69' lang='lat' dir='ltr'><strong><em>cxi-</em></strong></span> <span class='ocrx_word' id='word_1_273' title='bbox 2119 2480 2257 2537; x_wconf 87' lang='lat' dir='ltr'><strong><em>vina</em></strong></span> <span class='ocrx_word' id='word_1_274' title='bbox 2286 2482 2478 2538; x_wconf 90' lang='lat' dir='ltr'><strong><em>omnis</em></strong></span> <span class='ocrx_word' id='word_1_275' title='bbox 2529 2483 2610 2537; x_wconf 90' lang='lat' dir='ltr'><strong><em>rei</em></strong></span> <span class='ocrx_word' id='word_1_276' title='bbox 2659 2483 2848 2538; x_wconf 88' lang='lat' dir='ltr'><strong><em>aufert</em></strong></span> <span class='ocrx_word' id='word_1_277' title='bbox 2888 2482 3516 2554; x_wconf 86' lang='lat' dir='ltr'><strong><em>superabundantiam,</em></strong></span> <span class='ocrx_word' id='word_1_278' title='bbox 3552 2486 3619 2535; x_wconf 89' lang='lat' dir='ltr'><strong><em>ut</em></strong></span> <span class='ocrx_word' id='word_1_279' title='bbox 3649 2481 3779 2552; x_wconf 88' lang='lat' dir='ltr'><strong><em>plus</em></strong></span> 
     </span>
    </p>
   </div>
   <div class='ocr_carea' id='block_1_27' title="bbox 603 2563 3778 2643">
    <p class='ocr_par' dir='ltr' id='par_1_27' title="bbox 603 2563 3778 2643">
     <span class='ocr_line' id='line_1_27' title="bbox 603 2563 3778 2643; baseline -0.002 -14"><span class='ocrx_word' id='word_1_280' title='bbox 603 2586 737 2640; x_wconf 76' lang='lat' dir='ltr'><strong><em>gens</em></strong></span> <span class='ocrx_word' id='word_1_281' title='bbox 766 2584 987 2635; x_wconf 71' lang='lat' dir='ltr'><strong><em>usuraS,</em></strong></span> <span class='ocrx_word' id='word_1_282' title='bbox 1017 2563 1128 2621; x_wconf 47' lang='lat' dir='ltr'><strong><em>nisi</em></strong></span> <span class='ocrx_word' id='word_1_283' title='bbox 1157 2565 1400 2630; x_wconf 65' lang='lat' dir='ltr'><strong><em>desierit,</em></strong></span> <span class='ocrx_word' id='word_1_284' title='bbox 1434 2563 1763 2634; x_wconf 74' lang='grc' dir='ltr'><strong><em>ἀεροηαειινο</em></strong></span> <span class='ocrx_word' id='word_1_285' title='bbox 2122 2587 2238 2627; x_wconf 89' lang='lat' dir='ltr'><strong><em>non</em></strong></span> <span class='ocrx_word' id='word_1_286' title='bbox 2272 2571 2519 2642; x_wconf 87' lang='lat' dir='ltr'><strong><em>recipias</em></strong></span> <span class='ocrx_word' id='word_1_287' title='bbox 2551 2587 2725 2643; x_wconf 90' lang='lat' dir='ltr'><strong><em>quam</em></strong></span> <span class='ocrx_word' id='word_1_288' title='bbox 2757 2570 2990 2627; x_wconf 89' lang='lat' dir='ltr'><strong><em>dedisti.</em></strong></span> <span class='ocrx_word' id='word_1_289' title='bbox 3026 2573 3192 2639; x_wconf 88' lang='lat' dir='ltr'><strong><em>Item,</em></strong></span> <span class='ocrx_word' id='word_1_290' title='bbox 3224 2568 3322 2625; x_wconf 87' lang='lat' dir='ltr'><strong><em>alii</em></strong></span> <span class='ocrx_word' id='word_1_291' title='bbox 3372 2587 3479 2641; x_wconf 90' lang='lat' dir='ltr'><strong><em>pro</em></strong></span> <span class='ocrx_word' id='word_1_292' title='bbox 3532 2572 3778 2641; x_wconf 78' lang='lat' dir='ltr'><strong><em>pecunia</em></strong></span> 
     </span>
    </p>
   </div>
   <div class='ocr_carea' id='block_1_28' title="bbox 949 2656 3772 2731">
    <p class='ocr_par' dir='ltr' id='par_1_28' title="bbox 949 2656 3772 2731">
     <span class='ocr_line' id='line_1_28' title="bbox 949 2656 3772 2731; baseline 0 -18"><span class='ocrx_word' id='word_1_293' title='bbox 949 2656 1213 2711; x_wconf 72' lang='lat' dir='ltr'><strong><em>Capones</em></strong></span> <span class='ocrx_word' id='word_1_294' title='bbox 1241 2657 1428 2725; x_wconf 77' lang='lat' dir='ltr'><strong><em>apost-</em></strong></span> <span class='ocrx_word' id='word_1_295' title='bbox 2125 2661 2403 2715; x_wconf 75' lang='lat' dir='ltr'><strong><em>foenerata</em></strong></span> <span class='ocrx_word' id='word_1_296' title='bbox 2432 2659 2622 2715; x_wconf 86' lang='lat' dir='ltr'><strong><em>solent</em></strong></span> <span class='ocrx_word' id='word_1_297' title='bbox 2651 2659 3005 2715; x_wconf 86' lang='lat' dir='ltr'><strong><em>munuscula</em></strong></span> <span class='ocrx_word' id='word_1_298' title='bbox 3054 2659 3316 2729; x_wconf 87' lang='lat' dir='ltr'><strong><em>accipere</em></strong></span> <span class='ocrx_word' id='word_1_299' title='bbox 3347 2658 3564 2715; x_wconf 83' lang='lat' dir='ltr'><strong><em>diversi</em></strong></span> <span class='ocrx_word' id='word_1_300' title='bbox 3597 2675 3772 2731; x_wconf 87' lang='lat' dir='ltr'><strong><em>gene-</em></strong></span> 
     </span>
    </p>
   </div>
   <div class='ocr_carea' id='block_1_29' title="bbox 448 2740 3771 2821">
    <p class='ocr_par' dir='ltr' id='par_1_29' title="bbox 448 2740 3771 2821">
     <span class='ocr_line' id='line_1_29' title="bbox 448 2740 3771 2821; baseline 0.001 -22"><span class='ocrx_word' id='word_1_301' title='bbox 448 2749 616 2820; x_wconf 82' lang='lat' dir='ltr'><strong><em>(Dist.</em></strong></span> <span class='ocrx_word' id='word_1_302' title='bbox 641 2749 730 2818; x_wconf 77' lang='lat'><strong><em>47,</em></strong></span> <span class='ocrx_word' id='word_1_303' title='bbox 763 2764 813 2802; x_wconf 92' lang='lat' dir='ltr'><strong><em>c.</em></strong></span> <span class='ocrx_word' id='word_1_304' title='bbox 847 2744 1184 2817; x_wconf 83' lang='lat' dir='ltr'><strong><em>Episcopus.)</em></strong></span> <span class='ocrx_word' id='word_1_305' title='bbox 1215 2742 1532 2814; x_wconf 86' lang='lat' dir='ltr'><strong><em>Episcopus</em></strong></span> <span class='ocrx_word' id='word_1_306' title='bbox 1561 2745 1666 2795; x_wconf 89' lang='lat' dir='ltr'><strong><em>aut</em></strong></span> <span class='ocrx_word' id='word_1_307' title='bbox 1691 2740 2011 2812; x_wconf 82' lang='lat' dir='ltr'><strong><em>presbyter,</em></strong></span> <span class='ocrx_word' id='word_1_308' title='bbox 2123 2749 2225 2815; x_wconf 88' lang='lat' dir='ltr'><strong><em>ris,</em></strong></span> <span class='ocrx_word' id='word_1_309' title='bbox 2259 2754 2318 2804; x_wconf 88' lang='lat' dir='ltr'><strong><em>et</em></strong></span> <span class='ocrx_word' id='word_1_310' title='bbox 2346 2765 2459 2804; x_wconf 90' lang='lat' dir='ltr'><strong><em>non</em></strong></span> <span class='ocrx_word' id='word_1_311' title='bbox 2492 2747 2831 2821; x_wconf 84' lang='lat' dir='ltr'><strong><em>intelligunt</em></strong></span> <span class='ocrx_word' id='word_1_312' title='bbox 2872 2765 3111 2803; x_wconf 88' lang='lat' dir='ltr'><strong><em>usuram</em></strong></span> <span class='ocrx_word' id='word_1_313' title='bbox 3157 2746 3441 2819; x_wconf 89' lang='lat' dir='ltr'><strong><em>appellari</em></strong></span> <span class='ocrx_word' id='word_1_314' title='bbox 3473 2752 3534 2803; x_wconf 91' lang='lat' dir='ltr'><strong><em>et</em></strong></span> <span class='ocrx_word' id='word_1_315' title='bbox 3562 2765 3771 2819; x_wconf 78' lang='lat' dir='ltr'><strong><em>super-</em></strong></span> 
     </span>
    </p>
   </div>
   <div class='ocr_carea' id='block_1_30' title="bbox 376 2828 3770 2909">
    <p class='ocr_par' dir='ltr' id='par_1_30' title="bbox 376 2828 3770 2909">
     <span class='ocr_line' id='line_1_30' title="bbox 376 2828 3770 2909; baseline -0.005 -16"><span class='ocrx_word' id='word_1_316' title='bbox 376 2842 478 2893; x_wconf 89' lang='lat' dir='ltr'><strong><em>aut</em></strong></span> <span class='ocrx_word' id='word_1_317' title='bbox 533 2836 815 2891; x_wconf 88' lang='lat' dir='ltr'><strong><em>diaconus</em></strong></span> <span class='ocrx_word' id='word_1_318' title='bbox 860 2850 1073 2889; x_wconf 89' lang='lat' dir='ltr'><strong><em>usuras</em></strong></span> <span class='ocrx_word' id='word_1_319' title='bbox 1122 2848 1156 2885; x_wconf 90' lang='lat' dir='ltr'><strong><em>a</em></strong></span> <span class='ocrx_word' id='word_1_320' title='bbox 1203 2828 1566 2886; x_wconf 87' lang='lat' dir='ltr'><strong><em>debitoribus</em></strong></span> <span class='ocrx_word' id='word_1_321' title='bbox 1617 2829 1873 2900; x_wconf 82' lang='lat' dir='ltr'><strong><em>exigens,</em></strong></span> <span class='ocrx_word' id='word_1_322' title='bbox 1914 2832 2016 2883; x_wconf 86' lang='lat' dir='ltr'><strong><em>aut</em></strong></span> <span class='ocrx_word' id='word_1_323' title='bbox 2122 2836 2547 2891; x_wconf 70' lang='lat' dir='ltr'><strong><em>abundantiam</em></strong></span> <span class='ocrx_word' id='word_1_324' title='bbox 2575 2836 2861 2909; x_wconf 73' lang='lat' dir='ltr'><strong><em>quidquid</em></strong></span> <span class='ocrx_word' id='word_1_325' title='bbox 2895 2835 3037 2891; x_wconf 68' lang='lat' dir='ltr'><strong><em>illud</em></strong></span> <span class='ocrx_word' id='word_1_326' title='bbox 3071 2840 3181 2906; x_wconf 59' lang='lat' dir='ltr'><strong><em>est,</em></strong></span> <span class='ocrx_word' id='word_1_327' title='bbox 3216 2835 3263 2891; x_wconf 72' lang='lat' dir='ltr'><strong><em>si</em></strong></span> <span class='ocrx_word' id='word_1_328' title='bbox 3297 2836 3367 2890; x_wconf 70' lang='lat' dir='ltr'><strong><em>ab</em></strong></span> <span class='ocrx_word' id='word_1_329' title='bbox 3401 2851 3468 2891; x_wconf 69' lang='lat' dir='ltr'><strong><em>eo</em></strong></span> <span class='ocrx_word' id='word_1_330' title='bbox 3496 2837 3653 2907; x_wconf 74' lang='lat' dir='ltr'><strong><em>quod</em></strong></span> <span class='ocrx_word' id='word_1_331' title='bbox 3681 2838 3770 2891; x_wconf 69' lang='lat' dir='ltr'><strong><em>de.</em></strong></span> 
     </span>
    </p>
   </div>
   <div class='ocr_carea' id='block_1_31' title="bbox 372 2916 2877 2997">
    <p class='ocr_par' dir='ltr' id='par_1_31' title="bbox 372 2916 2877 2997">
     <span class='ocr_line' id='line_1_31' title="bbox 372 2916 2877 2997; baseline -0.004 -15"><span class='ocrx_word' id='word_1_332' title='bbox 372 2928 526 2982; x_wconf 85' lang='lat' dir='ltr'><strong><em>certe</em></strong></span> <span class='ocrx_word' id='word_1_333' title='bbox 564 2926 896 2989; x_wconf 87' lang='lat' dir='ltr'><strong><em>damnetur,</em></strong></span> <span class='ocrx_word' id='word_1_334' title='bbox 930 2924 1032 2976; x_wconf 91' lang='lat' dir='ltr'><strong><em>aut</em></strong></span> <span class='ocrx_word' id='word_1_335' title='bbox 1076 2918 1307 2974; x_wconf 87' lang='lat' dir='ltr'><strong><em>desinat</em></strong></span> <span class='ocrx_word' id='word_1_336' title='bbox 1353 2921 1410 2973; x_wconf 90' lang='lat' dir='ltr'><strong><em>et</em></strong></span> <span class='ocrx_word' id='word_1_337' title='bbox 1456 2916 1869 2973; x_wconf 90' lang='lat' dir='ltr'><strong><em>communione</em></strong></span> <span class='ocrx_word' id='word_1_338' title='bbox 1895 2917 2012 2988; x_wconf 86' lang='lat' dir='ltr'><strong><em>pri-</em></strong></span> <span class='ocrx_word' id='word_1_339' title='bbox 2122 2926 2336 2980; x_wconf 72' lang='lat' dir='ltr'><strong><em>derunt</em></strong></span> <span class='ocrx_word' id='word_1_340' title='bbox 2366 2927 2500 2997; x_wconf 72' lang='lat' dir='ltr'><strong><em>plus</em></strong></span> <span class='ocrx_word' id='word_1_341' title='bbox 2531 2925 2877 2997; x_wconf 66' lang='lat' dir='ltr'><strong><em>acceperint,</em></strong></span> 
     </span>
    </p>
   </div>
   <div class='ocr_carea' id='block_1_32' title="bbox 368 3014 3765 3086">
    <p class='ocr_par' dir='ltr' id='par_1_32' title="bbox 368 3014 3765 3086">
     <span class='ocr_line' id='line_1_32' title="bbox 368 3014 3765 3086; baseline 0.001 -19"><span class='ocrx_word' id='word_1_342' title='bbox 368 3018 554 3068; x_wconf 88' lang='lat' dir='ltr'><strong><em>vetur.</em></strong></span> <span class='ocrx_word' id='word_1_343' title='bbox 2121 3016 2245 3069; x_wconf 58' lang='lat' dir='ltr'><strong><em>Car.</em></strong></span> <span class='ocrx_word' id='word_1_344' title='bbox 2278 3014 2466 3070; x_wconf 82' lang='lat' dir='ltr'><strong>CLXI.</strong></span> <span class='ocrx_word' id='word_1_345' title='bbox 2501 3015 2725 3084; x_wconf 79' lang='lat' dir='ltr'><strong><em>Quando</em></strong></span> <span class='ocrx_word' id='word_1_346' title='bbox 2757 3015 2997 3086; x_wconf 84' lang='lat' dir='ltr'><strong><em>amplius</em></strong></span> <span class='ocrx_word' id='word_1_347' title='bbox 3043 3032 3207 3085; x_wconf 88' lang='lat' dir='ltr'><strong><em>quam</em></strong></span> <span class='ocrx_word' id='word_1_348' title='bbox 3242 3015 3470 3071; x_wconf 83' lang='lat' dir='ltr'><strong><em>debetur</em></strong></span> <span class='ocrx_word' id='word_1_349' title='bbox 3500 3016 3765 3085; x_wconf 66' lang='lat' dir='ltr'><strong><em>exigitur,</em></strong></span> 
     </span>
    </p>
   </div>
   <div class='ocr_carea' id='block_1_33' title="bbox 366 3089 3187 3165">
    <p class='ocr_par' dir='ltr' id='par_1_33' title="bbox 366 3089 3187 3165">
     <span class='ocr_line' id='line_1_33' title="bbox 366 3089 3187 3165; baseline -0.006 -9"><span class='ocrx_word' id='word_1_350' title='bbox 366 3103 491 3156; x_wconf 73' lang='lat' dir='ltr'><strong><em>CAP.</em></strong></span> <span class='ocrx_word' id='word_1_351' title='bbox 547 3100 787 3155; x_wconf 86' lang='lat' dir='ltr'><strong>CLVIII.</strong></span> <span class='ocrx_word' id='word_1_352' title='bbox 848 3098 1087 3153; x_wconf 76' lang='lat' dir='ltr'><strong><em>Clericus</em></strong></span> <span class='ocrx_word' id='word_1_353' title='bbox 1138 3110 1246 3150; x_wconf 88' lang='lat' dir='ltr'><strong><em>non</em></strong></span> <span class='ocrx_word' id='word_1_354' title='bbox 1293 3094 1533 3163; x_wconf 87' lang='lat' dir='ltr'><strong><em>accipiat</em></strong></span> <span class='ocrx_word' id='word_1_355' title='bbox 1581 3094 1876 3165; x_wconf 80' lang='lat' dir='ltr'><strong><em>plusquam</em></strong></span> <span class='ocrx_word' id='word_1_356' title='bbox 1919 3110 2009 3149; x_wconf 87' lang='lat' dir='ltr'><strong><em>ac-</em></strong></span> <span class='ocrx_word' id='word_1_357' title='bbox 2696 3103 2865 3142; x_wconf 89' lang='lat' dir='ltr'><strong><em>usura</em></strong></span> <span class='ocrx_word' id='word_1_358' title='bbox 2894 3089 3187 3158; x_wconf 86' lang='lat' dir='ltr'><strong><em>accipitur.</em></strong></span> 
     </span>
    </p>
   </div>
   <div class='ocr_carea' id='block_1_34' title="bbox 995 3166 3229 3247">
    <p class='ocr_par' dir='ltr' id='par_1_34' title="bbox 995 3166 3229 3247">
     <span class='ocr_line' id='line_1_34' title="bbox 995 3166 3229 3247; baseline 0.001 -22"><span class='ocrx_word' id='word_1_359' title='bbox 995 3166 1376 3223; x_wconf 79' lang='lat' dir='ltr'><strong><em>commodavit.</em></strong></span> <span class='ocrx_word' id='word_1_360' title='bbox 2651 3178 2821 3232; x_wconf 83' lang='lat' dir='ltr'><strong><em>Cone.</em></strong></span> <span class='ocrx_word' id='word_1_361' title='bbox 2855 3175 3066 3247; x_wconf 84' lang='lat' dir='ltr'><strong><em>Agath.</em></strong></span> <span class='ocrx_word' id='word_1_362' title='bbox 3093 3192 3143 3230; x_wconf 89' lang='lat' dir='ltr'><strong><em>c.</em></strong></span> <span class='ocrx_word' id='word_1_363' title='bbox 3181 3177 3229 3229; x_wconf 87' lang='grc'>1.</span> 
     </span>
    </p>
   </div>
   <div class='ocr_carea' id='block_1_35' title="bbox 979 3252 2534 3336">
    <p class='ocr_par' dir='ltr' id='par_1_35' title="bbox 979 3252 2534 3336">
     <span class='ocr_line' id='line_1_35' title="bbox 979 3252 2534 3336; baseline 0.005 -25"><span class='ocrx_word' id='word_1_364' title='bbox 979 3256 1153 3311; x_wconf 90' lang='lat' dir='ltr'><strong><em>Couc.</em></strong></span> <span class='ocrx_word' id='word_1_365' title='bbox 1185 3252 1391 3324; x_wconf 82' lang='lat' dir='ltr'><strong><em>Agath.</em></strong></span> <span class='ocrx_word' id='word_1_366' title='bbox 2045 3321 2082 3336; x_wconf 49' lang='grc' dir='ltr'><strong>Α</strong></span> <span class='ocrx_word' id='word_1_367' title='bbox 2191 3263 2303 3333; x_wconf 84' lang='lat' dir='ltr'><strong><em>(l4,</em></strong></span> <span class='ocrx_word' id='word_1_368' title='bbox 2335 3280 2386 3333; x_wconf 91' lang='lat' dir='ltr'><strong><em>q.</em></strong></span> <span class='ocrx_word' id='word_1_369' title='bbox 2423 3264 2476 3329; x_wconf 86' lang='grc'><strong><em>1,</em></strong></span> <span class='ocrx_word' id='word_1_370' title='bbox 2508 3280 2534 3319; x_wconf 93' lang='lat' dir='ltr'><strong><em>c</em></strong></span> 
     </span>
    </p>
   </div>
   <div class='ocr_carea' id='block_1_36' title="bbox 2209 3252 3764 3336">
    <p class='ocr_par' dir='ltr' id='par_1_36' title="bbox 2215 3263 3764 3336">
     <span class='ocr_line' id='line_1_36' title="bbox 2215 3263 3764 3336; baseline 0.003 -19"><span class='ocrx_word' id='word_1_371' title='bbox 2215 3263 2303 3332; x_wconf 87' lang='lat' dir='ltr'><strong><em>l4,</em></strong></span> <span class='ocrx_word' id='word_1_372' title='bbox 2335 3280 2386 3333; x_wconf 91' lang='lat' dir='ltr'><strong><em>q.</em></strong></span> <span class='ocrx_word' id='word_1_373' title='bbox 2423 3264 2476 3329; x_wconf 87' lang='grc'><strong><em>1,</em></strong></span> <span class='ocrx_word' id='word_1_374' title='bbox 2508 3280 2557 3319; x_wconf 91' lang='lat' dir='ltr'><strong><em>c.</em></strong></span> <span class='ocrx_word' id='word_1_375' title='bbox 2594 3266 2814 3332; x_wconf 82' lang='lat' dir='ltr'><strong><em>Usura.)</em></strong></span> <span class='ocrx_word' id='word_1_376' title='bbox 2844 3268 3034 3321; x_wconf 90' lang='lat' dir='ltr'><strong><em>Usura</em></strong></span> <span class='ocrx_word' id='word_1_377' title='bbox 3080 3268 3171 3319; x_wconf 91' lang='lat' dir='ltr'><strong><em>est</em></strong></span> <span class='ocrx_word' id='word_1_378' title='bbox 3219 3263 3315 3319; x_wconf 90' lang='lat' dir='ltr'><strong><em>ubi</em></strong></span> <span class='ocrx_word' id='word_1_379' title='bbox 3365 3264 3630 3336; x_wconf 89' lang='lat' dir='ltr'><strong><em>amplius</em></strong></span> <span class='ocrx_word' id='word_1_380' title='bbox 3682 3282 3764 3321; x_wconf 88' lang='lat' dir='ltr'><strong><em>re-</em></strong></span> 
     </span>
    </p>
   </div>
   <div class='ocr_carea' id='block_1_37' title="bbox 436 3321 1991 3423">
    <p class='ocr_par' dir='ltr' id='par_1_37' title="bbox 436 3321 1991 3418">
     <span class='ocr_line' id='line_1_37' title="bbox 436 3321 1991 3418; baseline -0.005 -15"><span class='ocrx_word' id='word_1_381' title='bbox 436 3349 605 3418; x_wconf 88' lang='lat' dir='ltr'><strong><em>(Dist.</em></strong></span> <span class='ocrx_word' id='word_1_382' title='bbox 640 3348 727 3413; x_wconf 79' lang='lat' dir='ltr'><strong><em>l4,</em></strong></span> <span class='ocrx_word' id='word_1_383' title='bbox 752 3363 807 3418; x_wconf 92' lang='lat' dir='ltr'><strong><em>q.</em></strong></span> <span class='ocrx_word' id='word_1_384' title='bbox 840 3347 892 3414; x_wconf 94' lang='lat'><strong><em>4,</em></strong></span> <span class='ocrx_word' id='word_1_385' title='bbox 922 3362 971 3400; x_wconf 92' lang='lat' dir='ltr'><strong><em>c.</em></strong></span> <span class='ocrx_word' id='word_1_386' title='bbox 1007 3344 1204 3399; x_wconf 86' lang='lat' dir='ltr'><strong><em>Nullus</em></strong></span> <span class='ocrx_word' id='word_1_387' title='bbox 1236 3321 1639 3412; x_wconf 45' lang='lat' dir='ltr'><strong><em>‘t&#39;lericorum.)</em></strong></span> <span class='ocrx_word' id='word_1_388' title='bbox 1688 3341 1757 3396; x_wconf 86' lang='lat' dir='ltr'><strong><em>Ut</em></strong></span> <span class='ocrx_word' id='word_1_389' title='bbox 1810 3340 1991 3396; x_wconf 75' lang='lat' dir='ltr'><strong><em>nullo:</em></strong></span> 
     </span>
    </p>
   </div>
   <div class='ocr_carea' id='block_1_38' title="bbox 2209 3321 3764 3423">
    <p class='ocr_par' dir='ltr' id='par_1_38' title="bbox 2209 3321 3764 3423">
     <span class='ocr_line' id='line_1_38' title="bbox 2209 3321 3764 3423; baseline 0.002 -18"><span class='ocrx_word' id='word_1_390' title='bbox 2209 3321 2374 3406; x_wconf 70' lang='lat' dir='ltr'><strong><em>iritur</em></strong></span> <span class='ocrx_word' id='word_1_391' title='bbox 2401 3321 2575 3423; x_wconf 76' lang='lat' dir='ltr'><strong><em>quam</em></strong></span> <span class='ocrx_word' id='word_1_392' title='bbox 2611 3321 2809 3419; x_wconf 56' lang='lat' dir='ltr'><strong><em>datur;</em></strong></span> <span class='ocrx_word' id='word_1_393' title='bbox 2837 3353 2995 3409; x_wconf 89' lang='lat' dir='ltr'><strong><em>verbi</em></strong></span> <span class='ocrx_word' id='word_1_394' title='bbox 3027 3353 3251 3423; x_wconf 81' lang='lat' dir='ltr'><strong><em>gratia:</em></strong></span> <span class='ocrx_word' id='word_1_395' title='bbox 3286 3352 3344 3407; x_wconf 87' lang='lat' dir='ltr'><strong><em>Si</em></strong></span> <span class='ocrx_word' id='word_1_396' title='bbox 3369 3321 3605 3409; x_wconf 74' lang='lat' dir='ltr'><strong><em>dederis</em></strong></span> <span class='ocrx_word' id='word_1_397' title='bbox 3637 3354 3764 3410; x_wconf 83' lang='lat' dir='ltr'><strong><em>soli-</em></strong></span> 
     </span>
    </p>
   </div>
   <div class='ocr_carea' id='block_1_39' title="bbox 363 3430 3761 3513">
    <p class='ocr_par' dir='ltr' id='par_1_39' title="bbox 363 3430 3761 3513">
     <span class='ocr_line' id='line_1_39' title="bbox 363 3430 3761 3513; baseline 0.001 -22"><span class='ocrx_word' id='word_1_398' title='bbox 363 3435 709 3493; x_wconf 90' lang='lat' dir='ltr'><strong><em>clericorum</em></strong></span> <span class='ocrx_word' id='word_1_399' title='bbox 760 3433 1019 3506; x_wconf 82' lang='lat' dir='ltr'><strong><em>amplius</em></strong></span> <span class='ocrx_word' id='word_1_400' title='bbox 1048 3430 1292 3502; x_wconf 75' lang='lat' dir='ltr'><strong><em>recipiat</em></strong></span> <span class='ocrx_word' id='word_1_401' title='bbox 1320 3445 1498 3502; x_wconf 80' lang='lat' dir='ltr'><strong><em>quam</em></strong></span> <span class='ocrx_word' id='word_1_402' title='bbox 1530 3430 2005 3485; x_wconf 71' lang='lat' dir='ltr'><strong><em>8000mm0d8V6-</em></strong></span> <span class='ocrx_word' id='word_1_403' title='bbox 2115 3440 2219 3495; x_wconf 89' lang='lat' dir='ltr'><strong><em>dos</em></strong></span> <span class='ocrx_word' id='word_1_404' title='bbox 2251 3458 2307 3507; x_wconf 73' lang='grc' dir='ltr'>χ,</span> <span class='ocrx_word' id='word_1_405' title='bbox 2340 3445 2397 3496; x_wconf 88' lang='lat' dir='ltr'><strong><em>et</em></strong></span> <span class='ocrx_word' id='word_1_406' title='bbox 2424 3441 2681 3513; x_wconf 87' lang='lat' dir='ltr'><strong><em>amplius</em></strong></span> <span class='ocrx_word' id='word_1_407' title='bbox 2712 3440 3043 3513; x_wconf 69' lang='lat' dir='ltr'><strong><em>quaesieris;</em></strong></span> <span class='ocrx_word' id='word_1_408' title='bbox 3074 3442 3163 3497; x_wconf 88' lang='lat' dir='ltr'><strong><em>vel</em></strong></span> <span class='ocrx_word' id='word_1_409' title='bbox 3195 3440 3426 3498; x_wconf 86' lang='lat' dir='ltr'><strong><em>dederis</em></strong></span> <span class='ocrx_word' id='word_1_410' title='bbox 3485 3443 3761 3498; x_wconf 81' lang='lat' dir='ltr'><strong><em>frumenti</em></strong></span> 
     </span>
    </p>
   </div>
   <div class='ocr_carea' id='block_1_40' title="bbox 363 3517 3480 3601">
    <p class='ocr_par' dir='ltr' id='par_1_40' title="bbox 363 3517 3480 3601">
     <span class='ocr_line' id='line_1_40' title="bbox 363 3517 3480 3601; baseline -0.002 -20"><span class='ocrx_word' id='word_1_411' title='bbox 363 3527 474 3597; x_wconf 89' lang='lat' dir='ltr'><strong><em>rit;</em></strong></span> <span class='ocrx_word' id='word_1_412' title='bbox 506 3526 552 3582; x_wconf 83' lang='lat' dir='ltr'><strong><em>si</em></strong></span> <span class='ocrx_word' id='word_1_413' title='bbox 586 3524 919 3598; x_wconf 87' lang='lat' dir='ltr'><strong><em>pecuniam,</em></strong></span> <span class='ocrx_word' id='word_1_414' title='bbox 952 3520 1296 3593; x_wconf 86' lang='lat' dir='ltr'><strong><em>pecuniam;</em></strong></span> <span class='ocrx_word' id='word_1_415' title='bbox 1330 3519 1380 3573; x_wconf 86' lang='lat' dir='ltr'><strong><em>si</em></strong></span> <span class='ocrx_word' id='word_1_416' title='bbox 1409 3518 1687 3590; x_wconf 89' lang='lat' dir='ltr'><strong><em>speciem,</em></strong></span> <span class='ocrx_word' id='word_1_417' title='bbox 1720 3517 2006 3590; x_wconf 85' lang='lat' dir='ltr'><strong><em>speciem;</em></strong></span> <span class='ocrx_word' id='word_1_418' title='bbox 2117 3529 2382 3584; x_wconf 78' lang='lat' dir='ltr'><strong><em>modium</em></strong></span> <span class='ocrx_word' id='word_1_419' title='bbox 2413 3547 2620 3598; x_wconf 59' lang='lat' dir='ltr'><strong><em>unum,</em></strong></span> <span class='ocrx_word' id='word_1_420' title='bbox 2652 3533 2708 3585; x_wconf 74' lang='lat' dir='ltr'><strong><em>et</em></strong></span> <span class='ocrx_word' id='word_1_421' title='bbox 2737 3546 2915 3601; x_wconf 69' lang='lat' dir='ltr'><strong><em>super</em></strong></span> <span class='ocrx_word' id='word_1_422' title='bbox 2943 3529 3165 3601; x_wconf 73' lang='lat' dir='ltr'><strong><em>aliquid</em></strong></span> <span class='ocrx_word' id='word_1_423' title='bbox 3198 3530 3480 3601; x_wconf 64' lang='lat' dir='ltr'><strong><em>exegeris,</em></strong></span> 
     </span>
    </p>
   </div>
   <div class='ocr_carea' id='block_1_41' title="bbox 363 3606 3760 3707">
    <p class='ocr_par' dir='ltr' id='par_1_41' title="bbox 363 3606 3760 3707">
     <span class='ocr_line' id='line_1_41' title="bbox 363 3606 3760 3707; baseline 0 -18"><span class='ocrx_word' id='word_1_424' title='bbox 363 3616 631 3707; x_wconf 53' lang='lat' dir='ltr'><strong><em>eamdem</em></strong></span> <span class='ocrx_word' id='word_1_425' title='bbox 656 3616 935 3707; x_wconf 44' lang='lat' dir='ltr'><strong><em>qualium</em></strong></span> <span class='ocrx_word' id='word_1_426' title='bbox 959 3608 1185 3707; x_wconf 46' lang='lat' dir='ltr'><strong><em>defleti}</em></strong></span> <span class='ocrx_word' id='word_1_427' title='bbox 1206 3606 1830 3679; x_wconf 55' lang='lat' dir='ltr'><strong><em>“ceipiat’etqumqum</em></strong></span> <span class='ocrx_word' id='word_1_428' title='bbox 1847 3606 2004 3662; x_wconf 55' lang='lat' dir='ltr'><strong><em>“ind</em></strong></span> <span class='ocrx_word' id='word_1_429' title='bbox 2114 3632 2239 3689; x_wconf 71' lang='lat' dir='ltr'><strong><em>Cu.</em></strong></span> <span class='ocrx_word' id='word_1_430' title='bbox 2271 3635 2478 3691; x_wconf 84' lang='lat' dir='ltr'><strong>CLXII.</strong></span> <span class='ocrx_word' id='word_1_431' title='bbox 2514 3637 2689 3707; x_wconf 86' lang='lat' dir='ltr'><strong><em>Turpe</em></strong></span> <span class='ocrx_word' id='word_1_432' title='bbox 2719 3637 2935 3691; x_wconf 88' lang='lat' dir='ltr'><strong><em>lucrum</em></strong></span> <span class='ocrx_word' id='word_1_433' title='bbox 2961 3637 3211 3707; x_wconf 87' lang='lat' dir='ltr'><strong><em>sequitur</em></strong></span> <span class='ocrx_word' id='word_1_434' title='bbox 3251 3638 3350 3707; x_wconf 90' lang='lat' dir='ltr'><strong><em>qui</em></strong></span> <span class='ocrx_word' id='word_1_435' title='bbox 3393 3636 3584 3691; x_wconf 83' lang='lat' dir='ltr'><strong><em>minus</em></strong></span> <span class='ocrx_word' id='word_1_436' title='bbox 3631 3639 3760 3691; x_wconf 87' lang='lat' dir='ltr'><strong><em>emit</em></strong></span> 
     </span>
    </p>
   </div>
   <div class='ocr_carea' id='block_1_42' title="bbox 362 3698 3159 3779">
    <p class='ocr_par' dir='ltr' id='par_1_42' title="bbox 362 3698 3159 3779">
     <span class='ocr_line' id='line_1_42' title="bbox 362 3698 3159 3779; baseline -0.001 -22"><span class='ocrx_word' id='word_1_437' title='bbox 362 3706 593 3757; x_wconf 87' lang='lat' dir='ltr'><strong><em>tantum</em></strong></span> <span class='ocrx_word' id='word_1_438' title='bbox 627 3704 910 3773; x_wconf 88' lang='lat' dir='ltr'><strong><em>quantum</em></strong></span> <span class='ocrx_word' id='word_1_439' title='bbox 943 3698 1186 3753; x_wconf 88' lang='lat' dir='ltr'><strong><em>dederit.</em></strong></span> <span class='ocrx_word' id='word_1_440' title='bbox 2617 3698 2630 3707; x_wconf 87' lang='lat'><strong>&#39;</strong></span> <span class='ocrx_word' id='word_1_441' title='bbox 2703 3712 2765 3762; x_wconf 79' lang='lat' dir='ltr'><strong><em>ut</em></strong></span> <span class='ocrx_word' id='word_1_442' title='bbox 2790 3708 2916 3779; x_wconf 63' lang='lat' dir='ltr'><strong><em>plus</em></strong></span> <span class='ocrx_word' id='word_1_443' title='bbox 2942 3698 3159 3763; x_wconf 71' lang='grc' dir='ltr'><strong><em>υεήιιαι,</em></strong></span> 
     </span>
    </p>
   </div>
   <div class='ocr_carea' id='block_1_43' title="bbox 359 3794 3759 3874">
    <p class='ocr_par' dir='ltr' id='par_1_43' title="bbox 359 3794 3759 3874">
     <span class='ocr_line' id='line_1_43' title="bbox 359 3794 3759 3874; baseline -0.002 -11"><span class='ocrx_word' id='word_1_444' title='bbox 359 3812 486 3863; x_wconf 59' lang='lat' dir='ltr'><strong>Cap.</strong></span> <span class='ocrx_word' id='word_1_445' title='bbox 520 3808 698 3863; x_wconf 88' lang='lat' dir='ltr'><strong>CLIX.</strong></span> <span class='ocrx_word' id='word_1_446' title='bbox 729 3808 839 3861; x_wconf 89' lang='lat' dir='ltr'><strong><em>Pro</em></strong></span> <span class='ocrx_word' id='word_1_447' title='bbox 895 3806 1128 3874; x_wconf 81' lang='lat' dir='ltr'><strong><em>pecunia</em></strong></span> <span class='ocrx_word' id='word_1_448' title='bbox 1158 3820 1325 3874; x_wconf 87' lang='lat' dir='ltr'><strong><em>quam</em></strong></span> <span class='ocrx_word' id='word_1_449' title='bbox 1351 3803 1583 3874; x_wconf 86' lang='lat' dir='ltr'><strong><em>clericus</em></strong></span> <span class='ocrx_word' id='word_1_450' title='bbox 1610 3809 1798 3857; x_wconf 88' lang='lat' dir='ltr'><strong><em>mutuo</em></strong></span> <span class='ocrx_word' id='word_1_451' title='bbox 1827 3802 2001 3874; x_wconf 82' lang='lat' dir='ltr'><strong><em>dedit,</em></strong></span> <span class='ocrx_word' id='word_1_452' title='bbox 2182 3795 2291 3864; x_wconf 79' lang='lat' dir='ltr'><strong><em>(l4,</em></strong></span> <span class='ocrx_word' id='word_1_453' title='bbox 2342 3812 2399 3862; x_wconf 89' lang='lat' dir='ltr'><strong><em>q.</em></strong></span> <span class='ocrx_word' id='word_1_454' title='bbox 2451 3797 2504 3867; x_wconf 87' lang='lat'><strong><em>4,</em></strong></span> <span class='ocrx_word' id='word_1_455' title='bbox 2564 3812 2614 3851; x_wconf 91' lang='lat' dir='ltr'><strong><em>c.</em></strong></span> <span class='ocrx_word' id='word_1_456' title='bbox 2675 3796 3038 3867; x_wconf 83' lang='lat' dir='ltr'><strong><em>Quicunque.)</em></strong></span> <span class='ocrx_word' id='word_1_457' title='bbox 3092 3794 3436 3865; x_wconf 81' lang='lat' dir='ltr'><strong><em>Quicunque</em></strong></span> <span class='ocrx_word' id='word_1_458' title='bbox 3496 3799 3759 3866; x_wconf 71' lang='lat' dir='ltr'><strong><em>tempore</em></strong></span> 
     </span>
    </p>
   </div>
   <div class='ocr_carea' id='block_1_44' title="bbox 639 3873 3760 3955">
    <p class='ocr_par' dir='ltr' id='par_1_44' title="bbox 639 3873 3760 3955">
     <span class='ocr_line' id='line_1_44' title="bbox 639 3873 3760 3955; baseline 0.001 -21"><span class='ocrx_word' id='word_1_459' title='bbox 639 3880 779 3947; x_wconf 79' lang='lat' dir='ltr'><strong><em>iusto</em></strong></span> <span class='ocrx_word' id='word_1_460' title='bbox 805 3873 984 3949; x_wconf 87' lang='lat' dir='ltr'><strong><em>pretio</em></strong></span> <span class='ocrx_word' id='word_1_461' title='bbox 1012 3873 1221 3944; x_wconf 83' lang='lat' dir='ltr'><strong><em>species</em></strong></span> <span class='ocrx_word' id='word_1_462' title='bbox 1254 3873 1497 3944; x_wconf 71' lang='lat' dir='ltr'><strong><em>accipere</em></strong></span> <span class='ocrx_word' id='word_1_463' title='bbox 1521 3878 1712 3943; x_wconf 75' lang='grc' dir='ltr'><strong><em>Ροίεδιο</em></strong></span> <span class='ocrx_word' id='word_1_464' title='bbox 1982 3873 1986 3874; x_wconf 21' lang='grc' dir='ltr'>ί</span> <span class='ocrx_word' id='word_1_465' title='bbox 2108 3884 2322 3939; x_wconf 88' lang='lat' dir='ltr'><strong><em>messis</em></strong></span> <span class='ocrx_word' id='word_1_466' title='bbox 2350 3884 2437 3939; x_wconf 88' lang='lat' dir='ltr'><strong><em>vel</em></strong></span> <span class='ocrx_word' id='word_1_467' title='bbox 2468 3884 2791 3948; x_wconf 83' lang='lat' dir='ltr'><strong><em>vindemiae,</em></strong></span> <span class='ocrx_word' id='word_1_468' title='bbox 2824 3901 2939 3939; x_wconf 91' lang='lat' dir='ltr'><strong><em>non</em></strong></span> <span class='ocrx_word' id='word_1_469' title='bbox 2973 3885 3347 3952; x_wconf 87' lang='lat' dir='ltr'><strong><em>necessitate,</em></strong></span> <span class='ocrx_word' id='word_1_470' title='bbox 3377 3884 3479 3939; x_wconf 88' lang='lat' dir='ltr'><strong><em>sed</em></strong></span> <span class='ocrx_word' id='word_1_471' title='bbox 3524 3891 3760 3955; x_wconf 86' lang='lat' dir='ltr'><strong><em>propter</em></strong></span> 
     </span>
    </p>
   </div>
   <div class='ocr_carea' id='block_1_45' title="bbox 559 3963 3752 4044">
    <p class='ocr_par' dir='ltr' id='par_1_45' title="bbox 559 3963 3752 4044">
     <span class='ocr_line' id='line_1_45' title="bbox 559 3963 3752 4044; baseline 0 -18"><span class='ocrx_word' id='word_1_472' title='bbox 559 3967 846 4022; x_wconf 81' lang='lat' dir='ltr'><strong><em>Martinus</em></strong></span> <span class='ocrx_word' id='word_1_473' title='bbox 875 3982 1046 4037; x_wconf 77' lang='lat' dir='ltr'><strong><em>papa,</em></strong></span> <span class='ocrx_word' id='word_1_474' title='bbox 1080 3979 1149 4018; x_wconf 77' lang='lat' dir='ltr'><strong><em>ex</em></strong></span> <span class='ocrx_word' id='word_1_475' title='bbox 1174 3979 1335 4018; x_wconf 73' lang='lat'><strong><em>00110-</em></strong></span> <span class='ocrx_word' id='word_1_476' title='bbox 1367 3964 1626 4017; x_wconf 71' lang='lat' dir='ltr'><strong><em>Tal‘r‘asc-</em></strong></span> <span class='ocrx_word' id='word_1_477' title='bbox 1653 3978 1703 4016; x_wconf 72' lang='grc' dir='ltr'><strong><em>οι</em></strong></span> <span class='ocrx_word' id='word_1_478' title='bbox 1734 3963 1789 4015; x_wconf 76' lang='grc'><strong><em>2·</em></strong></span> <span class='ocrx_word' id='word_1_479' title='bbox 2106 3971 2485 4042; x_wconf 89' lang='lat' dir='ltr'><strong><em>cupiditatem</em></strong></span> <span class='ocrx_word' id='word_1_480' title='bbox 2532 3978 2832 4044; x_wconf 85' lang='lat' dir='ltr'><strong><em>comparat</em></strong></span> <span class='ocrx_word' id='word_1_481' title='bbox 2878 3989 3172 4027; x_wconf 89' lang='lat' dir='ltr'><strong><em>annonam</em></strong></span> <span class='ocrx_word' id='word_1_482' title='bbox 3205 3971 3294 4029; x_wconf 89' lang='lat' dir='ltr'><strong><em>vel</em></strong></span> <span class='ocrx_word' id='word_1_483' title='bbox 3334 3973 3561 4041; x_wconf 87' lang='lat' dir='ltr'><strong><em>vinum,</em></strong></span> <span class='ocrx_word' id='word_1_484' title='bbox 3595 3973 3752 4027; x_wconf 85' lang='lat' dir='ltr'><strong><em>verbi</em></strong></span> 
     </span>
    </p>
   </div>
   <div class='ocr_carea' id='block_1_46' title="bbox 421 4058 3753 4136">
    <p class='ocr_par' dir='ltr' id='par_1_46' title="bbox 421 4058 3753 4136">
     <span class='ocr_line' id='line_1_46' title="bbox 421 4058 3753 4136; baseline -0.002 -15"><span class='ocrx_word' id='word_1_485' title='bbox 421 4066 533 4136; x_wconf 82' lang='grc'>(14,</span> <span class='ocrx_word' id='word_1_486' title='bbox 566 4082 622 4136; x_wconf 90' lang='lat' dir='ltr'><strong><em>q.</em></strong></span> <span class='ocrx_word' id='word_1_487' title='bbox 658 4066 710 4133; x_wconf 81' lang='lat'><strong><em>4,</em></strong></span> <span class='ocrx_word' id='word_1_488' title='bbox 743 4082 793 4120; x_wconf 92' lang='lat' dir='ltr'><strong><em>c.</em></strong></span> <span class='ocrx_word' id='word_1_489' title='bbox 826 4063 888 4119; x_wconf 88' lang='lat' dir='ltr'><strong><em>Si</em></strong></span> <span class='ocrx_word' id='word_1_490' title='bbox 928 4064 1051 4134; x_wconf 88' lang='lat' dir='ltr'><strong><em>quis</em></strong></span> <span class='ocrx_word' id='word_1_491' title='bbox 1096 4060 1370 4130; x_wconf 82' lang='lat' dir='ltr'><strong><em>clericus.)</em></strong></span> <span class='ocrx_word' id='word_1_492' title='bbox 1401 4059 1458 4114; x_wconf 90' lang='lat' dir='ltr'><strong><em>Si</em></strong></span> <span class='ocrx_word' id='word_1_493' title='bbox 1490 4058 1623 4130; x_wconf 83' lang='lat' dir='ltr'><strong><em>quis</em></strong></span> <span class='ocrx_word' id='word_1_494' title='bbox 1654 4058 1903 4115; x_wconf 88' lang='lat' dir='ltr'><strong><em>clericus</em></strong></span> <span class='ocrx_word' id='word_1_495' title='bbox 1938 4061 1992 4115; x_wconf 90' lang='lat' dir='ltr'><strong><em>in</em></strong></span> <span class='ocrx_word' id='word_1_496' title='bbox 2102 4061 2307 4130; x_wconf 83' lang='lat' dir='ltr'><strong><em>gratia,</em></strong></span> <span class='ocrx_word' id='word_1_497' title='bbox 2332 4061 2403 4116; x_wconf 91' lang='lat' dir='ltr'><strong><em>de</em></strong></span> <span class='ocrx_word' id='word_1_498' title='bbox 2434 4062 2666 4117; x_wconf 87' lang='lat' dir='ltr'><strong><em>duobus</em></strong></span> <span class='ocrx_word' id='word_1_499' title='bbox 2696 4062 2954 4117; x_wconf 90' lang='lat' dir='ltr'><strong><em>denariis</em></strong></span> <span class='ocrx_word' id='word_1_500' title='bbox 2986 4066 3287 4133; x_wconf 87' lang='lat' dir='ltr'><strong><em>comparat</em></strong></span> <span class='ocrx_word' id='word_1_501' title='bbox 3316 4062 3581 4117; x_wconf 85' lang='lat' dir='ltr'><strong><em>modium</em></strong></span> <span class='ocrx_word' id='word_1_502' title='bbox 3612 4062 3753 4126; x_wconf 84' lang='lat' dir='ltr'><strong><em>vini,</em></strong></span> 
     </span>
    </p>
   </div>
   <div class='ocr_carea' id='block_1_47' title="bbox 344 4144 3751 4225">
    <p class='ocr_par' dir='ltr' id='par_1_47' title="bbox 344 4144 3751 4225">
     <span class='ocr_line' id='line_1_47' title="bbox 344 4144 3751 4225; baseline -0.001 -16"><span class='ocrx_word' id='word_1_503' title='bbox 344 4156 695 4211; x_wconf 87' lang='lat' dir='ltr'><strong><em>necessitate</em></strong></span> <span class='ocrx_word' id='word_1_504' title='bbox 728 4151 1063 4225; x_wconf 83' lang='lat' dir='ltr'><strong><em>praestiterit</em></strong></span> <span class='ocrx_word' id='word_1_505' title='bbox 1095 4148 1377 4214; x_wconf 88' lang='lat' dir='ltr'><strong><em>solidum,</em></strong></span> <span class='ocrx_word' id='word_1_506' title='bbox 1408 4148 1515 4202; x_wconf 87' lang='lat' dir='ltr'><strong><em>hoc</em></strong></span> <span class='ocrx_word' id='word_1_507' title='bbox 1546 4144 1634 4201; x_wconf 91' lang='lat' dir='ltr'><strong><em>vel</em></strong></span> <span class='ocrx_word' id='word_1_508' title='bbox 1656 4147 1727 4200; x_wconf 90' lang='lat' dir='ltr'><strong><em>de</em></strong></span> <span class='ocrx_word' id='word_1_509' title='bbox 1747 4147 1880 4201; x_wconf 88' lang='lat' dir='ltr'><strong><em>vino</em></strong></span> <span class='ocrx_word' id='word_1_510' title='bbox 1903 4148 1989 4202; x_wconf 86' lang='lat' dir='ltr'><strong><em>vel</em></strong></span> <span class='ocrx_word' id='word_1_511' title='bbox 2101 4153 2159 4203; x_wconf 89' lang='lat' dir='ltr'><strong><em>et</em></strong></span> <span class='ocrx_word' id='word_1_512' title='bbox 2200 4153 2389 4204; x_wconf 86' lang='lat' dir='ltr'><strong><em>servat</em></strong></span> <span class='ocrx_word' id='word_1_513' title='bbox 2438 4166 2624 4221; x_wconf 86' lang='lat' dir='ltr'><strong><em>usque</em></strong></span> <span class='ocrx_word' id='word_1_514' title='bbox 2675 4151 2814 4206; x_wconf 91' lang='lat' dir='ltr'><strong><em>dum</em></strong></span> <span class='ocrx_word' id='word_1_515' title='bbox 2856 4151 3225 4206; x_wconf 90' lang='lat' dir='ltr'><strong><em>venuudetur</em></strong></span> <span class='ocrx_word' id='word_1_516' title='bbox 3254 4149 3466 4206; x_wconf 89' lang='lat' dir='ltr'><strong><em>deinde</em></strong></span> <span class='ocrx_word' id='word_1_517' title='bbox 3496 4156 3751 4221; x_wconf 82' lang='lat' dir='ltr'><strong><em>quatuor</em></strong></span> 
     </span>
    </p>
   </div>
   <div class='ocr_carea' id='block_1_48' title="bbox 342 4235 3747 4312">
    <p class='ocr_par' dir='ltr' id='par_1_48' title="bbox 342 4235 3747 4312">
     <span class='ocr_line' id='line_1_48' title="bbox 342 4235 3747 4312; baseline -0.001 -14"><span class='ocrx_word' id='word_1_518' title='bbox 342 4243 638 4297; x_wconf 83' lang='lat' dir='ltr'><strong><em>frumento</em></strong></span> <span class='ocrx_word' id='word_1_519' title='bbox 683 4240 954 4312; x_wconf 88' lang='lat' dir='ltr'><strong><em>accipiat,</em></strong></span> <span class='ocrx_word' id='word_1_520' title='bbox 985 4239 1135 4309; x_wconf 92' lang='lat' dir='ltr'><strong><em>quod</em></strong></span> <span class='ocrx_word' id='word_1_521' title='bbox 1188 4235 1486 4292; x_wconf 89' lang='lat' dir='ltr'><strong><em>mercandi</em></strong></span> <span class='ocrx_word' id='word_1_522' title='bbox 1519 4251 1695 4289; x_wconf 89' lang='lat' dir='ltr'><strong><em>causa</em></strong></span> <span class='ocrx_word' id='word_1_523' title='bbox 1731 4239 1989 4306; x_wconf 90' lang='lat' dir='ltr'><strong><em>tempore</em></strong></span> <span class='ocrx_word' id='word_1_524' title='bbox 2099 4242 2201 4294; x_wconf 83' lang='lat' dir='ltr'><strong><em>aut</em></strong></span> <span class='ocrx_word' id='word_1_525' title='bbox 2249 4255 2368 4309; x_wconf 87' lang='lat' dir='ltr'><strong><em>sex,</em></strong></span> <span class='ocrx_word' id='word_1_526' title='bbox 2421 4244 2523 4294; x_wconf 90' lang='lat' dir='ltr'><strong><em>aut</em></strong></span> <span class='ocrx_word' id='word_1_527' title='bbox 2579 4239 2874 4311; x_wconf 90' lang='lat' dir='ltr'><strong><em>amplius;</em></strong></span> <span class='ocrx_word' id='word_1_528' title='bbox 2924 4239 3033 4295; x_wconf 90' lang='lat' dir='ltr'><strong><em>hoc</em></strong></span> <span class='ocrx_word' id='word_1_529' title='bbox 3086 4243 3254 4311; x_wconf 89' lang='lat' dir='ltr'><strong><em>turpe</em></strong></span> <span class='ocrx_word' id='word_1_530' title='bbox 3314 4238 3546 4295; x_wconf 90' lang='lat' dir='ltr'><strong><em>lucrum</em></strong></span> <span class='ocrx_word' id='word_1_531' title='bbox 3604 4239 3747 4294; x_wconf 88' lang='lat' dir='ltr'><strong><em>dici-</em></strong></span> 
     </span>
    </p>
   </div>
   <div class='ocr_carea' id='block_1_49' title="bbox 340 4324 2255 4397">
    <p class='ocr_par' dir='ltr' id='par_1_49' title="bbox 340 4324 2255 4397">
     <span class='ocr_line' id='line_1_49' title="bbox 340 4324 2255 4397; baseline -0.002 -12"><span class='ocrx_word' id='word_1_532' title='bbox 340 4334 560 4386; x_wconf 89' lang='lat' dir='ltr'><strong><em>statuto</em></strong></span> <span class='ocrx_word' id='word_1_533' title='bbox 582 4331 878 4386; x_wconf 90' lang='lat' dir='ltr'><strong><em>decretum</em></strong></span> <span class='ocrx_word' id='word_1_534' title='bbox 912 4328 1086 4383; x_wconf 80' lang='lat' dir='ltr'><strong><em>fuerit</em></strong></span> <span class='ocrx_word' id='word_1_535' title='bbox 1115 4324 1758 4382; x_wconf 68' lang='lat' dir='ltr'><strong><em>venundari.Cazterum</em></strong></span> <span class='ocrx_word' id='word_1_536' title='bbox 1783 4324 1829 4379; x_wconf 89' lang='lat' dir='ltr'><strong><em>si</em></strong></span> <span class='ocrx_word' id='word_1_537' title='bbox 1855 4341 1986 4397; x_wconf 84' lang='lat' dir='ltr'><strong><em>spe-</em></strong></span> <span class='ocrx_word' id='word_1_538' title='bbox 2099 4343 2255 4382; x_wconf 89' lang='lat' dir='ltr'><strong><em>mus.</em></strong></span> 
     </span>
    </p>
   </div>
   <div class='ocr_carea' id='block_1_50' title="bbox 1450 4530 2619 4594">
    <p class='ocr_par' dir='ltr' id='par_1_50' title="bbox 1450 4530 2619 4594">
     <span class='ocr_line' id='line_1_50' title="bbox 1450 4530 2619 4594; baseline 0.003 -5"><span class='ocrx_word' id='word_1_539' title='bbox 1450 4530 1555 4590; x_wconf 77' lang='lat' dir='ltr'><strong><em>DE</em></strong></span> <span class='ocrx_word' id='word_1_540' title='bbox 1596 4531 1871 4592; x_wconf 79' lang='lat' dir='ltr'><strong>SERVIS</strong></span> <span class='ocrx_word' id='word_1_541' title='bbox 1918 4534 2071 4593; x_wconf 86' lang='lat' dir='ltr'><strong><em>NON</em></strong></span> <span class='ocrx_word' id='word_1_542' title='bbox 2120 4533 2619 4594; x_wconf 85' lang='lat' dir='ltr'><strong><em>0RDINANDIS.</em></strong></span> 
     </span>
    </p>
   </div>
   <div class='ocr_carea' id='block_1_51' title="bbox 563 4644 3733 4719">
    <p class='ocr_par' dir='ltr' id='par_1_51' title="bbox 563 4644 3733 4719">
     <span class='ocr_line' id='line_1_51' title="bbox 563 4644 3733 4719; baseline -0.001 -14"><span class='ocrx_word' id='word_1_543' title='bbox 563 4652 686 4706; x_wconf 58' lang='lat' dir='ltr'><strong><em>Car.</em></strong></span> <span class='ocrx_word' id='word_1_544' title='bbox 721 4649 965 4705; x_wconf 82' lang='lat' dir='ltr'><strong>CLXIII.</strong></span> <span class='ocrx_word' id='word_1_545' title='bbox 997 4646 1391 4714; x_wconf 83' lang='lat' dir='ltr'><strong><em>Capitulorum</em></strong></span> <span class='ocrx_word' id='word_1_546' title='bbox 1421 4644 1459 4699; x_wconf 93' lang='lat'><strong><em>1.</em></strong></span> <span class='ocrx_word' id='word_1_547' title='bbox 1494 4663 1533 4712; x_wconf 84' lang='grc' dir='ltr'>ι,</span> <span class='ocrx_word' id='word_1_548' title='bbox 1568 4661 1617 4699; x_wconf 87' lang='lat' dir='ltr'><strong><em>c.</em></strong></span> <span class='ocrx_word' id='word_1_549' title='bbox 1644 4646 1728 4699; x_wconf 83' lang='lat'><strong><em>82.</em></strong></span> <span class='ocrx_word' id='word_1_550' title='bbox 2007 4652 2053 4715; x_wconf 78' lang='grc' dir='ltr'><strong>Ι)</strong></span> <span class='ocrx_word' id='word_1_551' title='bbox 2085 4654 2198 4701; x_wconf 82' lang='lat' dir='ltr'><strong><em>lem</em></strong></span> <span class='ocrx_word' id='word_1_552' title='bbox 2231 4647 2367 4701; x_wconf 90' lang='lat' dir='ltr'><strong><em>dare</em></strong></span> <span class='ocrx_word' id='word_1_553' title='bbox 2397 4646 2669 4715; x_wconf 89' lang='lat' dir='ltr'><strong><em>voluerit,</em></strong></span> <span class='ocrx_word' id='word_1_554' title='bbox 2697 4648 2756 4702; x_wconf 93' lang='lat' dir='ltr'><strong><em>in</em></strong></span> <span class='ocrx_word' id='word_1_555' title='bbox 2781 4648 2965 4719; x_wconf 90' lang='lat' dir='ltr'><strong><em>gradu</em></strong></span> <span class='ocrx_word' id='word_1_556' title='bbox 2998 4665 3104 4704; x_wconf 90' lang='lat' dir='ltr'><strong><em>suo</em></strong></span> <span class='ocrx_word' id='word_1_557' title='bbox 3139 4652 3505 4719; x_wconf 89' lang='lat' dir='ltr'><strong><em>permaneat;</em></strong></span> <span class='ocrx_word' id='word_1_558' title='bbox 3531 4647 3580 4703; x_wconf 90' lang='lat' dir='ltr'><strong><em>si</em></strong></span> <span class='ocrx_word' id='word_1_559' title='bbox 3605 4664 3733 4702; x_wconf 85' lang='lat' dir='ltr'><strong><em>vero</em></strong></span> 
     </span>
    </p>
   </div>
   <div class='ocr_carea' id='block_1_52' title="bbox 403 4732 3731 4811">
    <p class='ocr_par' dir='ltr' id='par_1_52' title="bbox 403 4732 3731 4811">
     <span class='ocr_line' id='line_1_52' title="bbox 403 4732 3731 4811; baseline -0.001 -16"><span class='ocrx_word' id='word_1_560' title='bbox 403 4740 459 4795; x_wconf 88' lang='lat' dir='ltr'><strong><em>Si</em></strong></span> <span class='ocrx_word' id='word_1_561' title='bbox 490 4735 1286 4811; x_wconf 86' lang='lat' dir='ltr'><strong><em>quilibetservusdominum</em></strong></span> <span class='ocrx_word' id='word_1_562' title='bbox 1314 4732 1971 4806; x_wconf 81' lang='lat' dir='ltr'><strong><em>fugiens,autlatitans,</em></strong></span> <span class='ocrx_word' id='word_1_563' title='bbox 2084 4750 2217 4790; x_wconf 89' lang='lat' dir='ltr'><strong><em>eum</em></strong></span> <span class='ocrx_word' id='word_1_564' title='bbox 2249 4752 2381 4790; x_wconf 91' lang='lat' dir='ltr'><strong><em>cum</em></strong></span> <span class='ocrx_word' id='word_1_565' title='bbox 2442 4741 2653 4791; x_wconf 89' lang='lat' dir='ltr'><strong><em>catena</em></strong></span> <span class='ocrx_word' id='word_1_566' title='bbox 2706 4736 3008 4792; x_wconf 79' lang='lat' dir='ltr'><strong><em>servitutis</em></strong></span> <span class='ocrx_word' id='word_1_567' title='bbox 3070 4754 3102 4792; x_wconf 89' lang='lat' dir='ltr'><strong><em>a</em></strong></span> <span class='ocrx_word' id='word_1_568' title='bbox 3159 4737 3371 4793; x_wconf 83' lang='lat' dir='ltr'><strong><em>castris</em></strong></span> <span class='ocrx_word' id='word_1_569' title='bbox 3412 4737 3731 4793; x_wconf 82' lang='lat' dir='ltr'><strong><em>Dominicis</em></strong></span> 
     </span>
    </p>
   </div>
   <div class='ocr_carea' id='block_1_53' title="bbox 327 4823 3289 4897">
    <p class='ocr_par' dir='ltr' id='par_1_53' title="bbox 327 4823 3289 4897">
     <span class='ocr_line' id='line_1_53' title="bbox 327 4823 3289 4897; baseline -0.001 -12"><span class='ocrx_word' id='word_1_570' title='bbox 327 4834 430 4885; x_wconf 89' lang='lat' dir='ltr'><strong><em>aut</em></strong></span> <span class='ocrx_word' id='word_1_571' title='bbox 447 4828 728 4885; x_wconf 87' lang='lat' dir='ltr'><strong><em>adhibitis</em></strong></span> <span class='ocrx_word' id='word_1_572' title='bbox 744 4827 992 4884; x_wconf 86' lang='lat' dir='ltr'><strong><em>testibus</em></strong></span> <span class='ocrx_word' id='word_1_573' title='bbox 1016 4825 1197 4897; x_wconf 87' lang='lat' dir='ltr'><strong><em>pretio</em></strong></span> <span class='ocrx_word' id='word_1_574' title='bbox 1219 4824 1526 4880; x_wconf 86' lang='lat' dir='ltr'><strong><em>conductis</em></strong></span> <span class='ocrx_word' id='word_1_575' title='bbox 1548 4823 1636 4879; x_wconf 89' lang='lat' dir='ltr'><strong><em>vel</em></strong></span> <span class='ocrx_word' id='word_1_576' title='bbox 1657 4824 1970 4896; x_wconf 89' lang='lat' dir='ltr'><strong><em>corruptis,</em></strong></span> <span class='ocrx_word' id='word_1_577' title='bbox 2082 4824 2420 4880; x_wconf 89' lang='lat' dir='ltr'><strong><em>abstrahere</em></strong></span> <span class='ocrx_word' id='word_1_578' title='bbox 2450 4824 2719 4894; x_wconf 80' lang='lat' dir='ltr'><strong><em>voluerit,</em></strong></span> <span class='ocrx_word' id='word_1_579' title='bbox 2753 4826 3000 4896; x_wconf 88' lang='lat' dir='ltr'><strong><em>gradum</em></strong></span> <span class='ocrx_word' id='word_1_580' title='bbox 3035 4826 3289 4883; x_wconf 88' lang='lat' dir='ltr'><strong><em>amittat.</em></strong></span> 
     </span>
    </p>
   </div>
   <div class='ocr_carea' id='block_1_54' title="bbox 323 4912 1878 5003">
    <p class='ocr_par' dir='ltr' id='par_1_54' title="bbox 323 4912 1878 4990">
     <span class='ocr_line' id='line_1_54' title="bbox 323 4912 1878 4990; baseline -0.005 -16"><span class='ocrx_word' id='word_1_581' title='bbox 323 4924 424 4974; x_wconf 87' lang='lat' dir='ltr'><strong><em>aut</em></strong></span> <span class='ocrx_word' id='word_1_582' title='bbox 453 4917 712 4990; x_wconf 80' lang='lat' dir='ltr'><strong><em>qualibet</em></strong></span> <span class='ocrx_word' id='word_1_583' title='bbox 736 4915 1078 4983; x_wconf 88' lang='lat' dir='ltr'><strong><em>calliditate,</em></strong></span> <span class='ocrx_word' id='word_1_584' title='bbox 1100 4915 1188 4969; x_wconf 90' lang='lat' dir='ltr'><strong><em>vel</em></strong></span> <span class='ocrx_word' id='word_1_585' title='bbox 1212 4913 1414 4969; x_wconf 80' lang='lat' dir='ltr'><strong><em>fraude</em></strong></span> <span class='ocrx_word' id='word_1_586' title='bbox 1445 4912 1514 4968; x_wconf 91' lang='lat' dir='ltr'><strong><em>ad</em></strong></span> <span class='ocrx_word' id='word_1_587' title='bbox 1548 4913 1767 4984; x_wconf 87' lang='lat' dir='ltr'><strong><em>gradus</em></strong></span> <span class='ocrx_word' id='word_1_588' title='bbox 1789 4929 1878 4968; x_wconf 89' lang='lat' dir='ltr'><strong><em>ecc</em></strong></span> 
     </span>
    </p>
   </div>
   <div class='ocr_carea' id='block_1_55' title="bbox 2177 4912 3732 5003">
    <p class='ocr_par' dir='ltr' id='par_1_55' title="bbox 2177 4930 3732 5003">
     <span class='ocr_line' id='line_1_55' title="bbox 2177 4930 3732 5003; baseline 0 -18"><span class='ocrx_word' id='word_1_589' title='bbox 2177 4950 2211 4985; x_wconf 71' lang='grc'><strong><em>›.</em></strong></span> <span class='ocrx_word' id='word_1_590' title='bbox 2244 4930 2476 5003; x_wconf 82' lang='lat' dir='ltr'><strong>CLXIV.</strong></span> <span class='ocrx_word' id='word_1_591' title='bbox 2512 4930 2709 4986; x_wconf 86' lang='lat' dir='ltr'><strong><em>Servus</em></strong></span> <span class='ocrx_word' id='word_1_592' title='bbox 2739 4933 2789 4986; x_wconf 86' lang='lat' dir='ltr'><strong><em>si</em></strong></span> <span class='ocrx_word' id='word_1_593' title='bbox 2819 4933 3056 4988; x_wconf 86' lang='lat' dir='ltr'><strong><em>latenter</em></strong></span> <span class='ocrx_word' id='word_1_594' title='bbox 3104 4933 3392 5003; x_wconf 87' lang='lat' dir='ltr'><strong><em>irrepserit</em></strong></span> <span class='ocrx_word' id='word_1_595' title='bbox 3438 4932 3507 4987; x_wconf 86' lang='lat' dir='ltr'><strong><em>ad</em></strong></span> <span class='ocrx_word' id='word_1_596' title='bbox 3556 4949 3732 4988; x_wconf 81' lang='lat' dir='ltr'><strong><em>sacer-</em></strong></span> 
     </span>
    </p>
   </div>
   <div class='ocr_carea' id='block_1_56' title="bbox 320 5002 3460 5079">
    <p class='ocr_par' dir='ltr' id='par_1_56' title="bbox 320 5002 3460 5079">
     <span class='ocr_line' id='line_1_56' title="bbox 320 5002 3460 5079; baseline -0.002 -16"><span class='ocrx_word' id='word_1_597' title='bbox 320 5008 591 5064; x_wconf 86' lang='lat' dir='ltr'><strong><em>siasticos</em></strong></span> <span class='ocrx_word' id='word_1_598' title='bbox 623 5006 974 5079; x_wconf 88' lang='lat' dir='ltr'><strong><em>pervenerit,</em></strong></span> <span class='ocrx_word' id='word_1_599' title='bbox 1002 5006 1299 5060; x_wconf 87' lang='lat' dir='ltr'><strong><em>decretum</em></strong></span> <span class='ocrx_word' id='word_1_600' title='bbox 1333 5008 1421 5058; x_wconf 86' lang='lat' dir='ltr'><strong><em>est</em></strong></span> <span class='ocrx_word' id='word_1_601' title='bbox 1453 5008 1516 5057; x_wconf 91' lang='lat' dir='ltr'><strong><em>ut</em></strong></span> <span class='ocrx_word' id='word_1_602' title='bbox 1546 5004 1893 5074; x_wconf 86' lang='lat' dir='ltr'><strong><em>deponatur,</em></strong></span> <span class='ocrx_word' id='word_1_603' title='bbox 1913 5008 1971 5058; x_wconf 88' lang='lat' dir='ltr'><strong><em>et</em></strong></span> <span class='ocrx_word' id='word_1_604' title='bbox 2343 5002 2575 5073; x_wconf 83' lang='lat' dir='ltr'><strong><em>dolium,</em></strong></span> <span class='ocrx_word' id='word_1_605' title='bbox 2602 5004 2816 5074; x_wconf 84' lang='lat' dir='ltr'><strong><em>peculii</em></strong></span> <span class='ocrx_word' id='word_1_606' title='bbox 2845 5006 3145 5060; x_wconf 86' lang='lat' dir='ltr'><strong><em>amissione</em></strong></span> <span class='ocrx_word' id='word_1_607' title='bbox 3177 5002 3460 5060; x_wconf 86' lang='lat' dir='ltr'><strong><em>multetur.</em></strong></span> 
     </span>
    </p>
   </div>
   <div class='ocr_carea' id='block_1_57' title="bbox 318 5090 3527 5165">
    <p class='ocr_par' dir='ltr' id='par_1_57' title="bbox 318 5090 3527 5165">
     <span class='ocr_line' id='line_1_57' title="bbox 318 5090 3527 5165; baseline -0.001 -14"><span class='ocrx_word' id='word_1_608' title='bbox 318 5096 598 5151; x_wconf 88' lang='lat' dir='ltr'><strong><em>dominus</em></strong></span> <span class='ocrx_word' id='word_1_609' title='bbox 628 5097 756 5164; x_wconf 89' lang='lat' dir='ltr'><strong><em>ejus</em></strong></span> <span class='ocrx_word' id='word_1_610' title='bbox 788 5109 921 5149; x_wconf 90' lang='lat' dir='ltr'><strong><em>eum</em></strong></span> <span class='ocrx_word' id='word_1_611' title='bbox 957 5092 1226 5164; x_wconf 88' lang='lat' dir='ltr'><strong><em>accipiat.</em></strong></span> <span class='ocrx_word' id='word_1_612' title='bbox 1257 5091 1316 5147; x_wconf 89' lang='lat' dir='ltr'><strong><em>Si</em></strong></span> <span class='ocrx_word' id='word_1_613' title='bbox 1361 5106 1493 5146; x_wconf 89' lang='lat' dir='ltr'><strong><em>vero</em></strong></span> <span class='ocrx_word' id='word_1_614' title='bbox 1524 5107 1666 5145; x_wconf 89' lang='lat' dir='ltr'><strong><em>avus</em></strong></span> <span class='ocrx_word' id='word_1_615' title='bbox 1694 5095 1751 5145; x_wconf 88' lang='lat' dir='ltr'><strong><em>et</em></strong></span> <span class='ocrx_word' id='word_1_616' title='bbox 1783 5095 1969 5161; x_wconf 90' lang='lat' dir='ltr'><strong><em>pater,</em></strong></span> <span class='ocrx_word' id='word_1_617' title='bbox 2292 5090 2561 5146; x_wconf 90' lang='lat' dir='ltr'><strong><em>Gelasius</em></strong></span> <span class='ocrx_word' id='word_1_618' title='bbox 2594 5108 2741 5162; x_wconf 86' lang='lat' dir='ltr'><strong><em>papa</em></strong></span> <span class='ocrx_word' id='word_1_619' title='bbox 2772 5095 3007 5149; x_wconf 82' lang='lat' dir='ltr'><strong><em>Marano</em></strong></span> <span class='ocrx_word' id='word_1_620' title='bbox 3038 5096 3094 5147; x_wconf 92' lang='lat' dir='ltr'><strong><em>et</em></strong></span> <span class='ocrx_word' id='word_1_621' title='bbox 3130 5092 3296 5148; x_wconf 85' lang='lat' dir='ltr'><strong><em>Juslo</em></strong></span> <span class='ocrx_word' id='word_1_622' title='bbox 3341 5093 3527 5165; x_wconf 85' lang='lat' dir='ltr'><strong><em>episc.</em></strong></span> 
     </span>
    </p>
   </div>
   <div class='ocr_carea' id='block_1_58' title="bbox 317 5179 3729 5255">
    <p class='ocr_par' dir='ltr' id='par_1_58' title="bbox 317 5179 3729 5255">
     <span class='ocr_line' id='line_1_58' title="bbox 317 5179 3729 5255; baseline -0.001 -18"><span class='ocrx_word' id='word_1_623' title='bbox 317 5184 389 5238; x_wconf 91' lang='lat' dir='ltr'><strong><em>ab</em></strong></span> <span class='ocrx_word' id='word_1_624' title='bbox 424 5184 537 5239; x_wconf 89' lang='lat' dir='ltr'><strong><em>alia</em></strong></span> <span class='ocrx_word' id='word_1_625' title='bbox 569 5182 758 5255; x_wconf 88' lang='lat' dir='ltr'><strong><em>patria</em></strong></span> <span class='ocrx_word' id='word_1_626' title='bbox 787 5182 845 5236; x_wconf 92' lang='lat' dir='ltr'><strong><em>in</em></strong></span> <span class='ocrx_word' id='word_1_627' title='bbox 874 5180 1048 5235; x_wconf 88' lang='lat' dir='ltr'><strong><em>aliam</em></strong></span> <span class='ocrx_word' id='word_1_628' title='bbox 1084 5179 1422 5251; x_wconf 87' lang='lat' dir='ltr'><strong><em>migransin</em></strong></span> <span class='ocrx_word' id='word_1_629' title='bbox 1444 5179 1645 5232; x_wconf 89' lang='lat' dir='ltr'><strong><em>eadem</em></strong></span> <span class='ocrx_word' id='word_1_630' title='bbox 1672 5179 1969 5250; x_wconf 87' lang='lat' dir='ltr'><strong><em>provincia</em></strong></span> <span class='ocrx_word' id='word_1_631' title='bbox 2149 5179 2321 5250; x_wconf 85' lang='lat' dir='ltr'><strong><em>(Dist.</em></strong></span> <span class='ocrx_word' id='word_1_632' title='bbox 2353 5180 2446 5247; x_wconf 88' lang='grc'>54,</span> <span class='ocrx_word' id='word_1_633' title='bbox 2480 5195 2531 5233; x_wconf 89' lang='lat' dir='ltr'><strong><em>c.</em></strong></span> <span class='ocrx_word' id='word_1_634' title='bbox 2564 5181 2649 5233; x_wconf 75' lang='lat' dir='ltr'><strong><em>Ea:</em></strong></span> <span class='ocrx_word' id='word_1_635' title='bbox 2677 5181 2972 5253; x_wconf 81' lang='lat' dir='ltr'><strong><em>antiquis.)</em></strong></span> <span class='ocrx_word' id='word_1_636' title='bbox 3002 5184 3238 5237; x_wconf 90' lang='lat' dir='ltr'><strong><em>Actores</em></strong></span> <span class='ocrx_word' id='word_1_637' title='bbox 3269 5182 3568 5252; x_wconf 90' lang='lat' dir='ltr'><strong><em>siquidem</em></strong></span> <span class='ocrx_word' id='word_1_638' title='bbox 3599 5180 3729 5235; x_wconf 91' lang='lat' dir='ltr'><strong><em>illu-</em></strong></span> 
     </span>
    </p>
   </div>
   <div class='ocr_carea' id='block_1_59' title="bbox 316 5265 3729 5343">
    <p class='ocr_par' dir='ltr' id='par_1_59' title="bbox 316 5265 3729 5343">
     <span class='ocr_line' id='line_1_59' title="bbox 316 5265 3729 5343; baseline -0.001 -19"><span class='ocrx_word' id='word_1_639' title='bbox 316 5271 500 5326; x_wconf 81' lang='lat' dir='ltr'><strong><em>ﬁlium</em></strong></span> <span class='ocrx_word' id='word_1_640' title='bbox 534 5270 1041 5343; x_wconf 82' lang='lat' dir='ltr'><strong><em>genuerit,etipse</em></strong></span> <span class='ocrx_word' id='word_1_641' title='bbox 1062 5268 1219 5323; x_wconf 85' lang='lat' dir='ltr'><strong><em>filius</em></strong></span> <span class='ocrx_word' id='word_1_642' title='bbox 1244 5265 1461 5321; x_wconf 87' lang='lat' dir='ltr'><strong><em>ibidem</em></strong></span> <span class='ocrx_word' id='word_1_643' title='bbox 1497 5267 1872 5335; x_wconf 88' lang='lat' dir='ltr'><strong><em>educatus,et</em></strong></span> <span class='ocrx_word' id='word_1_644' title='bbox 1895 5268 1964 5321; x_wconf 90' lang='lat' dir='ltr'><strong><em>ad</em></strong></span> <span class='ocrx_word' id='word_1_645' title='bbox 2079 5268 2215 5321; x_wconf 90' lang='lat' dir='ltr'><strong><em>stris</em></strong></span> <span class='ocrx_word' id='word_1_646' title='bbox 2237 5268 2338 5321; x_wconf 86' lang='lat' dir='ltr'><strong><em>viri</em></strong></span> <span class='ocrx_word' id='word_1_647' title='bbox 2363 5266 2669 5321; x_wconf 81' lang='lat' dir='ltr'><strong><em>{iliinostri</em></strong></span> <span class='ocrx_word' id='word_1_648' title='bbox 2696 5270 2948 5323; x_wconf 86' lang='lat' dir='ltr'><strong><em>Amandi</em></strong></span> <span class='ocrx_word' id='word_1_649' title='bbox 2982 5270 3236 5342; x_wconf 85' lang='lat' dir='ltr'><strong><em>graviter</em></strong></span> <span class='ocrx_word' id='word_1_650' title='bbox 3268 5276 3729 5339; x_wconf 84' lang='lat' dir='ltr'><strong><em>conqueruntur,</em></strong></span> 
     </span>
    </p>
   </div>
   <div class='ocr_carea' id='block_1_60' title="bbox 313 5355 3728 5431">
    <p class='ocr_par' dir='ltr' id='par_1_60' title="bbox 313 5355 3728 5431">
     <span class='ocr_line' id='line_1_60' title="bbox 313 5355 3728 5431; baseline -0.001 -18"><span class='ocrx_word' id='word_1_651' title='bbox 313 5362 532 5431; x_wconf 81' lang='lat' dir='ltr'><strong><em>gradus</em></strong></span> <span class='ocrx_word' id='word_1_652' title='bbox 563 5358 990 5416; x_wconf 88' lang='lat' dir='ltr'><strong><em>ecclesiasticos</em></strong></span> <span class='ocrx_word' id='word_1_653' title='bbox 1013 5362 1317 5431; x_wconf 87' lang='lat' dir='ltr'><strong><em>promotus</em></strong></span> <span class='ocrx_word' id='word_1_654' title='bbox 1339 5355 1529 5422; x_wconf 75' lang='lat' dir='ltr'><strong><em>fuerit,</em></strong></span> <span class='ocrx_word' id='word_1_655' title='bbox 1545 5361 1601 5410; x_wconf 93' lang='lat' dir='ltr'><strong><em>et</em></strong></span> <span class='ocrx_word' id='word_1_656' title='bbox 1625 5360 1818 5410; x_wconf 86' lang='lat' dir='ltr'><strong><em>utrum</em></strong></span> <span class='ocrx_word' id='word_1_657' title='bbox 1842 5374 1963 5411; x_wconf 88' lang='lat' dir='ltr'><strong><em>ser-</em></strong></span> <span class='ocrx_word' id='word_1_658' title='bbox 2074 5355 2344 5411; x_wconf 89' lang='lat' dir='ltr'><strong><em>homines</em></strong></span> <span class='ocrx_word' id='word_1_659' title='bbox 2369 5356 2491 5427; x_wconf 87' lang='lat' dir='ltr'><strong><em>juri</em></strong></span> <span class='ocrx_word' id='word_1_660' title='bbox 2540 5374 2647 5411; x_wconf 89' lang='lat' dir='ltr'><strong><em>suo</em></strong></span> <span class='ocrx_word' id='word_1_661' title='bbox 2701 5358 2953 5424; x_wconf 83' lang='lat' dir='ltr'><strong><em>debitos,</em></strong></span> <span class='ocrx_word' id='word_1_662' title='bbox 2989 5358 3134 5413; x_wconf 90' lang='lat' dir='ltr'><strong><em>alios</em></strong></span> <span class='ocrx_word' id='word_1_663' title='bbox 3177 5358 3303 5427; x_wconf 87' lang='lat' dir='ltr'><strong><em>jam</em></strong></span> <span class='ocrx_word' id='word_1_664' title='bbox 3356 5358 3413 5412; x_wconf 90' lang='lat' dir='ltr'><strong><em>in</em></strong></span> <span class='ocrx_word' id='word_1_665' title='bbox 3469 5358 3728 5427; x_wconf 88' lang='lat' dir='ltr'><strong><em>clericos,</em></strong></span> 
     </span>
    </p>
   </div>
   <div class='ocr_carea' id='block_1_61' title="bbox 312 5442 3721 5520">
    <p class='ocr_par' dir='ltr' id='par_1_61' title="bbox 312 5442 3721 5520">
     <span class='ocr_line' id='line_1_61' title="bbox 312 5442 3721 5520; baseline 0.001 -22"><span class='ocrx_word' id='word_1_666' title='bbox 312 5463 421 5501; x_wconf 89' lang='lat' dir='ltr'><strong><em>vus</em></strong></span> <span class='ocrx_word' id='word_1_667' title='bbox 450 5449 525 5503; x_wconf 90' lang='lat' dir='ltr'><strong><em>sit</em></strong></span> <span class='ocrx_word' id='word_1_668' title='bbox 556 5448 1008 5520; x_wconf 86' lang='lat' dir='ltr'><strong><em>ignoraverit,et</em></strong></span> <span class='ocrx_word' id='word_1_669' title='bbox 1036 5451 1239 5518; x_wconf 89' lang='lat' dir='ltr'><strong><em>postea</em></strong></span> <span class='ocrx_word' id='word_1_670' title='bbox 1269 5444 1510 5500; x_wconf 88' lang='lat' dir='ltr'><strong><em>veniens</em></strong></span> <span class='ocrx_word' id='word_1_671' title='bbox 1540 5444 1816 5500; x_wconf 88' lang='lat' dir='ltr'><strong><em>dominus</em></strong></span> <span class='ocrx_word' id='word_1_672' title='bbox 1834 5446 1964 5515; x_wconf 88' lang='lat' dir='ltr'><strong><em>ejus</em></strong></span> <span class='ocrx_word' id='word_1_673' title='bbox 2074 5442 2219 5498; x_wconf 88' lang='lat' dir='ltr'><strong><em>alios</em></strong></span> <span class='ocrx_word' id='word_1_674' title='bbox 2261 5446 2387 5513; x_wconf 90' lang='lat' dir='ltr'><strong><em>jam</em></strong></span> <span class='ocrx_word' id='word_1_675' title='bbox 2434 5444 2829 5501; x_wconf 86' lang='lat' dir='ltr'><strong><em>subdiaconos</em></strong></span> <span class='ocrx_word' id='word_1_676' title='bbox 2861 5447 3183 5517; x_wconf 86' lang='lat' dir='ltr'><strong><em>ordinatos,</em></strong></span> <span class='ocrx_word' id='word_1_677' title='bbox 3216 5462 3349 5501; x_wconf 88' lang='lat' dir='ltr'><strong><em>cum</em></strong></span> <span class='ocrx_word' id='word_1_678' title='bbox 3383 5462 3499 5502; x_wconf 89' lang='lat' dir='ltr'><strong><em>non</em></strong></span> <span class='ocrx_word' id='word_1_679' title='bbox 3538 5446 3721 5503; x_wconf 88' lang='lat' dir='ltr'><strong><em>solum</em></strong></span> 
     </span>
    </p>
   </div>
   <div class='ocr_carea' id='block_1_62' title="bbox 311 5532 3725 5608">
    <p class='ocr_par' dir='ltr' id='par_1_62' title="bbox 311 5532 3725 5608">
     <span class='ocr_line' id='line_1_62' title="bbox 311 5532 3725 5608; baseline 0.002 -20"><span class='ocrx_word' id='word_1_680' title='bbox 311 5533 541 5604; x_wconf 87' lang='lat' dir='ltr'><strong><em>legibus</em></strong></span> <span class='ocrx_word' id='word_1_681' title='bbox 561 5552 694 5591; x_wconf 89' lang='lat' dir='ltr'><strong><em>eum</em></strong></span> <span class='ocrx_word' id='word_1_682' title='bbox 720 5535 1082 5606; x_wconf 88' lang='lat' dir='ltr'><strong><em>acquisierit,</em></strong></span> <span class='ocrx_word' id='word_1_683' title='bbox 1100 5535 1148 5591; x_wconf 86' lang='lat' dir='ltr'><strong><em>si</em></strong></span> <span class='ocrx_word' id='word_1_684' title='bbox 1169 5533 1449 5589; x_wconf 90' lang='lat' dir='ltr'><strong><em>dominus</em></strong></span> <span class='ocrx_word' id='word_1_685' title='bbox 1479 5532 1608 5603; x_wconf 86' lang='lat' dir='ltr'><strong><em>ejus</em></strong></span> <span class='ocrx_word' id='word_1_686' title='bbox 1640 5532 1699 5588; x_wconf 90' lang='lat' dir='ltr'><strong><em>in</em></strong></span> <span class='ocrx_word' id='word_1_687' title='bbox 1726 5532 1965 5589; x_wconf 88' lang='lat' dir='ltr'><strong><em>liberta-</em></strong></span> <span class='ocrx_word' id='word_1_688' title='bbox 2071 5535 2563 5605; x_wconf 84' lang='lat' dir='ltr'><strong><em>postmodernum</em></strong></span> <span class='ocrx_word' id='word_1_689' title='bbox 2581 5534 3065 5608; x_wconf 87' lang='lat' dir='ltr'><strong><em>conciliumquod</em></strong></span> <span class='ocrx_word' id='word_1_690' title='bbox 3080 5539 3374 5593; x_wconf 80' lang='lat' dir='ltr'><strong><em>tantorum</em></strong></span> <span class='ocrx_word' id='word_1_691' title='bbox 3389 5536 3725 5594; x_wconf 87' lang='lat' dir='ltr'><strong><em>collectione</em></strong></span> 
     </span>
    </p>
   </div>
  </div>
