3938 6074
393 344 524 398 1171

748 470 878 524 CAP.
910 469 1180 525 CLXXII.
1213 469 1688 540 Sumatseipsum.

973 593 1146 650 Conc.
1181 593 1452 666 Carthag.

464 738 631 810 (Dist.
685 739 772 806 46,
805 754 852 792 c.
887 737 1167 807 Clericos.)
1217 735 1471 792 Clericos
1504 735 1802 800 scurriles,
1834 739 1891 790 et
1921 751 2040 790 ver-

392 826 484 882 bis
514 827 782 900 turpibus
808 826 1162 898 joculatores
1183 825 1255 882 ab
1274 826 1465 882 officio
1497 825 1889 881 detrahendos
1911 840 2044 880 cen-

397 932 612 971 scmus.

1478 346 1546 396 D.
1587 344 1824 398 IVONIS
1859 341 2350 396 CARNOTENSIS
2387 341 2707 396 EPISCOPI

3694 331 3840 387 1172

2073 468 2128 532 Α
2156 487 2291 542 CAP.
2321 483 2616 540 CLXXIII.
2648 481 2911 538 Adulator
2938 482 3026 536 vel
3045 481 3302 551 proditor
3328 478 3577 534 clericus
3608 478 3695 534 ab
3749 481 3836 546 of-

2714 554 2841 624 ﬁcio
2863 553 3216 624 degradctur.

2701 644 2782 698 Ex
2821 659 2985 699 conc.
3010 644 3236 698 eodem.

2223 734 2389 806 (Diet.
2423 735 2510 802 46,
2543 749 2592 788 c.
2612 734 2906 800 Clericus.)
2934 731 3194 787 Clericus
3225 730 3328 802 qui
3357 728 3831 785 adulationibus

2153 827 2212 878 et
2247 821 2680 894 proditionibus
2708 837 2914 878 vacare
2940 819 3418 892 deprehenditur,
3451 818 3832 890 degradelur

2155 911 2226 966 ab
2257 909 2468 966 officio.

1795 1173 1894 1232 DE
1955 1167 2404 1231 RELIGIOSIS.

391 1327 528 1380 CAP.
557 1323 844 1380 CLXXIV.
881 1323 1137 1380 Monachi
1157 1322 1254 1395 qui
1272 1327 1400 1379 sunt
1447 1325 1508 1378 in
1537 1324 1854 1380 civitatibus
1893 1320 2041 1391 epis-

838 1412 966 1468 copo
996 1396 1191 1452 debent
1221 1411 1330 1452 esse
1349 1396 1600 1466 subjecti.

895 1523 1072 1576 Conc.
1103 1518 1376 1576 Chalced.
1409 1535 1458 1574 c.
1491 1519 1543 1572 3.

470 1663 580 1732 (16,
614 1676 670 1731 q.
705 1677 754 1716 c.
785 1660 892 1728 Qui
920 1662 1090 1732 vere.)
1119 1660 1225 1726 Qui
1275 1675 1406 1716 vere
1436 1665 1494 1717 et
1536 1676 1681 1733 pure
1718 1659 2042 1716 solitariam

400 1749 624 1820 eligunt
655 1749 857 1820 vitam,
883 1751 1042 1822 digni
1068 1753 1206 1805 sunt
1227 1750 1592 1806 convenienti
1631 1750 1864 1805 honore.
1899 1748 2044 1814 Quia

2150 1323 2280 1376 CAP.
2315 1318 2612 1376 CLXXVI.
2645 1317 2942 1376 Monachus
2959 1333 3068 1376 non
3090 1317 3252 1376 habet
3276 1316 3532 1390 ofﬁcium
3570 1315 3820 1374 doctoris

2751 1391 2854 1446 sed
2878 1392 3214 1463 plangentis.

2423 1477 2659 1536 Hieron.
2683 1479 2754 1534 ad
2778 1479 2982 1551 Ripar.
3025 1483 3082 1535 et
3111 1479 3303 1535 Desid.
3336 1478 3539 1554 presb.

2231 1568 2339 1638 (16,
2368 1584 2424 1640 q.
2460 1572 2510 1639 1,
2541 1584 2591 1624 c.
2626 1567 2984 1640 Monachus.)
3029 1567 3346 1624 Monachus
3377 1583 3493 1622 non
3549 1565 3814 1622 doctoris

2157 1655 2336 1712 habet
2354 1655 2635 1728 ofﬁcium,
2661 1657 2762 1712 sed
2795 1655 3148 1730 plangentis,
3173 1655 3273 1730 qui
3297 1655 3380 1714 vel
3411 1655 3617 1726 se,:vel
3646 1672 3814 1711 mun-

2160 1748 2296 1804 dum
2332 1749 2545 1820 lugeat,
2580 1751 2636 1804 et
2666 1747 2895 1803 Domini
2925 1748 3172 1821 pavidus
3194 1745 3566 1820 praestoletur
3595 1747 3814 1802 adven-

403 1844 597 1893 tamen
631 1839 871 1909 quidam
911 1844 1050 1893 sunt
1107 1839 1379 1894 monachi
1425 1839 1759 1894 habitantes
1817 1838 2043 1892 indiﬂ‘e-
2078 1859 2126 1924 B
2158 1841 2309 1904 tum,
2335 1837 2436 1909 qui
2459 1836 2649 1894 sciens
2679 1835 3138 1892 imbecillitatem
3171 1853 3340 1891 suam
3371 1840 3430 1898 et
3453 1835 3572 1909 |vas
3610 1835 3818 1908 fragile

402 1932 596 1983 rcnter
626 1944 728 1998 per
759 1927 1043 1993 civitates,
1079 1945 1182 1983 nec
1207 1945 1321 1984 non
1338 1933 1396 1983 et
1420 1927 1792 1994 monasteria,
1827 1928 2049 2000 seipsos

410 2016 862 2085 praesumptione
894 2017 1127 2087 propria
1157 2018 1658 2084 commendantes,
1694 2017 1912 2088 placuit
1950 2031 2047 2072 ne-

411 2105 631 2160 minem
672 2110 774 2159 aut
809 2105 1113 2173 aedificare,
1147 2111 1248 2161 aut
1294 2107 1646 2162 constituere
1670 2107 2046 2173 monasteria,

405 2199 504 2248 aut
535 2193 772 2248 oratorii
797 2194 1058 2261 domum,
1094 2195 1221 2250 sine
1251 2195 1609 2250 conscientia
1637 2194 1824 2266 ipsius
1851 2194 2049 2254 civita-

405 2282 482 2336 tis
513 2281 793 2352 episcopi.
829 2283 939 2338 Eos
974 2298 1104 2336 vero
1137 2283 1238 2354 qui
1261 2298 1363 2354 per
1384 2281 1648 2354 singulas
1667 2282 1929 2340 civitates
1951 2298 2050 2340 seu

406 2369 807 2442 possessiones
830 2371 1171 2426 monasterii
1195 2375 1360 2440 sunt,
1386 2371 1679 2441 subjectos
1702 2388 1828 2427 esse
1847 2371 2054 2427 debere

402 2459 697 2531 episcopo,
729 2464 786 2514 et
817 2458 1000 2531 quieti
1040 2476 1277 2530 operam
1310 2460 1470 2526 dare,
1505 2464 1679 2530 atque
1709 2476 2054 2516 conservare

395 2547 624 2619 jejunis
655 2553 711 2603 ct
742 2547 1033 2604 orationes
1066 2548 1121 2604 in
1153 2548 1297 2604 locis
1347 2549 1565 2620 quibus
1619 2549 1796 2606 semel
1847 2565 1906 2606 se
1939 2549 2053 2606 Deo

403 2638 776 2706 devoverunt,
809 2641 1242 2708 permanentes,
1296 2643 1352 2692 et
1394 2654 1579 2708 neque
1619 2637 2055 2694 communicare

403 2725 820 2782 ecclesiasticis
869 2742 1059 2798 neque
1120 2727 1430 2782 saeculares
1477 2727 1705 2798 aliquas
1755 2727 2056 2784 altrectare

408 2817 688 2882 actiones,
752 2814 1149 2886 relinquentes
1211 2816 1443 2887 propria
1501 2817 1873 2884 monasteria,
1940 2818 2058 2888 nisi

407 2906 554 2961 forte
578 2905 903 2975 jubeantur
951 2909 1190 2976 propter
1241 2909 1516 2977 urgentes
1560 2905 1936 2961 necessitates
1985 2908 2057 2963 ab

412 2993 601 3062 ipsius
627 2991 882 3046 civitatis
905 2991 1200 3063 episcopo,
1217 2996 1275 3047 et
1296 2992 1589 3048 neminem
1609 3010 1910 3048 servorum
1935 3011 2060 3051 sus-

405 3081 521 3150 cipi
558 3080 616 3133 in
651 3081 1075 3134 monasterium
1111 3086 1174 3134 ut
1203 3097 1335 3134 cum
1359 3080 1431 3136 iis
1463 3083 1541 3137 sit
1573 3085 1919 3151 monachus,
1944 3083 2058 3140 nisi

404 3184 537 3222 cum
570 3167 790 3222 domini
817 3169 1052 3238 propria
1073 3169 1451 3224 conscientia.
1488 3174 1906 3226 Praetereuntes
1925 3188 2056 3226 vero

404 3257 525 3312 hinc
558 3255 923 3312 decrevimus
954 3263 1114 3312 extra
1139 3258 1613 3314 communionem
1650 3276 1800 3328 esse,
1833 3276 1902 3316 ne
1949 3277 2050 3315 no-
2087 3221 2128 3287 ϐ

404 3360 538 3399 men
571 3342 800 3398 Domini
832 3341 1291 3415 blasphematur.
1343 3344 1622 3402 Convenit
1653 3361 1789 3417 ergo
1849 3345 2049 3402 civita-

402 3433 478 3488 tis
499 3433 772 3504 episcopo
801 3448 1005 3487 curam
1039 3432 1624 3504 aollicitudinemque
1657 3435 2048 3492 necessariam

406 3520 778 3578 monasteriis
808 3521 1099 3580 exhibere.

403 3694 540 3746 CAP.
573 3689 824 3748 CLXXV.
859 3691 920 3746 In
968 3692 1228 3816 popular;
1259 3692 1587 3818 {regucntia
1632 3694 1892 3752 monachi
1937 3709 2050 3751 esse

1052 3778 1159 3818 non
1217 3779 1254 3818 .e
1291 3780 1354 3818 en
1388 3805 1399 3818 .

1052 3778 1159 3818 non
1191 3778 1399 3819 ueoem.

810 3893 1042 3950 Hieron.
1076 3895 1146 3949 ad
1179 3895 1404 3950 Paulin.
1440 3897 1632 3968 presb.

473 4057 583 4128 (lO,
618 4073 673 4128 q.
715 4062 732 4110 l
763 4073 810 4112 c.
845 4056 906 4112 Si
932 4056 1088 4129 cupis
1103 4058 1263 4129 esse.)
1288 4057 1344 4111 Si
1365 4057 1530 4129 cupis
1556 4074 1684 4114 esse
1706 4059 1861 4129 quod
1893 4060 2048 4116 dice-

403 4148 482 4202 ris
517 4147 864 4216 monachus,
899 4145 956 4201 id
993 4152 1083 4201 est
1115 4147 1297 4216 solus,
1323 4147 1462 4218 quid
1497 4147 1716 4208 facisin
1752 4148 1998 4205 urbibus
2023 4150 2051 4205 ?

402 4238 535 4299 Quae
569 4235 769 4306 utique
803 4252 916 4290 non
942 4239 1082 4290 sunt
1103 4233 1362 4290 solorum
1389 4235 1741 4303 habitacula,
1769 4236 1867 4292 sed
1891 4238 2047 4292 mul-

402 4331 592 4378 torum
620 4345 633 4391 ;
669 4324 884 4379 habent
917 4340 1342 4395 unumquoque
1366 4324 1729 4396 pr0positum
1755 4326 2050 4398 principes

403 4429 562 4480 suos,
606 4417 662 4468 et
694 4420 754 4467 ut
786 4414 856 4467 ad
891 4421 1086 4468 nostra
1133 4413 1458 4480 veniamus,
1503 4414 1780 4486 episcopi,
1818 4417 2050 4486 presby-

403 4504 509 4558 teri
542 4503 885 4559 habeantad
917 4503 1248 4574 exemplum
1282 4503 1581 4575 apostolos
1613 4511 1668 4560 et
1699 4506 2050 4577 apostolicos

405 4593 556 4647 viros
589 4610 834 4662 quorum
866 4591 1118 4647 honores
1150 4593 1517 4664 possidentes
1551 4594 1763 4650 habere
1787 4596 2051 4651 nitantur
2083 4580 2126 4644 Ι)

406 4686 461 4735 ct
494 4681 789 4736 meritum.
823 4685 939 4736 Nos
972 4686 1166 4737 autem
1200 4682 1518 4738 habeamus
1550 4684 1830 4754 propositi
1864 4686 2046 4740 nostri

406 4769 700 4843 principes
737 4770 942 4825 Paulos
973 4774 1028 4825 et
1077 4772 1405 4842 Antionios,
1453 4771 1740 4838 Julianos,
1774 4773 2047 4844 Hilarios,

406 4857 722 4914 Macharios
750 4875 762 4925 ;
797 4857 1006 4914 habeto
1039 4859 1471 4932 simplicitatem
1499 4860 1806 4928 columbae,
1832 4879 1903 4918 ne
1934 4863 2050 4917 oui-

402 4966 578 5020 quam
612 4947 966 5004 machineris
1015 4949 1201 5016 dolos,
1234 4955 1289 5004 et
1321 4951 1608 5020 serpentis
1641 4951 1944 5020 astutiam,
1979 4969 2048 5008 ne

399 5039 647 5093 aliorum
679 5037 1078 5109 supplanteris
1104 5037 1339 5093 insidiis
1369 5054 1381 5093 :
1418 5055 1530 5093 non
1566 5039 1821 5094 multum
1873 5041 2050 5097 distat

396 5127 455 5181 in
482 5126 619 5181 vitio
649 5126 735 5180 vel
768 5126 1034 5198 decipere
1084 5142 1255 5197 posse
1286 5125 1372 5180 vel
1404 5127 1613 5197 decipi.
1646 5128 2047 5187 Christianum

396 5233 572 5288 quem
607 5215 862 5272 senseris
914 5215 1020 5271 tibi
1051 5231 1283 5285 semper
1313 5220 1406 5269 aut
1456 5217 1656 5271 crebro
1690 5218 1759 5272 de
1788 5222 2049 5276 nummis

397 5308 758 5376 loquentem,
791 5312 1031 5377 excepta
1059 5303 1428 5375 clecmosyna
1476 5321 1601 5375 qua:
1648 5305 2050 5365 indifferenter

397 5393 672 5448 omnibus
706 5397 884 5464 patet,
911 5389 1239 5446 institorem
1269 5390 1466 5463 potius
1487 5390 1697 5447 habeto
1731 5410 1907 5463 quam
1931 5413 2050 5451 mo-

401 5481 675 5535 nachum.
714 5481 928 5535 Pra:ter
977 5479 1192 5534 victum
1223 5487 1278 5535 et
1307 5478 1582 5535 vestitum
1615 5485 1671 5534 et
1704 5484 2047 5540 manifestas

401 5569 779 5622 necessitates
807 5566 953 5622 nihil
976 5566 1252 5637 cuiquam
1287 5567 1533 5635 tribuas,
1563 5585 1632 5624 ne
1668 5568 1921 5626 filiorum
1947 5590 2048 5643 pa~

398 5670 527 5711 nam
562 5670 734 5711 canes
766 5653 1086 5712 comedent.

2159 1929 2312 2000 quod
2344 1932 2551 2000 portat,
2585 1929 2787 1984 timeat
2815 1929 3107 1984 oﬂ‘endere
3134 1927 3566 2003 neimpinguat
3598 1933 3658 1982 et
3701 1944 3821 1983 cor-

2158 2023 2311 2086 ruat,
2345 2022 2403 2074 et
2423 2019 2767 2089 frangatur;
2801 2018 2957 2073 unde
2985 2022 3042 2072 et
3073 2017 3388 2073 mulierum
3441 2017 3823 2087 maximeque

2160 2105 2726 2162 adolescentularum
2759 2107 2904 2162 vitet
2933 2111 3260 2179 aspectum,
3293 2110 3352 2162 et
3383 2107 3440 2160 in
3472 2111 3714 2162 tantum
3739 2122 3826 2162 ca-

2160 2196 2408 2266 stigator
2437 2197 2528 2252 sui
2561 2197 2658 2264 sit,
2692 2200 2757 2252 ut
2797 2195 2976 2251 etiam
3009 2214 3132 2268 quas
3164 2200 3295 2252 tuta
3324 2200 3468 2251 sunt
3507 2195 3826 2266 pertimes-

2162 2281 2273 2334 cat.
2306 2279 2443 2343 Cur,
2476 2276 2697 2352 inquis,
2730 2276 2926 2350 pergis
2959 2278 3016 2331 in
3048 2276 3344 2332 eremum?
3374 2274 3640 2332 videlicet
3675 2281 3744 2330 ut
3769 2283 3826 2330 te

2164 2383 2279 2422 non
2311 2365 2560 2434 videam,
2594 2382 2708 2420 non
2741 2366 3005 2433 audiam,
3056 2366 3113 2422 in
3147 2370 3247 2421 tuo
3295 2365 3490 2420 furore
3533 2382 3650 2420 non
3700 2382 3823 2420 mo-

2162 2471 2316 2522 vear,
2350 2458 2414 2509 ut
2449 2460 2545 2510 tua
2577 2454 2730 2509 bella
2759 2471 2874 2510 non
2899 2455 3102 2527 patiar.
3158 2455 3240 2510 Ne
3271 2471 3366 2510 me
3397 2454 3638 2523 capiant
3672 2454 3820 2509 oculi

2163 2542 2506 2610 meretricis,
2538 2559 2641 2598 nec
2673 2543 2861 2598 forma
2892 2542 3288 2614 pulcherrima
3318 2543 3389 2599 ad
3423 2542 3670 2598 illicitos
3719 2544 3818 2597 du-

2165 2638 2260 2689 cat
2289 2633 2615 2706 amplexus,
2644 2631 3045 2705 respondebis.
3096 2632 3212 2688 Hoc
3247 2649 3361 2689 non
3393 2637 3484 2688 est
3535 2649 3818 2704 pugnare.

2165 2721 2498 2794 sedlfugere.
2519 2725 2693 2776 Stans
2715 2721 2772 2775 in
2797 2720 2918 2776 acie
2932 2721 3567 2792 adversariislarmatus
3584 2721 3822 2787 obsiste,

2168 2816 2231 2868 ut
2258 2815 2565 2884 postquam
2599 2808 2826 2881 viceris,
2859 2809 3175 2866 coroneris.
3213 2810 3414 2865 Fateor
3445 2809 3822 2865 imbecillita-

2164 2907 2281 2958 tem
2315 2917 2528 2957 meam.
2563 2899 2704 2955 Nolo
2737 2916 2839 2971 spe
2871 2916 3132 2972 pugnare
3156 2899 3433 2967 victoriae,
3467 2915 3541 2955 ne
3572 2900 3820 2971 ’perdam

2167 2991 2480 3062 aliquando
2512 2989 2833 3045 victoriam.

2335 3102 2467 3155 CAP.
2488 3097 2804 3157 CLXXVII.
2840 3096 3067 3152 Hieron.
3101 3096 3171 3151 ad
3206 3096 3412 3152 Rustic.
3449 3113 3671 3153 monac.

2237 3187 2378 3242 Mihi
2411 3187 2696 3258 oppidum
2730 3202 2944 3254 carcer,
2977 3191 3034 3241 et
3069 3185 3327 3241 solitudo
3361 3186 3686 3258 paradisus
3720 3194 3818 3243 est.

2163 3277 2310 3341 Quid
2343 3275 2750 3334 desideramus
2799 3275 3036 3336 urbium
3088 3275 3505 3347 frequentiam,
3561 3277 3709 3348 quid
3756 3280 3817 3330 de

2164 3365 2272 3420 hac
2315 3365 2724 3436 singularitate
2755 3365 3115 3422 censemus?
3163 3365 3413 3436 Moyses,
3447 3369 3512 3418 ut
3545 3371 3815 3436 precsset

2162 3453 2375 3525 populo
2404 3454 2766 3524 Judaeorum,
2825 3471 2899 3510 xx.
2945 3453 3113 3512 annis
3164 3453 3432 3509 eruditur
3476 3452 3536 3508 in
3597 3471 3811 3520 eremo,

2159 3547 2366 3600 Pastor
2387 3543 2603 3613 ovium,
2640 3541 2946 3600 hominum
2979 3543 3170 3600 factus
3189 3545 3275 3598 est
3296 3545 3516 3612 pastor.
3551 3543 3809 3615 Apostoli

2160 3633 2232 3690 de
2263 3631 2586 3705 piscatione
2616 3630 2780 3691 lacus
2813 3630 3167 3690 Genesareth
3200 3631 3268 3686 ad
3302 3629 3689 3704 piscationem
3716 3632 3812 3686 ho-

2161 3721 2387 3780 minum
2416 3723 2800 3780 transierunt.
2851 3725 3008 3780 Tunc
3052 3720 3355 3780 habebant
3383 3724 3638 3792 patrem,
3675 3726 3812 3786 rete,

2161 3811 2512 3879 naviculam,
2546 3811 2726 3872 secuti
2759 3815 2899 3868 sunt
2930 3809 3264 3880 Dominum,
3297 3809 3570 3883 protinus
3620 3811 3814 3866 omnia

2161 3899 2550 3970 reliquerunt,
2584 3903 2885 3973 portantes
2916 3897 3420 3970 quotidiecrucem
3445 3906 3721 3972 suam,et
3753 3915 3812 3954 ne

2159 3989 2381 4061 virgam
2416 3989 2654 4061 quidem
2687 3989 2746 4047 in
2780 4003 2958 4046 manu
2990 3986 3297 4042 habentes.

2407 4097 2546 4153 CAP.
2571 4095 2918 4154 CLXXVIII.
2940 4095 3162 4152 Hieron.
3195 4093 3264 4150 ad
3293 4093 3569 4152 eumdem.

2234 4194 2429 4250 Facito
2463 4192 2688 4264 aliquid
2720 4192 2934 4264 operis,
2969 4195 3035 4246 ut
3066 4207 3297 4263 semper
3327 4197 3385 4248 te
3416 4193 3698 4250 diabolus
3733 4195 3810 4250 in-

2159 4280 2355 4338 veniat
2385 4284 2754 4353 occupatum.
2779 4279 2869 4334 Sic
2893 4279 3136 4350 apostoli
3159 4278 3441 4336 habentes
3465 4286 3809 4352 potestatem

2159 4373 2228 4426 de
2261 4369 2569 4442 Evangelia
2599 4371 2808 4440 vivere,
2842 4369 3186 4428 laborabant
3236 4369 3510 4428 manibus
3566 4372 3718 4435 suis,
3753 4386 3809 4423 ne

2159 4477 2327 4532 quem
2359 4465 2688 4532 gravarent,
2713 4468 2767 4516 et
2793 4459 2924 4516 aliis
2955 4459 3292 4516 tribuebant
3322 4459 3652 4532 refrigeria,
3679 4478 3808 4534 quo-

2160 4567 2290 4604 rum
2319 4549 2805 4622 prosperitatibus
2837 4548 3129 4604 debebant
3162 4554 3380 4604 metere
3410 4550 3698 4619 carnalia;
3721 4567 3811 4603 cur

2157 4641 2218 4692 tu
2251 4638 2310 4692 in
2343 4655 2487 4693 usus
2516 4643 2648 4693 tuos
2677 4653 3026 4712 successura
3054 4653 3171 4693 non
3205 4654 3492 4710 praepares
3512 4638 3542 4693 ‘i
3575 4642 3639 4694 In
3664 4639 3808 4693 desi-

2159 4726 2334 4782 deriis
2383 4731 2474 4782 est
2501 4726 2695 4782 omnis
2725 4726 2971 4782 otiosus.
3009 4725 3408 4797 Egyptiorum
3459 4730 3807 4784 monasteria

2160 4818 2314 4873 hunc
2364 4834 2586 4872 morem
2618 4817 2858 4885 habent,
2911 4821 2974 4871 ut
3007 4815 3236 4871 nullum
3289 4815 3515 4888 absque
3549 4834 3729 4889 opere
3751 4836 3803 4872 ac

2156 4905 2355 4960 labore
2385 4905 2730 4978 suscipiant,
2755 4921 2869 4960 non
2903 4909 3021 4958 tam
3058 4908 3295 4975 propter
3323 4905 3511 4959 victus
3547 4923 3805 4962 necessa-

2159 4997 2246 5052 ria
2287 5014 2462 5069 quam
2515 5001 2753 5070 propter
2801 4996 3010 5052 animos
3071 4995 3343 5064 salutem,
3397 5013 3470 5052 ne
3528 5004 3804 5070 vagentur
3893 5029 3902 5044 -

2160 5086 2506 5160 perniciosis
2533 5085 3010 5159 cogitationibus,
3044 5089 3100 5140 et
3128 5085 3317 5140 instar
3341 5085 3694 5142 fornicantis
3724 5088 3802 5143 Je-

2161 5175 2415 5232 rusalem
2464 5192 2598 5232 cum
2650 5173 2809 5230 omni
2855 5179 3198 5230 transeunte
3254 5174 3585 5232 divaricent
3643 5177 3804 5250 pedes

2159 5282 2321 5320 SUOS.

2159 5363 2291 5418 CAP.
2343 5362 2630 5418 CLXXIX.
2695 5361 3069 5434 Ecclesiastica
3119 5365 3309 5434 officia
3337 5381 3441 5419 nec
3495 5366 3669 5422 avida
3699 5367 3805 5422 cla-

2227 5438 2373 5490 tionc
2409 5434 2665 5488 monachi
2719 5433 3043 5505 suscipiant,
3090 5433 3189 5490 nec
3219 5437 3540 5493 blandiente
3589 5437 3803 5494 desidia

2229 5514 2514 5560 respuunt.

2229 5522 2514 5576 respuunt.

2654 5577 2901 5649 August.
2926 5573 2997 5630 ad
3029 5574 3302 5631 Eustoch.

2232 5660 2346 5736 (te,
2377 5676 2433 5736 q.
2469 5664 2519 5734 1,
2556 5676 2604 5722 c.
2651 5660 2746 5722 νω
2773 5658 3005 5737 autem.)
3031 5657 3146 5719 Vcs
3177 5667 3398 5737 autem,
3432 5662 3672 5740 fratres,
3712 5678 3799 5724 ax-
