4000 6054
253 320 390 376 1173

249 445 558 504 hortamur
578 443 637 503 in
660 442 1003 512 Domino,ut
1024 443 1390 515 propositum
1416 448 1676 501 vestrum
1711 447 1900 499 custo-
1928 447 1982 511 Α

248 533 445 600 diatis,
480 538 538 589 et
568 549 755 604 usque
787 532 855 589 ad
886 532 1061 589 ﬁnem
1094 532 1223 589 vita:
1274 534 1678 603 perseveretis,
1732 548 1799 587 ac
1849 532 1897 587 si

248 639 426 694 quam
451 639 687 692 operam
707 625 956 678 vestram
980 626 1167 679 mater
1184 621 1441 678 Ecclesia
1458 621 1897 689 desideraverit,

247 728 353 769 nec
384 710 637 767 elatione
665 710 834 767 avida
865 710 1340 785 suscipiatis,nec
1373 709 1707 767 blandiente
1739 709 1897 764 desi-

243 801 339 855 dia
371 800 792 872 respuatis,sed
829 801 953 854 miti
982 801 1153 855 corde
1175 798 1589 870 obtemperetis
1618 801 1726 853 Deo
1759 815 1892 852 cum

244 890 722 954 mansuetudine,
750 894 1047 961 portantes
1070 905 1201 943 eum
1226 888 1324 959 qui
1350 905 1454 943 nos
1480 887 1754 958 regit,qui
1788 903 1895 941 nos

244 978 443 1051 dirigit
472 979 645 1033 mites
677 978 735 1032 in
768 977 1005 1047 iudicio,
1041 977 1143 1049 qui
1174 979 1341 1033 docet
1386 982 1722 1031 mansuetos
1770 975 1891 1029 vias

243 1083 404 1123 suas.
430 1067 546 1122 Nec
568 1072 828 1123 vestrum
856 1067 1038 1121 otium
1065 1066 1516 1122 necessitatibus
1539 1065 1891 1139 praeponatis

243 1157 532 1224 Ecclesiae,
566 1159 660 1213 cui
693 1157 1042 1228 parturienti
1083 1157 1132 1213 si
1182 1155 1328 1211 nulli
1378 1156 1514 1211 boni
1566 1154 1890 1210 ministrari

239 1248 446 1313 velint,
481 1248 774 1319 quomodo
806 1247 1194 1304 nasceremini
1224 1264 1341 1303 non
1373 1245 1731 1303 inveniretis.

238 1348 366 1402 Car.
400 1345 675 1401 CLXXX.
708 1345 790 1401 Ad
827 1344 1115 1401 clericatus
1164 1344 1430 1399 militiam
1468 1360 1583 1398 non
1608 1342 1889 1413 eligantur

660 1416 965 1473 desertores
992 1419 1467 1473 monasteriorum.

590 1507 836 1578 August.
875 1506 948 1561 ad
984 1504 1197 1574 Aurel,
1228 1505 1398 1577 epist.
1430 1505 1519 1559 76.

315 1594 425 1667 (16,
459 1610 515 1665 q.
548 1592 603 1663 l,
635 1610 687 1653 c.
721 1596 803 1651 Ea:
832 1594 964 1664 his.)
996 1595 1075 1650 Ex
1125 1593 1219 1649 his
1268 1593 1368 1665 qui
1416 1593 1475 1650 in
1529 1591 1884 1648 monasterio

235 1688 727 1754 permaneot,non
751 1687 947 1738 tamen
969 1680 1081 1738 nisi
1106 1682 1470 1754 probatiores
1492 1684 1668 1752 atque
1685 1679 1885 1739 melio-

1549 321 1949 374 PANORMIA.
1990 349 2053 361 ο·-
2085 321 2215 374 LIB.
2262 322 2357 373 Ill.

3519 318 3655 372 1174

2088 443 2201 513 (17,
2235 458 2292 513 q.
2325 444 2380 510 2,
2409 459 2457 497 c.
2515 445 2642 507 Nos,
2698 445 2723 509 §
2771 443 3104 513 Benedicti.)
3154 442 3310 497 Beati
3365 442 3662 498 Benedicti

2009 533 2308 598 canonica,
2346 549 2471 602 quae
2504 536 2559 586 et
2590 532 2877 602 praecipue
2911 531 3092 602 patris
3124 536 3177 585 et
3211 532 3656 602 prmdecessoris

2008 624 2193 678 nostri
2227 623 2283 677 S.
2320 621 2575 693 Gregorii
2611 639 2769 692 papae
2804 622 3145 676 constitutio
3196 626 3304 688 est,
3354 621 3655 676 interdicit

2008 712 2358 766 monachum
2393 718 2525 765 ante
2557 711 2731 764 unius
2766 711 3340 781 anni'probationem
3370 710 3540 765 effici.

2004 833 2133 883 CAP.
2196 828 2509 887 CLXXXIV.
2572 829 2708 881 Ante
2762 828 3135 901 probationem
3186 827 3418 881 triennii
3466 828 3654 883 nullus

2417 900 2473 953 in
2512 900 2847 953 monasterio
2877 901 3233 969 suscipiatur.

2476 987 2549 1041 Ex
2582 987 2837 1042 Decretis
2868 987 3171 1043 Bonifacii.

2075 1086 2185 1156 (t7,
2212 1101 2267 1156 q.
2290 1088 2416 1155 2,0.
2439 1086 2508 1141 Si
2535 1085 2785 1156 aliquis.)
2819 1084 2875 1138 Si
2910 1083 3124 1154 aliquis
3157 1084 3490 1154 incognitus
3524 1101 3649 1139 mo-

2002 1174 2323 1227 nasterium
2349 1172 2575 1244 ingredi
2599 1173 3007 1239 voluerit,ante
3029 1172 3347 1227 triennium
3377 1172 3644 1226 monachi

1999 1262 2237 1317 habitus
2259 1262 2309 1317 ei
2336 1279 2447 1317 non
2474 1265 2803 1333 praestetur,
2838 1267 2892 1315 et
2925 1260 2972 1314 si
2995 1260 3149 1314 intra
3178 1264 3300 1315 tres
3331 1276 3515 1314 annos
3549 1267 3652 1315 aut

1998 1368 2201 1406 servus
2224 1355 2324 1405 aut
2344 1349 2607 1417 colonus,
2626 1355 2725 1404 aut
2746 1349 3014 1413 libertus,
3039 1349 3321 1419 quaeritur
3343 1366 3375 1402 a
3405 1348 3641 1403 domino

1996 1440 2411 1505 suo,reddatur
2441 1440 2488 1493 ei
2523 1456 2655 1494 cum
2692 1438 2965 1494 omnibus
2993 1454 3119 1511 qua:
3147 1437 3362 1505 attulit,
3398 1438 3511 1495 ﬁde
3558 1442 3644 1491 ta-

1996 1545 2127 1583 men
2176 1532 2410 1600 accepta
2460 1529 2531 1582 de
2583 1528 2953 1599 impunitate.
3003 1527 3057 1580 Si
3093 1530 3286 1581 autem
3319 1525 3639 1579 triennium

1994 1634 2112 1671 non
2144 1616 2317 1671 fuerit
2348 1616 2689 1688 requisitus,
2710 1621 2912 1687 postea
2944 1616 3123 1689 quaeri
3158 1632 3269 1669 non
3305 1615 3644 1689 potest,nisi

1992 1706 2069 1762 sit
2095 1709 2215 1761 tam
2250 1705 2422 1777 longe
2453 1710 2516 1759 ut
2547 1705 2793 1760 inveniri
2829 1722 2943 1761 non
2977 1704 3182 1779 possit;
3211 1705 3310 1759 sed
3344 1708 3539 1761 tamen
3574 1720 3642 1758 ea

212 1789 329 1880 ,Γθῗ
361 1772 420 1827 in
452 1772 673 1880 (316me
706 1789 1008 1880 ξδδιξξηξπθ
1038 1773 1317 1880 δῗιθωυξ·
1365 1771 1487 1880 {ﬁgi
1539 1771 1683 1829 forte
1730 1769 1883 1880 aifut
1909 1814 1956 1880 Β
1990 1812 2117 1868 quas
2151 1795 2222 1850 ad
2255 1769 2679 1850 monasterium
2706 1769 3146 1865 adduxitiservi
3172 1769 3453 1848 dominus
3486 1792 3635 1847 acci-

232 1860 506 1932 vulgares
536 1861 741 1916 dicunt
775 1878 788 1918 :
822 1860 1011 1919 Malus
1044 1860 1343 1929 choraula,
1377 1861 1566 1915 bonus
1600 1859 1879 1930 sympho—

234 1950 440 2011 niacus
472 1954 582 2021 est,
606 1950 688 2007 ita
716 1950 894 2007 iidem
928 1950 1195 2022 vulgares
1227 1951 1297 2005 de
1329 1948 1497 2007 nobis
1520 1948 1881 2019 jocabuntur

228 2038 488 2097 dicentes
540 2057 553 2097 :
604 2039 790 2097 Maius
846 2040 1196 2108 monachus,
1249 2041 1439 2099 bonus
1491 2037 1738 2099 clericus
1768 2042 1874 2095 est.

228 2128 418 2184 Nimis
450 2126 788 2195 dolendum,
822 2128 871 2184 si
898 2129 971 2183 ad
1015 2133 1138 2184 tam
1184 2143 1484 2185 rumosam
1534 2126 1873 2200 superbiam

228 2216 545 2272 monachos
595 2217 1017 2289 suberigimus,
1074 2223 1131 2273 et
1180 2223 1298 2273 tam
1330 2216 1490 2289 gravi
1523 2215 1876 2272 contumelia

221 2305 462 2360 clericos
485 2306 694 2377 dignos
717 2308 1083 2382 putamus,in
1104 2323 1353 2378 quorum
1376 2322 1619 2365 numero
1643 2322 1872 2375 sumus,

219 2411 353 2449 cum
387 2394 563 2450 etiam
599 2395 909 2465 aliquando
944 2396 1135 2451 bonus
1169 2395 1495 2453 monachus
1524 2395 1618 2452 vix
1654 2394 1871 2449 bonum

219 2482 499 2539 clericum
534 2484 725 2551 faciat,
750 2486 795 2539 si
826 2486 982 2541 adsit
1013 2485 1062 2541 ei
1098 2484 1397 2540 sufficiens
1428 2483 1786 2540 continentia
1815 2489 1873 2539 et

217 2577 415 2633 tamen
451 2575 601 2629 desit
631 2575 943 2631 instructio
980 2575 1311 2631 necessaria
1343 2576 1444 2632 aut
1471 2590 1731 2649 personae
1776 2590 1869 2629 re,—

215 2661 439 2733 gularis
475 2664 801 2735 integritas.

214 2763 348 2817 CAP.
381 2762 676 2819 CLXXXI.
728 2764 824 2818 Ille
869 2763 1023 2819 debet
1068 2763 1232 2819 abbas
1282 2763 1513 2817 institui
1560 2778 1721 2832 quem
1766 2777 1871 2819 sua

286 2837 638 2905 congregatio
690 2838 743 2889 et
784 2834 1141 2905 possessionis
1182 2835 1438 2889 dominus
1486 2836 1746 2888 ordinari
1774 2848 1869 2904 po-

284 2909 536 2976 poscerit,
566 2910 618 2961 et
648 2922 760 2963 non
791 2908 1072 2962 extranei.

786 2994 1099 3065 Gregorius
1124 3010 1296 3065 papa.

292 3083 394 3152 (18,
430 3099 488 3153 q.
520 3086 574 3151 2,
608 3100 657 3138 c.
693 3084 951 3140 Abbatem
979 3088 1030 3139 et
1061 3099 1228 3154 quam
1256 3082 1400 3154 sit,§
1431 3081 1738 3153 Defuncto.)
1761 3080 1867 3136 De-

216 3171 422 3228 functo
470 3187 605 3226 vero
658 3172 867 3227 abbate
919 3172 1327 3241 cujuscunque
1375 3170 1864 3241 congregationis,

215 3275 332 3313 non
363 3264 677 3315 extraneas
709 3261 823 3315 nisi
856 3261 925 3314 de
957 3260 1159 3315 eadem
1190 3259 1659 3331 congregatione,
1688 3274 1863 3330 quem

212 3346 326 3402 sibi
352 3348 585 3419 propria
605 3348 904 3403 voluntate
927 3364 1171 3403 concors
1194 3349 1440 3403 fratrum
1468 3348 1712 3403 societas
1746 3346 1864 3401 ele-

213 3438 381 3507 gerit,
416 3442 472 3491 et
504 3438 599 3508 qui
631 3438 850 3493 electus
884 3438 1080 3506 fuerit,
1116 3438 1239 3493 sine
1271 3437 1403 3493 dolo
1435 3436 1521 3492 vel
1553 3436 1866 3492 venalitate

214 3523 413 3594 aliqua
436 3526 760 3581 ordinetur.
797 3528 957 3593 Quod
984 3527 1032 3581 si
1063 3532 1261 3597 aptam
1286 3526 1441 3581 inter
1462 3542 1522 3580 se
1554 3540 1865 3597 personam

218 3612 483 3667 invenire
509 3615 1084 3683 nequeunt,solerter
1110 3615 1219 3670 sibi
1244 3615 1314 3669 de
1335 3614 1467 3669 aliis
1497 3612 1867 3667 monasteriis

218 3699 497 3759 similiter
553 3701 773 3772 eligant
830 3703 1244 3765 ordinandum.
1296 3703 1496 3774 Neque
1552 3702 1867 3757 constituto

194 3790 428 3845 ~abbate
455 3790 729 3861 quaelibet
752 3808 1001 3861 persona
1024 3807 1374 3863 quacunque
1397 3791 1701 3846 occasione
1723 3807 1866 3861 prae-

219 3882 495 3949 ponatur,
529 3878 641 3937 nisi
676 3880 821 3936 forte
854 3881 1245 3936 existentibus
1277 3880 1458 3951 (quod
1489 3879 1702 3946 absit!)
1753 3878 1867 3933 cri-

219 3967 502 4034 minibus,
525 3984 652 4042 qum
680 3969 828 4025 sacri
858 3986 1111 4025 canones
1142 3970 1351 4041 punire
1386 3972 1737 4024 monstrant.
1760 3968 1869 4022 Pa-

216 4056 361 4115 riter
390 4061 587 4114 autem
623 4058 1078 4114 custodiendum
1113 4063 1222 4127 est,
1248 4062 1313 4113 ut
1344 4057 1524 4113 invito
1558 4058 1766 4112 abbate
1796 4057 1866 4111 ad

214 4144 547 4203 ordinanda
574 4146 690 4202 alia
721 4146 1100 4216 monasteria,
1134 4152 1237 4201 aut
1267 4148 1335 4201 ad
1370 4146 1607 4201 ordines
1647 4162 1865 4215 sacros,

214 4234 299 4291 vel
353 4234 666 4292 clericatus
716 4235 1002 4303 ofﬁcium,
1053 4235 1179 4292 tolli
1210 4236 1416 4290 exinde
1449 4235 1719 4291 monachi
1753 4250 1868 4289 non

216 4323 489 4380 debeant.

213 4423 344 4475 CAP.
376 4420 708 4476 CLXXXII.
744 4423 860 4476 Non
891 4429 1062 4491 potest
1088 4423 1269 4478 deseri
1299 4423 1637 4494 prepositum
1673 4436 1871 4475 mona-

703 4494 794 4549 chi
821 4504 1012 4563 sponte
1049 4502 1377 4566 susceptum.

641 4585 747 4637 Leo
780 4582 1019 4641 Rustico
1051 4584 1233 4653 episc.
1272 4583 1445 4640 Narb.

291 4669 400 4736 (20,
434 4686 491 4740 q.
525 4670 579 4736 3,
612 4686 661 4727 c.
712 4671 1103 4742 Pr0positum.)
1155 4671 1525 4741 Propositum
1578 4668 1870 4736 monachi,

218 4758 451 4828 proprio
477 4758 716 4812 arbitrio
740 4765 843 4813 aut
864 4759 1165 4815 voluntate
1187 4765 1528 4829 susceptum
1551 4758 1735 4817 deseri
1759 4774 1872 4814 non

217 4850 413 4916 potest
446 4846 663 4916 absque
697 4849 1121 4927 peccato.Quod
1156 4847 1313 4905 enim
1346 4847 1479 4919 quis
1529 4846 1684 4902 vovit
1735 4845 1871 4914 Deo,

216 4933 391 4987 debet
414 4938 471 4988 et
494 4934 767 5002 reddere;
805 4936 957 4990 unde
988 4942 1044 4991 et
1078 4937 1178 5007 qui
1211 4935 1412 4990 relicta
1442 4934 1873 5007 singularitatis

213 5022 499 5092 professio
514 5040 583 5077 ne
598 5024 666 5077 ad
688 5024 979 5094 militiam,
1006 5030 1062 5079 et
1081 5026 1152 5079 ad
1172 5026 1407 5096 nuptias
1427 5023 1738 5079 devolutus
1764 5028 1873 5088 est,

209 5110 458 5181 publicae
518 5113 884 5181 pmnitentiae
937 5113 1344 5168 satisfactione
1394 5113 1632 5184 purgari
1684 5112 1874 5179 debet,

210 5197 353 5268 quia
383 5199 497 5252 etsi
530 5199 817 5253 innocens
850 5200 1060 5255 militia
1094 5206 1200 5267 est,
1236 5206 1293 5256 et
1325 5202 1636 5256 honestum
1690 5203 1880 5271 potest

217 5302 352 5341 esse
403 5287 743 5356 conjugium
771 5312 785 5353 ;
832 5287 1179 5344 electionem
1213 5295 1403 5344 tamen
1437 5290 1745 5345 meliorum
1779 5292 1877 5341 de-

216 5375 478 5431 seruisse
509 5376 899 5446 transgressio
931 5382 1038 5433 est.

218 5475 353 5528 Car.
386 5472 714 5528 CLXXXIII.
749 5476 1039 5530 Monachus
1069 5484 1199 5530 ante
1230 5477 1397 5531 unius
1431 5474 1571 5530 anni
1602 5473 1879 5545 probatio-

848 5563 975 5599 nem
1005 5562 1115 5601 non
1144 5548 1261 5615 ﬁat.

260 5630 519 5691 Galixlus
550 5630 623 5688 ΙΙΙ
659 5631 885 5705 Hugoni
913 5631 1078 5691 Trev.
1112 5639 1167 5691 et
1207 5632 1559 5691 Theoderico
1592 5630 1837 5689 Vlrdun.

1986 1884 2127 1956 piat.

1986 2006 2108 2059 CAP.
2142 2000 2458 2061 CLXXXV.
2493 2003 2742 2074 [inpubes
2771 2002 3163 2074 monasterium
3194 2002 3472 2071 ingressus
3508 2004 3629 2069 post

2170 2090 2381 2131 annum
2413 2091 2446 2128 (ι
2474 2072 2802 2145 parentibus
2832 2072 3077 2131 reuocari
3107 2088 3213 2128 non
3241 2080 3436 2147 potest.

2463 2161 2638 2217 Conc.
2674 2161 2935 2233 Magunt.
2972 2177 3021 2218 c.
3054 2162 3143 2218 20.

2053 2260 2136 2329 (Ο.
2168 2261 2223 2332 2,
2258 2261 2329 2315 De
2358 2275 2470 2330 reg.
2504 2268 2554 2316 et
2588 2263 2763 2316 trans.
2800 2261 2873 2316 ad
2902 2260 3085 2333 relig.)
3114 2259 3170 2315 Si
3202 2258 3335 2330 quis
3375 2263 3508 2317 ante
3555 2259 3634 2313 le-

1982 2349 2222 2423 gitimos
2250 2364 2435 2403 annos
2470 2352 2816 2403 tonsuratus
2848 2346 3090 2415 est,sine
3117 2361 3403 2403 consensu
3439 2362 3639 2418 parem

1981 2444 2107 2493 tum
2141 2453 2407 2508 suorum,
2442 2440 2500 2491 et
2532 2435 2579 2490 si
2614 2435 2725 2509 ipsi
2758 2438 3029 2506 parentes
3062 2433 3215 2489 infra
3245 2450 3466 2489 annum
3523 2452 3636 2489 non

1984 2525 2431 2582 reclamaverint
2464 2525 2533 2578 ad
2568 2523 2915 2595 principem,
2949 2526 3051 2577 aut
3081 2521 3152 2577 ad
3188 2524 3488 2597 proprium
3523 2524 3640 2597 epi-

1983 2632 2254 2686 scopum,
2287 2618 2389 2669 aut
2421 2614 2491 2667 ad
2528 2613 2775 2668 missum
2810 2610 3056 2683 domini,
3091 2610 3149 2665 in
3182 2610 3310 2682 ipso
3360 2610 3634 2667 clericatu

1983 2708 2347 2773 permaneat,
2383 2702 2536 2758 sicut
2568 2702 2616 2756 is
2650 2702 2718 2755 de
2752 2717 2866 2771 quo
2894 2701 3165 2771 superius
3199 2699 3419 2754 dictum
3451 2706 3555 2754 est.
3579 2700 3636 2753 Si

1980 2808 2115 2847 vero
2151 2792 2385 2863 privatae
2421 2807 2683 2864 persona:
2716 2790 2869 2847 infra
2902 2806 3123 2845 annum
3158 2788 3634 2845 reclamationem

1980 2881 2243 2949 fecerint,
2278 2880 2387 2953 ipsi
2422 2880 2540 2937 sive
2574 2884 2846 2953 parentes
2877 2895 3080 2935 eorum
3138 2878 3244 2934 hoc
3293 2894 3397 2950 per
3444 2877 3631 2949 legem

1979 2969 2294 3041 exsolvent,
2346 2970 2501 3045 quod
2532 2974 2735 3027 contra
2764 2986 2862 3024 eos
2894 2972 3337 3029 contraxerunt.
3362 2966 3464 3023 Ille
3497 2983 3633 3023 vero

1980 3060 2082 3133 qui
2115 3064 2251 3115 ante
2280 3058 2574 3130 legitimos
2606 3053 2794 3117 annos
2816 3062 3158 3117 tonsuratus
3190 3060 3300 3124 est,
3336 3060 3537 3116 utrum
3571 3055 3630 3119 in

1977 3149 2179 3209 eadem
2201 3152 2444 3209 tonsura
2468 3162 2810 3222 permanere
2833 3146 3041 3206 debeat
3058 3145 3325 3212 necne,in
3350 3149 3638 3216 potestate

1977 3239 2054 3297 sit
2076 3243 2408 3309 parentum.
2452 3236 2511 3291 Si
2537 3252 2670 3293 vero
2694 3236 2745 3291 is
2772 3235 2873 3307 qui
2900 3238 3244 3295 tonsuratus
3269 3239 3356 3293 est
3386 3234 3637 3304 alicujus

1974 3344 2178 3385 servus
2214 3326 2413 3399 fuerit,
2447 3326 2682 3381 domino
2716 3342 2817 3396 per
2849 3324 3037 3394 legem
3069 3323 3413 3380 emendetur
3461 3322 3633 3395 quid-

1976 3414 2113 3487 quid
2149 3415 2218 3470 de
2249 3416 2377 3485 ejus
2411 3430 2574 3473 servo
2611 3417 2817 3469 contra
2847 3427 2983 3467 eum
3018 3414 3384 3467 contractum
3415 3410 3636 3466 est.llic

1976 3518 2108 3557 vero
2141 3504 2239 3573 qui
2271 3506 2619 3555 tonsuratus
2650 3504 2760 3566 est,
2799 3504 2996 3552 utrum
3032 3498 3089 3551 in
3134 3498 3333 3553 eadem
3388 3503 3633 3555 tonsura

1977 3595 2337 3666 permaneat,
2390 3590 2448 3647 in
2485 3592 2768 3659 potestate
2799 3587 2877 3645 sit
2911 3586 3135 3645 domini
3168 3586 3282 3645 sui.
3312 3585 3367 3640 Si
3404 3602 3536 3645 vero
3573 3585 3630 3639 hi

1979 3679 2080 3751 qui
2112 3680 2275 3734 liberi
2310 3684 2449 3733 sunt
2478 3683 2611 3734 ante
2642 3676 2933 3746 legitimos
2965 3692 3152 3732 annos
3184 3679 3285 3729 aut
3316 3679 3468 3745 post,
3522 3674 3629 3727 hoc

1980 3769 2335 3838 modo,sicut
2359 3767 2627 3839 superius
2657 3770 2967 3824 tractatum
2992 3762 3633 3829 est,tonsuratisunt,et

1979 3858 2050 3917 ad
2104 3856 2323 3929 gradus
2374 3855 2805 3915 ecclesiasticos
2860 3852 3245 3926 pervenerint,
3301 3851 3358 3905 in
3409 3851 3629 3906 eisdem

1982 3946 2265 4018 gradibus
2294 3960 2634 4016 permanere
2666 3947 2971 4015 cogantur.
3006 3941 3060 3997 Si
3096 3957 3227 3998 vero
3279 3956 3481 3995 servus
3531 3938 3630 4007 qui

1981 4034 2254 4106 superius
2287 4039 2480 4091 taxato
2514 4033 2687 4090 modo
2720 4035 3063 4089 tonsuratus
3094 4034 3203 4095 est,
3226 4031 3283 4087 et
3309 4028 3379 4083 ad
3411 4026 3629 4094 gradus

1981 4124 2410 4180 ecclesiasticos
2445 4122 2795 4193 pervenerit,
2843 4119 3078 4176 domino
3128 4132 3235 4171 suo
3290 4131 3392 4186 per
3441 4113 3629 4182 legem

1981 4213 2409 4277 emendetur,et
2440 4210 2489 4266 ei
2524 4210 2791 4265 redditus
2823 4209 2881 4265 in
2916 4224 3023 4262 suo
3058 4204 3243 4276 gradu
3276 4206 3631 4274 permaneat.

1981 4302 2098 4357 Hoc
2129 4306 2184 4356 et
2213 4302 2284 4355 de
2317 4299 2580 4354 velandis
2616 4296 2827 4369 puellis
2860 4294 3285 4350 observandum
3319 4296 3427 4348 est.

1979 4423 2105 4472 CAP.
2164 4414 2498 4469 CLXXXVI.
2562 4414 2806 4467 Tonsura
2864 4412 2948 4467 vel
3015 4412 3181 4464 vestis
3244 4408 3527 4479 religiosa,
3578 4409 3635 4463 in

2053 4489 2261 4541 minori
2316 4490 2484 4543 aetate
2532 4487 2798 4555 suscepta,
2858 4502 2890 4537 a
2934 4480 3256 4559 parentibus
3304 4482 3467 4536 irrita
3515 4480 3641 4551 ﬁeri

1901 4553 1947 4617 D
2046 4562 2241 4630 potest.

2529 4645 2702 4699 Cone.
2737 4641 2924 4705 Tolet,
2957 4658 3006 4697 c.
3034 4642 3089 4696 6.

2054 4746 2165 4817 (20,
2201 4762 2255 4816 q.
2290 4745 2345 4813 2,
2378 4760 2427 4798 c.
2462 4742 2522 4797 Si
2552 4743 2614 4797 in
2655 4740 2947 4811 qualibet.)
2997 4739 3055 4793 Si
3106 4739 3165 4793 in
3217 4738 3480 4811 qualibet
3529 4738 3636 4792 mi-

1983 4836 2108 4889 nori
2146 4831 2451 4901 mtute,.vel
2488 4830 2784 4901 religionis
2818 4827 3074 4883 debitam
3108 4832 3351 4893 vestem,
3383 4826 3470 4881 vel
3505 4831 3635 4880 ton-

1986 4940 2181 4980 suram
2217 4924 2273 4976 in
2308 4928 2557 4991 utroque
2592 4935 2729 4973 sexu
2766 4918 2924 4980 filiis,
2955 4923 3056 4971 aut
3106 4934 3261 4971 unus
3310 4920 3411 4969 aut
3468 4913 3641 4967 ambo

1987 5016 2258 5085 parentes
2290 5012 2685 5077 dederint,aut
2717 5012 2872 5062 certe
2901 5006 3237 5061 nolentibus
3259 5004 3343 5057 vel
3374 5000 3642 5055 nescien-

1987 5102 2144 5156 tibus
2176 5119 2237 5155 se
2269 5106 2629 5170 susceptam,
2663 5115 2776 5152 non
2814 5112 2943 5150 mox
2978 5096 3164 5149 visam
3219 5088 3643 5151 abdicaverint,

1986 5191 2049 5244 in
2083 5189 2241 5256 ﬁliis,
2274 5190 2373 5244 sed
2406 5188 2490 5242 vel
2524 5203 2719 5241 coram
2754 5201 2838 5251 se,
2872 5183 2959 5238 vel
2996 5197 3193 5237 coram
3229 5180 3503 5250 episcopo
3543 5194 3648 5247 pa-

1987 5279 2225 5349 lamque
2248 5278 2306 5331 in
2329 5275 2885 5342 conventu,eosdem
2912 5270 3065 5325 filios
3090 5268 3230 5323 talia
3264 5268 3475 5321 habere
3510 5280 3649 5335 per-

1988 5368 2281 5433 miserint,
2308 5366 2378 5421 ad
2406 5364 2745 5421 saecularem
2774 5360 3042 5415 habitum
3064 5356 3276 5412 reverti
3302 5354 3448 5425 ipsis
3482 5353 3645 5418 ﬁliis,

1989 5456 2346 5527 quandoque
2384 5454 2614 5525 penitus
2643 5467 2755 5504 non
2788 5448 3004 5515 licebit,
3040 5446 3140 5501 sed
3193 5442 3442 5499 convicti
3492 5442 3646 5513 quod

1988 5550 2290 5599 tonsuram
2325 5549 2425 5597 aut
2458 5541 2791 5611 religiosam
2834 5539 3051 5590 vestem
3084 5533 3399 5603 aliquando
3432 5532 3647 5586 habue-

1991 5634 2133 5699 rint,
2168 5647 2298 5689 mox
2330 5630 2401 5687 ad
2436 5624 2734 5699 religionis
2766 5623 2991 5679 cultum
3046 5622 3432 5693 habitumque
3480 5635 3644 5675 revon
