3938 6074
351 296 489 354 1175
1430 300 1494 349 D.
1535 297 1774 352 IVONIS
1810 297 2304 354 CARNOTENSIS
2338 304 2656 358 EPISCOPI

346 422 570 490 centur,
623 424 680 473 et
726 418 839 474 sub
887 420 1128 472 strenua
1175 417 1542 474 districtione
1595 419 2005 490 hujuscemodi
2043 424 2094 490 Α
2127 424 2254 477 tum
2286 423 2582 496 religionis
2611 439 2912 481 assumere
2941 422 3189 478 cultum.
3241 420 3526 492 Quisquis
3581 423 3792 475 autem

347 506 733 565 observantia
763 506 1044 562 inservire
1074 507 1734 576 cogantur.Parentibus
1764 525 1907 564 sane
1938 509 2004 562 ἢ·
2114 510 2198 565 vel
2234 512 2547 569 abolitione
2578 518 2835 570 tonsura
2868 511 2955 566 vel
2984 509 3285 566 sacularis
3316 509 3501 564 vestis
3540 525 3794 563 assum-

351 598 463 654 lios
492 613 633 652 suos
667 594 933 666 religioni
970 596 1196 650 tradere
1231 611 1346 650 non
1379 594 1653 667 amplius,
1705 613 1883 669 quam
1934 599 2006 653 ad
2117 601 2315 670 ptione
2345 603 2612 658 detectus
2641 601 2816 658 fuerit
2845 599 3116 672 attigisse
3145 598 3794 669 transgressionem,et

355 689 632 758 quartum
683 683 977 740 decimum
1031 700 1252 738 annum
1303 684 1490 739 atatis
1532 684 1766 740 licentia
1798 687 2010 757 poterit
2118 689 2746 746 excommunicationis
2773 704 3084 762 censuram
3115 686 3388 758 accipiat,
3414 691 3473 741 et
3507 684 3792 757 religioni

358 792 506 832 esse.
541 779 750 829 Postea
777 788 910 828 vero
942 788 1014 827 an
1045 787 1178 826 cum
1212 771 1511 828 voluntate
1555 781 1881 843 parentum,
1935 791 2008 830 an
2119 793 2350 849 semper
2378 778 2686 834 inhareat.

361 881 480 920 sua
509 861 831 919 devotionis
857 860 934 916 sit
963 860 1290 917 solitarium
1323 861 1661 932 votum,erit
1693 861 1848 917 {ilius
1883 862 2010 918 lici-

1274 1107 1370 1165 DE
1411 1106 1883 1179 VIRGINIBUS,
1932 1109 2197 1170 VIDUIS
2245 1111 2342 1170 ET
2388 1107 2862 1170 ABBATISSIS.

367 1234 494 1286 CAP.
523 1229 880 1304 CLXXXVII.
916 1231 1090 1304 Usque
1119 1229 1399 1304 adrannos
1427 1247 1527 1304 XII)
1539 1234 1781 1304 paterna
1820 1231 2013 1286 votun-
2127 1233 2406 1304 peccavit.
2441 1237 2566 1288 Non
2591 1231 2690 1288 illa
2710 1233 2873 1304 virgo
2896 1247 3024 1303 qua
3046 1247 3110 1286 se
3131 1228 3310 1286 semel
3337 1227 3524 1283 cultui
3550 1226 3657 1282 Dei
3694 1227 3799 1280 de-

3645 296 3792 350 1176
3868 296 3869 312 ³

714 1302 848 1357 tatis
875 1301 1062 1373 puella
1091 1303 1376 1370 subiaceat
1401 1301 1661 1358 arbitrio.

869 1391 1043 1444 Conc.
1075 1388 1308 1444 Tribur.
1343 1406 1394 1445 c.
1425 1386 1518 1444 ΖΞ.

441 1477 700 1548 (20,q.2,
729 1492 776 1530 c.
803 1476 1046 1545 Puella.)
1083 1476 1353 1548 Virgines
1383 1495 1508 1548 qua
1540 1482 1673 1533 ante
1712 1477 2019 1534 duodecim

377 1583 563 1622 annos
595 1565 804 1620 insciis
835 1565 1248 1621 mundiburdis
1281 1567 1428 1634 suis,
1470 1583 1702 1623 sacrum
1757 1567 2022 1622 velamen

379 1655 554 1726 capiti
589 1671 695 1710 suo
729 1655 1233 1726 imposuerunt,et
1263 1653 1347 1710 illi
1384 1655 1764 1710 mundiburdi
1801 1673 2023 1711 annum

381 1749 438 1800 et
467 1744 622 1848 diem
655 1743 764 1798 hoc
795 1743 1521 1848 tacendo‘consenser‘unt,
1556 1745 1614 1799 in
1649 1750 1861 1848 sancto.
1885 1761 2021 1816 pro-
2059 1769 2106 1834 Β
2140 1743 2268 1848 (3“).
2303 1743 2534 1848 CXCII'L
2571 1793 2792 1847 meum

388 1833 574 1905 posito
606 1837 1069 1904 permaneant,et
1100 1833 1147 1886 si
1172 1832 1228 1886 in
1254 1832 1528 1903 pradicto
1561 1852 1713 1889 anno
1735 1840 1790 1888 et
1810 1835 1900 1890 die
1927 1851 2030 1906 pro

393 1921 514 1977 illis
545 1937 604 1975 se
636 1919 1142 1992 proclamaverint,
1190 1921 1453 1992 petitioni
1503 1939 1706 1978 eorum
1757 1939 2035 1979 assensus

401 2013 750 2084 prabeatur,
783 2012 894 2064 nisi
929 2009 1026 2064 Dei
1059 2011 1204 2064 forte
1233 2008 1439 2065 timore
1468 2011 1627 2080 tacti,
1660 2029 1794 2068 cum
1834 2028 2036 2070 eorum

398 2099 634 2155 licentia
663 2099 722 2154 in
755 2097 1052 2168 religionis
1082 2097 1283 2152 habitu
1316 2105 1704 2170 perseverent.

395 2200 526 2253 CAP.
557 2195 951 2252 CLXXXVIII.
983 2198 1067 2251 Ex
1094 2196 1324 2251 concilio
1357 2196 1829 2268 Carthaginiensi,
1861 2216 1912 2254 c.
1946 2202 2034 2256 11.

465 2283 938 2342 Sanctimonialis
997 2285 1179 2356 virgo,
1228 2301 1360 2340 cum
1414 2287 1484 2340 ad
1535 2289 2035 2345 consecrationem

394 2391 502 2432 suo
532 2374 808 2446 episcopo
859 2375 1100 2428 offertur
1150 2375 1208 2428 in
1267 2374 1484 2430 talibus
1538 2377 1798 2432 vestibus
1849 2377 2038 2448 appli-

395 2471 578 2532 cetur,
635 2464 910 2534 qualibus
959 2479 1191 2534 semper
1240 2480 1421 2518 usura
1468 2469 1557 2519 est
1606 2465 1952 2536 professioni
1982 2470 2041 2522 et

393 2553 791 2610 sanctimonia
821 2552 995 2624 aptis.

394 2648 522 2699 CAP.
555 2637 899 2698 CLXXXIX.
934 2642 1055 2696 Non
1084 2641 1196 2696 nisi
1223 2645 1386 2698 certis
1413 2645 1603 2700 diebus
1635 2647 1878 2700 velamen
1931 2649 2038 2700 im-

838 2716 1064 2784 ponitur
1093 2714 1233 2782 ipsis
1264 2715 1593 2786 virginibus.

800 2807 877 2856 Ex
911 2803 1162 2858 Decretis
1192 2803 1429 2873 Gelasii,
1462 2821 1513 2859 c.
1545 2808 1633 2861 2t.

473 2891 582 2960 (20,
614 2906 671 2960 q.
707 2891 756 2957 1,
790 2907 839 2945 c.
873 2891 1086 2946 Devotis
1117 2893 1470 2964 virginibus.)
1525 2894 1754 2950 Devotis
1810 2911 2043 2966 quoque

398 2979 729 3052 virginibus
761 2979 874 3036 nisi
906 2984 1006 3035 aut
1035 2981 1094 3034 in
1127 2981 1451 3052 Epiphania
1477 2989 1577 3038 aut
1609 2983 1662 3038 in
1695 2983 1858 3039 Albis
1908 3001 2040 3054 pas-

401 3067 692 3138 chalibus,
725 3075 826 3124 aut
876 3069 934 3122 in
990 3071 1384 3139 apostolorum
1441 3071 1756 3140 Natalitiis,
1811 3089 2040 3127 sacrum

403 3157 648 3213 minime
679 3158 1016 3228 imponatur
1041 3157 1330 3222 velamen,
1384 3163 1440 3213 et
1489 3176 1605 3215 non
1651 3167 1785 3216 ante
1833 3161 2040 3232 viginti

399 3245 658 3318 quinque
705 3262 911 3312 annos,
969 3244 1082 3300 nisi
1130 3246 1298 3314 forte,
1351 3246 1504 3302 sicut
1561 3249 1631 3303 de
1690 3250 2040 3320 baptismate

399 3335 624 3392 dictum
673 3338 784 3400 est,
832 3334 995 3406 gravi
1028 3333 1308 3405 languore
1339 3338 1640 3406 correptis,
1676 3353 1747 3392 ne
1778 3336 1904 3393 sine
1935 3338 2040 3394 hoc

399 3440 641 3482 munere
704 3425 776 3480 de
833 3423 1047 3479 saculo
1114 3428 1342 3493 exeant,
1401 3423 1858 3496 implorantibus
1925 3443 2042 3482 non

401 3518 664 3586 negetur.

401 3607 532 3660 CAP.
565 3603 718 3658 CXC.
749 3603 888 3657 Ante
916 3603 1238 3670 vigesimum
1268 3604 1526 3674 quintum
1552 3621 1764 3659 annum
1795 3604 2047 3678 virgines

954 3690 1061 3728 non
1093 3685 1494 3730 consecrantur.

883 3761 960 3816 Ex
989 3761 1246 3818 Decretis
1275 3763 1359 3818 Pii
1391 3780 1573 3835 papa.

479 3853 590 3924 (20,
626 3869 682 3924 q.
718 3855 768 3920 1,
800 3868 850 3907 c.
889 3852 1179 3922 Virgines.)
1212 3851 1282 3907 Ut
1311 3853 1568 3924 virgines
1622 3870 1735 3909 non
1786 3854 2054 3910 velentur

409 3947 542 3998 ante
572 3958 680 3996 xxv
710 3957 917 4010 annos,
951 3941 1062 3995 nisi
1099 3940 1244 3996 forte
1277 3942 1624 3998 necessitate
1663 3943 2052 4014 periclitantis

405 4029 709 4103 virginalis
741 4029 1054 4102 pudicitia,
1087 4035 1144 4084 et
1175 4045 1288 4084 non
1340 4035 1482 4085 sunt
1534 4032 1942 4086 consecranda
1992 4033 2051 4087 in

407 4120 522 4176 alio
551 4118 956 4191 tempore,nisi
989 4118 1048 4172 in
1084 4117 1489 4189 Epiphania,et
1519 4119 1574 4173 in
1609 4119 1773 4174 Albis
1807 4120 2051 4191 pascha-

406 4209 648 4277 libus,et
667 4208 728 4263 in
753 4206 1150 4280 apostolorum
1175 4206 1606 4278 Natalitiis,nisi
1640 4225 1820 4264 causa
1848 4210 2054 4264 mortis

408 4302 675 4369 urgente.

407 4389 542 4443 CAP.
575 4385 756 4443 CXCI.
791 4388 871 4441 Ex
898 4385 1125 4441 decretis
1176 4387 1491 4509 Ρῖἰὸραρέε,
1544 4390 1601 4441 et
1648 4403 1807 4442 conc.
1859 4385 2052 4441 Milev.

1139 4471 1188 4509 c.
1300 4497 1312 4509 .

1139 4471 1188 4509 Ο.
1228 4471 1312 4509 10.

484 4546 648 4612 Item,
670 4544 889 4616 placuit
913 4548 974 4599 ut
995 4545 1327 4615 quicunque
1358 4545 1763 4615 episcoporum
1799 4545 2048 4600 necessi-

411 4637 531 4690 tate
559 4633 947 4706 periclitantis
977 4633 1272 4705 pudicitia
1304 4631 1626 4702 virginalis,
1659 4633 1745 4688 vel
1779 4650 1909 4688 cum
1955 4649 2053 4703 pe-

413 4723 552 4778 titor
582 4727 809 4794 potens,
839 4722 926 4777 vel
959 4726 1158 4792 raptor
1187 4719 1401 4790 aliquis
1447 4722 1816 4787 formidatur,
1867 4721 1952 4775 vel
2004 4721 2053 4775 si

413 4812 591 4868 etiam
625 4812 942 4884 aliquando
973 4809 1181 4864 mortis
1211 4809 1537 4879 periculoso
1568 4810 1846 4881 scrupulo
1899 4827 2052 4864 com-

413 4905 632 4974 puncta
663 4901 856 4970 fuerit,
892 4915 964 4954 ne
994 4914 1110 4952 non
1143 4896 1330 4951 velata
1364 4899 1668 4967 moriatur,
1691 4906 1792 4954 aut
1821 4900 2055 4971 exigen-

412 4990 571 5046 tibus
602 4988 969 5061 parentibus,
1004 4989 1106 5037 aut
1134 4982 1226 5036 bis
1261 4985 1330 5036 ad
1361 5000 1613 5055 quorum
1645 5003 1846 5040 curam
1880 4987 2052 5057 parti.

410 5085 528 5147 net,
553 5078 827 5133 velaverit
848 5073 1153 5140 virginem,
1187 5088 1286 5125 seu
1313 5073 1518 5128 velavit
1547 5075 1697 5128 intra
1719 5092 1825 5128 xxv
1847 5092 2055 5143 annos,

411 5184 526 5222 non
558 5167 608 5221 ei
636 5166 793 5221 obsit
823 5161 1320 5230 consilium,quod
1355 5163 1424 5214 de
1457 5161 1566 5216 isto
1599 5179 1842 5218 numero
1873 5180 2054 5218 anno-

411 5273 542 5312 rum
574 5255 962 5310 constitutum
998 5256 1108 5305 est.

413 5353 546 5408 CAP.
581 5351 792 5406 CXCII.
825 5349 1247 5420 Damnationem
1271 5346 1513 5408 habebit.
1547 5347 1597 5400 si
1640 5353 1888 5418 nupserit
1939 5366 2058 5420 qua

947 5418 1321 5489 virginitatem
1363 5421 1525 5473 vovit.

937 5509 1170 5563 Hieron.
1203 5509 1273 5562 ad
1309 5507 1541 5563 Lucian.

395 5641 402 5646 ρ
493 5598 662 5668 (Dist.
694 5600 785 5667 22,
816 5614 868 5666 c,
898 5599 966 5654 Si
991 5597 1286 5668 nupserit.)
1335 5597 1394 5653 Si
1446 5596 1713 5667 nupserit
1757 5613 1893 5668 ergo
1943 5615 2058 5654 non

2129 1321 2361 1384 dicavit;
2381 1323 2595 1378 harum
2625 1323 2782 1378 enim
2814 1326 2863 1378 si
2898 1338 3016 1393 qua
3041 1319 3328 1391 nupserit,
3347 1317 3594 1373 habebit
3623 1317 3799 1371 dam-

2129 1410 2427 1466 nationem
2490 1411 2646 1482 quod
2708 1410 2957 1482 primam
3010 1409 3186 1463 fidem
3237 1407 3467 1462 irritam
3523 1405 3689 1460 fecit.
3740 1405 3797 1458 Si

2132 1503 2328 1554 autem
2381 1500 2486 1555 hoc
2536 1501 2608 1555 de
2639 1498 2829 1554 viduis
2858 1497 3199 1568 objecerint,
3233 1499 3456 1568 quanto
3494 1495 3698 1566 magis
3730 1494 3797 1548 de

2131 1587 2492 1660 virginibus;
2529 1587 2879 1659 pravalebit,
2913 1602 3046 1641 cum
3080 1584 3174 1641 his
3223 1584 3396 1641 etiam
3450 1600 3571 1639 non
3624 1582 3798 1637 liceat

2135 1677 2355 1748 quibus
2385 1676 2707 1748 aliquando
2739 1675 2991 1732 licuerit.

2839 1800 2969 1846 sunt
3013 1790 3253 1862 virgines
3299 1805 3420 1862 qua
3455 1796 3581 1861 post
3609 1804 3799 1843 conse-

2682 1866 2981 1919 crationem
3010 1865 3244 1917 nubunt.

2218 1961 2379 2030 (Dist.
2409 1965 2500 2028 27,
2535 1978 2582 2016 c.
2620 1962 2983 2030 Virginibus.)
3013 1959 3279 2031 Virgines
3309 1957 3467 2013 enim
3501 1973 3638 2029 quae
3667 1961 3797 2028 post

2146 2050 2642 2106 consecrationem
2675 2053 3146 2122 nupserunt,non
3173 2053 3289 2103 tam
3314 2047 3596 2103 adultera
3621 2060 3797 2118 quam

2143 2137 2379 2194 incesta
2403 2145 2560 2194 sunt.

2145 2258 2274 2310 CAP.
2310 2255 2552 2310 CXCIV.
2587 2255 2867 2309 .lbbatissa
2896 2268 3240 2324 praesumens
3283 2251 3469 2307 velare
3515 2250 3800 2319 virginem

2521 2326 2605 2381 vel
2636 2326 2856 2380 viduam
2888 2325 3411 2380 excommunicetur.

2407 2415 2486 2470 Ex
2515 2414 2769 2470 Decretis
2799 2413 3088 2469 Euticiani
3121 2430 3305 2484 papa,
3337 2429 3388 2468 c.
3424 2412 3514 2466 13.

2220 2513 2331 2583 (20,
2363 2529 2420 2584 q.
2455 2529 2506 2568 c.
2535 2512 2888 2582 Statuimus.)
2921 2510 3318 2566 Nihilominus
3349 2510 3527 2565 etiam
3564 2509 3625 2563 in
3675 2508 3801 2579 qui-

2150 2601 2396 2656 busdam
2444 2599 2587 2655 locis
2636 2600 2895 2655 inditum
2945 2599 3276 2654 invenimus
3330 2615 3507 2653 usum
3541 2596 3799 2653 stultitia

2151 2691 2409 2763 plenum,
2433 2695 2489 2744 et
2517 2688 2921 2745 ecclesiastica
2953 2687 3282 2744 auctoritati
3313 2687 3706 2751 contrarium,
3737 2702 3797 2739 eo

2149 2779 2422 2835 videlicet
2454 2779 2608 2849 quod
2644 2777 2938 2833 nonnulla
2982 2777 3315 2844 abbatissa,
3364 2781 3423 2832 et
3477 2775 3688 2846 aliqua
3737 2791 3799 2828 ex

2151 2865 2922 2936 sanctimonialibus,viduis
2943 2873 3000 2922 et
3020 2865 3229 2936 puellis
3241 2865 3800 2936 virginibus,contra

2153 2959 2239 3012 fas
2271 2955 2457 3012 velum
2492 2956 2793 3027 imponere
2824 2959 3205 3026 praeumant,
3239 2958 3296 3009 et
3325 2955 3454 3009 ideo
3503 2951 3798 3008 nonnulla

2153 3046 2372 3116 injuste
2419 3045 2618 3101 velata
2667 3047 2884 3115 putant
2928 3060 2990 3098 se
3039 3043 3284 3098 liberius
3310 3041 3435 3097 suis
3462 3041 3797 3096 carnalibus

2075 3127 2118 3193 C
2159 3151 2329 3208 posse
2351 3134 2652 3202 inservire,
2674 3138 2731 3189 et
2751 3150 2817 3188 su
2828 3150 2891 3188 as
2913 3131 3240 3204 voluptates
3259 3131 3511 3202 explere.
3538 3133 3798 3201 Quapro-

2152 3231 2277 3296 pter
2306 3222 2624 3278 statuimus
2655 3225 2720 3276 ut
2750 3221 2799 3276 si
2831 3220 3128 3276 abbatissa
3150 3224 3252 3275 aut
3281 3218 3564 3290 qualibet
3595 3218 3799 3274 sancti-

2151 3309 2424 3368 monialis
2457 3315 2587 3382 post
2617 3310 2766 3365 hanc
2798 3309 3200 3364 definitionem
3233 3308 3290 3362 in
3332 3313 3561 3363 tantam
3619 3308 3787 3362 auda-

2152 3399 2299 3456 ciam
2335 3397 2759 3470 proruperit,ut
2791 3402 2892 3452 aut
2923 3397 3159 3453 viduam
3186 3401 3288 3451 aut
3318 3396 3573 3468 puellam
3610 3397 3790 3452 velare

2154 3486 2716 3560 prasumatjudicio
2738 3485 3017 3541 canonico
3042 3501 3229 3556 usque
3250 3486 3320 3540 ad
3342 3485 3796 3541 satislactionem

2155 3577 2458 3632 subdatur.

2237 3697 2364 3748 CAP.
2399 3691 2602 3747 CXCV.
2634 3689 3003 3816 Boni/going")
2984 3693 3203 3761 martyr
3230 3688 3577 3744 Hildrivatdo
3606 3691 3726 3757 regi

2846 3779 2918 3816 na
3008 3777 3152 3816 rum.

2846 3777 3152 3830 age-torum.

2229 3861 2398 3933 Apud
2429 3861 2653 3916 Gracos
2701 3864 2757 3914 et
2805 3862 3095 3913 Romanos
3144 3856 3314 3928 quasi
3372 3856 3797 3929 blasphemiam

2162 3951 2274 4006 Deo
2307 3952 2646 4019 irrogasset,
2678 3948 2777 4019 qui
2812 3948 2869 4002 in
2902 3946 3012 4002 hoc
3045 3962 3180 4001 reus
3211 3946 3296 4012 fit,
3341 3951 3407 4001 ut
3454 3946 3690 4017 proprie
3736 3946 3802 4000 de

2161 4040 2271 4094 hoc
2292 4043 2523 4109 peccato
2541 4041 2676 4092 ante
2693 4052 2716 4093 ε
2731 4035 3123 4090 rdinationem
3148 4035 3566 4106 interrogatus,
3591 4035 3643 4090 si
3678 4051 3803 4089 reus

2163 4127 2336 4184 fuerit
2364 4127 2657 4195 inventus,
2678 4129 2745 4179 ut
2774 4140 2908 4180 cum
2941 4122 3127 4179 velato
3156 4127 3215 4179 et
3243 4128 3586 4179 consecrata
3615 4139 3804 4177 nonna

2162 4217 2598 4282 concubuisset,
2630 4214 2702 4268 ab
2733 4211 2891 4269 omni
2924 4213 3106 4284 gradu
3143 4212 3450 4268 sacerdotii
3477 4211 3580 4267 Dei
3612 4211 3800 4283 probi-

2164 4306 2664 4374 beretur.Propter
2684 4299 2906 4368 hoc,fili
2932 4300 3290 4368 mi,sollicite
3313 4299 3800 4356 considerandum

2162 4403 2251 4450 est
2276 4393 2476 4466 quanti
2503 4389 2775 4464 ponderis
2799 4389 2907 4444 hoc
2929 4394 3231 4461 peccatum
3269 4405 3398 4444 esse
3421 4387 3650 4443 videtur
3680 4395 3803 4444 ante

2082 4490 2126 4554 [)
2158 4484 2359 4539 oculos
2380 4479 2839 4550 aternijudicis,
2859 4478 3013 4549 quod
3043 4478 3348 4533 facientem
3376 4479 3530 4532 inter
3561 4477 3801 4532 idolola-

2162 4573 2282 4626 tria
2317 4585 2511 4624 servos
2543 4566 2944 4632 constituet,et
2973 4583 3007 4621 a
3052 4566 3246 4621 divino
3295 4566 3621 4620 ministerio
3666 4566 3802 4620 alta-

2165 4661 2244 4715 ris
2277 4658 2530 4728 abjiciet,
2563 4655 2702 4711 licet
2735 4659 2870 4711 ante
2897 4661 3132 4726 peracta
3163 4655 3503 4726 pauitantia
3552 4656 3801 4711 reconci-

2164 4749 2340 4804 liatus
2371 4747 2447 4802 sit
2477 4750 2610 4800 Deo.

2278 4865 2410 4919 CAP.
2440 4860 2668 4917 CXCVI.
2702 4863 2784 4914 Ex
2814 4858 3054 4916 concilio
3087 4859 3526 4930 Rothomagensi,
3559 4878 3608 4916 c.
3641 4861 3695 4915 9.

2234 4981 2322 5048 26,
2358 4996 2414 5050 q.
2450 4979 2500 5044 1,
2535 4995 2584 5032 c.
2622 4977 2818 5032 Viduas
2847 4977 3076 5046 autem.)
3124 4977 3418 5031 Statutum
3470 4983 3562 5032 est
3608 4978 3802 5030 viduas

2167 5086 2279 5123 non
2315 5068 2486 5122 velari
2521 5068 2750 5132 debere;
2773 5065 3050 5120 similiter
3078 5069 3134 5120 et
3165 5066 3272 5119 hoc
3299 5073 3591 5120 statutum
3625 5072 3730 5134 est,
3751 5070 3804 5118 ut

2167 5158 2214 5212 si
2249 5156 2544 5227 quispiam
2578 5155 3052 5224 presbyterorum
3085 5153 3360 5224 deinceps
3394 5153 3576 5224 hujus
3606 5155 3805 5208 consti-

2166 5245 2410 5300 tutionis
2444 5259 2661 5298 norma
2693 5241 3121 5297 contumaciter
3143 5247 3549 5312 transgressor
3578 5245 3803 5297 exstite-

2169 5332 2481 5396 rit,scilicet
2515 5337 2582 5384 ut
2609 5330 2842 5400 aliquas
2871 5329 3078 5384 viduas
3107 5327 3298 5384 velare
3329 5331 3805 5401 prasumat,quia

2167 5425 2224 5476 et
2253 5421 2362 5474 hoc
2391 5419 2684 5490 episcopis
2715 5435 2827 5473 non
2871 5417 3026 5482 licet,
3076 5419 3294 5488 gradus
3341 5419 3436 5473 sui
3487 5420 3802 5490 periculum

2169 5510 2450 5574 incurrat,
2481 5506 2753 5562 similiter
2781 5511 2838 5560 et
2868 5507 2937 5561 de
2969 5505 3181 5577 puellis
3205 5507 3536 5579 virginibus
3569 5526 3602 5562 a
3653 5524 3803 5579 pres-

2170 5597 2388 5670 byteris
2432 5613 2544 5652 nou
2596 5594 2890 5664 velandis;
2924 5599 3211 5651 statutum
3241 5601 3328 5651 est
3353 5600 3414 5651 ut
3454 5595 3506 5652 si
3537 5597 3674 5669 quis
3704 5597 3806 5654 ho-
