4000 6054
236 218 394 273 1177

1562 212 1961 267 PANORMIA.
1998 241 2063 250 ~---
2100 213 2231 263 LIB.
2273 214 2371 265 III.

3529 203 3668 258 1178

233 344 438 399 facere
469 341 801 411 tentaverit,
834 344 1118 412 tanquam
1158 343 1560 411 transgressor
1608 351 1899 393 canonum
1932 335 1985 401 Α
2016 349 2242 389 sacram
2276 332 2613 404 religionem
2636 336 2695 386 et
2734 329 2908 400 pallio
2967 328 3160 401 capita
3214 330 3547 399 contegunt,
3609 332 3666 383 et

233 434 683 578 Siligingiggl’ll.
721 520 873 589 Quod
902 519 1086 575 viduae
1113 519 1268 573 nullo
1297 518 1452 574 modo
1481 526 1610 573 sunt
1632 516 1897 573 velandae.

319 613 429 680 (27,
467 628 525 682 q.
559 613 612 679 1,
644 627 695 666 c.
733 609 939 665 Viduas
969 608 1204 679 autem.)
1237 608 1458 663 Viduas
1481 613 1676 663 autem
1707 606 1899 662 velare

233 700 593 773 pontificum
623 698 823 755 nullus
882 702 1087 768 tentet,
1136 700 1308 768 prout
1370 700 1653 752 statutum
1712 698 1801 750 est
1840 695 1897 749 in

233 789 506 844 Decretis
537 788 773 857 Gelasii,
806 786 1064 859 capitulo
1100 787 1184 849 13,
1218 785 1373 857 quod
1424 801 1529 840 nec
1580 783 1898 841 auctoritas

235 878 450 933 divina
469 894 573 933 nec
596 893 887 933 canonum
908 875 1097 931 forma
1120 874 1412 946 praestitit.
1434 875 1567 939 Quae
1592 874 1640 929 si
1669 874 1900 946 propria

236 967 549 1022 voluntate
574 965 997 1022 continentiam
1028 964 1204 1020 fuerit
1236 964 1515 1036 professa,
1550 963 1636 1019 vel
1660 963 1719 1018 in
1739 964 1899 1034 ejus-

238 1057 384 1110 dem
418 1054 633 1111 Gelasii
663 1055 921 1126 capitulo
949 1058 1010 1109 2t
1047 1053 1261 1126 legitur
1290 1055 1417 1124 ejus
1448 1052 1692 1109 intentio
1716 1070 1818 1125 pro
1842 1068 1900 1108 se

238 1144 459 1199 reddat
487 1144 773 1199 rationem
799 1143 936 1208 Deo,
970 1142 1108 1214 quia
1127 1142 1299 1211 sicut,
1322 1144 1648 1198 secundum
1675 1148 1903 1215 aposto-

240 1234 401 1304 lum,
435 1234 484 1289 si
518 1232 813 1289 continere
843 1250 905 1288 se
954 1250 1069 1287 non
1113 1236 1354 1304 poterat,
1408 1232 1746 1290 nullatenus
1792 1251 1901 1287 nu-

242 1322 391 1377 bere
448 1321 772 1389 vetabatur,
831 1322 916 1377 sic
974 1338 1173 1377 secum
1234 1320 1433 1376 habita
1485 1322 1901 1379 deliberatione

246 1408 611 1479 promissam
646 1410 819 1464 ﬁdem
854 1410 1147 1481 pudicitiae
1196 1409 1311 1465 Deo
1361 1412 1533 1466 debet
1582 1412 1898 1469 custodire.

239 1495 375 1551 Non
409 1502 601 1552 autem
636 1498 980 1552 auctoritate
1014 1499 1245 1554 Patrum
1271 1499 1496 1554 suifulti
1522 1502 1577 1555 in
1604 1501 1712 1556 hoc
1736 1518 1901 1557 sacro

244 1590 541 1641 conventu
574 1588 872 1642 sancimus
903 1594 958 1643 et
988 1587 1166 1643 libere
1189 1590 1552 1659 judicamus,
1596 1591 1645 1645 si
1695 1596 1901 1663 sponte

242 1672 539 1745 velamen,
574 1677 841 1746 quamvis
874 1695 987 1732 non
1021 1683 1447 1743 consecratum,
1472 1680 1581 1734 sibi
1614 1680 1905 1753 imposue-

248 1764 352 1831 rit,
390 1769 447 1819 et
479 1765 536 1819 in
569 1764 826 1821 Ecclesia
857 1766 1009 1822 inter
1039 1766 1259 1823 velatas
1290 1768 1646 1825 oblationem
1669 1770 1783 1826 Deo
1804 1773 1904 1827 ob-

258 1852 485 1919 tulerit,
518 1853 657 1910 velit
686 1854 851 1924 nolit,
885 1855 1284 1911 sanctimoniae
1333 1857 1601 1912 habitum
1661 1858 1908 1917 ulterius

258 1941 481 1997 habere
513 1944 703 2011 debet,
738 1943 872 1999 licet
902 1953 1267 2001 sacramento
1301 1947 1648 2002 confirmare
1673 1947 1808 2004 velit
1840 1967 1905 2006 eo

257 2035 463 2087 tenore
488 2036 544 2088 et
557 2034 778 2088 ratione
800 2033 1060 2089 velamen
1077 2035 1189 2090 sibi
1210 2035 1588 2107 imposuisse,
1607 2040 1671 2092 ut
1692 2038 1903 2095 iterum

255 2125 462 2191 posset
491 2122 800 2194 deponere.

254 2234 391 2291 CAP.
426 2237 713 2316 CXCVIII.
761 2239 875 2294 Non
925 2242 999 2295 est
1038 2240 1219 2295 viduis
1256 2244 1546 2316 fasupost,
1594 2248 1905 2316 susceptum

510 2310 778 2374 velamen,
812 2328 845 2364 a
864 2327 1018 2367 sacro
1048 2312 1319 2383 proposito
1350 2313 1649 2372 discedere.

326 2396 421 2463 (27
450 2414 508 2467 q.
544 2398 593 2465 1,
627 2415 677 2453 c.
719 2399 914 2455 Viduas
938 2403 1098 2472 quae.)
1131 2401 1352 2457 Viduas
1412 2420 1543 2474 qua:
1602 2407 1674 2461 ab
1730 2406 1900 2461 altari

253 2501 491 2539 sacrum
526 2485 785 2542 velamen
818 2494 1190 2560 acceperunt,
1234 2496 1556 2562 spontanee
1609 2494 1901 2551 voluntate

252 2590 436 2629 sacrae
487 2577 903 2646 conversionis,
955 2579 1216 2634 decernit
1272 2586 1474 2636 sancta
1533 2584 1791 2654 synodus
1840 2585 1899 2641 in

252 2663 460 2717 eodem
491 2664 788 2735 proposito
824 2683 1182 2737 permanere.
1216 2669 1340 2724 Non
1364 2671 1521 2726 enim
1551 2674 1638 2727 fas
1659 2689 1785 2728 esse
1809 2675 1900 2728 de-

254 2751 554 2807 cernimus
584 2757 648 2807 ut
670 2758 983 2826 postquam
1015 2773 1074 2811 se
1107 2756 1287 2812 semel
1319 2759 1435 2815 Deo
1466 2761 1576 2815 sub
1608 2761 1731 2817 velo
1772 2780 1900 2818 con—

251 2840 625 2908 secraverint,
660 2847 717 2897 et
744 2843 898 2899 inter
928 2844 1147 2901 velatas
1167 2847 1521 2904 oblationem
1556 2851 1898 2919 obtulerint,

249 2927 462 2983 iterum
495 2928 580 2985 eis
610 2933 847 2987 concedi
879 2933 1118 3004 Spiritui
1146 2939 1349 2992 sancto
1390 2939 1648 2996 mentiri.

249 3045 382 3098 CAP.
425 3044 651 3134 CXCIX.
685 3050 806 3103 Non
824 3049 1182 3134 permittitur
1220 3052 1403 3134 vidua?
1448 3057 1563 3123 post
1603 3059 1894 3126 professio-
1926 3069 1968 3134 α

558 3133 683 3171 nem
711 3119 1069 3176 continentia:
1102 3132 1285 3177 votum
1316 3119 1578 3180 deserere.

674 3206 948 3263 Nicolaus
980 3210 1179 3264 Carolo
1210 3211 1468 3284 archiep.

320 3292 430 3363 (27,
466 3310 524 3364 q.
558 3298 609 3363 1,
641 3312 691 3350 c.
726 3297 940 3367 Vidua.)
985 3300 1176 3354 Vidua
1235 3302 1471 3373 quidem
1532 3320 1659 3374 quae
1717 3305 1893 3377 capiti

249 3380 597 3453 imposuerit
627 3401 856 3440 sacrum
888 3386 1175 3456 velamen,
1211 3389 1260 3443 si
1292 3390 1444 3444 inter
1469 3396 1706 3447 caeteras
1735 3394 1894 3448 vela-

250 3473 337 3524 tas
374 3470 617 3525 feminas
646 3472 705 3525 in
738 3474 976 3528 ecclesia
1006 3476 1274 3544 oraverit,
1299 3482 1355 3532 et
1384 3479 1734 3535 oblationem
1761 3499 1894 3537 cum

251 3557 369 3612 illis
399 3558 696 3629 obtulerit,
730 3560 776 3614 si
812 3562 1071 3631 professa
1099 3570 1186 3619 est
1219 3565 1275 3619 in
1298 3567 1502 3621 eodem
1534 3568 1734 3623 habitu
1774 3587 1896 3640 per-

253 3662 508 3716 manere,
567 3650 883 3719 spondens,
944 3668 1249 3724 nunquam
1293 3652 1592 3726 religionis
1627 3657 1892 3714 velamen

252 3736 561 3807 deponere,
597 3754 629 3791 a
660 3738 959 3809 religionis
1013 3743 1387 3799 observantia
1431 3746 1726 3801 discedere
1778 3764 1892 3802 non

253 3829 586 3895 praesumat.

253 3938 380 3995 CAP.
414 3941 517 3995 CC.
551 3943 683 3996 Ante
708 3946 1009 4013 pro/essum
1029 3946 1427 4002 continentiam
1457 3950 1668 4006 nubant
1712 3954 1895 4010 virtute

848 4016 1045 4083 quibus
1078 4018 1290 4072 volunt.

701 4104 939 4171 August.
976 4106 1049 4158 De
1078 4105 1212 4159 bono
1240 4106 1439 4161 viduit.

320 4190 431 4259 (27,
465 4188 686 4259 q.1,c.
754 4192 975 4263 Viduas.)
1031 4193 1230 4248 Viduas
1288 4211 1416 4265 quas
1476 4214 1537 4252 se
1595 4199 1895 4254 continent

251 4278 467 4331 nubant
498 4284 810 4348 antequam
846 4282 1119 4351 professae
1146 4285 1571 4340 continentiam
1628 4292 1738 4342 Deo
1792 4305 1891 4342 vo-

254 4370 454 4432 veant;
486 4367 639 4436 quod
677 4367 789 4422 nisi
822 4370 1087 4437 reddant,
1115 4373 1250 4441 jure
1275 4374 1648 4429 damnantur.

2014 423 2409 493 conscriptam
2442 422 2891 489 roboratamque
2941 417 3363 489 professionem
3424 416 3661 484 faciant,

2008 511 2510 582 scriptoremque:
2535 514 2665 581 post
2688 525 2864 580 quam
2882 507 3229 578 scripturam
3245 523 3359 561 non
3392 505 3663 560 sinuntur

2010 601 2187 657 relabi
2223 602 2292 656 ad
2329 600 2823 673 praevaricationis
2854 597 3184 653 audaciam.
3234 597 3367 659 Quae
3398 612 3531 650 vero
3592 612 3661 651 ex

2009 689 2101 744 his
2133 690 2409 745 omnibus
2433 689 2653 744 fuerint
2676 692 2914 759 repertae
2942 687 3205 741 animum
3228 689 3328 739 aut
3352 694 3572 739 vestem
3598 682 3657 737 in

2006 778 2534 849 transgressionem
2571 776 2826 839 dedisse,
2858 772 3480 830 excommunicationis
3526 788 3658 827 sen-

2008 868 2251 922 tentiam
2299 868 2504 933 ferant,
2537 871 2593 922 et
2649 882 2854 920 rursus
2885 868 3108 919 mutato
3169 861 3376 917 habitu
3410 862 3469 916 in
3528 879 3655 916 mo-

2009 957 2281 1012 nasteriis
2310 957 2490 1011 donec
2516 956 2669 1010 diem
2689 954 2958 1009 ultimum
2984 952 3281 1021 claudant,
3301 951 3411 1006 sub
3447 968 3661 1005 aerum-

2010 1048 2102 1103 nis
2127 1048 2224 1102 ard
2238 1065 2319 1101 use
2349 1045 2701 1117 paenitentiae
2725 1048 3107 1117 permaneant
3139 1042 3415 1115 religatae.

2009 1193 2143 1249 CAP.
2177 1192 2358 1247 CCIII.
2394 1190 2659 1247 Transire
2678 1206 2785 1245 non
2814 1196 3037 1260 possunt
3064 1187 3264 1251 ,viduae
3313 1191 3364 1260 et
3414 1187 3659 1256 virgines

2234 1266 2353 1335 post
2382 1262 2681 1334 religionis
2710 1258 3045 1332 propositum
3075 1260 3153 1315 ad
3182 1258 3428 1330 nuptias.

2398 1351 2666 1406 Gelasius
2686 1350 2741 1404 in
2770 1350 2995 1404 Decret.
3021 1349 3088 1403 ad
3110 1347 3267 1401 Sicil.

2081 1468 2191 1539 (27,
2217 1485 2273 1538 q.
2301 1468 2353 1534 1,
2386 1483 2435 1521 c.
2457 1456 2905 1537 Neque‘viduas.)
2939 1466 3132 1535 Neque
3162 1464 3368 1518 viduas
3401 1463 3471 1517 ad
3507 1480 3661 1533 nup-

2010 1556 2123 1613 tias
2154 1555 2403 1611 transire
2436 1556 2710 1627 patimur,
2740 1571 2869 1625 quae
2899 1553 3170 1624 religioso
3203 1551 3498 1623 proposito
3533 1552 3657 1606 diu-

2014 1649 2189 1699 turna
2203 1642 2606 1698 observatione
2625 1645 3092 1714 permanserunt.
3112 1640 3394 1695 Similiter
3406 1639 3661 1710 virgines

2020 1734 2238 1789 nubere
2268 1731 2668 1803 prohibemus,
2702 1747 2846 1800 quas
2874 1731 3046 1785 annis
3078 1729 3350 1801 plurimis
3382 1729 3439 1783 in
3465 1745 3663 1783 mona-

2020 1822 2214 1878 steriis
2243 1825 2465 1876 aetatem
2500 1820 2691 1891 egisse
2723 1819 3049 1890 contigerit.

2017 1966 2151 2021 CAP.
2185 1963 2361 2019 CCIV.
2397 1964 2469 2017 De
2500 1962 2679 2017 viduis
2708 1967 2760 2017 et
2792 1961 3110 2033 virginibus
3141 1978 3260 2031 quae
3292 1978 3331 2017 α
3380 1959 3663 2030 religionis

2528 2037 2807 2105 proposito
2836 2033 3143 2088 discedunt.

2087 2153 2199 2223 (27,
2232 2168 2288 2223 q.
2326 2154 2376 2221 1,
2410 2168 2458 2206 c.
2490 2153 2696 2206 Viduas
2727 2167 2761 2205 a
2787 2150 3106 2221 proposito.)
3156 2149 3376 2203 Viduas
3431 2164 3463 2201 a
3522 2164 3654 2216 pro-

2013 2242 2202 2311 posito
2217 2239 2586 2295 discedentes
2608 2237 2924 2304 viduitatis,
2947 2254 3123 2308 super
3147 2236 3363 2306 quibus
3387 2251 3493 2289 nos
3519 2250 3655 2289 con-

2014 2329 2198 2383 suluit
2230 2327 2462 2382 dilectio
2493 2332 2615 2395 tua,
2642 2328 2817 2380 frater
2834 2324 3386 2389 charissime,eredo
3404 2328 3459 2378 te
3486 2339 3656 2378 nosse

2011 2434 2045 2473 a
2075 2421 2277 2473 sancto
2307 2414 2486 2471 Paulo
2517 2420 2569 2470 et
2596 2414 2795 2469 multis
2826 2413 3048 2468 sanctis
3076 2412 3344 2467 Patribus
3364 2412 3477 2467 nisi
3513 2428 3653 2466 con-

2009 2510 2328 2571 vertantur,
2365 2504 2500 2558 olim
2529 2520 2655 2557 esse
2686 2504 3014 2556 damnatas.
3039 2501 3193 2563 Quas
3214 2505 3270 2554 et
3290 2517 3395 2556 nos
3417 2504 3651 2571 aposto-

2009 2593 2120 2647 lica
2149 2593 2495 2648 auctoritate
2528 2592 2895 2646 damnandas
2928 2595 2985 2645 et
3017 2608 3049 2644 a
3070 2590 3485 2644 communione
3510 2589 3648 2642 fide-

2009 2680 2154 2735 lium
2187 2686 2364 2751 atque
2394 2697 2426 2735 a
2458 2678 2763 2734 liminibus
2796 2678 3052 2734 ecclesiae
3085 2679 3363 2732 arcendas
3383 2678 3500 2731 fore
3517 2693 3651 2731 cen~

2011 2788 2232 2837 semus,
2268 2787 2567 2841 usquequo
2601 2769 2873 2824 obediant
2891 2769 3016 2822 suis
3040 2767 3353 2838 episcopis,
3378 2771 3433 2821 et
3455 2768 3523 2820 ad
3550 2767 3650 2821 bo-

2011 2876 2151 2914 num
2182 2860 2334 2930 quod
2366 2862 2685 2929 coeperunt,
2745 2857 2923 2911 invite
2955 2860 3057 2911 aut
3085 2856 3410 2910 voluntarie
3457 2871 3651 2910 rever-

2008 2952 2231 3003 tantur.
2264 2948 2342 3002 De
2373 2947 2698 3018 virginibus
2717 2950 2907 3000 autem
2929 2962 3042 2999 non
3062 2942 3286 3009 velatis,
3309 2944 3357 2998 si
3385 2942 3647 2999 deviave-

2009 3036 2144 3102 rint,
2179 3055 2212 3091 a
2242 3040 2455 3091 sanctae
2487 3033 2778 3089 memoriae
2814 3034 3234 3105 praedecessore
3268 3037 3465 3088 nostro
3499 3050 3650 3105 papa

2009 3126 2349 3181 Innocentio
2393 3124 2587 3180 taliter
2639 3124 2937 3179 decretum
2993 3123 3300 3178 habemus.
3363 3127 3459 3178 Hae
3519 3139 3649 3178 vere

2004 3231 2129 3286 quae
2163 3215 2409 3269 necdum
2443 3230 2609 3268 sacro
2639 3212 2925 3268 velamine
2974 3212 3092 3266 sint
3121 3216 3306 3281 tectae,
3352 3216 3546 3267 tamen
3589 3212 3647 3266 in

2004 3304 2301 3375 proposito
2332 3302 2687 3373 virginitatis
2721 3317 2952 3371 semper
2977 3318 3038 3355 se
3070 3300 3496 3355 simulaverunt
3528 3318 3648 3371 per-

2006 3407 2265 3458 manere,
2297 3391 2432 3445 licct
2460 3391 2657 3444 velate:
2692 3406 2806 3443 non
2840 3388 3073 3457 fuerint,
3107 3390 3154 3443 si
3184 3388 3511 3459 nupserint,
3548 3389 3649 3442 ali-

2006 3481 2239 3551 quando
2270 3483 2532 3549 tempore
2562 3479 2653 3532 his
2682 3477 2907 3547 agenda
2940 3475 3284 3547 pcenitentia
3339 3481 3448 3543 est,
3508 3478 3646 3547 quia

2004 3567 2242 3637 sponsio
2273 3584 2472 3622 earum
2508 3585 2540 3620 a
2573 3565 2815 3619 Domino
2847 3566 3178 3620 tenebatur.
3215 3566 3275 3621 Si
3307 3566 3462 3621 enim
3499 3568 3650 3622 inter

2006 3655 2270 3708 homines
2301 3654 2447 3709 solet
2479 3655 2638 3708 bona:
2673 3654 2804 3707 fidei
2839 3658 3173 3708 contractus
3218 3652 3378 3709 nulla
3422 3653 3644 3710 ratione

2002 3733 2264 3803 dissolvi,
2298 3740 2514 3804 quanto
2547 3736 2735 3805 magis
2769 3732 3101 3802 pollicitatio
3134 3750 3312 3803 quam
3359 3751 3493 3789 cum
3526 3740 3642 3789 Deo

2006 3824 2245 3894 pepigit,
2279 3822 2417 3877 solvi
2454 3824 2580 3877 sine
2637 3824 2893 3877 vindicta
2928 3840 3039 3877 non
3081 3823 3312 3894 poterit,
3354 3829 3461 3877 etc.
3499 3824 3644 3878 Nam

2005 3913 2052 3966 si
2082 3912 2336 3983 virgines
2369 3913 2629 3966 nondum
2653 3912 2850 3966 velatae
2890 3911 3084 3966 taliter
3142 3910 3486 3981 prenitentia
3536 3928 3645 3982 pu-

2005 4000 2154 4055 blica
2186 4002 2534 4071 puniuntur,
2569 4008 2623 4056 et
2646 4019 2676 4054 a
2707 4007 2854 4055 ecetu
2889 4000 3150 4054 ﬁdelium
3177 4016 3363 4068 usque
3382 4000 3451 4054 ad
3470 4001 3645 4055 satis-

2005 4089 2317 4145 factionem
2353 4090 2463 4143 nisi
2495 4090 2725 4144 veniant
2755 4088 3165 4154 excluduntur,
3198 4094 3417 4158 quanto
3451 4089 3645 4159 potius

2003 4178 2211 4245 viduis,
2233 4195 2359 4249 quae
2384 4179 2739 4249 perfectioris
2763 4178 2950 4232 uitatis
2974 4183 3029 4231 et
3047 4175 3387 4232 maturioris
3419 4177 3647 4247 sapien-

2003 4267 2092 4321 tiae
2126 4284 2190 4322 ac
2222 4268 2450 4322 consilii
2485 4268 2762 4334 existunt,
2796 4267 3645 4339 virorumqueconsortiomul-

2004 4354 2177 4409 toties
2213 4372 2331 4409 usa:
2390 4362 2549 4422 sunt,
2584 4362 2639 4410 et
2673 4356 2939 4410 habitum
2975 4356 3272 4427 religionis
3303 4372 3644 4428 assumpse-

253 4453 374 4533 αφ,
417 4455 551 4533 βαι,
614 4458 1011 4533 Ρτοίθςῗςίοηϐγη
1064 4426 1359 4517 mandatis
1407 4479 1587 4517 comm
1642 4466 1888 4533 episcopo
1923 4426 1965 4488 D
1999 4449 2154 4513 runt,
2190 4453 2263 4512 et,
2298 4446 2535 4533 demum
2571 4452 3065 4514 apostataverunt,
3099 4450 3276 4516 atque
3295 4446 3365 4500 ad
3389 4446 3640 4516 priorem

316 4529 538 4649 Ῑίιᾳίῖιὲη,
570 4532 685 4594 post
716 4530 967 4584 habitum
994 4542 1322 4603 susceptum,
1356 4534 1501 4588 nulli
1524 4529 1742 4590 violare
1766 4529 1887 4605 per-

320 4612 394 4649 mz
446 4614 464 4649 ι
496 4615 579 4649 ur.

320 4612 579 4651 mittitur.

767 4688 939 4745 Conc.
962 4693 1189 4751 ,Araus.
1226 4708 1274 4746 c.
1307 4694 1362 4746 6.

317 4776 426 4845 (27,
460 4791 514 4846 q.
553 4778 601 4843 1,
634 4793 684 4832 c.
720 4779 1056 4851 Viduitatis.)
1089 4780 1403 4837 Viduitatis
1435 4784 1705 4839 servandi
1757 4802 1884 4856 pro-

255 4865 554 4918 fessionem
588 4881 781 4920 coram
814 4867 1086 4940 episcopo
1118 4870 1177 4924 in
1235 4871 1548 4926 secretorio
1598 4872 1883 4941 habitam,

253 4952 521 5022 imposita
542 4970 734 5008 coram
755 4956 1024 5027 episcopo
1048 4964 1205 5014 veste
1225 4959 1470 5027 viduali,
1493 4960 1741 5016 dicimus
1771 4980 1884 5017 non

252 5058 369 5095 esse
394 5040 718 5097 violandam
746 5060 758 5097 :
789 5045 976 5114 ipsum
1009 5045 1144 5102 talis
1176 5048 1557 5119 professionis
1605 5052 1882 5106 desertri-

253 5145 367 5182 cem
402 5130 605 5184 merito
637 5148 764 5185 esse
788 5134 1186 5190 damnandam
1220 5138 1613 5193 decernimus.

252 5247 374 5301 CAP.
406 5246 563 5301 CCII.
593 5247 774 5327 Modus
798 5250 1203 5327 etsoleninitas
1254 5253 1531 5324 faciendw
1576 5252 1879 5327 professio-

685 5323 774 5373 nis
806 5323 906 5377 hoc
943 5324 1140 5379 ordine
1168 5329 1435 5381 servetur.

774 5410 944 5466 Cone.
982 5413 1165 5468 Tolet.
1211 5429 1262 5467 ο.
1291 5414 1345 5467 5.

317 5498 420 5570 (27,
456 5514 509 5570 q.
551 5499 598 5566 1,
633 5517 682 5554 c.
717 5500 960 5571 Omnes.)
992 5505 1207 5557 Omnes
1230 5501 1459 5558 feminae
1488 5501 1786 5561 venientes
1806 5508 1878 5563 ad

1999 4532 2284 4586 vomitum
2320 4530 2457 4587 Sunt
2490 4550 2751 4600 reversae,
2778 4552 2809 4586 a
2841 4534 3007 4589 nobis
3030 4546 3085 4588 et
3115 4536 3187 4588 ab
3211 4534 3483 4590 omnibus
3506 4536 3643 4589 lide-

1998 4620 2155 4675 libus
2188 4639 2221 4675 a
2253 4620 2557 4675 liminibus
2588 4623 2863 4689 ecclesiae,
2897 4630 2953 4677 et
2982 4640 3014 4677 a
3046 4630 3194 4677 cmtu
3246 4623 3505 4678 ﬁdelium
3543 4641 3645 4678 ns-

1999 4725 2112 4781 que
2144 4709 2214 4763 ab
2246 4710 2701 4765 satisfactionem
2735 4719 2874 4765 sunt
2906 4712 3277 4767 eliminandte
3308 4721 3363 4768 et
3393 4714 3642 4768 carceri-

1998 4798 2105 4853 bus
2139 4801 2452 4863 tradendaa,
2486 4802 2740 4871 qualiter
2787 4804 2955 4872 juxta
3015 4804 3247 4857 beatum
3309 4802 3641 4872 apostolum

1998 4887 2280 4941 Paulum:
2330 4889 2558 4943 Tradere
2607 4890 2921 4954 huiusmodi
2966 4893 3243 4946 hominem
3295 4891 3523 4946 Satanae
3581 4895 3639 4944 ut

1997 4976 2230 5045 spiritus
2259 4977 2444 5030 salvus
2473 4979 2542 5030 sil
2576 4980 2628 5029 in
2662 4979 2749 5031 die
2782 4979 2999 5033 Domini
3052 4978 3097 5049 (Ι
3122 4980 3240 5032 Cor.
3275 4982 3381 5047 In).
3437 4978 3516 5032 De
3548 4983 3640 5033 ta-

1994 5067 2151 5121 libus
2182 5067 2335 5121 enim
2375 5072 2656 5122 Dominus
2693 5088 2793 5140 per
2823 5070 3059 5140 Moysen
3092 5068 3385 5139 loquitur:
3414 5070 3641 5138 Auferte

1993 5158 2201 5210 malum
2232 5159 2297 5210 de
2326 5158 2502 5212 medio
2536 5161 2699 5213 vestiri
2730 5162 2921 5229 (Deut.
2948 5160 3094 5226 xm").
3130 5163 3206 5212 De
3234 5159 3448 5229 quibus
3463 5163 3519 5211 et
3538 5175 3639 5227 per

1997 5246 2338 5315 Prophetam
2371 5248 2488 5300 ait:
2523 5248 2824 5303 Laetabitur
2843 5248 3051 5317 justus.
3085 5264 3208 5300 eum
3255 5247 3458 5301 viderit
3514 5250 3639 5301 vin-

1992 5335 2196 5389 dictam
2226 5335 2785 5406 impiorum;manus
2825 5353 2952 5390 suas
3000 5338 3202 5391 levabit
3251 5339 3310 5390 in
3366 5341 3642 5406 sanguine

1985 5425 2293 5494 peccatoris
2324 5426 2494 5496 (Psal.
2526 5429 2619 5493 LI).
2656 5426 2733 5479 De
2764 5424 2979 5479 talibus
3011 5442 3265 5496 namque
3321 5432 3377 5481 et
3435 5444 3636 5485 eorum

1990 5511 2285 5569 similibus
2314 5513 2537 5569 eisdem
2569 5514 3070 5570 consentientibus
3101 5515 3337 5585 d.citur,
3366 5516 3504 5589 quia
3521 5535 3637 5574 non
