3938 6074
373 223 511 278 1179

374 346 564 404 solum
597 346 694 419 qui
727 344 973 415 faciunt,
992 345 1092 400 sed
1118 348 1174 400 et
1203 344 1303 416 qui
1334 343 1711 402 consentiunt
1757 345 2020 403 facienti-

375 437 506 503 bus,
541 436 622 492 rei
655 437 796 490 sunt
825 435 983 505 (Rem
1011 435 1073 506 ι).

374 555 509 610 CAP.
545 553 698 609 CCV.
735 553 872 621 Quae
898 551 1465 678 sagctimonialerlntse
1494 567 1609 606 esse
1624 551 1888 622 ﬁnxerat,
1909 569 2014 606 nu-

1002 638 1090 677 ere
1113 638 1222 678 non
1262 639 1324 677 va
1351 639 1380 678 e
1412 665 1423 676 .

1002 638 1090 677 ονε
1113 638 1222 678 non
1262 638 1423 678 valet.

495 714 769 769 Nicolaus
794 712 865 768 ad
898 711 1272 768 Adalwinum
1307 712 1652 783 archiepisc°
1692 713 1894 769 Vienn.

446 805 617 875 (Dist.
640 803 730 870 27,
764 819 812 857 c.
847 801 1004 873 Quod
1035 802 1437 873 interrogasti.)
1469 803 1762 859 NICOLAUS
1791 803 2015 874 episco-

374 910 488 965 pus
518 909 720 948 servus
750 906 1049 946 servorum
1081 890 1204 958 Dei,
1238 891 1722 947 reverendissimo
1773 896 1831 947 et
1877 908 2017 948 san-

375 982 640 1038 ctissimo
670 980 944 1036 oonfratri
978 983 1179 1035 nostro
1236 984 1552 1035 ADALWINO
1599 985 1818 1036 sanctae
1845 980 2018 1036 Vien-

380 1069 577 1127 nensis
608 1068 878 1126 Ecclesiae
909 1068 1369 1140 archiepiscopo.
1401 1099 1472 1110 --
1501 1069 1667 1131 Quod
1697 1068 2020 1140 interroga-

377 1161 449 1217 sti
481 1161 551 1215 de
575 1158 792 1214 femina
821 1175 942 1230 quae
976 1163 1109 1232 post
1138 1158 1362 1213 obitum
1395 1157 1500 1214 viri
1529 1158 1620 1215 sui
1651 1157 1913 1216 velamen
1937 1174 2024 1214 sa-

377 1266 542 1305 crum
583 1265 761 1322 super
791 1250 966 1320 caput
992 1264 1166 1306 suum
1200 1247 1481 1320 imposuit.
1510 1252 1569 1304 et
1597 1247 1763 1306 ﬁnxit
1794 1265 1856 1304 se
1912 1247 2020 1303 sub

375 1339 579 1395 eodem
603 1336 890 1394 velamine
921 1336 1427 1394 sanctimonialem
1464 1351 1625 1405 esse;
1662 1341 1860 1407 postea
1889 1353 2020 1391 vero

379 1429 451 1484 ad
484 1427 724 1500 nuptias
752 1426 944 1497 rediit,
978 1426 1198 1480 bonum
1232 1425 1378 1480 mihi
1425 1425 1671 1493 videtur,
1723 1425 1861 1497 quia
1922 1441 2025 1500 per

377 1516 736 1592 hypocrisim
766 1514 1228 1571 ecclesiasticam
1261 1514 1522 1586 regulam
1557 1515 1906 1572 conturbare
1923 1533 2023 1572 vo-

379 1606 510 1675 luit,
543 1611 602 1661 et
631 1621 746 1661 non
777 1604 1035 1678 legitime
1067 1603 1126 1659 in
1160 1607 1289 1660 voto
1321 1621 1428 1660 suo
1450 1605 1794 1676 permansit,
1819 1608 1884 1659 ut
1904 1622 2024 1680 pm-

381 1695 691 1752 nitentiam
719 1697 854 1767 agat
883 1695 954 1750 de
985 1693 1261 1750 illusione
1292 1694 1561 1761 nefanda,
1598 1698 1654 1750 et
1702 1698 2026 1750 revertatur

381 1786 453 1840 ad
485 1785 543 1839 id
575 1785 727 1856 quod
755 1783 1093 1855 spopondit,
1146 1790 1199 1838 et
1228 1783 1286 1838 in
1319 1799 1482 1839 sacro
1512 1783 1836 1839 ministerio
1892 1799 2018 1854 per-

382 1876 614 1928 maneat
645 1873 800 1943 quod
821 1871 1132 1926 inchoavit.
1897 1857 1906 1864 ’

842 1969 971 2028 CAP.
1004 1968 1188 2028 CCVI.
1234 1971 1308 2025 De
1326 1971 1334 2038 ξ
1351 1970 1559 2027 eadem.

458 2058 602 2114 Dist.
633 2060 725 2127 27,
757 2074 807 2114 c.
839 2059 978 2114 Nam
1031 2061 1082 2113 si
1135 2060 1610 2132 eonsenserimus.)
1642 2065 1788 2116 Nam
1803 2063 1850 2116 si
1883 2078 2024 2118 con-

386 2147 749 2206 senserimus
781 2148 934 2218 quod
966 2148 1160 2205 omnia
1208 2148 1604 2206 ecclesiastica
1658 2155 2028 2206 sacramenta

386 2237 636 2309 quisque
669 2242 841 2308 prout
870 2235 994 2292 vult
1025 2239 1226 2308 tingat,
1250 2242 1305 2294 ct
1329 2255 1442 2294 non
1465 2255 1596 2298 vere
1617 2239 1811 2306 faciat,
1834 2241 2027 2297 omnis

380 2327 520 2386 ordo
553 2325 986 2382 ecclesiasticus
1017 2326 1371 2395 turbabitur,
1405 2343 1510 2387 nec
1543 2327 1853 2386 Catholica
1894 2330 2028 2386 fidei

372 2418 507 2488 jura
526 2417 877 2483 consistunt,
912 2433 1018 2473 nec
1043 2433 1298 2476 canones
1323 2417 1472 2474 sacri
1492 2418 1601 2476 rite
1623 2419 2028 2482 observantur.

383 2506 529 2573 Quid
565 2505 720 2564 enim
745 2505 963 2577 profuit
982 2504 1202 2562 Simoni
1231 2506 1395 2578 Mago
1418 2507 1780 2578 baptismum
1803 2525 2030 2569 sacrum

379 2595 511 2651 ficte
541 2595 823 2667 accipere,
855 2598 913 2652 et
943 2595 1002 2652 in
1027 2594 1466 2654 Christianitate
1489 2613 1551 2656 se
1583 2613 2031 2668 permansurum

383 2685 644 2754 ﬁnxisse,
669 2701 802 2742 cum
837 2699 939 2756 per
970 2683 1298 2755 apostolum
1344 2685 1550 2744 fraude
1593 2687 1721 2756 eius
1780 2688 2024 2754 detecta,

381 2775 536 2844 quod
571 2774 682 2830 sibi
728 2775 987 2829 futurum
1038 2779 1194 2830 esset
1243 2773 1703 2845 prmnuntiatum
1755 2776 1881 2834 fuit.
1934 2777 2030 2833 Ait

381 2864 577 2920 enim:
615 2864 858 2922 Pecunia
886 2868 985 2920 tua
1015 2867 1188 2920 tecum
1238 2863 1310 2920 sit
1367 2865 1424 2919 in
1479 2864 1882 2935 perditionem;
1937 2882 2032 2924 cor

382 2954 530 3007 enim
560 2956 717 3008 tuum
747 2967 855 3010 non
886 2956 965 3008 est
995 2958 1209 3011 rectum
1236 2967 1422 3008 coram
1449 2953 1580 3013 Deo.
1637 2954 2030 3012 Panitentiam

383 3042 570 3110 itaque
599 3056 700 3108 age
721 3039 784 3096 de
812 3039 1063 3110 nequitia
1091 3039 1192 3097 hac
1210 3045 1330 3106 tua,
1361 3044 1410 3097 et
1440 3058 1577 3111 roga
1605 3043 1774 3100 Deum
1802 3047 1862 3100 ut
1881 3045 2028 3116 forte

381 3130 702 3186 remittatur
740 3127 842 3184 tibi
881 3129 1135 3197 cogitatio
1190 3128 1366 3186 cordis
1413 3131 1520 3186 tui.
1581 3133 1643 3188 In
1688 3131 1820 3198 felle
1873 3115 2023 3190 enim
2056 3115 2097 3181 Ο

383 3216 782 3274 amaritudinis
815 3223 866 3272 et
894 3216 1236 3285 obligatione
1266 3219 1578 3287 iniquitatis
1610 3219 1765 3279 video
1816 3223 1870 3278 te
1916 3236 2032 3288 esse

383 3307 516 3378 (Act.
554 3307 699 3377 vui).
736 3306 866 3365 Ideo
915 3305 1083 3373 tales,
1144 3305 1255 3362 nisi
1314 3306 1682 3379 resipiecant,
1742 3309 2035 3380 epirituali

384 3395 580 3468 gladio
611 3401 914 3468 percutere
943 3411 1274 3454 censemus.
1305 3396 1431 3454 Non
1462 3397 1621 3456 enim
1654 3399 1743 3455 fas
1783 3403 1872 3456 est
1901 3399 2033 3471 Spi-

385 3485 521 3542 ritui
553 3489 757 3542 sancto
787 3484 1051 3550 mentiri,
1082 3485 1236 3542 sicut
1252 3485 1513 3544 Ananiae
1536 3491 1592 3544 et
1613 3488 1862 3559 Saphira
1881 3505 2031 3546 men-

381 3575 476 3632 titi
507 3579 667 3642 sunt,
700 3580 758 3632 et
788 3573 987 3632 statim
1021 3574 1318 3643 perierunt
1353 3575 1488 3644 (Act.
1520 3577 1597 3648 v).

401 3692 532 3746 CAP.
555 3688 767 3744 CCVII.
789 3687 936 3766 Ij‘ilii
947 3690 1273 3760 perditionis
1291 3696 1416 3746 sunt
1437 3693 1532 3762 qui
1567 3692 1782 3749 violant
1810 3710 2038 3766 corpora

791 3763 1127 3824 feminarum
1180 3772 1644 3818 eonsecratarum.

935 3848 1107 3902 Conc.
1141 3848 1297 3903 Arel.
1333 3865 1382 3904 c.
1417 3850 1471 3903 4.

459 3937 572 4007 (27,
607 3952 664 4006 q.
703 3937 753 4004 1,
787 3953 836 3992 c.
869 3936 1209 4008 Sciendum.)
1240 3937 1558 3993 Sciendum
1617 3944 1706 3995 est
1763 3941 2037 3998 omnibus

393 4026 546 4097 quod
576 4031 695 4082 Deo
727 4031 1085 4082 secretarum
1123 4027 1473 4082 feminarum
1507 4045 1771 4100 corpora,
1819 4046 1921 4102 per
1942 4048 2038 4087 vo-

395 4119 519 4169 tum
553 4115 800 4186 propriae
833 4114 1190 4186 sponsionis,
1234 4121 1290 4172 et
1336 4116 1511 4171 verba
1559 4118 1876 4173 sacerdotis
1928 4123 2040 4175 Deo

389 4208 729 4259 consecrata
760 4203 976 4274 templa
1011 4219 1160 4272 esse,
1193 4205 1630 4276 Scripturarum
1683 4207 2041 4265 testimoniis

392 4292 868 4362 comprobantur,
901 4297 958 4349 et
989 4293 1120 4349 ideo
1153 4293 1465 4349 violatores
1515 4310 1719 4350 earum
1772 4297 2041 4371 sacrilegi

391 4396 456 4434 ac
480 4381 651 4450 juxta
678 4381 1046 4452 Apostolum,
1079 4382 1183 4437 filii
1218 4383 1562 4454 perditionis
1608 4401 1736 4441 esse
1790 4403 2043 4442 noscun-

392 4473 490 4523 tur
519 4469 613 4540 ((II
642 4470 820 4526 Thess.
856 4471 942 4542 ιι).

397 4586 531 4641 CAP.
567 4586 805 4647 CCVIII.
849 4587 1049 4667 Vidua:
1076 4590 1431 4667 qualeseligi
1459 4547 1710 4662 debeant,
1763 4594 2045 4667 Apostolus

963 4661 1105 4714 dixit
1129 4663 1176 4728 (Ι
1219 4662 1352 4718 Tim.
1385 4663 1466 4733 v).

460 4747 727 4819 Prwcipe,
760 4747 974 4818 inquit,
1007 4756 1066 4803 ut
1098 4748 1279 4804 viduae
1329 4750 1854 4822 irreprehensibiles
1895 4754 2042 4816 sint;

391 4837 556 4892 vidua
585 4838 833 4906 eligatur
859 4852 970 4892 non
998 4839 1188 4893 minus
1216 4857 1284 4894 1.x
1313 4857 1664 4897 annorum...
1697 4841 1757 4896 in
1787 4843 2040 4913 operibus

392 4926 542 4981 bonis
585 4928 962 4981 testimonium
1020 4927 1244 4992 habens,
1301 4932 1351 4982 si
1408 4931 1551 4998 ﬁlios
1596 4931 1864 5000 educavit,
1924 4938 2034 4989 etc.

387 5015 853 5071 Adolescentiores
883 5015 1076 5071 viduas
1103 5017 1310 5072 devita.
1343 5019 1476 5073 Cum
1532 5021 1685 5073 enim
1729 5021 2037 5078 luxuriata

386 5105 603 5174 fuerint
632 5106 693 5158 in
726 5104 958 5169 Christo,
986 5106 1192 5161 nubere
1223 5108 1452 5170 volunt;
1495 5107 1758 5164 habentes
1815 5110 2038 5166 domna-

387 5193 614 5258 tionem,
647 5195 777 5264 quia
795 5192 956 5262 ﬁdem
978 5195 1198 5249 irritam
1217 5196 1485 5265 fecerunt,
1509 5197 1678 5250 simul
1697 5206 1748 5252 et
1780 5201 2031 5256 otiosa...

395 5282 682 5354 loquentes
711 5297 836 5352 quae
863 5298 972 5337 non
1002 5286 1232 5352 oportet.
1290 5285 1407 5337 Volo
1454 5300 1583 5354 ergo
1635 5286 1877 5352 iuniores
1927 5307 2032 5343 nu-

393 5373 532 5442 bere,
565 5372 708 5441 ﬂlios
757 5387 1063 5439 procreare,
1117 5372 1575 5442 matresfamilias
1631 5391 1760 5448 esse,
1818 5379 2032 5434 nullam

1446 225 1512 274 D.
1555 222 1792 278 IVONIS
1828 222 2324 279 CARNOTENBIS
2360 223 2680 280 RPISCOPI

2049 348 2099 416 Α
2134 346 2267 404 αλιι.
2319 345 2506 412 CCIX,
2551 346 2844 405 Abbatissae
2901 344 3202 407 secundum
3251 344 3442 406 Sancti
3498 345 3832 408 Benedicta

2068 4484 2115 4548 D

3673 219 3840 280 1180

2204 418 2470 486 Regulam
2500 421 2781 490 pro/estw,
2812 416 3425 490 singulariter‘vivant,
3487 432 3605 482 nec
3655 418 3832 490 foras

2199 490 2438 545 habeant
2468 487 2712 544 sine‘sui
2740 487 2982 564 episctipi
3012 487 3257 545 licentia.

2614 582 2786 635 Conc.
2821 577 3084 651 Magunt.
3111 594 3160 633 c.
3194 577 3279 634 13.

2198 668 2543 726 Abbatissas
2570 673 2762 724 autem
2794 683 2924 722 cum
2955 666 3506 724 sanctimonialibus
3552 668 3822 724 omnino

2127 761 2281 814 recte
2312 763 2369 814 et
2390 759 2552 830 juste
2574 757 2762 813 vivere
2784 773 3112 814 censemus.
3135 758 3268 830 Quae
3291 772 3423 813 vero
3449 757 3816 816 secundum

2128 846 2415 920 Regulam
2447 847 2646 904 Sancti
2677 845 2972 908 Benedicti
3019 845 3441 920 professionem
3493 848 3814 915 fecerunt,

2127 935 2504 1009 singulariter
2531 935 2748 992 vivant.
2783 935 2882 994 Sin
2911 940 3106 994 autem
3139 935 3418 992 canonice
3439 934 3654 998 viVant
3679 935 3810 1012 ple-

2127 1026 2280 1088 niter
2307 1029 2364 1080 et
2393 1027 2502 1081 sub
2533 1023 2798 1097 diligenti
2829 1040 2971 1079 cura
3000 1023 3328 1082 custodiam
3358 1024 3614 1096 habent,
3650 1029 3718 1079 et
3750 1025 3807 1080 in

2128 1113 2399 1171 claustris
2431 1113 2555 1170 suis
2587 1117 2991 1186 permaneant,
3025 1129 3130 1169 nec
3191 1113 3342 1169 fores
3399 1112 3637 1170 exitum
3695 1113 3804 1172 ha-

2129 1203 2323 1273 beant,
2354 1203 2456 1258 sed
2479 1203 2687 1276 etipszs
2703 1201 3020 1258 abbatissae
3040 1202 3098 1259 in
3122 1203 3496 1259 monasteriis
3519 1203 3801 1269 sedeant,

2130 1309 2236 1348 nec
2267 1293 2422 1350 foras
2452 1293 2686 1364 vadunt,
2716 1293 2843 1350 sine
2873 1291 3112 1348 licentia
3142 1297 3198 1348 et
3221 1291 3469 1350 consilio
3518 1292 3793 1370 episcopi

2129 1381 2244 1439 sui.
3567 1371 3570 1373 λ

2131 1489 2262 1547 CAP.
2293 1490 2454 1548 CCX.
2486 1489 2781 1545 Abbatissa
2826 1491 3103 1546 maximm
3158 1506 3351 1548 curam
3409 1489 3621 1557 habeat
3677 1504 3797 1546 mo-

2449 1560 2695 1616 nialium
2725 1577 2858 1632 quas
2886 1576 3068 1618 secum
3096 1571 3248 1632 [oras
3291 1561 3462 1617 ducit.

2611 1651 2785 1705 Conc.
2817 1649 3077 1724 Magunt.
3123 1667 3173 1704 c.
3204 1650 3295 1705 26.

2052 1746 2098 1811 Β
2201 1737 2516 1795 Abbatissa
2548 1754 2917 1812 nequaquam
2950 1739 3021 1794 de
3043 1739 3396 1796 monasterio
3419 1738 3786 1812 egrediatur,

2132 1828 2245 1886 nisi
2280 1827 2698 1902 perlicentiam
2731 1827 2990 1902 episcopi
3021 1829 3152 1899 sui;
3185 1833 3242 1886 et
3270 1829 3320 1885 si
3351 1830 3598 1903 quando
3633 1830 3788 1884 foras

2133 1917 2343 1992 pergit,
2376 1917 2446 1971 de
2475 1917 3028 1974 sanctimonialibus
3060 1935 3206 1992 quas
3235 1934 3438 1974 secum
3470 1918 3661 1986 ducit,
3685 1935 3786 1981 cu-

2134 2024 2259 2062 ram
2287 2006 2502 2064 habeat
2533 2006 2874 2080 maximam,
2899 2011 2965 2062 ut
2993 2007 3208 2064 nullae
3233 2007 3317 2064 eis
3348 2008 3522 2063 detur
3549 2006 3786 2073 occasio

2135 2095 2436 2168 peccandi.

2137 2186 2266 2240 CAP.
2300 2184 2479 2240 CCXI.
2515 2186 2806 2241 Abbatissce
2832 2201 2969 2270 cura
2997 2186 3188 2270 qualis
3234 2202 3348 2243 esse
3397 2186 3592 2242 debeat
3648 2201 3794 2270 erga

2727 2260 3197 2315 sanctimoniam.

2699 2345 2873 2401 Cone.
2897 2346 3055 2401 Crat.
3089 2362 3141 2402 ο.
3172 2346 3227 2401 8.

2212 2432 2530 2489 Abbatissa
2559 2433 2899 2502 diligentem
2950 2450 3152 2490 curam
3211 2435 3283 2490 de
3337 2432 3791 2506 congregatione

2142 2521 2252 2577 sibi
2288 2521 2602 2578 commissa
2631 2522 2862 2592 habeat,
2895 2528 2953 2579 et
2983 2524 3302 2595 provideat,
3335 2527 3400 2578 ut
3428 2522 3489 2577 in
3547 2521 3790 2577 lectione

2141 2614 2198 2666 et
2229 2610 2442 2677 officio,
2476 2611 2535 2664 in
2567 2611 2968 2668 modulatione
2989 2611 3379 2684 psalmorum,
3402 2611 3549 2684 Ipsis
3579 2612 3790 2672 sancti-

2140 2698 2423 2754 moniales
2455 2704 2705 2755 strenua:
2737 2700 2857 2756 sint
2884 2721 2897 2770 ;
2922 2704 2979 2756 et
3006 2700 3066 2754 in
3089 2700 3365 2772 operibus
3388 2699 3563 2756 bonis
3585 2699 3690 2754 Illa
3709 2700 3785 2754 eis

2141 2789 2416 2845 ducatum
2458 2790 2731 2861 praebeat,
2793 2794 2993 2862 utpote
3046 2806 3149 2862 pro
3208 2789 3523 2845 animabus
3589 2805 3783 2844 earum

2139 2878 2426 2933 rationem
2459 2877 2786 2946 redditura,
2816 2878 2876 2934 in
2909 2883 3223 2948 conspectu
3255 2877 3511 2945 Domini,
3571 2881 3630 2933 et
3686 2877 3784 2933 etl-

2138 2968 2356 3040 pendia
2386 2967 2935 3024 sanctimonialibus
2992 2970 3248 3039 praebeat
3305 2967 3665 3037 necessaria,
3721 2983 3787 3021 ne

2143 3060 2289 3114 forte
2321 3073 2421 3129 per
2450 3057 2836 3129 indigentiam
2868 3058 2982 3116 cibi
3015 3062 3117 3117 aut
3147 3061 3322 3130 potus
3351 3073 3594 3129 peccare
3633 3073 3786 3116 com-

2144 3144 2463 3199 pellantur.

2144 3146 2463 3217 pellantur.

2143 3233 2270 3288 CAP.
2305 3234 2508 3289 CCXII.
2545 3235 3012 3291 Sanctimoniales
3042 3251 3071 3290 e
3097 3237 3431 3292 monasterio
3475 3251 3587 3290 non
3643 3251 3786 3304 egre-

2213 3304 2466 3434 diantur,
2500 3306 2612 3366 nisi
2639 3307 2922 3366 abbatissa
2953 3309 3216 3376 mittente,
3267 3311 3500 3378 urgente
3555 3309 3785 3365 necessi-

2243 3395 2270 3433 a
2300 3393 2345 3432 e.

2243 3393 2345 3433 ατε.

2626 3449 2802 3505 Conc.
2837 3449 3099 3521 Magunt.
3134 3467 3184 3505 c.
3223 3449 3306 3503 14.

2217 3536 2727 3604 Sanctimoniales,
2763 3538 2873 3594 nisi
2907 3539 3052 3594 forte
3084 3538 3380 3600 abbatissa
3411 3554 3522 3594 sua
3553 3554 3653 3612 pro
3681 3535 3783 3592 ali-

2150 3642 2267 3700 qua
2316 3626 2662 3682 necessitate
2713 3635 2955 3702 urgente
3001 3625 3290 3700 mittente,
3325 3643 3695 3708 nequaquam
3719 3627 3781 3690 de

2148 3715 2502 3772 monasterio
2535 3715 2928 3788 egrediantur.

2149 3824 2280 3876 CAP.
2314 3823 2557 3896 CCXIII.
2591 3823 2790 3896 Mulier
2818 3838 2944 3894 quae
2976 3823 3212 3879 mutavit
3260 3823 3521 3880 habitum
3577 3832 3783 3896 propter

2218 3895 2614 4019 conlintenlt'am
2643 3895 2693 3949 si
2722 3896 2947 3950 virilem
2976 3897 3236 3951 amictum
3291 3897 3472 3950 sumat
3501 3935 3515 3962 ,
3567 3894 3781 3949 anathe-

2219 3981 2312 4019 ma
2340 3981 2387 4019 si
2421 4005 2434 4019 .

2219 3981 2312 4020 ma
2340 3981 2434 4020 8U.

2613 4037 2691 4091 Ex
2728 4038 2904 4106 Conc,
2936 4041 3122 4109 Gang.
3156 4053 3207 4093 c.
3246 4038 3330 4092 14.

2220 4125 2280 4180 Si
2296 4125 2638 4196 quamulier
2660 4131 2900 4198 propter
2920 4125 3364 4192 continentiam,
3383 4142 3511 4198 quae
3539 4129 3783 4197 putatur.

2153 4215 2468 4270 mutaverit
2495 4215 2783 4286 habitum,
2817 4219 2875 4270 et
2904 4232 3005 4286 pro
3024 4215 3197 4272 solito
3221 4214 3496 4271 muliebri
3521 4215 3781 4272 amictum

2152 4303 2376 4360 virilem
2410 4309 2627 4371 sumat,
2661 4305 2976 4359 anathema
3006 4305 3102 4360 sit.

2152 4397 2284 4447 CAP.
2321 4392 2544 4448 CCXIV.
2576 4394 2796 4449 Mulieri
2836 4393 3027 4523 ἓνέηεῗ
3076 4393 3398 4464 attondenti,
3460 4407 3588 4465 qua
3638 4409 3782 4464 plena

2875 4483 2901 4520 c
2940 4481 3003 4522 ea
3031 4482 3119 4522 ur.

2875 4481 3062 4522 coeatu
3070 4483 3119 4522 ι’.

2636 4555 2806 4610 Conc.
2841 4554 3066 4620 eodem,
3101 4570 3151 4608 c.
3189 4554 3276 4609 17.

2224 4643 2279 4696 Si
2316 4658 2432 4713 qua
2462 4641 2676 4697 mulier
2706 4647 2944 4714 propter
2973 4643 3239 4698 divinum
3268 4641 3491 4697 cultum
3524 4645 3610 4709 (ut
3639 4640 3778 4696 asti-

2155 4733 2299 4800 mat)
2329 4731 2520 4785 crines
2553 4731 2839 4797 attondat,
2871 4748 3020 4804 quos
3058 4730 3108 4786 ei
3138 4730 3424 4786 Dominus
3475 4732 3543 4784 ad
3604 4731 3779 4801 subje-

2151 4821 2362 4875 ctionis
2388 4819 2730 4874 memoriam
2755 4817 2982 4886 tribuit,
3000 4823 3283 4890 tanquam
3308 4822 3659 4890 praeceptum
3679 4818 3778 4872 dis-

2150 4908 2384 4964 solvens
2415 4908 2779 4973 obedientiee,
2813 4907 3124 4963 anathema
3158 4909 3254 4963 sit.

2148 5017 2283 5072 CAP.
2324 5015 2533 5070 CCXV.
2569 5013 2717 5082 Quod
2747 5016 3025 5088 episcopus
3054 5030 3196 5088 saepe
3222 5014 3456 5088 visitare
3506 5015 3652 5071 debet
3680 5031 3773 5069 mo-

2570 5088 2813 5142 nasteria
2833 5087 3372 5142 sanctimonialium.

2631 5179 2808 5231 Conc.
2843 5175 3116 5231 Rotbom.
3161 5192 3209 5231 c.
3247 5175 3300 5230 3.

2217 5283 2326 5352 (18,
2360 5297 2418 5352 q.
2453 5281 2505 5348 4,
2539 5296 2589 5335 c.
2623 5280 2742 5336 Non
2768 5281 2977 5349 semel.)
3010 5281 3083 5336 Ut
3129 5279 3442 5352 episcopus
3500 5284 3766 5335 monaste-

2143 5370 2230 5425 ria
2256 5368 2677 5424 monachorum
2710 5373 2767 5424 et
2787 5368 3328 5425 sanctimonialium
3352 5369 3679 5440 frequenter
3694 5367 3764 5422 in-

390 5461 722 5516 occasionem
778 5459 908 5514 dare
955 5463 1264 5515 adversario
1314 5463 1598 5517 maledicti
1649 5467 1850 5534 gratia.
1909 5468 2030 5524 Jam
2140 5463 2343 5528 troeat,
2377 5463 2597 5514 etcum
2630 5459 2901 5532 gravibus
2931 5463 2988 5515 et
3018 5457 3310 5530 religiosis
3331 5457 3762 5529 pereonisines-

394 5551 540 5605 enim
571 5547 820 5618 quaedam
850 5562 1124 5604 conversae
1153 5558 1279 5605 sunt
1308 5559 1451 5606 retro
1481 5551 1765 5612 Satanam.

2148 5564 2279 5607 rum
2311 5551 2594 5603 conventu
2625 5546 2910 5616 residens,
2943 5560 3143 5604 eorum
3173 5545 3260 5603 vel
3291 5559 3496 5602 earum
3523 5543 3687 5603 vitam
3714 5547 3762 5600 et
