4000 6054
252 305 389 359 1181

1560 300 1960 355 ΡΔΝΟΒΜῙΔ.
1995 329 2062 339 —-
2092 302 2225 354 LIB.
2266 303 2363 355 IV.

3529 310 3667 364 1182

248 430 751 489 conversationem
784 430 1093 502 diligenter
1124 428 1400 495 excutiat,
1433 427 1483 483 si
1516 427 1658 498 quid
1713 442 1906 497 repre-
1937 430 1988 494 Α
2022 425 2260 483 secretis
2319 426 2781 485 habitationibus
2839 447 3139 487 accessum
3202 433 3432 504 habeat,
3480 452 3669 508 neque

252 519 543 576 hensibile
576 520 863 575 invenerit
891 519 1200 591 diligenter
1220 515 1910 588 satagat.Sanotimonia-

252 610 401 665 lium
434 608 611 663 etiam
638 608 979 681 pudicitiam
1001 607 1295 662 subtiliter
1315 606 1718 676 investiget,et
1739 604 1787 659 si
1811 603 1911 659 ali-

251 716 373 771 qua
404 699 737 753 inveniatur
757 714 908 769 qua,
932 699 1193 769 neglecto
1224 696 1526 768 proposito
1557 694 1908 759 sanctitatis,

251 788 463 844 clerico
495 791 597 842 aut
626 786 773 842 laico
796 786 1172 858 impudenter
1194 786 1531 853 misceatur,
1556 783 1767 838 acriter
1786 799 1909 837 ver-

248 878 495 935 beribus
520 881 875 946 coerceatur,
909 882 967 933 et
999 877 1057 932 in
1090 876 1316 949 privata
1345 875 1611 931 custodia
1639 874 1909 930 retrude-

249 972 368 1032 tur,
403 966 502 1021 ubi
535 966 692 1037 quod
726 965 878 1021 male
922 966 1238 1035 commisit,
1273 965 1446 1037 digne
1480 963 1780 1035 poeniteat.
1814 963 1909 1017 In-

248 1056 572 1112 terdicatur
592 1054 768 1110 etiam
790 1070 859 1110 ex
879 1054 1227 1110 auctoritate
1240 1058 1579 1111 sanctorum
1593 1068 1906 1121 canonum,

253 1150 317 1204 ut
350 1144 548 1202 nullus
575 1142 763 1202 laicus
789 1148 890 1202 aut
922 1143 1169 1202 clericus
1199 1144 1258 1200 in
1291 1159 1495 1201 earum
1545 1141 1821 1198 claustris
1853 1145 1909 1196 et

2026 516 2363 587 presbyteri,
2397 516 2509 572 nisi
2544 522 2776 573 tantum
2808 521 2881 574 ad
2915 521 3154 576 missam
3182 542 3196 590 ;
3230 524 3456 595 expleta
3487 526 3671 581 missa

2020 606 2093 661 ad
2126 606 2402 663 ecclesias
2434 625 2573 663 suas
2604 609 2863 663 redeant.
2896 609 3180 666 Omnibus
3210 613 3443 683 publice
3471 619 3529 670 et
3558 616 3671 686 pri-

2016 695 2193 750 vatim
2227 696 2535 751 denuntiet
2567 702 2857 769 quantum
2890 701 2967 754 sit
2998 700 3325 770 periculum
3358 704 3458 772 qui
3492 721 3666 775 spon-

2020 800 2145 839 sam
2177 784 2393 841 Christi
2424 785 2627 841 vitiare
2658 787 2977 858 prasumit.
3010 790 3068 845 Si
3102 790 3259 845 enim
3290 791 3387 845 ille
3418 808 3553 847 reus
3582 797 3669 847 te-

2021 876 2195 928 netur
2240 874 2339 944 qui
2391 891 2669 946 sponsam
2712 876 2972 932 hominis
3002 877 3199 947 violat,
3233 886 3449 950 quanto
3481 881 3669 953 magis

2018 977 2154 1018 reus
2187 963 2515 1034 majestatis
2536 964 2925 1036 efﬁcitur,qui
2945 982 3224 1037 sponsam
3249 970 3670 1040 omnipotentis

2020 1051 2123 1107 Dei
2155 1052 2531 1124 corrumpit?

1440 1442 1811 1536 LIBER
1893 1441 2491 1552 QUARTUS.

450 1798 537 1857 De
570 1796 847 1875 primatu
880 1794 1529 1879 Romanalflcclesia,
1565 1799 1627 1854 et
1656 1794 1733 1854 de
1757 1794 1899 1871 jure
1921 1792 2562 1879 metropolitanorum
2596 1798 2785 1879 atque
2816 1794 3279 1879 episcoporum,
3312 1802 3373 1855 et
3403 1795 3478 1855 de

1106 1875 1504 1938 ordinatione
1533 1894 1777 1948 eorum,
1810 1881 1871 1934 et
1902 1874 1978 1934 de
2010 1873 2398 1934 sublimitate
2429 1875 2793 1954 episcopali.

240 2066 433 2121 CAM.
461 2068 539 2121 De
564 2063 871 2136 privilegiis
900 2065 1257 2119 Constantini
1286 2065 1659 2135 imperatoris,
1677 2079 1893 2121 conces-
1926 2065 1971 2129 Β
2005 2061 2263 2133 dignitas
2278 2062 2547 2135 etgloria
2581 2062 2840 2134 potentia
2862 2063 3333 2118 decoreturzecce
3357 2066 3475 2117 tam
3497 2064 3663 2135 pala-

613 2138 694 2192 sis
724 2136 995 2207 Sylvestro
1021 2151 1186 2208 papa
1214 2136 1282 2191 ab
1311 2137 1516 2193 eodem.

630 2230 711 2280 Ex
740 2226 979 2281 constit.
1013 2226 1317 2282 Constant.
1353 2226 1495 2298 imp.

310 2333 392 2387 Ex
448 2334 801 2387 testamento
849 2331 1215 2387 Constantini
1271 2332 1454 2387 nostri
1514 2332 1890 2389 concedimus

238 2421 465 2479 sanctis
502 2420 650 2493 ipsis
700 2420 983 2493 apostolis
1034 2420 1290 2477 dominis
1336 2420 1502 2491 meis,
1534 2420 1891 2476 beatissimis

240 2512 408 2566 Petro
439 2514 495 2566 et
525 2509 702 2565 Paulo
746 2527 847 2581 per
897 2526 996 2566 eos
1045 2515 1101 2565 et
1150 2510 1439 2582 Sylvestro
1490 2511 1641 2565 Patri
1691 2515 1890 2565 nostro

241 2617 475 2657 summo
509 2601 793 2672 pontiﬁci,
816 2605 872 2655 et
904 2600 1251 2656 universalis
1284 2601 1447 2656 urbis
1479 2602 1672 2655 Roma
1706 2617 1889 2671 papa,

238 2696 297 2746 et
329 2690 606 2746 omnibus
628 2691 757 2761 ejus
780 2690 1215 2745 successoribus
1240 2690 1638 2762 pontificibus,
1663 2689 1761 2761 qui
1794 2706 1891 2745 us-

238 2795 352 2850 que
377 2778 437 2835 in
469 2779 640 2834 ﬁnem
700 2777 909 2833 mundi
940 2779 998 2833 in
1031 2779 1167 2833 sede
1200 2779 1351 2833 beati
1384 2778 1535 2834 Petri
1568 2786 1737 2833 erunt
1768 2794 1890 2833 ses-

238 2868 385 2937 suri,
416 2871 592 2938 atque
624 2867 695 2922 de
724 2868 998 2939 praesenti
1035 2867 1393 2923 conferimus
1445 2867 1733 2939 palatium
1778 2867 1890 2921 im-

239 2957 382 3028 perii
404 2956 588 3011 nostri
611 2956 1019 3025 Lateranense,
1045 2957 1199 3027 quod
1229 2955 1505 3010 omnibus
1526 2957 1584 3010 in
1612 2960 1729 3011 toto
1754 2955 1892 3011 orbe

242 3046 545 3117 prafertur
576 3049 751 3117 atque
782 3044 1058 3115 praecellit
1090 3044 1340 3115 palatiis,
1375 3044 1587 3099 deinde
1625 3044 1892 3099 diadema

238 3132 507 3195 videlicet
549 3150 823 3195 coronam
875 3134 1083 3207 capitis
1135 3132 1341 3201 nostri,
1375 3132 1669 3204 simulque
1714 3133 1888 3205 phry-

240 3222 403 3293 gium
454 3239 559 3281 nec
608 3239 723 3281 non
756 3227 813 3278 et
844 3221 1345 3294 superhuinerale,
1381 3222 1645 3278 videlicet
1675 3221 1889 3291 lorum,

242 3312 397 3381 quod
435 3311 736 3383 imperiale
778 3312 1143 3366 circumdare
1176 3311 1392 3366 assolet
1422 3311 1659 3379 collum,
1693 3328 1891 3367 verum

241 3398 662 3471 etIchlamidem
684 3417 1039 3472 purpuream
1061 3404 1237 3472 atque
1256 3401 1517 3454 tunicam
1536 3401 1863 3455 coccineam
1878 3445 1890 3466 ,

239 3492 296 3543 et
328 3488 524 3543 omnia
556 3488 884 3559 impcrialia
916 3488 1262 3543 indumenta
1283 3504 1383 3542 seu
1405 3488 1747 3557 dignitatem
1781 3488 1890 3541 im-

235 3574 549 3649 perialium
574 3575 1393 3646 prasidentium,equitum,et
1414 3575 1777 3631 conferentes
1795 3576 1892 3629 im-

235 3664 479 3739 perialia
537 3667 767 3735 sceptra
824 3662 1123 3734 simulque
1182 3667 1391 3717 cuncta
1430 3663 1803 3733 signabunda
1834 3669 1891 3719 et

231 3754 407 3809 etiam
439 3752 670 3808 diversa
700 3757 1043 3808 ornamenta
1065 3753 1140 3805 im
1154 3751 1413 3823 perialia,
1434 3756 1489 3807 et
1506 3768 1598 3805 om
1610 3768 1741 3806 nem
1760 3769 1889 3823 pro-

230 3842 544 3897 fessionem
576 3841 904 3912 imperialis
936 3840 1210 3895 culminis
1236 3846 1290 3895 et
1312 3840 1557 3912 gloriam
1582 3841 1888 3911 potestatis

231 3936 440 3986 nostra
467 3952 481 3999 ;
512 3931 651 3986 viris
683 3930 839 3986 enim
874 3929 1384 3986 reverendissimis
1416 3928 1645 3985 clericis
1683 3930 1741 3983 in
1792 3930 1885 3984 di-

224 4020 411 4074 versis
465 4019 773 4075 ordinibus
831 4021 1099 4089 ejusdem
1164 4024 1550 4075 sacrosancta
1612 4020 1885 4075 Romanae

226 4107 495 4163 Ecclesia
558 4108 971 4173 servientibus,
1005 4107 1149 4163 illud
1182 4108 1415 4164 culmen
1449 4108 1749 4179 singulare
1784 4126 1883 4179 po-

222 4197 418 4255 tentia
451 4202 508 4253 et
540 4197 938 4269 pracellentia
971 4197 1185 4255 habere
1217 4197 1535 4263 sancimus,
1564 4198 1734 4268 cujus
1758 4216 1880 4254 am-

223 4286 532 4359 plissimus
564 4291 807 4344 senatus
839 4290 1039 4342 noster
1073 4287 1300 4342 videtur
1349 4286 1532 4356 gloria
1583 4288 1877 4354 adornari,

221 4376 277 4433 id
310 4374 586 4448 patricios
619 4378 793 4447 atque
824 4374 1098 4435 consules
1158 4376 1332 4443 efﬁci,
1368 4393 1472 4431 nec
1508 4392 1621 4431 non
1656 4377 1878 4432 caeteris

222 4462 612 4533 dignitatibus
633 4463 1037 4535 imperialibus
1057 4480 1155 4519 eos
1178 4464 1690 4535 promulgantibus
1714 4466 1879 4521 deco~

222 4551 361 4619 rari,
393 4556 449 4607 et
481 4550 634 4607 sicut
665 4550 989 4623 imperialis
1025 4552 1237 4607 militia
1268 4553 1350 4607 ita
1381 4558 1437 4607 et
1468 4554 1620 4608 clero
1652 4560 1707 4608 et
1740 4570 1874 4608 san-

221 4643 323 4693 cta
357 4640 632 4694 Romana
682 4639 946 4694 Ecclesia
996 4640 1256 4695 ordinari
1308 4640 1694 4695 decrevimus.
1730 4642 1871 4696 Item

220 4726 360 4779 ibid.
393 4743 405 4780 :
443 4728 569 4795 Ipse
602 4727 977 4785 beatissimus
1014 4744 1160 4799 papa
1190 4744 1367 4799 super
1396 4744 1669 4782 coronam
1695 4746 1870 4800 quam

1999 2150 2152 2207 tium
2187 2156 2477 2222 nostrum,
2511 2156 2575 2206 ut
2604 2152 2907 2223 pralatum
2956 2155 3064 2217 est,
3100 2168 3277 2222 quam
3332 2156 3651 2211 Romanam

2000 2244 2205 2298 urbem
2224 2246 2503 2298 etomnes
2533 2241 2710 2298 Italia
2742 2260 2842 2298 seu
2877 2242 3327 2298 occidentalium
3351 2244 3653 2313 regionum

2000 2332 2351 2403 provincias,
2384 2333 2511 2387 loca
2538 2336 2595 2388 et
2624 2333 2888 2387 civitates
2918 2349 3067 2403 sape
3100 2332 3338 2402 praefato
3378 2332 3651 2388 beatissi-

2000 2438 2095 2477 mo
2127 2421 2387 2493 pontifici
2418 2421 2569 2476 Patri
2606 2426 2808 2477 nostro
2831 2420 3123 2491 Sylvestro
3148 2420 3461 2476 universali
3484 2439 3645 2494 papa

2001 2510 2432 2576 contradentes,
2458 2514 2635 2580 atque
2666 2508 3066 2581 relinquentes
3096 2510 3147 2564 ei
3179 2508 3266 2564 vel
3296 2512 3645 2567 successori-

2000 2599 2112 2653 bus
2139 2598 2326 2668 ipsius
2356 2598 2700 2669 pontiﬁcum
2736 2597 3003 2668 potestati
3028 2597 3309 2653 etditioni
3342 2600 3642 2655 ﬁrmalm-

2000 2685 2204 2757 periali
2254 2702 2501 2741 censura
2530 2703 2633 2758 per
2662 2688 2811 2741 hanc
2840 2690 3102 2741 nostram
3134 2686 3383 2741 divalem
3417 2704 3639 2743 sacram

1999 2779 2058 2830 et
2080 2775 2501 2846 pragmaticum
2526 2776 2911 2833 constitutum
2935 2775 3306 2830 decernimus
3332 2776 3647 2849 disponen-

2002 2864 2165 2931 dum,
2201 2868 2373 2935 atque
2397 2865 2530 2934 juro
2561 2868 2773 2919 sancta
2809 2866 3073 2920 Romana
3116 2864 3385 2920 Ecclesia
3440 2882 3645 2921 conce-

2001 2952 2195 3008 dimus
2217 2954 2867 3024 permanendum,unde
2888 2970 3212 3025 congruum
3238 2955 3645 3027 prospeximus

2002 3046 2271 3097 nostrum
2292 3044 2603 3115 imperium
2624 3049 2679 3098 et
2700 3044 2860 3115 regni
2880 3047 3232 3115 potestatem
3264 3043 3647 3101 orientalibus

2001 3131 2303 3187 transferri
2331 3149 2398 3187 ac
2424 3133 2811 3188 transmutari
2859 3133 3219 3203 regionibus,
3253 3138 3307 3187 et
3337 3132 3395 3187 in
3428 3133 3649 3205 Byzan-

2001 3222 2094 3276 tia
2129 3221 2425 3293 provincia
2453 3221 2511 3275 in
2546 3221 2767 3291 optimo
2798 3220 2921 3277 loco
2950 3222 3174 3276 nomini
3208 3226 3407 3277 nostro
3447 3222 3650 3277 civita-

2002 3314 2120 3365 tem
2155 3310 2528 3377 adiﬁcari,et
2559 3316 2826 3365 nostrum
2861 3310 2979 3365 illic
3005 3310 3282 3366 constitui
3316 3311 3651 3383 imperium.

2005 3400 2290 3464 Quoniam
2323 3400 2422 3453 ubi
2450 3399 2817 3470 principatus
2841 3401 3210 3454 sacerdotum
3235 3404 3290 3453 et
3312 3399 3653 3455 Christiana

2004 3486 2304 3558 religionis
2336 3492 2507 3557 caput
2538 3488 2609 3541 ab
2636 3488 2985 3561 imperatore
3016 3487 3227 3541 cmlesti
3264 3488 3651 3543 constitutum

2003 3579 2111 3639 est,
2145 3589 2250 3629 nec
2283 3581 2370 3629 est
2393 3575 2625 3644 justum
2662 3579 2723 3629 ut
2749 3574 2867 3628 illic
2900 3574 3219 3648 imperator
3250 3578 3516 3631 terrenus
3548 3575 3651 3630 ha-

2000 3664 2133 3717 beat
2165 3668 2534 3737 potestatem.

2000 3764 2123 3817 CAP.
2158 3763 2227 3816 II.
2260 3762 2376 3816 Non
2409 3762 2476 3816 ab
2500 3760 2834 3832 apostolicis,
2867 3760 2958 3815 sed
2989 3761 3055 3815 ab
3098 3762 3213 3832 ipso
3260 3762 3497 3818 Domino
3546 3762 3645 3817 Ro-

2308 3850 2475 3887 mana
2504 3834 2754 3888 Ecclesia
2782 3835 3082 3904 primatum
3111 3836 3335 3904 accepit.

2271 3923 2532 3978 Anaclet.
2567 3923 2624 3977 in
2656 3927 2873 3978 Decret.
2907 3940 2998 3995 ep.
3031 3924 3064 3977 3
3095 3924 3167 3978 ad
3200 3922 3377 3993 episc.

2067 4022 2237 4094 (Dist.
2290 4022 2382 4090 25,
2445 4037 2496 4075 c.
2566 4020 2968 4092 Sacrosancta.)
3043 4027 3373 4075 Amcwrus
3441 4035 3650 4076 servus

1995 4127 2293 4167 servorum
2326 4110 2447 4175 Dei,
2482 4110 2755 4166 omnibus
2787 4110 3175 4181 episcopis,et
3206 4109 3447 4179 reliquis
3479 4108 3645 4162 Chri-

1995 4201 2067 4255 sti
2100 4199 2524 4271 sacerdotibus,
2558 4200 2829 4255 salutem.
2867 4230 2930 4241 ~—
2962 4199 3338 4254 Sacrosancta
3380 4199 3643 4255 Romana

1990 4289 2250 4345 Ecclesia
2282 4294 2337 4344 et
2366 4289 2685 4360 apostolica
2719 4305 2830 4343 non
2867 4288 2936 4343 ab
2955 4287 3377 4359 apostolis,sed
3408 4287 3481 4342 ab
3514 4288 3637 4358 ipso

1995 4378 2235 4433 Domino
2264 4376 2556 4431 Salvatore
2596 4382 2793 4431 nostro
2844 4376 3163 4447 primatum
3219 4375 3492 4443 obtinuit,
3527 4376 3639 4431 sic-

1989 4472 2055 4521 ut
2088 4466 2199 4537 ipsi
2228 4468 2398 4521 beato
2435 4467 2607 4520 Petro
2641 4464 2900 4537 apostolo
2933 4465 3105 4520 dixit:
3151 4466 3223 4519 Tu
3251 4482 3305 4520 es
3334 4466 3548 4532 Petrus,
3584 4471 3641 4520 et

1988 4555 2211 4626 reliqua
2257 4555 2465 4625 (Matth.
2518 4555 2655 4616 xw).
2708 4555 2855 4625 Ergo
2904 4553 3025 4609 hac
3074 4554 3391 4624 apostolica
3449 4554 3637 4625 sedes,

1986 4646 2159 4699 cardo
2192 4649 2249 4699 et
2279 4648 2453 4713 caput
2500 4642 2764 4698 omnium
2818 4642 3204 4698 Ecclesiarum
3242 4660 3275 4697 a
3303 4636 3546 4698 Domino
3581 4650 3639 4698 et

1986 4751 2099 4789 non
2134 4734 2205 4789 ah
2237 4732 2349 4788 alio
2381 4737 2468 4787 est
2499 4733 2841 4795 constituta,
2877 4737 2933 4787 et
2963 4732 3117 4787 sicut
3147 4732 3384 4787 cardine
3416 4733 3631 4787 ostium

220 4814 371 4885 gerit
402 4816 470 4869 ad
507 4815 755 4886 gloriam
791 4816 942 4870 beati
992 4816 1164 4879 Petri,
1198 4817 1440 4871 omnino
1475 4816 1604 4889 ipsa
1635 4799 1874 4875 exauro
1912 4799 1953 4861 D
1989 4824 2228 4894 regitur,
2265 4824 2345 4877 ita
2379 4823 2552 4891 hujus
2584 4827 2798 4876 sancta
2850 4822 3005 4877 sedis
3056 4822 3402 4877 auctoritate
3433 4837 3637 4877 omnes

222 4920 334 4956 non
369 4908 456 4958 est
488 4920 698 4975 passus
732 4905 814 4958 uti
847 4920 1079 4959 corona.
1115 4904 1431 4976 Phrygium
1465 4922 1597 4959 vero
1630 4908 1875 4963 candido

219 4992 409 5045 nitore
440 4991 820 5062 splendidum
856 4995 1346 5049 resurrectionem
1380 4993 1742 5049 Dominicam
1776 4998 1874 5051 de-

219 5080 486 5151 signans,
537 5080 667 5150 ejus
720 5081 1123 5136 sacratissimo
1182 5081 1382 5136 vertici
1438 5099 1618 5137 manu
1679 5090 1875 5140 nostra

216 5168 634 5239 imposuimus,
686 5172 743 5222 et
790 5174 1057 5223 tenentes
1104 5170 1332 5225 frenum
1369 5171 1556 5241 ipsius
1588 5190 1689 5243 pro
1724 5191 1875 5229 reve-

215 5257 400 5311 rentia
451 5257 603 5312 beati
656 5258 829 5328 Petri,
864 5258 1129 5313 stratoris
1183 5260 1443 5314 ofﬁcium
1497 5260 1579 5313 illi
1612 5261 1872 5317 exhibui-

214 5361 369 5413 mus,
402 5350 730 5401 statuentes
759 5347 960 5402 eodem
990 5348 1235 5420 phrygio
1267 5365 1471 5404 omnes
1499 5366 1869 5407 successores

212 5436 339 5505 ejus
373 5434 754 5506 singulariter
784 5435 842 5489 in
878 5436 1349 5506 processionibus
1385 5437 1466 5491 uti
1493 5438 1563 5491 ad
1586 5438 1868 5495 imitatio-

215 5539 347 5577 nem
379 5522 614 5592 imperii
661 5524 861 5578 nostri.
902 5522 1059 5577 Unde
1092 5529 1156 5578 ut
1188 5541 1302 5577 non
1336 5524 1691 5595 pontiﬁcalis
1726 5545 1869 5598 apex

211 5610 473 5681 vilescat,
507 5611 604 5667 sed
655 5612 844 5682 magis
887 5609 1143 5683 amplius
1175 5626 1351 5684 quam
1386 5612 1600 5670 terreni
1634 5610 1864 5687 imperii

1990 4912 2254 4967 Ecclesia
2304 4912 2551 4967 Domino
2601 4912 2970 4981 disponente,
3020 4920 3320 4981 reguntur.
3356 4911 3541 4979 Igitur
3583 4911 3633 4964 si

1988 5016 2117 5070 qua
2146 5016 2334 5054 causa
2363 4998 2726 5053 difﬁciliores
2760 5000 2913 5053 inter
2955 5015 3057 5053 vos
3107 5003 3243 5053 orta
3295 4997 3532 5064 iuerint,
3564 4998 3632 5050 ad

1988 5090 2161 5158 hujus
2184 5094 2399 5143 sancta
2433 5088 2589 5142 sedis
2618 5088 2836 5157 apicem
2871 5104 2971 5142 eos
3002 5087 3257 5157 quasiad
3277 5086 3635 5156 caputreler-

1986 5183 2061 5247 te,
2090 5183 2151 5231 ut
2182 5177 2498 5247 apostolico
2530 5177 2919 5231 terminentur
2939 5177 3187 5246 judicio.

1982 5275 2113 5330 Car.
2152 5275 2247 5329 Ill.
2281 5276 2595 5329 Primatum
2651 5276 2905 5328 Romana
2960 5273 3214 5327 Ecclesiae
3270 5288 3379 5326 non
3437 5272 3630 5342 aliqua

2316 5348 2580 5417 synodus,
2612 5348 2711 5400 sed
2751 5346 2995 5399 Christus
3025 5342 3295 5398 instituit.

2449 5433 2641 5488 Gelas.
2674 5433 2727 5485 in
2766 5436 2984 5486 Decret.
3018 5447 3066 5484 c.
3104 5432 3153 5484 1.

2050 5529 2218 5600 (Dist.
2271 5532 2362 5599 21,
2412 5548 2461 5585 c.
2515 5529 2817 5598 Quamvis.)
2874 5527 3158 5582 Gscasms
3220 5527 3381 5583 urbis
3430 5530 3622 5587 Roma

1978 5617 2310 5690 episcopus,
2344 5618 2617 5674 omnibus
2666 5614 2975 5688 episcopis.
3014 5615 3289 5680 Quamvis
3339 5618 3624 5677 universa
