3938 6074
382 239 518 294 1183

377 456 586 508 sancta
635 454 831 505 tamen
881 453 1143 504 Romana
1186 447 1443 504 Ecclesia
1473 447 1771 504 Catholica
1800 453 1857 504 et
1887 464 2024 520 apo-

377 541 602 604 stolica,
636 538 815 594 nullis
845 538 1141 608 synodicis
1171 537 1530 606 constitutis,
1563 538 1789 594 caeteris
1829 537 2026 594 Eccle-

376 630 481 686 siis
514 629 748 701 praelata
778 633 885 694 est,
909 627 1010 682 sed
1032 625 1362 697 evangelica
1381 643 1518 682 voce
1549 626 1782 682 Domini
1812 631 1869 682 et
1894 626 2024 683 Sal-

377 718 594 774 vatoris
616 717 799 772 nostri
831 716 1150 787 primatum
1183 715 1458 771 obtinuit.
1495 717 1570 770 Tu
1599 732 1674 785 es,
1698 715 2025 788 inquitiDo-

379 808 598 873 minus,
631 808 843 871 Petrus,
875 810 930 860 et
960 821 1129 875 super
1176 804 1325 860 hanc
1367 809 1582 876 petram
1610 804 1894 874 azdiﬁcabo
1924 805 2024 858 Ec-

378 896 602 951 clesium
630 910 806 949 meam
831 893 1047 964 (Matth.
1081 894 1219 964 xw).
1253 892 1355 948 Cui
1387 893 1564 949 etiam
1605 894 1742 950 data
1789 897 1881 948 est
1927 909 2023 949 so-

377 983 553 1038 cietas
614 982 940 1038 beatissimi
989 982 1153 1037 Pauli
1201 982 1446 1053 apostoli
1496 982 1648 1038 vasis
1698 981 2022 1048 electionis,

285 1098 288 1101 -
376 1072 476 1143 qui
527 1088 640 1126 non
691 1071 940 1137 diverso,
973 1069 1124 1125 sicut
1157 1069 1408 1125 haeretici
1438 1070 1726 1143 garriunt,
1760 1071 1861 1125 sed
1907 1085 2023 1124 uno

377 1164 786 1229 tempore,uno
809 1160 1130 1230 eodemque
1155 1158 1247 1214 die
1268 1158 1522 1231 gloriosa
1546 1164 1730 1215 morte
1751 1176 1886 1214 cum
1918 1163 2022 1214 Pe-

377 1251 468 1303 tro
498 1247 557 1302 in
589 1247 734 1302 urbe
791 1247 976 1302 Roma
1023 1247 1136 1302 sub
1185 1263 1395 1303 caesare
1438 1247 1664 1304 Nerone
1711 1248 2023 1318 agonizans

376 1340 690 1392 coronatus
739 1341 847 1404 est,
881 1341 938 1391 et
988 1337 1206 1407 pariter
1250 1335 1648 1408 supradictam
1699 1337 2022 1392 Romanam

380 1424 697 1480 Ecclesiam
743 1425 972 1480 Christo
1016 1424 1260 1480 Domino
1309 1433 1745 1496 consecrarunt,
1777 1442 2026 1497 eamque

378 1514 436 1568 in
470 1514 748 1569 omnibus
782 1513 1105 1568 urbibusin
1126 1513 1396 1569 universo
1429 1515 1648 1570 mundo
1666 1515 1757 1570 sui
1779 1531 2026 1587 praesen-

377 1603 462 1658 tia
509 1607 684 1674 atque
735 1603 1036 1674 triumpho
1081 1602 1486 1674 praetulerunt.
1520 1605 1622 1659 Est
1665 1620 1802 1676 ergo
1835 1605 2026 1675 prima

378 1691 530 1745 Petri
561 1691 810 1762 apostoli
843 1692 1011 1747 sedes
1044 1692 1306 1747 Romana
1336 1692 1594 1749 Ecclesia
1635 1711 1751 1749 non
1802 1693 2025 1749 habens

377 1779 669 1835 maculam
703 1798 808 1836 nec
840 1797 1070 1852 rugam,
1102 1796 1208 1836 nec
1233 1781 1455 1853 aliquid
1489 1782 1848 1853 hujusmodi.

653 1887 788 1942 CAP.
826 1889 917 1941 IV.
956 1889 1010 1941 In
1040 1888 1281 1942 Decretis
1311 1889 1575 1958 Anacleti,
1608 1905 1658 1943 c.
1689 1891 1744 1945 3.

449 1976 618 2048 (Dist.
649 1980 738 2045 22,
773 1993 822 2030 c.
855 1977 1238 2032 Sacrosancta.
1271 1978 1560 2050 §Prima.)
1603 1979 1797 2034 Prima
1843 1979 2025 2051 igitur

379 2067 549 2122 sedes
575 2070 663 2120 est
692 2064 910 2120 caelesti
947 2065 1221 2121 beneﬁcio
1251 2067 1514 2122 Romana
1548 2067 1800 2123 Ecclesia
1822 2084 2020 2140 quam,

379 2159 445 2209 ut
490 2159 878 2209 memoratum
929 2163 1038 2222 est,
1087 2155 1415 2211 beatissimi
1453 2155 1657 2212 Petrus
1704 2161 1762 2212 et
1806 2155 2022 2212 Paulus

381 2243 661 2313 martyrio
691 2249 1126 2300 consecrarunt.

505 2351 638 2407 CAP.
669 2350 736 2406 V.
769 2353 960 2406 Prima
989 2351 1138 2407 sedes
1167 2353 1378 2408 nullius
1393 2353 1615 2423 judicio
1641 2353 1899 2426 subjacet.

839 2439 1216 2496 Innocentius
1247 2443 1304 2496 in
1338 2441 1562 2498 Decret.

449 2527 524 2600 (9,
559 2546 613 2600 q.
647 2529 700 2598 3,
733 2546 783 2585 c.
834 2530 1042 2600 Nemo.)
1099 2531 1388 2600 Sylvcster
1443 2548 1592 2602 papa
1649 2533 1707 2587 in
1769 2534 2023 2604 generali

377 2617 644 2672 residens
674 2618 896 2688 synodo
927 2619 1108 2674 dixit:
1161 2643 1188 2669 «
1224 2625 1400 2675 Nemo
1445 2621 1732 2690 judicabit
1770 2621 2022 2694 primam

379 2707 575 2781 sedem
607 2707 908 2781 justitiam
961 2715 1282 2778 temperare
1329 2709 1780 2766 desiderantem.
1829 2711 2023 2781 Neque

379 2779 537 2832 enim
568 2778 640 2832 ab
669 2781 951 2850 Augusto,
987 2797 1174 2851 neque
1224 2781 1296 2836 ab
1343 2782 1502 2837 omni
1552 2783 1726 2852 clero,
1759 2778 1947 2855 neque
1991 2801 2024 2838 a

375 2866 634 2938 regibus.
671 2882 858 2938 neque
888 2886 921 2923 a
951 2873 1186 2940 populo,
1214 2870 1396 2940 judex
1418 2870 1802 2941 judicabitur.
1836 2892 1865 2922 »

379 2969 514 3025 CAP.
548 2971 644 3027 Vl.
679 2972 911 3029 Minores
940 2990 1047 3029 non
1092 2983 1318 3057 possunt
1364 2991 1682 3044 cognoscere
1722 2976 1796 3031 de
1841 2977 2022 3034 causis

1051 3061 1343 3116 majorum.

539 3130 814 3187 Nicolaus
845 3132 1109 3188 Michaeli
1141 3135 1347 3204 imper.
1383 3135 1438 3189 iu
1469 3140 1689 3191 Decret.
1722 3153 1772 3191 c.
1809 3138 1858 3190 1.

450 3220 738 3276 Nicouws
767 3237 971 3277 servus
1001 3239 1298 3278 servorum
1344 3223 1466 3292 Dei,
1502 3224 1768 3294 piissimo
1798 3230 1855 3280 et
1885 3226 2035 3294 diles

379 3309 644 3365 ctissimo
677 3309 818 3381 filio,
852 3311 1128 3368 MICHAELI
1160 3329 1194 3368 a
1225 3316 1336 3368 Deo
1370 3312 1580 3368 dilecto
1628 3330 1860 3386 semper
1903 3316 2023 3370 Au-

377 3402 572 3471 gusto.

449 3489 615 3545 Nunc
646 3494 840 3546 autem
874 3491 1072 3548 divina
1111 3493 1491 3566 inspiratione
1525 3512 1635 3550 non
1669 3511 1775 3549 nos
1806 3494 2029 3567 pigebit

381 3595 485 3634 nec
509 3579 677 3634 nobis
701 3580 1060 3650 impossibile
1081 3583 1190 3636 erit
1211 3585 1516 3639 ostendere
1546 3584 1729 3649 vobis,
1753 3585 1802 3640 si
1835 3595 2024 3638 tamen

385 3665 590 3721 audire
611 3666 824 3735 velitis,
849 3683 962 3724 non
996 3685 1167 3740 posse
1198 3687 1555 3742 quemquam
1589 3672 1696 3726 rite
1717 3673 1788 3726 ab
1815 3670 1902 3726 bis
1925 3671 2026 3742 qui

383 3753 676 3811 inferioris
705 3755 1013 3827 dignitatis
1047 3764 1208 3826 sunt,
1239 3758 1325 3814 vel
1369 3761 1612 3826 ordinis,
1639 3760 2027 3830 judicialibus

383 3843 653 3899 submitti
686 3846 1146 3902 deﬁnitionibus.
1180 3847 1481 3919 Siquidem
1514 3853 1775 3920 tempore
1804 3848 2029 3903 Diocle-

385 3933 528 3989 tiani
577 3939 633 3990 et
679 3935 1014 3990 Maximiani
1044 3938 1466 4009 Augustorum,
1500 3936 1872 3993 Marcellinus
1902 3937 2029 4008 epi-

383 4040 596 4095 scopus
625 4025 788 4080 urbis
820 4026 1038 4096 Romae,
1060 4027 1155 4097 qui
1190 4031 1392 4098 postea
1422 4026 1673 4098 insignis
1705 4031 1925 4098 martyr
1946 4026 2028 4081 ef-

385 4115 568 4168 fectus
619 4119 726 4181 est,
760 4115 902 4170 adeo
953 4116 1293 4188 compulsus
1325 4121 1414 4172 est
1444 4133 1477 4171 a
1508 4115 1754 4188 paganis
1787 4123 1847 4170 ul
1878 4119 2028 4170 tem-

387 4203 548 4275 plum
600 4219 799 4258 eorum
846 4204 1171 4276 ingressus,
1202 4221 1385 4276 grana
1432 4205 1620 4260 thuris
1669 4219 1847 4275 super
1893 4221 2028 4276 pru-

389 4309 494 4346 nas
527 4291 872 4363 imponeret.
901 4295 1079 4364 Cujus
1129 4293 1210 4348 rei
1257 4294 1446 4365 gratia
1483 4293 1722 4349 collecto
1754 4309 2031 4349 numero-

387 4396 588 4435 eorum
621 4380 863 4436 concilio
893 4382 1298 4453 episcoporum
1351 4387 1406 4436 et
1452 4381 1832 4451 inquisitione
1859 4382 2029 4450 facta,

389 4469 496 4525 hoc
527 4469 681 4524 idem
717 4470 972 4541 pontifex
1019 4487 1080 4524 se
1126 4470 1318 4540 egisse
1357 4471 1662 4525 confessus
1693 4475 1801 4540 est,
1832 4469 2032 4526 nullus

389 4565 584 4615 tamen
617 4576 815 4614 eorum
850 4560 1105 4630 proferre
1135 4561 1485 4614 sententiam
1525 4575 1706 4614 ausus
1753 4564 1863 4625 est,
1891 4559 2031 4613 dum

389 4650 440 4704 ei
473 4649 794 4718 saepissime
843 4663 1046 4702 omnes
1093 4648 1388 4704 dicerent:
1444 4673 1464 4696 ι
1521 4649 1643 4703 Tuo
1688 4664 1785 4703 ore
1829 4647 2034 4718 judica

387 4753 628 4793 causam
694 4741 880 4801 tuam,
933 4752 1047 4792 non
1099 4743 1296 4792 nostro
1353 4737 1595 4807 judicio.
1630 4759 1659 4787 ››
1709 4737 1778 4792 Et
1825 4737 1963 4791 item
2017 4754 2030 4791 :

389 4852 415 4878 ‹‹
451 4827 580 4883 Noli
613 4825 802 4880 audiri
834 4825 890 4878 in
926 4827 1387 4896 nostrojudicio,
1420 4828 1520 4883 sed
1571 4826 1772 4899 collige
1806 4827 1863 4882 in
1897 4826 2030 4881 sinu

391 4924 489 4972 tuo
523 4933 757 4972 causam
794 4921 975 4970 tuam.
1005 4939 1024 4963 ο
1053 4916 1122 4969 Et
1153 4933 1386 4972 rursus:
1418 4936 1444 4967 ι.
1476 4917 1760 4982 Quoniam
1793 4933 1862 4972 ex
1892 4920 1968 4986 te,
2002 4938 2029 4964 »

391 5007 686 5077 inquiunt,
719 5004 1211 5074 «justiﬁcaberis,
1243 5011 1345 5059 aut
1374 5022 1443 5060 ex
1483 5023 1578 5060 ore
1614 5013 1708 5060 ltuo
1759 5006 2033 5060 condem-

395 5096 649 5150 naberis.
687 5117 706 5144 ιο
749 5094 813 5147 Et
847 5094 1053 5148 iterum
1106 5093 1355 5147 dicunt:
1404 5117 1430 5141 ι‹
1460 5095 1653 5147 Prima
1701 5094 1868 5148 sedes
1920 5111 2032 5148 non

385 5185 749 5255 judicabitur
778 5201 810 5237 a
843 5199 1156 5254 quoquam.
1195 5207 1214 5230 ο
1271 5186 1414 5236 Item
1463 5183 1514 5235 in
1561 5185 1762 5237 eadem
1795 5198 1808 5237 ζ
1862 5205 1889 5231 ‹‹
1922 5181 2033 5237 Sed

393 5290 524 5328 cum
559 5273 813 5344 quodam
848 5278 1106 5342 tempore
1137 5272 1373 5343 quidam
1406 5275 1608 5325 contra
1655 5272 1883 5326 Sixtum
1932 5287 2036 5343 pa-

395 5380 522 5431 pam
559 5367 882 5415 tentassent
913 5362 1177 5432 quaedam
1210 5359 1344 5415 mali
1380 5360 1632 5413 rumoris
1677 5359 1950 5429 objicere,
1981 5364 2038 5414 et

397 5452 454 5504 in
505 5451 748 5506 concilio
789 5451 882 5504 cui
914 5449 1359 5505 Valentinianus
1411 5454 1713 5520 Augustus
1765 5450 2040 5504 intererat

395 5538 618 5593 dictum
653 5541 835 5595 fuisse
865 5557 980 5595 non
1010 5539 1183 5594 licere
1215 5540 1494 5595 adversus
1537 5538 1868 5610 pontiﬁcem
1901 5554 2041 5594 sen-

1462 240 1526 289 D.
1570 237 1806 292 IVONIS
1843 236 2338 292 CARNOTENSIS
2377 238 2693 293 EPISOOPI

2134 831 2268 887 CAP.
2298 831 2419 888 VII.
2456 835 2735 890 Minorum
2765 836 3039 889 sententia
3082 834 3317 904 majores
3366 834 3671 889 damnari
3727 850 3834 887 mm

2852 906 3060 962 valent.

2389 993 2664 1050 Nicolaus
2695 994 2765 1049 ad
2799 995 3094 1062 eumdem,
3129 1009 3196 1049 ex
3227 995 3357 1050 eod.
3392 1011 3530 1066 cap.

2207 1109 2372 1181 (Dist.
2432 1110 2522 1177 21,
2575 1126 2625 1166 c.
2670 1112 2732 1166 In
2792 1109 3059 1179 tantum.)
3119 1110 3286 1177 Item,
3334 1108 3394 1164 in
3448 1109 3712 1164 eadem.
3769 1110 3828 1164 In

2132 1203 2356 1254 tantum
2390 1202 2586 1254 autem
2618 1199 2769 1254 hanc
2800 1198 3316 1272 praesumptionem
3351 1199 3549 1254 sancti
3579 1199 3823 1262 Patres,

2134 1288 2288 1359 apud
2322 1287 2770 1344 Chalcedoniam
2812 1287 3083 1344 detestati
3135 1292 3294 1352 sunt,
3330 1293 3393 1341 ut
3443 1287 3816 1341 Dioscorum

2134 1375 2596 1432 Alexandrinum
2633 1376 2980 1443 antistitem,
3011 1375 3161 1431 inter
3192 1380 3404 1431 caetera
3434 1375 3677 1430 idcirco
3715 1392 3820 1446 pe-

3711 237 3850 289 11ξὲ

377 379 479 434 per
507 365 706 418 orbem
755 361 1026 416 Ecclesiae
1075 377 1224 414 unus
1279 359 1574 416 thalamus
1640 359 1855 415 Christi
1919 360 2021 427 sit,
2052 362 2106 427 Α
2137 360 2377 416 tentiam
2429 361 2590 430 dare,
2623 362 2874 418 surrexit
2917 361 3071 416 idem
3125 362 3394 433 protinus
3443 361 3846 432 imperator,

2136 453 2192 505 et
2218 450 2274 504 in
2307 450 2552 505 arbitrio
2583 451 2806 521 praefati
2840 450 3132 523 pontiﬁcis
3162 448 3370 505 tribuit
3391 451 3719 521 judicare
3747 453 3846 520 ju-

2136 537 2356 593 dicium
2379 556 2594 595 suum:
2628 540 2843 595 etenim
2878 539 3075 595 nullus
3105 539 3453 611 pontiﬁcum
3484 538 3840 609 juniorum

2136 625 2223 682 vel
2278 626 2621 684 inferiorum
2684 629 2916 684 urbium
2977 629 3101 684 suis
3141 627 3286 683 actis
3334 628 3596 699 iudiciis
3662 627 3840 683 inve-

2136 716 2316 771 nitur.
2351 738 2380 766 »

2135 1466 2453 1537 tissimum,
2475 1465 2602 1521 sine
2633 1464 2754 1521 ulla
2784 1464 3649 1534 restitutione,damnaverint,
3673 1466 3812 1535 quia

2136 1571 2361 1627 ponens
2388 1555 2443 1609 in
2477 1556 2618 1610 cmlo
2649 1573 2714 1611 os
2747 1571 2943 1622 suum,
2977 1559 3034 1610 et
3058 1553 3258 1624 lingua
3282 1555 3411 1625 ejus
3442 1558 3810 1609 transeunte

2136 1661 2313 1715 super
2367 1649 2606 1713 terram,
2665 1643 3333 1699 excommunicationem
3392 1643 3452 1697 in
3520 1646 3808 1696 sanctum

2056 1731 2100 1794 Β
2133 1750 2342 1804 papam
2377 1733 2626 1788 Leonem
2658 1732 2920 1798 dictavit,
2952 1732 3033 1787 ita
3061 1735 3123 1786 ut
3152 1731 3212 1786 in
3245 1731 3552 1786 sententia
3596 1736 3811 1784 contra

2132 1823 2325 1892 ipsum
2358 1821 2606 1893 prolata,
2639 1821 2749 1877 hoc
2799 1821 3108 1877 videantur
3137 1835 3464 1876 memorare
3497 1819 3808 1890 praecipue

2130 1910 2390 1966 dicentes
2419 1911 2695 1982 quoniam
2736 1911 3032 1967 secundus
3063 1925 3336 1966 excessus
3370 1908 3634 1980 priorem
3674 1908 3793 1963 ini-

2131 2000 2416 2070 quitatem
2460 2001 2629 2056 valde
2669 1999 3051 2056 transcendit.
3083 1997 3467 2070 Praesumpsit
3492 1997 3662 2053 enim
3696 2013 3796 2051 ex-

2132 2087 2724 2143 communicationem
2757 2089 2978 2143 dictare
3009 2087 3290 2143 adversus
3328 2086 3795 2143 sanctissimum

2133 2181 2190 2232 et
2243 2176 2652 2232 beatissimum
2703 2176 3208 2248 archiepiscopum
3251 2192 3476 2245 magnae
3506 2175 3797 2230 Romanae

2135 2266 2447 2339 [Ecclesiae]
2482 2268 2747 2323 Leonem.
2781 2267 3060 2338 Nunquid
3106 2266 3557 2337 inquisitionem
3609 2266 3799 2321 fuisse

2135 2357 2372 2423 factam,
2405 2361 2601 2411 utrum
2628 2358 2790 2428 juste
2839 2373 2911 2411 an
2959 2356 3176 2426 injuste
3230 2356 3546 2411 Dioscorus
3597 2355 3796 2425 ipsam

2133 2445 2796 2500 excommunicationem
2822 2445 3120 2500 dictasset.
3145 2445 3269 2500 Non
3303 2443 3495 2517 plane,
3522 2445 3627 2498 sed
3664 2444 3797 2496 abs-

2135 2550 2247 2605 que
2304 2534 2460 2589 omni
2517 2535 2932 2601 controversia,
2980 2534 3086 2589 hoc
3135 2534 3190 2588 in
3243 2549 3308 2588 eo
3357 2531 3604 2588 multati
3654 2537 3794 2586 sunt

2133 2624 2273 2693 quia
2304 2638 2438 2677 cum
2485 2629 2640 2678 esset
2688 2622 2950 2690 inferior,
2983 2621 3263 2693 potiorem
3299 2620 3680 2693 quibuslibet
3710 2625 3791 2674 est

2133 2715 2380 2768 conatus
2410 2709 2694 2766 lacessere
2717 2711 2972 2781 injuriis,
2998 2716 3145 2766 teste
3161 2709 3426 2766 Anatollo
3451 2709 3789 2765 Constanti-

2132 2799 2469 2872 nopolitano
2500 2799 2766 2871 pressule,
2799 2800 2899 2872 qui
2931 2799 3109 2855 dicit:
3151 2801 3393 2870 Propter
3443 2799 3628 2853 fidem
3674 2815 3786 2852 non

2133 2892 2222 2944 est
2269 2889 2582 2944 damnatus
2609 2888 2942 2956 Dioscorus,
2976 2889 3072 2942 sed
3124 2888 3266 2959 quia
3307 2885 3786 2942 excommunica-

2134 2977 2352 3032 tionem
2385 2977 2520 3032 fecit
2550 2976 2787 3031 domino
2817 2976 3257 3048 archiepiscopo
3286 2975 3486 3031 Leoni.

2053 3083 2095 3147 θ’
2135 3120 2268 3175 CAP.
2321 3120 2473 3174 VIII.
2525 3121 2718 3174 Prima
2773 3119 2922 3174 sedes
2959 3119 3188 3191 judicat
3233 3118 3478 3173 aliorum
3535 3134 3780 3172 causam.

2237 3207 2620 3280 Symmachus
2663 3225 2834 3280 papa,
2865 3210 2922 3263 in
2957 3209 3162 3281 synod.
3196 3225 3249 3274 ν,
3283 3208 3340 3262 in
3372 3206 3412 3262 l.
3446 3207 3680 3262 Eunod.

2203 3325 2276 3396 (9,
2321 3341 2376 3394 q.
2420 3324 2472 3386 3,
2511 3340 2559 3378 c.
2602 3323 2897 3396 Aliorum.)
2946 3323 3210 3378 Aliorum
3269 3323 3416 3378 forte
3474 3321 3778 3377 hominum

2133 3431 2344 3468 causas
2391 3413 2547 3468 Deus
2590 3413 2774 3468 voluit
2823 3413 3139 3468 terminare
3185 3429 3289 3484 per
3335 3411 3630 3476 homines,
3680 3411 3777 3464 sed

2133 3503 2291 3557 sedis
2323 3502 2495 3556 istius
2527 3501 2835 3572 praesulem
2868 3517 2975 3556 suo
3007 3501 3133 3557 sine
3163 3500 3486 3573 quaestione
3526 3515 3777 3554 reserva-

2135 3591 2216 3645 vit
2236 3589 2498 3656 arbitrio,
2523 3589 2700 3644 voluit
2727 3590 2879 3644 beati
2905 3591 3057 3645 Petri
3082 3603 3451 3644 successores
3484 3586 3627 3642 ccelo
3657 3593 3776 3641 tan-

2137 3685 2260 3734 tum
2295 3680 2505 3734 debere
2527 3678 2943 3744 innocentiam,
2969 3683 3024 3732 et
3047 3677 3449 3734 subtilissima:
3473 3675 3779 3730 dissensio-

2137 3769 2229 3823 nis
2283 3766 2678 3839 [subtilissimi
2739 3768 3118 3837 discussoris]
3154 3765 3414 3837 indagini
3448 3763 3774 3820 inviolatam

2137 3857 2348 3911 habere
2374 3855 2812 3911 conscientiam.

2652 3972 2786 4028 CAP.
2819 3973 2919 4026 IX.
2957 3977 3036 4027 De
3062 3972 3268 4027 eodem.

2581 4068 2848 4125 Gelasius
2874 4070 3052 4140 episc.
3088 4069 3338 4125 Dalmat.

2210 4188 2287 4259 (9,
2323 4203 2377 4258 q.
2413 4187 2470 4252 3,
2502 4202 2550 4241 c.
2584 4189 2791 4242 Cuncta
2819 4203 2920 4257 per
2956 4186 3284 4254 mundum.)
3333 4183 3620 4238 GELASIUS
3661 4182 3772 4252 epi-

2139 4292 2373 4348 scopus,
2401 4275 2695 4330 omnibus.
2721 4275 2940 4330 Cuncta
2964 4291 3065 4346 per
3087 4274 3373 4328 mundum
3402 4271 3562 4327 novit
3594 4271 3772 4326 Eccle-

2140 4365 2228 4419 sia
2268 4365 2419 4436 quod
2463 4366 2835 4418 sacrosancta
2889 4366 3152 4417 Romana
3206 4359 3462 4417 Ecclesia
3515 4360 3585 4414 de
3625 4359 3772 4414 omni

2066 4441 2108 4504 D
2144 4453 2396 4508 Ecclesia
2447 4453 2532 4506 fas
2577 4451 2750 4506 habet
2790 4451 3121 4521 judicandi,
3151 4466 3340 4520 neque
3389 4449 3661 4519 cuiquam
3709 4447 3771 4501 de

2143 4543 2269 4613 ejus
2312 4542 2487 4596 liceat
2522 4540 2748 4610 judicio
2770 4539 3059 4611 judicare,
3095 4539 3385 4610 siquidem
3421 4538 3492 4592 ad
3523 4536 3677 4592 illam
3707 4537 3770 4589 de

2142 4630 2402 4702 qualibet
2435 4629 2635 4684 mundi
2679 4633 2842 4700 parte
2871 4627 3286 4700 appellandum
3321 4634 3429 4696 est,
3453 4627 3528 4682 ab
3559 4626 3655 4680 illa
3682 4643 3771 4680 auo

2143 4725 2259 4775 tem
2295 4735 2462 4774 nemo
2495 4723 2580 4772 est
2609 4715 2902 4788 appellare
2929 4717 3274 4788 permissus.

2143 4835 2279 4890 CAP.
2314 4835 2387 4889 Χ.
2429 4835 2649 4889 Nemini
2693 4839 2774 4888 est
2827 4833 3150 4902 permissum
3209 4832 3280 4886 de
3336 4846 3398 4885 eo
3455 4830 3595 4900 quod
3644 4847 3768 4902 papa

2213 4909 2409 4961 statuit
2438 4906 2708 4974 iudicare,
2742 4904 2822 4958 vel
2852 4904 3006 4958 illius
3036 4905 3364 4957 sententiam
3399 4907 3708 4957 retractare.

2454 4993 2728 5049 Nicolaus
2761 5009 2912 5064 papa
2943 4993 3011 5047 ad
3043 4990 3309 5046 Michael.
3336 4991 3479 5062 imp.

2220 5095 2328 5163 (l7,
2363 5109 2418 5163 q.
2455 5093 2506 5162 4,
2547 5109 2595 5148 c.
2647 5090 2912 5162 Nemini.)
2971 5090 3260 5146 NICOLAUS
3315 5105 3463 5158 papa
3521 5089 3768 5143 omnibus

2145 5182 2458 5254 episcopis.
2492 5181 2794 5236 Neminem
2823 5179 2980 5234 sedis
3011 5176 3344 5247 apostolicae
3377 5177 3604 5247 judicia
3635 5179 3765 5248 judi-

2146 5287 2299 5338 care,
2333 5275 2432 5325 aut
2471 5269 2631 5324 illius
2671 5269 3021 5324 sententiam
3077 5273 3384 5322 retractare
3438 5267 3762 5338 permissum

2146 5365 2256 5426 est,
2287 5360 2553 5414 videlicet
2583 5367 2818 5429 propter
2851 5358 3123 5412 Romanas
3155 5355 3417 5410 Ecclesia:
3477 5356 3761 5426 primatum

2147 5448 2362 5504 Christi
2396 5464 2637 5503 munere
2669 5448 2835 5502 beato
2869 5446 3031 5502 Petro
3061 5446 3324 5515 apostolo
3355 5442 3630 5498 divinitus
3665 5443 3762 5498 col-

2149 5538 2352 5594 latum.
