4000 6054
140 235 291 290 1185
1458 230 1851 285 PANORMIA.
1886 259 1950 269 —
1982 234 2116 286 LIB.
2156 234 2252 286 IV.
3430 237 3561 291 1186

251 367 386 416 CAP.
422 362 521 414 XI.
557 357 881 434 Apostolicee
917 356 1079 434 sedis.
1102 355 1373 425 iudicium
1403 374 1437 411 a
1474 358 1694 413 nemine
1830 361 1885 425 Α
1913 357 2128 425 existit,
2154 357 2267 412 nisi
2298 357 2399 429 qui
2422 358 2492 413 de
2512 374 2574 414 se
2595 357 2778 413 voluit
2798 359 3076 429 judicari,
3100 364 3157 415 et
3179 360 3387 417 beatus
3409 380 3561 434 papa

758 426 1194 483 retractandum.

1938 446 2202 516 lelasius,
2226 462 2331 502 nec
2361 447 2431 501 de
2460 448 2745 517 ejusdem,
2778 448 2835 501 id
2867 452 2955 503 est
2985 449 3258 503 Romanae
3290 450 3558 506 Ecclesiae

602 516 878 573 Nicolaus
910 516 1178 571 Michaeli
1209 516 1351 587 imp.

1938 552 2162 591 anones
2197 552 2458 607 unquam
2486 545 2882 607 praeceperunt
2906 537 3158 607 judicari
3183 538 3430 609 judicio,
3458 556 3561 595 nec

218 629 301 697 (9,
334 642 389 698 q.
423 627 477 696 3,
510 642 559 681 c.
603 627 764 679 Patet.
805 622 1089 695 profecto.)
1123 626 1287 678 Patet
1334 623 1591 695 profecto
1643 623 1801 679 sedis
1912 624 2213 680 sententias
2243 624 2636 680 constiterunt
2665 630 2929 696 oportere
2960 625 3222 696 dissolvi,
3251 628 3422 698 cujus
3456 646 3560 700 po-

144 714 508 789 apostolicae,
540 716 711 783 cujus
743 712 1093 768 auctoritate
1138 713 1331 783 majus
1358 728 1471 767 non
1503 716 1611 779 est,
1637 712 1803 782 judi-
1910 712 2034 769 tius
2064 714 2363 785 sequenda
2393 714 2625 769 decreta
2657 715 3034 769 mandarunt.
3062 738 3090 763 »

144 808 313 861 cium
344 822 378 859 a
406 803 642 859 nemine
669 803 788 856 fore
819 801 1276 865 retractandum,
1304 817 1408 855 nec
1432 799 1707 870 cuiquam
1732 801 1804 856 de
2137 802 2268 857 CAP.
2305 803 2428 857 XII.
2461 804 2524 858 In
2552 803 2791 859 Decretis
2819 803 2962 858 Julii
2989 820 3169 875 papw,
3203 821 3252 859 c.
3284 807 3338 859 2.

141 896 276 963 ejus
307 894 479 949 liceat
514 892 779 963 judicare
811 889 1058 960 judicio,
1082 891 1253 960 juxta
1282 889 1436 959 quod
1467 888 1802 944 Bonifacius
1984 892 2057 962 (9,
2090 907 2148 962 q.
2182 908 2233 946 c.
2266 890 2517 961 Cuncta.)
2547 891 2745 947 Julius
2785 891 3112 963 apostolica:
3153 894 3308 948 sedis
3338 894 3561 965 episco-

146 1000 305 1055 papa
337 982 484 1037 Rufo
511 987 566 1035 et
588 979 809 1036 caeteris
833 978 1123 1050 episcopis
1155 995 1257 1050 per
1277 977 1646 1033 Thessaliam
1671 994 1804 1033 con-
1914 995 2044 1050 pus,
2068 979 2344 1034 omnibus
2366 980 2678 1051 episcopis.
2701 980 2884 1035 Habet
2906 987 3278 1036 sacrosancta
3302 982 3564 1037 Romana

145 1073 378 1127 stitutis
410 1071 636 1125 scribit.
664 1090 691 1119 «
718 1068 921 1134 Nemo,
948 1088 975 1116 »
998 1066 1100 1135 ait,
1125 1089 1153 1118 ‹‹
1188 1084 1449 1139 unquam
1483 1066 1803 1138 apostolico
1912 1067 2169 1123 Ecclesia
2207 1072 2557 1139 potestatem
2609 1068 2895 1139 singulari
2940 1069 3244 1142 privilegio
3275 1070 3387 1125 sibi
3420 1088 3560 1125 con-

144 1160 420 1227 culmini,
449 1161 517 1215 de
549 1158 719 1227 cujus
741 1156 968 1228 judicio
1010 1173 1126 1211 non
1158 1156 1291 1211 licet
1321 1155 1641 1226 retractari,
1678 1173 1803 1211 ma-
1912 1172 2159 1222 cessam,
2193 1157 2418 1227 aperire
2448 1161 2506 1212 et
2534 1157 2809 1213 claudere
2852 1158 3069 1228 januas
3113 1158 3367 1215 ccelestis
3400 1160 3568 1231 regni

145 1266 261 1304 nus
294 1248 497 1305 obvias
541 1247 819 1302 audacter
866 1244 1086 1315 intulit,
1120 1261 1291 1301 nemo
1323 1245 1380 1300 in
1415 1244 1524 1300 hoc
1568 1243 1803 1301 rebellis
1913 1245 2129 1315 quibus
2159 1245 2441 1301 voluerit.

1291 1606 1393 1665 DE
1438 1604 1820 1666 CONCILIIS
1865 1604 2439 1667 SYDONALIBUS.

224 1770 357 1825 CAP.
390 1768 538 1825 XIII.
574 1767 705 1823 Bini
734 1770 1033 1839 conventus
1060 1781 1159 1839 per
1185 1765 1434 1834 singulos
1462 1781 1639 1821 annos
1670 1765 1736 1819 ab
1837 1767 1884 1831 Β
1915 1768 1972 1819 et
2002 1780 2206 1819 omnes
2254 1764 2354 1835 qui
2402 1780 2465 1819 se
2516 1763 2685 1819 laesos
2730 1763 3023 1821 aestimant
3053 1769 3108 1821 et
3138 1768 3347 1838 synodi
3396 1785 3568 1839 expe-

651 1838 922 1910 episwpis
953 1837 1318 1893 celebrentur.
1915 1850 2146 1907 riantur
2173 1868 2413 1907 examen
2426 1891 2440 1904 .

424 1928 532 1985 Leo
563 1945 717 2001 papa
745 1926 1057 1983 Anastasio
1087 1924 1335 1990 Tessal.,
1366 1943 1457 1997 ep.

1938 1940 2051 2021 IAP:
2086 1939 2274 2021 XVII:
2298 1940 2569 2021 Usquead
2595 1940 2917 2021 proximam
2956 1942 3226 2021 synodum
3254 1962 3288 1999 a
3318 1962 3565 2002 commu-

230 2018 404 2088 (Dist.
455 2019 540 2084 18,
588 2035 637 2074 c.
690 2018 764 2071 De
807 2016 1105 2087 conciliis.)
1154 2015 1233 2070 De
1292 2014 1556 2071 conciliis
1614 2018 1809 2069 autem
1990 2013 2153 2096 nione
2216 2013 2536 2093 abstineat,
2598 2013 2696 2096 qui
2728 2031 2794 2096 _a
2862 2014 3278 2096 metmpolitano
3344 2027 3571 2096 vocatus

159 2106 597 2179 episcopalibus
649 2122 764 2161 non
814 2105 973 2161 aliud
1032 2103 1351 2160 indicimus
1400 2120 1578 2176 quam
1627 2103 1807 2158 sancti

159 2197 363 2225 ηαδ-ιι..
395 2194 709 2225 ..-ἰηιμι-ξιη..
740 2195 1157 2225 ηιυιςηηυιηιηπι
1215 2197 1276 2225 ut
1309 2192 1486 2225 nnmnl
1522 2192 1640 2225 kin:
1676 2208 1807 2225 ηηη-

1990 2084 2191 2163 absque
2234 2084 2397 2153 gravi
2446 2086 2766 2140 necessitate
2793 2085 2997 2156 synodo
3028 2084 3215 2143 adesse
3260 2091 3572 2157 neglexerit

1991 2171 2299 2225 episcopus.

158 2197 364 2251 Patres
395 2194 709 2251 salubriter
740 2195 1181 2260 ordinaverunt,
1215 2197 1280 2247 ut
1309 2192 1491 2248 semel
1522 2192 1643 2247 bini
1676 2208 1813 2247 con-

158 2289 376 2340 ventus
427 2301 529 2356 per
576 2300 762 2339 annos
810 2282 1078 2355 singulos
1124 2282 1472 2352 habeantur,
1505 2280 1565 2335 in
1598 2281 1813 2352 quibus

164 2373 235 2426 de
288 2371 559 2426 omnibus
591 2369 866 2441 querelis,
900 2386 1026 2441 quae
1075 2370 1227 2425 inter
1258 2369 1515 2425 diversos
1547 2368 1813 2424 Ecclesiae

163 2459 401 2515 ordines
447 2459 607 2515 nasci
647 2458 923 2526 assolent,
949 2458 1269 2529 judicetur.
1306 2462 1379 2512 At
1407 2457 1456 2513 si
1491 2457 1636 2512 forte
1665 2456 1818 2511 inter

162 2549 327 2619 ipsos
377 2547 477 2618 qui
534 2552 793 2619 praesunt
840 2549 910 2602 de
959 2547 1281 2618 majoribus
1340 2547 1590 2617 peccatis
1638 2545 1815 2616 (quod

165 2636 387 2707 absit!)
432 2654 608 2692 causa
665 2638 947 2700 nascitur,
1000 2652 1128 2707 quae
1178 2633 1514 2707 provinciali
1567 2637 1817 2705 nequeat

165 2725 433 2781 examine
493 2726 743 2793 deﬁniri,
794 2725 1221 2781 fraternitatem
1281 2728 1465 2793 tuam,
1516 2724 1587 2777 de
1637 2724 1817 2777 totius

164 2816 384 2887 negotii
410 2815 691 2887 qualitate
724 2814 1214 2885 metropolitanus
1246 2812 1473 2867 curabit
1504 2812 1812 2868 instruere.

169 2908 233 2957 ut
262 2904 310 2959 si
342 2920 535 2958 coram
571 2902 775 2975 positis
817 2903 1086 2957 Patribus
1124 2919 1228 2957 nec
1260 2906 1360 2957 tuo
1392 2900 1567 2955 fuerit
1597 2917 1689 2956 res
1719 2917 1814 2955 so-

166 2992 289 3063 pita
340 2992 585 3063 judicio,
638 2994 707 3048 ad
767 2996 1029 3047 nostram
1080 2990 1473 3063 cognitionem
1526 2990 1814 3062 quidquid

166 3079 314 3135 illud
346 3086 434 3135 est
464 3083 872 3137 transferatur.

2438 2244 2611 2300 Cone.
2642 2246 2851 2317 Agath.
2886 2263 2934 2302 c.
2967 2249 3056 2302 35.

1994 2334 2163 2403 (Dist.
2202 2335 2286 2403 18,
2319 2350 2370 2388 c.
2404 2335 2469 2389 Si
2492 2336 2818 2406 episcopus.)
2842 2336 2901 2390 Si
2934 2336 3420 2409 metropolitanus
3450 2338 3573 2410 epi-

1924 2438 2140 2494 scopus
2170 2423 2242 2477 ad
2289 2423 2807 2494 comprovinciales
2839 2424 3147 2497 episcopos
3176 2426 3453 2497 epistolas
3484 2427 3573 2483 di-

1925 2512 2072 2566 rexit
2102 2511 2160 2565 in
2194 2512 2409 2582 quibus
2438 2527 2537 2567 eos
2570 2516 2671 2566 aut
2718 2513 2788 2567 ad
2840 2514 3269 2570 ordinationem
3319 2516 3573 2586 alicujus

1926 2600 2120 2655 fratris
2154 2604 2255 2655 aut
2285 2602 2356 2655 ad
2407 2602 2698 2673 synodum
2732 2602 2956 2668 invitet,
2988 2604 3329 2675 postpositis
3382 2608 3575 2660 omni-

1927 2687 2057 2754 bus,
2091 2692 2329 2759 excepta
2377 2689 2537 2759 gravi
2586 2689 2929 2745 inﬁrmitate
2962 2692 3242 2762 corporis,
3276 2699 3379 2748 aut
3430 2710 3574 2765 prte-

1925 2777 2193 2847 ceptione
2224 2777 2383 2849 regia
2412 2776 2629 2849 aliqua,
2663 2780 2732 2833 ad
2767 2779 3146 2835 constitutam
3181 2782 3335 2837 diem
3369 2783 3574 2837 adesse

1926 2881 2041 2919 non
2072 2865 2371 2934 differant;
2406 2867 2560 2936 quod
2612 2868 2662 2922 si
2710 2868 3025 2934 defuerint,
3052 2870 3205 2924 sicut
3252 2871 3446 2942 prisca
3475 2888 3575 2926 θαι

1927 2970 2148 3009 nonum
2191 2954 2463 3026 praecepit
2508 2957 2848 3022 auctoritas,
2884 2974 3071 3027 usque
3122 2959 3192 3013 ad
3245 2961 3575 3030 proximum

1925 3044 2215 3116 synodum
2247 3061 2279 3099 a
2310 3044 2590 3099 charitate
2635 3046 2879 3100 fratrum
2911 3050 2967 3101 et
2999 3046 3267 3103 Ecclesiae
3310 3066 3576 3105 commu-

1845 3134 1888 3200 C
1928 3133 2103 3188 nione
2132 3134 2456 3203 priventur.

1924 3222 2057 3278 CAP.
2089 3221 2297 3298 XVIII.
2341 3222 2737 3279 Communione
2782 3226 3044 3298 privetur,
3075 3228 3354 3297 episcopus
3399 3228 3497 3298 qui
3542 3245 3577 3283 a

1996 3295 2415 3366 metropolitano
2472 3304 2710 3363 vocatus,
2759 3296 2828 3350 ad
2874 3295 3147 3366 synodum
3205 3295 3571 3354 venire'con-

236 3187 371 3243 CAP.
403 3188 547 3243 XIV.
583 3189 787 3258 Absque
817 3188 1051 3243 Romani
1076 3187 1354 3258 pontiﬁcis
1383 3188 1738 3256 auctoritate,

359 3260 627 3329 synodum
657 3260 947 3329 aliquibus
977 3261 1309 3328 congregari
1335 3275 1447 3314 non
1478 3259 1623 3315 licet.

800 3348 1006 3404 Isidor.
1055 3364 1103 3403 c.
1136 3350 1190 3403 8.
1996 3348 2211 3422 temnit.

237 3435 407 3507 (Dist.
444 3437 530 3506 17,
575 3453 623 3491 c.
661 3437 940 3508 Synodum
987 3437 1407 3509 episcoporum.)
1452 3437 1816 3509 Synodorum
2428 3437 2599 3489 Cone.
2637 3436 2873 3492 Arvern.
2907 3453 2954 3491 c.
2991 3438 3078 3491 15.

170 3540 305 3579 vero
347 3526 890 3595 congregandorum
940 3524 1257 3579 auctoritas
1307 3524 1641 3594 apostolicae
1696 3523 1819 3579 sedi
2000 3522 2166 3594 (Dist.
2203 3524 2290 3590 18,
2314 3540 2363 3578 c.
2395 3522 2456 3577 Si
2485 3524 2606 3594 quis
2634 3526 3051 3596 episcoporum.)
3072 3526 3349 3598 Quisquis
3381 3533 3577 3585 autem

171 3615 400 3685 privata
447 3613 765 3667 commissa
799 3617 888 3667 est
918 3617 1224 3683 potestate,
1259 3628 1364 3666 nec
1418 3612 1598 3666 ullam
1649 3629 1820 3683 syno-
1929 3613 2365 3685 episcoporum,
2397 3616 2637 3683 excepta
2688 3612 3009 3669 inevitabili
3042 3631 3222 3670 causa
3250 3616 3336 3672 vel
3380 3634 3584 3674 neces-

172 3702 314 3757 dum
347 3700 681 3773 generalem
714 3704 899 3755 ratam
934 3716 1063 3755 esse
1095 3700 1363 3771 legimus,
1389 3716 1515 3771 quae
1548 3700 1674 3770 ejus
1706 3717 1820 3755 non
1932 3701 2105 3756 sitate
2147 3701 2217 3755 de
2264 3701 2594 3773 peragendo
2644 3701 2912 3769 concilio,
2946 3719 3007 3758 se
3038 3704 3451 3773 absentaverit,
3486 3724 3588 3778 per

174 3790 347 3846 fuerit
377 3789 723 3845 auctoritate
754 3794 1107 3860 congregata
1136 3788 1223 3843 vel
1257 3788 1432 3855 fulta;
1470 3788 1587 3843 haec
1617 3793 1821 3844 aucto-
1934 3789 2112 3845 unius
2160 3790 2296 3845 anni
2348 3790 2604 3860 spatium
2639 3791 2749 3845 erit
2800 3808 2832 3845 a
2880 3794 3296 3848 communione
3351 3796 3587 3866 privan-

175 3880 316 3935 ritas
346 3883 602 3934 testatur
648 3878 947 3945 canonica,
984 3878 1227 3933 historia
1258 3878 1379 3932 haec
1425 3877 1825 3933 ecclesiastica
1934 3878 2069 3933 dus.

176 3969 429 4037 roborat,
464 3973 571 4023 hoc
603 3968 788 4023 sancti
822 3972 1023 4023 Patres
1054 3968 1431 4023 conﬁrmant.
1934 3970 2067 4021 CAP.
2096 3969 2253 4021 XIX.
2288 3971 2396 4021 Pro
2434 3982 2489 4021 se
2520 3968 2760 4042 legatum
2792 3968 2867 4042 ad
2894 3970 3163 4039 synodum
3205 3972 3403 4041 mittet,
3429 3988 3587 4042 quem

177 4076 310 4129 CAP.
345 4077 465 4129 XV.
502 4075 581 4128 Ad
623 4090 839 4129 morum
882 4074 1273 4129 correctionem
1327 4078 1378 4128 et
1423 4074 1807 4129 controversia.

2380 4043 2568 4108 gravis
2600 4043 2892 4094 necessitas
2918 4044 3141 4110 premit.

247 4163 371 4200 rum
402 4146 818 4201 dissolutionem
842 4147 919 4200 bis
945 4148 1005 4199 in
1034 4162 1179 4201 anno
1198 4147 1499 4216 episcopale
1528 4145 1806 4201 concitiun

2008 4128 2089 4182 Ex
2121 4126 2378 4182 Decretis
2415 4125 2617 4181 Felicis
2652 4144 2834 4197 papae,
2868 4144 2959 4198 ep.
2981 4128 3015 4179 ‘2
3045 4129 3116 4182 ad
3151 4129 3331 4200 episc.
3366 4128 3515 4183 Call.

251 4219 368 4287 ﬁat.
1229 4215 1236 4216 7
1376 4215 1380 4216 “
2005 4216 2080 4287 (5,
2114 4232 2170 4287 q.
2207 4217 2258 4280 1,
2292 4232 2341 4269 c.
2375 4215 2438 4269 Si
2466 4216 2786 4285 aegrotans.)
2816 4215 2977 4277 Quod
3012 4215 3062 4270 si
3094 4222 3383 4287 aegrotans
3415 4216 3590 4272 fuerit

245 4306 416 4375 (Dist.
453 4307 538 4374 18,
588 4322 634 4360 c.
677 4308 925 4377 Pr0pter,
973 4306 1201 4377 primo.)
1249 4310 1494 4377 Propter
1543 4305 1825 4361 utilitates
1935 4304 2271 4376 episcopus,
2304 4308 2405 4358 aut
2448 4303 2646 4375 aliqua
2676 4319 2811 4358 eum
2843 4304 3037 4374 gravis
3087 4306 3407 4362 necessitas
3441 4306 3590 4362 deti-

178 4394 621 4461 ecclesiasticas,
656 4411 863 4449 causas
912 4410 1115 4449 earum
1165 4410 1362 4449 rerum
1415 4411 1541 4466 quae
1592 4394 1827 4449 dubita-
1938 4393 2154 4459 nuerit,
2185 4409 2288 4463 pro
2329 4408 2391 4447 se
2421 4390 2680 4464 legatum
2712 4393 2785 4447 ad
2817 4393 3107 4464 synodum
3139 4394 3353 4464 mittat,
3388 4412 3585 4451 susce-

176 4484 392 4537 tionem
446 4482 1025 4553 controversiamque
1076 4482 1390 4554 recipiunt,
1432 4482 1652 4553 optime
1703 4482 1826 4554 pla-
1860 4518 1904 4582 Β
1939 4486 2170 4552 pturus,
2200 4482 2361 4537 salva
2392 4480 2524 4536 fidei
2553 4480 2818 4551 veritate,
2850 4482 3139 4553 quidquid
3172 4484 3431 4555 synodus
3464 4489 3589 4540 sta-

182 4573 301 4628 cuit
350 4578 412 4627 ut
461 4589 564 4644 per
622 4573 884 4644 singulas
933 4590 1198 4644 quasque
1246 4573 1578 4644 provincias
1629 4573 1719 4628 bis
1767 4573 1825 4628 in
1860 4571 1900 4582 “’
1944 4571 2141 4625 tuerit.

182 4678 334 4717 anno
393 4662 804 4733 episcoporum
873 4661 1121 4716 concilia
1192 4661 1577 4715 celebrentur.
1638 4662 1827 4717 Semel
2012 4664 2143 4716 CAP.
2178 4659 2297 4715 XX.
2331 4660 2407 4715 De
2436 4660 2703 4714 locatione
2730 4660 3139 4731 metropolitani
3161 4661 3511 4731 etprimatis.

181 4752 416 4824 quidem
464 4757 595 4821 post
642 4751 873 4805 tertiam
905 4750 1297 4821 septimanam
1330 4750 1462 4803 festi
1513 4749 1827 4819 paschalis,
2483 4748 2655 4802 Cone.
2691 4747 2872 4802 Cabil.
2906 4764 2955 4803 c.
2991 4750 3045 4802 6.

182 4842 263 4896 ita
311 4845 374 4893 ut
423 4839 481 4893 in
532 4842 742 4909 quarta
791 4838 1125 4911 septimana
1164 4853 1290 4907 quae
1338 4836 1737 4907 consequitur,
1769 4837 1827 4892 id
2012 4837 2180 4907 (Dist.
2215 4838 2301 4901 18,
2335 4852 2384 4890 c.
2417 4836 2677 4907 Placuit.)
2710 4836 2851 4891 Item
2893 4836 3110 4907 placuit
3142 4842 3207 4893 ut
3237 4840 3429 4895 caeteri
3463 4856 3589 4894 me-

181 4933 266 4985 ost
296 4927 356 4982 in
388 4926 579 4982 medio
612 4928 971 4997 Pentecoste,
996 4926 1301 4982 conveniat
1330 4926 1589 4997 synodus
1621 4930 1830 4981 metro-
1937 4925 2297 4997 tropolitani,
2329 4928 2669 4980 conservato
2710 4926 2966 4996 primatu
3000 4927 3429 4999 metropolitani
3464 4928 3589 4999 epi-

184 5015 445 5088 politano
477 5015 997 5087 comprovinciales
1029 5015 1333 5087 episcopos
1364 5014 1735 5070 admonente.
1939 5015 2124 5085 sc0pi,
2169 5014 2493 5070 secundum
2546 5030 2663 5068 sua:
2711 5014 3097 5069 ordinationis
3148 5019 3381 5085 tempus
3437 5014 3587 5071 alius

680 5105 814 5159 CAP.
846 5104 999 5160 XVI.
1032 5106 1101 5159 De
1129 5104 1332 5160 eodem.
1940 5103 2040 5159 alii
2070 5104 2292 5159 deferat
2321 5102 2537 5158 locum.

638 5194 811 5249 Cone.
865 5193 1133 5249 Antioch.
1184 5209 1238 5249 c.
1290 5194 1375 5247 16.
2234 5196 2367 5247 CAP.
2402 5194 2557 5247 XXI.
2590 5194 2683 5247 Ea:
2710 5194 2941 5247 concilio
2970 5192 3292 5247 Avernensi.

252 5282 419 5351 (Dist.
457 5282 542 5349 18,
577 5298 626 5336 c.
659 5283 909 5352 Propter,
942 5282 971 5353 §
1014 5282 1324 5336 Secundum
1353 5282 1525 5350 vero.)
1559 5280 1829 5335 Secunda
2014 5281 2074 5335 In
2109 5280 2315 5351 primis
2364 5280 2601 5352 placuit,
2635 5287 2700 5335 ut
2730 5282 2960 5352 quoties
3004 5282 3331 5337 secundum
3366 5284 3586 5335 statuta

184 5388 313 5427 vero
343 5372 605 5442 synodus
632 5370 733 5425 fiat
762 5371 898 5425 Idus
922 5370 1209 5439 Octobris,
1233 5369 1291 5424 id
1324 5374 1414 5425 est
1443 5386 1516 5424 xv
1546 5370 1639 5424 die
1667 5385 1829 5423 men-
1942 5374 2181 5425 Patrum
2230 5374 2432 5424 sancta
2474 5371 2735 5440 synodus
2784 5375 3189 5441 congregatur,
3225 5369 3424 5425 nullus
3465 5368 3589 5440 epi-

188 5461 265 5517 sis
311 5460 598 5527 Octobris,
631 5475 805 5530 quem
856 5459 1025 5514 hiber
1071 5459 1240 5530 periti
1272 5457 1452 5513 Graeci
1501 5456 1826 5513 nominant.
1940 5474 2252 5528 scoporum
2302 5457 2561 5529 aliquam
2612 5473 2852 5512 causam
2902 5458 3065 5527 prius
3121 5474 3434 5531 suggerere
3487 5475 3593 5513 au-

186 5549 245 5603 In
278 5550 419 5621 ipsis
450 5553 645 5605 autem
679 5547 941 5604 conciliis
973 5548 1169 5605 adsint
1210 5548 1550 5619 presbyteri,
1577 5547 1828 5615 diaconi,
1940 5548 2095 5613 deat,
2124 5546 2262 5618 quia
2292 5564 2358 5602 ea
2389 5564 2516 5617 qua:
2548 5546 2617 5601 ad
2652 5546 3123 5603 emendationem
3158 5552 3285 5603 vita:
3322 5548 3390 5605 ad
3427 5564 3591 5603 sevev
