3938 6074
1521 213 1590 264 D.
1633 210 1878 266 IVONIS
1915 208 2412 266 CABNOTENSIB
2448 213 2773 268 BPISCOPI

3755 218 3897 272 1188

436 344 669 398 ritatem
716 339 929 414 regulae
962 345 1018 396 et
1048 339 1118 394 ad
1155 337 1367 394 anima:
1414 337 1738 394 remedium
1771 335 2091 410 pertinent,
2121 343 2174 410 Α
2207 337 2341 392 dam
2377 336 2436 391 in
2469 337 2715 394 concilio
2745 338 3128 397 considerans
3160 356 3280 396 rem
3309 340 3556 411 indicet,
3588 346 3656 400 et
3681 341 3748 398 si
3779 360 3889 400 nos

444 215 578 269 1187

443 430 741 487 liniantur.

511 540 646 595 CAP.
680 533 848 595 XXII.
881 533 1144 608 Exempla
1149 533 1448 660 (ἐπέζωίί
1462 547 1629 605 papa?
1652 533 1724 588 ait
1744 533 2020 605 episcOpos

1192 621 1369 662 auiae.

512 700 570 754 Si
633 700 784 754 inter
830 698 1136 768 episcopos
1194 695 1462 765 ejusdem
1511 693 1744 750 concilii
1804 691 2091 748 dubitatio

440 787 746 843 cmerserlt
772 788 843 841 de
872 784 1269 841 ecclesiastico
1293 785 1429 854 jure
1449 782 1536 839 vel
1568 785 1639 839 de
1661 782 1794 838 aliis
1816 781 2092 854 negotiis,

441 879 695 950 primum
729 873 1218 946 metropolitanus
1259 887 1462 929 eorum
1495 887 1629 928 cum
1662 871 1796 928 aliis
1846 871 2092 942 quibus-

2201 425 2538 495 acquiescet
2567 431 2817 498 utraque
2848 440 2985 499 pars
3028 429 3346 500 judicanti,
3377 435 3477 486 tnc
3510 433 3773 502 primas
3807 451 3888 486 re-

2200 514 2392 586 gionis
2425 515 2578 570 inter
2609 516 2769 588 ipsos
2801 518 3098 586 audiatur,
3127 524 3186 574 et
3234 520 3387 590 quod
3441 520 3885 576 ecclesiasticis

2201 605 2529 660 cauonibus
2551 610 2608 660 et
2637 605 2870 678 legibus
2892 607 3114 664 nostris
3137 613 3612 666 consentaneum
3639 610 3760 676 sit,
3787 609 3886 664 hes:

2203 695 2326 764 ﬁat,
2359 698 2415 750 et
2447 693 2612 750 nulla
2660 711 2794 767 pars
2844 697 3059 752 audeat
3107 697 3519 755 contradicere
3573 699 3726 770 ejus
3779 698 3889 753 cal-

2202 783 2355 838 culo.

1218 1180 1617 1258 QUALITER
1665 1181 2109 1248 PROVINCIIE
2152 1185 2356 1245 SUNT
2400 1181 3053 1248 CONSTITUENDAE.

432 1344 568 1400 CAP.
599 1342 792 1398 XXIII.
828 1342 961 1409 Qua:
990 1339 1297 1411 obedientia
1321 1341 1394 1394 sit
1414 1338 1724 1393 exhibenda
1752 1335 2080 1408 primatibus
2111 1337 2158 1401 B
2189 1335 2524 1407 episcopos,
2579 1337 2732 1392 sicut
2788 1338 2952 1410 prius
3015 1337 3500 1411 metrOpolitanos
3571 1339 3877 1395 habebant

1033 1421 1083 1467 et
1117 1410 1472 1482 patriarchis.

501 1521 670 1594 (Dist.
710 1522 797 1588 19,
831 1537 881 1579 c.
921 1517 1279 1587 Prouincia.)
1309 1514 1624 1572 Provinciae
1673 1518 1870 1569 autem
1905 1511 2092 1568 multo

434 1617 571 1668 ante
629 1611 946 1666 adventum
1000 1608 1216 1662 Christi
1267 1611 1531 1678 tempore
1580 1601 1780 1658 divisis
1837 1607 1980 1658 sunt
2023 1617 2094 1657 ex

433 1701 694 1757 maxima
727 1704 910 1771 parte,
939 1701 996 1753 et
1025 1701 1231 1770 postea
1261 1696 1332 1751 ab
1364 1692 1670 1767 apostolis,
1695 1697 1752 1748 et
1781 1693 1948 1748 beato
1972 1689 2094 1746 Clc-

432 1793 630 1846 mente
674 1787 1099 1860 przedecessore
1145 1789 1370 1849 nostro,
1404 1786 1534 1855 ipsa
1566 1781 1773 1838 divisio
1804 1785 1892 1836 est
1922 1795 2092 1834 reno-

428 1884 582 1945 vata,
600 1883 655 1933 et
679 1878 735 1931 in
763 1877 950 1946 capite
976 1874 1408 1946 provinciarum
1434 1872 1536 1928 ubi
1561 1871 1784 1927 dudum
1808 1869 2092 1942 primates

433 1967 592 2039 leges
623 1969 792 2022 erant
821 1963 1018 2020 seaculi
1052 1980 1118 2019 ac
1151 1963 1338 2034 prima
1363 1959 1676 2032 judiciaria
1706 1961 1992 2032 potestas,
2018 1957 2088 2012 ad

433 2071 581 2127 quos
626 2055 722 2125 qui
772 2071 874 2125 per
922 2051 1181 2122 reliquas
1231 2051 1498 2107 civitates
1546 2048 2085 2128 commorabantur,

431 2144 666 2217 quando
697 2142 781 2197 eis
826 2157 1063 2196 necesse
1094 2144 1237 2208 erat,
1273 2139 1372 2211 qui
1409 2140 1480 2194 ad
1523 2139 1718 2194 aulam
1767 2137 2085 2208 imperato-

431 2250 561 2288 rum
592 2231 679 2287 vel
713 2247 916 2303 regum
945 2231 1257 2302 confugere
1290 2246 1406 2284 non
1441 2232 1727 2300 poterant,
1748 2226 1833 2282 vel
1868 2225 2085 2296 quibus

429 2322 789 2394 permissum
827 2337 941 2376 non
975 2325 1121 2389 erat,
1153 2317 1591 2391 confugiebant,
1618 2333 1720 2388 pro
1743 2314 2079 2388 oppressio-

429 2411 606 2466 nibus
633 2412 721 2465 vel
752 2409 1062 2480 injustitiis
1085 2409 1210 2464 suis
1239 2407 1488 2479 ipsoque
1518 2404 1916 2478 appellabant,
1938 2420 2082 2475 quo-

423 2500 536 2556 ties
557 2514 704 2570 opus
727 2503 875 2564 erat,
900 2497 1053 2553 sicut
1083 2496 1142 2552 in
1176 2496 1301 2568 lege
1332 2511 1534 2550 eorum
1567 2500 1916 2566 praeceptum
1936 2496 2080 2561 erat,

423 2588 570 2661 ipsis
602 2603 836 2659 quoque
868 2587 928 2642 in
952 2585 1284 2641 civitatibus
1307 2583 1394 2640 vel
1425 2584 1483 2638 in
1515 2583 1658 2640 locis
1679 2581 1805 2638 suis
1836 2581 2080 2653 patriar-

426 2678 568 2734 chas
594 2677 677 2733 vel
710 2677 1010 2749 primates,
1043 2674 1144 2747 qui
1185 2690 1362 2730 unam
1405 2674 1655 2728 formam
1690 2676 1911 2741 tenent,
1946 2669 2082 2725 licet

429 2767 663 2822 diversa
695 2766 816 2821 sint
857 2765 1121 2834 nomina,
1151 2763 1312 2836 leges
1351 2762 1559 2818 divinae
1586 2766 1644 2818 et
1673 2759 2080 2817 ecclesiastica:

431 2856 568 2929 poni
602 2859 658 2910 et
689 2870 815 2910 esse
829 2855 1163 2924 jusserunt,
1187 2854 1258 2908 ad
1289 2869 1434 2924 quos
1465 2850 1746 2922 episcopi,
1772 2849 1820 2905 si
1846 2863 2084 2903 necesse

430 2943 1278 3013 fuerit,confugerent,eosque
1312 2939 1693 3012 appellarent,
1715 2943 1771 2994 et
1800 2938 1943 3009 ipsa:
1973 2953 2074 2992 no-

432 3033 590 3088 mine
637 3031 956 3102 primatum
1009 3031 1362 3098 fruerentur,
1398 3033 1454 3084 et
1501 3046 1616 3084 non
1669 3027 1790 3082 alii.
1825 3027 2079 3098 Reliquis

430 3137 560 3176 vero
595 3121 856 3175 civitates
888 3118 1371 3190 metropolitanos,
1406 3135 1531 3190 quae
1573 3115 2080 3185 minoresjudices

429 3210 746 3276 habebant,
782 3208 915 3263 licet
937 3208 1187 3278 majores
1214 3206 1530 3262 comitibus
1555 3207 1774 3275 essent,
1799 3205 2082 3260 haberent

430 3297 910 3370 metropolitanos
939 3312 1100 3365 suos,
1135 3295 1235 3368 qui
1265 3294 1559 3368 praadictis
1585 3296 1746 3367 juste
1776 3293 2082 3350 obedirent

425 3387 794 3459 primatibus,
828 3386 981 3442 sicut
1028 3391 1085 3441 et
1116 3386 1175 3441 in
1215 3385 1444 3457 legibus
1496 3383 1690 3440 $8360“
1740 3383 2077 3439 ordinatum

423 3481 566 3547 erat,
601 3475 700 3549 qui
748 3492 863 3531 non
917 3474 1257 3545 primatum,
1293 3475 1393 3530 sed
1446 3479 1548 3530 aut
1600 3471 2078 3544 metropolitano-

422 3583 578 3630 rum,
624 3569 727 3620 aut
772 3563 1350 3635 archiepiscoporum
1404 3563 1641 3618 nomine
1693 3563 1982 3628 fruentur,
2024 3577 2081 3632 et

419 3655 558 3710 licet
589 3651 835 3724 singulis
867 3651 1222 3724 metropoles
1253 3652 1540 3719 civitates,
1577 3668 1718 3707 suas
1753 3649 2080 3722 provincias

422 3741 718 3800 habebant
755 3745 811 3797 et
853 3757 994 3797 suos
1030 3741 1512 3811 metropolitanos
1563 3740 1780 3796 habere
1831 3739 2082 3796 debeant

2193 1423 2425 1493 judices
2474 1425 2804 1483 saaculares.
2838 1427 3124 1482 Primates
3175 1432 3398 1498 tamen,
3431 1432 3498 1482 ut
3551 1429 3867 1499 praeﬁxum

2200 1519 2308 1583 est,
2343 1518 2400 1569 et
2429 1519 2568 1570 tunc
2597 1520 2654 1571 et
2702 1533 2856 1571 nunc
2902 1515 3116 1571 habere
3155 1516 3339 1587 jussas
3388 1523 3560 1587 sunt,
3597 1519 3678 1573 ad
3733 1535 3867 1588 quos

2201 1606 2334 1674 post
2379 1604 2577 1659 sedem
2633 1603 3015 1677 apostolicam
3080 1622 3311 1660 summa
3361 1606 3613 1678 negotia
3666 1623 3865 1662 conve-

2203 1694 2394 1761 niunt,
2427 1697 2483 1748 et
2520 1693 2736 1750 ibidem
2774 1695 2991 1766 quibus
3031 1711 3266 1751 necesse
3300 1695 3474 1750 fuerit
3508 1695 3866 1764 releventur,

2200 1785 2256 1835 et
2280 1782 2441 1851 juste
2491 1781 2898 1851 restituantur,
2932 1788 2988 1839 et
3017 1781 3076 1838 hi
3111 1783 3211 1856 qui
3241 1781 3465 1855 injuste
3516 1785 3866 1857 opprimunt

2198 1871 2352 1939 juste
2383 1872 2773 1928 reformentur
2816 1876 2992 1944 atque
3041 1871 3377 1941 iniciantur,
3409 1874 3862 1946 episcoporum-

2198 1973 2309 2028 que
2358 1974 2547 2014 causa
2608 1964 2665 2015 et
2721 1977 3092 2017 summorum
3160 1961 3386 2034 judicio
3460 1965 3862 2036 negotiorum,

2196 2045 2355 2102 salva
2386 2047 2544 2104 sedis
2590 2048 2922 2122 apostolica:
2971 2052 3338 2121 auctoritate,
3365 2051 3722 2122 justissime
3754 2057 3859 2109 ter-

2199 2133 2516 2192 minentur.

2265 2243 2395 2300 CAP.
2429 2245 2635 2300 XXIV.
2671 2247 2809 2315 Quot
2839 2248 3093 2374 civitaée:
3113 2263 3465 2320 unaquaeque
3487 2249 3796 2321 provincia

2970 2336 3002 2373 a
3041 2335 3068 2374 ε
3099 2361 3111 2373 .

2970 2327 3111 2374 abet.

2623 2403 2893 2480 Pelagius
2934 2407 2993 2462 in
3026 2405 3249 2464 Decret.
3284 2424 3334 2463 ο.
3368 2408 3418 2463 1.

2262 2490 2338 2564 (6,
2353 2510 2410 2564 q.
2433 2494 2488 2559 3,
2508 2491 2753 2568 Scitote.)
2772 2493 3043 2569 Pelagius
3062 2514 3216 2570 papa
3238 2497 3545 2552 Romanus
3565 2495 3851 2569 episcopis

2190 2581 2486 2639 omnibus.
2509 2583 2725 2640 Scitote
2744 2589 2963 2641 certam
2989 2585 3348 2658 provinciam
3373 2602 3504 2642 esse
3526 2603 3664 2658 quae
3690 2582 3850 2641 habet

2193 2687 2227 2724 x
2258 2669 2342 2726 vel
2375 2689 2432 2727 x1
2475 2670 2737 2729 civitates
2786 2678 2845 2730 et
2894 2691 3076 2730 unum
3111 2692 3327 2748 regem,
3360 2677 3419 2730 et
3451 2675 3710 2731 totidem
3763 2673 3846 2729 mi-

2195 2776 2367 2816 nores
2398 2764 2717 2833 potestates
2748 2762 2858 2818 sub
2891 2780 2975 2832 se,
3008 2768 3066 2819 et
3104 2781 3289 2820 unum
3321 2761 3846 2836 metropolitanum

2193 2847 2461 2921 aliosque
2488 2852 2891 2924 suli‘raganeos
2925 2870 2960 2908 x
2991 2851 3077 2909 vel
3107 2871 3167 2908 χι
3188 2851 3498 2928 episcopos
3520 2853 3772 2924 judices
3788 2855 3843 2906 ad

2193 2954 2444 3011 quorum
2469 2939 2763 3010 judicium
2796 2958 3001 2998 omnes
3033 2958 3223 2998 causa:
3255 2942 3686 3005 referantur,et
3705 2943 3771 2995 ut
3789 2940 3842 2994 ab

2191 3027 2285 3083 his
2315 3027 2592 3084 omnibus
2624 3028 2788 3100 juste
2825 3047 3083 3087 consona
3113 3046 3251 3086 voce
3283 3030 3710 3099 decernantur,
3745 3027 3842 3083 nisi

2190 3118 2261 3172 ad
2287 3118 2569 3190 majorem
2593 3119 3000 3176 auctoritatem
3020 3120 3194 3176 fuerit
3210 3118 3281 3175 ab
3307 3117 3396 3174 bis
3413 3118 3840 3190 quijudicandi

2189 3210 2330 3261 sunt
2359 3206 2739 3278 appellatum,
2764 3209 2921 3264 unde
2963 3223 3078 3264 non
3113 3210 3340 3282 oportet
3371 3211 3437 3262 ut
3477 3206 3837 3280 degradetur,

2187 3295 2276 3350 vel
2309 3295 2739 3352 deshonoretur
2790 3315 3156 3370 unaquaeque
3185 3295 3504 3370 provincia,
3539 3291 3648 3352 sed
3698 3296 3838 3368 apud

2190 3383 2566 3456 semetipsam
2592 3385 3047 3458 babeatjudices
3072 3387 3501 3454 sacerdotes,et
3519 3387 3837 3458 episcopos,

2189 3470 2452 3542 singulos
2472 3473 2741 3531 videlicet
2765 3477 2937 3547 juxta
2962 3471 3197 3532 ordines
3221 3491 3379 3530 suos.
3403 3471 3472 3529 Et
3505 3475 3836 3546 quicunque

2190 3578 2428 3618 causam
2462 3561 2754 3634 habuerit,
2781 3581 2813 3618 a
2842 3581 2964 3621 suae
2996 3563 3303 3636 judicibue
3343 3561 3661 3636 provincia:
3684 3561 3835 3635 judi-

2190 3656 2376 3717 cetur,
2406 3656 2464 3708 et
2495 3669 2610 3707 non
2652 3654 2723 3709 ab
2755 3651 2982 3721 alienis,
3014 3653 3152 3724 nisi,
3183 3659 3249 3709 ut
3289 3654 3417 3724 jam
3471 3652 3828 3726 praelibatum

2190 3745 2298 3808 est,
2331 3757 2364 3796 a
2387 3740 2730 3811 judicaudis
2761 3741 2935 3800 fuerit
2964 3737 3344 3816 appellatum.

769 4053 871 4112 DE
914 4045 1341 4111 DIGNITATE
1385 4047 1487 4108 ET
1530 4047 1992 4108 POTESTATE
2036 4047 2453 4110 PRIMATUM
2499 4051 2598 4111 ET
2641 4045 3471 4115 ARCHIEPISCOPORUM.

411 4209 545 4263 CAP.
582 4205 742 4262 XXV.
777 4205 894 4262 Non
925 4205 1184 4259 vocentur
1223 4202 1511 4272 primates,
1543 4199 1660 4255 nisi
1703 4201 1802 4272 qui
1847 4201 2062 4272 primas
2091 4200 2140 4263 Ι)
2172 4198 2408 4257 cialium
2443 4203 2708 4259 omnium
2741 4204 3053 4276 praesentia
3077 4202 3166 4260 vel
3197 4204 3616 4276 episcoporum
3651 4203 3820 4260 oonsi-

1043 4280 1194 4330 sedes
1226 4278 1428 4329 tenent.

765 4365 1039 4421 Anicetus
1071 4380 1222 4434 papa
1252 4361 1541 4434 episcopis
1566 4360 1712 4416 Gall.

479 4474 642 4545 (Dist.
675 4474 765 4539 99,
797 4489 846 4527 c.
883 4471 1080 4536 Nulli).
1109 4468 1264 4526 Nulli
1297 4469 1744 4540 archiepiscopi,
1778 4467 2060 4540 primates

410 4567 710 4628 vocentur,
744 4560 854 4616 nisi
888 4560 969 4614 illi
1003 4559 1103 4629 qui
1139 4559 1360 4629 primas
1393 4563 1591 4612 tenent
1622 4558 1888 4613 civitates
1921 4573 2058 4627 qua-

408 4665 537 4705 rum
570 4650 874 4722 episcopos
903 4647 1149 4719 apostoli
1173 4653 1229 4702 et
1258 4663 1628 4703 successores
1656 4644 2056 4718 apostolorum

406 4739 752 4810 regulariter
784 4737 1149 4810 patriarchas
1181 4745 1235 4792 et
1267 4737 1541 4808 primates
1571 4751 1700 4792 esse
1736 4736 2058 4790 constitue-

407 4836 567 4898 runt,
602 4828 714 4885 nisi
745 4827 943 4900 aliqua
974 4843 1118 4899 gens
1146 4827 1424 4898 deinceps
1453 4826 1524 4882 ad
1560 4826 1734 4882 ﬁdem
1765 4828 2058 4880 converta-

403 4927 520 4991 tur,
555 4920 645 4976 cui
681 4933 919 4974 necesse
951 4917 1028 4972 sit
1072 4921 1306 4989 propter
1338 4915 1782 4971 multitudinem
1832 4913 2058 4985 episco-

403 5026 610 5081 porum
646 5009 960 5082 primatem
1005 5006 1306 5062 constitui.
1340 5005 1571 5077 Reliqui
1605 5020 1739 5059 vero
1769 5003 1870 5074 qui
1909 5002 2057 5058 alias

403 5098 883 5170 metmpolitanas
922 5096 1090 5152 sedes
1143 5094 1338 5164 adepti
1391 5098 1552 5160 sunt,
1584 5109 1701 5147 non
1755 5091 2054 5163 primates,

400 5191 501 5244 sed
535 5187 971 5258 metropolitani
1001 5183 1402 5240 nominentur.

431 5303 563 5352 CAP.
597 5293 796 5351 XXVI.
830 5291 1026 5349 Nullus
1053 5290 1505 5361 metrOpolitanus
1529 5289 1649 5343 sine
1671 5291 2016 5359 comprovin-

583 5368 814 5423 cialium
843 5364 1082 5420 concilio
1109 5377 1313 5418 causa:
1342 5376 1510 5430 agere
1537 5369 1862 5431 prmumat.

471 5457 582 5524 (49,
615 5473 672 5526 q.
705 5456 764 5523 3,
795 5469 846 5511 ο.
879 5455 940 5510 Si
986 5456 1171 5508 autem
1213 5451 1466 5522 atiquis.)
1497 5449 1557 5504 Si
1586 5454 1785 5504 autem
1835 5448 2052 5520 aliquis

399 5545 983 5616 metropolitanorum
1031 5541 1278 5597 inﬂatus
1321 5539 1520 5609 fuerit,
1550 5544 1607 5595 et
1652 5538 1779 5594 sine
1810 5540 2048 5610 provin-

2170 4288 2268 4359 lio,
2301 4299 2402 4346 aut
2433 4308 2612 4348 causa
2641 4310 2865 4359 eorum,
2895 4299 2999 4349 aut
3030 4294 3178 4350 alias
3209 4309 3443 4360 causas,
3481 4291 3596 4349 nisi
3629 4295 3703 4349 ad
3735 4309 3818 4347 eas

2170 4383 2401 4435 tantum
2435 4398 2563 4453 quis
2617 4384 2687 4437 ad
2737 4399 2908 4438 suam
2959 4383 3256 4454 propriam
3312 4380 3616 4454 pertinent
3665 4398 3815 4454 paro-

2169 4467 2385 4534 chiam,
2416 4487 2608 4542 agere,
2637 4476 2738 4526 aut
2766 4488 2866 4527 eos
2899 4487 3139 4543 gravare
3159 4470 3434 4536 voluerit,
3459 4471 3534 4526 ab
3554 4472 3814 4526 omnibus

2170 4555 2434 4614 districts
2466 4560 2813 4631 corrigatur,
2848 4576 2921 4615 ne
2968 4559 3110 4616 talia
3141 4560 3418 4631 deinceps
3472 4574 3812 4631 praesumere

2169 4647 2404 4701 audeat.
2453 4647 2513 4702 Si
2563 4665 2698 4704 vero
2760 4647 3177 4720 incorrigibilis
3224 4648 3427 4718 eisque
3484 4648 3810 4703 inobediena

2171 4737 2529 4807 apparuerit,
2554 4737 2625 4792 ad
2657 4737 2809 4793 hanc
2839 4735 3225 4810 apostolicam
3251 4735 3476 4802 sedem,
3503 4735 3600 4792 cui
3632 4737 3808 4792 omnia

2169 4824 2574 4896 episcoporum
2604 4826 2832 4896 judicia
2854 4825 3167 4883 terminum
3193 4829 3491 4898 pracepta
3513 4829 3673 4890 sunt,
3696 4825 3805 4896 ejus

2169 4914 2538 4969 contumacia
2566 4914 2873 4980 referatur,
2906 4919 2968 4970 ut
2998 4914 3258 4972 vindicta
3283 4913 3360 4969 de
3390 4930 3458 4969 eo
3491 4913 3617 4980 fiat,
3638 4918 3694 4969 et
3719 4928 3803 4968 ea-

2169 5002 2275 5056 teri
2308 5002 2578 5059 timorem
2619 5003 2898 5060 habeant.
2930 5003 2991 5060 Si
3039 5007 3236 5060 autem
3285 5006 3528 5074 propter
3577 5002 3799 5059 nimiam

2168 5090 2620 5164 longitudinem,
2655 5097 2758 5149 aut
2798 5092 3082 5165 temporis
3131 5091 3705 5156 incommoditatem,
3731 5087 3798 5144 vel

2167 5180 2397 5236 itineris
2449 5183 2843 5254 asperitatem,
2894 5197 3070 5255 grave
3115 5181 3188 5236 ad
3237 5179 3389 5237 hanc
3444 5180 3650 5236 sedem
3695 5181 3799 5251 ejus

2165 5286 2409 5326 causam
2464 5271 2690 5328 deferre
2749 5272 2947 5340 fuerit,
2977 5275 3120 5329 tunc
3177 5269 3249 5326 ad
3307 5270 3439 5340 ejus
3499 5271 3795 5342 primatum

2165 5376 2345 5416 causa
2372 5360 2692 5429 deferatur,
2724 5365 2784 5417 et
2812 5377 2991 5433 penes
3031 5360 3228 5432 ipsum
3269 5357 3451 5430 hujus
3485 5366 3700 5418 saneta
3724 5375 3796 5416 ee—

2164 5449 2256 5506 dis
2286 5451 2634 5507 auctoritate
2656 5450 2982 5521 judioetur.
