4000 6054
157 239 297 294 1189

1457 235 1854 294 PANORMIA.
1889 266 1954 274 —-
1984 236 2113 289 LIB.
2160 236 2256 288 ιν.

3425 238 3559 293 1190

152 364 296 422 CAP.
328 360 548 434 XXVII,
584 361 744 429 Quod
772 361 964 434 nullus
985 359 1286 434 primatum
1315 361 1407 416 vel
1444 362 1809 432 arcliie'pisco-
1839 357 1891 427 Α
1924 357 2014 413 sui
2047 358 2262 429 gradus
2292 357 2511 412 honore
2530 358 2701 427 potiri
2729 357 3060 415 voluerit.Si
3095 360 3258 416 aliter
3288 379 3566 434 praesum-

224 451 429 519 poruin
457 431 647 489 debent
664 433 906 503 aliquem
936 431 1001 488 de
1028 431 1268 489 alterius
1289 435 1551 503 parochia
1580 431 1807 490 accom-

226 525 359 563 mun
368 521 535 563 ιεανθ.

466 603 725 662 Calixtus
758 618 909 676 papa
938 620 1027 676 ep.
1060 606 1094 658 2
1124 604 1305 676 episc.
1333 604 1487 661 Gall.

227 706 344 775 (19,
376 720 433 775 q.
465 706 520 770 3,
551 720 602 758 ο.
653 703 851 759 Nullus
900 702 1157 774 primas).
1190 703 1397 758 Nullus
1448 704 1672 775 primas
1719 702 1809 758 vel

155 793 650 866 metropolitanus
725 792 1037 848 dioecesanl
1105 793 1421 848 Ecclesiam
1488 794 1576 848 vel
1644 809 1812 863 parca

156 882 380 951 chiam,
413 887 517 939 aut
564 882 822 954 aliquem
869 883 940 938 de
986 884 1116 952 ejus
1167 881 1448 953 parochia
1496 885 1817 954 praesumat

158 972 689 1035 cxcommunicare.
720 970 806 1027 vel
832 972 1119 1042 judicare,
1151 970 1239 1026 vel
1271 987 1441 1043 agerc
1470 971 1690 1043 aliquid
1722 972 1819 1026 abs

161 1079 311 1136 sque
338 1063 467 1133 eius
510 1060 757 1118 consilio
806 1060 895 1115 vel
942 1060 1187 1131 judicio,
1222 1062 1325 1116 sed
1373 1060 1481 1117 hoc
1511 1059 1822 1117 observent

159 1152 317 1225 quod
350 1152 421 1208 ab
455 1150 761 1223 apostolis,
793 1167 859 1206 ac
890 1150 1179 1219 Patribus,
1200 1167 1265 1205 ac
1297 1151 1823 1221 predecessoribus

162 1242 380 1298 nostris
414 1245 703 1296 statutum
734 1244 845 1307 est,
879 1243 936 1293 et
976 1239 1143 1294 nobis
1175 1240 1610 1311 confirmatum,
1649 1241 1704 1295 id
1737 1257 1829 1308 est

163 1332 215 1388 si
274 1331 411 1402 quis
464 1329 949 1401 metropolitanus
998 1329 1333 1400 episcopus,
1381 1330 1497 1385 nisi
1548 1332 1701 1403 quod
1753 1330 1825 1385 ad

164 1436 334 1478 suam
388 1419 765 1477 solummodo
814 1419 1069 1491 pertinet
1115 1419 1411 1490 propriam
1464 1419 1827 1490 parochiam,

168 1510 297 1566 sine
322 1509 571 1565 consilio
622 1513 680 1564 et
709 1508 1009 1563 voluntate
1057 1508 1323 1563 omnium
1355 1508 1828 1580 comprovincia—

168 1599 320 1654 lium
365 1598 773 1670 episcoporum
824 1600 986 1652 extra
1016 1613 1187 1668 agere
1236 1597 1458 1669 aliquid
1500 1599 1828 1669 tentaverit,

1918 447 2100 519 pserit
2129 446 2525 513 damnabitur,
2560 448 2615 501 et
2660 458 2771 503 non
2819 449 3007 503 solum
3053 448 3169 519 ille,
3205 452 3304 505 sed
3355 468 3562 523 coope-

1918 541 2117 592 rantes
2144 542 2200 592 et
2230 538 2661 592 consentientes
2693 538 2766 603 ei,
2798 530 2933 608 quia
2963 539 3116 594 sicut
3149 539 3458 609 ordinatio,
3484 542 3566 595 ita

1921 628 2049 695 cjus
2078 630 2131 681 et
2156 624 2466 695 judicatio,
2497 630 2553 680 et
2583 624 2831 680 aliarum
2866 644 3057 681 rerum
3089 628 3399 700 dispositio
3432 647 3561 701 pro-

1922 712 2210 769 hibeatur.

1924 826 2053 877 CAP.
2101 820 2287 902 XXIX.
2334 824 2395 876 In
2440 823 2779 902 sumaganei
2823 824 3114 902 parce/tia,
3172 827 3317 881 nihil
3366 828 3567 902 absque

2229 894 2344 964 ejus
2376 894 2609 948 consilio
2635 893 3085 968 metropolitanus
3112 901 3265 968 agat.

2141 978 2414 1037 Nicolaus
2446 980 2751 1054 Radulpho
2782 982 3126 1056 archiepisc.
3162 980 3345 1042 Bitur.

2005 1068 2110 1138 (19,
2144 1086 2200 1141 q.
2234 1070 2287 1139 3,
2332 1088 2381 1128 c.
2430 1072 2808 1143 Conqueslus).
2858 1074 3227 1145 Conquestus
3278 1076 3571 1147 apostola-

1934 1160 2016 1214 tui
2054 1164 2251 1215 nostro
2282 1156 2458 1216 frater
2488 1166 2687 1216 noster
2734 1158 3058 1234 Sigedodus
3108 1164 3580 1237 archiepiscopus

1935 1248 2509 1320 Narbonensis,quos
2543 1248 2783 1306 clericos
2816 1269 2955 1307 suos
2986 1268 3051 1310 eo
3084 1252 3286 1325 invito,
3320 1256 3387 1311 ad
3415 1254 3580 1324 judi-

1937 1338 2093 1394 cium
2128 1344 2295 1394 tuum
2329 1339 2522 1394 venire
2555 1337 2958 1411 compellas,ct
2985 1338 3053 1397 de
3077 1342 3253 1399 rebus
3283 1344 3355 1399 ad
3388 1343 3586 1399 Eccle-

1938 1426 2087 1483 siam
2119 1445 2285 1483 suam
2320 1422 2772 1499 pertinentibus,
2798 1446 2861 1483 eo
2894 1428 3224 1486 inconsulto
3257 1431 3583 1504 quasijure

1942 1515 2373 1589 phlriarchatus
2394 1514 2480 1571 tui
2504 1518 2803 1588 disponas,
2823 1534 2954 1572 cum
2982 1518 3090 1574 hoc
3120 1537 3309 1591 neque
3332 1520 3587 1592 antiqui-

1942 1608 2152 1674 tas,cui
2177 1606 2354 1660 sancti
2388 1611 2575 1661 Patres
2590 1623 2825 1661 sanxere
2854 1611 3241 1675 reverentiam,
3266 1610 3501 1678 habeat,
3535 1614 3592 1665 et

170 1688 395 1760 gradus
425 1688 518 1744 Βυί
552 1684 808 1757 ρθτίουιο
854 1686 1207 1756 Βυῦἆαοθὺίῐ,
1239 1691 1297 1742 et
1326 1687 1480 1758 quod
1514 1687 1717 1759 egerit,
1750 1686 1827 1741 iP-
1860 1729 1906 1794 Β
1945 1688 2257 1750 auctoritas
2309 1710 2605 1751 sacrorum
2657 1713 2948 1751 canonum
2999 1698 3230 1769 penitus
3263 1698 3594 1769 iutcrdicat,

173 1777 354 1833 ritum
386 1777 673 1832 habeatur
701 1779 758 1831 et
787 1790 1059 1831 vacuum.

176 1876 307 1932 Car.
342 1875 599 1933 XXVIII.
632 1878 701 1930 In
747 1875 980 1928 alterius
1020 1874 1281 1944 parochia
1331 1877 1448 1930 nisi
1493 1890 1553 1930 eo
1600 1879 1825 1931 vocante

636 1946 862 2015 aliquid
885 1960 1044 2016 agere
1072 1961 1182 1999 non
1211 1948 1357 2001 licet.

590 2041 936 2099 Caelestinus
962 2041 1252 2115 episcOpis
1284 2043 1432 2101 Gall.

252 2138 327 2208 (9,
361 2156 417 2209 q.
451 2140 505 2204 3,
538 2155 588 2193 c.
619 2139 865 2210 Nullus).
902 2139 1110 2195 Nullus
1160 2141 1404 2213 primas,
1455 2141 1654 2198 nullus
1704 2157 1825 2197 me-

177 2227 569 2300 tropolitanus
600 2227 929 2300 episcopus,
965 2228 1281 2301 nullusque
1312 2230 1671 2303 reliquorum
1704 2232 1829 2303 epi-

185 2330 500 2390 scOporum
533 2316 775 2373 alterius
806 2317 976 2372 adeat
1024 2318 1339 2383 civitatem,
1373 2325 1473 2376 aut
1502 2320 1830 2393 possessio-

186 2424 324 2464 nem
356 2405 597 2463 accedat
620 2424 744 2477 quae
773 2406 841 2461 ad
866 2424 1000 2462 eum
1022 2425 1134 2463 non
1164 2408 1682 2479 pertinet,alterius
1713 2410 1833 2482 epi-

185 2496 348 2570 scopi
396 2494 733 2568 parochiam
783 2513 960 2568 super
1008 2499 1136 2567 ejus
1186 2498 1660 2570 dispositionem,
1720 2500 1835 2554 nisi

186 2592 427 2642 vocatus
459 2585 530 2640 ab
560 2602 625 2640 eo
658 2578 829 2655 cujus
851 2585 1009 2655 juris
1040 2603 1168 2642 esse
1192 2586 1651 2659 dignoscitur,ut
1681 2589 1836 2659 quis-

188 2692 365 2748 quam
395 2674 476 2732 ibi
506 2664 595 2731 vel
642 2674 936 2746 disponat,
969 2675 1055 2732 vel
1100 2677 1351 2749 ordinet,
1392 2682 1492 2733 aut
1528 2677 1755 2749 judicet
1785 2679 1835 2734 si

1939 1785 2051 1839 nisi
2090 1785 2235 1839 forte
2269 1802 2370 1856 pro
2420 1786 2615 1841 causis
2663 1802 2805 1855 quas
2839 1784 2993 1857 apud
3042 1804 3105 1843 se
3136 1788 3451 1843 terminare
3484 1805 3598 1843 non

1937 1878 2209 1947 possunt,
2231 1875 2302 1929 ad
2338 1878 2394 1929 te
2418 1875 2589 1945 quasi
2612 1876 2683 1929 ad
2705 1874 3099 1947 patriarcham
3124 1894 3299 1932 suum
3323 1894 3599 1949 provoca-

1937 1963 2241 2033 verint,vel
2273 1965 2323 2019 si
2354 1958 2664 2036 episcopus
2687 1981 2830 2020 suus
2855 1965 3193 2033 decesserit,
3216 1982 3306 2021 res
3329 1966 3598 2023 Ecclesia:

1940 2053 2301 2126 suzejudicio
2323 2071 2430 2109 suo
2452 2054 2795 2126 dispensare
2810 2055 3418 2112 voluerint.Primates
3439 2056 3598 2111 enim

1940 2143 2029 2200 vel
2060 2143 2423 2215 patriarchas
2454 2142 2597 2198 nihil
2635 2144 2916 2217 privilegii
2948 2145 3162 2202 habere
3214 2162 3327 2218 pra;
3378 2145 3601 2201 ceteris

1942 2233 2258 2306 episcopis,
2290 2232 2404 2287 nisi
2441 2237 2729 2304 quantum
2759 2234 2912 2289 sacri
2961 2250 3214 2290 canones
3248 2234 3601 2303 concedunt,

1944 2327 2000 2379 et
2030 2322 2225 2395 prisca
2254 2321 2616 2377 consuetudo
2649 2322 2764 2377 illis
2795 2322 3127 2393 antiquitus
3157 2321 3426 2392 contulit,
3461 2322 3602 2377 deli-

1948 2412 2168 2481 nimus,
2201 2410 2283 2465 ita
2314 2415 2378 2464 ut
2402 2412 2726 2465 secundum
2761 2411 3024 2467 Nicaenas
3059 2411 3313 2483 regulas,
3344 2428 3454 2467 sua
3484 2410 3603 2482 pri-

1945 2500 2152 2571 vilegia
2178 2503 2481 2554 serventur
2510 2498 2807 2565 Ecclesiis,
2840 2504 3229 2572 praeterquam
3262 2500 3311 2555 si
3362 2504 3598 2572 aposto-

1947 2589 2060 2645 lica
2087 2590 2257 2644 sedes
2306 2587 2561 2659 aliquam
2611 2589 2929 2644 Ecclesium
2964 2589 3047 2643 vel
3097 2593 3381 2645 rectorem
3413 2588 3602 2660 ipsius

1952 2677 2214 2749 quolibet
2242 2676 2557 2749 episcopali
2587 2677 2887 2751 privilegio
2927 2679 3247 2734 decreverit
3294 2678 3600 2734 honorare.

1115 2987 1217 3046 DE
1262 2984 1625 3047 NEGOTIIS
1667 2987 1769 3046 ET
1813 2982 2087 3047 CAUSIS
2131 2984 2662 3048 CLERICORUM.

192 3150 327 3205 CAP.
357 3148 517 3205 XXX.
551 3150 746 3205 nullus
778 3150 1013 3205 clericus
1053 3156 1275 3220 prapler
1320 3150 1572 3221 aliquam
1615 3164 1841 3204 causam
1874 3152 1915 3219 α
1953 3148 2067 3203 sibi
2092 3147 2324 3217 judices
2356 3147 2755 3220 habuerit,pro
2786 3148 3006 3220 quibus
3038 3147 3232 3203 causis
3264 3148 3337 3202 ad
3372 3148 3615 3217 majoris

630 3224 794 3277 intret
822 3223 1039 3277 curiam
1066 3222 1401 3277 saecularem.

352 3322 431 3377 Ex
458 3325 678 3376 Decret.
710 3321 954 3393 Sylvest.
985 3337 1035 3376 c.
1070 3322 1155 3390 10,
1191 3322 1248 3377 in
1282 3321 1486 3393 synod.
1522 3322 1690 3377 Rom.

272 3448 382 3513 (11,
418 3464 472 3518 q.
510 3449 560 3517 1,
594 3463 640 3502 c.
670 3448 861 3503 Nullus
907 3448 1183 3517 clerieus).
1232 3447 1412 3501 Nemo
1464 3446 1712 3500 clericus
1759 3444 1848 3499 vel

203 3535 509 3605 diaconus,
542 3536 629 3590 vel
680 3537 1001 3607 presbyter,
1036 3540 1271 3606 propter
1318 3534 1577 3605 aliquam
1610 3550 1846 3589 causam

203 3626 384 3681 intret
413 3625 472 3678 in
510 3623 731 3678 curiam
768 3639 869 3678 nec
898 3626 1031 3677 ante
1056 3622 1315 3693 judicem
1348 3623 1578 3677 cinctus
1610 3638 1848 3676 causam

203 3714 394 3770 dicere
441 3717 780 3785 praesumat,
829 3712 1108 3782 quoniam
1158 3710 1350 3765 omnis
1404 3710 1567 3765 curia
1623 3708 1783 3781 quasi
1821 3730 1852 3764 a

203 3819 408 3859 cruore
437 3798 734 3873 dicitur,et
758 3800 804 3856 si
825 3800 957 3872 quis
988 3799 1233 3855 clericus
1264 3816 1547 3856 accusans
1577 3798 1847 3855 clericum

205 3891 263 3947 in
292 3892 516 3947 curiam
548 3890 854 3961 introierit,
879 3889 1194 3945 anathema
1223 3886 1528 3962 suscipiat.

201 4036 337 4092 CAP.
370 4033 568 4091 XXXI.
592 4035 755 4116 .Apud
783 4035 1105 4116 saecularem
1126 4034 1373 4116 judicem
1396 4034 1586 4116 nullus
1614 4032 1852 4113 clericus

376 4106 733 4162 conveniatur
761 4106 883 4161 nisi
909 4105 1185 4176 permissu
1216 4105 1388 4176 ipsius
1414 4104 1671 4176 episcopi.

466 4221 838 4277 Marcellinus
868 4238 1018 4294 papa
1047 4222 1106 4277 in
1140 4222 1417 4290 Decretis,
1453 4237 1502 4276 c.
1534 4222 1589 4273 2.

276 4328 388 4401 (11,
425 4344 479 4399 q.
519 4330 569 4395 1,
603 4345 653 4383 c.
689 4327 1007 4399 Clericum).
1058 4326 1430 4383 Marcellinus
1479 4326 1686 4400 praesul
1740 4326 1853 4381 Ro-

206 4433 440 4488 manus,
473 4417 749 4473 omnibus
778 4417 1090 4489 episcopis.
1125 4416 1382 4471 Clericus
1410 4414 1726 4485 cujuslibet
1759 4432 1850 4470 or-

205 4507 382 4574 dinis,
413 4506 630 4576 absque
660 4506 954 4578 pontificis
985 4505 1078 4562 sui
1108 4503 1418 4577 permissu,
1441 4503 1672 4559 nullum
1706 4520 1849 4575 pra:-

206 4600 403 4651 sumat
433 4597 503 4651 ad
540 4593 816 4651 saeculare
851 4595 1142 4666 judicium
1179 4592 1533 4666 protrahere,
1568 4609 1672 4648 nec
1704 4590 1849 4648 laico

206 4684 528 4757 quemlibet
556 4685 831 4740 clericum
867 4684 1039 4738 liceat
1071 4698 1368 4738 accusare.

200 4834 339 4886 CAP.
374 4829 615 4886 XXXII.
655 4828 728 4883 Ad
771 4829 1043 4883 saeculare
1089 4827 1359 4893 iudicium
1414 4842 1571 4881 nemo
1620 4827 1858 4881 clericus

767 4907 847 4955 est
871 4899 1293 4971 perlraheudus.

606 4998 913 5055 Cornelius
943 5000 999 5053 in
1033 4998 1280 5063 Decret.,
1313 5014 1362 5053 c.
1394 4998 1448 5050 2.

271 5107 386 5176 (11,
419 5121 477 5176 q.
513 5107 565 5172 1,
600 5121 648 5158 c.
676 5105 1329 5173 Continua).CoaNsmus
1360 5105 1859 5177 episc0pus,Ruro

202 5196 497 5269 episc‘cpo.
532 5192 740 5249 Nullus
782 5196 1154 5250 sacerdotum
1203 5210 1441 5250 causam
1494 5211 1664 5251 suam
1720 5197 1857 5250 alie-

204 5302 279 5341 no
310 5283 919 5352 committatjudicio,
953 5283 1066 5339 nisi
1114 5284 1185 5338 ad
1231 5286 1428 5339 sedem
1483 5284 1861 5355 apostolicam

204 5374 380 5431 fuerit
404 5370 757 5445 appellatus;
784 5373 883 5426 sed
912 5372 1317 5443 unusquisque
1339 5373 1862 5443 comprovinciales

201 5465 433 5536 judices
452 5466 511 5517 et
535 5466 703 5517 notos
728 5462 1084 5530 habeat,nisi
1120 5462 1379 5532 aliquam
1404 5462 1520 5516 vim
1540 5464 1863 5519 temerariae

1958 3238 2326 3294 auctoritatis
2342 3239 2659 3308 judices,et
2681 3238 2754 3292 ad
2778 3236 2924 3292 alias
2955 3236 3285 3308 provincias
3316 3235 3614 3308 appellare

1957 3332 2016 3383 et
2045 3328 2350 3383 convenire
2379 3343 2729 3383 concessum
2757 3331 2870 3381 est.

1960 3436 2091 3488 CAP.
2125 3432 2373 3487 XXXIII.
2410 3435 2562 3487 Inlra
2606 3434 2948 3502 provinciam
2976 3440 3026 3485 et
3062 3449 3103 3485 α
3132 3431 3613 3502 comprovinciali-

2298 3505 2396 3557 bus
2429 3507 2647 3558 tantum
2675 3520 2843 3558 causa
2872 3507 2949 3557 est
2977 3502 3276 3557 audienda.

2344 3593 2677 3664 Stephanus
2709 3593 2769 3647 in
2800 3593 3048 3657 Decret.,
3082 3609 3129 3646 c.
3164 3593 3218 3646 2.

2032 3683 2107 3753 (3,
2140 3698 2197 3753 q.
2228 3683 2283 3750 6,
2318 3698 2370 3751 ο,
2405 3680 2604 3751 Ultra).
2655 3682 2989 3737 Sreraanus
3045 3681 3381 3752 episcopus,
3421 3680 3612 3736 omni-

1962 3772 2074 3827 bus
2103 3771 2415 3842 spiscopis.
2448 3770 2612 3827 Ultra
2642 3770 3076 3842 provinciarum
3129 3768 3412 3824 terminos
3443 3785 3615 3824 accu-

1963 3862 2130 3916 sandi
2165 3860 2397 3916 licentia
2428 3877 2541 3915 non
2572 3858 3115 3932 progrediatur.Sed
3150 3858 3343 3913 omnis
3377 3874 3616 3913 accusa-

1965 3951 2040 4005 tio
2072 3950 2224 4005 intra
2270 3950 2628 4021 provinciam
2682 3950 2978 4018 audiatur,
3011 3952 3067 4003 et
3098 3966 3130 4001 a
3160 3945 3620 4018 provincialibus

1962 4038 2451 4104 terminetur,nlsl
2483 4038 2553 4093 ad
2586 4039 2783 4094 sedem
2818 4035 3199 4108 apostolicam
3230 4039 3459 4089 tantum
3492 4035 3622 4089 lue-

1963 4129 2036 4183 rit
2068 4129 2457 4200 appellatum.

1966 4236 2097 4291 CAP.
2142 4234 2377 4291 XXXIV.

2434 4235 2687 4304 Qualiter
2746 4234 2927 4288 volens
2978 4247 3241 4287 accusare
3291 4230 3627 4286 sacerdotem

2544 4306 2699 4361 debet
2728 4320 2783 4360 se
2812 4305 3030 4359 habere.

2291 4396 2604 4451 Anacletus
2635 4397 2700 4450 ad
2735 4393 2912 4465 episc.
2947 4392 3077 4448 Ital.
3110 4408 3201 4463 ep.
3233 4391 3285 4445 2.

2034 4485 2112 4556 (2,
2144 4499 2201 4555 q.
2231 4485 2289 4549 7,
2323 4496 2372 4539 c.
2411 4483 2720 4539 Accusatio.
2754 4483 2783 4556 §
2815 4482 2924 4538 Sed
2965 4480 3014 4535 si
3060 4480 3233 4552 quis).
3282 4480 3620 4536 ANACLETUS

1964 4572 2127 4628 urbis
2177 4574 2373 4629 Romae
2419 4574 2750 4644 episcopus,
2784 4571 3062 4628 omnibus
3113 4568 3427 4641 episcopis.
3462 4600 3529 4608 —
3560 4569 3621 4624 Si

1968 4660 2101 4731 quis
2130 4661 2413 4715 adversus
2444 4666 2729 4731 pastores,
2761 4658 2851 4714 vel
2883 4658 3176 4714 Ecclesiae
3221 4673 3424 4713 eorum
3457 4672 3623 4711 com-

1970 4754 2162 4805 motus
2200 4750 2397 4815 fuerit,
2454 4754 2555 4804 aut
2602 4764 2811 4804 causas
2862 4748 3154 4817 habuerit,
3191 4747 3354 4819 prius
3402 4747 3475 4801 ad
3525 4761 3624 4800 eos

1968 4844 2227 4894 recurrat
2289 4838 2589 4893 charitatis
2642 4838 2863 4903 studio,
2898 4843 2965 4892 ut
3014 4837 3287 4893 familiari
3337 4832 3628 4904 colloquio

1967 4928 2407 4993 commoniti,ea
2438 4934 2647 4983 sanent
2664 4943 2793 4999 quae
2823 4927 3087 4982 sananda
3118 4929 3352 4991 sunt,ut
3381 4921 3629 4977 Charita-

1964 5018 2083 5072 tive
2129 5018 2517 5072 emendentur
2576 5033 2702 5089 quas
2747 5016 2910 5087 juste
2942 5013 3310 5071 emendanda
3340 5025 3625 5082 cognove-

1969 5106 2106 5160 rint.
2140 5105 2201 5161 Si
2232 5111 2427 5161 autem
2478 5105 2660 5177 aliqui
2691 5122 2790 5162 eos
2838 5106 3187 5176 priusquam
3238 5100 3465 5172 egerint
3493 5098 3625 5163 hoc,

1968 5194 2248 5263 lacerare,
2282 5210 2557 5251 accusare
2589 5200 2690 5251 aut
2720 5195 2997 5250 infestare
3028 5189 3631 5263 prmeumpserint,ex-

1971 5285 2570 5355 communicentur,et
2599 5285 2840 5340 minime
2872 5282 3275 5346 absolvantur,
3309 5281 3627 5348 antequam

1975 5391 2076 5446 per
2116 5374 2581 5429 satisfactionem
2631 5375 2872 5445 dignam
2926 5370 3152 5441 egerint
3205 5367 3630 5443 paenitentiam,

1975 5463 2255 5536 quoniam
2289 5463 2509 5533 injuria
2538 5480 2741 5520 eorum
2775 5461 2846 5518 ad
2874 5459 3177 5516 Christum
3223 5456 3493 5529 pertinet,
3529 5471 3633 5510 cu-

214 5552 623 5610 multitudinis'
662 5551 948 5621 timuerit,
982 5556 1083 5608 aut
1131 5551 1393 5618 infestos,
1425 5550 1513 5607 vel
1564 5556 1867 5624 suspectos
1969 5556 2072 5625 Jus
2100 5552 2393 5625 legatione
2422 5553 2768 5626 Iunguntur.
