3938 6074
435 218 564 273 1191

1516 219 1581 268 D.
1623 214 1866 268 IVONIS
1903 210 2394 265 CARNOTENSIS
2431 208 2748 262 EPISCOPI

3737 207 3876 260 1192

427 345 559 396 CAP.
608 339 836 395 XXXV.
892 339 1289 395 Communione
1333 339 1602 409 privetur,
1663 338 1760 406 qui
1815 336 2078 409 privatim
2107 335 2160 400 Α
2190 334 2321 386 CAP.
2353 329 2604 409 XXXIX.
2663 330 2793 409 Oves
2821 336 3091 409 pastorem
3119 345 3298 397 suum,
3330 331 3450 384 nisi
3481 345 3521 384 α
3552 328 3679 398 ﬁde
3711 347 3869 384 αςςτο

499 413 763 466 adversus
791 413 1100 482 episcopum
1145 405 1502 480 conqueritur
1544 405 1873 480 priusquam
1918 405 2081 476 fami-

499 483 720 539 liariter
743 499 867 538 eum
897 483 1215 538 conveniat.

745 571 1024 627 Alexand.
1058 572 1118 625 in
1149 571 1372 626 Decret.
1408 587 1456 626 c.
1495 571 1544 636 1,
1575 587 1664 641 ep.
1701 569 1751 624 l.

500 661 573 730 ('3,
609 675 665 730 q.
697 660 749 726 7,
786 675 835 713 c.
867 661 931 715 Si
979 661 1102 730 quis
1148 661 1324 730 erga).
1373 657 1698 713 Alexander
1747 655 2074 728 apostolica

427 747 695 804 Ecclesia:
744 748 1074 819 episcopus,
1109 748 1386 802 omnibus
1435 745 1772 802 orthodoxis
1807 761 1820 801 :
1853 745 1911 800 Si
1941 744 2074 816 quis

428 853 564 908 erga
595 837 933 908 episcOpum
965 835 1051 892 vel
1082 839 1308 890 actores
1337 834 1628 899 Ecclesiae,
1661 850 1722 890 se
1749 833 2076 906 quamlibet

427 927 729 996 etjustam
776 925 1068 996 querelam
1123 924 1335 979 habere
1383 923 1712 992 crediderit,
1743 941 1857 978 non
1911 921 2071 995 prius

429 1015 709 1086 primates
767 1017 867 1068 aut
909 1013 1054 1068 alios
1102 1014 1267 1068 adeat
1312 1012 1546 1084 judices
1596 1029 1771 1083 quam
1824 1012 1982 1084 ipsos
2039 1029 2074 1067 a

426 1102 642 1173 quibus
675 1119 736 1157 se
767 1101 966 1158 lassum
1019 1103 1289 1166 aestimat,
1323 1101 1632 1156 conveniat
1683 1100 2069 1167 familiariter,

427 1207 540 1244 non
575 1190 754 1246 semel
789 1191 888 1246 sed
924 1190 1345 1261 saepissime,ut
1376 1190 1447 1245 ab
1479 1191 1562 1245 eis
1595 1191 1666 1244 ad
1700 1206 1867 1245 suam
1890 1189 2070 1260 justi-

421 1278 564 1334 tiam
614 1279 864 1352 accipiat
911 1278 1360 1335 excusationem.
1395 1279 1451 1332 Si
1501 1283 1694 1334 autem
1730 1294 1900 1333 secus
1938 1293 2071 1350 ege-

420 1367 517 1434 rit,
546 1368 617 1422 ab
646 1367 793 1440 ipsis
825 1372 881 1424 et
905 1369 976 1424 ab
1009 1368 1140 1423 aliis
1172 1367 1585 1423 communione
1629 1367 1908 1439 privetur,
1939 1370 2068 1420 tan-

421 1473 600 1528 quam
634 1456 1032 1529 apostolorum
1083 1460 1440 1528 Petrumque
1488 1455 1736 1512 aliorum
1768 1459 2067 1526 contemp-

419 1549 529 1601 tor.

421 1635 553 1690 Car.
589 1634 824 1691 XXXVI.
858 1637 1100 1708 P0pulus
1127 1635 1464 1708 sacerdotem
1515 1649 1752 1706 arguere
1780 1634 1862 1689 vel
1893 1632 2068 1688 incre-

1006 1723 1143 1780 pare
1171 1724 1281 1763 non
1310 1707 1484 1763 debet.

759 1797 898 1852 Pius
930 1813 1080 1869 papa
1110 1813 1201 1869 ep.
1235 1797 1258 1852 I
1298 1797 1368 1851 ad
1401 1796 1727 1868 episcopos.

491 1886 567 1955 (6,
602 1902 661 1956 q.
691 1886 742 1955 1,
776 1903 826 1940 c.
861 1886 991 1940 Oves
1018 1889 1338 1956 pastorem).
1370 1888 1514 1939 Oves
1559 1889 1855 1954 pastorem
1887 1898 2063 1937 suum

416 1990 532 2029 non
565 1973 1013 2045 reprehendant,
1047 1973 1211 2045 plebs
1259 1974 1600 2046 episcopum
1641 1990 1755 2029 non
1807 1975 2065 2040 accuset,

417 2078 524 2117 nec
553 2079 688 2118 eum
720 2068 930 2135 arguat
959 2062 1186 2134 vulgus,
1222 2063 1358 2135 quia
1387 2080 1498 2120 non
1526 2067 1604 2118 est
1633 2061 1936 2133 discipulus
1963 2079 2062 2116 su-

410 2167 513 2222 per
541 2151 870 2222 magistrum
901 2153 1052 2224 (Luc.
1086 2155 1176 2223 vn).
1213 2152 1475 2224 Episcopi
1509 2170 1541 2207 a
1572 2152 1687 2208 Deo
1720 2157 1860 2207 sunt
1900 2153 2061 2223 judi-

415 2239 607 2310 candi,
642 2241 742 2312 qui
796 2257 893 2296 eos
926 2241 1038 2296 sibi
1087 2241 1285 2298 oculos
1335 2241 1526 2314 elegit.
1569 2242 1711 2297 Nam
1743 2259 1777 2297 a
1807 2241 2061 2299 subditis

414 2333 515 2382 aut
546 2346 734 2400 prava;
763 2329 898 2385 vitae
946 2330 1286 2386 hominibus
1317 2348 1432 2386 non
1465 2337 1604 2386 sunt
1643 2331 1925 2403 arguendi
1958 2334 2061 2387 aut

413 2433 602 2487 pravae
633 2419 758 2474 vitae
812 2418 1153 2475 hominibus
1199 2436 1314 2474 non
1347 2424 1484 2475 sunt
1518 2419 1800 2491 arguendi
1834 2424 1936 2475 aut
1965 2436 2059 2475 ac-

413 2507 678 2572 cusandi,
712 2511 813 2563 aut
840 2507 1158 2564 lacerandi.

413 2604 552 2662 CAP;
578 2604 849 2662 XXXVII.
886 2607 1040 2661 Laici
1068 2609 1127 2660 in
1157 2609 1536 2678 episcoporum
1581 2610 1926 2666 accusatione
1949 2626 2058 2666 non

991 2683 1122 2733 sunt
1153 2679 1481 2750 recipiendi.

482 2769 559 2836 (2,
588 2784 645 2837 q.
675 2769 730 2835 7,
764 2783 813 2821 c.
872 2770 990 2822 Non
1039 2772 1116 2822 est
1148 2785 1180 2822 a
1226 2768 1426 2839 plebe).
1477 2768 1601 2823 Non
1649 2773 1738 2825 est
1781 2769 1976 2841 itaque
2025 2789 2059 2826 a

410 2856 748 2926 vulgaribus
797 2855 1140 2911 hominibus
1189 2859 1542 2929 arguendus,
1572 2858 1660 2913 vel
1687 2860 2058 2916 accusandus

408 2944 720 3016 episcopus
775 2944 909 2998 licet
955 2946 1033 3000 sit
1079 2945 1476 3014 inordinatus,
1509 2947 1648 3018 quia
1696 2965 1798 3020 pro
1831 2949 2057 3004 meritis

411 3034 779 3087 subditorum
812 3033 1149 3104 disponitur
1176 3035 1294 3089 vita
1326 3040 1634 3090 rectorum.

552 3129 685 3183 CAP.
719 3129 1007 3184 XXXVIII.
1035 3131 1296 3201 Exempla
1329 3132 1741 3204 Caligrtipapae,
1775 3152 1823 3190 c.
1862 3137 1908 3189 1.

481 3217 755 3272 Dectores
784 3233 920 3288 ergo
951 3218 1050 3289 qui
1082 3224 1140 3273 et
1172 3218 1370 3274 Patres
1401 3223 1898 3294 vocantur,magis
1930 3241 2054 3296 por-

408 3307 568 3360 tznndi
601 3323 776 3378 quam
812 3307 1278 3380 reprehendendi
1309 3313 1467 3378 sunt,
1517 3309 1630 3366 nisi
1663 3311 1720 3366 in
1753 3317 1911 3369 recta
1943 3315 2056 3370 fide

408 3395 745 3454 erraverint.

2539 400 2830 468 bitaverit,
2851 416 2960 457 non
2989 400 3183 456 debent
3212 417 3501 458 accusare.

2373 499 2659 556 Eusebius
2690 515 2840 570 papa
2869 500 2939 554 ad
2974 499 3154 571 episc.
3184 497 3344 554 Alex.
3381 498 3573 569 epist.
3612 501 3672 552 2.

2258 599 2332 665 (2,
2365 615 2422 670 q.
2453 601 2510 666 '7,
2543 615 2592 654 c.
2629 599 2764 654 Oves
2791 613 2887 654 suo
2915 598 3169 668 pastori).
3200 597 3346 652 Oves
3377 613 3524 652 vero
3571 613 3722 668 qua
3755 615 3864 668 pas-

2183 687 2292 742 tori
2325 704 2431 742 suo
2459 687 2790 744 commissae
2825 687 3061 750 fuerint,
3085 702 3220 742 eum
3247 701 3352 740 nec
3389 686 3859 757 reprehendere.

2183 775 2295 831 nisi
2329 793 2361 831 a
2393 782 2549 831 recta
2595 776 2710 831 ﬁde
2757 773 3184 844 cxorbitaverit,
3215 775 3453 846 debent,
3515 791 3640 830 nec
3679 775 3860 830 nulla-

2181 868 2355 921 tenus
2383 881 2662 920 accusare
2691 867 2964 936 possunt,
2995 865 3132 934 quia
3163 866 3315 920 facta
3360 869 3731 936 pastorum,
3762 866 3858 919 oris

2182 953 2376 1025 gladio
2409 954 2669 1009 ferienda
2720 970 2836 1008 non
2887 958 3046 1024 sunt,
3079 969 3422 1024 quanquam
3458 959 3640 1009 recte
3675 971 3856 1024 repre-

2181 1041 2492 1098 hendenda
2522 1043 2850 1098 videantur.

2178 1161 2316 1213 CAP.
2353 1158 2462 1214 XL.
2517 1158 2789 1230 Exempla
2819 1157 3074 1214 Anacleti
3118 1174 3275 1230 papa:
3325 1161 3550 1226 scripta
3604 1160 3852 1215 omnibs:

2594 1231 2975 1286 sacerdotibus
3008 1231 3237 1298 Christi,
3271 1246 3320 1285 ο.
3354 1232 3409 1286 1.

2249 1330 2351 1399 (Ex
2381 1345 2430 1383 c.
2463 1329 2530 1384 Si
2557 1329 2869 1398 hareticus,
2902 1332 2960 1384 et
2990 1329 3138 1396 Quod
3182 1328 3407 1399 dicitur,
3438 1328 3543 1396 29,
3595 1331 3686 1397 7).
3719 1329 3850 1386 Doo.

2179 1423 2270 1472 tor
2299 1435 2332 1473 a
2354 1418 2466 1474 fide
2496 1419 2858 1486 exorbitans,
2888 1417 2999 1473 erit
3025 1434 3058 1473 a
3086 1415 3355 1472 ﬁdelibus
3395 1418 3799 1489 corrigendos
3829 1438 3840 1472 :

2179 1506 2282 1560 sed
2324 1523 2427 1577 pro
2477 1506 2741 1578 reprobis
2786 1505 3050 1561 moribus
3097 1506 3290 1578 magis
3332 1511 3424 1562 est
3471 1506 3839 1576 tolerandas,

2183 1611 2360 1666 quam
2395 1594 2877 1668 distringendus;
2914 1595 3052 1667 quia
3083 1600 3336 1651 rectores
3366 1594 3664 1652 Ecclesiae
3697 1613 3730 1650 a
3759 1600 3841 1651 Dc-

2098 1704 2148 1769 B
2182 1683 2342 1739 mino
2372 1689 2510 1739 sunt
2531 1683 2864 1754 judicandi,
2891 1683 3046 1740 sicut
3075 1683 3155 1738 ait
3185 1683 3481 1756 Propheta
3516 1699 3532 1737 :
3571 1685 3723 1741 Deus
3747 1691 3839 1740 ste-

2177 1775 2243 1830 tit
2271 1775 2331 1829 in
2360 1774 2649 1846 Synagoga
2677 1774 2925 1840 deorum,
2958 1774 3017 1827 in
3045 1772 3222 1828 medio
3253 1775 3437 1828 autem
3465 1772 3604 1828 deos
3635 1773 3836 1845 dijudi-

2174 1872 2260 1919 cat
2291 1863 2462 1932 (Psal.
2493 1863 2704 1934 LXXXI).

2171 1991 2307 2044 CAP.
2340 1986 2480 2043 XLI.
2513 1991 2656 2044 Oves
2679 1993 2956 2058 pastorem
2985 2002 3166 2058 suum,
3198 1987 3311 2042 nisi
3336 2003 3371 2041 a
3399 1986 3516 2057 ﬁde
3545 1987 3826 2043 exercita.

2577 2057 2736 2127 verit,
2768 2075 2884 2113 non
2911 2057 3106 2113 debent
3134 2073 3418 2114 accusare.

2607 2155 2844 2212 Fabian.
2879 2156 2937 2211 in
2972 2156 3196 2212 Decret.
3231 2172 3280 2212 c.
3313 2159 3368 2211 2.

2241 2253 2317 2325 (2,
2351 2270 2407 2326 q.
2437 2255 2491 2325 7,
2527 2271 2574 2309 c.
2611 2253 2782 2324 Oves).
2818 2253 3108 2310 Fabianus
3139 2253 3367 2326 praesul,
3390 2255 3683 2310 omnibus
3714 2256 3830 2328 epi-

2171 2343 2386 2415 scopis.
2421 2343 2759 2399 Statuentes
2789 2342 3111 2416 apostolica
3146 2342 3502 2398 auctoritate
3525 2343 3828 2414 jubemus,

2171 2448 2242 2487 ne
2273 2437 2569 2504 pastorem
2603 2449 2774 2488 suum
2805 2449 2942 2488 oves
2971 2448 3098 2503 quas
3130 2431 3182 2486 ei
3220 2432 3558 2487 commissas
3593 2433 3827 2495 fuerint,

2171 2521 2284 2576 nisi
2342 2520 2399 2576 in
2452 2522 2563 2576 fide
2609 2521 2909 2589 erraverit,
2960 2519 3388 2592 reprehendere
3443 2521 3735 2576 audeant.
3779 2521 3823 2574 Si

2169 2614 2367 2665 autem
2400 2626 2433 2664 a
2464 2610 2575 2666 fide
2607 2609 2948 2672 deviaverit,
2979 2608 3092 2664 crit
3121 2609 3506 2680 corrigendus
3541 2609 3716 2680 prius
3744 2626 3821 2664 se~

2167 2706 2320 2755 crete
2351 2716 2383 2755 a
2414 2699 2857 2765 subditis.Quod
2890 2698 2938 2754 si
2971 2697 3594 2770 incorrigibilis(quod
3628 2699 3821 2766 absit!)

2167 2789 2525 2860 apparuerit,
2556 2787 2664 2844 erit
2696 2788 3062 2844 accusandus
3094 2788 3166 2843 ad
3210 2786 3495 2859 primates
3532 2804 3703 2857 suos,
3736 2795 3822 2842 aut

2167 2877 2237 2931 ad
2271 2877 2471 2932 sedem
2502 2876 2906 2948 apostolicam.
2941 2876 3048 2931 Pro
3079 2874 3209 2931 aliis
3243 2891 3378 2930 vero
3413 2875 3651 2931 actibus
3685 2876 3819 2939 suis,

2167 2965 2355 3036 magis
2386 2965 2728 3022 tolerandus
2757 2970 2845 3021 est
2874 2965 2946 3020 ab
2987 2964 3283 3033 omnibus,
3317 2963 3495 3020 etiam
3532 2964 3650 3020 sibi
3688 2965 3817 3019 sub.

2085 3065 2128 3131 ρ
2167 3054 2328 3125 ditis,
2360 3071 2537 3126 quam
2565 3056 2956 3124 accusandus,
2991 3058 3093 3111 aut
3135 3053 3368 3126 publice
3421 3053 3818 3126 derogandus,

2167 3142 2307 3213 quia
2337 3160 2471 3199 cum
2503 3145 2563 3199 in
2595 3145 2679 3200 eis
2711 3163 2738 3200 a
2772 3143 3027 3200 subditis
3075 3143 3463 3215 delinquitur,
3496 3144 3632 3214 ejus
3676 3144 3818 3198 ordi-

2168 3231 2388 3286 nationi
2446 3233 2735 3302 obviatur,
2796 3232 2892 3302 qui
2959 3249 3060 3288 eos
3118 3231 3376 3303 pertulit,
3436 3231 3523 3286 eis
3598 3233 3819 3286 dicente

2163 3319 2445 3390 Apostolo
2479 3338 2492 3377 :
2527 3322 2627 3378 Dei
2669 3322 3018 3378 ordinationi
3063 3319 3276 3377 resistit
3306 3320 3400 3392 qui
3443 3324 3716 3392 potestati
3745 3338 3820 3375 re-

2164 3409 2311 3464 sistit
2339 3412 2516 3478 (Rom.
2550 3411 2698 3482 xm).

1401 3639 1504 3698 DE
1550 3642 2124 3706 ItESTlTUTIONE
2171 3646 2754 3709 SPOLIATORUM.

403 3739 530 3789 (λη).
567 3735 727 3790 XLII.
762 3737 1047 3808 Episcopos
1075 3743 1192 3795 suis
1211 3743 1430 3820 sediOus
1458 3746 1718 3815 spoliatos
1746 3749 1815 3802 ad
1834 3749 2053 3820 judicia

945 3826 1129 3865 vocari
1158 3813 1506 3881 prohibetur}

542 3894 904 3968 Zephyrinus
937 3897 1006 3951 ad
1041 3899 1223 3970 episc.
1255 3902 1482 3974 ZEgypt.
1517 3904 1573 3958 in
1606 3922 1644 3960 ii
1676 3906 1898 3964 Decret.

474 4003 906 4058 Annuntiatum
956 4009 1046 4060 est
1075 4006 1200 4061 sedi
1230 4009 1564 4080 apostolicae
1608 4029 1711 4083 per
1736 4015 2050 4084 apocrisia-

402 4092 519 4147 rios
551 4097 774 4148 vestros
823 4094 1111 4163 quosdam
1143 4097 1390 4152 fratrum
1436 4104 1793 4168 nostrorum,
1825 4105 2052 4175 episco-

398 4198 607 4253 porum
657 4181 924 4237 videlicet
975 4185 1046 4238 ab
1097 4185 1372 4242 Ecclesiis
1422 4194 1478 4244 et
1527 4190 1766 4247 sedibus
1797 4194 2050 4266 propriis

399 4269 557 4340 pelli,
593 4288 820 4343 suaque
851 4273 1062 4328 auferri
1099 4275 1183 4330 eis
1215 4276 1628 4348 supellectilis,
1659 4285 1716 4335 et
1744 4282 1828 4336 sic
1859 4284 2050 4339 nudos

398 4362 455 4410 et
485 4357 841 4429 exspoliatos
873 4361 943 4415 ad
977 4362 1196 4432 judicia
1229 4366 1606 4438 vocari,quod
1635 4370 1794 4424 omni
1829 4371 2052 4428 ratione

397 4453 572 4512 caret,
597 4462 728 4501 cum
749 4449 1067 4505 constituta
1089 4453 1544 4522 apostolicorum
1579 4473 1901 4529 eorumque
1921 4477 2048 4515 suc-

397 4549 692 4589 cessurum
746 4540 802 4591 et
849 4544 1138 4610 praecepta
1183 4541 1627 4616 imperatorum,
1661 4562 1728 4601 ac
1759 4548 2044 4604 constitu-

395 4621 586 4677 tiones
615 4621 810 4694 legum
844 4625 900 4680 id
935 4628 1128 4699 ipsum
1164 4630 1285 4686 ﬁeri
1313 4638 1526 4688 vetent.

392 4730 528 4783 CAP.
563 4729 752 4784 XLIII.
790 4731 986 4786 Nullus
1015 4735 1288 4813 spoliatus
1317 4740 1386 4813 sit
1411 4740 1751 4796 accusandus
1781 4741 1894 4796 nisi
1921 4746 2042 4813 pri-

297 4817 300 4820 η
901 4819 988 4857 mo
1017 4809 1191 4874 fuerit
1221 4812 1528 4866 restitutus.

570 4888 931 4961 Zephyrinus
963 4893 1032 4945 ad
1065 4894 1324 4968 episcop.
1358 4899 1558 4972 IEgyp.
1593 4901 1762 4972 epist.
1795 4901 1848 4956 2.

462 4980 542 5046 (2,
577 4995 634 5050 q.
665 4979 720 5044 2,
755 4995 803 5034 c.
839 4984 1187 5051 Prmceptum
1215 4986 1341 5056 est).
1375 4988 1731 5060 Praeceptum
1786 4994 1875 5045 est
1903 5008 2040 5064 ergo

390 5067 447 5121 in
478 5069 740 5140 antiquis
791 5070 1028 5124 statutis
1077 5071 1382 5144 episcopos
1427 5079 1642 5146 ejectos
1689 5083 1863 5150 atque
1915 5081 2040 5137 suis

391 5157 567 5212 rebus
613 5157 963 5229 exspoliatos
1013 5158 1302 5216 Ecclesias
1353 5166 1616 5235 proprias
1665 5168 1941 5239 recipere,
1983 5176 2039 5225 et

389 5245 578 5315 primo
610 5262 712 5300 sua
744 5247 944 5302 omnia
973 5248 1058 5303 eis
1092 5248 1274 5304 reddi.
1309 5251 1379 5305 Et
1408 5253 1644 5308 demum
1675 5255 1723 5310 si
1775 5257 1908 5327 quis
1939 5273 2037 5314 eos

379 5333 544 5401 juste
575 5351 851 5390 accusare
867 5337 1132 5406 voluerit,
1164 5354 1330 5410 aequo
1355 5341 1610 5412 periculo
1643 5343 2034 5402 facere.Judi-

387 5437 481 5476 ces
515 5439 643 5478 esse
674 5424 1074 5492 decernentes,
1107 5427 1412 5500 episcopos
1442 5435 1600 5486 recta
1629 5433 1947 5503 sapientes,
1981 5440 2037 5491 et

388 5509 445 5562 in
470 5509 723 5566 Ecclesia
743 5514 1177 5583 convenientes,
1213 5517 1313 5572 ubi
1345 5521 1524 5574 testes
1549 5524 1744 5576 essent
1770 5522 2034 5595 singulo-

2163 3769 2294 3806 rum
2326 3752 2426 3823 qui
2462 3751 2728 3823 oppressi
2759 3750 3127 3807 videbantur.
3162 3751 3346 3808 Item:
3383 3768 3487 3808 nec
3517 3769 3620 3807 eos
3655 3751 3810 3825 prius

2162 3841 2514 3911 respondere
2560 3840 2796 3907 debere,
2827 3857 3004 3911 quam
3056 3840 3253 3896 omnia
3283 3857 3391 3896 sua
3416 3839 3502 3896 eis
3535 3845 3596 3896 et
3624 3841 3808 3896 Eccle-

2161 3929 2266 3984 siis
2296 3945 2495 3984 eorum
2530 3928 2760 4000 legibus
2791 3927 3168 4000 integerrime
3199 3929 3613 3984 restituantur.

2161 4037 2297 4090 CAP.
2333 4034 2518 4091 XLIV.
2571 4036 2703 4092 Ante
2751 4038 3154 4093 restitutionem
3207 4036 3410 4107 aliquis
3467 4037 3540 4091 ad
3594 4053 3807 4091 causam

2691 4110 2942 4164 revocari
2971 4125 3083 4163 non
3111 4108 3284 4164 debet.

2520 4194 2670 4251 Felix
2705 4197 2725 4250 Ι
2755 4197 2826 4251 ad
2860 4197 3040 4268 episc.
3075 4195 3250 4264 Gall.,
3285 4211 3376 4268 ep.
3407 4197 3465 4251 2.

2233 4284 2308 4353 (3,
2344 4300 2400 4355 q.
2430 4285 2486 4352 2,
2519 4301 2568 4338 c.
2603 4284 2664 4340 Si
2691 4286 3014 4357 episcopus).
3047 4285 3105 4341 Si
3133 4285 3262 4340 suis
3293 4284 3472 4341 fuerit
3499 4284 3809 4356 episcopus

2161 4376 2262 4426 aut
2288 4371 2556 4428 Ecclesiae
2589 4374 2767 4430 rebus
2796 4374 2907 4430 sibi
2941 4374 3271 4431 commissze
3304 4373 3696 4445 exspoliatus,
3721 4377 3807 4428 ant

2084 4442 2125 4503 Ῑ)
2159 4461 2331 4530 (quod
2369 4461 2582 4532 absit!)
2613 4463 2768 4534 quod
2820 4462 3079 4519 alienum
3129 4463 3200 4519 ab
3232 4442 3511 4518 omnibus
3554 4479 3690 4518 esse
3717 4464 3807 4516 de-

2159 4551 2253 4604 bet
2285 4550 2577 4619 ﬁdelibus,
2611 4570 2642 4607 a
2675 4553 2810 4608 sede
2844 4553 3079 4625 prepria
3109 4553 3353 4624 ejectus,
3387 4552 3446 4607 in
3479 4553 3806 4607 detentione

2155 4636 2349 4710 aliqua
2378 4657 2410 4694 a
2442 4641 2564 4696 suis
2594 4641 2819 4698 civibus
2875 4643 3051 4696 fuerit
3081 4647 3506 4714 sequestratus,
3539 4645 3689 4696 tunc
3722 4657 3803 4694 ca-

2155 4727 2360 4783 nonice
2391 4733 2525 4785 ante
2551 4730 2608 4784 in
2633 4730 2883 4802 pristino
2907 4735 3063 4787 statu
3088 4731 3456 4794 restituatur,
3481 4746 3620 4785 cum
3652 4728 3802 4785 omni

2151 4815 2452 4889 privilegio
2501 4819 2592 4874 sui
2642 4819 2905 4887 honoris,
2939 4825 2998 4875 et
3029 4837 3134 4876 sua
3182 4819 3383 4875 omnia
3411 4835 3542 4890 qua;
3577 4819 3799 4873 insidiis

2151 4905 2521 4961 inimicorum
2555 4925 2799 4963 suorum
2832 4910 2883 4964 ei
2912 4908 3106 4965 ablata
3159 4908 3402 4972 fuerint,
3435 4907 3674 4979 legibus
3723 4922 3799 4961 re-

2149 4994 2579 5066 dintegrentur,
2629 5012 2738 5052 nec
2768 4998 3072 5054 convocari
3125 5002 3228 5053 aut
3265 4996 3525 5067 judicari
3576 4995 3796 5069 poterit,

2150 5082 2262 5137 nisi
2297 5083 2424 5154 ipse
2454 5101 2556 5156 pro
2588 5102 2696 5141 sua
2726 5087 3100 5156 necessitate,
3132 5087 3378 5141 minime
3419 5090 3621 5140 tamen
3645 5083 3797 5156 judi-

2148 5172 2373 5226 candus
2401 5173 2671 5229 advenire
2702 5180 2911 5246 sponte
2933 5175 3190 5248 elegerit.
3225 5173 3578 5230 Nullatenus
3609 5189 3742 5245 ergo
3771 5188 3798 5224 ι

2147 5276 2446 5331 quoquam
2506 5267 2751 5334 cogatur
2795 5269 3112 5335 antequam
3173 5263 3554 5334 integerrime
3612 5261 3798 5317 omnia

2146 5365 2273 5420 quae
2305 5365 2406 5420 per
2435 5352 2846 5423 suggestiones
2882 5352 3259 5408 inimicorum
3311 5369 3555 5408 suorum
3591 5353 3798 5406 amise-

2145 5441 2257 5508 rat,
2289 5439 2565 5510 potestati
2595 5441 2726 5511 ejus
2756 5443 2828 5498 ab
2860 5441 3191 5500 honorabili
3224 5441 3479 5498 concilio
3510 5439 3677 5513 legali
3705 5456 3797 5494 or-

2144 5526 2278 5582 dine
2310 5527 2796 5600 redintegrentur.
