4000 6054
196 294 222 345 1
238 292 344 346 193

1494 298 1893 351 PANORMIA.
1936 328 2003 335 —
2044 302 2175 353 LIB.
2218 301 2312 381 iv.

3472 312 3608 365 1194

188 418 323 474 Csr.
356 416 527 472 XLV.
562 417 679 500 Nec.
693 420 981 500 convocari
1009 417 1080 500 ad
1107 417 1377 500 syuodum
1406 435 1503 474 nec
1541 421 1597 474 in
1649 422 1845 491 aliquo
1876 431 1925 494 Α
1960 420 2085 492 ipse
2116 423 2421 496 dispositis
2452 425 2859 500 ordinatisque
2881 429 3063 486 libere
3084 448 3148 486 ac
3170 449 3373 490 secure
3394 436 3465 490 de
3487 436 3613 492 suis

644 489 795 544 debet
815 490 1065 559 judicari
1093 491 1379 560 spoliatus.

280 577 568 633 Eusebius
598 578 669 632 ad
704 579 881 649 episc.
918 577 1193 634 Alexand.
1228 584 1285 634 et
1314 584 1544 652 rEgypt.
1578 596 1669 651 ep.
1702 581 1757 634 2.

261 678 338 747 (2,
391 693 449 747 q.
499 677 553 743 2,
605 692 655 731 c.
708 678 771 731 In
816 678 1156 748 scripturis.)
1218 678 1503 733 Eusebius
1567 696 1717 750 papa
1784 678 1843 731 in

181 766 448 820 secundo
482 765 760 820 Decretali
795 782 901 820 suo
935 781 949 820 :
990 789 1009 813 ι
1048 765 1110 820 In
1144 766 1456 837 scripturis
1497 767 1705 821 vestris
1752 782 1841 820 re-

184 853 455 925 perimus
506 854 792 926 quosdam
845 854 1153 927 episcopos
1204 854 1265 908 in
1314 854 1526 910 vestris
1576 854 1843 925 partibus

184 960 221 998 a
252 942 506 1015 propriis
536 944 743 999 ovibus
777 948 1085 999 accusatos
1114 943 1344 1015 aliquos
1374 960 1443 998 ex
1483 942 1839 1015 suspicione,

184 1036 247 1087 et
277 1032 505 1105 aliquos
533 1048 602 1087 ex
632 1036 790 1087 certa
821 1032 1064 1098 ratione,
1100 1032 1317 1087 idcirco
1373 1033 1663 1104 quosdam
1715 1031 1842 1086 suis

181 1121 364 1176 rebus
409 1120 754 1192 expoliatos,
806 1121 1092 1192 quosdam
1144 1136 1279 1176 vero
1331 1137 1364 1175 a
1416 1121 1653 1192 propria
1705 1120 1842 1176 sede

178 1209 410 1279 pulsos,
462 1225 608 1280 quos
656 1209 859 1265 sciatis
891 1224 997 1263 nec
1028 1209 1100 1263 ad
1136 1208 1428 1280 synodum
1462 1210 1841 1281 comprovin-

180 1298 419 1364 cialem,
449 1314 555 1353 nec
587 1298 659 1353 ad
693 1296 1025 1369 generalem
1053 1314 1225 1369 posse
1256 1299 1589 1363 convocari,
1626 1315 1734 1353 nec
1781 1298 1841 1353 in

178 1384 383 1456 aliquo
407 1385 688 1455 judicari,
724 1390 1045 1456 antequam
1073 1391 1283 1440 cuncta
1313 1403 1439 1457 quas
1471 1386 1556 1441 eis
1609 1387 1844 1442 sublata

180 1478 345 1543 sunt,
381 1473 615 1545 legibus
637 1473 910 1545 potestati
941 1490 1143 1529 eorum
1166 1474 1660 1546 redintegrentur.

669 1582 793 1635 CAP.
825 1578 1013 1634 XLVI.
1053 1585 1131 1636 De
1158 1580 1363 1635 eodem.

784 1668 982 1725 Julius
1016 1670 1059 1739 Ι,
1095 1686 1145 1724 c.
1182 1671 1233 1724 1.

1956 516 2095 567 tunc
2128 513 2477 585 regulariter
2530 515 2680 570 infra
2727 523 2975 587 quatuor
3026 524 3129 575 aut
3177 522 3461 595 quinque,
3510 531 3612 579 aut

1955 618 2076 670 sex,
2109 608 2212 657 aut
2242 609 2466 676 septem
2495 621 2731 661 menses
2751 608 2923 677 juxta
2952 611 3104 679 quod
3140 612 3507 682 possibilitas
3554 616 3606 669 ei

1959 690 2151 757 fuerit,
2186 696 2243 746 et
2273 709 2389 747 non
2427 698 2561 748 ante
2593 700 2949 751 convocatus
2997 698 3068 752 ad
3120 704 3354 771 tempus
3405 704 3603 758 conci-

1954 777 2032 832 lio
2062 778 2324 851 legitimo
2355 786 2412 836 et
2442 783 2719 839 canonico
2752 785 3113 842 destinatum
3142 788 3336 844 veniat
3365 791 3436 845 ad
3469 808 3607 848 cau-

1954 883 2104 935 sam,
2137 872 2193 923 et
2224 869 2272 924 si
2304 870 2563 941 ilajuste
2594 872 2846 943 videtur,
2879 875 3285 932 accusantium
3337 879 3604 951 proposi-

1952 955 2216 1011 tionibus
2250 960 2617 1028 respondeat.

1952 1062 2077 1118 CAP.
2129 1063 2317 1119 XLIX.
2367 1066 2568 1120 Nullus
2619 1065 2771 1123 debet
2815 1071 3088 1139 accusari,
3139 1071 3272 1126 dum
3300 1074 3416 1128 suis
3444 1076 3606 1131 rebus

2534 1140 2706 1207 fuerit
2733 1141 3020 1209 spoliatus.

2300 1225 2383 1280 Ex
2413 1224 2669 1283 Decretis
2695 1227 2903 1284 Felicis
2937 1247 3071 1301 pap.
3106 1232 3254 1303 epis.

2025 1321 2098 1392 (2,
2126 1339 2182 1393 q.
2212 1326 2265 1389 2,
2301 1339 2350 1377 c.
2382 1324 2578 1378 Nullus
2607 1327 3035 1395 episcoporum.)
3057 1328 3267 1385 Nullus
3300 1330 3457 1386 enim
3489 1331 3613 1404 epi-

1953 1426 2195 1480 scopus,
2256 1412 2358 1481 qui
2417 1413 2542 1467 suis
2600 1414 2776 1469 rebus
2834 1415 3183 1486 expoliatur,
3232 1424 3335 1473 aut
3385 1437 3420 1475 a
3467 1422 3606 1476 sede

1953 1499 2191 1570 propria
2216 1499 2291 1567 vi,
2335 1505 2437 1556 aut
2466 1506 2686 1557 terrore
2713 1503 3019 1575 depulsus,
3053 1510 3373 1578 antequam
3405 1510 3607 1566 omnia

1952 1588 2065 1642 sibi
2102 1587 2300 1643 ablata
2346 1587 2574 1659 legibus
2626 1591 3035 1661 restituantur,
3086 1599 3144 1649 et
3192 1596 3318 1667 ipse
3368 1599 3610 1669 paciﬁca

1953 1691 2173 1730 annum
2206 1676 2295 1732 vel
2327 1678 2461 1748 plus
2510 1678 2635 1734 suis
2686 1681 2916 1736 fruatur
2964 1682 3313 1752 honoribus,
3365 1686 3609 1757 sedique

254 1771 335 1837 (2,
366 1785 421 1840 q.
453 1768 509 1836 2,
538 1784 588 1824 c.
643 1768 841 1823 Nullus
886 1769 1104 1839 potest.)
1156 1771 1325 1839 Item,
1371 1785 1475 1824 nec
1535 1769 1841 1825 convocari
1874 1799 1920 1863 Β
1952 1766 2208 1863 propriae.
2227 1766 2304 1822 sit
2334 1766 2682 1838 regulariter
2712 1771 3047 1838 restitutus,
3088 1773 3263 1843 juxta
3311 1791 3605 1831 canonum

178 1858 255 1912 ad
286 1873 548 1927 causam,
570 1873 675 1913 nec
700 1857 951 1928 judicari
983 1862 1174 1928 potest
1204 1857 1566 1929 exspoliatus
1604 1858 1692 1913 vel
1744 1874 1838 1913 ex.

178 1945 412 2017 pulsus,
447 1945 587 2017 quia
618 1962 737 2001 non
768 1946 942 2001 habet
973 1946 1344 2019 privilegium
1378 1962 1494 2018 quo
1518 1946 1839 2018 exspoliari

182 2034 373 2107 possit
395 2036 519 2105 jam
556 2035 838 2090 nudatus.

178 2139 306 2196 CAP.
338 2141 551 2198 XLVII.
585 2142 721 2197 Ante
751 2142 905 2197 litem
942 2146 1302 2198 contestatam
1338 2144 1601 2214 potestati
1639 2152 1838 2200 cuncta

746 2223 878 2269 sunt
916 2214 1281 2271 restituenda.

781 2302 1039 2358 Joannes
1072 2320 1242 2375 papa.

249 2403 329 2470 (2,
364 2418 420 2473 q.
454 2403 509 2469 2,
543 2418 593 2456 c.
629 2402 993 2473 Antiquitas.)
1026 2401 1189 2457 Unde
1238 2407 1295 2457 et
1348 2404 1681 2475 antiquitus
1732 2405 1832 2459 de-

179 2495 409 2546 cretum
444 2494 764 2552 est,omnes
797 2490 1199 2562 possessiones
1230 2498 1287 2546 et
1318 2493 1516 2547 omnia
1548 2492 1661 2547 sibi
1694 2493 1829 2548 sub-

172 2579 318 2646 lata,
350 2583 522 2650 atque
572 2580 796 2635 fructus
840 2584 1081 2636 cunctos
1133 2586 1266 2635 ante
1314 2580 1475 2637 litem
1530 2586 1828 2637 contesta-

174 2674 318 2738 tam,
370 2672 688 2740 praaceptor
732 2668 819 2723 vel
868 2668 1091 2739 primas
1144 2670 1469 2740 possessori
1530 2670 1823 2725 restituat.

170 2757 315 2811 Item
352 2774 364 2811 :
398 2758 499 2812 Est
530 2757 587 2811 in
617 2758 877 2828 antiquis
908 2758 1176 2813 Ecclesiae
1213 2760 1451 2814 statutis
1501 2760 1822 2826 decretum,

174 2850 241 2901 ut
272 2845 372 2918 qui
408 2847 597 2902 aliena
646 2847 886 2916 invadit,
940 2864 1053 2902 non
1105 2852 1271 2903 exeat
1318 2848 1672 2919 impunitus,
1721 2851 1821 2903 sed

172 2951 307 2989 cum
367 2935 860 3007 multiplicatione
926 2936 1125 2991 omnia
1198 2937 1488 2992 restituat.
1541 2937 1705 2992 Unde
1764 2937 1819 2991 in

172 3022 482 3093 Evangelio
532 3024 815 3096 scriptum
870 3030 958 3080 est
991 3042 1003 3080 :
1034 3026 1188 3093 Quod
1228 3027 1279 3080 si
1308 3025 1554 3095 aliquem
1585 3025 1822 3093 defrau-

169 3112 318 3179 davi,
380 3112 544 3168 reddo
602 3114 974 3185 quadruplum
1031 3114 1182 3185 (Luc.
1232 3116 1390 3184 xvu).
1441 3119 1508 3169 Et
1559 3114 1616 3168 in
1683 3113 1821 3185 legi-

171 3200 283 3255 bus
314 3201 692 3256 seecularibus
725 3206 963 3257 cautum
998 3203 1247 3258 habetur
1281 3220 1291 3257 :
1328 3204 1435 3268 Qui
1470 3220 1591 3258 rem
1624 3201 1819 3257 subri-

168 3289 253 3358 pit
283 3288 555 3356 alienam,
587 3289 669 3343 illi
701 3291 869 3360 cujus
900 3308 991 3347 res
1022 3292 1251 3363 direpta
1282 3296 1391 3358 est,
1448 3292 1506 3346 in
1558 3292 1821 3347 undecu-

170 3376 334 3447 plum
366 3394 492 3448 quae
523 3378 757 3435 sublata
783 3385 943 3448 sunt,
977 3382 1273 3437 restituat.

166 3487 296 3540 CAP.
332 3484 572 3542 XLVIII.
608 3493 745 3543 Ante
772 3487 1205 3560 restitutionemg
1231 3489 1437 3560 aliquis
1482 3488 1554 3542 ad
1596 3504 1822 3542 causam

691 3560 939 3613 revocari
976 3574 1087 3613 non
1118 3558 1291 3613 debet.

472 3644 631 3699 Felix
661 3662 808 3716 papa
839 3646 909 3700 ad
944 3645 1122 3716 episc.
1157 3644 1303 3699 Gall.
1337 3662 1425 3716 ep.
1458 3646 1514 3699 2.

244 3734 319 3804 (3,
372 3750 429 3805 q.
480 3750 530 3787 c.
582 3734 643 3789 Si
686 3735 991 3806 episcopus.
1040 3736 1068 3802 §
1114 3735 1330 3791 Pra’sul
1386 3735 1553 3806 vero.)
1604 3733 1817 3789 Praesul

171 3838 307 3877 vero
339 3839 473 3878 cum
506 3822 665 3879 omni
696 3823 914 3879 honore
946 3823 1127 3879 statui
1164 3824 1408 3893 pristino
1441 3823 1739 3889 reddatur,
1762 3827 1821 3877 et

1952 1853 2388 1910 institutionem
2421 1856 2707 1920 accusari,
2739 1857 3008 1929 indicari,
3043 1864 3145 1916 aut
3176 1862 3445 1918 damnari
3487 1880 3603 1920 non

1950 1947 2165 2013 potest.

1947 2048 2083 2104 CAP.
2121 2051 2182 2107 L.
2216 2052 2341 2108 Post
2372 2054 2771 2109 restitutionem
2802 2054 3049 2113 induciae
3076 2058 3408 2129 praestanda
3454 2070 3602 2117 sunt.

1977 2138 2263 2196 Eusebius
2292 2141 2584 2213 episcopis
2612 2141 2889 2198 Alexand.
2927 2148 2985 2199 et
3011 2145 3240 2219 Egyp,
3274 2164 3314 2202 ιι
3347 2149 3576 2206 Decret.

2021 2238 2097 2307 (3,
2130 2254 2188 2308 q.
2219 2239 2274 2306 2,
2310 2255 2357 2293 c.
2385 2239 2600 2311 Prius.)
2634 2240 2802 2297 Prius
2833 2257 2970 2313 ergo
3003 2248 3231 2314 oportet
3259 2246 3456 2302 omnia
3488 2247 3605 2303 illis

1945 2326 2179 2398 legibus
2228 2328 2638 2399 redintegrari,
2690 2334 2747 2385 et
2796 2330 3085 2387 Ecclesiae
3136 2350 3263 2403 quas
3314 2334 3428 2390 sibi
3462 2336 3603 2391 sub-

1941 2414 2073 2471 latae
2107 2421 2264 2479 sunt,
2300 2434 2433 2471 cum
2487 2417 2648 2472 omni
2701 2418 3004 2491 privilegio
3058 2437 3166 2476 suo
3220 2423 3479 2495 restitui,
3547 2430 3603 2480 et

1941 2505 2339 2574 postmodum,
2388 2522 2503 2561 non
2568 2506 2678 2561 sub
2738 2508 2974 2578 angusti
3026 2509 3315 2580 temporis
3362 2512 3597 2582 spatio:

1939 2594 2039 2648 sed
2099 2597 2330 2648 tantum
2392 2593 2647 2664 spatium
2705 2594 2990 2666 temporis
3048 2595 3133 2652 eis
3190 2596 3589 2670 indulgeatur,

1936 2687 2225 2753 quantum
2258 2682 2565 2753 exspoliati
2597 2682 2683 2737 vel
2711 2682 2936 2754 expulsi
2964 2699 3094 2739 esse
3139 2686 3433 2757 videntur,
3492 2705 3590 2742 an-

1934 2776 2171 2841 tequam
2223 2772 2293 2825 ad
2330 2771 2636 2842 synodum
2668 2777 3079 2839 convocentur,
3114 2779 3173 2828 et
3201 2774 3273 2829 ab
3305 2775 3585 2831 omnibus

1935 2860 2274 2929 quibusque
2304 2876 2422 2915 sua:
2451 2860 2758 2931 provinciis
2790 2861 3082 2933 episcopis
3115 2862 3453 2919 audiantur.

2213 2958 2344 3013 CAP.
2380 2957 2465 3013 LI.
2497 2959 2559 3013 In
2594 2958 2830 3013 Decretis
2862 2960 3088 3024 Felicis,
3120 2977 3171 3015 c.
3215 2962 3296 3017 l0.

2003 3045 2104 3100 Ille
2135 3062 2268 3100 vero
2299 3046 2401 3117 qui
2430 3044 2481 3099 vi
2514 3050 2617 3100 aut
2646 3050 2887 3109 terrore,
2939 3046 3028 3102 vel
3077 3048 3309 3115 timore,
3362 3066 3397 3105 a
3444 3050 3584 3105 sede

1932 3135 2140 3206 pulsus
2173 3140 2276 3189 aut
2306 3134 2431 3189 suis
2457 3134 2633 3188 rebus
2661 3135 3020 3206 exspoliatus
3051 3136 3247 3205 fuerit,
3271 3154 3386 3191 non
3420 3139 3586 3207 prius

1930 3229 2167 3279 vocetur
2197 3224 2269 3278 ad
2301 3224 2590 3294 synodum
2632 3240 2812 3294 quam
2861 3224 2913 3280 ei
2963 3225 3163 3281 omnia
3208 3224 3437 3298 legibus
3486 3242 3581 3281 re-

1930 3310 2315 3381 integrentur.

2002 3399 2133 3454 Csp.
2169 3399 2284 3453 LII.
2317 3404 2447 3453 Post
2476 3398 2875 3521 restitutiontem
2909 3400 3148 3455 induciz
3172 3403 3513 3471 praestandae

2679 3486 2783 3521 sun
2814 3509 2826 3521 .

2679 3486 2826 3523 sunt.

2001 3559 2078 3628 (3,
2111 3573 2168 3627 q.
2200 3558 2256 3621 2,
2290 3573 2340 3611 c.
2375 3555 2633 3626 Tandiu.)
2674 3557 2744 3612 Et
2790 3558 2995 3613 tandiu
3044 3559 3103 3614 in
3153 3560 3293 3615 sede
3340 3562 3578 3632 propria

1928 3644 2169 3717 paciﬁce
2216 3650 2274 3699 et
2320 3644 2664 3715 potestative
2710 3651 2923 3701 cuncta
2952 3646 3272 3719 disponens
3303 3650 3578 3718 resideat,

1928 3733 2191 3803 quandiu
2222 3732 2504 3803 expulsus
2558 3734 2646 3788 vel
2696 3733 3059 3806 exspoliatus
3107 3738 3233 3793 suis
3281 3737 3445 3794 visus
3494 3742 3584 3795 est

1928 3837 2126 3876 carere
2158 3821 2356 3876 rebus.

1432 4058 1533 4117 DE
1575 4056 2268 4118 ACCUSATIONIBUS.

270 4189 395 4241 CAP.
432 4187 568 4243 LIII.
603 4189 887 4243 Accusatio
918 4203 1026 4243 non
1056 4188 1208 4242 debet
1236 4188 1361 4256 ﬁeri
1394 4186 1453 4241 in
1479 4186 1719 4258 scriptis.

566 4277 900 4348 Stephanus
929 4276 989 4331 in
1020 4277 1227 4332 Decret
1279 4293 1330 4331 c.
1362 4279 1415 4330 2.

247 4366 317 4435 (2,
350 4382 407 4436 q.
438 4367 495 4432 8,
526 4382 575 4421 c.
626 4368 733 4421 Per
770 4365 977 4437 scripta
1026 4366 1261 4435 nullus.)
1311 4366 1637 4420 S'rspnmus
1683 4382 1817 4420 san-

175 4462 275 4507 cta
332 4454 666 4525 apostolica:
721 4460 780 4510 et
846 4454 1200 4510 universalis
1266 4454 1538 4509 Ecclesiae
1604 4454 1820 4509 Roma-

175 4560 258 4598 nae
312 4520 647 4614 episcopus,
709 4544 984 4600 omnibus
1042 4544 1355 4614 episcopis.
1420 4542 1526 4597 Per
1583 4543 1822 4614 scripta,
1855 4520 1901 4584 D

180 4630 395 4687 nullius
450 4633 745 4688 accusatio
796 4631 1178 4704 suscipiatur,
1226 4632 1326 4687 sed
1380 4632 1616 4703 propria
1662 4647 1822 4700 voce,

179 4720 227 4775 si
260 4719 520 4791 legitima
572 4724 629 4775 et
678 4720 857 4791 digna
907 4720 1265 4776 accusatoris
1315 4737 1565 4790 persona
1614 4720 1820 4786 fuerit;

180 4813 461 4880 praesente
517 4808 789 4865 videlicet
838 4826 903 4864 eo
954 4824 1130 4879 quem
1181 4824 1457 4863 accusare
1502 4807 1821 4875 desiderat,

181 4897 317 4969 quia
348 4896 547 4953 nullus
579 4898 793 4954 absens
826 4914 928 4970 per
958 4897 1139 4953 alium
1173 4896 1435 4953 accusari
1482 4900 1677 4968 potest
1723 4900 1825 4951 aut

181 5002 474 5043 accusare.

179 5093 309 5149 CAP.
342 5092 475 5149 LIV.
509 5096 763 5150 Absentes
814 5110 912 5150 nec
958 5093 1210 5148 accusari
1257 5109 1357 5149 nec
1384 5094 1661 5165 judicari
1703 5108 1822 5165 pos-

922 5174 1068 5219 sunt.

484 5253 640 5310 Felix
671 5256 692 5311 Ι
723 5256 793 5310 ad
826 5254 1132 5326 episcopos
1164 5253 1311 5309 Gall.
1344 5271 1435 5325 ep.
1467 5258 1522 5308 2.

247 5344 324 5415 (3,
357 5361 414 5414 q.
446 5345 499 5410 9,
534 5361 583 5399 c.
620 5346 850 5401 Absente
880 5344 1246 5409 adversario.)
1288 5342 1445 5397 Felix
1491 5343 1823 5413 episcopus,

182 5432 470 5488 universis
515 5432 824 5504 episcopis.
870 5434 1119 5487 Absente
1168 5446 1302 5484 vero
1336 5428 1667 5485 adversario
1710 5445 1822 5482 non

183 5522 459 5578 audiatur
489 5526 814 5591 accusator,
851 5538 954 5576 nec
1003 5519 1313 5587 sententia,
1371 5519 1613 5574 absente
1660 5522 1825 5589 parte

184 5608 310 5679 alia,
361 5629 394 5667 a
433 5612 637 5684 judice
684 5611 860 5681 dicte,
920 5608 1102 5665 ullam
1152 5606 1441 5664 obtinebit
1484 5605 1823 5663 firmitatem

502 5740 765 5802 PATROL.
813 5739 924 5798 Gn.
970 5735 1073 5798 ιγ.

1926 4202 2115 4257 neque
2144 4186 2359 4242 absens
2390 4202 2494 4258 per
2525 4185 2703 4241 alium
2735 4204 3012 4243 accusare
3042 4192 3145 4244 aut
3175 4189 3441 4245 accusari
3472 4206 3581 4261 po-

1926 4280 2061 4331 test.

2035 4372 2161 4427 CAP.
2197 4372 2310 4427 LV.
2342 4374 2628 4429 Accusalio
2658 4390 2765 4429 non
2800 4373 2957 4429 debet
2985 4374 3113 4445 ﬁeri
3139 4377 3198 4430 in
3229 4377 3470 4448 scriptis.

2155 4460 2325 4517 Conc.
2361 4461 2555 4517 Cartb.
2592 4478 2640 4516 c.
2673 4462 2778 4530 60;
2811 4462 3017 4519 Calixt.
3051 4480 3185 4534 pap.
3218 4481 3268 4519 c.
3301 4469 3356 4519 2.

2006 4550 2078 4618 (2,
2113 4566 2170 4620 q.
2202 4550 2256 4619 8,
2289 4566 2338 4605 c.
2375 4555 2481 4605 Per
2516 4550 2771 4621 scripta.)
2826 4550 3034 4608 Nullus
3082 4568 3219 4623 ergo
3274 4553 3580 4609 doctorum

1932 4653 2036 4709 per
2064 4636 2280 4709 scripta
2310 4643 2650 4707 accusetur;
2684 4638 3058 4696 decernimus
3108 4658 3222 4696 non
3273 4643 3428 4697 credi
3481 4660 3581 4698 ac-

1932 4726 2213 4796 cusatori,
2246 4726 2345 4798 qui
2377 4728 2618 4783 absente
2650 4727 2989 4784 adversario
3019 4745 3261 4785 causam
3293 4732 3583 4802 suggerit,

1932 4819 2066 4871 ante
2096 4816 2410 4887 utriusque
2440 4815 2623 4886 partis
2656 4817 3110 4873 discussionem.

1931 4914 2070 4968 CAP.
2103 4910 2239 4966 LVI.
2271 4910 2656 4969 Criminaliter
2684 4929 2944 5039 coctilium
2972 4916 3058 4971 vel
3085 4924 3377 4971 accusatus
3404 4930 3504 4986 per
3530 4930 3588 4969 se

2591 5000 2781 5039 expert
2846 5002 2933 5039 ur.

2591 5000 2933 5056 experiatur.

2417 5072 2714 5128 Adrianus
2746 5091 2918 5145 papa,
2952 5092 3003 5130 c.
3036 5076 3088 5129 1.

2006 5162 2080 5232 (5,
2133 5177 2185 5231 q.
2234 5161 2292 5228 7,
2340 5178 2388 5216 c.
2425 5163 2827 5230 Quaerendum;
2875 5164 2930 5231 5,
2985 5179 3035 5219 c.
3084 5162 3148 5217 Si
3186 5163 3379 5233 plures
3425 5166 3452 5231 §
3502 5163 3583 5218 De

1933 5265 2165 5315 accus.;
2198 5250 2252 5316 3,
2285 5266 2334 5305 c.
2367 5252 2427 5305 In
2456 5251 2889 5322 criminalibus.)
2913 5254 2976 5306 In
3010 5251 3419 5307 criminalibus
3449 5269 3582 5307 cau-

1934 5337 2038 5404 sis,
2072 5355 2176 5392 nec
2207 5346 2532 5410 accusator,
2569 5342 2680 5396 nisi
2738 5357 2841 5411 per
2889 5355 2951 5394 se
3002 5339 3259 5411 aliquem
3308 5357 3587 5397 accusare

1934 5431 2145 5499 potest,
2194 5444 2297 5483 nec
2346 5435 2655 5485 accusatus
2708 5445 2812 5499 per
2842 5428 3016 5485 aliam
3048 5446 3361 5501 personam
3392 5447 3457 5486 se
3486 5430 3583 5486 dc-

1936 5517 2172 5572 tendere
2206 5519 2585 5589 permittitur.

3184 5736 3263 5795 38
