3938 6074
395 277 534 330 1195

1477 275 1540 324 D.
1585 270 1825 324 IVONIS
1861 266 2353 322 CARNOTENSIS
2387 265 2707 320 EPISCOPI

3679 259 3826 315 110!)

385 409 513 460 CAP.
549 403 712 462 LVII.
745 403 986 475 Maiores
1017 405 1155 475 natu
1197 415 1306 457 non
1336 406 1608 475 accusent,
1641 397 1754 453 nisi
1783 396 1879 466 qui
1906 401 2035 450 sunt
2063 399 2118 468 Α
2149 391 2378 449 Domini
2411 408 2527 450 non
2579 392 2807 462 oportet
2853 387 3106 462 litigare,
3140 389 3241 446 sed
3303 388 3505 446 mitem
3553 403 3699 446 esse
3761 389 3830 444 ad

759 467 928 532 recta?
956 472 1085 544 ﬁdei
1115 475 1164 526 et
1193 467 1650 526 conversationis.

553 562 709 621 Felix
740 561 1033 636 episcopis
1077 558 1296 629 Galliae,
1347 557 1568 614 Decret.
1600 560 1654 625 2,
1688 573 1779 628 ep.
1811 559 1866 611 2.

458 654 534 724 (2,
591 670 648 724 q.
707 653 781 724 7,
855 667 904 707 c.
967 649 1388 719 Quaerendum;
1445 647 1554 716 50,
1625 665 1674 702 c.
1737 645 1796 701 Si
1849 644 2039 716 plures

384 744 412 810 §
447 747 522 797 De
552 742 775 810 aecus.)
806 740 865 795 Si
899 757 964 794 cx
999 744 1249 808 utraque
1276 741 1439 808 parte
1470 735 1539 790 ad
1575 751 1813 790 causam
1840 731 2041 788 dicen-

386 833 523 886 dam
556 828 843 899 venerint,
877 827 1017 900 quia
1047 845 1202 882 unus
1234 827 1454 896 absque
1488 823 1666 880 altero
1700 821 1890 878 audiri
1923 838 2038 877 non

386 922 577 987 debet,
613 917 992 991 quaerendum
1026 922 1114 972 est
1156 917 1211 970 in
1249 916 1315 986 ju
1344 915 1497 982 licio,
1550 914 1719 986 cujus
1754 911 1871 968 sint
1903 927 2040 965 con-

385 1009 729 1065 versationis
761 1012 818 1062 et
855 1007 1008 1076 fidei,
1041 1013 1216 1076 atque
1250 1003 1604 1078 suspicionis
1649 1005 2042 1073 accusatores,

386 1104 488 1155 aut
522 1113 638 1168 qua
669 1095 996 1151 intentione
1051 1094 1156 1149 hoc
1207 1092 1445 1148 faciant.
1498 1091 1643 1154 Quia
1693 1091 1762 1145 ad
1799 1089 1908 1143 hoc
1934 1088 2040 1142 ad-

385 1187 536 1242 mitti
571 1203 687 1241 non
720 1187 934 1240 debent
967 1183 1077 1238 nisi
1112 1183 1276 1237 bona:
1330 1179 1791 1236 conversationis
1838 1183 1895 1233 et
1953 1193 2044 1231 re-

391 1281 494 1332 ctae
546 1273 700 1339 fidei,
752 1272 859 1328 viri
917 1271 975 1330 hi
1027 1269 1296 1325 videlicet
1347 1269 1444 1341 qui
1489 1267 1647 1324 omni
1714 1266 2043 1336 suspicione

391 1368 646 1432 careant,
681 1367 737 1420 et
770 1362 930 1418 bonae
965 1361 1095 1415 vitae
1119 1359 1400 1430 clareant,
1435 1374 1624 1429 neque
1651 1357 1900 1411 infames
1924 1353 2044 1408 exi—

396 1456 576 1510 stant.

394 1558 520 1618 CAP.
576 1559 767 1616 LVIII.
819 1557 1136 1613 Sacerdotes
1193 1555 1426 1610 nonnisi
1468 1570 1499 1609 a
1550 1553 1686 1607 viris
1733 1551 1948 1609 idoneis
1995 1556 2046 1605 et

799 1629 1042 1702 probatis
1086 1625 1341 1682 accusari
1381 1632 1630 1698 possunt.

699 1718 1009 1776 Anacletus
1040 1716 1334 1790 episcopis
1369 1713 1516 1769 Gali.
1555 1730 1646 1784 ep.
1677 1714 1731 1766 2.

468 1808 545 1882 (2,
579 1825 636 1882 q.
664 1810 722 1880 '7,
873 1773 1161 1862 Accusa‘tio
1193 1773 1454 1876 quoque.)
1507 1773 1814 1858 Accusatio
1847 1813 2048 1854 eorum
2081 1773 2129 1838 Β

400 1913 578 1968 super
603 1914 718 1967 qua
747 1895 1048 1951 consulere
1080 1911 1186 1948 nos
1218 1891 1509 1960 voluistis,
1559 1888 1791 1944 nonnisi
1823 1888 1894 1943 ab
1926 1887 2050 1942 ido-

401 1985 528 2040 neis
554 1990 610 2040 et
641 1983 1068 2057 probatissimis
1098 1981 1262 2046 viris,
1295 1980 1396 2051 qui
1431 1985 1488 2034 et
1525 1977 1964 2049 suspicionibus
1996 1980 2052 2031 et

403 2073 784 2129 saecularibus
840 2071 1164 2127 sceleribus
1205 2073 1462 2137 careant,
1515 2068 1638 2122 fieri
1687 2067 1878 2134 debet,
1911 2066 2051 2136 quia

407 2162 690 2218 Dominus
723 2161 872 2216 sacri
898 2160 990 2216 sui
1022 2159 1283 2231 corporis
1314 2160 1654 2213 tractatores
1687 2173 1718 2210 a
1747 2155 1962 2210 vilibus
1993 2157 2051 2208 et

400 2251 664 2322 reprobis
689 2266 755 2305 ac
788 2267 901 2305 non
934 2249 1164 2305 idoneis
1215 2248 1482 2320 personis
1534 2245 1802 2300 infamari
1865 2242 2052 2299 noluit

402 2356 507 2397 nec
538 2340 911 2406 calumniari,
948 2340 1048 2394 sed
1081 2338 1206 2409 ipse
1233 2337 1469 2409 proprio
1493 2334 1718 2405 ﬂagello
1746 2338 2050 2406 peccantes

401 2431 730 2485 sacerdotes
762 2446 795 2483 a
823 2427 1044 2498 templo
1077 2427 1271 2497 ejecit.

399 2542 521 2593 Car.
585 2537 719 2596 LIX.
778 2535 902 2590 Nisi
931 2535 1192 2604 opinione
1249 2533 1510 2602 discussa,
1572 2547 1684 2586 non
1741 2529 2050 2586 audiantur

835 2615 1176 2663 accusatores
1207 2606 1609 2676 episcoporum.

701 2699 1001 2755 Evaristus
1031 2697 1321 2769 episcopis
1344 2695 1520 2751 Afric.
1554 2712 1647 2766 ep.
1679 2698 1740 2748 2.
1823 2703 1832 2711 '

472 2790 547 2859 (2,
607 2806 660 2860 q.
714 2790 849 2855 7,c.
909 2788 972 2842 Si
1009 2785 1109 2858 qui
1161 2788 1334 2855 sunt.)
1374 2785 1432 2838 Si
1490 2785 1592 2854 qui
1647 2786 1786 2838 sunt
1818 2781 2045 2853 vitupe-

403 2882 651 2945 ratores,
701 2880 804 2932 aut
833 2879 1210 2932 accusatores
1233 2873 1645 2946 episcoporum
1678 2871 1765 2926 vel
1799 2871 2047 2941 reliquo-

401 2983 534 3020 rum
567 2964 960 3028 sacerdotum.
995 2981 1109 3019 non
1163 2966 1388 3034 Oportet
1416 2977 1515 3018 eos
1547 2978 1581 3016 a
1602 2959 1908 3031 judicibus
1939 2960 2042 3013 Ec-

400 3055 592 3111 clesiae
621 3055 834 3120 audiri,
867 3059 1185 3123 antequam
1236 3067 1439 3107 eorum
1485 3050 1840 3106 discutiatur
1887 3047 2043 3103 aesti-

2150 497 2376 536 omnes.

2319 588 2445 644 CAP.
2481 586 2652 646 LXII.
2687 583 2916 641 Inimici
2944 600 3056 640 non
3085 593 3316 654 possunt
3344 599 3638 640 accusare.

2590 673 2924 746 Stephanus
2958 674 3010 730 ΙΙ
3043 673 3104 730 in
3136 673 3365 732 Decret.

2219 763 2296 834 (2,
2331 779 2386 834 q.
2409 764 2465 828 5,
2486 780 2536 819 ο.
2572 763 3043 826 Accusatoribus.)
3067 763 3440 835 Repelluntur
3460 762 3822 820 cohabitan-

2150 857 2238 907 tes
2260 851 2516 908 inimicis
2538 857 2595 908 et
2623 869 2830 908 omnes
2853 852 3010 918 laici,
3031 853 3168 924 quia
3189 851 3630 910 infestationem
3657 851 3821 908 blas-

2151 939 2419 1012 phemiae,
2443 942 2674 997 ati'ectio
2699 941 2972 997 amicitiae
2989 940 3232 997 incitare
3253 940 3419 996 solet.
3443 941 3559 997 Nec
3607 941 3702 998 illi
3735 941 3824 995 vi-

2153 1027 2363 1084 delicet
2391 1028 2525 1084 laici
2558 1029 2618 1086 in
2652 1033 2854 1085 nostra
2881 1034 3022 1086 sunt
3064 1029 3382 1101 recipiendi
3430 1029 3824 1087 accusatione

2154 1117 2255 1188 qui
2287 1134 2388 1173 vos
2420 1117 2477 1173 in
2511 1135 2620 1174 sua
2650 1118 2853 1173 volunt
2882 1119 3136 1190 recipere
3167 1118 3574 1176 infamatione.

2153 1225 2279 1280 CAP.
2318 1224 2502 1280 LXIII.
2538 1227 2803 1282 Haeretici
2839 1226 3032 1283 Judazi
3075 1227 3157 1281 vel
3212 1227 3424 1297 pagani
3457 1225 3821 1282 Christianas

2605 1314 2862 1352 accusare
2888 1313 3000 1353 non
3027 1302 3270 1369 possunt.

2526 1386 2708 1441 Gaius
2742 1404 2912 1459 papa,
2945 1387 3004 1442 in
3035 1387 3261 1442 Decret.
3296 1403 3344 1442 c.
3383 1389 3434 1442 1.

2227 1475 2302 1543 (2,
2335 1491 2392 1545 q.
2423 1475 2482 1541 7,
2513 1491 2563 1530 ο.
2597 1475 2860 1546 Pagani.)
2890 1476 3071 1532 Guus
3103 1493 3274 1549 papa,
3310 1477 3500 1534 FELICI
3529 1476 3817 1549 episcopo

2158 1561 2372 1634 Pagani
2406 1561 2491 1618 vel
2524 1563 2806 1636 haeretici,
2839 1564 2960 1622 sive
2987 1565 3162 1622 Judai
3194 1583 3308 1622 non
3345 1570 3605 1636 possunt
3650 1566 3816 1620 Chri-

2157 1651 2380 1707 stianos
2444 1669 2740 1722 accusare,
2783 1659 2886 1711 aut
2957 1671 3158 1712 vocem
3233 1655 3652 1711 infamationis
3735 1655 3815 1708 in-

2159 1740 2329 1798 ferre.

2162 1846 2287 1906 Cur.
2324 1848 2514 1908 LXIV.
2549 1850 2655 1917 Qui
2674 1851 2733 1909 in
2761 1853 2942 1922 primo
2971 1852 3218 1922 capitulo
3244 1851 3430 1923 deﬁcit
3452 1852 3516 1911 in
3540 1853 3680 1910 aliis
3709 1870 3820 1909 non

2833 1924 3125 1981 admittar.

2612 2013 2782 2067 Cone.
2817 2012 3042 2084 Cartag.
3083 2030 3182 2084 vn,
3215 2030 3266 2072 c.
3293 2014 3350 2069 3.

2231 2097 2308 2168 (3,
2354 2113 2409 2168 q.
2466 2099 2548 2168 10,
2601 2117 2649 2154 c.
2695 2102 2960 2172 Placuit.)
2991 2103 3213 2158 Placuit
3243 2106 3305 2157 ut
3338 2103 3814 2176 quotiescunque

2160 2184 2383 2242 clericis
2414 2187 2486 2242 ab
2519 2191 2963 2248 accusatoribus
2994 2191 3181 2250 multa
3223 2191 3478 2248 crimina
3524 2192 3812 2263 objiciun-

2159 2278 2276 2344 tur,
2309 2280 2366 2330 et
2387 2293 2572 2332 unum
2607 2295 2674 2333 ex
2698 2280 2791 2335 bis
2822 2280 2892 2338 de
2923 2297 3039 2350 quo
3082 2280 3246 2352 prius
3277 2282 3526 2352 egerint,
3558 2283 3809 2352 probare

2161 2379 2274 2419 non
2315 2363 2627 2438 voluerint,
2663 2369 2732 2425 ad
2767 2373 2974 2427 caetera
2997 2370 3118 2440 jam
3156 2386 3271 2426 non
3304 2369 3720 2428 admittantur.

2157 2473 2284 2528 CAP.
2319 2471 2476 2528 LXV.
2507 2475 2701 2545 Nuper
2729 2475 2954 2532 inimici
2980 2479 3323 2532 accusatores
3366 2475 3456 2532 vel
3502 2482 3668 2533 testes
3701 2494 3811 2533 esse

2795 2563 2905 2603 non
2919 2555 3169 2620 possunt.

2568 2634 2861 2692 Fabianus
2893 2636 2952 2692 in
2986 2641 3210 2696 Decret.
3243 2653 3291 2693 c.
3326 2638 3382 2693 2.

2225 2720 2303 2790 (3,
2335 2737 2390 2796 q.
2423 2721 2477 2794 5,
2510 2740 2560 2780 c.
2595 2725 2995 2799 Accusatores.)
3023 2727 3316 2785 FABIANUS
3339 2725 3811 2800 papa,omnibus

2155 2808 2793 2872 ﬁdelibus.Statuimus
2815 2832 2911 2872 eos
2925 2817 2996 2872 ad
3023 2816 3455 2873 accusationem
3486 2832 3605 2871 non
3633 2813 3809 2885 recipi

2154 2896 2254 2967 qui
2277 2905 2416 2956 sunt
2440 2903 2724 2976 suspecti,
2757 2910 2858 2962 aut
2883 2905 2981 2978 qui
3027 2904 3174 2975 heri,
3225 2910 3326 2962 aut
3359 2904 3803 2962 nudiustertius

2151 2985 2240 3042 vel
2271 2989 2494 3047 dudum
2530 2992 2743 3050 fuerint
2781 2993 3029 3064 inimici,
3067 2993 3346 3066 quoniam
3371 2993 3639 3065 suspecti
3675 2992 3804 3049 facti

2154 3081 2313 3147 sunt,
2348 3080 2518 3154 etqui
2539 3098 2652 3138 non
2673 3087 2814 3139 sunt
2838 3083 2998 3142 bonae
3021 3100 3246 3140 conver:
3271 3083 3510 3154 ationis,
3531 3082 3625 3138 vel
3662 3099 3805 3153 quo-

399 3143 677 3239 Ῥξηίοηὴ
707 3142 965 3239 “mpm?
993 3141 1081 3239 Ϋθί
1128 3140 1370 3239 Opinio;
1393 3155 1511 3210 qua
1553 3139 1892 3238 inlenﬂonf”
1926 3153 2044 3239 (ἕδη
2070 3145 2117 3210 C
2159 3139 2547 3226 rum'vita.est
2575 3139 2946 3239 accusabilis,
2971 3139 3077 3230 aut
3097 3139 3260 3228 dubii
3289 3139 3345 3227 in
3368 3139 3526 3230 recta
3552 3139 3697 3228 fide:
3729 3171 3809 3226 Si-

397 3232 532 3299 ﬂde,
565 3248 684 3303 qua
731 3229 1078 3296 temeritate,
1135 3246 1252 3300 qua
1299 3228 1437 3297 vita,
1499 3245 1614 3299 qua
1657 3227 2038 3284 conscientia.

397 3337 583 3392 quove
642 3320 872 3389 merito,
915 3319 964 3374 si
1020 3335 1123 3390 pro
1172 3318 1310 3383 Deo,
1362 3321 1464 3372 aut
1523 3334 1625 3388 pro
1658 3333 1803 3371 vana
1836 3315 2042 3386 gloria,

395 3416 495 3465 aut
522 3409 854 3478 inimicitia,
883 3407 972 3464 vel
1005 3407 1158 3474 odio,
1193 3405 1290 3462 alii
1322 3405 1597 3477 cupidate
1627 3405 1743 3459 ista
1770 3419 2047 3475 praesum-

395 3499 643 3571 pserint.

394 3591 524 3646 CAP.
560 3587 700 3667 (LX.
751 3587 858 3655 Qui
909 3586 1085 3667 legem
1141 3601 1314 3667 suam.
1360 3587 1553 3667 sponte
1610 3580 2046 3650 transgreditur,

470 3666 778 3784 antestium
807 3661 1171 3712 reversionem
1207 3661 1352 3711 recte
1377 3663 1596 3726 agentes
1642 3671 1907 3711 accusare
1933 3670 2049 3708 non

465 3738 594 3801 pote
648 3768 664 3784 .

506 3817 768 3874 Anaclet.
804 3817 862 3872 in
894 3817 1121 3872 Decret.
1151 3833 1240 3886 ep.
1280 3816 1330 3883 1,
1366 3816 1446 3870 De
1491 3831 1719 3886 oppres.
1754 3814 1936 3885 episo.

468 3909 544 3980 (2,
603 3925 660 3979 q.
718 3908 772 3972 4,
832 3923 881 3962 c.
943 3907 1189 3973 Beatus.)
1250 3907 1580 3959 ANACLE'I‘US
1621 3903 1792 3958 Urbis
1849 3903 2045 3958 Romae

398 3998 732 4069 episcopus,
765 3995 1044 4051 omnitus
1075 3992 1738 4066 episcopis.Accusandi
1763 3991 1849 4046 vel
1885 3991 2043 4045 testi-

394 4085 609 4142 ficandi
643 4084 880 4140 licentia
925 4084 1247 4155 denegatur
1279 4082 1366 4137 his
1399 4079 1499 4152 qui
1529 4080 1870 4135 Christiana:
1905 4078 2042 4134 reli-

389 4177 581 4248 gionis
610 4179 670 4234 et
695 4173 953 4234 nominis
983 4172 1356 4243 dignitatem,
1387 4175 1446 4230 et
1474 4188 1595 4227 suae
1636 4170 1781 4242 legis
1829 4168 1911 4224 vel
1948 4167 2042 4226 sui

392 4263 682 4336 propositi
718 4278 1008 4327 normam,
1057 4265 1157 4315 aut
1202 4260 1550 4328 regulariter
1596 4258 1890 4330 prohibita
1940 4273 2040 4316 ne-

392 4352 708 4423 glexerint;
741 4356 1211 4421 transgressores
1253 4350 1409 4406 enim
1456 4353 1667 4420 sponte
1720 4346 1866 4422 legis
1920 4362 2040 4402 suae

2157 3259 2370 3316 militer
2403 3277 2653 3330 quorum
2685 3262 2850 3328 ﬁdes,
2882 3262 2996 3318 vita
3027 3266 3083 3318 et
3113 3260 3354 3318 libertas
3400 3261 3696 3327 nescitur,
3720 3258 3804 3315 vel

2155 3347 2254 3418 qui
2285 3349 2540 3403 infamiae
2591 3351 2836 3406 maculis
2867 3350 3059 3422 apersi
3112 3355 3273 3422 sunt,
3322 3355 3426 3406 aut
3478 3349 3803 3406 sceleribus

2155 3435 2383 3491 irretiti.
2418 3437 2617 3508 Neque
2673 3455 2773 3495 eos
2830 3439 3160 3495 sacerdotes
3219 3440 3428 3495 debere
3488 3446 3592 3496 aut
3639 3455 3806 3511 posse

2156 3541 2450 3591 accusare,
2512 3526 2609 3596 qui
2673 3527 2780 3585 rite
2810 3528 3140 3586 sacerdotes
3191 3529 3313 3584 fieri
3364 3543 3479 3583 non
3532 3533 3804 3600 possunt,

2157 3629 2262 3668 nec
2294 3620 2434 3669 sunt
2464 3615 2557 3671 sui
2589 3616 2829 3673 ordinis.
2861 3616 3032 3674 Tales
3065 3617 3271 3675 fratres
3293 3616 3691 3682 cbarrissimi,
3724 3632 3807 3670 ac-

2156 3703 2513 3776 cusationes,
2573 3708 2628 3759 et
2684 3705 2941 3777 injustas
3000 3710 3103 3762 aut
3160 3723 3339 3764 novas
3399 3705 3804 3764 aemulationes

2155 3793 2456 3863 prohibete
2490 3810 2592 3867 pro
2624 3793 2870 3864 viribus,
2903 3796 3040 3868 quia
3091 3795 3386 3854 contentio
3431 3811 3802 3867 summopere

2155 3881 2396 3937 vitanda
2421 3888 2528 3938 est.

2267 3993 2389 4044 CAP.
2429 3989 2618 4044 LXVI.
2655 3991 2782 4058 Quae
2808 4005 3061 4062 persona:
3088 3993 3320 4062 infames
3352 3991 3698 4047 habeantur.

2398 4079 2734 4149 Stephanus
2764 4079 2822 4134 in
2855 4081 3076 4135 Decret.
3109 4082 3282 4152 epist.
3319 4085 3369 4147 1,
3404 4098 3457 4136 c.
3495 4083 3547 4135 1.

2225 4171 2296 4239 (6,
2328 4168 3132 4240 ιιι,ο.1η[αιηεδ.>8τιςιιιίΑΝυε
3153 4171 3382 4227 Sanctae
3399 4171 3681 4226 Romana
3702 4171 3802 4228 Ec-

2151 4257 2338 4313 clesiaa
2364 4257 2697 4329 episcopus,
2721 4257 3114 4316 delectissimo
3141 4259 3304 4316 fratri
3327 4260 3798 4334 atquet'amiliari

2149 4348 2337 4406 amico
2361 4351 2600 4406 thesaro
2629 4348 2884 4404 Infames
2917 4347 3050 4406 illas
3071 4365 3352 4422 personas
3375 4348 3640 4404 dicimus
3662 4366 3800 4405 esse.

391 4441 726 4508 violatores,
759 4445 1044 4511 spectatas
1076 4438 1475 4496 nominentur.
1523 4437 1727 4494 Omnis
1777 4440 2040 4511 apostata
2148 4453 2276 4507 quae
2299 4454 2400 4508 pro
2420 4437 2620 4508 aliqua
2639 4436 3458 4508 culpanotanturinfamia,et
3479 4454 3696 4497 omnes
3714 4437 3802 4512 qui

392 4529 736 4590 refutandus
773 4534 881 4596 est,
919 4544 1024 4586 nec
1056 4525 1490 4584 accusationem
1544 4529 1699 4582 recte
1743 4525 2044 4598 agentium
2072 4514 2124 4580 D
2154 4525 2494 4582 Christiana:
2518 4524 2818 4596 religionis
2859 4530 2914 4582 et
2936 4524 3083 4598 legis
3107 4542 3378 4584 normam
3396 4525 3720 4598 abjioiunt,
3754 4531 3803 4582 et

393 4623 493 4676 aut
526 4618 926 4676 testimonium
960 4615 1374 4688 suscipiendus
1405 4621 1511 4675 est.

391 4730 521 4783 CAP.
559 4725 690 4780 LXI.
723 4725 826 4778 Nec
872 4723 1062 4778 clerici
1110 4724 1169 4777 in
1208 4726 1556 4779 accusatione
1606 4724 1896 4787 laicorum,
1944 4737 2044 4778 nec

463 4798 598 4852 laici
627 4794 687 4850 in
716 4797 1068 4850 accusatione
1087 4795 1414 4854 clericorum
1441 4800 1572 4852 sunt
1596 4793 1964 4867 suscipiendi.

496 4885 739 4946 Fabian.
773 4883 844 4943 ad
879 4883 1057 4955 epise.
1091 4884 1310 4944 Orient.
1352 4901 1402 4947 c.
1424 4886 1459 4940 2
1490 4885 1716 4943 Decret.
1752 4897 1842 4956 ep.
1873 4882 1928 4938 2.

459 4978 536 5048 (2,
571 4993 626 5046 q.
647 4975 706 5043 7,
737 4990 786 5029 c.
822 4972 980 5028 Sicut
1008 4973 1360 5044 succretam.)
1396 4973 1690 5032 Fabianus
1721 4971 2036 5042 episcopus

386 5065 676 5137 episcOpis
709 5063 870 5118 urbis
905 5062 1103 5122 Romae
1135 5063 1434 5120 omnibus.
1486 5061 1648 5120 Sicut
1700 5060 2032 5114 sacerdotes

383 5155 473 5212 vel
502 5153 698 5212 clerici
729 5151 937 5222 reliqui
958 5168 991 5210 a
1011 5149 1385 5210 saecularium
1412 5150 1693 5208 laicorum
1717 5149 2036 5206 excludun-

290 5268 320 5303 ο
383 5251 482 5301 tur
512 5242 900 5305 accusatione,
923 5239 1004 5295 ita
1024 5238 1106 5299 illi
1141 5241 1212 5298 ab
1233 5239 1481 5299 istorum
1517 5242 1655 5298 sunt
1683 5236 2034 5298 excludendi

387 5340 444 5390 et
459 5331 754 5390 alicnandi
787 5327 1222 5395 criminatione;
1267 5333 1324 5386 et
1367 5327 1521 5387 sicut
1551 5327 1648 5386 isti
1681 5327 1752 5386 ab
1779 5325 1919 5392 illis,
1954 5326 2035 5386 ita

389 5429 446 5480 et
475 5423 558 5479 illi
591 5423 663 5478 ab
689 5420 819 5477 istis
849 5433 966 5476 non
999 5417 1385 5488 recipiuntur,
1418 5417 1560 5488 quia
1610 5416 1762 5474 sicut
1806 5415 2030 5474 Domini

391 5513 762 5568 sacerdotum
805 5507 1161 5562 conversatio
1210 5511 1518 5580 segregata
1563 5505 1736 5567 debet
1782 5521 1912 5562 esse
1959 5505 2032 5564 ab

390 5617 592 5658 eorum
627 5593 1088 5663 conversatione,
1123 5593 1203 5650 ita
1229 5601 1288 5652 at
1318 5596 1587 5668 litigatio,
1622 5595 1760 5667 quia
1800 5610 2029 5651 servum

2151 4621 2370 4674 statuta
2391 4613 2784 4673 ecclesiastica
2805 4615 3512 4673 contemnunt.Similiter
3534 4617 3701 4672 fures
3723 4633 3801 4672 sa-

2151 4706 2420 4777 crilegos,
2443 4710 2501 4761 et
2523 4719 2728 4760 omnes
2761 4703 3114 4776 capitalibus
3139 4704 3493 4764 criminibus
3517 4706 3796 4763 irretitcs.

2150 4795 2565 4866 Sepulcrorum
2589 4793 3656 4867 quoqueviolatores,etapostolorum
3681 4811 3795 4854 suc~

2149 4900 2568 4954 cessorumqne
2589 4899 2815 4951 eorum,
2838 4883 3320 4956 reliquorumque
3341 4900 3549 4944 eorum
3577 4888 3794 4942 sancto-

2148 4989 2276 5028 rum
2302 4977 2539 5027 Patrum
2565 4976 2785 5026 statuta
2807 4971 3054 5026 libenter
3076 4972 3448 5043 violantes,et
3467 4990 3682 5035 omnes
3703 4971 3791 5046 qui

2147 5064 2428 5120 adversus
2453 5061 2650 5116 Patres
2676 5064 2986 5118 armantur
3007 5061 3285 5136 quoniam
3306 5063 3364 5117 in
3387 5063 3550 5120 omni
3580 5063 3790 5122 mundo

2145 5151 2383 5206 infamia
2407 5153 2706 5205 notantur.
2739 5149 3021 5208 Similiter
3041 5156 3098 5206 et
3123 5149 3517 5221 incestuosos,
3545 5150 3789 5207 homici-

2145 5243 2271 5311 das,
2297 5242 2582 5312 perjuros,
2619 5244 2898 5310 raptores,
2925 5239 3246 5311 maleficos,
3278 5241 3600 5305 veneﬁcos,
3637 5240 3792 5296 adnl~

2144 5335 2319 5400 teros,
2360 5331 2432 5387 de
2463 5329 2628 5388 bellis
2680 5327 2929 5400 publicis
2969 5329 3280 5402 fugientes,
3312 5335 3370 5390 et
3415 5331 3521 5405 qui
3557 5331 3793 5404 indigna

2145 5423 2350 5492 petunt
2381 5418 2493 5476 sibi
2524 5417 2650 5476 loca
2674 5423 2889 5485 tenere,
2921 5423 3024 5475 aut
3056 5419 3362 5478 facultates
3393 5420 3676 5477 Ecclesiae
3706 5437 3797 5481 au-

2144 5513 2340 5570 ferunt
2370 5509 2611 5578 injuste,
2644 5515 2698 5562 ct
2731 5507 2829 5580 qui
2859 5509 3072 5568 fratres
3103 5509 3548 5570 calumniantur
3580 5517 3684 5567 aut
3709 5526 3794 5566 aco

2142 5603 2374 5667 cnseat.
2406 5604 2465 5661 et
2495 5616 2611 5660 non
2641 5597 2915 5669 probant,
2946 5598 3032 5658 vel
3063 5599 3162 5670 qui
3211 5604 3419 5660 contra
3451 5600 3796 5662 innocentes
