4000 6054
234 260 381 314 1197

1535 276 1937 331 ΡΔΝΟΒΜΙΔ.
1979 307 2047 317 -
2086 281 2221 334 LIB.
2266 285 2358 336 IV.

3524 299 3657 351 1198

233 385 577 457 principum
603 388 833 446 animos
862 394 1240 449 concitandos
1291 404 1607 468 provocant
1652 401 1722 455 ad
1780 401 1889 455 ira-
1921 403 1976 470 Α
2007 407 2345 463 municatus
2376 409 2571 477 fuerit,
2604 412 2663 466 in
2687 413 2814 483 ipsa
2835 416 3026 470 adhuc
3046 420 3655 477 excommunicatione

230 474 540 546 cundiam,
572 482 628 531 et
656 494 861 535 omnes
896 482 1448 553 anathematizatos,
1481 489 1568 543 vel
1620 506 1724 560 pro
1774 490 1895 544 suis

233 562 566 621 sceleribus
597 567 670 621 ab
701 568 957 625 Ecclesia
990 572 1214 641 pulsos,
1247 581 1305 629 et
1322 592 1527 632 omnes
1551 594 1698 649 quos
1718 580 1899 636 eccle-

232 651 491 708 siastica
522 654 611 709 vel
642 662 859 712 sanctas
886 658 1041 731 leges
1075 662 1326 719 infames
1376 668 1802 734 pronuntiant;
1836 669 1895 723 hi

230 741 523 798 nimirum
553 760 760 802 omnes
785 764 891 805 nec
921 750 1072 804 servi
1104 759 1239 807 ante
1285 752 1611 825 legitimam
1658 757 1895 812 liberta-

230 835 382 900 tem,
416 849 520 889 nec
544 837 1029 905 pcenitcntes,nec
1051 840 1570 911 bigamini,necilli
1596 846 1697 915 qui
1721 847 1894 902 curiae

233 922 596 991 deserviunt,
632 929 687 979 et
717 926 818 997 qui
868 945 981 982 non
1028 936 1170 984 sunt
1212 930 1427 1003 integri
1477 950 1739 1005 corpore,
1793 942 1895 991 aut

231 1028 442 1067 sanam
470 1029 585 1069 non
615 1014 834 1070 habent
864 1023 1123 1073 mentem
1153 1019 1241 1075 vel
1275 1020 1657 1094 intellectum,
1683 1030 1785 1079 aut
1805 1025 1893 1079 in-

230 1099 575 1161 obedientes
625 1109 967 1162 sanctorum
1020 1111 1261 1165 Patrum
1315 1112 1567 1167 decretis
1613 1114 1891 1181 existunt,

229 1198 337 1244 aut
368 1192 468 1260 qui
502 1192 719 1249 furiose
751 1195 1222 1253 manifestantur.
1255 1200 1325 1255 Hi
1354 1218 1562 1257 omnes
1596 1220 1891 1275 nusquam

229 1295 345 1334 nec
377 1281 449 1335 ad
482 1297 679 1337 sacros
709 1285 929 1355 gradus
963 1287 1177 1343 debent
1206 1290 1463 1358 provehi,
1498 1308 1605 1346 nec
1629 1293 1701 1347 ad
1726 1309 1892 1348 accu-

229 1368 525 1425 sationem
556 1387 657 1427 seu
691 1373 763 1426 ad
796 1376 1204 1432 testimonium
1240 1377 1536 1436 ullatenus
1559 1382 1721 1451 justo
1751 1399 1888 1453 pos-

230 1462 377 1513 sunt
399 1458 603 1529 recipi.

225 1552 367 1604 CAP.
402 1547 613 1604 LXVII.
640 1550 911 1621 Accusati,
933 1554 1051 1610 nisi
1074 1556 1237 1626 prius
1256 1573 1316 1612 se
1331 1562 1717 1632 purgaverint,
1745 1563 1886 1618 alios

712 1640 972 1681 accusare
1002 1642 1111 1683 non
1139 1635 1387 1700 possunt.

393 1710 473 1765 Ex
502 1711 727 1769 Decret.
762 1714 964 1785 Steph.
1007 1733 1168 1787 papae
1201 1720 1273 1774 ad
1305 1718 1510 1790 episc.,
1542 1736 1631 1791 ep.
1663 1723 1717 1777 2.

2003 497 2383 566 constitutus,
2418 501 2537 556 sive
2571 502 2648 557 sit
2678 503 2925 561 clericus
2956 506 3077 561 sive
3117 507 3325 575 laicus,
3378 528 3654 568 accusare

2004 584 2273 643 voluerit.

2004 706 2135 757 CAP.
2173 704 2416 762 LXXIII.
2452 709 2716 791 "wretici
2740 712 3049 792 probantur
3088 717 3189 785 qui
3232 717 3527 773 schismate
3574 721 3654 773 vel

2332 792 2908 839 exeommumcatzone
2933 794 3301 855 perseverant.

2075 882 2149 951 (',
2183 900 2239 952 η.
2280 886 2327 955 1,
2363 902 2411 941 c.
2466 890 2623 956 Quod
2666 896 2849 948 autem
2879 894 2905 959 §
2934 892 2995 948 Si
3040 895 3210 965 vero.)
3254 895 3310 951 Si
3346 897 3649 952 ecclesias-

2006 970 2183 1027 ticum
2219 975 2393 1030 fuerit
2424 978 2645 1034 crimen
2680 982 3021 1053 coepiscopo
3052 982 3303 1050 illatum,
3346 989 3485 1041 tunc
3520 1004 3649 1056 pro-

2003 1060 2127 1115 bari
2158 1070 2388 1135 oportet
2418 1071 2827 1125 accusantium
2860 1087 3161 1142 personas,
3188 1078 3253 1128 ut
3282 1073 3470 1145 primo
3510 1075 3645 1145 qui-

2001 1149 2132 1206 dem
2166 1152 2454 1212 haereticis
2488 1174 2602 1213 non
2634 1158 2807 1215 liceat
2831 1166 3036 1216 contra
3057 1162 3410 1219 orlhodoxos
3428 1164 3650 1235 episco-

1999 1255 2106 1308 pos
2138 1244 2541 1301 accusationes
2573 1263 2677 1317 pro
2707 1248 3121 1306 ecclesiasticis
3154 1252 3405 1322 negotiis
3436 1254 3643 1308 facere.

2000 1327 2112 1381 Sed
2143 1346 2213 1385 ne
2258 1331 2363 1387 hos
2414 1333 2716 1390 haereticos
2761 1354 2888 1391 esse
2938 1339 3261 1410 denegatis,
3308 1341 3506 1396 audite
3556 1358 3646 1396 se-

2000 1419 2238 1488 quentia
2273 1437 2285 1475 :
2320 1421 2652 1494 Hmreticos,
2687 1424 2988 1495 inquiunt,
3035 1444 3163 1484 esse
3212 1428 3483 1495 dicimus,
3522 1435 3637 1485 tam

1996 1524 2083 1562 eos
2115 1509 2215 1579 qui
2249 1509 2387 1565 olim
2420 1513 2491 1567 ab
2525 1513 2781 1571 Ecclesia
2812 1516 3050 1586 projecti
3099 1523 3255 1587 sunt,
3310 1535 3487 1589 quam
3539 1519 3636 1589 qui

1994 1601 2127 1667 post
2184 1597 2303 1654 haec
2336 1618 2370 1655 a
2401 1602 2571 1658 nobis
2621 1604 3095 1661 anathematizati
3147 1612 3308 1662 sunt.
3363 1608 3539 1663 Porro
3590 1609 3637 1661 si

1994 1685 2185 1739 adhuc
2215 1704 2316 1742 nec
2349 1690 2432 1744 sic
2453 1690 2709 1758 creditis,
2732 1694 2883 1762 quod
2911 1694 3206 1763 subditur,
3229 1696 3458 1751 audite:
3484 1696 3633 1751 Prae-

304 1798 381 1868 (3,
414 1816 471 1869 q.
510 1801 594 1869 ll,
628 1817 678 1857 c.
712 1772 969 1873 Neganda
991 1772 1750 1881 primo)Quod-neganda
1793 1820 1882 1869 est
1913 1772 1960 1839 B
1994 1776 2081 1828 ter
2112 1773 2217 1876 ho?
2249 1776 2636 1881 “tutam.”
2669 1784 2724 1834 et
2753 1797 2851 1881 eqs
2880 1780 3205 1881 quinﬁdém
3255 1784 3492 1881 quidem
3519 1803 3639 1881 ,ω’

227 1889 526 1945 accusatis
556 1890 793 1947 licentia
823 1893 1196 1965 criminandi,
1231 1898 1577 1969 priusquam
1611 1900 1879 1957 secrimi-

227 1994 302 2034 ne
336 1995 451 2049 quo
483 1986 835 2051 premuntur
866 1985 1152 2041 exuerint.
1188 1986 1333 2053 Quia
1365 2004 1479 2044 non
1513 1994 1604 2044 est
1634 1991 1877 2048 creden—

224 2067 369 2123 dum
404 2074 606 2126 contra
636 2069 783 2128 alios
811 2088 1012 2129 eorum
1047 2075 1425 2143 confessioni,
1472 2078 1572 2149 qui
1614 2079 1877 2135 crimini-

225 2156 339 2213 bus
370 2156 732 2216 incriminati
780 2168 943 2228 sunt,
999 2163 1113 2221 nisi
1162 2182 1225 2221 se
1267 2166 1456 2237 pridie
1504 2169 1877 2238 probaverint

220 2244 589 2304 innocentes.
612 2250 899 2314 Quoniam
933 2253 1264 2322 periculosa
1291 2260 1383 2310 est
1410 2260 1467 2310 et
1488 2258 1723 2314 admitti
1758 2276 1871 2315 non

222 2335 419 2403 debet,
470 2336 551 2392 rei
582 2338 864 2395 adversus
894 2356 1254 2412 quemquam
1281 2346 1586 2411 professio.
1611 2347 1871 2403 Familia

221 2440 319 2479 res
349 2440 481 2480 vero
513 2430 571 2482 et
600 2432 808 2497 sponte
840 2430 1086 2501 professi
1119 2436 1293 2503 atque
1314 2432 1638 2490 sceleribus
1662 2436 1869 2492 irretiti

233 2529 351 2568 non
382 2514 595 2572 debent
627 2516 878 2585 admitti,
912 2534 1017 2575 nec
1048 2518 1108 2574 hi
1157 2521 1258 2591 qui
1307 2520 1583 2578 hesterna
1633 2524 1727 2579 die
1777 2529 1879 2580 aut

230 2606 368 2658 ante
403 2602 628 2661 inimici
661 2607 919 2663 fuerunt.

371 2692 505 2748 CAP.
541 2693 782 2753 LXVIII.
816 2697 889 2751 De
916 2698 1056 2753 libro
1088 2714 1142 2753 ιι
1172 2701 1501 2756 earumdem
1530 2702 1731 2772 legum.

297 2780 448 2836 Sane
480 2781 539 2835 hi
571 2783 671 2853 qui
702 2784 950 2840 crimina
980 2803 1091 2843 sua
1120 2787 1180 2842 in
1241 2789 1566 2858 quaestione
1622 2792 1875 2849 confessi

226 2874 389 2931 sunt,
423 2870 472 2925 si
504 2871 574 2925 de
608 2872 737 2927 aliis
771 2874 855 2929 sic
878 2875 1071 2930 dicere
1122 2876 1433 2946 voluerint,
1471 2896 1505 2935 a
1527 2880 1728 2949 judice
1760 2899 1872 2937 non

223 2959 562 3029 credantur,
592 2961 729 3031 quia
749 2962 883 3031 jure
913 2968 971 3018 et
998 2963 1229 3036 legibus
1262 2968 1651 3023 constitutum
1677 2975 1785 3035 est,
1812 2975 1875 3024 ut

219 3052 545 3115 spontanee
580 3051 938 3120 professione
972 3070 1105 3108 reus
1134 3071 1296 3109 reum
1326 3072 1438 3111 non
1466 3059 1656 3128 faciat,
1686 3075 1872 3130 neque

218 3134 303 3187 illi
336 3137 407 3191 de
440 3137 619 3193 altero
651 3141 945 3209 credatur,
980 3143 1078 3213 qui
1109 3159 1171 3198 se
1204 3145 1586 3201 criminosum
1639 3150 1862 3215 conles-
1902 3151 1943 3215 C

220 3241 323 3278 sus
355 3230 464 3281 est.

222 3312 365 3366 CAP.
400 3314 599 3370 LXIX.
632 3318 726 3373 Rei
749 3322 1014 3391 professio
1016 3321 1302 3449 fettbvqrsus
1326 3327 1619 3395 quemlibet
1639 3327 1868 3383 admitti

876 3408 983 3447 non
1124 3410 1155 3448 e
1184 3436 1197 3449 .

876 3408 983 3447 non
1016 3408 1197 3449 αεοει.

535 3477 730 3533 Julius
762 3495 897 3550 pap.
934 3480 992 3534 in
1027 3482 1278 3547 Decret.,
1311 3499 1401 3555 ep.
1450 3486 1535 3539 18.

287 3564 399 3635 (I5,
434 3580 491 3633 q.
521 3566 575 3632 3,
609 3582 660 3620 ο.
693 3568 941 3634 Nemini,
976 3572 1033 3622 et
1063 3570 1144 3626 De
1176 3575 1457 3641 accusat.)
1516 3574 1746 3629 Nemini
1794 3577 1865 3631 de

216 3667 280 3707 se
310 3653 599 3709 confessio
632 3655 790 3710 credi
844 3661 1038 3726 potest
1088 3675 1270 3730 super
1315 3662 1534 3717 crimen
1580 3663 1860 3733 alienum,

214 3737 492 3812 quoniam
524 3743 655 3812 ejus
702 3745 1012 3815 omnisque
1061 3748 1142 3801 rei
1199 3750 1485 3820 professio
1533 3751 1863 3822 periculosa

212 3835 318 3900 cst,
354 3835 409 3885 et
440 3831 669 3887 admitti
704 3850 817 3888 non
850 3834 1041 3890 debet.

215 3919 346 3975 CAP.
394 3919 556 3976 LXX.
591 3923 848 3993 Infames,
882 3939 969 3978 eos
997 3926 1091 3997 qui
1119 3930 1247 3981 sunt
1275 3926 1430 3985 bona?
1456 3931 1645 4001 famae,
1696 3948 1857 3987 accu-

760 4010 886 4050 sare
916 4011 1022 4050 non
1051 4002 1300 4067 possunt.

674 4083 972 4154 Eugenius
1000 4101 1171 4155 papa,
1207 4103 1297 4158 ep.
1331 4091 1384 4142 2.

281 4172 352 4236 (3,
386 4188 442 4241 q.
475 4171 527 4237 4,
555 4187 605 4226 c.
629 4164 1163 4243 Alieni.)8imi|iter
1181 4175 1356 4231 alieni
1379 4180 1593 4234 erroris
1608 4182 1854 4252 socium,

210 4256 297 4311 vel
328 4274 361 4311 a
391 4257 484 4313 sui
512 4258 811 4314 voluntate
861 4262 1144 4333 propositi
1186 4265 1419 4320 tramite
1462 4270 1853 4339 recedentem,

215 4352 310 4402 aut
341 4349 525 4403 sacris
560 4352 798 4403 Patrum
833 4350 1052 4421 regulis
1080 4357 1138 4407 et
1168 4356 1694 4415 constitutionibus
1726 4360 1854 4417 ino-

216 4434 592 4507 bedientium,
630 4437 942 4509 suscipere
994 4456 1109 4496 non
1161 4458 1480 4513 possumus
1530 4464 1637 4504 nec
1684 4450 1855 4505 debe-

217 4540 363 4578 IDUS.

212 4617 339 4668 CAP.
378 4614 577 4670 LXXI.
609 4616 724 4683 Qui
744 4631 855 4671 non
874 4620 1006 4671 sunt
1036 4621 1351 4691 reeipiendi
1378 4625 1434 4679 in
1487 4630 1850 4685 comisatione.

336 4702 667 4773 Stephanus
698 4720 850 4776 papa
879 4705 938 4760 in
976 4707 1193 4764 Decret.
1228 4712 1299 4765 ad
1332 4713 1508 4783 episc.
1540 4733 1632 4787 ep.
1664 4720 1719 4774 2.

275 4793 347 4863 (3,
382 4808 438 4863 q.
474 4794 525 4860 4,
558 4809 607 4847 c.
660 4794 914 4865 Nullus.)
965 4796 1177 4853 Nullus
1225 4801 1852 4862 anathematizatorum

218 4881 591 4950 suscipiatur,
624 4899 727 4939 nec
759 4901 792 4937 a
822 4900 1120 4955 quoquam
1168 4891 1460 4958 credatur,
1498 4910 1623 4965 quas
1665 4898 1739 4951 ab
1770 4898 1854 4953 eis

218 4970 297 5024 vel
324 4970 621 5042 dicuntur,
654 4972 742 5027 vel
773 4974 1247 5035 conscribuntur.
1282 4984 1389 5036 Eos
1420 4982 1550 5039 dico
1608 4987 1854 5042 anathe-

218 5061 517 5119 matizatos
548 5079 695 5130 esse,
728 5080 877 5134 quos
910 5065 1170 5139 episcOpi
1200 5072 1292 5127 sui
1326 5074 1560 5145 scriptis
1608 5078 1852 5134 anathe-

219 5151 653 5217 malizaverunt,
688 5158 789 5207 aut
819 5170 1020 5210 eorum
1068 5162 1288 5216 statuta
1337 5165 1851 5223 anathematizant.

216 5240 339 5295 CAP.
371 5241 590 5296 LXXII.
618 5241 696 5295 Ad
726 5247 1133 5329 accusationem
1160 5266 1271 5305 non
1303 5252 1635 5311 admittatur
1664 5260 1763 5329 qui
1794 5260 1853 5311 in

557 5324 1137 5375 excommunicatione
1166 5335 1494 5391 perseverat.

671 5402 844 5459 Conc.
880 5407 1075 5464 Carth.
1110 5426 1207 5475 vn,
1239 5427 1290 5465 c.
1327 5414 1376 5466 1.

277 5494 349 5562 (4,
385 5509 441 5563 q.
480 5492 529 5560 I,
554 5509 603 5547 c.
640 5493 990 5567 Deﬁnimus.)
1017 5498 1343 5557 Deﬁnimus
1368 5520 1501 5559 eum
1533 5504 1638 5561 rite
1662 5507 1732 5561 ad
1757 5523 1850 5563 ac-

217 5582 570 5638 cusationem
605 5600 717 5639 non
752 5585 1002 5656 admitti,
1037 5589 1138 5659 qui
1172 5596 1377 5662 postea
1396 5610 1573 5665 quam
1622 5612 1850 5654 excom-

1992 1882 2125 1919 uam
2162 1867 2445 1923 simulant
2474 1870 2559 1924 vel
2607 1875 2824 1942 negant
2869 1874 3171 1941 conﬁteri;
3226 1875 3636 1931 schismaticos

1989 1954 2166 2010 etiam
2194 1961 2251 2012 et
2282 1973 2379 2014 eos
2400 1957 2500 2029 qui
2522 1975 2790 2014 seorsum
2810 1976 2844 2015 a
2866 1962 3441 2017 communicantibus
3464 1965 3633 2019 nobis

1989 2042 2279 2116 episcopis
2313 2045 2584 2103 collectas
2615 2048 2874 2103 faciunt:
2919 2048 3130 2105 deinde
3159 2066 3292 2105 vero
3346 2055 3402 2105 et
3451 2052 3635 2123 siqui-

1987 2132 2119 2188 dem
2154 2135 2223 2188 ab
2256 2135 2512 2192 Ecclesia
2540 2154 2718 2207 super
2758 2136 2952 2192 causis
3004 2138 3358 2208 quibusdam
3411 2141 3630 2196 fuerint

1984 2224 2323 2293 reprehensi
2356 2232 2412 2281 et
2442 2228 2681 2297 projecti
2714 2232 2817 2283 aut
2864 2229 3354 2284 excommunicati
3408 2230 3529 2284 sive
3558 2248 3627 2285 ex

1984 2310 2161 2382 clero,
2197 2314 2317 2369 sive
2348 2332 2416 2370 ex
2448 2316 2635 2370 laicali
2673 2316 2898 2384 ordine,
2936 2333 3039 2371 nec
3073 2318 3164 2371 his
3194 2316 3367 2372 licere
3398 2335 3632 2373 accusa-

1988 2417 2048 2454 re
2079 2401 2419 2473 episcopum
2454 2408 2768 2475 antequam
2804 2406 3034 2476 proprio
3077 2405 3323 2459 crimine
3356 2404 3632 2477 primitus

1993 2496 2294 2545 exuantur.
2331 2492 2613 2549 Similiter
2647 2501 2842 2549 autem
2873 2499 2927 2548 et
2956 2512 3055 2549 eos
3091 2494 3189 2565 qui
3241 2496 3351 2549 sub
3394 2512 3632 2551 accusa-

1990 2580 2147 2633 tione
2178 2578 2389 2649 prioris
2422 2581 2731 2650 exsistunt,
2766 2598 2878 2637 non
2914 2586 3049 2637 ante
3083 2598 3213 2637 esse
3245 2584 3632 2654 acceptabiles

1986 2664 2043 2718 in
2074 2667 2333 2739 episcopi
2366 2669 2821 2737 accusationem,
2855 2674 2957 2725 aut
2989 2668 3236 2725 aliorum
3257 2670 3629 2741 clericorum,

1981 2752 2119 2824 quia
2147 2754 2414 2812 innoxios
2446 2758 2794 2832 semetipsos
2838 2757 3134 2813 illatorum
3188 2758 3302 2814 sibi
3355 2761 3627 2815 ostende-

1977 2847 2117 2897 runt
2148 2845 2485 2901 criminum.

1977 2961 2109 3017 CAP.
2146 2960 2389 3017 LXXIV.
2446 2964 2763 3019 Convicium
2814 2979 2928 3018 non
2976 2971 3054 3018 est
3106 2980 3205 3035 pro
3267 2967 3625 3019 accusatione

2632 3035 2699 3089 ha
2709 3035 2961 3089 bendum.

2189 3123 2480 3178 Fabianus
2511 3140 2661 3194 papa
2702 3124 2769 3178 ad
2803 3122 2985 3177 Hilar.
3020 3123 3223 3195 episc.,
3252 3126 3415 3195 ep.3.

2048 3231 2124 3298 (3,
2159 3246 2215 3299 q.
2248 3232 2303 3299 3,
2337 3246 2385 3285 c.
2420 3229 2486 3285 Si
2508 3232 2632 3299 quis
2661 3230 2881 3297 iratus.)
2921 3231 2979 3284 Si
3013 3232 3146 3301 quis
3187 3231 3372 3287 iratus
3404 3232 3622 3287 crimen

1977 3318 2212 3389 aliquod
2246 3319 2488 3373 cuilibet
2520 3324 2737 3373 temere
2798 3320 3096 3388 objecerit,
3140 3320 3225 3375 vel
3254 3320 3622 3391 imposuerit,

1975 3408 2299 3462 convicium
2335 3425 2449 3462 non
2482 3412 2569 3461 est
2599 3425 2702 3478 pro
2733 3408 3105 3462 accusatione
3130 3408 3485 3464 habendum.
3513 3411 3623 3465 Sed

1975 3496 2262 3568 permisso
2294 3497 2581 3551 tractandi
2612 3497 2824 3567 spatio,
2860 3496 2908 3549 si
2941 3496 2999 3551 id
3035 3498 3190 3567 quod
3244 3498 3430 3554 iratus
3480 3499 3625 3552 dixit

1974 3601 2075 3656 per
2106 3584 2463 3656 scripturam
2496 3602 2556 3640 se
2590 3585 2973 3657 probaturum
3009 3602 3137 3640 esse
3172 3586 3442 3654 fateatur,
3479 3592 3542 3641 ut
3572 3589 3620 3642 si

1971 3674 2218 3729 fortasse
2254 3674 2624 3743 resipiscens,
2660 3692 2782 3744 qua:
2818 3690 2919 3744 pro
2956 3675 3265 3731 iracundia
3317 3676 3481 3746 dixit,
3515 3676 3621 3731 ite-

1972 3779 2101 3817 rare
2132 3766 2232 3818 aut
2262 3762 2514 3818 scribere
2566 3762 2839 3832 noluerit,
2892 3779 3005 3817 non
3055 3768 3119 3819 ut
3169 3763 3433 3820 criminis
3484 3781 3619 3820 rcus

1972 3850 2220 3906 babeatu
2234 3868 2277 3906 r.

1967 3964 2103 4021 CAP.
2143 3966 2357 4021 LXXV.
2390 3967 2465 4021 De
2498 3984 2659 4038 paena
2686 3968 2840 4047 illius
2871 3970 2972 4040 qui
3000 3969 3345 4047 succubuerit
3373 3971 3434 4024 in
3452 3984 3611 4023 accu-

2676 4041 2904 4095 satione.

2038 4149 2114 4218 (2,
2147 4164 2203 4218 q.
2237 4149 2291 4215 3,
2325 4164 2374 4204 c.
2410 4147 2643 4219 Omnis.)
2679 4148 2885 4205 Omnis
2920 4166 3056 4222 ergo
3087 4150 3189 4221 qui
3236 4150 3455 4205 crimen
3511 4151 3612 4205 ob-

1958 4237 2110 4307 jicit,
2144 4253 2202 4291 se
2255 4239 2641 4307 probaturum
2694 4238 2930 4293 scribat.
2984 4244 3203 4294 Revera
3251 4238 3330 4293 ibi
3383 4255 3617 4310 semper

1966 4341 2142 4380 causa
2171 4330 2400 4397 agatur,
2432 4324 2530 4380 ubi
2564 4325 2783 4380 crimen
2817 4327 3233 4383 committitur.
3267 4328 3335 4383 Et
3368 4326 3469 4399 qui
3500 4344 3615 4382 non

1964 4414 2297 4485 probaverit
2327 4415 2485 4485 quod
2530 4415 2753 4485 objicit,
2805 4434 3034 4487 pcsnam
3086 4434 3262 4489 quam
3312 4416 3612 4485 intulerat,

1887 4514 1935 4579 D
1966 4502 2092 4574 ipse
2123 4504 2401 4576 patiatur.

1964 4618 2100 4674 CAP.
2138 4618 2369 4675 LXXVI.
2405 4619 2513 4686 Qui
2540 4617 2720 4671 alium
2748 4628 2968 4673 accusat
2994 4622 3050 4673 in
3073 4620 3307 4689 judicio,
3335 4635 3490 4675 reum
3520 4620 3611 4675 in-

2299 4691 2459 4758 dicet,
2486 4699 2538 4747 et
2562 4689 2979 4760 inscriptionem
3002 4691 3276 4763 patiatur.

2608 4777 2804 4835 Sixtus
2836 4796 2970 4852 pap.

2036 4888 2113 4958 (2,
2143 4904 2199 4957 q.
2232 4890 2285 4951 8,
2318 4901 2368 4940 ο.
2405 4884 2704 4955 Quisquis.)
2742 4886 3149 4942 Accusationis
3198 4887 3462 4942 ordinem
3516 4888 3608 4939 ta-

1963 4975 2073 5031 lem
2106 4976 2360 5029 dlcimus
2392 4977 2448 5028 et
2479 4974 2692 5029 servari
2714 4974 3015 5043 jubemus,
3050 4977 3108 5031 id
3140 4985 3225 5032 est
3252 4975 3301 5029 si
3328 4974 3460 5043 quis
3490 4972 3610 5028 cle-

1965 5065 2219 5119 ricorum
2239 5065 2297 5119 in
2320 5062 2565 5118 crimine
2588 5062 2915 5135 impetitur,
2940 5083 3052 5121 non
3074 5065 3276 5120 statim
3301 5080 3435 5119 reus
3456 5063 3609 5119 msti-

1966 5160 2177 5224 metur,
2200 5154 2340 5224 quia
2365 5153 2626 5208 accusari
2653 5156 2861 5224 potuit,
2892 5170 2962 5209 ne
2984 5156 3309 5223 subjectum
3338 5153 3612 5207 innocen-

1964 5222 2106 5300 tiam
2132 5222 2437 5308 faciamus,
2472 5244 2572 5297 sed
2602 5242 2875 5313 quisquis
2910 5243 3004 5297 ille
3033 5249 3124 5298 est
3155 5244 3253 5314 qui
3278 5242 3494 5297 crimen
3522 5242 3610 5295 in-

1962 5334 2172 5403 tendit,
2204 5333 2263 5388 in
2288 5331 2583 5403 judicium
2618 5332 2829 5400 veniat,
2865 5349 3076 5387 nomen
3109 5334 3189 5387 rei
3223 5330 3455 5399 indicet,
3483 5331 3610 5384 vin-

1964 5425 2161 5480 culum
2194 5423 2599 5494 inscriptionis
2632 5421 2896 5491 arripiat,
2930 5424 3223 5478 custodiat
3264 5421 3607 5477 similitudi-

1964 5530 2098 5568 nem
2122 5512 2394 5585 supplicii
2426 5511 2628 5568 habita
2650 5515 2848 5565 tamen
2872 5512 3179 5583 dignitatis
3201 5509 3606 5567 aestimatione.

1962 5603 2080 5660 Nec
2113 5604 2258 5660 forte
2290 5602 2402 5659 sibi
2442 5598 2671 5656 noverit
2725 5598 3024 5657 licentiam
3080 5599 3425 5668 mentiendi,
3473 5616 3604 5655 cum
