3938 6074
399 262 539 320 1199

1504 258 1571 309 D.
1612 255 1855 309 IVONIB
1888 253 2384 311 CARNOTENSIS
2421 256 2739 312 EPISCOPI

3710 254 3857 309 120ιο

394 383 825 443 calumniantes
854 383 927 439 ad
959 380 1276 437 vindictam
1306 381 1509 450 poscat
1539 376 1865 433 similitudo
1895 393 2035 447 sup-
2064 395 2118 462 Α
2147 378 2372 446 adesse,
2407 378 2464 433 id
2493 384 2582 435 est
2590 380 2823 449 judices
2850 377 3092 447 electos,
3139 381 3518 433 accusatores
3547 377 3831 433 idoneos

2155 468 2496 523 defensores
2518 483 2814 540 congruos
2835 472 3017 537 atque
3041 470 3223 522 testes
3246 465 3853 537 legitimos.Judices

398 473 580 546 plicii.

646 565 780 620 CAP.
812 562 1080 617 LXXVII.
1112 562 1380 616 Damasus
1398 573 1569 629 papa,
1606 573 1698 627 ep.
1732 558 1783 611 1.

467 663 546 734 (4,
576 678 635 733 q.
670 663 722 728 4,
754 678 805 715 c.
837 658 1060 715 Nullus.
1084 660 1112 725 §
1139 654 1480 727 Inscriptio.)
1511 654 1825 725 Inscriptio
1856 651 2048 725 primo

398 753 503 807 fiat
532 757 598 807 ut
626 751 903 807 talionem
932 746 1327 803 calumniator
1351 745 1615 816 recipiat,
1649 744 1786 816 quia
1809 748 1945 798 ante
1964 742 2048 796 in-

398 842 779 914 scriptionem
811 855 982 894 nemo
1014 838 1185 893 debet
1206 835 1463 907 judicari
1496 835 1582 889 vel
1613 832 1885 890 damnari
1912 848 2048 887 cum

398 937 458 988 et
486 930 681 987 saeculi
712 929 869 1001 leges
900 928 1009 983 hoc
1040 926 1355 981 retineant.

398 1038 528 1094 CAP.
564 1036 857 1092 LXXVIII.
890 1035 1194 1106 Stephanus
1230 1032 1493 1105 episcopis
1524 1030 1695 1098 Gall.,
1729 1031 1791 1086 in
1836 1032 2046 1086 Decret.

467 1145 550 1215 (L.
584 1142 837 1214 Infamis,
862 1146 919 1197 et
946 1143 1001 1211 3,
1034 1158 1091 1212 q.
1113 1141 1169 1211 7,
1192 1157 1243 1196 c.
1274 1142 1535 1210 Infames,
1560 1140 1619 1193 If.
1644 1139 1722 1193 De
1745 1137 2049 1238 postulat.)
2159 1184 2192 1238 d

402 1233 645 1289 Infamis
677 1232 834 1289 enim
868 1246 1118 1303 persona
1148 1245 1253 1285 nec
1293 1233 1639 1300 procurator
1684 1230 1877 1299 potest
1919 1242 2052 1281 esse

404 1338 509 1378 nec
538 1320 825 1394 cognitor.

404 1426 541 1482 CAP.
594 1424 832 1482 LXXIX.
892 1424 1204 1494 Stephanus
1270 1423 1330 1508 ia
1381 1440 1420 1477 ιι
1479 1422 1745 1478 Decretali
1798 1420 2052 1477 omnibus

1152 1510 1379 1549 ῑδεουιι.

1084 1512 1113 1551 e
1152 1511 1262 1549 isco
1304 1511 1379 1549 is.

477 1586 689 1643 Nullus
712 1585 1043 1657 alienigena
1072 1512 1177 1640 agt
1208 1511 1521 1639 aciusator
1546 1597 1749 1638 eorum
1800 1583 1902 1637 fiat
1956 1584 2059 1636 aut

400 1677 607 1747 judex.

2156 562 2355 613 autem
2387 558 2602 613 debent
2640 557 2725 613 uti
2756 556 3055 627 aequitate,
3079 560 3265 611 testes
3289 554 3554 624 veritate,
3580 572 3849 611 accusa-

2154 651 2311 702 tores
2334 646 2657 702 intentione
2675 646 2745 701 ad
2764 662 2859 701 am
2867 644 3250 717 pliﬁcandam
3263 661 3529 717 causam,
3553 646 3845 701 defenso-

2158 752 2250 791 res
2279 733 2716 800 extenuatione,
2749 734 2822 790 ad
2855 733 3237 789 minuendam
3269 750 3538 790 causam.

2157 844 2288 897 CAP.
2324 840 2594 897 LXXXII.
2627 841 2859 896 Nullum
2895 844 3147 896 servetur
3168 840 3469 911 judicium,
3502 840 3626 895 nisi
3664 845 3842 896 ratis-

2688 913 2951 967 nabiliter
2980 911 3263 967 habitum.

2301 1002 2367 1057 D.
2402 1001 2719 1073 Gregorius
2747 1000 2962 1057 Joanni
2996 999 3248 1065 defens.,
3281 1000 3321 1054 l.
3357 1016 3419 1069 ιι,
3450 1017 3545 1073 ep.
3576 1003 3685 1056 50.

2232 1098 2283 1164 (2
2314 1112 2371 1165 q.
2410 1096 2462 1164 1,
2494 1111 2544 1150 c.
2579 1097 2641 1150 In
2670 1096 2892 1167 primis,
2929 1098 2958 1166 ξ
2989 1095 3141 1162 Quia
3178 1096 3421 1165 igitur.).
3471 1094 3639 1160 Quod
3703 1095 3843 1164 qui-

2202 1201 2294 1238 am
2330 1184 2506 1238 frater
2537 1184 2607 1239 de
2635 1183 2797 1239 falsis
2826 1197 2889 1238 se
2920 1181 3196 1254 capitulis
3219 1187 3568 1238 accusatum
3604 1200 3722 1238 nec
3742 1183 3845 1237 ali-

2161 1273 2302 1344 quid
2334 1271 2743 1327 ordinabiliter
2771 1271 3016 1340 factum,
3050 1271 3153 1326 sed
3186 1270 3408 1341 injuste
3466 1271 3844 1326 condemna-

2160 1364 2289 1415 tum
2320 1376 2384 1416 se
2406 1359 2641 1426 asserit,
2665 1359 2981 1431 diligenter
3007 1358 3281 1430 quasrend
3293 1374 3392 1413 um
3414 1363 3525 1414 est.
3558 1359 3773 1413 Primo
3796 1361 3841 1413 si

2165 1448 2451 1519 iudicium
2484 1446 2893 1503 ordinabiliter
2918 1452 3009 1503 est
3039 1445 3334 1517 habitum,
3368 1445 3417 1502 si
3448 1445 3552 1502 alii
3584 1463 3841 1503 accusa-

2167 1544 2340 1604 tores,
2373 1536 2472 1592 alii
2494 1540 2675 1592 testes
2700 1537 2958 1592 fuerunt.
2982 1534 3205 1591 Deinde
3225 1552 3543 1591 causarum
3571 1536 3837 1607 qualitas

2167 1626 2559 1681 examinanda
2583 1629 2692 1695 est,
2716 1624 2767 1681 si
2808 1625 2989 1696 digna
3034 1623 3263 1693 exsilio,
3316 1623 3403 1680 vel
3453 1624 3835 1697 depositione

2168 1714 2365 1785 fuerit,
2397 1714 2448 1771 si
2478 1731 2544 1771 eo
2578 1717 2887 1788 praesente,
2922 1713 3020 1785 qui
3051 1717 3367 1769 accusatus
3398 1718 3489 1769 est
3517 1714 3638 1770 sub
3664 1714 3833 1785 jure-

409 1784 543 1841 (ιλιι.
578 1782 784 1840 LXXX-
817 1781 1067 1853 ουίιίὺει
1089 1783 1360 1875 ξτξμοθξιξξξ
1386 1779 1523 1835 dum
1556 1794 1825 1852 ρενδοπαε
1870 1792 2062 1850 θενενε
2092 1767 2139 1833 Β
2168 1767 3329 1875 5.1;.1433‘.s.a‘.."‘.;.saggessi;
3349 1767 3764 1874 arcessi;
3786 1767 3833 1860 si

1086 1868 1196 1908 non
1216 1853 1381 1907 valet.

484 1963 562 2030 (4,
585 1978 642 2034 q.
676 1962 730 2030 4,
760 1976 811 2016 c.
842 1960 1042 2015 Nullus
1072 1958 1131 2014 in
1164 1959 1401 2031 primo.)
1433 1958 1699 2013 Damasus
1740 1974 1894 2030 papa
1944 1957 2062 2013 Ro-

419 2066 654 2119 manus,
706 2050 1007 2105 Srspnmo
1061 2047 1521 2120 archiepiscopo.
1570 2052 1954 2103 Accusatores
2004 2051 2064 2102 et

411 2137 646 2209 judices
677 2155 793 2193 non
836 2138 993 2192 idem
1041 2136 1181 2202 sint,
1242 2137 1342 2191 sed
1402 2153 1505 2207 per
1560 2152 1621 2192 se
1669 2140 2063 2207 accusatores,

420 2242 524 2297 per
569 2241 633 2280 se
686 2225 943 2296 judices,
998 2239 1101 2296 per
1152 2240 1214 2280 se
1270 2228 1471 2293 testes,
1532 2240 1635 2296 per
1691 2240 1752 2281 se
1798 2224 2064 2280 accusari

417 2313 828 2387 unusquisque
856 2314 916 2369 in
948 2330 1055 2370 suo
1087 2314 1492 2370 ordinabiliter
1522 2314 1669 2370 loco.

416 2434 553 2487 CAP.
587 2430 832 2486 LXXXI.
862 2430 1156 2503 Accusator
1198 2430 1281 2485 vel
1335 2429 1507 2498 testis,
1538 2430 1622 2485 vel
1640 2429 1821 2502 judea:
1858 2432 2064 2503 aliquis

892 2501 1067 2557 simul
1097 2516 1212 2557 esse
1240 2517 1353 2556 non
1382 2505 1579 2572 potest.

833 2591 1125 2647 Fabianus
1156 2590 1215 2645 in
1254 2594 1475 2646 Decret.
1508 2606 1559 2645 c.
1592 2591 1645 2645 4.

484 2701 559 2773 (4,
592 2716 646 2769 q.
682 2699 735 2765 4,
772 2714 821 2754 c.
872 2696 1116 2768 Nullus.)
1167 2695 1379 2751 Nullus
1429 2712 1690 2769 unquam
1743 2702 2063 2768 praesumat

414 2796 724 2845 accusator
753 2785 934 2842 simul
968 2801 1097 2841 esse
1119 2790 1176 2839 et
1197 2785 1401 2855 judex,
1425 2789 1481 2839 et
1507 2784 1978 2856 testis,quoniam
2000 2789 2060 2841 in

415 2877 574 2935 omni
600 2876 827 2948 judicio
858 2879 1112 2946 quatuor
1142 2890 1424 2945 personas
1456 2888 1696 2929 necesse
1718 2878 1807 2930 est
1829 2891 2062 2947 semper

2172 1894 2409 1966 scriptis
2445 1898 2641 1948 actum
2672 1897 2782 1960 est,
2815 1892 2865 1947 si
2897 1892 3023 1964 ipse
3071 1890 3373 1947 licentiam
3427 1892 3832 1963 respondendi

2175 1987 2275 2038 aut
2314 1982 2664 2039 defendendi
2696 1998 2758 2037 se
2802 1974 3094 2049 habuerit,
3127 1981 3228 2036 sed
3259 1985 3317 2036 et
3344 1981 3416 2036 de
3442 1983 3724 2053 personis
3751 1997 3836 2037 ac-

2174 2072 2511 2128 cusantium
2543 2088 2611 2127 ac
2640 2070 3087 2127 testiﬁcantium
3118 2070 3415 2127 subtiliter
3447 2074 3835 2142 quaerendum

2174 2166 2283 2230 est,
2315 2162 2487 2233 cujus
2516 2160 2872 2216 conditionis
2904 2164 3065 2226 sunt,
3097 2160 3340 2231 cujusve
3373 2160 3515 2231 sint,
3567 2178 3641 2216 ne
3690 2160 3839 2216 forte

2175 2252 2404 2323 aliquas
2435 2256 2639 2307 contra
2668 2250 2979 2322 praefatum
3011 2256 3307 2322 pastorem
3353 2249 3698 2306 inimicitias
3731 2251 3837 2306 ha-

2174 2340 2467 2407 buissent,
2501 2344 2699 2396 utrum
2732 2356 2867 2395 vero
2897 2338 3304 2396 testimonium
3336 2355 3405 2395 ex
3434 2339 3647 2395 auditu
3677 2340 3837 2395 dixe-

2174 2430 2293 2486 rint
2321 2435 2425 2486 aut
2456 2436 2612 2487 certe
2644 2429 2981 2503 specialiter
3010 2446 3072 2485 se
3120 2428 3270 2484 scire
3318 2430 3522 2485 testati
3574 2434 3744 2501 sunt,
3787 2432 3831 2485 si

2172 2520 2410 2592 scriptis
2456 2521 2789 2591 judicatum
2850 2524 2961 2589 est,
3012 2523 3069 2575 et
3125 2518 3393 2591 partibus
3433 2520 3829 2591 prasentibus

2174 2624 2407 2679 semper
2436 2608 2728 2663 sententia
2758 2607 3004 2663 recitata
3033 2611 3143 2676 est,
3177 2607 3333 2677 quod
3356 2606 3406 2661 si
3423 2607 3577 2662 forte
3594 2607 3721 2662 haec
3745 2625 3830 2663 so-

2174 2698 2445 2754 lemniter
2473 2703 2602 2754 acta
2634 2715 2747 2754 non
2782 2702 2941 2763 sunt,
2988 2714 3177 2768 neque
3226 2714 3405 2752 causa
3446 2697 3701 2768 probata
3750 2704 3832 2753 est

2172 2803 2300 2857 qua:
2330 2787 2537 2843 exsilio
2566 2786 2655 2843 vel
2683 2787 3047 2859 depositione
3078 2787 3256 2857 digna
3279 2785 3410 2851 fuit,
3428 2786 3491 2840 in
3514 2785 3825 2841 ecclesiam

2172 2892 2341 2932 suam
2374 2875 2651 2931 omnibus
2686 2876 2876 2931 modis
2909 2879 3232 2931 revocetur.

1216 3206 1317 3264 DE
1358 3206 1743 3268 TESTIBUS
1788 3208 1864 3267 ΙΝ
1911 3208 2454 3270 ACCUSATIONE
2506 3210 3025 3271 RECIPIENDIS.

416 3374 552 3424 CAP.
591 3366 895 3423 LXXXIII.

926 3365 1032 3435 Qui
1059 3364 1131 3441 ab
1160 3368 1513 3441 accusatione
1540 3366 1915 3438 repelluntur,
1962 3370 2058 3423 aut
2090 3372 2133 3438 ο
2170 3366 2525 3423 solet.Amor
2546 3367 2799 3423 carnalis
2821 3373 2879 3424 et
2900 3368 3081 3423 timor
3105 3372 3279 3439 atque
3300 3367 3546 3423 avaritia
3570 3368 3824 3441 plerum-

482 3438 560 3497 ad
588 3456 797 3495 annum
824 3455 921 3494 xxv
948 3436 1193 3493 nondum
1215 3438 1583 3509 pervenerint,
1616 3442 1773 3493 testes
1801 3436 1919 3495 esse
1948 3455 2050 3495 non

2224 3473 2279 3511 1e
2294 3473 2507 3513 sensus
2529 3458 2808 3513 hebetant
2830 3458 3142 3525 humanos,
3152 3436 3217 3513 ut
3235 3464 3529 3530 quaestum
3546 3436 3820 3532 pietatem

482 3521 732 3583 possunt.

621 3601 795 3655 Cone.
829 3596 1021 3652 Carth.
1056 3613 1155 3664 vn,
1189 3613 1237 3653 c.
1271 3598 1302 3651 4
1331 3615 1344 3667 ;
1375 3597 1650 3653 Nicolaus
1682 3616 1851 3670 papa.

484 3689 561 3760 (4,
595 3705 651 3758 q.
682 3689 737 3754 5,
771 3703 819 3742 c.
856 3688 1043 3741 Testes.
1078 3686 1281 3741 Testes
1313 3692 1508 3742 autem
1544 3688 1613 3741 ad
1649 3687 2056 3743 testimonium

416 3793 531 3831 non
565 3775 961 3830 admittendos
991 3790 1123 3829 esse
1153 3790 1483 3843 censemus,
1515 3774 1615 3846 qui
1650 3792 1753 3831 nec
1785 3777 1855 3831 ad
1883 3793 2057 3832 accu-

417 3865 702 3921 sationem
727 3863 955 3919 admitti
988 3863 1260 3935 prazcepti
1291 3868 1450 3929 sunt,
1486 3862 1574 3917 vel
1607 3881 1756 3936 quos
1804 3864 1929 3935 ipse
1961 3881 2057 3920 ac-

416 3958 650 4009 cusator
678 3953 749 4009 de
778 3969 887 4008 sua
916 3952 1089 4007 domo
1121 3950 1496 4022 produxerit;
1530 3951 1599 4005 ad
1646 3953 2057 4007 testimonium

414 4048 609 4099 autem
640 4043 795 4096 intra
826 4057 1010 4096 annos
1040 4056 1135 4094 xxv
1156 4038 1347 4094 astatis
1369 4055 1486 4093 sua:
1510 4056 1625 4094 non
1645 4040 1714 4094 ad
1727 4041 2055 4096 mittantur.

414 4150 548 4206 CAP.
584 4147 872 4204 LXXXIV.
897 4148 1079 4217 Nuper
1111 4145 1332 4201 inimici
1351 4150 1514 4201 testes
1545 4161 1657 4201 esse
1678 4162 1786 4202 non
1805 4155 2053 4218 possunt.

786 4234 1101 4292 Anacletus
1132 4234 1190 4289 in
1223 4235 1475 4301 Decret.,
1508 4250 1597 4305 ep.
1631 4236 1685 4288 3.

483 4330 559 4397 (3,
593 4344 650 4399 q.
683 4328 737 4396 5,
767 4342 817 4382 c.
857 4322 1254 4393 Accusatores.)
1285 4323 1488 4378 Testes
1519 4327 1713 4378 autem
1764 4340 1895 4381 esse
1939 4344 2055 4383 non

412 4421 681 4489 possunt,
710 4414 809 4487 qui
840 4418 973 4469 ante
1004 4412 1349 4467 hesternum
1380 4412 1557 4481 diem,
1592 4416 1693 4467 aut
1716 4414 2057 4472 nudiuster-

410 4507 530 4561 tius
559 4504 787 4560 inimici
821 4504 1078 4569 fuerunt,
1125 4517 1193 4555 ne
1242 4500 1373 4556 irati
1426 4517 1632 4557 nocere
1680 4504 1941 4576 cupiant,
1986 4524 2056 4563 ne

411 4596 534 4651 laesi
567 4592 772 4648 ulcisci
813 4590 1012 4646 velint.
1067 4590 1396 4645 Inotl‘ensus
1441 4589 1624 4661 igitur
1668 4599 1973 4649 accusator
2002 4602 2058 4652 et

410 4682 651 4738 testium
684 4681 926 4735 atl‘ectus
959 4678 1307 4746 quaerendus
1336 4682 1425 4734 est
1466 4683 1523 4735 et
1568 4696 1681 4735 non
1722 4689 2053 4753 suspectus.

414 4788 547 4843 CAP.
582 4785 863 4841 LXXXV.
899 4784 1315 4857 Consanguinei
1366 4785 1450 4840 vel
1496 4786 1808 4855 familiares
1854 4790 2053 4847 adver-

637 4873 722 4913 sos
748 4866 1039 4913 extraneos
1067 4856 1447 4912 testimonium
1477 4873 1588 4911 non
1618 4858 1822 4915 dicant.

465 4945 724 5003 Calixtus
756 4962 907 5018 papa
936 4945 993 5000 in
1026 4944 1276 5011 Decret.,
1309 4961 1400 5016 ep.
1431 4946 1485 5013 2,
1521 4946 1591 4999 ad
1633 4946 1811 5017 episc.
1854 4949 2002 5009 Gal].

486 5036 559 5105 (3,
593 5051 648 5106 q.
682 5036 737 5103 5,
771 5050 821 5090 c.
870 5032 1325 5104 Consanguinei.)
1379 5034 1808 5105 Consanguinei
1855 5039 2055 5095 adver-

411 5140 514 5181 sus
543 5129 849 5179 extraneos
878 5121 1283 5178 testimonium
1316 5137 1431 5175 non
1470 5120 1670 5177 dicant
1735 5142 1838 5181 nec
1893 5128 2058 5185 fami-

408 5213 584 5269 liares
614 5212 685 5268 de
714 5213 915 5268 eadem
941 5212 1112 5267 domo
1141 5209 1519 5281 prodeuntes,
1542 5211 1640 5265 sed
1663 5211 1711 5266 si
1741 5208 2053 5288 voluerint,

406 5310 465 5358 et
493 5301 741 5357 invicem
768 5299 1199 5365 consenserint,
1230 5298 1384 5352 inter
1415 5314 1477 5353 se
1508 5302 1919 5360 tantummodo
1953 5324 2052 5379 pa-

408 5395 599 5446 rentes
631 5390 1025 5445 testificentur
1056 5392 1113 5443 et
1146 5404 1261 5443 non
1295 5387 1351 5441 in
1406 5385 1574 5441 alios.
1629 5388 1826 5461 Neque
1876 5398 2053 5453 testes

406 5480 661 5550 suspecti
694 5478 1073 5549 recipiantur,
1106 5478 1245 5547 quia
1276 5476 1735 5548 pr0pinquitatis
1766 5486 1824 5536 et
1876 5484 2053 5541 Iami-

406 5567 679 5623 liaritatis
690 5582 759 5621 ac
775 5564 1176 5621 damnationis
1194 5565 1423 5622 affectio
1444 5564 1751 5623 veritatem
1769 5568 2053 5643 impedire

2168 3551 2394 3617 putent,
2428 3552 2485 3603 et
2517 3548 2825 3618 pecuniam
2859 3549 3030 3620 quasi
3061 3549 3390 3605 mercedem
3435 3549 3789 3621 prudentiae.

2167 3653 2300 3709 CAP.
2339 3652 2613 3709 LXXXVI.
2646 3653 2967 3710 Sacerdotes
2991 3671 3258 3711 accusare
3288 3657 3373 3711 vel
3416 3655 3478 3710 in
3526 3671 3622 3712 eos
3670 3655 3817 3710 testi-

2238 3724 2400 3850 ﬁlcari
2427 3741 2539 3781 non
2568 3726 2770 3796 valent,
2804 3725 2901 3796 qui
2930 3726 3001 3782 ad
3029 3727 3407 3784 sacerdotium
3447 3728 3816 3799 prohibentur

2239 3812 2268 3850 e
2294 3812 2404 3850 un.

2239 3812 2378 3866 eligi
2391 3836 2404 3853 .

2233 3885 2463 3939 Damas.
2500 3885 2559 3939 in
2591 3885 2839 3955 Decret.,
2866 3902 2962 3959 ep.
3000 3888 3055 3953 3,
3088 3887 3159 3943 ad
3190 3886 3469 3959 Stephan.
3505 3888 3769 3959 archiep.

2239 3972 2313 4042 (2,
2347 3987 2403 4041 q.
2435 3972 2489 4041 7,
2524 3988 2572 4027 c.
2622 3973 2837 4044 Testes.)
2878 3975 3083 4029 Testes
3139 3975 3361 4046 absque
3409 3974 3533 4031 ulla
3584 3975 3818 4030 infamia

2168 4064 2270 4115 aut
2300 4060 2635 4131 suspicione
2663 4062 2751 4117 vel
2784 4062 3098 4119 manifesta
3128 4064 3363 4120 macula
3402 4069 3460 4119 et
3509 4080 3649 4119 vera
3693 4064 3815 4119 ﬁdei

2170 4147 2534 4219 plenitudine
2564 4149 2836 4205 instructi
2858 4167 2986 4206 esse
3019 4151 3252 4219 debent,
3276 4156 3333 4208 et
3353 4150 3507 4207 tales
3524 4153 3738 4224 quales
3754 4152 3815 4206 ad

2169 4237 2563 4293 sacerdotium
2593 4238 2807 4310 eligere
2838 4239 3038 4295 divina
3070 4241 3244 4311 jubet
3288 4241 3641 4308 auctoritas,
3684 4258 3817 4313 quo-

2170 4328 2328 4383 niam
2364 4335 2428 4384 ut
2452 4328 2830 4400 antiquorum
2853 4330 3098 4387 tradidit
3123 4332 3462 4401 auctoritas,
3491 4334 3817 4388 sacerdotes

2167 4417 2466 4473 criminari
2502 4434 2618 4474 non
2642 4424 2912 4490 possunt,
2937 4435 3042 4474 nec
3063 4419 3122 4475 in
3149 4437 3247 4477 eos
3271 4420 3604 4491 testiﬁcari,
3625 4422 3725 4493 qui
3754 4423 3811 4475 ad

2167 4508 2436 4563 eumdem
2452 4523 2567 4561 non
2584 4507 2819 4576 debent,
2846 4524 2950 4563 nec
2975 4514 3225 4580 possunt
3246 4510 3488 4582 provehi
3513 4510 3810 4566 honorem.

2167 4598 2311 4651 Item
2338 4595 2701 4665 :homicidas,
2726 4596 2998 4663 maleﬁci,
3020 4598 3202 4663 fures,
3224 4598 3812 4670 sacrilegi,raptores,

2166 4684 2428 4754 venefici,
2460 4685 2734 4753 adulteri,
2768 4686 2868 4757 qui
2901 4691 3136 4759 raptum
3169 4688 3453 4756 fecerunt,
3483 4686 3576 4742 vel
3612 4688 3811 4743 falsum

2167 4778 2567 4833 testimonium
2601 4777 2891 4845 dixerunt,
2909 4795 3011 4834 seu
3038 4780 3139 4852 qui
3161 4781 3233 4835 ad
3257 4779 3572 4852 sortilegos
3598 4797 3811 4852 magos-

2166 4884 2279 4939 que
2305 4872 2711 4938 cucurrerunt,
2744 4866 3082 4924 nullatenus
3131 4869 3203 4924 ad
3240 4867 3683 4925 accusationem
3735 4868 3806 4923 vel

2167 4956 2236 5011 ad
2270 4956 2677 5011 testimonium
2708 4960 2883 5012 erunt
2914 4958 3293 5013 admittendi.

2165 5060 2298 5117 CAP.
2336 5061 2664 5117 LXXXVII.
2697 5064 2962 5137 Accusare
2990 5079 3098 5137 non
3126 5070 3302 5136 potest
3342 5066 3601 5137 proditor
3651 5079 3803 5137 neque

2796 5135 3183 5192 calumniator.

2604 5222 2850 5295 Iguinus
2880 5241 3034 5296 papa
3064 5226 3123 5281 in
3156 5225 3387 5282 Decret.

2236 5313 2552 5368 Proditoris
2579 5329 2715 5369 vero
2747 5331 2851 5370 nec
2882 5316 3329 5374 calumniatoris
3360 5333 3472 5373 vox
3518 5318 3803 5373 audiatur.

2162 5398 2391 5454 Nemini
2425 5402 2494 5455 de
2525 5416 2585 5456 se
2618 5403 2884 5459 confesso
2916 5406 3072 5460 credi
3124 5409 3321 5477 potest
3368 5422 3554 5477 super
3599 5407 3803 5461 crimen

2162 5488 2440 5561 alienum,
2501 5490 2784 5561 quoniam
2835 5492 2964 5562 ejus
3017 5493 3097 5547 rei
3150 5495 3439 5565 professio
3486 5493 3806 5566 periculosa

2160 5582 2271 5647 est,
2304 5583 2363 5635 et
2392 5579 2626 5635 admitti
2651 5595 2765 5635 non
2798 5581 2989 5638 debet.
