4000 6054
186 258 327 314 1201

185 384 328 438 CAP.
364 382 714 437 LXXXVIII.
748 384 1021 440 Accusare
1062 400 1173 438 non
1196 388 1423 455 possunt
1452 382 1659 438 erroris
1689 383 1844 451 socii,
1876 384 1930 447 Α

405 459 456 509 et
495 456 672 509 sacris
722 458 951 510 Patrum
995 457 1200 525 regulis
1233 456 1626 512 inobedientes.

260 561 342 633 (3,
365 577 422 632 q.
455 562 501 629 4,
524 577 575 615 c.
608 559 795 615 Alieni
822 563 1077 633 erroris.)
1108 561 1382 618 Similiter
1412 561 1584 618 alieni
1630 559 1844 617 erroris

182 650 335 706 socii
368 648 455 705 vel
489 666 522 705 a
552 648 644 705 sui
661 650 990 706 voluntarie
1023 651 1305 722 propositi
1320 651 1553 706 tramite
1576 650 1844 705 receden-

177 742 327 804 tem,
362 742 466 793 aut
494 738 681 794 sacris
715 738 954 794 Patrum
987 738 1205 811 regulis
1236 743 1293 794 et
1321 737 1844 794 constitutionibus

180 827 625 883 inobedientem
681 827 983 899 suscipere
1039 845 1155 883 non
1216 844 1533 899 possumus
1590 842 1694 881 nec
1744 827 1842 880 de-

182 915 420 971 bemus.

260 1025 324 1079 In
351 1022 580 1079 decretis
611 1022 879 1093 Sylvestri
905 1038 1089 1095 papae,
1120 1024 1285 1095 capit.
1322 1025 1374 1079 3.
1399 1054 1467 1064 -—
1498 1023 1773 1095 Sylvester

362 1111 508 1166 papa
538 1096 562 1149 l
592 1097 653 1149 in
696 1096 921 1166 Epilogo
963 1095 1112 1151 brevi
1150 1097 1378 1152 concilii
1408 1095 1661 1151 Romani.

178 1201 317 1257 CAP.
357 1200 641 1257 LXXXIX.
668 1200 909 1269 Quilibet
955 1202 1188 1257 clericus
1237 1219 1348 1259 non
1398 1205 1477 1258 est
1520 1203 1578 1257 in
1621 1200 1841 1273 publico

820 1274 1248 1330 examinandus.

366 1360 659 1433 Sylvester
682 1378 817 1434 pap.
849 1362 909 1416 in
943 1362 1169 1418 Decret.
1209 1367 1266 1419 et
1294 1378 1456 1418 conc.
1492 1362 1657 1418 Rom.

253 1469 369 1540 (II,
399 1484 455 1539 q.
497 1470 547 1535 1,
574 1485 625 1524 c.
662 1469 1097 1541 Testimonium.)
1126 1469 1420 1542 Sylvester
1444 1486 1596 1541 papa
1623 1469 1682 1523 in
1740 1485 1837 1541 ge-

178 1559 371 1615 nerali
403 1558 671 1613 residens
704 1560 925 1630 synodo
959 1558 1137 1614 dixit:
1176 1559 1383 1614 Nullus
1411 1558 1597 1613 laicus
1629 1559 1839 1614 audeat

179 1648 401 1704 inferre
424 1647 644 1703 crimen
687 1646 916 1703 clerico.
952 1648 1380 1704 Testimonium
1412 1653 1609 1704 autem
1641 1647 1836 1703 clerici

1495 259 1896 315 PANORMIA.
1936 285 2005 297 --
2044 259 2176 311 LIB.
2221 259 2317 310 IV.

3470 264 3609 319 1202

2072 381 2210 436 CAP.
2243 381 2428 437 XCIV.
2458 384 2763 454 Gregorius
2781 384 2993 440 Joanni
3011 384 3315 457 defensori,
3338 402 3387 442 ο.
3408 388 3497 442 40.

2028 489 2110 558 (C.
2147 489 2314 555 Licet,
2354 488 2508 543 Extr.
2543 489 2624 545 De
2655 492 2784 544 test.
2845 493 2902 545 et
2956 492 3127 547 Barb.
3181 491 3225 549 ι.
3266 494 3399 551 Test.
3440 512 3491 552 c.
3523 496 3605 552 De

1953 580 2111 647 test.,
2144 582 2201 632 et
2228 578 2282 645 3,
2316 594 2375 649 q.
2407 579 2538 648 9,42.
2571 580 2643 633 De
2662 578 3199 649 his.)Quasrendum
3224 585 3604 640 utrumtesti-

1954 666 2217 721 monium
2243 682 2311 722 ex
2342 667 2543 722 auditu
2576 667 2852 733 dixerint,
2875 672 2976 723 aut
3005 670 3338 740 specialiter
3356 676 3510 729 certe
3541 690 3604 731 se

1953 754 2104 813 scire
2135 756 2335 812 testati
2367 757 2587 825 sunt,si
2621 756 2858 826 scriptis
2882 757 3209 827 judicatum
3243 760 3320 814 sit
3339 766 3397 815 et
3418 763 3601 832 parti-

1951 844 2062 899 bus
2096 845 2489 916 praesentibus
2549 845 2841 901 sententia
2898 846 3139 902 recitata
3194 853 3302 904 est.
3355 850 3517 914 Quod
3550 852 3600 907 si

1949 935 2097 989 forte
2123 933 2239 989 haec
2270 934 2615 990 solemniter
2646 940 2775 990 acta
2808 952 2923 991 non
2980 940 3142 1003 sunt,
3176 953 3365 1009 neque
3424 956 3604 996 causa

1948 1024 2198 1094 probata
2220 1028 2309 1078 est
2338 1023 2436 1095 qui
2471 1023 2675 1078 exsilio
2705 1023 2791 1079 vel
2825 1024 3187 1095 depositione
3220 1025 3398 1096 digna
3428 1029 3602 1095 sit,in

1951 1110 2266 1167 Ecclesium
2301 1128 2469 1167 suam
2503 1112 2692 1168 modis
2724 1113 3002 1168 omnibus
3024 1118 3385 1171 revocentur.

1950 1219 2086 1274 CAP.
2118 1218 2274 1275 XCV.
2316 1221 2455 1275 Pius
2499 1236 2670 1297 papa,
2712 1221 2832 1297 Vlll
2857 1237 2891 1274 a
2949 1225 3135 1291 Petro,
3193 1224 3469 1292 fratribus
3495 1242 3601 1297 per

2597 1293 2942 1363 Hispaniam.

2018 1377 2355 1451 Apostolus,
2391 1379 2607 1449 inquit,
2641 1381 2921 1436 adversus
2952 1382 3358 1454 presbyterum
3392 1384 3599 1441 inscri-

1950 1470 2208 1540 ptionem
2234 1485 2349 1523 non
2380 1484 2511 1524 esse
2544 1468 2963 1541 recipiendam,
2997 1471 3223 1542 absque
3247 1474 3479 1529 duobus
3510 1474 3597 1530 vel

1946 1558 2142 1614 tribus
2172 1558 2399 1613 idoneis
2425 1557 2676 1614 testibus
2707 1559 2752 1629 (ι
2785 1558 2920 1615 Tim.
2974 1562 3046 1631 v).
3107 1561 3165 1615 Si
3200 1561 3322 1618 haec
3367 1563 3433 1617 de
3463 1579 3593 1635 pre-

1946 1648 2197 1719 sbyteris
2229 1646 2316 1702 vel
2374 1646 2593 1703 caeteris
2651 1646 2927 1703 ﬁdelibus
2975 1651 3352 1720 praecavenda
3435 1656 3594 1718 sunt,

184 1737 472 1792 adversus
526 1735 742 1791 Iaicum
805 1753 976 1792 nemo
1027 1737 1330 1807 suscipiat.
1374 1736 1662 1793 Clericum
1703 1754 1836 1793 vero
1867 1749 1913 1813 Β
1946 1740 2165 1808 quanto
2201 1737 2390 1808 magis
2417 1737 2487 1791 de
2509 1735 2801 1808 episcopis
2824 1736 2923 1792 ‘lIn
2938 1753 3029 1793 ore
3046 1740 3286 1795 duorum
3316 1740 3401 1795 vel
3419 1740 3593 1795 trium

185 1824 517 1898 quemlibet
544 1825 598 1880 in
634 1825 868 1897 publico
928 1843 1098 1882 nemo
1131 1827 1465 1882 examinare
1495 1832 1833 1898 praesumat,

183 1914 304 1969 nisi
338 1914 395 1969 in
428 1912 706 1969 Ecclesia.

183 2022 324 2077 CAP.
358 2020 465 2075 XC.
500 2022 702 2076 Nullus
738 2022 965 2076 clericus
994 2023 1277 2092 inferioris
1334 2024 1553 2077 ordinis
1579 2038 1836 2077 accusare

254 2096 556 2175 praesumat
579 2093 853 2147 clericum
907 2094 1214 2165 superioris
1262 2094 1495 2164 ordinis,
1526 2110 1626 2150 nec
1660 2095 1834 2149 laicus

253 2180 585 2235 episcopum.

468 2253 758 2325 Sylvester
786 2271 939 2326 papa
992 2254 1051 2310 in
1086 2256 1336 2321 Decret.,
1396 2271 1445 2309 c.
1479 2255 1537 2311 3.

254 2344 317 2396 In
353 2357 640 2397 consensu
675 2342 1107 2414 subscriptione
1139 2343 1403 2397 omnium
1442 2342 1829 2398 constitutum

179 2433 292 2497 est,
327 2433 392 2484 ut
423 2430 620 2485 nullus
651 2431 835 2486 laicus
867 2432 1139 2502 episcopo
1170 2431 1257 2486 vel
1303 2431 1474 2485 alicui
1527 2433 1583 2485 in
1617 2432 1834 2486 ordini-

180 2518 295 2572 bus
329 2517 542 2590 posito,
576 2519 795 2573 crimen
830 2519 1067 2590 aliquod
1125 2519 1312 2591 possit
1363 2520 1597 2589 inferre,
1657 2526 1713 2575 et
1768 2525 1832 2574 ut

180 2608 489 2679 presbyter
514 2608 794 2663 adversus
820 2608 1184 2680 episcopum,
1218 2607 1502 2664 diaconus
1551 2609 1833 2664 adversus

181 2696 1014 2768 presbyterum,subdiaconus
1046 2699 1324 2753 adversus
1356 2697 1833 2763 diaconum,aco-

184 2786 382 2857 Iytbus
416 2787 693 2841 adversus
724 2786 1177 2853 subdiaconum,
1208 2786 1496 2841 exorcista
1552 2787 1833 2842 adversus

185 2873 546 2946 acolythum,
595 2874 779 2930 lector
834 2876 1115 2931 adversus
1147 2874 1519 2943 exorcistam,
1553 2875 1831 2931 ostiarius

186 2963 469 3018 adversus
511 2962 788 3018 lectorem
823 2963 981 3019 nullo
1015 2964 1187 3019 modo
1218 2962 1478 3035 aliquam
1515 2968 1833 3035 praesumat

187 3052 379 3107 dicere
410 3052 867 3107 accusationem.

184 3159 318 3213 CAP.
352 3160 486 3214 XCI.
523 3160 915 3231 Quottestibus
944 3162 1229 3230 episcOpus
1274 3160 1361 3214 vel
1414 3162 1703 3231 presbyter
1746 3161 1830 3215 vel

470 3230 678 3302 reliqui
706 3232 896 3287 clerici
923 3235 1051 3286 sunt
1080 3230 1543 3286 communicandi.

254 3317 331 3388 (2,
365 3334 421 3390 q.
448 3320 501 3389 5,
536 3336 585 3374 c.
613 3321 865 3389 Praesul.)
899 3321 1118 3376 l‘reesul
1170 3326 1363 3375 autem
1419 3337 1533 3375 non
1579 3322 1828 3376 damna-

185 3405 347 3460 bitur
375 3407 487 3463 nisi
521 3408 580 3463 in
616 3426 764 3464 Lxxn
798 3409 1069 3464 testibus.
1109 3410 1410 3480 Presbyter
1464 3414 1661 3464 autem
1712 3426 1831 3464 car-

186 3496 554 3565 dinalis,nisi
587 3499 647 3553 in
679 3517 750 3553 xL
778 3500 1030 3553 testibus
1063 3516 1176 3553 non
1209 3499 1608 3564 damnabitur,
1641 3498 1829 3554 diaco-

186 3603 297 3641 nus
329 3590 525 3641 autem
557 3587 875 3641 cardinalis
904 3587 1065 3647 urbis
1096 3590 1289 3641 Romae
1322 3586 1433 3639 nisi
1480 3586 1537 3640 in
1561 3602 1711 3641 xxvn
1743 3592 1829 3641 te-

185 3676 375 3730 stibus
408 3692 524 3730 non
558 3676 955 3730 damnabitur.
1017 3674 1446 3738 Subdiaconus,
1505 3674 1830 3746 acolythus,

187 3763 494 3827 cxorcista,
526 3762 731 3829 lector,
782 3762 1060 3818 ostiarius
1094 3763 1207 3817 nisi
1234 3762 1293 3816 in
1320 3779 1399 3816 vu
1430 3762 1683 3818 testibus
1714 3780 1828 3819 non

185 3852 752 3906 condemnabuntur.
773 3852 975 3908 Testes
1007 3857 1202 3907 autem
1228 3856 1283 3907 et
1311 3857 1682 3908 accusatores
1705 3853 1831 3907 sine

186 3940 381 4010 aliqua
413 3940 533 3995 sint
565 3940 830 3995 infamia.

290 4046 425 4100 CAP.
448 4046 619 4101 XCII.
650 4046 879 4116 lnfamis
910 4048 993 4103 vel
1035 4049 1353 4117 sacrilegus,
1407 4049 1724 4118 religiosum

465 4119 851 4174 Christianum
906 4134 1163 4174 accusare
1208 4135 1319 4173 non
1353 4127 1543 4190 potest.

186 4207 529 4263 Euticianus
562 4208 618 4260 in
650 4207 900 4272 Decret.,
933 4222 1024 4278 ep.
1056 4211 1109 4275 2,
1172 4208 1397 4262 advers.
1451 4207 1629 4278 episc.
1669 4206 1828 4263 Sicil.

256 4305 329 4374 (3,
364 4320 421 4375 q.
448 4306 499 4370 4,
528 4321 577 4359 c.
611 4304 764 4359 Nulli
796 4307 1085 4375 unquam.)
1117 4303 1266 4358 Nulli
1308 4321 1569 4376 unquam
1605 4304 1830 4375 infami,

189 4397 355 4463 atque
389 4392 668 4463 sacrilego
696 4393 765 4447 de
799 4408 1149 4464 quocunque
1174 4391 1343 4447 liceat
1365 4393 1597 4464 negotio
1626 4393 1829 4447 adver-

1945 1825 2167 1881 testium
2198 1830 2305 1880 stat
2334 1840 2494 1880 omne
2522 1826 2746 1880 verbum
2786 1825 2995 1895 (Matth.
3028 1829 3211 1897 xvm).

2229 1937 2367 1989 CAP.
2400 1931 2595 1987 XCVI.
2630 1930 2935 2003 Stephanus
2970 1934 3022 1988 γ.
3058 1935 3295 1991 Astullo.

2017 2034 2091 2102 (2,
2124 2047 2181 2103 q.
2215 2032 2271 2101 4,
2293 2046 2343 2086 c.
2382 2029 2608 2085 Veniens
2628 2049 2652 2095 ,-
2682 2034 2827 2086 extr.
2864 2035 2948 2085 De
2968 2032 3242 2103 testibus.)
3266 2033 3382 2089 Nec
3402 2039 3597 2090 Evan-

1942 2121 2189 2194 gelium,
2221 2136 2327 2175 nec
2362 2118 2481 2174 ulla
2512 2118 2711 2174 divina
2740 2119 3120 2191 humanaque
3150 2122 3263 2193 lex,
3299 2124 3478 2178 unius
3508 2128 3595 2179 te-

1943 2210 2221 2266 stimonio
2244 2209 2421 2264 etiam
2456 2207 2685 2273 idoneo,
2718 2208 3057 2280 quempiam
3107 2211 3463 2266 condemnat
3506 2211 3593 2265 vel

1935 2299 2243 2370 justificat.

2017 2388 2151 2443 CAP.
2186 2386 2401 2442 XCVII.
2458 2387 2597 2454 Quot
2651 2386 2879 2441 testibus
2928 2386 3155 2457 quisque
3198 2387 3520 2443 clericorum

2508 2460 2759 2513 convinci
2801 2458 3024 2513 debeat.

2444 2549 2629 2603 Conc.
2660 2551 2825 2601 Brac.
2858 2563 2921 2611 ιι,
2955 2563 3004 2601 c.
3036 2547 3091 2602 9.

2016 2638 2090 2707 (2,
2123 2653 2180 2707 q.
2209 2636 2259 2700 4,
2294 2652 2343 2690 c.
2379 2636 2641 2703 Placuit.)
2674 2634 2900 2689 Placuit
2950 2640 3015 2689 ut
3046 2635 3094 2689 si
3154 2636 3289 2707 quis
3333 2635 3590 2707 aliquem

1942 2726 2285 2781 clericorum
2312 2724 2553 2779 maculas
2577 2723 2980 2779 fornicationis
3012 2724 3591 2795 impetit,secundum

1943 2819 2298 2886 praeceptum
2330 2812 2492 2867 Pauli
2525 2810 2775 2883 apostoli
2804 2813 2922 2866 duo
2970 2812 3056 2866 vel
3118 2812 3231 2868 tria
3262 2814 3596 2871 testimonia

1944 2903 2514 2975 requirantur.Quod
2549 2903 2597 2958 si
2632 2919 2744 2957 non
2776 2900 3206 2973 potucritdatis
3234 2904 3594 2960 testimoniis

1944 2993 2269 3065 approbare
2301 2993 2455 3064 quod
2493 2991 2660 3058 dixit,
2710 2994 3375 3057 excommunicationem
3418 3010 3591 3049 accu-

1862 3113 1905 3180 Ο
1945 3090 2106 3139 sator
2134 3081 2402 3153 accipiat.

1942 3190 2074 3246 CAP.
2118 3188 2357 3244 XCVIII.
2406 3188 2662 3245 Venienti
2710 3187 3126 3314 adtiudicium,
3186 3188 3423 3244 induciae
3477 3206 3587 3246 non

2609 3276 2785 3314 neaan
2815 3276 2903 3314 ur.

2609 3276 2903 3329 negantur.

2400 3348 2557 3403 Felix
2585 3347 2910 3403 Anastasio.
2944 3362 2995 3403 ο.
3029 3350 3117 3403 Il.

2012 3440 2087 3509 (3,
2120 3455 2177 3508 q.
2201 3439 2256 3504 3,
2292 3454 2341 3492 c.
2376 3436 2509 3490 Cum
2539 3437 2874 3507 accusatus.)
2905 3436 3061 3491 Felix
3100 3452 3251 3507 papa
3301 3436 3359 3490 in
3394 3436 3582 3508 primo

1943 3525 2228 3582 Decretali
2260 3528 2538 3580 suo.Cum
2571 3529 2883 3579 accusatus
2914 3524 2985 3579 ad
3008 3523 3304 3594 judicium
3337 3525 3583 3593 venerit,

1941 3616 1990 3672 si
2023 3614 2291 3683 voluerit,
2322 3617 2379 3667 et
2408 3628 2646 3668 necesse
2686 3612 2882 3680 fuerit,
2915 3612 3167 3668 induciis
3215 3613 3266 3667 ei
3307 3613 3526 3685 petenti
3554 3630 3589 3669 a

1938 3702 2208 3759 Pati-ibus
2238 3702 2566 3757 constitutae
2589 3700 2812 3772 absque
2829 3701 3242 3770 impedimento
3263 3702 3588 3757 concedan-

1941 3796 2058 3858 tur,
2091 3790 2397 3860 etjudices
2427 3806 2461 3844 a
2490 3806 2552 3844 se
2570 3788 2733 3844 electi
2767 3789 3123 3846 tribuantur.

1941 3899 2085 3976 CAP.
2113 3895 2301 3976 CXIX.
2349 3898 2656 3950 Accusatus
2692 3900 2905 3976 .potest,
2956 3897 3012 3976 si
3063 3896 3336 3976 timuerit,
3385 3898 3591 3976 eligere

2012 3969 2120 4023 sibi
2138 3970 2314 4023 locum
2343 3984 2650 4037 congruum
2679 3967 2742 4020 in
2797 3982 2902 4037 quo
2948 3967 3150 4037 absque
3198 3967 3394 4023 timore
3433 3971 3595 4023 testes

2012 4041 2215 4096 habere
2244 4040 2441 4094 valeat.

2011 4133 2087 4184 Ut
2118 4129 2177 4183 in
2210 4128 2334 4183 loco
2366 4127 2520 4182 unde
2551 4134 2634 4181 est
2667 4125 2763 4180 ille
2795 4124 2894 4196 qui
2927 4130 3261 4194 accusatur,
3294 4129 3396 4180 aut
3426 4124 3476 4181 si
3508 4117 3589 4180 ibi

1941 4216 2197 4287 aliquam
2231 4215 2553 4270 temerariae
2599 4213 3000 4269 multitudinis
3032 4214 3148 4268 vim
3182 4216 3477 4283 metuerit,
3510 4214 3591 4269 lo-

1942 4322 2075 4361 cum
2110 4305 2221 4360 sibi
2251 4319 2576 4375 congruum
2610 4304 2807 4374 eligat,
2840 4318 2954 4372 quo
3008 4304 3234 4373 absque
3272 4302 3503 4369 timore,
3538 4303 3587 4356 si

1944 4410 2182 4449 necesse
2210 4394 2383 4447 fuerit
2414 4391 2501 4447 vel
2542 4392 2965 4462 expoposccrit,
3028 4395 3206 4447 testes
3258 4391 3474 4447 habere
3533 4396 3592 4447 et

190 4498 287 4536 sus
317 4480 657 4552 religiosum
678 4482 1107 4551 Christianum,
1132 4482 1405 4552 quamvis
1439 4481 1683 4536 humilis
1706 4498 1828 4536 ser-
1865 4471 1910 4535 D
1944 4486 2167 4555 absque
2195 4482 2609 4553 impedimento
2642 4497 2810 4536 suam
2843 4480 3122 4536 canonice
3154 4481 3506 4537 sententiam
3522 4482 3591 4535 li-

188 4569 429 4638 vilisque
453 4586 699 4640 persona
730 4571 827 4635 sit,
852 4570 1259 4624 testimonium
1292 4571 1563 4639 dare,nec
1595 4571 1665 4624 de
1696 4586 1832 4640 qua-

190 4658 327 4711 libet
354 4674 434 4726 re,
466 4658 691 4713 actione
722 4659 807 4712 vel
853 4658 1237 4728 inscriptione
1278 4658 1681 4712 Christianum
1716 4657 1830 4711 im-

193 4751 399 4817 petere.

191 4860 314 4907 CAP.
372 4852 554 4908 XCIII.
594 4854 767 4907 Testes
808 4869 919 4907 non
975 4852 1159 4906 dicant
1192 4854 1586 4916 testimonium,
1617 4854 1735 4907 nisi
1762 4853 1827 4907 tle

322 4924 410 4978 Itis
442 4939 566 4995 qua:
590 4925 1025 4993 praesentialiter
1050 4928 1101 4979 et
1128 4927 1397 4979 veraciter
1424 4926 1695 4979 noverint.

430 5011 690 5068 Calixtus
721 5029 872 5084 papa
903 5029 994 5083 ep.
1026 5013 1083 5079 2,
1116 5013 1185 5067 ad
1220 5014 1400 5084 episc.
1436 5012 1582 5067 Gall.

258 5112 333 5179 (3,
368 5126 423 5179 q.
455 5110 511 5179 9,
546 5125 594 5163 c.
626 5109 843 5175 Testes.)
875 5109 1077 5164 Testes
1115 5126 1217 5179 per
1245 5124 1661 5181 quamcunque
1684 5110 1831 5165 scri-

192 5208 420 5274 pturam
456 5198 859 5253 testimonium
894 5215 1011 5251 non
1043 5200 1363 5269 proferant,
1395 5201 1492 5252 sed
1516 5204 1831 5269 praesentes

191 5307 254 5344 cx
282 5290 374 5343 bis
397 5304 526 5358 quis
558 5291 951 5358 cognoverunt
972 5292 1030 5341 et
1059 5287 1333 5342 viderunt
1365 5287 1646 5342 veraciter
1676 5286 1832 5341 testi-

194 5378 448 5434 monium
473 5375 690 5430 dicant.
726 5375 841 5430 Nec
901 5376 970 5429 de
1019 5375 1148 5430 aliis
1200 5376 1393 5430 causis
1451 5375 1539 5430 vel
1588 5374 1831 5443 negotiis

196 5466 595 5527 testimonium
627 5466 967 5536 dicant,nisi
1001 5467 1070 5521 de
1102 5466 1193 5523 his
1224 5482 1350 5537 quas
1383 5466 1492 5520 sub
1526 5463 1832 5537 praesentia

195 5576 389 5619 eorum
422 5557 573 5612 facta
594 5570 721 5612 esse
739 5559 1083 5612 noscuntur.

1942 4573 2069 4627 nire
2098 4570 2308 4639 valeat,
2342 4570 2480 4642 quia
2516 4587 2620 4641 per
2659 4568 3099 4639 subreptionem
3143 4569 3331 4624 multa
3362 4570 3590 4625 evenire

1942 4660 2153 4716 solent.

2049 4766 2186 4821 CAP.
2220 4765 2280 4820 C.
2315 4767 2452 4819 Ante
2485 4766 2698 4819 exitum
2738 4778 2921 4820 causa?
2962 4780 3062 4835 per
3088 4765 3517 4836 appellationem

2548 4836 2797 4891 recedere
2822 4836 2967 4892 licet.

2110 4925 2455 4980 Euticianus
2487 4941 2634 4995 papa
2683 4924 2974 4996 episcopis
3021 4924 3205 4993 Sicil.,
3237 4941 3327 4997 ep.
3360 4926 3415 4980 2.

2018 5026 2089 5091 (2,
2124 5024 2257 5093 q.6.
2292 5039 2341 5077 c.
2404 5023 2521 5077 Non
2571 5024 2695 5093 ita.)
2752 5026 2876 5077 Non
2923 5022 3005 5078 ita
3062 5021 3118 5075 in
3174 5020 3590 5077 ecclesiasticis

1941 5112 2231 5182 agendum
2263 5110 2533 5182 negotiis,
2566 5111 2716 5165 sicut
2742 5111 2797 5165 in
2823 5109 3368 5166 saecularibusNam
3403 5110 3460 5164 in
3485 5127 3590 5164 sa:-

1944 5200 2270 5267 cularibus,
2301 5206 2612 5271 postquam
2655 5200 2886 5270 legibus
2927 5206 3163 5253 vocatus
3193 5197 3416 5253 venerit
3445 5203 3502 5252 et
3530 5198 3589 5251 in

1942 5288 2066 5342 toro
2092 5287 2389 5342 decertare
2418 5288 2657 5358 cmperit
2686 5286 2924 5357 aliquis,
2959 5303 3071 5339 non
3102 5284 3237 5339 licet
3281 5291 3415 5340 ante
3459 5302 3591 5357 per-

1944 5382 2132 5432 actam
2167 5393 2401 5431 causam
2432 5377 2719 5431 recedere.
2739 5375 2799 5428 In
2833 5372 3246 5429 ecclesiasticis
3276 5391 3407 5430 vero
3438 5374 3591 5430 dicta

1941 5481 2121 5521 causa
2152 5467 2415 5520 recedere
2438 5464 2573 5520 licet
2602 5464 2647 5517 si
2674 5479 2909 5517 necesse
2941 5463 3241 5528 I'uerit,aut
3273 5462 3322 5517 si
3353 5478 3415 5518 se
3443 5480 3586 5536 prte-

1939 5552 2167 5625 gravari
2216 5553 2442 5608 viderit.
