3938 6074
365 270 504 324 1203

1452 276 1520 326 D.
1562 273 1801 326 IVONIS
1839 272 2340 327 CARNOTENSIS
2378 272 2694 326 EPISCOPI

3651 265 3813 319 1204

1803 442 1902 500 DE
1945 441 2310 503 lNDUCIIS.

433 576 580 632 CAP.
615 573 705 631 CI.
749 573 824 628 De
873 571 1135 646 induciis_
1173 574 1246 646 in,
1295 573 1678 630 eriminalibus
1716 575 1950 646 pulsatis
2051 578 2102 642 Α
2135 591 2356 631 annum
2389 579 2445 631 et
2474 591 2571 630 sex
2629 589 2863 631 menses
2901 573 3327 628 mandaverunt
3354 570 3620 626 concedi.
3659 571 3803 634 Qui-

1101 643 1319 702 dandis.

479 753 796 812 Damasius
823 753 1003 825 episc.
1068 756 1138 808 ad
1191 755 1390 827 Steph.
1429 756 1711 828 archiep.,
1742 772 1833 828 ep.
1857 758 1910 812 3.

442 875 604 946 (3,q.
651 878 703 941 3,
737 891 784 929 c.
837 874 1130 946 Induciae.)
1182 873 1431 929 Inducite
1489 883 1680 930 autem
1732 875 2020 931 accusatis

366 966 425 1019 in
459 963 868 1020 criminalibus
898 963 1213 1036 episcopis,
1238 981 1338 1019 sex
1370 964 1662 1019 mensium
1697 963 1783 1020 vel
1817 981 1881 1020 eo
1901 981 2022 1020 am-

369 1053 524 1124 plius
558 1056 944 1110 concedenda:
969 1060 1126 1110 sunt.

369 1189 503 1245 CAP.
554 1187 668 1245 CII.
700 1189 836 1256 Quot
866 1189 1140 1245 mensium
1163 1187 1410 1314 induciae
1431 1189 1696 1260 episcopis
1715 1188 2021 1260 praestandi

1117 1276 1216 1314 sun
1250 1302 1264 1314 .

1117 1276 1264 1316 sum.

840 1375 998 1431 Felix
1027 1375 1086 1430 in
1111 1375 1336 1431 Decret.
1371 1391 1419 1430 c.
1453 1376 1542 1429 20.

438 1493 514 1564 (3,
548 1508 601 1563 q.
635 1493 688 1561 3,
752 1508 801 1548 ο.
836 1493 910 1546 De
939 1490 1199 1546 induciis.
1233 1493 1259 1559 §
1317 1489 1562 1545 Inducti?
1620 1491 1793 1563 vero.)
1851 1491 2024 1548 Faux

369 1597 522 1654 papa
552 1582 873 1649 Romanus,
907 1582 1225 1636 Anasmsro
1281 1579 1574 1652 episcopo.
1623 1580 1874 1636 Inducize
1905 1598 2022 1637 non

368 1671 478 1727 sub
511 1675 760 1744 angusto
792 1674 1077 1742 tempore,
1112 1671 1214 1725 sed
1277 1670 1387 1725 sub
1435 1667 1609 1743 longo
1643 1671 1830 1742 spatio
1881 1688 2021 1727 con-

373 1760 643 1815 cedenda:
672 1763 926 1828 sunt,ut
957 1758 1212 1815 accusati
1256 1774 1317 1814 se
1377 1775 1723 1830 praeparare,
1784 1766 1839 1815 et
1887 1761 2024 1816 uni-

374 1865 574 1904 versos
597 1847 1129 1903 communicatorcs
1162 1847 1220 1901 in
1276 1847 1590 1918 provinciis
1633 1848 1854 1919 positos
1888 1866 2023 1904 cou-

2132 665 2266 719 dam
2299 680 2431 720 vero
2464 680 2684 720 annum
2716 663 2773 719 in
2799 679 2913 734 quo
2935 660 3174 734 plurimi
3197 659 3802 716 concordant.Minns

2131 757 2325 810 autem
2359 770 2537 826 quam
2577 769 2634 808 vr
2659 768 2891 808 menses
2921 767 3036 807 non
3068 748 3280 822 reperi.

2273 861 2409 919 CAP.
2441 862 2585 919 CIII.
2619 862 2692 916 De
2719 860 2962 915 induciis
2989 854 3325 930 praestandi:
3355 872 3405 912 c.
3433 855 3656 930 primo.

2523 950 2836 1005 Eutherius
2869 949 2928 1002 in
2961 948 3212 1016 Decret.,
3246 962 3296 1000 ο.
3334 947 3382 1000 1.

2203 1039 2276 1109 (3,
2315 1056 2372 1110 q.
2396 1039 2448 1108 3,
2483 1056 2531 1093 c.
2568 1036 2819 1094 Induviae
2843 1038 3064 1109 primo.)
3118 1035 3520 1089 Ennomsmus
3576 1036 3801 1088 Roma-

2130 1147 2216 1183 na:
2249 1128 2517 1184 Ecclesia:
2547 1125 3167 1201 episcopus,omnibus
3187 1122 3501 1196 episcopis.
3530 1121 3798 1178 Inducie

2131 1235 2244 1274 non
2277 1217 2517 1273 modicas
2553 1219 2623 1272 ad
2656 1215 3074 1288 inquirendum
3122 1212 3327 1268 dandae
3359 1217 3522 1282 sunt,
3556 1227 3630 1267 ne
3686 1211 3797 1267 ali-

2131 1310 2268 1380 quid
2301 1324 2544 1382 propere
2577 1308 2666 1379 agi
2700 1325 2732 1362 a
2763 1321 3113 1379 quacunque
3146 1309 3308 1376 parte
3337 1305 3632 1370 videatur,
3654 1306 3790 1376 quia

2132 1415 2234 1470 per
2263 1398 2704 1469 subreptionem
2730 1395 2919 1451 multa
2950 1394 3318 1466 proveniunt.

2131 1511 2266 1566 CAP.
2297 1508 2436 1562 CIV.
2472 1505 2753 1562 Sententia
2780 1503 3067 1629 deﬁnitiva
3098 1501 3257 1558 debet
3295 1500 3420 1571 ﬁeri
3466 1515 3643 1558 causa
3704 1518 3787 1557 co-

2872 1591 3051 1629 ama.

2871 1591 3051 1646 gnua.

2206 1673 2317 1745 (30,
2350 1688 2408 1744 q,
2434 1672 2490 1726 5.
2524 1687 2574 1727 c.
2604 1669 2969 1728 Judtcantem.
3001 1667 3030 1740 §
3061 1669 3168 1723 Nec
3197 1665 3611 1739 litigantibus.)
3643 1665 3790 1721 Liti-

2135 1763 2414 1834 gantibus
2447 1768 2636 1819 autem
2671 1777 2787 1816 non
2820 1760 2984 1831 prius
3015 1757 3150 1815 velit
3172 1757 3357 1828 judex
3396 1773 3505 1812 sua
3558 1761 3792 1812 senten-

2136 1853 2218 1908 tia
2250 1851 2630 1919 obviare,nisi
2663 1850 2896 1922 quando
2925 1848 3039 1920 ipsi
3062 1850 3188 1919 jam
3222 1845 3472 1919 peractis
3505 1845 3792 1901 omnibus

379 1937 576 1992 venire
607 1942 664 1991 et
693 1941 871 1992 testes
896 1951 1216 2006 prmparare
1243 1943 1416 2006 atque
1434 1936 2026 1994 contrainsidiatores
2056 1955 2104 2018 Β
2136 1940 2280 1996 nihil
2309 1941 2563 1996 habeant
2582 1940 2639 1994 in
2673 1939 2994 2011 quastione
3025 1937 3177 2007 quod
3216 1939 3640 2008 proponant,et
3661 1940 3788 1990 tan-

377 2042 440 2080 se
473 2026 721 2096 pleniter
750 2041 978 2080 armare
1009 2024 1257 2080 valeant.
1291 2025 1538 2090 Quidam
1571 2031 1764 2081 autem
1824 2028 1894 2082 ad
1931 2043 2023 2083 re-

375 2113 648 2184 pellenda
680 2115 1236 2185 impedimentorum
1271 2113 1767 2185 machinamenta,
1800 2120 1857 2171 et
1887 2133 2025 2172 suas

372 2203 790 2274 praeparandus
821 2203 1236 2273 responsiones
1267 2207 1326 2258 et
1355 2207 1537 2258 testes
1569 2205 2022 2272 confirmandos,

371 2293 429 2344 et
449 2289 696 2345 consilia
724 2290 1135 2362 episcoporum
1154 2294 1326 2360 atque
1341 2291 1663 2347 amicorum
1690 2295 2021 2364 quaerenda,

2134 2030 2231 2084 diu
2267 2029 2417 2084 actio
2447 2027 2762 2084 ventiletur
2790 2041 3098 2100 quousque
3121 2026 3189 2080 ad
3214 2024 3294 2080 rei
3323 2023 3636 2080 veritatem
3661 2041 3788 2095 per-

2130 2118 2417 2173 veniatur.
2453 2113 3174 2188 Frequenterinterrogari
3197 2118 3528 2187 Oportet,ue
3563 2113 3785 2185 aliquid

2134 2207 2593 2279 praetermissum
2652 2207 2800 2262 forte
2855 2208 3152 2262 remaneat
3182 2203 3338 2274 quod
3373 2202 3609 2259 annecti
3648 2219 3783 2258 con-

2134 2297 2349 2351 veniat.

1370 2577 1474 2636 DE
1521 2575 2349 2642 SUBTERFUGIENTIBUS
2392 2577 2789 2642 JUDICIUM.

549 2726 688 2783 CAP.
719 2726 833 2784 CV.
854 2726 1139 2784 Iudicium
1171 2744 1279 2783 non
1312 2729 1844 2802 subterfugiendum.

621 2815 958 2872 Bonifacius
995 2834 1146 2890 papa
1177 2819 1245 2874 ad
1280 2819 1587 2892 episcopos
1625 2821 1772 2879 Gali.

436 2905 783 2962 BONIFACIUS
815 2907 1134 2978 episcopus
1168 2908 2021 2980 PATROCLO,REMIGIO,MAXIMO,

373 2997 894 3063 HILARIO,SEVERO,
919 2998 1193 3064 VALERIO,
1219 2997 1485 3066 Jummo,
1512 2999 1807 3068 CASTORIO,
1846 3001 2026 3056 LEON-

374 3104 488 3154 T10,
520 3089 743 3156 JOANNI,
774 3088 1074 3155 MONTANO,
1108 3093 1337 3144 Maamo
1395 3096 1451 3146 et
1482 3094 1705 3148 caeteris
1737 3093 2025 3164 episcopis

372 3193 477 3246 per
497 3175 745 3231 Galliam
775 3183 833 3230 et
863 3193 965 3248 per
1002 3193 1081 3233 vu
1137 3179 1467 3249 provincias
1526 3182 1862 3238 constitutis
1920 3183 2026 3238 Va-

371 3264 625 3318 lentinae.
660 3264 775 3319 Nos
806 3264 998 3319 clerici
1040 3267 1289 3322 civitatis
1321 3269 1594 3323 adierunt
1636 3278 2025 3342 proponentes

371 3353 640 3446 libellum
668 3357 724 3408 et
754 3353 1001 3409 crimina
1024 3371 1150 3446 qua:
1169 3356 1729 3446 Maximinum,teste
1754 3365 1873 3416 tota
1892 3378 2021 3432 pro-
2053 3380 2095 3446 α

368 3441 866 3510 vincia,asserunt
895 3444 1285 3509 commisisse,
1319 3445 1586 3519 delegata
1617 3449 1790 3504 toties
1824 3451 2021 3522 cogni-

369 3533 528 3587 tione
553 3531 719 3587 illum
744 3533 1089 3599 constituta,
1111 3537 1168 3588 et
1198 3535 1624 3605 subterfugisse
1643 3538 1885 3609 judicia,
1920 3556 2024 3595 nec

375 3620 662 3675 conﬁsum
695 3621 1057 3675 conscientia
1111 3622 1441 3694 festinasse,
1477 3629 1542 3679 ut
1572 3627 1620 3680 si
1669 3630 1825 3681 esset
1853 3629 2022 3683 iuno-

376 3724 512 3763 cens
543 3707 896 3764 examinatis
925 3709 1204 3765 omnibus
1253 3717 1622 3784 purgaretur,
1665 3731 1791 3786 quae
1851 3717 2022 3771 toties

371 3798 602 3851 decreta
615 3801 1024 3852 exnostrarum
1040 3813 1272 3869 quoque
1285 3800 1620 3856 chartarum
1635 3803 2024 3860 instructions

370 3886 772 3956 cognovimus.
794 3887 902 3950 Qui
935 3890 1228 3942 contrario
1264 3889 1532 3960 probavit
1561 3892 1630 3946 de
1663 3909 1722 3947 se
1753 3893 1853 3948 illa
1894 3911 2021 3965 quin

369 3976 524 4030 dicta
555 3979 714 4047 sunt,
749 3975 888 4047 quia
913 3977 983 4031 ad
1017 3991 1085 4031 ea
1118 3978 1477 4033 confutanda
1499 3995 1632 4034 cum
1649 3983 2024 4038 essentinnu-

368 4081 529 4120 mera
563 4083 594 4119 a
625 4065 1037 4121 decessoribus
1065 4066 1215 4121 meis
1259 4067 1717 4138 provincialibus
1761 4072 2021 4142 delegata

370 4159 458 4209 est
490 4155 762 4226 cognitio.
826 4154 1158 4210 Couventus
1217 4157 1391 4211 etiam
1440 4157 1657 4213 dicitur
1706 4159 1920 4216 vitasse
1967 4167 2023 4218 et

368 4242 575 4298 adesse
605 4242 852 4297 minime
877 4242 1171 4311 voluisse;
1198 4249 1253 4299 et
1284 4245 1480 4300 nullus
1512 4247 2023 4320 dubitat,quodita

363 4331 656 4400 judicium
691 4347 907 4386 nocens
966 4332 1347 4403 subterfugit,
1405 4338 1906 4405 quemadmodum
1958 4331 2022 4395 ut

373 4416 713 4473 absolvatur
744 4419 841 4490 qui
876 4424 964 4474 est
1022 4420 1326 4491 innocens,
1384 4425 1613 4493 quzerit.
1674 4427 1783 4482 Sed
1828 4434 2024 4486 astuta

373 4507 880 4563 cavillatioeorum
900 4507 999 4579 qui
1020 4509 1295 4564 versutiis
1317 4513 1866 4587 creduntagendum
1894 4535 2021 4576 esse

376 4595 972 4668 consiliis,nunquam
997 4597 1340 4654 innocentiae
1366 4618 1576 4658 nomen
1604 4605 1840 4676 accepit.
1872 4609 2022 4663 Con-

376 4686 576 4740 ﬁtetur
605 4686 760 4740 enim
794 4687 864 4740 de
895 4687 1170 4744 omnibus
1210 4689 1480 4761 quisquis
1511 4693 2022 4765 subterfugerer-

376 4775 597 4830 dicium
612 4773 994 4831 dilationibus
1008 4779 1686 4851 putaturﬂeniettamen
1705 4782 2022 4855 aliquando

375 4864 472 4918 ille
505 4863 605 4934 qui
627 4864 765 4919 talis
790 4865 1133 4936 perhibetur
1170 4867 1228 4921 in
1257 4869 1516 4923 medium
1560 4870 1881 4942 judicium,
1916 4891 2021 4930 nec

374 4952 716 5024 prodestilli
753 4954 927 5009 toties
960 4954 1408 5026 subtert'ugisse,
1440 4973 1610 5026 quem
1644 4959 1735 5014 sui
1771 4967 1936 5016 actus
1966 4965 2023 5016 et

373 5043 712 5109 commissa,
746 5060 1094 5116 quocunque
1155 5043 1369 5115 fugerit
1407 5061 1473 5100 ea
1513 5063 1636 5116 qua:
1664 5050 2022 5117 objiciuntur

371 5131 478 5200 illi,
501 5131 549 5185 si
585 5147 718 5187 vera
743 5133 1170 5196 sunt,crimina
1202 5139 1657 5204 persequuntur.
1692 5137 2017 5194 Debueram

374 5220 606 5290 quidem
637 5220 752 5287 jam
789 5222 1025 5292 dignam
1048 5238 1150 5290 pro
1178 5223 1304 5291 ejus
1323 5225 1614 5279 accusatis
1637 5224 1691 5280 in
1713 5229 2020 5298 nostroju-

373 5309 895 5380 dicioactihus,qui
920 5310 1306 5373 cognitionem
1333 5315 1388 5364 et
1410 5311 1706 5368 decretum
1725 5316 2016 5384 judicium

376 5413 528 5467 saepe
558 5397 1180 5467 credidit,dcclinando
1213 5397 1602 5468 illudendum,
1638 5403 1772 5458 dare
1791 5411 2022 5460 senten-

375 5483 748 5554 tiamaliquis
781 5501 988 5556 praeco,
1024 5487 1119 5557 qui
1171 5488 1416 5543 forsitan
1457 5489 1770 5560 judicaret,
1821 5503 1874 5549 et
1907 5495 2019 5549 sibi

381 5571 480 5641 qui
511 5572 720 5627 absens
751 5574 1003 5644 est,licet
1035 5575 1109 5631 sit
1129 5577 1402 5647 quaesitus
1434 5595 1465 5632 a
1499 5580 1686 5652 nobis,
1721 5599 2020 5641 reservan-

2138 2733 2278 2789 dum
2306 2750 2433 2789 esse
2460 2733 2810 2789 nihildicere
2824 2730 3146 2788 maluimus
3179 2728 3627 2804 intercapedine
3641 2732 3786 2784 tem-

2137 2823 2295 2894 poris
2325 2821 2462 2878 data
2483 2821 2722 2891 differri,
2742 2839 2874 2878 cum
2907 2822 3014 2877 hoc
3046 2820 3222 2877 etiam
3259 2820 3387 2891 ejus
3417 2824 3788 2875 accusatores

2139 2917 2486 2968 assererent.
2521 2917 2594 2967 De
2627 2914 2798 2985 cujus
2828 2910 3259 2968 intentionibus
3308 2913 3368 2965 et
3398 2909 3672 2966 moribus
3729 2909 3790 2963 ﬁt

2138 3002 2440 3057 decretum
2464 3001 2848 3056 Maximinum
2873 3005 3031 3056 tanto
3058 3000 3244 3072 magis
3265 2999 3608 3055 damnanda
3625 3015 3789 3053 com-

2140 3091 2622 3163 mittere,quanto
2645 3090 2870 3145 tardius
2883 3105 2945 3145 se
2961 3087 3522 3159 constitutojudicio
3541 3103 3793 3159 praesen-

2137 3185 2305 3235 taret.
2343 3181 2522 3244 Quem
2547 3179 3004 3236 Manichaeorum
3043 3177 3372 3234 involutum
3406 3177 3660 3247 caligine
3691 3194 3787 3231 ar-

2136 3274 2344 3339 guunt,
2379 3270 2650 3342 turpique
2673 3278 2828 3324 secta
2859 3267 3161 3324 factaolim
3193 3283 3326 3322 eum
3363 3266 3444 3320 ita
3475 3283 3592 3322 non
3618 3282 3788 3338 posse

2135 3356 2394 3428 abluere,
2416 3357 2672 3414 animam
2706 3357 2764 3414 in
2798 3357 3036 3413 sordida
3066 3355 3408 3428 probatione
3437 3355 3784 3426 objectaque

2135 3447 2184 3501 ei
2218 3451 2383 3520 gesta
2412 3445 2716 3520 synodalia
2750 3447 3130 3520 proterentes,
3162 3450 3220 3500 et
3265 3443 3606 3499 commissis
3635 3443 3786 3498 invo-

2133 3535 2321 3591 lutum
2350 3536 2604 3606 undique
2638 3535 2896 3609 ﬂagitiis,
2931 3533 3162 3589 nullum
3209 3549 3344 3588 eum
3377 3530 3652 3587 sanitatis
3684 3530 3783 3585 ba-

2133 3625 2336 3681 buisse
2368 3629 2697 3698 respectum
2728 3640 2901 3696 quem
2935 3624 3128 3680 furore
3185 3626 3240 3678 et
3291 3621 3505 3677 insana
3548 3620 3783 3676 temeri-

2133 3717 2251 3769 tate
2295 3715 2366 3768 ad
2403 3713 2769 3772 saecularium
2825 3729 3059 3787 quoque
3109 3710 3405 3784 judicium
3465 3709 3784 3766 tribunalia

2135 3802 2470 3860 subsidium
2499 3803 2830 3876 quaestioni,
2865 3804 3020 3875 quod
3052 3803 3111 3857 in
3153 3802 3249 3858 vili
3277 3817 3535 3874 persona
3564 3799 3784 3876 turpis:

2132 3893 2353 3949 simum
2388 3892 3191 3964 est,objicerent,pervenisse
3215 3873 3348 3948 eum
3382 3890 3454 3945 ad
3485 3873 3785 3946 homicidii

2131 3984 2354 4038 damna
2383 3987 2657 4037 asserunt
2686 3982 2867 4053 gestis
2896 3980 3139 4052 prolatis
3165 3981 3222 4036 in
3244 3977 3609 4035 mcdium.Et
3630 3978 3784 4032 hunc.

2130 4072 2307 4127 talem
2341 4076 2473 4143 post
2515 4076 2679 4127 tanta
2741 4070 2996 4142 taliaque
3050 4069 3370 4126 commissa
3411 4068 3784 4141 episcopatus

2133 4161 2321 4216 adhuc
2353 4177 2563 4216 nomen
2598 4159 2656 4214 in
2689 4159 2816 4215 suis
2840 4159 3107 4214 latibulis
3139 4157 3784 4230 vindicare,improprie

2131 4250 2384 4305 civitatis
2414 4249 2657 4304 infamia
2705 4248 2903 4304 nimiis
2961 4247 3262 4304 doloribus
3319 4253 3780 4317 conquerantur.

2131 4343 2188 4394 et
2209 4343 2479 4393 sanctum
2513 4355 2721 4394 nomen
2754 4337 3102 4393 vindicando
3134 4337 3248 4393 sibi
3303 4335 3450 4391 velle
3502 4334 3778 4406 polluere.

2205 4428 2477 4499 Ideoque,
2515 4428 2721 4483 fratres
2740 4426 3095 4494 cbarissimi,
3124 4426 3264 4496 quia
3309 4423 3646 4480 audiendus
3697 4424 3780 4477 hic

2132 4522 2486 4588 praesentare
2513 4535 2574 4572 se
2619 4516 2904 4583 noluit,ue
2927 4515 3231 4570 convictus
3257 4514 3499 4570 forsitan
3515 4514 3587 4567 ab
3621 4529 3782 4568 accu-

2132 4605 2400 4661 santibus
2421 4621 2483 4660 se
2506 4604 2678 4661 cleris
2697 4605 3005 4661 defendere
3024 4603 3666 4676 possit,dignatandem
3687 4602 3784 4657 ali-

2132 4699 2364 4766 quando
2389 4699 2810 4766 prassentatum
2833 4692 3148 4765 episcopali
3188 4692 3416 4764 judicio
3443 4692 3779 4762 pronuntia-

2055 4761 2102 4823 D
2133 4784 2310 4839 tionis
2332 4800 2587 4855 congrue
2607 4783 3777 4853 feririsententiajudicamus,quanquam

2131 4872 2214 4927 illi
2239 4889 2372 4927 cum
2407 4873 2524 4927 haec
2558 4873 2728 4928 docta
2779 4871 2996 4928 fuerint
3023 4871 3280 4927 sciamus
3312 4870 3494 4941 hujus
3527 4870 3776 4925 nominis

2123 4964 2414 5033 jacturam
2450 4961 2704 5034 esse,qui
2733 4962 3011 5033 pudorem
3044 4976 3350 5032 nunquam
3383 4959 3671 5016 habuisse
3692 4976 3773 5014 sa-

2129 5051 2366 5106 cerdolii
2391 5049 2754 5122 perhibetur,
2815 5053 2871 5105 et
2930 5048 3121 5105 locum
3180 5065 3358 5104 suum
3405 5063 3513 5103 nec
3553 5049 3772 5102 modico

2130 5139 2366 5211 quidem
2402 5146 2662 5210 tempore
2689 5139 3015 5211 perdidisse
3044 5137 3387 5194 dilationem
3421 5137 3704 5192 dedimus
3724 5140 3772 5190 et

2130 5227 2496 5284 decrevimus
2545 5233 2602 5284 et
2658 5232 2914 5283 vestrum
2947 5229 3159 5283 debere
3205 5225 3360 5282 intra
3416 5226 3771 5299 provinciam

2121 5318 2438 5389 judicium,
2463 5321 2518 5373 et
2549 5334 2902 5390 congregare
2933 5318 3225 5390 synodum
3285 5320 3421 5372 ante
3479 5315 3641 5371 diem
3676 5315 3775 5368 Ka-

2130 5408 2436 5462 lendarum
2469 5405 2833 5477 Novembris,
2865 5410 2950 5476 ut,
2979 5406 3024 5461 si
3085 5407 3291 5462 adesse
3319 5403 3598 5471 voluerit,
3635 5421 3770 5476 pra:-

2131 5512 2288 5561 sens,
2324 5494 2372 5550 si
2405 5496 2664 5565 confidit,
2689 5496 2760 5551 ad
2793 5495 3018 5567 objecta
3053 5495 3423 5567 respondeat.
3481 5495 3540 5549 Si
3572 5495 3774 5549 adesse

2133 5585 2812 5657 neglexerit,dilationem
2827 5585 3131 5642 sententias
3163 5585 3232 5640 de
3255 5583 3525 5641 absentia
3557 5599 3676 5639 non
3696 5581 3778 5638 lu-
