4000 6054
228 274 377 331 1205

1532 274 1928 330 PANORMIA.
1971 306 2039 315 —-
2080 278 2211 331 LIB.
2256 279 2349 332 IV.

3512 278 3648 333 1206

224 412 447 463 eretur.
476 402 620 460 Nam
645 399 1026 458 manifestum
1072 403 1160 457 est
1197 401 1461 457 conﬁteri
1502 418 1636 458 eum
1668 401 1739 459 de
1769 406 1879 459 cri-
1909 406 1964 473 Α
1993 410 2083 462 cet
2115 406 2297 462 donec
2327 410 2628 477 purgetur.
2651 405 2711 461 Si
2734 409 2928 461 autem
2962 405 3034 463 ad
3067 403 3382 462 concilium
3414 407 3645 462 univer-

222 494 408 564 mine,
441 492 541 566 qui
585 491 815 547 indulto
843 495 899 546 et
930 491 1103 546 toties
1152 488 1414 562 delegato
1457 487 1684 561 judicio
1737 510 1877 564 pur-

220 582 404 655 gandi
438 600 499 639 se
530 582 837 637 occasione
869 596 981 635 non
1018 579 1222 636 utitur.
1258 578 1413 640 Nihil
1446 581 1598 636 enim
1634 581 1880 640 interest

218 678 425 727 utrum
458 672 516 726 in
550 672 821 742 praesenti
861 670 1126 728 examine
1158 668 1357 725 omnia
1389 688 1513 744 quae
1548 671 1707 726 dicta
1737 676 1878 729 sunt

216 762 850 835 comprobentur,cum
878 760 1007 832 ipsa
1030 776 1262 831 quoque
1288 760 1649 831 professione
1667 779 1875 832 procu-

217 856 353 907 rata
384 851 557 905 toties
588 854 817 904 constet
849 849 1134 904 absentia.
1170 848 1285 905 Nos
1318 852 1514 903 autem
1550 865 1651 919 per
1672 866 1875 905 omnes

221 940 557 1014 provincias
588 938 813 994 litteras
844 937 1187 1010 dirigemus,
1213 954 1284 993 ne
1308 938 1740 993 excusationem
1764 921 1877 993 sibi

219 1028 612 1102 ignorationis
666 1028 963 1093 obtendat,
1013 1033 1077 1082 ut
1136 1027 1207 1081 ad
1268 1026 1627 1098 provinciam
1685 1028 1877 1085 venire

216 1124 466 1192 cogatur
511 1123 568 1175 et
616 1117 736 1172 illic
785 1115 1106 1173 constituto
1158 1115 1383 1186 judicio
1415 1132 1477 1172 se
1503 1122 1875 1187 praesentare.

217 1208 520 1280 Quidquid
551 1210 750 1263 autem
780 1210 977 1261 vestra
1007 1204 1263 1262 charitas
1312 1205 1384 1260 de
1433 1206 1542 1261 hac
1574 1223 1634 1261 re
1664 1208 1877 1263 dixerit

212 1298 673 1363 decernendum,
699 1312 833 1351 cum
866 1296 937 1352 ad
970 1311 1076 1350 nos
1100 1294 1348 1350 relatum
1383 1294 1559 1350 fuerit
1589 1301 1788 1352 nostra
1810 1302 1876 1353 ut

215 1388 514 1457 conderet,
546 1402 785 1442 necesse
813 1389 903 1439 est
934 1388 993 1439 ut
1025 1384 1372 1440 auctoritate
1400 1385 1797 1441 conﬁrmetur.

216 1498 352 1550 CAP.
384 1493 523 1549 CVI.
554 1495 672 1548 Non
700 1496 776 1547 est
817 1509 851 1547 a
895 1490 1282 1565 communione
1308 1492 1745 1562 suspendendus,
1778 1495 1874 1565 qui

416 1565 506 1621 die
533 1572 743 1621 statuto
773 1565 842 1619 ad
873 1580 1098 1619 causam
1126 1562 1313 1618 venire
1338 1579 1449 1620 non
1472 1566 1674 1635 potuit.

662 1655 838 1710 Ccnc.
869 1652 1137 1723 Carthag.
1173 1669 1257 1721 xu,
1291 1670 1341 1708 c.
1368 1653 1422 1709 7.

286 1745 362 1815 (4,
396 1761 452 1816 q.
483 1745 537 1814 5,
570 1759 621 1799 c.
652 1744 921 1815 Quisquis
966 1742 1390 1814 episcoporum.)
1439 1742 1712 1799 Aurelius
1743 1746 1866 1817 epi-

209 1850 429 1905 scopus
456 1833 641 1889 dixit:
678 1855 705 1884 «
731 1832 1012 1903 Quisquis
1033 1831 1436 1903 episcoporum
1462 1836 1769 1890 accusator
1787 1837 1859 1891 ad

209 1923 537 1995 primatum
568 1922 879 1994 provincias
911 1922 1060 1992 ejus,
1085 1920 1209 1991 ipse
1231 1937 1469 1977 causam
1494 1923 1735 1993 deferat,
1760 1941 1865 1980 nec

211 2030 246 2069 a
276 2011 692 2070 communione
724 2011 1004 2082 privetur,
1024 2010 1118 2065 cui
1141 2009 1363 2065 crimen
1394 2011 1867 2079 intenditur,nisi

211 2102 285 2158 ad
309 2117 548 2158 causam
563 2101 786 2157 deferat
800 2116 970 2155 suam
987 2100 1299 2155 dicendam
1314 2098 1630 2155 electorum
1638 2101 1863 2172 judicio

212 2191 308 2247 die
336 2194 560 2245 statuta
589 2189 799 2245 litteris
833 2192 1104 2244 evocatus
1136 2188 1380 2244 minime
1410 2189 1864 2256 occurrerit,boc

212 2285 301 2336 est
332 2280 486 2335 infra
536 2279 797 2350 spatium
847 2278 1071 2333 mensis
1104 2292 1171 2332 ea
1201 2276 1294 2333 die
1324 2293 1441 2348 qua
1471 2293 1606 2335 eum
1636 2278 1862 2336 litteras

211 2367 509 2439 accepisse
541 2367 891 2435 constiterit,
922 2366 1077 2438 quod
1110 2366 1158 2422 si
1190 2365 1389 2436 aliqua
1427 2383 1559 2423 vere
1607 2369 1867 2424 necessi-

210 2457 353 2512 tatis
385 2473 594 2511 causas
630 2456 979 2527 probaverit,
1012 2455 1231 2525 quibus
1262 2470 1397 2509 eum
1425 2472 1726 2511 occurrere
1749 2474 1865 2512 non

207 2546 470 2619 potuisse
505 2546 879 2600 manifestum
921 2544 1017 2612 sit,
1050 2560 1237 2599 causa:
1272 2560 1391 2599 sua:
1422 2545 1678 2600 dicendis
1712 2545 1868 2601 intra

210 2635 461 2691 alterum
486 2647 750 2689 mensem
780 2634 1073 2705 integram
1105 2632 1360 2688 habeant
1381 2631 1754 2688 facultatem:
1780 2650 1867 2689 ve-

211 2738 343 2779 rum
378 2723 582 2779 tandiu
617 2727 748 2794 post
780 2738 1041 2778 mensem
1059 2722 1385 2777 secundum
1403 2737 1516 2776 non
1535 2722 1865 2777 communi-

1989 494 2109 551 sale
2140 496 2292 549 infra
2326 495 2461 551 anni
2496 495 2755 567 spatium
2790 513 3091 552 occurrere
3132 493 3405 565 noluerit,
3438 500 3503 552 ut
3552 496 3640 552 vel

1990 584 2067 639 ibi
2121 602 2299 640 causa
2347 582 2699 640 terminetur
2729 586 2852 656 ipse
2886 584 2943 639 in
2976 602 3036 640 se
3063 584 3463 641 damnationis
3505 602 3642 642 sen-

1987 673 2235 729 tentiam
2283 672 2495 731 dixisse
2536 672 2858 744 judicetur.
2890 674 3174 745 Tempore
3205 690 3344 730 sane
3375 691 3488 745 quo
3523 692 3639 731 non

1988 762 2399 831 communicat,
2424 780 2527 819 nec
2558 763 2615 818 in
2650 780 2755 819 sua
2787 761 3033 820 ecclesia
3054 763 3139 819 vel
3172 762 3449 836 parochia
3479 780 3637 821 com-

1988 851 2265 907 municet.
2298 854 2617 906 Accusator
2647 868 2779 908 vero
2813 851 2940 921 ejus
2990 851 3039 906 si
3092 868 3395 922 nunquam
3428 852 3636 907 diebus

1987 957 2176 995 causae
2222 939 2478 996 dicendae
2526 938 2793 1006 defuerit,
2830 937 3187 995 subtrahens
3219 956 3279 994 se
3312 958 3344 995 a
3375 957 3637 997 commu-

1988 1029 2160 1085 nione
2194 1047 2306 1085 non
2342 1032 2726 1086 removeatur.
2762 1028 2818 1085 Si
2852 1045 2984 1085 vero
3018 1028 3335 1100 aliquando
3389 1029 3637 1085 defuerit

1985 1118 2337 1175 subtrahens
2366 1136 2427 1175 se
2460 1119 2726 1174 restituto
2768 1119 2824 1173 in
2876 1118 3291 1174 communione
3338 1118 3631 1192 episcopo,

1985 1208 2109 1281 ipse
2132 1212 2500 1263 removeatur
2522 1226 2553 1263 a
2576 1208 2985 1264 communione
3009 1206 3420 1272 accusator,ita
3436 1212 3630 1263 tamen

1984 1300 2182 1352 utnec
2221 1297 2334 1368 ipsi
2388 1298 2684 1353 adimatur
2727 1295 2976 1352 facultas
3026 1313 3213 1353 causa:
3264 1296 3628 1370 peragendae,

1983 1387 2102 1441 sive
2134 1388 2204 1441 ad
2239 1387 2393 1441 diem
2426 1389 2813 1442 constitutum
2848 1386 3173 1441 occurrisse
3205 1403 3317 1440 non
3350 1384 3631 1456 voluisse,

1982 1477 2082 1531 sed
2117 1492 2231 1531 non
2268 1476 2522 1546 potuisse
2571 1474 2919 1548 probaverit.
2954 1472 3099 1529 Illud
3132 1489 3265 1529 vero
3298 1473 3518 1545 placuit
3567 1478 3630 1528 ut

1981 1582 2115 1622 cum
2140 1581 2309 1637 agere
2339 1565 2576 1636 coeperit
2605 1564 2665 1620 in
2697 1561 3364 1636 episcoporumjudiclo,
3384 1563 3430 1618 si
3457 1563 3630 1618 fuerit

1979 1659 2353 1711 causatorum
2389 1671 2637 1727 persona
2664 1651 2998 1726 culpabilis,
3024 1652 3094 1707 ad
3118 1653 3483 1724 arguendum
3509 1669 3622 1707 non

1976 1744 2340 1813 admittatur,
2372 1743 2484 1799 nisi
2516 1743 2782 1816 proprias
2832 1757 3060 1813 causas,
3093 1758 3205 1798 non
3253 1742 3479 1797 tantum
3529 1758 3621 1797 ec-

1972 1830 2332 1888 clesiasticas
2360 1846 2621 1886 asserere
2649 1830 2914 1886 voluerit.
2946 1851 2975 1881 ››

1977 1942 2103 1996 CAP.
2124 1937 2286 1995 CVII.
2316 1938 2685 1997 Praesumitur
2713 1946 2905 1995 contra
2936 1937 3103 1993 illum
3132 1938 3227 2009 qui
3256 1936 3624 1993 dilationibus

2461 2010 2799 2082 subter/agit
2845 2009 3133 2076 iudicium.

2362 2099 2553 2155 Julius
2586 2116 2731 2170 papa
2760 2100 2817 2155 in
2852 2098 3073 2154 Decret.
3096 2115 3145 2154 c.
3177 2100 3233 2155 2.

2048 2190 2121 2262 (c.
2148 2186 2416 2257 Nullus.§
2438 2189 2507 2245 De
2525 2189 3108 2261 praesumptionibus.)
3128 2189 3332 2243 Junius
3354 2191 3629 2243 Romana:

1975 2277 2241 2335 Ecclesiae
2276 2278 2485 2350 priesul
2518 2274 2808 2350 episcopis
2839 2278 3134 2333 omnibus.
3167 2275 3378 2332 Nullus
3401 2274 3631 2333 dubitat

1977 2370 2131 2439 quod
2165 2366 2246 2423 ita
2276 2383 2493 2424 nocens
2516 2364 2809 2438 judicium
2842 2366 3215 2437 subterfugit,
3248 2364 3629 2437 quemadmo-

1977 2455 2117 2511 dum
2170 2456 2314 2511 illud
2364 2456 2648 2511 innocens
2696 2460 2763 2510 ut
2806 2454 3143 2510 absolvatur
3188 2454 3473 2525 requirit;
3524 2470 3629 2509 nec

1978 2546 2311 2615 suspicione
2343 2547 2520 2615 caret,
2545 2543 2643 2616 qui
2669 2544 2850 2598 alium
2882 2541 3196 2599 calumniis
3220 2538 3630 2611 derogat,falsa

1976 2633 2194 2689 dixisse
2217 2650 2349 2688 cum
2369 2634 2493 2705 ipse
2510 2632 2881 2704 adjudicium
2903 2640 2957 2688 ut
2978 2630 3181 2702 probet
3224 2632 3379 2703 quod
3418 2630 3629 2685 intulit

1974 2725 2217 2777 vocatus
2246 2722 2443 2777 venire
2473 2720 2723 2778 distulit.

1141 2982 1243 3041 DE
1284 2981 1694 3043 JUDIClBUS
1738 2982 1843 3042 ET
1884 2981 2160 3044 EORUM
2205 2979 2693 3043 SENTENTIIS.

469 3112 607 3172 CAP.
637 3113 825 3171 CVIII.
859 3114 917 3169 In
947 3112 1180 3170 decretis
1210 3111 1424 3183 Felicis,
1460 3130 1510 3168 c.
1542 3109 1593 3169 Ι,

282 3223 447 3279 Faux
472 3222 637 3280 almae
672 3225 944 3280 Romanae
977 3223 1245 3281 Ecclesia:
1271 3223 1581 3295 episcopus
1613 3224 1865 3281 ANASTA-

212 3328 301 3367 sm
333 3316 391 3368 et
422 3313 645 3370 ceteris
680 3314 996 3388 episcopis.
1021 3314 1260 3369 Judices
1292 3312 1439 3370 tales
1470 3328 1598 3370 esse
1630 3313 1863 3380 debent,

212 3406 275 3455 ut
304 3403 461 3457 omni
495 3404 867 3475 suspectione
897 3407 1224 3471 careant,et
1245 3420 1313 3459 ex
1334 3404 1529 3458 radice
1560 3402 1865 3461 cbaritatis

213 3507 383 3546 suam
415 3492 749 3548 desiderent
779 3507 1044 3563 promere
1076 3492 1451 3546 sententiam.

211 3625 346 3678 CAP.
377 3622 521 3678 CIX.
559 3621 659 3679 Ubi
700 3621 768 3675 ab
815 3625 896 3676 eis
943 3621 1166 3693 quisque
1206 3619 1547 3693 judicanrlus
1594 3626 1673 3676 est
1728 3638 1865 3693 quos

727 3694 836 3747 sibi
856 3691 1071 3766 judices
1100 3691 1347 3762 elegerit,

597 3781 793 3837 Julius
827 3785 871 3849 Ι,
904 3782 963 3836 in
1014 3781 1263 3850 Decret.,
1298 3797 1345 3834 c.
1379 3782 1470 3835 34.

281 3873 357 3943 (2,
393 3888 449 3942 q.
481 3874 533 3940 1,
564 3888 613 3926 c.
646 3870 862 3927 Judices
907 3871 1137 3942 autem.)
1164 3870 1365 3925 Jumcs
1396 3869 1711 3942 episcopus
1738 3882 1863 3925 om-

210 3961 385 4017 nibus
417 3960 742 4033 episcopis:
775 3960 1013 4016 Judices
1046 3959 1143 4015 alii
1176 3975 1303 4015 esse
1330 3977 1445 4014 non
1480 3960 1714 4027 debent,
1750 3956 1862 4014 nisi

210 4067 356 4122 quos
390 4050 513 4122 ipse
545 4052 643 4121 qui
674 4048 983 4121 impetitur
1014 4048 1268 4119 elegerit,
1290 4052 1390 4103 aut
1414 4064 1562 4120 quos
1593 4065 1698 4103 suo
1720 4063 1862 4103 con-

208 4155 383 4195 sensu
411 4140 528 4194 haec
550 4144 753 4195 sancta
775 4139 945 4195 sedes
968 4142 1066 4193 aut
1080 4138 1208 4207 ejus
1223 4137 1502 4209 primates
1515 4138 1863 4192 auctoritate

207 4229 385 4299 hujus
418 4233 632 4284 sanctae
666 4226 823 4284 sedis
857 4226 1270 4299 delegaverint.

205 4346 339 4400 CAP.
371 4345 479 4399 CX.
510 4345 723 4399 Judices
781 4346 936 4415 prius
980 4346 1213 4414 probare
1266 4344 1459 4398 debent
1514 4359 1617 4415 quo
1672 4344 1861 4398 animo

276 4417 499 4487 quisque
538 4421 779 4481 accusat,
813 4433 978 4486 quam
1025 4415 1433 4471 accusationem
1463 4418 1784 4486 suscipiant.

273 4522 513 4578 Judices
532 4522 694 4593 prius
721 4522 963 4594 probare
981 4522 1197 4577 debent
1218 4521 1615 4593 suspicionem
1640 4524 1696 4575 et
1718 4536 1856 4575 cau-
1885 4488 1936 4553 Ι)

206 4628 330 4667 sam
364 4616 464 4665 aut
496 4628 609 4682 quo
644 4612 840 4667 animo
875 4616 1184 4666 accusator
1229 4611 1334 4665 hoc
1387 4610 1581 4673 faciat,
1610 4614 1667 4665 et
1700 4615 1862 4680 post—

209 4701 445 4757 modum
472 4698 764 4769 judicium
800 4698 1130 4770 suscipere:
1169 4697 1307 4771 quia
1336 4697 1600 4754 veritatis
1635 4700 1859 4769 profes-

207 4789 940 4859 sionem,propinquitatis,
970 4787 1314 4853 inimicitiae,
1342 4786 1595 4855 timoris,
1621 4787 1861 4855 amoris,

203 4878 317 4935 odii
350 4882 406 4932 et
435 4878 779 4947 cupiditatis
812 4877 1060 4931 intentio
1098 4876 1383 4947 impedire
1406 4879 1460 4929 et
1484 4876 1727 4930 adversa
1751 4876 1867 4932 fra-

204 4969 393 5023 tribus
426 4964 571 5020 solet
603 4966 877 5035 irrogare.

208 5074 343 5129 CAP.
379 5070 519 5126 CXI.
552 5071 821 5126 Damnari
853 5086 959 5125 non
980 5071 1153 5212 Falet,
1183 5070 1301 5125 nisi
1327 5071 1411 5127 vel
1441 5073 1720 5127 convictus
1778 5072 1862 5128 vel

878 5156 974 5196 con
1007 5158 1176 5196 essus.

878 5156 1176 5196 εοηῑειςδαδ.

628 5232 1053 5286 Constantinus
1092 5230 1426 5302 imperator.

274 5340 348 5410 (2,
372 5354 426 5407 q.
449 5337 502 5400 l,
526 5354 575 5391 c.
610 5335 836 5407 Judex.)
866 5335 1055 5392 Judex
1086 5335 1473 5392 criminosum
1508 5336 1855 5403 discutiens,

209 5445 318 5482 non
353 5432 486 5481 ante
518 5424 869 5481 sententiam
903 5426 1164 5496 proferat
1195 5425 1525 5497 capitalem,
1549 5442 1721 5496 quam
1756 5430 1857 5481 aut

208 5534 338 5573 reus
372 5517 497 5587 ipse
528 5514 895 5582 conﬁteatur,
914 5519 1016 5572 aut
1033 5531 1136 5585 per
1154 5514 1492 5570 innocentes
1513 5518 1692 5571 testes
1717 5531 1853 5570 con-

208 5606 493 5661 vincatur.

1892 3114 1935 3183 C
1972 3114 2106 3171 CAP.
2140 3115 2304 3171 CXII.
2334 3115 2440 3171 Nec
2467 3113 2794 3183 suspicionis
2818 3111 3086 3180 arbitrio,
3116 3127 3215 3167 nec
3261 3114 3389 3167 ante
3435 3126 3627 3168 verum

2157 3192 2207 3247 et
2227 3188 2444 3261 justum
2464 3182 2747 3256 judicium
2777 3185 2989 3257 aliquis
3018 3182 3432 3243 condemnetur.

2450 3272 2805 3330 Melchiades
2838 3272 2894 3328 in
2930 3274 3149 3330 Decret.

2045 3385 2121 3454 (2,
2156 3398 2213 3454 q.
2249 3383 2299 3451 l,
2333 3399 2382 3437 c.
2419 3383 2606 3437 Primo
2636 3381 2893 3452 semper.)
2938 3381 3134 3434 Primo
3165 3394 3399 3449 semper
3428 3377 3628 3432 omnia

1975 3470 2285 3542 diligenter
2304 3470 2695 3541 inquirere,ut
2715 3468 3089 3538 cumjustitia
3101 3471 3158 3522 et
3170 3467 3454 3522 charitate
3476 3465 3630 3519 difﬁ-

1973 3558 2178 3627 niatis,
2250 3559 2544 3613 neminem
2600 3556 3058 3612 condemnantes
3112 3559 3249 3611 ante
3303 3570 3503 3610 verum
3565 3560 3623 3610 et

1965 3649 2193 3719 justum
2218 3647 2531 3718 judicium.
2568 3645 2803 3703 Nullum
2827 3645 3110 3716 judicetis
3141 3642 3499 3716 suspicionis
3532 3659 3625 3698 ar-

1972 3736 2182 3804 bitrio;
2210 3735 2307 3793 sed
2343 3736 2598 3808 primum
2632 3734 2870 3807 probate
2898 3738 2952 3789 et
2984 3738 3185 3804 postea
3214 3731 3622 3788 charitativam

1974 3825 2225 3897 proferte
2256 3824 2629 3895 sententiam,
2650 3828 2707 3879 et
2736 3823 2890 3895 quod
2921 3821 3097 3878 vultis
3129 3822 3291 3878 vobis
3324 3838 3439 3877 non
3473 3820 3623 3889 ﬁeri,

1975 3914 2138 3971 alteri
2175 3932 2289 3970 non
2324 3913 2571 3970 faciatis.

1972 4022 2105 4076 CAP.
2140 4020 2331 4077 CXIII.
2357 4023 2459 4076 Res
2488 4020 2654 4074 dubia
2683 4034 2791 4073 non
2821 4018 3125 4087 deﬁniatur
3154 4022 3304 4071 certa
3332 4016 3626 4070 sententia.

2044 4094 2159 4148 Non
2176 4092 2473 4149 credantur
2501 4106 2625 4161 qua:
2654 4091 2816 4145 certis
2848 4088 3071 4144 indiciis
3105 4103 3216 4143 non
3244 4087 3627 4142 demonstrau-

2068 4182 2154 4217 ur.

2068 4182 2154 4217 ur.

2044 4174 2062 4221 ε
2423 4248 2622 4303 Victor
2652 4246 2710 4302 in
2752 4246 2998 4310 Decret.,
3031 4262 3080 4300 c.
3122 4249 3167 4300 1.

2044 4358 2156 4430 (11,
2190 4374 2246 4427 q.
2282 4357 2335 4424 3,
2359 4372 2408 4410 c.
2437 4355 2627 4425 Grave,
2660 4353 2743 4408 vel
2770 4352 3048 4423 quamvis;
3083 4352 3172 4422 30,
3208 4368 3261 4423 q.
3286 4353 3341 4419 5,
3368 4352 3429 4407 Si
3456 4353 3624 4423 quis.)

1971 4447 2187 4502 Vlc'ron
2219 4463 2390 4517 papa,
2413 4445 2741 4498 TIIEOPHILO
2763 4441 3055 4513 episcopo.
3081 4438 3430 4496 Audivimus
3453 4458 3626 4513 quos-

1966 4538 2098 4592 dam
2133 4536 2284 4607 apud
2322 4538 2552 4588 nostros
2593 4537 2935 4601 vestrosque
2981 4530 3212 4584 diversa
3239 4529 3466 4600 judicia
3497 4524 3619 4585 ﬁeri

1972 4631 2029 4681 et
2060 4626 2279 4682 incerta
2303 4622 2591 4695 judicare.
2624 4625 2873 4687 Incerta,
2898 4618 3257 4685 charissimi,
3281 4618 3620 4675 nullomodo

1965 4716 2300 4787 judicemus
2334 4727 2640 4784 quousque
2669 4710 2864 4764 veniat
2896 4708 3181 4763 Dominus
3226 4708 3325 4779 qui
3378 4704 3620 4763 latentia

1972 4806 2252 4877 producet
2283 4804 2338 4855 in
2372 4802 2582 4863 lucem,
2616 4804 2674 4853 et
2704 4796 3061 4853 illuminabit
3092 4798 3437 4853 abscondita
3466 4802 3620 4851 tene-

1971 4894 2235 4957 brarum,
2259 4895 2315 4945 et
2343 4886 2743 4944 manifestabit
2765 4885 3007 4940 consilia
3028 4883 3311 4941 cordium.
3333 4884 3497 4939 Unde
3516 4886 3622 4937 Au-

1970 4982 2244 5054 gustinus
2284 4979 2343 5033 in
2383 4977 2532 5032 libro
2580 4976 2661 5031 De
2708 4974 3085 5046 pmnitentia:
3139 4970 3417 5039 Quamvis
3462 4970 3618 5025 enim

1967 5087 2103 5126 vera
2133 5070 2254 5124 sint
2284 5084 2398 5123 non
2429 5072 2626 5121 tamen
2660 5064 2946 5120 credenda
2971 5060 3260 5130 sunt,nisi
3282 5076 3409 5130 quis
3430 5058 3619 5114 mani-

1970 5159 2135 5215 festis
2168 5156 2400 5213 indiciis
2431 5154 2908 5225 comprobantur,
2959 5150 3071 5205 nisi
3125 5164 3254 5220 quas
3306 5148 3619 5202 manifesto

1961 5248 2185 5319 judicio
2216 5244 2665 5312 convincuntur,
2687 5241 2798 5297 nisi
2821 5257 2945 5312 qua:
2963 5234 3255 5310 judicario
3278 5235 3480 5293 ordine
3512 5252 3621 5307 pu-

1968 5337 2282 5393 blicantur.

2427 5422 2563 5479 CAP.
2597 5421 2791 5477 CXIV.
2839 5418 2913 5473 De
2949 5416 3151 5473 eodem.

2438 5511 2636 5567 Sixtus
2668 5507 2722 5562 in
2756 5510 2976 5562 Decret.
3005 5523 3054 5562 c.
3092 5508 3141 5564 1.

2036 5604 2149 5675 (11,
2190 5621 2244 5674 q.
2293 5603 2349 5669 3,
2400 5618 2449 5656 c.
2505 5601 2577 5655 De
2618 5600 2756 5652 sent.
2805 5596 2863 5666 2,
2912 5613 2969 5668 q.
3021 5596 3076 5668 3,
3126 5611 3175 5651 c.
3228 5593 3528 5663 Quamvis;
3559 5594 3613 5663 3,
