4000 6054
207 229 347 285 1209

1495 226 1893 281 PANORMIA.
1936 254 2003 264 —
2042 226 2176 280 LIB.
2218 229 2311 280 1V.

3465 223 3603 278 1210

194 369 325 409 cem
348 366 589 407 causam
626 350 801 405 dicat.
834 349 1047 403 Etante
1077 363 1254 403 suum
1282 364 1397 403 non
1418 348 1701 418 judicem,
1723 347 1845 418 pul-
1875 351 1929 414 Α
1959 346 2223 418 tiajustae
2270 364 2479 416 canem,
2532 350 2633 403 sed
2679 364 2855 403 causa
2911 346 3242 401 differendae
3301 362 3498 414 morie,
3531 363 3604 401 ne

190 447 351 497 satus
387 440 436 495 si
468 440 717 495 voluerit
752 442 959 506 taceat,
989 441 1044 491 et
1067 436 1318 508 pulsatis
1342 437 1572 509 quoties
1590 435 1843 508 appella-

186 529 396 600 verinl,
443 528 691 584 induciae
741 528 973 594 dentur,
1010 543 1116 582 nec
1155 543 1514 599 quemquam
1554 526 1846 582 sententia

196 636 311 675 non
336 636 369 673 ο.
399 635 506 673 suo
530 614 756 687 judicio
787 616 944 672 dicta
974 614 1355 688 constringat.

192 712 327 765 CAP.
370 707 611 763 CXXIV.
663 706 917 777 Episcopi
963 704 1315 777 gravioribus
1371 706 1584 761 casibus
1640 705 1846 776 pulsati

579 776 937 849 apostolicam
966 776 1145 832 sedem
1176 778 1476 848 appellent.

190 869 269 924 Ex
306 873 523 923 Decret.
555 871 792 939 Gregor.
826 882 960 937 pap.
994 866 1063 920 ad
1087 865 1266 937 episc.
1297 864 1643 930 Orientales,
1670 881 1719 920 c.
1749 866 1838 919 27.

266 959 347 1027 (2,
380 974 435 1029 q.
472 958 526 1024 6,
577 974 627 1011 c.
681 955 833 1011 0mes
880 956 1045 1027 episc.
1093 959 1229 1011 etc.
1259 954 1339 1010 Ad
1386 955 1739 1023 Romanam.)
1772 954 1844 1010 Ut

191 1064 396 1103 omnes
429 1044 685 1117 episc0pi
719 1044 817 1115 qui
849 1045 908 1098 in
941 1044 1296 1115 quibusdam
1324 1044 1685 1114 gravioribus
1710 1043 1844 1116 pul-

195 1136 517 1202 santur,vel
549 1135 941 1189 criminantur
961 1134 1419 1203 causis,quoties
1451 1149 1686 1188 necesse
1719 1134 1841 1188 fue-

200 1226 297 1292 rit,
331 1226 508 1280 libere
541 1222 921 1295 apostolicam
954 1222 1247 1294 appellent
1278 1222 1497 1289 sedem,
1530 1228 1587 1277 et
1607 1223 1677 1277 ad
1711 1239 1839 1279 eam

189 1315 362 1387 quasi
409 1315 481 1367 ad
534 1317 782 1367 matrem
815 1312 1177 1382 confugiant,
1210 1314 1274 1365 ut
1305 1311 1375 1365 ab
1410 1327 1477 1366 ea
1507 1311 1659 1367 sicut
1685 1328 1842 1367 sem-

192 1421 295 1475 per
325 1404 436 1457 fuit
467 1402 912 1473 piefulciantur,
954 1400 1363 1469 defenduntur,
1414 1404 1468 1454 et
1495 1399 1840 1457 liberentur.

190 1492 327 1548 CAP.
358 1492 566 1546 CXXV.
599 1491 639 1544 Α
689 1490 1243 1561 eomprovincialibus
1293 1500 1582 1545 accusatus
1629 1492 1713 1546 vel
1750 1492 1838 1559 iu-

448 1564 700 1631 dicatus,
733 1563 1091 1633 apostolicam
1119 1562 1299 1615 sedem
1327 1563 1581 1632 appellet.

460 1650 658 1706 Sixtus
691 1667 842 1721 papa
872 1649 943 1703 ad
972 1649 1129 1705 Grat.
1165 1650 1368 1721 episc.,
1393 1666 1484 1720 ep.
1523 1651 1571 1706 1.

1956 442 2159 493 contra
2187 454 2321 493 eum
2355 439 2645 494 sententia
2678 438 3026 509 proferatur,
3077 434 3472 507 appellaverit,
3513 436 3601 491 vel

1955 524 2004 580 si
2036 527 2105 581 de
2136 528 2284 582 facto
2317 544 2422 583 suo
2449 529 2811 592 confesssus,
2842 543 2913 581 ne
2962 525 3272 596 abjiciatur
3308 524 3603 596 appellare

1951 617 2219 683 voluerit,
2255 618 2592 689 hujusmodi
2617 617 3036 689 appellationes
3065 632 3179 670 non
3214 614 3601 685 recipiuntur.

1952 755 2086 808 CAP.
2137 752 2338 808 CXXX.
2403 753 2537 807 Cum
2572 768 2847 821 possessor
2901 750 3141 822 appellat
3196 749 3324 803 dum
3381 750 3605 822 eventus

2022 840 2205 948 qausee
2233 824 2432 880 dubius
2478 829 2581 894 est,
2625 825 2979 896 possessionis
2997 825 3211 893 fructus
3259 821 3603 891 sequestran-

2045 912 2132 950 ur.

2501 985 2582 1039 Ex
2607 984 2841 1053 iisdem,
2875 999 2926 1039 c.
2955 983 3044 1037 37.

2022 1095 2094 1167 (2,
2130 1111 2187 1165 q.
2220 1094 2273 1163 9,
2307 1110 2357 1148 c.
2382 1091 2897 1163 Quoties.)0uoties
2912 1087 3320 1161 postauditam
3340 1101 3600 1150 causam,

1943 1184 2202 1255 judicem
2238 1199 2542 1255 possessor
2566 1179 2841 1253 appellat,
2869 1180 3090 1232 fructus
3120 1174 3512 1248 possessionis
3535 1174 3604 1227 de

1950 1290 2063 1345 qua
2096 1272 2309 1345 agitur,
2342 1272 2484 1326 dum
2519 1270 2829 1342 sequendae
2858 1265 3165 1322 audientis:
3210 1266 3452 1319 eventus
3492 1262 3603 1316 du-

1951 1361 2083 1417 bius
2115 1368 2223 1432 est,
2260 1360 2467 1416 merito
2490 1361 2959 1431 sequestrantur.
2991 1355 3137 1410 Nam
3171 1354 3217 1407 si
3254 1351 3467 1423 petitor
3495 1367 3604 1421 ap-

1952 1450 2271 1523 pellaverit,
2293 1450 2403 1504 hoc
2434 1450 2504 1504 ab
2535 1464 2601 1503 eo
2634 1465 2747 1502 non
2778 1449 2967 1517 potest
2990 1441 3304 1515 postulare,
3328 1439 3465 1510 quia
3489 1455 3603 1494 non

1952 1546 2146 1615 potest
2177 1539 2554 1613 sequestrari,
2580 1539 2733 1611 quod
2759 1554 2872 1592 non
2901 1536 3098 1599 habet,
3124 1533 3173 1589 si
3205 1537 3443 1605 propter
3463 1547 3605 1601 prse-

1952 1632 2049 1687 dia
2079 1632 2303 1685 urbana
2334 1628 2418 1684 vel
2467 1627 2763 1699 mancipia
2812 1625 2898 1680 vel
2934 1626 3204 1695 jumenta
3253 1618 3603 1692 appellatur,

267 1741 340 1812 (3,
374 1757 430 1812 q.
463 1741 517 1806 6,
552 1756 601 1794 c.
635 1709 969 1810 Accusatus.)
994 1742 1136 1793 Item
1170 1709 1233 1793 ei:
1268 1709 1444 1793 dictis
1471 1738 1607 1794 Sixti
1646 1757 1807 1811 papae
1835 1756 1846 1795 :

1977 1720 2362 1793 possessiones
2428 1734 2631 1773 eorum
2690 1714 2776 1770 vel
2834 1713 3154 1781 mercedes,
3220 1709 3309 1764 vel
3375 1712 3604 1763 vectura

190 1830 421 1886 Placuit
456 1833 521 1884 ut
546 1834 857 1884 accusatus
888 1828 1294 1899 veljudicatus
1324 1845 1357 1882 a
1383 1828 1850 1900 comprovincia-

197 1919 381 1989 libus,
404 1919 464 1972 in
497 1918 696 1989 aliqua
718 1935 895 1973 causa
916 1918 1229 1990 episcopus
1250 1917 1501 1973 libenter
1522 1918 1774 1990 appellet
1793 1924 1850 1975 et

194 2008 369 2063 adeat
392 2006 727 2077 apostolicae
741 2007 900 2062 sedis
920 2007 1277 2079 pontificem,
1294 2007 1390 2075 qui
1408 2012 1509 2062 aut
1526 2024 1629 2078 per
1650 2024 1731 2076 se,
1748 2014 1850 2064 aut

196 2112 303 2168 per
324 2096 596 2165 vicarios,
623 2113 761 2152 suos
777 2097 825 2167 ej
838 2114 905 2151 us
921 2096 1220 2152 retractari
1238 2097 1536 2168 negotium
1553 2104 1844 2168 procuret.

196 2184 603 2270 CAP..CXXVI.
638 2187 745 2270 Qui
769 2194 1039 2270 gravatur
1093 2203 1129 2241 a
1170 2189 1395 2270 proprio
1428 2189 1847 2270 metropolitano

264 2258 532 2327 primates
559 2262 653 2311 aut
687 2258 1059 2313 uniuersalem
1087 2258 1273 2311 sedem
1306 2259 1567 2329 appellet,
1598 2260 1705 2316 vel:
1745 2261 1850 2327 Qui

272 2344 304 2401 a
334 2330 561 2401 pr0prio
586 2330 1009 2401 metropolitano
1040 2345 1097 2385 se
1135 2331 1362 2401 gravari
1389 2333 1698 2401 putaverit,
1730 2349 1847 2386 ma-

261 2399 443 2468 jorem
471 2400 651 2453 sedem
682 2400 944 2471 appellet.

582 2487 780 2544 Victor
810 2490 881 2544 ad
918 2489 1205 2562 TbeOpbil
1237 2531 1251 2557 ,
1285 2507 1373 2560 ep.
1413 2492 1464 2544 1.

271 2575 350 2643 (2,
378 2591 434 2646 q.
458 2576 512 2631 6.
536 2576 597 2631 Si
626 2579 793 2649 quis.)
829 2579 970 2634 Item
998 2578 1197 2635 Victor
1246 2580 1557 2652 episcopus
1587 2598 1599 2637 :
1635 2582 1692 2637 Si
1726 2584 1854 2652 quis

202 2667 497 2737 putaverit
528 2684 589 2723 se
620 2686 651 2723 a
685 2672 918 2743 proprio
953 2671 1397 2743 metropolitano
1422 2674 1671 2744 gravari,
1697 2678 1850 2746 apud

204 2754 600 2826 patriarcham
635 2764 736 2813 aut
796 2760 1103 2831 primatem
1157 2760 1493 2827 diceceseos,
1544 2768 1645 2817 aut
1677 2779 1853 2834 penes

205 2845 539 2913 apostolicae
574 2846 918 2901 universalis
944 2849 1212 2905 Ecclesiae
1235 2852 1431 2907 sedem
1457 2849 1779 2920 judicetur.

204 2935 338 2987 CAP.
385 2934 654 3017 CXXVII.
719 2940 849 3017 Post
908 2937 1083 2991 latam
1136 2940 1468 3017 sententiam
1516 2939 1669 3007 infra
1715 2940 1854 3010 quod

506 3012 721 3078 tempus
751 3009 981 3078 quisque
1007 3010 1291 3079 appellare
1318 3009 1533 3064 debeat.

620 3096 701 3149 Ex
732 3094 962 3167 legibus
991 3097 1234 3166 Theod.,
1265 3114 1316 3152 c.
1346 3099 1437 3152 20.

273 3180 349 3251 (2,
381 3198 438 3252 q.
470 3183 525 3248 6,
551 3199 601 3237 c.
634 3186 869 3255 Pr0pter
915 3187 1299 3257 superﬂuam.)
1358 3187 1598 3259 Propter
1647 3204 1854 3255 super-

200 3268 381 3323 ﬂuam
415 3271 841 3342 appellatorum
900 3273 1220 3342 licentiam,
1272 3290 1343 3330 ne
1374 3275 1433 3330 in
1467 3276 1854 3332 retractandis

195 3356 287 3412 vel
315 3361 652 3416 revocandis
669 3364 998 3428 sententiis,
1030 3365 1279 3422 liberum
1307 3366 1519 3422 habere
1543 3367 1852 3422 arbitrium

193 3446 555 3518 viderentur,
586 3454 645 3505 et
674 3455 940 3523 tempora
962 3454 1373 3525 appellationis
1402 3460 1458 3510 et
1480 3472 1660 3524 paena
1684 3471 1855 3509 cons-

197 3535 389 3591 tituta:
423 3542 584 3604 sunt,
621 3543 687 3592 ut
716 3541 1055 3611 quicunque
1087 3544 1241 3613 apud
1292 3544 1553 3611 judicem
1587 3544 1685 3612 qui
1718 3559 1853 3596 cau-

198 3641 328 3680 sam
363 3626 490 3694 ejus
522 3626 764 3696 audivit,
797 3630 1114 3699 appellare,
1136 3635 1193 3685 et
1224 3632 1295 3685 ad
1332 3629 1512 3685 alium
1544 3647 1856 3701 provocare

196 3712 468 3780 voluerit,
501 3714 654 3768 infra
682 3716 807 3771 dies
838 3718 1114 3788 appellet,
1147 3724 1204 3774 et
1234 3719 1293 3773 in
1335 3718 1427 3773 bis
1460 3718 1606 3789 ipsis
1648 3719 1856 3773 diebus

198 3817 235 3853 v
265 3802 338 3856 ad
361 3802 620 3871 judicem
657 3805 728 3859 ad
762 3822 938 3875 quem
971 3807 1371 3878 provocaverit
1402 3808 1526 3862 sine
1559 3806 1753 3878 aliqua
1772 3809 1857 3864 si-

198 3889 524 3947 mulatione
555 3895 874 3964 perveniat,
898 3900 955 3950 et
977 3895 1099 3966 ipse
1122 3898 1246 3951 dies
1278 3897 1333 3950 in
1370 3886 1482 3967 quo
1516 3895 1741 3965 accepit
1762 3895 1855 3950 lit-

198 3983 376 4048 teras,
408 3980 466 4034 in
498 3981 584 4035 his
614 3999 645 4035 v
675 3984 883 4039 diebus
915 3986 1250 4055 specialiter
1271 3988 1660 4055 computetur.
1690 3986 1851 4049 Quod

196 4068 248 4123 si
280 4067 513 4139 longius
548 4069 658 4125 iter
686 4073 783 4137 sit,
818 4075 1072 4143 exceptis
1106 4075 1196 4129 his
1229 4092 1259 4127 ν
1311 4075 1543 4139 diebus,
1598 4075 1849 4146 spatium

198 4156 430 4212 dierum
464 4175 578 4228 quo
604 4159 715 4213 iter
746 4161 834 4230 agi
872 4163 1079 4232 possit,
1115 4166 1510 4233 computetur.

197 4244 333 4301 CAP.
366 4246 729 4321 CXXVIII.7A
762 4266 864 4321 quo
898 4252 1237 4319 appellatur,
1286 4251 1358 4305 ad
1404 4267 1565 4321 quem
1603 4252 1853 4321 appella-

377 4321 493 4371 tum
521 4320 714 4389 fuerit,
746 4320 1082 4378 dimissoria?
1105 4323 1304 4376 litterae
1331 4320 1674 4392 dirigantur.

744 4411 825 4464 Ex
854 4410 1086 4480 iisdem,
1121 4428 1169 4466 ο.
1204 4412 1293 4465 36.

267 4496 341 4565 (2,
375 4514 428 4566 (ι.
461 4498 515 4568 6,
541 4514 590 4554 c.
624 4499 701 4553 Ab
730 4501 834 4571 eo.)
865 4501 949 4554 Ab
980 4518 1046 4555 eo
1072 4502 1117 4571 la
1157 4518 1272 4572 quo
1321 4500 1683 4573 appellatum
1739 4506 1846 4568 est,

198 4586 269 4639 ad
303 4601 436 4639 eum
470 4587 565 4655 qui
589 4588 660 4641 de
692 4587 1080 4659 appellatione
1111 4590 1382 4661 cognitus
1414 4595 1520 4654 est,
1542 4590 1749 4645 litterae
1771 4591 1851 4644 di-

200 4673 485 4729 missorim
518 4676 869 4747 dirigantur,
904 4696 1032 4748 quae
1062 4677 1236 4751 vulgo
1268 4678 1517 4750 apostoli
1549 4678 1846 4750 appellan-

197 4766 335 4830 tur;
387 4778 636 4832 quarum
698 4766 1013 4834 postulatio
1070 4771 1128 4821 et
1175 4767 1433 4837 acceptio
1492 4768 1646 4841 intra
1693 4767 1847 4821 diem

199 4849 471 4920 quintum
496 4867 565 4906 ex
595 4853 785 4908 officio
814 4854 1076 4908 facienda
1129 4859 1233 4910 est.
1272 4858 1393 4908 Ista
1415 4855 1541 4924 jam
1575 4855 1848 4924 superius

199 4936 269 4989 de
295 4937 669 4992 cautionibus
698 4944 752 4993 et
783 4940 970 5010 poenis
1009 4940 1430 5011 appellantium
1466 4939 1851 5009 interpretata

199 5028 356 5087 sunt,
390 5024 489 5095 qui
520 5025 676 5080 intra
696 5032 961 5097 tempora
1015 5028 1272 5098 praestita
1322 5027 1694 5081 dimissorias
1735 5043 1845 5081 non

201 5112 625 5183 postulaverint
655 5114 741 5168 vel
776 5116 1124 5185 acceperint,
1158 5116 1249 5170 vel
1282 5114 1640 5170 reddiderint
1672 5132 1848 5185 pries-

198 5201 484 5272 criptione
510 5203 581 5257 ab
615 5204 839 5274 agendo
873 5204 1361 5271 submoneantur,
1397 5209 1453 5259 et
1483 5220 1714 5275 pmnam
1747 5220 1849 5273 ap-

196 5290 533 5363 pellationis
556 5293 705 5345 ferre
728 5297 1034 5363 cogantur.

232 5384 364 5434 CAP.
397 5378 634 5435 CXXIX.
659 5380 731 5434 De
754 5380 843 5434 liis
872 5383 969 5453 qui
996 5398 1161 5436 causa
1192 5381 1480 5437 dilationis
1509 5379 1813 5451 appellant.

746 5473 825 5522 Ex
858 5470 1095 5536 iisdem,
1129 5487 1180 5524 c.
1216 5470 1308 5524 27.

266 5554 344 5627 (2,
378 5571 435 5626 q.
467 5554 522 5622 6,
559 5572 606 5611 c.
644 5556 1007 5630 Quicunque.)
1039 5558 1381 5629 Quicunque
1414 5573 1529 5613 non
1560 5556 1852 5612 conﬁden-

1962 1811 2189 1867 etiamsi
2224 1811 2295 1865 de
2327 1808 2489 1863 navis
2522 1811 2698 1862 nauto
2729 1808 2957 1877 agatur,
2990 1800 3201 1873 deponi
3222 1799 3391 1854 solet.

1958 1932 2093 1985 CAP.
2126 1926 2372 1982 CXXXI.
2428 1924 2632 1995 lnjuste
2688 1920 2975 2047 apptellans
3021 1916 3249 1973 omnino
3294 1911 3607 1985 puniendus

2726 2009 2782 2046 es
2813 2030 2825 2043 .

2726 2009 2825 2046 εει.

2508 2085 2588 2139 Ex
2618 2082 2849 2146 iisdem,
2884 2097 2933 2134 c.
2968 2078 3057 2132 38.

2031 2204 2105 2274 (2,
2141 2220 2195 2274 q.
2228 2203 2282 2268 6,
2310 2218 2359 2254 c.
2395 2198 2744 2264 Omninodo.)
2774 2193 3106 2250 Omninodo
3130 2189 3463 2260 puniendus
3495 2189 3604 2250 est,

1961 2294 2191 2364 quoties
2220 2291 2441 2360 injusta
2481 2285 2793 2358 appellatio
2846 2280 3281 2353 pronuntiatur,
3331 2279 3606 2345 sumptus

1960 2400 2104 2453 quos
2137 2384 2274 2437 dum
2307 2383 2650 2449 sequeretur
2679 2373 3052 2430 adversarius
3108 2366 3416 2439 impendit,
3474 2366 3607 2419 red-

1960 2475 2095 2528 dere
2124 2476 2386 2542 cogatur,
2421 2485 2532 2523 non
2568 2465 2831 2537 simplos,
2866 2463 2967 2518 sed
2999 2458 3381 2531 quadruplos.

1960 2592 2088 2646 CAP,
2126 2586 2408 2642 CXXXII.
2450 2586 2487 2637 A
2543 2584 2739 2652 quibus
2781 2578 3075 2652 judicibus
3117 2576 3240 2652 licet
3291 2587 3603 2652 provocare,

2031 2659 2117 2715 vel
2150 2660 2232 2714 sic
2261 2676 2273 2713 :
2300 2644 2818 2711 Excomm-unicelu'r
2840 2652 2936 2720 qui
2947 2647 3230 2719 judicibus
3258 2646 3374 2698 suis
3403 2644 3604 2698 obtem-

2029 2746 2225 2803 perare
2252 2746 2361 2784 non
2391 2728 2526 2783 vult.

2342 2836 2514 2891 Cone.
2550 2832 2713 2904 Spal.
2756 2829 3016 2885 Milevit..
3060 2844 3109 2882 c.
3132 2826 3222 2881 24.

2034 2956 2106 3023 (2,
2141 2970 2197 3025 q.
2229 2954 2284 3020 6,
2319 2970 2367 3007 c.
2402 2952 2440 3007 .4
2465 2949 2766 3021 judieibus,
2801 2951 2857 3001 et
2886 2964 2936 3001 c.
2997 2941 3295 3013 Quisquis.)
3321 2941 3364 2993 A
3391 2937 3607 3025 judici-

1966 3044 2077 3098 bus
2135 3024 2330 3096 autem
2391 3055 2540 3110 quos
2587 3036 2920 3092 communis
2978 3045 3302 3087 consensus
3349 3024 3611 3097 elegerit,

1967 3148 2080 3186 non
2113 3131 2284 3186 liceat
2315 3143 2607 3200 quemque
2638 3138 2966 3197 provocare,
3000 3125 3057 3176 et
3079 3116 3352 3191 quisquis
3394 3114 3613 3185 proba-

1963 3224 2059 3275 tus
2082 3219 2258 3274 fuerit
2287 3233 2390 3288 pro
2418 3214 2790 3271 contumacia
2838 3210 2991 3267 nolle
3021 3210 3423 3277 obtemperare
3452 3201 3611 3272 judi-

1965 3308 2153 3374 cibus,
2185 3322 2315 3361 cum
2350 3306 2456 3360 hoc
2490 3304 2689 3376 prima:
2723 3302 2880 3357 sedis
2903 3300 3175 3370 episcopo
3202 3294 3378 3349 fuerit
3408 3291 3613 3363 proba-

1963 3400 2111 3460 tum,
2144 3396 2241 3448 det
2271 3395 2495 3448 litteras
2528 3397 2591 3445 ut
2624 3389 2822 3443 nullus
2852 3388 2904 3442 ei
2945 3383 3339 3441 communicet
3387 3379 3615 3450 episco-

1973 3500 2183 3554 porum
2215 3484 2396 3536 donec
2418 3481 2805 3548 obtemperet.

1962 3618 2095 3672 CAP.
2130 3614 2429 3669 CXXXIII.
2466 3612 2596 3665 Cum
2618 3627 2716 3681 per
2747 3603 3474 3681 appellationemsententia
3502 3602 3615 3681 sol-

2034 3690 2207 3751 vitur,
2240 3701 2353 3740 non
2380 3686 2532 3739 debet
2566 3675 2749 3738 obesse
2776 3675 2828 3736 ei
2850 3682 2943 3749 qui
2973 3694 3081 3734 non
3111 3677 3304 3746 iniquo
3324 3677 3509 3729 animo
3527 3675 3615 3743 ju-

2035 3757 2261 3813 dicavit.

2380 3830 2553 3883 Conc.
2584 3824 2856 3894 Carthag.
2892 3839 2971 3889 III,
3005 3838 3055 3877 c.
3090 3818 3176 3874 lO.

2035 3946 2111 4016 (2,
2143 3962 2200 4016 q.
2231 3946 2286 4013 6,
2310 3960 2359 3998 c.
2395 3943 2499 3996 Hoc
2526 3939 2695 3996 etiam
2722 3936 2972 4009 placuit.)
3026 3932 3249 3989 Placuit
3290 3934 3352 3986 ut
3406 3946 3439 3983 a
3490 3928 3615 3998 qui-

1966 4030 2630 4103 buscunquejudicibus
2662 4023 3076 4081 ecclesiasticis
3098 4022 3167 4075 ad
3197 4019 3341 4073 alios
3361 4017 3616 4087 judices,

1966 4125 2065 4179 ubi
2098 4128 2190 4177 est
2223 4123 2410 4191 major
2441 4118 2779 4180 auctoritas,
2843 4111 3015 4168 fuerit
3058 4112 3456 4180 provocatum,
3504 4120 3616 4158 non

1964 4213 2049 4268 eis
2081 4211 2236 4266 obsit
2267 4223 2521 4281 quorum
2555 4206 2729 4259 luerit
2752 4202 2946 4257 soluta
2963 4196 3275 4265 sententia,
3307 4194 3461 4248 sicut
3481 4209 3617 4247 con-

1962 4300 2113 4355 vinci
2150 4316 2265 4354 non
2298 4295 2614 4369 potuerint,
2644 4293 2731 4348 vel
2781 4289 3019 4345 inimico
3049 4286 3248 4342 animo
3290 4282 3613 4353 judicasse,

1963 4390 2049 4445 vel
2081 4389 2278 4459 aliqua
2309 4384 2649 4457 cupiditate,
2678 4385 2779 4435 aut
2802 4378 2990 4450 gratia
3020 4370 3339 4446 depravati.
3372 4375 3519 4425 Sane
3542 4370 3620 4424 sit

1885 4451 1927 4512 Β
1960 4497 2029 4535 ex
2052 4492 2337 4533 consensu
2376 4473 2629 4545 partium
2656 4470 2887 4541 judices
2918 4464 3083 4522 electi
3135 4466 3389 4528 fuerunt,
3441 4459 3615 4515 etiam

1960 4586 1992 4623 a
2052 4565 2309 4637 pauciori
2369 4578 2614 4617 numero
2668 4574 2845 4631 quam
2907 4554 3290 4610 constitutum
3342 4554 3450 4620 est,
3502 4564 3617 4602 non

1959 4656 2131 4711 liceat
2160 4653 2481 4726 provocari.

1957 4782 2088 4836 CAP.
2120 4779 2406 4835 CXXXIV.
2439 4772 2937 4846 Comprovinriales
2977 4774 3028 4846 et
3064 4765 3478 4846 metropolitani
3496 4763 3621 4834 epi-

2030 4868 2315 4921 scoparum
2372 4842 2579 4904 causas
2620 4848 2840 4911 audire,
2899 4842 2991 4897 sed
3039 4842 3272 4911 deﬁnire
3323 4855 3439 4892 non
3480 4851 3615 4905 pos-

2030 4928 2200 4977 sunt?

2161 4928 2179 4989 )
2368 4991 2716 5063 Zepbirinus
2750 4987 2808 5040 in
2844 4986 3070 5040 Decret.
3106 4998 3155 5037 c.
3195 4984 3241 5034 1.

2032 5103 2109 5173 (3,
2134 5103 2259 5169 q.6,
2362 5098 2677 5167 Quoniam.)
2709 5092 2998 5158 Quoniam
3032 5103 3371 5161 quanquam
3405 5099 3616 5139 acom-

1960 5188 2422 5264 provincialibus
2448 5188 2737 5258 episCOpis
2762 5178 3017 5237 accusati
3068 5192 3302 5232 causam
3322 5171 3617 5244 pontiﬁcis

1960 5280 2210 5335 scrutari
2243 5278 2435 5342 liceat,
2466 5293 2577 5330 non
2612 5280 2809 5328 tamen
2843 5267 3112 5332 delinire,
3140 5260 3475 5320 inconsulto
3510 5260 3618 5314 Ro-

1960 5386 2135 5424 mano
2170 5367 2462 5438 pontiﬁce,
2496 5364 2850 5436 permissum
2885 5363 2993 5412 est.

1958 5486 2095 5541 CAP.
2129 5481 2395 5538 CXXXV.
2422 5482 2560 5534 Reus
2588 5476 2848 5532 damnari
2875 5488 2985 5527 non
3013 5470 3157 5525 valet
3200 5466 3313 5523 nisi
3342 5464 3618 5541 convictus

2030 5558 2125 5610 aut
2153 5563 2341 5625 sponte
2378 5551 2683 5623 confessus,
2722 5551 2773 5601 et
2818 5545 2870 5600 si
2916 5542 3197 5615 episcopus
3241 5540 3417 5611 fuerit
3463 5553 3612 5603 reus,
