4000 6054
193 195 359 252 1213

1529 196 1925 253 PANORMIA.
1967 224 2035 235 --
2073 196 2207 250 LIB.
2249 197 2317 251 V.

3493 194 3629 249 1214

188 323 404 378 latum
431 324 541 388 est,
566 321 667 377 sed
694 319 946 392 qualiter
967 320 1304 377 consultum
1335 322 1559 377 domini
1591 326 1647 378 et
1677 324 1865 379 Patris
1898 326 1950 392 Α
1980 321 2199 378 nostris
2222 322 2545 393 imponam,
2572 321 2673 376 sed
2699 322 2761 375 ut
2783 319 2995 375 melius
3023 320 3385 376 abscindatis
3407 337 3441 375 a
3462 321 3629 375 vobis

191 412 402 468 nostri
430 411 643 466 Leonis
668 409 1452 483 apostolicicwterorumque
1482 413 1753 468 Romanae
1771 414 1873 468 Ec-

188 502 405 558 olesiee
434 500 848 572 episcoporum
880 503 936 554 et
957 498 1322 570 reliquorum
1348 502 1874 569 sacerdotum,sive

189 589 601 646 Orientalium
638 593 696 644 et
726 588 1060 643 Graecorum
1096 589 1591 660 patriarcharum,
1630 597 1686 646 et
1718 590 1871 645 mul-

188 686 413 735 torum
448 679 882 751 episcoporum,
915 677 1305 750 omniumque
1335 681 1731 746 sacerdotum,
1766 697 1871 735 nec

190 786 325 825 non
361 772 419 824 et
444 771 781 823 nostrorum
805 766 1212 839 episcoporum
1243 768 1628 839 omniumque
1656 770 1869 824 Roma-

192 875 425 913 norum
458 857 830 913 sacerdotum
864 872 929 911 ac
949 856 1260 913 levitarum
1286 857 1632 913 auctoritate
1656 862 1712 912 et
1733 875 1867 913 con-

194 963 415 1015 sensu,
450 950 626 1018 atque
658 945 1017 1017 reliquorum
1077 946 1342 1001 fidelium
1377 950 1433 1001 et
1486 946 1865 1001 conciliorum

191 1039 553 1093 nostrorum
588 1033 863 1090 consultu
900 1034 1221 1089 difﬁnitum
1246 1039 1354 1104 est,
1375 1052 1475 1090 vos
1497 1052 1701 1091 omnes
1722 1036 1867 1091 utri-

196 1141 404 1199 usque
418 1124 643 1180 ordinis
658 1123 959 1180 ministros
978 1123 1126 1179 scire
1149 1124 1436 1180 volumus.
1464 1126 1757 1183 Statutum
1781 1130 1869 1181 est

194 1233 470 1287 namque
501 1214 724 1270 ratione
756 1218 810 1269 et
834 1214 1203 1285 necessitate,
1229 1220 1401 1287 atque
1425 1216 1699 1285 praedicto
1729 1234 1865 1271 con-

194 1304 395 1374 sultu,
432 1309 493 1359 ut
526 1303 989 1377 quotiescunque
1023 1304 1314 1359 sacerdoti
1360 1305 1581 1360 crimen
1613 1304 1865 1376 imponi-

194 1397 323 1460 tur,
361 1392 411 1447 si
442 1392 567 1464 ipse
594 1395 903 1447 accusator
936 1391 1071 1447 talis
1106 1392 1282 1448 fuerit
1332 1398 1397 1448 ut
1427 1393 1607 1464 recipi
1638 1394 1862 1461 debeat,

197 1481 349 1554 quia
382 1480 586 1553 quales
645 1482 716 1536 ad
748 1481 1185 1537 accusationem
1229 1484 1599 1539 sacerdotum
1633 1483 1865 1538 admitti

197 1572 486 1636 debeant,
542 1570 602 1625 in
660 1570 987 1626 canonibus
1018 1571 1266 1642 pleniter
1298 1589 1641 1644 expressum
1666 1576 1782 1640 est;
1819 1571 1866 1627 si

198 1666 433 1731 autem,
465 1662 529 1715 ut
559 1660 785 1715 dictum
821 1664 933 1727 est,
956 1659 1053 1715 ille
1087 1666 1417 1727 accusator,
1457 1660 1557 1732 qui
1591 1660 1867 1717 canonice

196 1755 296 1806 est
326 1748 728 1821 recipiendus,
764 1764 897 1803 eum
933 1765 1065 1803 cum
1092 1748 1354 1821 legitimo
1376 1748 1632 1803 virorum
1659 1766 1864 1803 nume-

200 1856 269 1894 ro
333 1842 392 1892 et
448 1838 736 1893 bonorum
789 1837 1053 1907 testium,
1106 1838 1432 1909 approbare
1462 1836 1520 1892 in
1550 1842 1863 1907 conspectu

199 1928 625 2002 episcoporum
659 1925 893 1999 poterit,
925 1930 1068 1982 tunc
1099 1927 1375 1981 canonice
1409 1926 1781 1998 dijudicetur,
1812 1931 1865 1981 et

197 2016 250 2072 si
287 2014 605 2088 culpabilis
635 2014 956 2080 invenitur,
993 2014 1273 2070 canonice
1291 2016 1624 2071 damnetur.
1647 2014 1701 2069 Si
1729 2032 1864 2071 vero

197 2123 341 2161 cum
376 2122 557 2178 supra
588 2103 810 2177 scripto
834 2108 1116 2176 pratextu
1140 2104 1466 2176 approbare
1489 2104 1614 2175 ipse
1637 2121 1866 2159 accusa-

196 2200 295 2251 tor
348 2194 593 2251 minimc
652 2194 886 2265 poterit,
924 2200 999 2260 ret
1030 2192 1138 2249 hoc
1170 2192 1451 2250 canonice
1482 2194 1862 2265 dijudicetur.

199 2287 336 2358 Ipse
356 2302 489 2343 vero
507 2285 806 2354 sacerdos,
831 2285 880 2340 si
902 2283 1269 2355 suspiciosus
1287 2288 1344 2340 et
1364 2284 1726 2341 incredibilis
1758 2303 1863 2343 suo

198 2374 480 2447 episcopo
507 2377 610 2430 aut
633 2372 875 2444 reliquis
906 2372 1421 2429 consacerdotibus
1454 2374 1574 2429 sive
1614 2375 1782 2431 bonis
1810 2371 1867 2431 et

197 2464 383 2533 justis
412 2464 481 2521 de
512 2479 619 2521 suo
652 2462 866 2535 populo
900 2461 986 2518 vel
1018 2462 1088 2517 de
1120 2463 1246 2517 suis
1278 2462 1618 2518 hominibus
1667 2464 1861 2533 fuerit,

197 2551 293 2607 vel
329 2553 387 2606 in
420 2551 658 2607 crimine
690 2556 791 2606 aut
841 2551 1114 2622 praedicta
1164 2550 1499 2623 suspicione
1558 2560 1858 2608 remaneat

201 2657 335 2697 cum
366 2641 558 2696 tribus
590 2644 691 2696 aut
720 2657 753 2696 ν
784 2640 873 2696 vel
908 2658 983 2695 v11
1018 2640 1186 2696 bonis
1220 2657 1284 2695 ac
1316 2640 1525 2696 vicinis
1548 2642 1860 2697 sacerdoti-

199 2732 338 2801 bus,
361 2728 625 2801 exemplo
649 2728 861 2785 Leonis
882 2746 1064 2801 papae,
1092 2729 1192 2802 qui
1216 2746 1295 2784 x11
1319 2728 1622 2802 episcopos
1645 2730 1703 2785 in
1755 2749 1861 2786 sua

206 2820 558 2892 purgatione
590 2819 814 2890 habuit,
846 2819 933 2874 vel
967 2836 1032 2875 eo
1064 2819 1339 2891 amplius,
1373 2820 1420 2875 si
1444 2838 1549 2875 suo
1589 2822 1860 2893 episcopo

207 2912 398 2966 visum
432 2911 626 2977 fuerit,
660 2915 761 2966 aut
790 2925 1022 2966 necesse
1044 2915 1280 2982 propter
1311 2911 1634 2966 tumultum
1661 2912 1861 2984 populi

209 2999 592 3072 prospexerit,
624 3004 681 3055 et
709 3015 840 3055 cum
877 2999 1008 3055 aliis
1041 2998 1209 3055 bonis
1242 3000 1493 3070 etjustis
1522 3000 1862 3056 hominibus

208 3108 271 3146 se
301 3095 671 3147 sacramento
703 3107 899 3145 coram
933 3091 1150 3163 populo
1184 3108 1359 3163 super
1390 3097 1642 3162 quatuor
1671 3094 1854 3148 Evan-
1892 3074 1934 3139 C

206 3179 359 3251 gelia
387 3180 545 3245 dato,
588 3184 907 3251 purgatum
946 3180 1214 3235 Ecclesiae
1248 3182 1472 3236 reddat.
1508 3182 1566 3236 Si
1597 3182 1727 3253 quis
1757 3200 1860 3236 au-

206 3272 323 3322 tem
358 3268 506 3323 scire
537 3268 828 3324 desiderat
855 3271 1058 3340 quales
1090 3275 1271 3325 testes
1313 3271 1383 3325 ad
1428 3272 1860 3326 accusationem

214 3358 584 3414 sacerdotum
615 3358 792 3430 recipi
826 3360 1097 3427 debeant,
1129 3364 1185 3415 et
1216 3359 1356 3430 quid
1390 3360 1459 3415 de
1491 3359 1862 3415 accusatione

212 3447 543 3501 faciendum
576 3447 670 3513 sit,
720 3447 967 3516 pleniter
1000 3447 1057 3500 in
1093 3447 1419 3501 canonibus
1451 3449 1703 3518 reperire
1763 3466 1860 3518 po-

212 3535 367 3593 terit.

413 3641 547 3698 ΟΑΡ.
584 3642 676 3697 IV.
710 3642 782 3696 De
810 3642 983 3696 Leone
1007 3642 1248 3712 qualiter
1275 3658 1331 3697 se
1376 3645 1653 3713 purgavit.

592 3782 604 3789 ,
637 3730 711 3784 De
744 3732 973 3800 purgat.
1010 3728 1216 3785 Leonis
1249 3745 1434 3800 papa.

276 3837 351 3909 (2,
386 3852 441 3906 q.
470 3836 526 3903 5,
560 3851 609 3890 c.
640 3836 947 3901 Auditum.)
983 3836 1263 3890 Auditum
1296 3841 1404 3905 est,
1466 3838 1674 3892 fratres
1722 3837 1859 3892 cha-

214 3925 450 3994 rissimi,
484 3929 542 3979 et
573 3924 935 3996 divulgatum
970 3929 1060 3979 est
1087 3941 1189 3996 per
1215 3925 1401 3980 multa
1431 3928 1575 3996 loca,
1611 3927 1862 3999 qualiter

212 4014 476 4069 homines
510 4012 652 4067 mali
685 4014 995 4068 adversum
1030 4029 1122 4067 me
1144 4030 1445 4069 surrexere
1467 4020 1523 4069 et
1555 4015 1859 4071 debilitare

211 4102 534 4169 voluerunt,
567 4106 623 4156 et
656 4102 946 4157 miserunt
985 4118 1163 4173 super
1204 4119 1296 4157 me
1344 4103 1542 4175 gravia
1591 4103 1853 4159 crimina.

212 4196 444 4262 Propter
475 4208 648 4262 quam
684 4208 923 4245 causam
957 4192 1068 4245 iste
1101 4191 1607 4247 clementissimus
1652 4211 1717 4249 ac
1773 4212 1858 4250 se-

212 4281 552 4336 renissimus
574 4280 853 4335 dominus
875 4280 1116 4335 Carolus
1141 4298 1256 4335 una
1274 4298 1407 4336 eum
1451 4283 1856 4339 sacerdotibus

213 4368 977 4440 etoptimatibussuisistam
995 4370 1254 4440 pervenit
1290 4371 1359 4424 ad
1385 4371 1607 4426 urbem.
1635 4374 1855 4437 Quam-

216 4457 405 4513 obrem
436 4472 541 4528 ego
565 4460 673 4512 Leo
706 4455 965 4528 pontifex
998 4462 1213 4512 sanctas
1263 4458 1538 4514 Romanae
1590 4460 1857 4516 Ecclesiae
1892 4444 1935 4507 D

218 4562 248 4598 a
276 4544 504 4598 nemine
533 4544 835 4614 judicatus
870 4561 1060 4615 neque
1085 4549 1342 4611 coactus,
1378 4548 1477 4600 sed
1536 4553 1859 4618 spontanee

216 4648 337 4687 mea
363 4631 682 4704 voluntate,
722 4633 968 4704 puriﬁco
1000 4650 1093 4688 me
1126 4634 1183 4689 in
1214 4640 1526 4704 conspectu
1560 4642 1747 4692 vestro
1770 4655 1857 4693 co-

215 4738 329 4777 ram
362 4726 469 4775 Deo
502 4726 558 4777 et
589 4721 816 4793 angelis
847 4724 997 4792 ejus,
1047 4723 1146 4793 qui
1201 4723 1618 4780 conscientiam
1674 4729 1855 4797 novit,

222 4816 272 4866 et
299 4811 468 4868 beato
514 4812 787 4880 Principe
819 4812 1219 4883 apostolorum
1253 4814 1310 4868 in
1342 4816 1513 4884 cujus
1541 4823 1854 4888 conspectu

216 4900 607 4969 consistimus,
642 4901 778 4971 quia
806 4901 948 4957 istas
978 4902 1326 4959 criminosas
1348 4910 1404 4960 ct
1429 4904 1744 4962 scelaratas
1762 4924 1855 4962 res

216 5005 351 5059 quas
380 4988 466 5045 illi
497 4987 639 5043 mihi
672 4988 982 5059 objiciunt,
1018 5008 1122 5046 nec
1154 4993 1501 5063 perpetravi,
1527 5010 1632 5049 nec
1656 5012 1854 5067 perpe-

214 5081 355 5133 trare
380 5077 560 5148 jussi.
586 5077 776 5133 Testis
808 5083 899 5131 est
934 5079 1075 5134 mihi
1106 5084 1253 5136 Deus
1282 5080 1342 5136 in
1375 5083 1852 5153 cujusjudicium

188 5166 428 5220 ‘venturi
464 5182 669 5220 sumus
703 5170 761 5219 et
793 5165 848 5219 in
885 5167 1053 5236 cujus
1086 5176 1399 5240 conspectu
1445 5172 1850 5241 consistimus,

214 5256 276 5310 Et
322 5256 424 5309 hoc
485 5258 721 5325 propter
752 5255 1122 5327 suspiciones
1156 5260 1341 5314 malas
1375 5260 1687 5327 tollendas,
1724 5279 1853 5317 mea

214 5348 524 5415 spontanee
558 5342 859 5399 voluntate
892 5344 1058 5416 facio,
1085 5350 1385 5418 nonquasi
1410 5366 1515 5420 ego
1538 5350 1687 5404 hanc
1710 5368 1851 5405 con-

216 5435 571 5490 suetudinem
606 5436 706 5488 aut
738 5433 1035 5489 decretum
1070 5437 1128 5491 in
1163 5443 1369 5493 sancta
1426 5438 1685 5494 Ecclesia
1716 5458 1850 5496 suc-

218 5524 532 5580 cessoribus
562 5521 731 5592 meis,
767 5538 873 5579 nec
905 5540 1020 5580 non
1054 5529 1110 5580 et
1129 5526 1407 5583 fratribus
1424 5528 1848 5601 etcoepiscopis

1984 412 2229 468 rebelles
2261 408 2666 482 cogitationes.

1983 520 2120 575 CAP.
2169 518 2238 572 V.
2288 519 2364 573 De
2428 518 2599 572 Leone
2625 518 2895 587 episcOpo,
2930 530 3089 585 quem
3123 516 3307 571 beatus
3341 515 3635 588 Gregorius

2390 592 2783 660 purgationem
2807 590 3055 658 praebere
3078 588 3229 658 fecit.

1982 680 2060 734 Ex
2088 680 2312 752 Regist.
2340 682 2510 749 Greg.
2546 677 3139 804 palplisitadglpeitbimp.
3173 680 3229 732 et
3250 677 3421 747 epist.
3444 678 3533 731 23.
3560 678 3632 731 ad

2646 755 2761 805 ust.
2796 749 2996 819 presb.

2051 859 2126 930 (3,
2187 874 2243 929 q.
2276 858 2331 928 5,
2376 873 2426 912 c.
2457 856 2674 925 Habet.)
2709 856 2891 911 Habet
2919 854 3028 910 hoc
3062 855 3364 925 proprium
3398 857 3627 928 antiqui

1977 948 2165 1003 hostis
2195 944 2435 1013 invidia,
2472 951 2536 1000 ut
2566 962 2715 1017 quos
2749 944 2807 999 in
2832 960 3140 1015 pravorum
3171 949 3408 999 actuum
3433 961 3637 1016 perpe-

1976 1040 2245 1105 tratione,
2275 1038 2386 1091 Deo
2398 1036 2509 1091 sibi
2537 1036 2872 1103 resistente,
2895 1034 3162 1105 decipere
3185 1050 3301 1088 non
3318 1033 3489 1105 valet,
3513 1036 3634 1106 Opi-

1978 1132 2213 1187 nionem
2247 1142 2447 1182 eorum
2485 1125 2631 1180 falsa
2662 1124 2734 1179 ad
2766 1139 3023 1195 praesens
3057 1122 3395 1177 simulando
3418 1123 3631 1178 dilace-

1976 1226 2079 1276 rct.
2104 1216 2391 1282 Quoniam
2420 1214 2603 1286 igitur
2624 1214 2888 1285 quaedam
2913 1211 3632 1282 contrasacerdotalepro-

1974 1308 2234 1382 positum
2260 1306 2327 1361 de
2342 1306 2533 1359 Leone
2560 1305 2732 1358 fratre
2756 1308 2956 1358 nostro
2976 1309 3031 1358 et
3056 1303 3401 1375 coepiscopo
3427 1307 3630 1357 nostro

1978 1397 2219 1454 sinister
2266 1410 2469 1449 rumor
2502 1396 2854 1464 asperserat,
2904 1396 3101 1447 utrum
3131 1408 3266 1446 vera
3291 1394 3509 1463 essent,
3542 1392 3634 1445 di-

1977 1482 2419 1543 strictadiutius
2443 1479 3087 1551 fecimusinquisitione
3112 1480 3395 1552 perquiri,
3424 1484 3480 1535 et
3506 1480 3632 1534 nul-

1976 1578 2093 1633 lam
2151 1575 2211 1629 in
2262 1589 2327 1628 eo
2359 1573 2428 1626 de
2464 1570 2552 1625 his
2585 1585 2713 1641 quae
2746 1570 2901 1624 dicta
2936 1571 3166 1625 fuerant
3199 1568 3433 1640 culpam
3467 1568 3629 1623 inve-

1976 1663 2199 1731 nimus,
2233 1662 2332 1718 sed
2366 1678 2437 1715 ne
2460 1660 2601 1731 quid
2622 1660 2923 1715 videretur
2940 1661 3231 1715 omissum
3252 1659 3406 1730 quod
3432 1662 3629 1713 nostro

1978 1752 2261 1826 potuisset
2320 1752 2478 1806 cordi
2530 1750 2775 1804 dubium
2822 1765 3145 1815 remanere,
3182 1750 3251 1803 ad
3283 1748 3439 1803 beati
3477 1748 3632 1802 Petri

1975 1840 2224 1915 apostoli
2283 1838 2754 1895 sacratissimum
2815 1854 3028 1907 corpus
3078 1836 3346 1892 districta
3391 1852 3528 1890 eum
3564 1853 3632 1890 ex

1975 1930 2298 1986 abundanti
2356 1929 2603 1983 fecimus
2662 1932 3037 1982 sacramenta
3093 1925 3371 1997 prabere.
3417 1924 3634 1997 quibus

1976 2022 2252 2095 praestitis
2311 2037 2527 2091 magna
2558 2035 2767 2073 sumus
2800 2017 3191 2073 exsultatione
3224 2014 3431 2088 gavisi,
3468 2017 3623 2086 quod

1976 2108 2385 2183 hujuscemodi
2464 2106 2799 2165 innocentia
2855 2106 3152 2163 evidenter
3219 2103 3455 2161 enituit.
3514 2104 3624 2161 Pro

1975 2218 2090 2273 qua
2120 2217 2178 2256 re
2210 2198 2396 2271 gloria
2424 2202 2616 2253 vestra
2669 2196 3014 2268 praedictum
3064 2195 3257 2250 virum
3291 2210 3425 2248 cum
3457 2192 3617 2248 omni

1974 2290 2254 2345 charitate
2313 2286 2622 2358 suscipiat,
2656 2290 2712 2340 et
2742 2284 3125 2341 reverentiam
3168 2283 3219 2337 ei
3252 2282 3489 2353 qualem
3523 2296 3618 2336 sa-

1975 2380 2271 2435 cerdotem
2326 2378 2490 2433 decet
2538 2374 2843 2440 exhibeat;
2901 2389 3005 2427 nec
3063 2371 3183 2426 ulla
3222 2374 3522 2426 remaneat
3548 2370 3619 2424 de

1976 2470 2068 2525 his
2124 2485 2249 2538 qua:
2274 2466 2400 2536 jam
2432 2472 2572 2520 sunt
2604 2467 2851 2535 purgata
2879 2462 3169 2517 dubietas.
3204 2462 3273 2515 Et
3298 2459 3381 2514 ita
3410 2474 3618 2531 supra-

1974 2558 2129 2613 dicto
2158 2573 2261 2612 vos
2312 2555 2587 2626 episcopo
2646 2551 3024 2608 devotissime
3084 2553 3311 2621 oportet
3339 2546 3398 2601 in
3427 2545 3619 2601 omni-

1969 2648 2080 2703 bus
2135 2645 2472 2709 adhaarere,-
2510 2646 2573 2696 ut
2627 2657 2881 2712 congrue
2913 2640 3301 2709 decenterque
3333 2635 3516 2690 Deum
3562 2634 3620 2689 in

1971 2735 2101 2804 ejus
2132 2748 2383 2805 persona
2412 2727 2727 2786 videamini
2766 2728 2955 2799 (cujus
2996 2723 3263 2780 minister
3292 2723 3402 2792 est)
3434 2718 3618 2779 hono-

1974 2840 2100 2880 rare
2112 2865 2124 2881 ο

1973 2933 2102 2990 CAP.
2171 2931 2241 2986 VI
2303 2928 2574 2997 Quomodo
2623 2928 2813 2983 beatus
2873 2925 3164 2996 Gregorius
3195 2925 3419 2997 Magnus
3466 2924 3619 2980 Men-

2162 3020 2293 3057 nam
2322 2996 2639 3073 episcopum
2657 3001 2978 3072 juramento
3005 3014 3251 3069 purgare
3278 2996 3431 3067 fecit.

2165 3104 2245 3159 Ex
2277 3101 2497 3172 Regist.
2528 3100 2597 3155 ad
2632 3097 2953 3154 Brunichil.
2989 3098 3177 3169 regin.
3218 3114 3266 3151 c.
3301 3096 3428 3153 332.

2044 3206 2119 3274 (2,
2180 3220 2235 3274 q.
2291 3202 2347 3269 5,
2383 3217 2430 3255 c.
2465 3198 2761 3267 Mennam.)
2792 3201 3056 3251 Mennam
3094 3212 3227 3251 vero
3260 3193 3625 3251 reverendis-

1973 3291 2193 3346 simum
2218 3292 2452 3344 fratrem
2476 3292 2743 3342 nostrum
2767 3290 2823 3339 et
2848 3284 3283 3355 coepisc0pum,
3308 3288 3621 3353 postquam

1973 3396 2041 3434 ea
2088 3395 2215 3448 quae
2275 3378 2345 3431 de
2404 3392 2469 3430 eo
2501 3375 2656 3428 dicta
2689 3372 2905 3425 fuerint
2936 3371 3324 3440 requirentes,
3368 3371 3426 3423 in
3461 3370 3620 3425 nullo

1972 3468 2303 3523 invenimus
2336 3480 2464 3519 esse
2496 3461 2873 3534 culpabilem,
2906 3461 3006 3530 qui
3039 3460 3283 3531 insuper
3315 3461 3384 3514 ad
3420 3476 3623 3515 sacra-

1971 3558 2270 3612 tissimum
2332 3569 2543 3623 corpus
2602 3550 2756 3605 beati
2790 3548 3039 3621 apostoli
3075 3548 3223 3603 Petri
3253 3548 3362 3603 sub
3388 3550 3617 3619 jureju-

1971 3647 2154 3701 rando
2185 3642 2611 3707 sastist‘aciens,
2634 3641 2705 3695 ab
2725 3639 2817 3694 his
2841 3655 2969 3709 quae
2992 3638 3220 3707 objecta
3240 3639 3473 3693 fuerant
3492 3638 3621 3708 ejus

1972 3733 2233 3806 opinioni
2292 3732 2363 3786 de
2412 3747 2475 3786 se
2504 3727 2853 3785 monstravit
2885 3727 3171 3794 alienum,
3204 3726 3415 3782 reverti
3448 3726 3617 3783 illum

1970 3826 2287 3895 purgatum
2322 3819 2703 3893 permisimus
2734 3815 3095 3872 absolutum.
3148 3815 3294 3880 Quia
3325 3816 3479 3870 sicut
3528 3815 3618 3869 di-

1970 3929 2152 3984 gnum
2212 3914 2337 3965 erat
2392 3913 2456 3963 ut
2486 3908 2533 3962 si
2569 3907 2625 3961 in
2658 3906 2853 3975 aliquo
2887 3921 3022 3959 reus
3053 3903 3349 3972 existeret,
3382 3901 3614 3973 culpam

1970 4002 2029 4055 in
2087 4018 2153 4056 eo
2213 3998 2493 4055 canonice
2537 3995 2910 4067 puniremus,
2948 3994 3027 4047 ita
3057 3992 3300 4063 dignum
3338 4008 3452 4046 non
3488 3991 3615 4057 fuit,

1971 4095 2034 4145 ut
2084 4106 2217 4145 cum
2268 4089 2580 4157 adjuvante
2630 4083 2966 4138 innocentia
2996 4081 3219 4137 diutius
3252 4079 3499 4134 retinere
3529 4077 3617 4134 vel

1969 4178 2225 4249 afﬂigere
2256 4177 2314 4230 in
2348 4175 2543 4245 aliquo
2568 4174 2936 4229 deberemus.

2180 4288 2311 4338 CAP.
2346 4283 2460 4337 Vll.
2496 4283 2569 4335 De
2597 4296 2761 4335 causa
2792 4277 3045 4332 Gitlandi
3072 4276 3399 4348 presbyteri.

2157 4372 2483 4427 Alexander
2516 4370 2561 4423 II
2598 4367 2921 4422 Romualdo
2953 4367 3138 4437 episc.
3179 4365 3422 4419 Cuman.

2040 4463 2115 4532 (2,
2151 4478 2208 4531 q.
2244 4462 2295 4527 4,
2330 4477 2379 4514 c.
2412 4459 2582 4529 Super
2609 4456 2848 4525 causas.)
2904 4456 3089 4526 Super
3119 4470 3329 4509 causas
3361 4452 3615 4509 Gillandi

1969 4548 2291 4624 presbyteri
2352 4548 2460 4617 tui,
2521 4548 2590 4601 de
2649 4550 2831 4600 morte
2861 4543 3120 4615 episcopi
3173 4542 3614 4613 praedecessoris

1966 4642 2052 4698 tui
2104 4638 2393 4707 infamati,
2454 4638 2511 4689 in
2573 4635 2834 4689 medium
2920 4632 3350 4687 consuluimus.
3420 4631 3613 4701 Itaque

1966 4726 2485 4785 circumstantium
2548 4726 2793 4777 tratrum
2851 4720 3112 4776 unanimi
3172 4734 3465 4775 consensu
3500 4724 3613 4774 tua:

1966 4817 2262 4873 dilectioni
2287 4812 2688 4879 rescribimus,
2713 4812 3017 4882 praefatum
3034 4809 3367 4864 Gillandum
3385 4808 3614 4877 presby-

1964 4914 2157 4964 terum
2191 4910 2326 4961 ante
2356 4909 2411 4958 te
2445 4902 2942 4975 praasentandum,
2977 4901 3077 4956 ubi
3112 4901 3161 4953 si
3200 4901 3339 4954 certi
3372 4911 3611 4952 accusa-

1964 5002 2117 5051 tores
2138 4993 2453 5057 defuerint,
2476 4996 2616 5046 tunc
2640 4989 3148 5059 dictantejustitia
3164 4988 3289 5040 sine
3308 4983 3468 5040 omni
3483 5000 3613 5039 con-

1966 5083 2275 5149 troversia,
2334 5081 2661 5151 presbyter,
2722 5092 3089 5150 quaecunque
3147 5076 3217 5128 ob
3250 5074 3358 5128 hoc
3390 5073 3611 5141 injuste

1964 5174 2161 5229 amisit
2219 5188 2282 5227 ac
2345 5169 2739 5225 sacerdotium
2787 5167 3054 5236 accipiat,
3088 5169 3145 5219 et
3176 5165 3405 5233 integra
3430 5162 3607 5215 bene-

1961 5262 2111 5318 ﬁcia.

2454 5350 2585 5401 CAP.
2620 5344 2766 5400 Vlll.
2801 5346 2872 5398 De
2902 5344 3107 5398 eodem.

2032 5442 2106 5513 (2,
2172 5457 2229 5511 q.
2292 5438 2346 5508 5,
2381 5453 2429 5491 c.
2464 5436 2737 5490 Mennam.
2774 5436 2801 5505 ξ
2835 5432 3273 5505 Purgationem.)
3305 5428 3605 5501 Purgatio-

1961 5547 2093 5587 nem
2127 5533 2323 5585 tamen
2382 5529 2515 5581 ante
2546 5527 2601 5577 te
2633 5523 2863 5578 duobus
2896 5523 3008 5578 sibi
3040 5521 3440 5577 sacerdotibus
3464 5521 3604 5590 jun-
