3938 6074
374 235 513 290 1215

1435 235 1505 286 D.
1544 230 1788 285 1V0le
1824 226 2327 284 CARNOTENSIS
2364 224 2686 280 EPISCOPI

3667 222 3806 276 1216
3871 192 3873 262 l

367 358 497 425 clis,
533 356 630 411 ubi
663 361 974 412 accusator
1003 354 1336 422 cessaverit,
1370 353 1642 409 eumdem
1677 368 1746 406 ex
1778 366 1839 406 se
1869 365 2009 420 prae-
2041 348 2094 415 Α
2123 346 2607 419 stigandum,sed
2629 345 3285 418 episcoporumjudicio
3309 345 3610 418 quidquid
3651 345 3803 400 illud
3873 380 3875 414 ε

366 446 499 500 bere
523 450 622 501 tuo
653 444 1075 500 committimus
1107 442 1376 510 arbitrio,
1433 441 1736 513 vulgarem
1767 439 2019 507 denique
2128 441 2236 503 est,
2271 436 2712 492 reservandum.

365 551 432 590 ac
462 535 626 590 nulla
657 535 942 590 canonica
971 533 1272 589 sanctione
1301 533 1510 587 fultam
1537 549 1551 600 ;
1578 529 1767 603 legem
1791 530 2016 585 ferven-

367 625 445 680 tis
503 625 624 680 sive
683 623 906 696 frigida:
960 639 1128 694 aquae
1178 622 1467 694 ignitique
1491 621 1624 676 ferri
1655 623 2015 684 contactum,

367 713 796 784 autcujuslibet
813 711 1114 782 popularis
1135 710 1510 778 inventionis,
1538 709 2017 781 quiafabricante

366 803 604 857 omnino
665 801 781 856 haec
831 807 967 854 sunt
992 798 1080 854 vel
1114 799 1250 854 ﬁcta
1279 797 1518 865 invidia,
1554 813 1656 852 nec
1690 797 1882 868 ipsum
1913 811 2014 850 ex-

365 890 567 946 hibere
599 906 701 945 nec
734 889 932 958 aliquo
963 887 1134 942 modo
1166 893 1220 942 te
1259 887 1531 946 volumus
1554 883 1873 957 postulare,
1895 881 2013 938 imo

363 977 682 1050 apostolica
715 976 1066 1032 auctoritate
1099 975 1483 1048 prohibemus
1515 974 1879 1029 ﬁrmissime.

365 1072 492 1122 CAP.
527 1066 617 1121 IX.
643 1065 905 1121 Sacerdos
939 1067 988 1119 si
1028 1083 1067 1120 α
1100 1065 1299 1136 populo
1319 1063 1492 1136 fuerit
1514 1066 1822 1136 accusatus,
1845 1063 2012 1131 jura-

645 1141 826 1193 mento
859 1135 1242 1192 innocentiam
1272 1153 1432 1191 suam
1462 1135 1727 1205 afﬁrmet.

815 1226 1052 1299 Gregor.
1088 1228 1162 1281 III
1196 1226 1267 1281 ad
1302 1225 1553 1280 Bonifac.

427 1306 504 1378 (2,
557 1323 614 1377 q.
672 1307 726 1373 5,
761 1322 810 1360 c.
845 1306 1184 1376 Presbyter.)
1217 1305 1296 1360 De
1329 1305 1670 1377 presbytero
1702 1304 1791 1359 vel
1825 1303 2010 1374 quoli-

360 1394 460 1449 bet
488 1395 789 1450 sacerdote
819 1410 852 1449 a
885 1394 1098 1466 populo
1161 1397 1453 1458 accusato,
1487 1393 1536 1446 si
1568 1391 1706 1447 certi
1739 1409 1853 1446 non
1886 1392 2010 1447 fue-

358 1485 480 1540 rint
509 1489 711 1553 testes,
745 1484 844 1556 qui
869 1483 1100 1540 crimini
1127 1482 1291 1539 illato
1315 1483 1617 1538 veritatem
1641 1481 2009 1552 dicant,jus-

351 1574 677 1645 jurandum
713 1573 771 1628 in
805 1573 1064 1628 medium
1101 1573 1295 1640 faciat,
1329 1576 1385 1628 et
1433 1571 1603 1627 illum
1635 1575 1843 1626 testem
1874 1587 2006 1642 pro-

359 1663 507 1728 ferat
563 1664 630 1718 de
690 1663 1036 1718 innocentia:
1099 1679 1218 1717 suae
1277 1661 1532 1732 puritate
1589 1660 1680 1716 cui
1741 1661 1900 1715 nuda
1949 1663 2009 1714 et

357 1719 556 1823 aperta
579 1757 717 1808 sunt
739 1751 958 1816 omnia,
987 1753 1189 1822 sicque
1212 1719 1446 1806 maneat
1464 1750 1517 1805 in
1544 1749 1779 1822 proprio
1797 1749 2005 1820 gradu.
2041 1719 2084 1782 Β

359 1859 492 1915 CAP.
525 1862 602 1915 X.
633 1859 694 1915 Si
745 1861 867 1928 quis
923 1859 1205 1928 presbyter
1232 1859 1419 1912 contra
1451 1859 1679 1925 laicum,
1709 1857 1795 1911 vel
1830 1854 2007 1910 laicus

426 1936 618 1985 contra
643 1931 1029 2001 presbyterum
1058 1930 1464 2000 querimoniam
1509 1929 1723 1994 habeat,
1765 1928 2008 1998 qualiter

429 2002 581 2058 debet
607 2004 855 2073 procedi.

432 2091 508 2160 (2,
567 2108 624 2162 q.
684 2093 738 2159 5,
771 2107 820 2145 c.
856 2090 917 2145 Si
945 2091 1068 2161 quis
1094 2090 1418 2161 presbyter.)
1450 2089 1507 2144 Si
1541 2089 1673 2160 quis
1705 2090 2009 2161 presbyter

357 2183 558 2235 contra
587 2178 825 2248 laieum,
854 2179 941 2234 vel
965 2179 1150 2234 laicus
1176 2185 1379 2234 contra
1401 2178 1804 2249 presbyterum
1831 2177 2006 2233 habet

357 2267 617 2339 aliquam
641 2268 1038 2340 querimoniae
1063 2266 1539 2333 controversiam,
1564 2266 1836 2338 episcopo
1855 2284 2004 2338 pra:-

361 2355 613 2426 cipiente
631 2357 756 2411 sine
780 2372 1163 2427 personarum
1191 2355 1560 2410 accusatione
1581 2352 1844 2409 ﬁniatur.
1875 2354 2005 2409 Lai-

361 2461 466 2501 cus
498 2462 600 2516 per
624 2447 1052 2515 juramentum,
1115 2444 1164 2500 si
1198 2460 1436 2499 necesse
1466 2443 1563 2510 sit,
1596 2460 1659 2499 se
1689 2447 1996 2516 expurget.

361 2534 668 2606 Presbyter
697 2535 815 2588 vice
837 2534 1158 2605 juramenti
1194 2549 1296 2604 per
1325 2537 1589 2588 sanctam
1619 2535 2004 2588 consecratio-

360 2640 492 2678 nem
524 2623 936 2695 interrogetur,
972 2623 1112 2694 quia
1143 2623 1473 2678 sacerdotes
1495 2638 1562 2676 ex
1587 2621 1696 2677 levi
1720 2623 2004 2694 causaju-

360 2728 488 2767 rare
539 2729 649 2767 non
701 2712 936 2768 debent.
988 2712 1198 2766 Manus
1244 2712 1400 2766 enim
1452 2710 1556 2783 per
1585 2728 1760 2783 quam
1793 2728 2005 2784 corpus

355 2801 568 2856 Christi
585 2800 1822 2873 conﬁcitur,juramentopolluetur?Absitl
1858 2801 2002 2856 Cum

357 2889 640 2945 Dominus
661 2890 718 2944 in
742 2889 1050 2960 Evangelio
1071 2889 1381 2961 discipulis
1406 2890 1530 2944 suis
1549 2906 1793 2960 quorum
1817 2889 2001 2946 vicem

359 2996 465 3034 nos
514 2978 741 3050 indigni
779 2978 836 3032 in
869 2984 1073 3033 sancta
1102 2979 1364 3050 gerimus
1392 2977 1643 3034 Ecclesia
1673 2979 1864 3034 dicat:
1897 2980 2002 3034 Νο-

358 3069 461 3122 lite
506 3071 732 3122 omnino
779 3069 1008 3134 iurare:
1062 3071 1133 3122 sit
1191 3077 1370 3123 autem
1426 3083 1602 3123 sermo
1659 3073 1852 3139 vester,
1893 3075 1998 3140 est,
2031 3081 2075 3148 α

355 3160 453 3222 est,
510 3172 641 3221 non,
699 3173 829 3212 non.
885 3157 1039 3227 Quod
1069 3165 1254 3212 autem
1283 3157 1370 3211 his
1399 3157 1773 3213 abundantius
1802 3167 1899 3228 est,
1930 3176 2000 3215 ex

354 3245 504 3300 malo
532 3254 609 3300 est
637 3245 849 3316 (Matth.
879 3248 957 3317 v).

357 3332 486 3388 CAP.
547 3333 640 3389 XI.
703 3333 968 3406 Cuiquam
1023 3334 1165 3390 laico
1195 3335 1430 3462 cltericus
1457 3334 1612 3391 nihil
1627 3337 1830 3409 jurare
1856 3353 2000 3410 prx-

1077 3424 1234 3462 suma
1266 3450 1279 3462 .

1077 3424 1279 3462 sumat.

908 3500 1082 3556 Conc.
1117 3503 1276 3555 Rem.
1313 3515 1363 3556 c.
1395 3500 1449 3555 5.

429 3587 541 3656 (25,
602 3603 658 3658 q.
715 3588 770 3657 5,
803 3605 853 3642 c.
886 3588 1140 3656 Nullus.)
1171 3593 1244 3644 Ut
1275 3589 1472 3644 nullus
1514 3604 1581 3644 ex
1611 3589 2002 3645 ecclesiastico

360 3675 565 3730 ordine
596 3675 872 3747 cuiquam
905 3676 1052 3733 laico
1101 3678 1419 3750 quidquam
1471 3695 1650 3750 supra
1703 3695 1869 3733 sacra
1912 3677 2002 3734 vel

360 3779 538 3834 super
567 3768 772 3819 sancta
800 3765 1111 3836 Evangelia
1134 3767 1313 3837 jurct,
1356 3767 1456 3821 sed
1491 3767 1838 3838 simpliciter
1867 3783 2001 3822 cum

364 3852 616 3923 puritate
648 3858 706 3907 et
737 3855 976 3910 veritate
1005 3855 1195 3910 dicat:
1233 3856 1355 3920 Est,
1406 3860 1517 3922 est,
1549 3871 1686 3923 non,
1720 3871 1856 3910 non.
1889 3855 2000 3910 Sed

362 3939 409 3995 si
441 3949 527 3994 est
558 3939 780 4012 aliquid
809 3943 962 4014 quod
991 3943 1075 3998 eis
1097 3960 1130 3998 a
1151 3943 1318 3998 laicis
1338 3943 1668 4012 objiciatur,
1692 3944 1763 3998 ad
1786 3944 2004 4014 episco-

363 4048 500 4104 pum
557 4033 614 4086 in
668 4033 838 4103 cujus
889 4034 1178 4088 territorio
1211 4041 1295 4088 est
1322 4033 1635 4102 deferatur,
1667 4033 1914 4103 etjuxta
1942 4033 2000 4089 id

363 4123 515 4193 quod
549 4121 632 4176 illi
690 4122 786 4192 qui
813 4123 1077 4193 ejusdem
1107 4122 1331 4178 ordinis
1359 4127 1498 4177 sunt
1529 4121 2000 4194 dijudicaverint,

361 4216 461 4265 aut
490 4211 839 4282 corrigatur,
873 4217 974 4266 aut
1004 4216 1377 4283 expurgatur.

359 4319 493 4372 CAP.
553 4317 671 4372 XII.
732 4319 808 4372 De
862 4318 1194 4443 presbyteé‘is
1250 4333 1359 4372 non
1419 4319 1496 4371 est
1527 4317 1692 4372 laicis
1711 4317 2001 4387 judican-

1140 4406 1253 4442 um.
1780 4434 1786 4439 .

1140 4406 1253 4442 um.

710 4476 985 4534 Nicolaus
1016 4477 1088 4531 ad
1124 4476 1428 4547 Bulgaros,
1470 4492 1519 4532 c.
1551 4476 1642 4532 28.

431 4565 600 4636 (Dist.
657 4567 746 4633 28,
797 4585 848 4621 c.
901 4564 1356 4636 Consulendum.)
1403 4565 1841 4621 Consulendum
1873 4581 2001 4621 esse

360 4655 696 4722 decernitis,
731 4661 928 4708 utrum
981 4653 1383 4725 presbyterum
1416 4653 1725 4710 habentem
1759 4669 1998 4708 uxorem

361 4744 621 4798 debeatis
677 4748 1032 4812 sustentare,
1063 4747 1121 4797 et
1153 4743 1458 4815 honorare,
1499 4761 1571 4798 an
1605 4761 1638 4798 a
1666 4743 1830 4799 vobis
1863 4759 2002 4813 pro-

352 4834 552 4902 jicere.
579 4832 637 4887 In
659 4849 776 4903 quo
802 4832 1236 4902 respondemus,
1253 4833 1532 4904 quoniam
1555 4832 1691 4888 licet
1709 4831 2001 4903 ipsivalde

356 4923 475 4976 sint
532 4919 1046 4994 reprehensibiles,
1109 4937 1211 4975 vos
1272 4926 1469 4976 tamen
1516 4921 1699 4975 Deum
1732 4919 2006 4974 convenit

356 5011 598 5077 imitari,
626 5009 728 5081 qui
759 5009 942 5064 solem
975 5025 1150 5064 suum
1185 5009 1324 5063 oriri
1358 5009 1514 5075 facit,
1541 5007 2000 5079 utEvangelium

353 5105 628 5164 testatur,
689 5115 863 5170 super
895 5099 1079 5154 bonos
1110 5105 1168 5152 et
1199 5097 1408 5162 malos,
1439 5101 1494 5150 et
1523 5094 1673 5167 pluit
1705 5111 1878 5167 super
1899 5097 2001 5166 ju-

355 5197 483 5246 stos
541 5195 596 5246 et
653 5190 908 5260 injustos
962 5189 1168 5258 (Matth.
1202 5193 1278 5256 v),
1313 5187 1563 5256 dejicere
1595 5187 1745 5241 enim
1781 5203 1814 5241 a
1840 5187 2004 5243 vobis

359 5281 490 5334 ideo
523 5297 637 5334 non
669 5279 919 5346 debetis,
953 5278 1092 5348 quia
1123 5275 1406 5332 Dominus
1434 5273 1670 5342 Judam,
1695 5292 1825 5329 cum
1850 5279 2006 5330 esset

359 5370 605 5423 mendax
629 5367 979 5438 discipulus,
1016 5381 1120 5420 nec
1142 5366 1212 5418 de
1236 5379 1480 5417 numero
1503 5365 1890 5432 apostolorum
1911 5365 2005 5421 de-

346 5458 514 5527 jecit,
536 5473 736 5511 verum
772 5458 844 5512 de
874 5453 1233 5527 presbyteris
1257 5451 1420 5507 vobis
1451 5451 1551 5521 qui
1580 5450 1710 5506 laici
1729 5454 1872 5508 estis
1899 5471 2004 5510 nec

343 5544 734 5615 judicandum
771 5549 882 5611 est,
917 5558 1022 5598 nec
1054 5543 1124 5596 de
1143 5541 1256 5596 vita
1279 5556 1480 5596 eorum
1504 5541 1827 5612 quidquam
1850 5545 2002 5599 inve-

2127 560 2264 615 Csp.
2298 561 2459 616 XIII.
2495 558 2632 631 Sine
2656 560 2879 616 consilii
2917 559 3355 630 examinatione,
3386 559 3692 631 presbyter
3724 561 3806 614 uel

2571 630 2838 687 diaconus
2869 648 2985 685 non
3013 632 3330 698 deiiciatur.

2663 735 2938 791 Nicolaus
2969 736 3038 790 ad
3073 736 3236 791 eosd.

2193 853 2305 925 (15,
2339 867 2394 924 q.
2427 853 2484 919 8,
2515 869 2564 907 c.
2598 851 3066 921 Sriscitantibus.)
3097 851 3558 907 Sciscitantibus
3598 852 3799 917 vobis,

2124 940 2172 996 si
2205 958 2237 994 a
2267 941 2568 996 sacerdote
2589 941 2686 1012 qui
2707 940 2881 996 fuerit
2901 939 3360 1011 comprehensus
3384 941 3442 993 in
3466 939 3795 1000 adulterio.

2123 1030 2244 1084 sive
2276 1030 2347 1084 de
2397 1029 2506 1084 hoc
2537 1027 2662 1084 sola
2695 1029 2848 1083 fama
2881 1045 3158 1100 repersus
3182 1032 3289 1097 est,
3324 1028 3592 1083 debeatis
3625 1045 3794 1084 corr.-

2122 1117 2464 1172 munionem
2523 1117 2822 1189 suscipere
2881 1133 3082 1181 necne,
3129 1117 3603 1190 respondemus:
3661 1117 3788 1172 Non

2121 1210 2315 1276 potest
2347 1203 2590 1275 aliquis,
2615 1209 3144 1276 quantumcunque
3167 1205 3244 1260 sit
3269 1204 3556 1277 pollutus,
3588 1223 3788 1261 sacra-

2123 1298 2320 1349 menta
2351 1293 2550 1348 divina
2581 1292 2863 1365 polluere,
2900 1310 3028 1365 quae
3062 1295 3404 1366 purgatoria
3427 1299 3783 1350 cunctarum

2119 1383 2536 1455 contagionum
2589 1381 2864 1437 existunt.
2898 1383 3012 1437 Nec
3041 1386 3233 1454 potest
3267 1382 3409 1439 solis
3442 1384 3658 1439 radius
3688 1401 3786 1456 per

2120 1470 2348 1527 cloacas
2379 1475 2436 1526 et
2467 1469 2710 1525 latrinas
2743 1471 3039 1526 transiens
3070 1470 3294 1543 aliquid
3340 1472 3554 1527 exinde
3583 1477 3780 1527 conta-

2119 1561 2461 1615 minationis
2492 1559 2806 1614 attrahere.
2846 1559 3091 1616 Proinde
3123 1561 3560 1633 qualiscunque
3583 1562 3666 1616 sit
3693 1579 3780 1616 sa-

2119 1649 2323 1704 cerdos
2351 1665 2476 1719 quas
2529 1653 2732 1703 sancta
2780 1653 2921 1702 sunt
2952 1649 3321 1720 coinquinari
3355 1666 3469 1704 non
3502 1656 3777 1722 possunt.

2116 1737 2332 1792 idcirco
2351 1737 2424 1790 ab
2451 1751 2540 1804 eo,
2566 1751 2873 1806 usquequo
2897 1736 3306 1808 episcoporum
3325 1737 3554 1807 judicio
3580 1755 3776 1809 repro-

2118 1829 2307 1898 betur)
2342 1826 2678 1882 communio
2715 1826 3092 1897 percipienda
3145 1831 3254 1882 est.
3287 1828 3580 1892 Quoniam
3640 1829 3779 1883 mali

2116 1917 2269 1971 bona
2313 1914 2731 1984 ministrando,
2764 1929 2826 1968 se
2859 1915 3270 1970 tantummodo
3301 1915 3548 1970 laedunt.
3583 1917 3651 1970 Et
3685 1933 3772 1970 ce-

2117 2022 2215 2060 rea
2272 2004 2364 2058 fax
2421 2019 2688 2072 accensa,
2733 2001 2844 2057 sibi
2879 2004 3114 2073 quidem
3150 2004 3577 2060 detrimentum
3628 2022 3773 2076 prae-

2117 2098 2254 2160 stat,
2313 2092 2444 2147 aliis
2475 2108 2607 2147 vero
2654 2091 2850 2147 lumen
2881 2092 2940 2146 in
2971 2092 3230 2148 tenebris
3267 2093 3690 2163 administrat;
3723 2101 3776 2150 et

2118 2184 2272 2237 unde
2331 2180 2464 2236 aliis
2511 2181 2889 2235 commodum
2921 2180 3178 2250 exhibet,
3213 2181 3351 2237 inde
3381 2182 3493 2237 sibi
3529 2183 3772 2254 dispen-

2117 2270 2280 2324 dium
2315 2269 2553 2340 prazbet.
2583 2267 2808 2324 Sumite
2841 2267 3019 2340 igitur
3045 2269 3116 2323 ab
3148 2269 3309 2324 omni
3343 2270 3650 2325 sacerdote
3686 2272 3769 2324 in-

2119 2357 2345 2430 trepide
2402 2356 2618 2413 Christi
2677 2357 2976 2428 mysteria,
3009 2358 3284 2427 quoniam
3317 2358 3521 2412 omnia
3561 2359 3624 2412 in
3657 2359 3772 2413 ﬁde

2118 2453 2463 2520 purgantur.
2499 2447 2669 2502 Fides
2699 2447 2856 2501 enim
2889 2451 2979 2502 est
3026 2464 3152 2519 quas
3199 2448 3379 2503 vincit
3405 2448 3567 2503 hunc
3601 2465 3769 2504 mun-

2118 2538 2283 2607 dum,
2317 2537 2458 2608 quia
2487 2553 2602 2592 non
2634 2535 2830 2591 dantis
2864 2536 3141 2590 meritum
3175 2537 3276 2592 sed
3310 2537 3662 2608 accipientis
3687 2539 3764 2593 Iit.

2117 2669 2251 2725 CAP.
2288 2669 2432 2725 XIV.
2467 2667 2572 2736 Qui
2589 2669 2766 2723 alium
2795 2668 3032 2722 voluerit
3052 2684 3316 2723 accusare
3345 2670 3410 2724 de
3438 2669 3766 2735 homicidio,

2489 2740 2642 2796 debet
2665 2757 2888 2812 pcenam
2917 2740 3147 2795 talionis
3177 2742 3390 2795 subire.

2682 2837 2762 2892 Ex
2793 2837 2900 2894 lib.
2948 2854 3024 2892 vn
3052 2839 3190 2894 Cod.

2185 2944 2270 3013 (L.
2307 2943 2369 3000 Si
2398 2946 2542 3016 quis,
2575 2948 2632 3000 et
2663 2959 2714 3000 c.
2747 2948 2829 2998 De
2863 2944 3069 3015 aecus.)
3101 2944 3448 3017 Quicunque
3479 2945 3666 3001 alium
3701 2947 3767 3002 de

2114 3035 2419 3090 homicidii
2453 3035 2695 3090 crimine
2725 3033 3054 3106 periculosa
3084 3039 3140 3089 et
3169 3035 3402 3106 capitali
3437 3036 3768 3106 objectione

2117 3123 2459 3196 pulsaverit,
2491 3140 2608 3178 non
2641 3123 2804 3194 prius
2835 3139 2869 3177 a
2916 3122 3223 3193 judicibus
3269 3125 3573 3192 audiatur,
3605 3130 3768 3180 ante-

2109 3229 2286 3284 quam
2335 3228 2396 3267 se
2427 3211 2682 3266 similem
2714 3227 2946 3282 pmnam
2978 3227 3155 3283 quam
3189 3228 3286 3266 reo
3319 3212 3598 3280 intendit,
3629 3230 3767 3268 con-

2111 3303 2416 3375 scripserit
2446 3303 2797 3358 subiturum.

2110 3423 2242 3474 Car.
2299 3417 2420 3473 XV.
2473 3418 2581 3485 Qui
2620 3433 2878 3492 accusare
2907 3418 3415 3492 servumfpoluerit,
3442 3419 3516 3473 ad
3539 3437 3763 3492 paenmn

2627 3489 2855 3544 talionis
2885 3505 2942 3544 se
2967 3489 3249 3545 inscribet.

2182 3605 2268 3676 (L.
2303 3606 2364 3660 Si
2391 3603 2515 3676 quis
2544 3619 2744 3674 servos,
2775 3620 2824 3658 c.
2862 3608 2938 3658 De
2969 3605 3192 3676 aecus.)
3223 3609 3296 3660 Et
3324 3606 3372 3660 si
3397 3622 3602 3661 servos
3624 3605 3763 3662 alie-

2112 3711 2219 3748 nos
2277 3693 2645 3748 accusandos
2692 3709 2821 3746 esse
2870 3692 3206 3763 crediderit,
3240 3709 3303 3748 se
3333 3693 3516 3749 simili
3551 3695 3763 3750 inscri-

2111 3783 2311 3855 ptione
2343 3781 2725 3852 constringat,
2761 3781 3020 3835 futurum
3058 3786 3123 3836 ut
3153 3781 3441 3852 supplicia
3480 3782 3764 3838 innocen-

2111 3873 2260 3926 tium
2295 3885 2619 3936 servorum,
2654 3873 2754 3923 aut
2808 3885 2976 3940 pcena
3017 3869 3229 3940 capitis
3259 3870 3352 3924 sui
3383 3875 3487 3924 aut
3516 3871 3764 3927 faculta-

2111 3967 2234 4016 tum
2270 3959 2589 4016 amissione
2619 3963 2977 4029 compenset.
3008 3960 3357 4031 Quicunque
3377 3961 3765 4032 inscriptione

2113 4049 2418 4121 praemissa
2449 4049 2855 4118 cujuscunque
2886 4047 3154 4102 criminis
3187 4065 3348 4102 reum
3372 4067 3654 4105 accusare
3674 4067 3765 4104 vo-

2111 4138 2305 4208 luerit,
2337 4139 2410 4192 ab
2441 4153 2508 4192 eo
2543 4137 2635 4192 die
2667 4153 2782 4208 quo
2812 4136 3117 4208 inscripsit
3173 4136 3328 4192 intra
3379 4154 3603 4194 annum
3636 4157 3764 4209 per-

2112 4231 2247 4298 agat
2299 4225 2634 4298 prepositas
2693 4226 2977 4280 actiones.
3049 4225 3155 4289 Qui
3216 4225 3263 4281 si
3313 4225 3634 4295 distulerit,
3669 4229 3764 4282 in-

2114 4315 2289 4371 famis
2319 4315 2560 4370 eﬂ'ectus
2595 4315 2879 4370 bonorum
2913 4330 3151 4369 suorum
3179 4319 3390 4386 quarta
3422 4321 3588 4387 parte
3619 4317 3766 4371 mul-

2029 4445 2076 4509 D
2112 4405 2349 4461 tabitur.

2110 4522 2248 4578 CAP.
2310 4519 2462 4576 XVI.
2516 4521 2902 4600 Accusaticnes
2928 4519 3238 4600 probentur
3266 4527 3395 4574 ante
3422 4521 3764 4576 sententiam

2755 4591 3100 4662 judicialem.

2181 4696 2458 4752 Convinci
2484 4711 2650 4750 nemo
2673 4696 2938 4766 potestin
2962 4694 3185 4765 judicio
3217 4695 3343 4751 sine
3366 4697 3619 4752 testibus
3661 4703 3765 4752 aut

2103 4785 2351 4857 judicio.
2383 4784 2679 4840 Sententia
2710 4784 2951 4839 absente
2993 4788 3155 4854 parte
3178 4783 3290 4839 alia
3321 4802 3356 4840 a
3378 4785 3583 4855 judice
3605 4787 3764 4854 data,

2114 4873 2338 4929 nullam
2372 4873 2597 4929 obtinet
2628 4873 2986 4928 ﬁrmitatem.
3035 4872 3226 4928 Causa
3257 4873 3409 4927 inter
3446 4882 3767 4946 praesentes

2105 4965 2372 5034 judicata
2429 4969 2558 5034 post
2606 4964 2959 5019 decennium
3009 4963 3224 5035 revolvi
3256 4980 3371 5018 non
3406 4970 3619 5036 potest.
3654 4965 3769 5021 Nec

2113 5054 2266 5108 inter
2322 5055 2595 5108 absentes
2628 5060 2755 5124 post
2809 5052 3170 5118 vigennium.
3226 5055 3284 5106 In
3320 5068 3498 5108 causa
3533 5055 3771 5125 capitali

2115 5159 2286 5197 nemo
2319 5143 2532 5196 absens
2555 5143 2888 5196 damnetur.
2917 5141 3118 5212 Neque
3145 5140 3358 5195 absens
3384 5157 3488 5212 per
3507 5142 3769 5213 aliquem

2114 5236 2519 5288 accusatorem
2553 5229 2815 5286 accusari
2849 5235 3057 5301 potest.

2433 5345 2568 5401 CAP.
2597 5345 2770 5401 XVII.
2803 5346 2916 5416 Qui
2943 5344 3175 5400 debeant
3212 5345 3436 5416 jurare.

2181 5453 2293 5508 Lex
2323 5452 2584 5525 praecipit
2615 5456 2680 5507 ut
2713 5451 2975 5524 probatio
3007 5467 3119 5506 non
3153 5467 3185 5504 a
3218 5467 3579 5521 possessore,
3606 5453 3709 5507 sed
3740 5472 3771 5507 a

2115 5543 2385 5615 petitoris
2417 5543 2687 5614 partibus
2721 5540 3075 5612 requiratur,
3107 5540 3248 5612 quia
3279 5557 3517 5598 omnem
3549 5544 3768 5615 proba-

3875 747 3879 818 l
