4000 6054
188 264 333 319 1217

1501 261 1902 318 PANORMIA.
1951 289 2017 300 -—
2056 262 2193 313 LIB.
2233 260 2298 314 V.

3461 265 3597 319 1218

170 387 409 441 tionem
437 384 509 439 ab
543 400 611 438 eo
641 383 824 454 quaeri
856 383 996 438 dicit
1028 382 1129 453 qui
1160 383 1403 454 petitam
1448 399 1570 438 rem
1606 382 1836 438 deside-
1867 385 1920 450 Α
1950 382 2176 437 scilicet
2196 386 2259 437 ut
2284 381 2461 438 solita
2474 384 2601 454 ejus
2620 383 2977 454 praescriptio
3004 383 3056 438 ei
3089 388 3383 456 competat
3412 403 3592 457 quam

180 480 279 531 rat
327 474 614 541 obtinere,
647 489 765 527 non
798 473 871 527 ab
914 471 1014 527 illo
1046 472 1148 542 qui
1181 474 1389 541 sejure
1419 477 1615 529 tenere
1637 472 1833 528 inten-

175 564 518 619 dit.Praeter
542 560 705 617 illam
736 566 933 616 tamen
958 576 1196 616 causam
1218 560 1577 634 interrogare
1600 576 1835 617 necesse

183 658 282 709 est
311 652 741 724 possidentem,
765 654 960 705 utrum
993 666 1062 706 ex
1092 667 1200 706 sua
1229 667 1481 722 persona
1501 656 1605 707 aut
1619 667 1687 707 ex
1708 666 1835 706 suc-

168 758 413 798 cessore
443 758 527 796 cce
536 740 622 813 pit
652 739 976 811 possidere.

175 861 317 916 CAP.
349 858 559 913 XVIII.
596 855 701 923 Qui
732 856 896 921 dicit,
928 854 1086 911 habet
1124 855 1357 925 probare
1386 859 1437 910 et
1471 860 1549 911 est
1578 857 1831 926 a/ﬁrma-

243 930 364 985 tiva
391 929 605 1000 regula,
636 943 749 982 non
796 928 895 998 qui
920 934 1101 998 negat,
1132 931 1211 983 est
1259 928 1517 998 negativa
1546 928 1759 999 regula.

252 1047 315 1101 L.
370 1063 434 1112 ιι,
458 1046 656 1116 juncta
707 1044 872 1114 gloss.
906 1044 967 1115 ﬂ.
1019 1043 1083 1098 de
1137 1044 1354 1114 probat.
1389 1046 1439 1098 et
1497 1052 1575 1099 est
1630 1060 1829 1098 summ.

171 1134 332 1205 Bar.)
360 1134 420 1187 Ei
444 1132 735 1188 incumbit
756 1131 1046 1203 probatio,
1072 1131 1173 1202 qui
1196 1130 1356 1199 dicit,
1382 1148 1497 1186 non
1517 1132 1615 1202 qui
1642 1140 1830 1203 negat.

166 1257 318 1312 CAP.
351 1256 499 1311 XIX.
538 1257 715 1311 Testes
742 1272 858 1309 non
886 1254 1072 1310 dicant
1117 1256 1454 1325 testimonia,
1488 1256 1602 1310 nisi
1631 1255 1699 1310 de
1747 1257 1833 1311 his

357 1342 477 1398 quae
509 1326 947 1398 presentialiter
976 1330 1026 1381 et
1056 1330 1335 1383 veraciter
1372 1329 1650 1382 noverint.

243 1444 321 1514 (3,
358 1460 416 1515 q.
447 1444 504 1513 9,
533 1460 583 1499 c.
622 1445 798 1498 Testes
828 1442 889 1497 in
940 1443 1268 1515 principio).
1301 1441 1656 1499 Testimonio
1716 1459 1829 1497 au-

170 1537 297 1588 tem
329 1533 413 1587 sic
436 1530 715 1587 exhibere
746 1534 994 1603 oportet,
1019 1536 1085 1587 ut
1116 1532 1316 1587 dieant
1335 1536 1515 1587 testes
1538 1531 1692 1602 quod
1722 1530 1833 1587 sub

177 1620 496 1694 prmseutia
537 1637 649 1677 sua
690 1620 779 1676 vel
829 1626 1172 1692 susceptum
1223 1624 1313 1676 est
1354 1621 1711 1692 depositum,
1740 1620 1832 1675 vel

176 1712 337 1783 quod
362 1710 697 1782 depositum
733 1714 822 1765 est
853 1709 1187 1782 suscepisse
1209 1710 1582 1781 conscripsit.

254 1826 388 1881 CAP.
422 1826 544 1882 XX.
579 1826 827 1897 Receptio
854 1825 1075 1952 tegtiurtn
1104 1842 1215 1881 non
1245 1829 1325 1881 est
1352 1826 1612 1896 facienda
1641 1834 1836 1882 contra

861 1915 893 1952 a
930 1913 1023 1952 sen
1049 1915 1155 1952 em.

861 1913 1155 1953 absentem.

246 1996 333 2068 (In
380 1997 605 2052 nomine
654 1994 896 2065 Domini,
930 1998 1076 2051 extr.
1139 1996 1219 2051 De
1277 1995 1524 2067 testim.)
1567 1996 1834 2052 Testium

179 2085 492 2157 productio
517 2102 631 2141 non
653 2084 823 2141 aliter
844 2084 1272 2156 habeatur,nisi
1297 2091 1582 2156 praesente
1604 2101 1837 2158 quoque

186 2177 527 2234 adversaria
583 2181 747 2248 parte
802 2174 888 2231 vel
951 2175 1508 2233 contumaciternon
1546 2175 1836 2232 veniente.

1939 473 2350 543 opponendam
2372 472 2770 527 astimaverit.
2794 472 3234 528 Contumaciter
3255 479 3451 530 autem
3478 492 3590 531 non

1946 560 2176 616 videtur
2204 562 2406 617 abesse
2429 562 2527 632 qui
2559 578 2628 617 ex
2658 562 3008 617 necessitate
3037 562 3225 618 abfuit
3258 564 3404 619 forte
3435 566 3591 620 enim

1947 648 2101 706 inter
2126 650 2253 706 loca
2284 654 2618 705 sanctorum
2652 651 3014 722 confugerat.

1942 766 2077 823 CAP.
2110 766 2252 822 XXI.
2292 767 2685 823 Testimonium
2741 783 2848 823 non
2898 768 3044 822 valet
3088 770 3207 824 sine
3242 770 3593 840 juramento.

2555 864 2670 919 Lex
2697 864 2976 921 Theodos.

2015 973 2095 1042 (C.
2128 974 2341 1042 Nuper,
2367 976 2512 1027 extr.
2544 971 2625 1026 De
2672 971 2895 1027 testim.
2921 989 2935 1039 ;
2965 971 3017 1039 4,
3066 988 3123 1043 q.
3157 972 3210 1038 3,
3244 989 3292 1026 c.
3341 974 3590 1045 Jurisju-

1941 1061 2123 1129 randi,
2157 1066 2214 1116 et
2242 1078 2291 1116 c.
2325 1061 2540 1127 Testes.)
2573 1061 2777 1115 Testes
2809 1060 3157 1131 priusquam
3190 1062 3261 1116 de
3292 1078 3472 1117 causa
3504 1063 3598 1117 in-

1942 1154 2336 1223 terrogantur,
2355 1154 2723 1206 sacramento
2747 1151 2962 1205 debent
2982 1149 3305 1223 constringi
3321 1155 3383 1205 ut
3401 1151 3600 1220 jurent

1942 1256 2005 1295 se
2028 1238 2174 1293 nihil
2199 1239 2328 1295 falsi
2349 1238 2612 1295 dicturos
2632 1254 2782 1305 esse,
2807 1238 3243 1295 bonestioribus
3258 1248 3453 1294 autem
3477 1256 3597 1295 ma-

1942 1329 2031 1401 gis
2060 1345 2235 1400 quam
2264 1329 2566 1386 vilioribus
2598 1330 2745 1384 fides
2771 1328 3139 1387 adhibeatur.
3172 1330 3360 1386 Unius
3398 1335 3596 1386 autem

1940 1418 2347 1473 testimonium
2372 1419 2643 1491 quamvis
2673 1417 2984 1489 splendida
3014 1422 3072 1473 et
3115 1419 3325 1475 idonea
3354 1436 3484 1475 esse
3515 1417 3599 1474 vi-

1943 1506 2153 1562 deatur
2182 1523 2454 1579 persona,
2488 1506 2827 1563 nullatenus
2856 1507 3241 1563 audiendum.

2120 1624 2254 1682 ΟΑΡ.
2282 1624 2453 1680 XXII.
2491 1625 2661 1682 Unius
2690 1624 3074 1681 testimonium
3108 1640 3222 1681 non
3250 1626 3418 1683 valet.

2015 1731 2097 1801 (C.
2124 1730 2388 1797 Veniens,
2423 1736 2604 1787 extra.
2652 1733 2727 1786 De
2769 1734 2964 1788 testim.
2993 1752 3006 1801 ;
3044 1733 3097 1799 4,
3129 1749 3184 1805 q.
3247 1734 3301 1801 3,
3337 1750 3386 1788 c.
3420 1732 3483 1789 Si
3514 1737 3597 1788 te-

1944 1822 2072 1888 stes,
2104 1824 2240 1888 etc.,
2271 1820 2352 1875 De
2383 1823 2540 1885 test.)
2574 1820 2646 1875 Ut
2672 1820 3084 1876 testimonium
3116 1821 3293 1877 unius
3339 1821 3599 1877 hominis

1948 1925 2063 1963 non
2095 1908 2440 1981 accipiatur.
2465 1908 2613 1963 Nam
2637 1908 2686 1965 si
2709 1925 2777 1963 ex
2798 1913 3047 1979 utraque
3071 1914 3236 1980 parte
3260 1909 3459 1980 plures
3478 1909 3599 1965 sint

1946 1996 2271 2053 veraciores
2300 2002 2478 2069 atque
2510 1995 2902 2069 religiosiores
2917 2002 2974 2053 et
2996 1997 3359 2054 honestiores
3378 1998 3599 2070 eligan-

1950 2090 2062 2153 tur,
2082 2086 2183 2157 qui
2216 2090 2581 2142 sacramento
2599 2103 2776 2143 suum
2799 2087 3148 2143 conﬁrment
3168 2087 3599 2156 testimonium,

1949 2174 2215 2248 nihilque
2246 2175 2379 2231 falsi
2402 2192 2464 2232 se
2481 2191 2610 2232 esse
2642 2175 2925 2234 dicturos.

1176 2512 1278 2570 DE
1324 2508 1595 2570 CAUSIS
1641 2510 1738 2569 ET
1783 2509 2152 2569 NEGOTIIS
2195 2510 2615 2570 LAICCRUM

184 2648 320 2703 CAP.
391 2644 582 2701 XXIII.
660 2644 981 2715 Cuicunque
1053 2643 1217 2715 liceat
1269 2652 1630 2701 sacrosancte
1697 2643 1842 2699 sedis

610 2714 1169 2786 antistitisjudicium
1189 2715 1412 2784 eligere.

674 2805 959 2861 Theodos.
995 2808 1068 2860 Vl
1100 2805 1371 2876 imperat.

254 2896 369 2964 (11,
394 2910 452 2965 q.
490 2899 539 2962 1,
575 2911 625 2950 c.
659 2895 906 2965 Omnes.)
939 2893 1155 2950 Omnes
1211 2895 1416 2966 itaque
1473 2911 1663 2950 causa:
1713 2910 1840 2966 quae

192 2975 282 3031 vel
332 2974 603 3048 praetorio
641 2975 801 3046 jure,
832 2974 919 3031 vel
967 2974 1123 3030 civili
1161 2978 1511 3043 tractantur,
1536 2975 1839 3047 episcopo-

1951 2644 2241 2711 monium,
2275 2644 2387 2701 nisi
2431 2645 2560 2714 ejus
2591 2642 2692 2714 qui
2742 2642 2820 2697 sit
2851 2643 3005 2697 bona
3032 2642 3305 2714 opinione
3350 2644 3608 2712 habitus,

1951 2733 2039 2788 vel
2072 2750 2246 2805 quem
2280 2732 2535 2804 dignitas
2567 2732 2959 2801 commendat,
2990 2731 3079 2786 vel
3114 2732 3344 2798 militia,
3374 2732 3461 2789 vel
3483 2732 3610 2788 vitae

1952 2822 2251 2892 honestas,
2270 2821 2358 2877 vel
2386 2821 2529 2876 artis
2558 2820 2769 2875 titulus
2790 2819 3130 2886 laudabilis,
3152 2819 3240 2875 vel
3267 2821 3442 2876 etiam
3463 2821 3611 2876 alio-

1953 2914 2090 2965 runt
2105 2910 2347 2966 testium
2372 2926 2477 2964 vox
2499 2910 2569 2964 de
2591 2908 2742 2963 bona
2757 2908 2875 2963 vita
2896 2908 3025 2979 ejus
3041 2908 3611 2965 consentiens.Alius

1954 3003 2153 3055 autem
2186 2997 2355 3053 testis
2384 2996 2707 3052 vilissimus
2736 2996 2785 3052 si
2817 2998 3141 3067 productus
3163 2996 3221 3052 in
3241 2998 3464 3069 judicio
3488 2999 3609 3053 fue-

189 3080 321 3158 Eum
348 3062 658 3158 θθηίθηξξίε
682 3063 1000 3158 “fuit”?
1024 3065 1467 3158 Pe'fpéiuoqjure
1500 3062 1842 3158 Stabiliiatis
1876 3081 1918 3148 Ο
1959 3089 2054 3157 rit,
2087 3086 2261 3142 liceat
2315 3086 2523 3158 judici,
2557 3085 2607 3142 si
2652 3084 2761 3140 hoc
2817 3062 3270 3154 existimaverit,
3303 3086 3613 3142 tormentis

185 3152 223 3206 Ii
238 3157 521 3207 rmentur.
550 3151 666 3207 Nec
691 3151 937 3208 ulterius
955 3151 1131 3207 liceat
1148 3151 1392 3208 alterius
1420 3152 1723 3209 retractari
1748 3168 1844 3207 ne-

195 3241 420 3313 gotium
453 3241 605 3312 quod
619 3239 1031 3313 episcOporum
1059 3241 1368 3297 sententiis
1397 3241 1708 3298 deciditur.
1744 3241 1852 3296 Te-

199 3327 545 3383 stimonium
569 3329 746 3383 etiam
763 3328 898 3385 licet
928 3330 1000 3385 ab
1021 3347 1137 3385 uno
1154 3330 1427 3403 episcopo
1461 3330 1850 3402 perhibitum,

1962 3194 2096 3232 eum
2121 3176 2413 3247 subigere.
2453 3177 2592 3231 Item
2628 3191 2642 3230 :
2674 3175 2800 3232 Non
2832 3174 3202 3232 admittimus
3224 3181 3418 3232 autem
3448 3175 3615 3232 testi-

1966 3267 2164 3323 monia
2192 3283 2395 3323 eorum
2428 3265 2526 3337 qui
2560 3266 2750 3321 dicere
2782 3264 2970 3320 solent
2996 3270 3373 3321 transeuntes
3405 3283 3468 3321 se
3512 3283 3617 3321 au-

1966 3357 2123 3411 disse
2172 3356 2431 3425 aliquem
2480 3354 2797 3423 dicentem,
2831 3354 3141 3423 pecuniam
3176 3354 3288 3409 sibi
3319 3354 3613 3409 sublatam

199 3418 650 3489 omnesjudices
673 3418 1078 3475 indubitanter
1109 3420 1420 3491 accipiant,
1444 3436 1550 3475 nec
1574 3419 1724 3474 alius
1749 3435 1853 3473 au-

199 3507 395 3562 diatur
451 3524 584 3561 cum
643 3506 981 3562 testimonio
1012 3506 1270 3577 episcopi
1304 3524 1337 3561 a
1398 3506 1662 3576 qualibet
1692 3509 1855 3576 parte

200 3596 377 3651 fuerit
398 3596 847 3666 repromissum.
874 3594 1023 3649 Illud
1048 3600 1138 3649 est
1169 3595 1325 3649 enim
1359 3595 1622 3649 veritatis
1656 3597 1859 3649 aucto-

201 3684 371 3739 ritate
398 3683 736 3737 Iirmatum:
773 3681 918 3736 illud
950 3682 1360 3752 incorruptum
1395 3681 1684 3738 habeatur
1704 3683 1857 3752 quod

203 3790 237 3829 a
267 3775 639 3828 sacrosancto
666 3770 925 3839 homine,
958 3771 1321 3827 conscientia
1372 3770 1613 3827 illibatae
1646 3771 1860 3826 mentis

206 3860 536 3934 protulerit,
561 3859 669 3915 hoc
702 3876 807 3916 nos
830 3860 1018 3916 edicto
1041 3859 1266 3916 salubri
1290 3858 1609 3931 aliquando
1630 3858 1862 3916 censui'

1966 3460 2113 3510 esse,
2149 3444 2249 3499 sed
2284 3459 2388 3497 nec
2419 3441 2846 3497 tabulariorum
2875 3440 3006 3495 sola
3034 3442 3345 3512 praesentia
3375 3442 3616 3510 sufﬁcit,

1968 3532 2084 3587 nisi
2109 3536 2284 3587 testes
2316 3547 2550 3601 quoque
2580 3529 2768 3602 rogati
2801 3545 2863 3584 se
2895 3529 3398 3601 subscripserunt.

2075 3704 2205 3755 CAP.
2239 3699 2452 3756 XXVI.
2486 3699 2628 3767 Quid
2652 3700 2704 3754 si
2730 3700 2880 3756 testis
2908 3698 3132 3755 dicatur
3158 3715 3273 3756 esse
3299 3716 3506 3756 servus.

2042 3826 2128 3897 (L.
2162 3826 2221 3881 Si
2249 3826 2423 3896 testis,
2457 3842 2506 3880 c.
2538 3824 2617 3880 De
2650 3828 2805 3892 test.,
2836 3825 2968 3897 §De
2996 3826 3167 3896 vero.)
3192 3827 3251 3881 Si
3282 3826 3447 3882 testis
3481 3844 3618 3898 pro-

1971 3917 2184 3972 ductus
2215 3933 2418 3973 servus
2449 3931 2574 3971 esse
2606 3915 2859 3982 dicatur,
2892 3915 2987 3971 ille
3021 3920 3217 3972 autem
3266 3915 3518 3971 liberum
3555 3933 3619 3971 se

1971 4006 2149 4072 dicat,
2164 4005 2457 4078 siquidem
2476 4020 2544 4059 ex
2557 4004 2858 4059 nativitate
2881 4004 3613 4075 impleaturtestimonium

1972 4096 2120 4165 ejus,
2157 4099 2359 4165 postea
2382 4094 2429 4150 si
2473 4080 2753 4164 probatus
2786 4093 2958 4147 fuerit
2990 4110 3213 4161 servus,
3248 4092 3467 4148 nullius
3491 4109 3617 4148 mo-

1974 4184 2155 4238 menti
2186 4184 2280 4238 sit.
2312 4183 2415 4237 Sin
2448 4186 2643 4237 autem
2666 4181 3009 4237 libertinum
3044 4198 3105 4237 se
3123 4198 3252 4237 esse
3280 4181 3510 4251 dixerit,
3543 4182 3618 4236 si-

209 3967 364 4017 mus,
392 3948 508 4003 btsc
530 3952 811 4021 perpetua
843 3949 969 4022 lege
988 3949 1311 4018 ﬁrmamus,
1339 3948 1637 4006 malitiosa
1666 3948 1859 4004 litium

208 4037 437 4095 semina
468 4038 949 4109 comprimentes.

205 4145 339 4200 CAP.
373 4144 563 4200 XXIV.
604 4144 741 4216 Viles
764 4160 1024 4214 personas
1053 4146 1126 4200 ad
1155 4145 1529 4201 testimonium
1559 4162 1668 4201 non
1699 4144 1863 4216 facile

598 4215 805 4284 iudices
824 4216 1161 4287 permittant
1190 4217 1468 4273 accedere.

685 4270 1370 4377 Τῇεὸἀοείυεξὼρὲῶιο
1424 4270 1435 4272 ⁷
1973 4273 2212 4343 quidem
2245 4272 2705 4326 instrumentum
2740 4287 2919 4326 manu
2939 4270 3241 4326 missionis
3271 4288 3392 4327 suae
3420 4275 3616 4326 osten-

1973 4361 2078 4427 dit,
2111 4361 2269 4415 dicat
2304 4359 2711 4415 testimonium
2737 4379 2750 4427 ;
2776 4360 2865 4415 sin
2899 4363 3095 4415 autem
3135 4358 3341 4415 in.alio
3372 4360 3497 4416 loco
3530 4358 3617 4414 di-

1968 4454 2062 4505 cat
2082 4450 2475 4505 instrumenta
2487 4449 2580 4503 sui
2604 4451 2796 4503 status
2815 4446 3049 4514 habere,
3072 4448 3363 4503 scribatur
3382 4449 3618 4519 quidem

1968 4538 2375 4594 testimonium
2401 4538 2550 4608 ejus.
2576 4537 2783 4593 Postea
2813 4536 2861 4591 si
2889 4553 3002 4591 non
3037 4537 3373 4607 produxerit
3401 4537 3623 4594 instru-

1970 4636 2189 4696 menta,
2214 4626 2435 4684 nullius
2458 4626 2743 4681 momenti
2774 4626 2873 4681 sit.

277 4405 657 4473 Summopere
688 4403 1042 4459 admonendi
1071 4409 1211 4459 sunt
1241 4403 1483 4460 comites
1514 4408 1571 4459 ct
1601 4404 1854 4473 judices,

212 4506 281 4546 ne
310 4490 454 4545 viles
488 4495 544 4545 et
576 4490 849 4562 indignas
880 4508 1159 4563 personas
1191 4510 1387 4548 coram
1412 4510 1474 4548 se
1514 4492 1861 4564 permittant
1888 4484 1936 4548 Ι)

211 4580 278 4635 ad
312 4578 722 4634 testimonium
755 4581 1046 4647 accedere,
1076 4582 1356 4651 quoniam
1403 4581 1571 4635 multi
1602 4584 1736 4636 sunt
1759 4580 1857 4651 qui

204 4670 405 4739 jurare
438 4684 539 4739 pro
590 4667 775 4723 nihilo
818 4669 1045 4724 ducunt
1074 4672 1133 4723 in
1183 4674 1415 4724 tantum
1452 4674 1513 4724 ut
1546 4687 1649 4741 pro
1683 4670 1860 4724 unius

213 4756 326 4812 diei
360 4755 624 4859 salliemte
654 4761 755 4859 “1E
786 4774 887 4857 pro
921 4756 1184 4859 “Olim
1215 4774 1389 4859 Paw?
1424 4758 1630 4828 pretio’
1666 4759 1735 4813 ad
1762 4759 1859 4828 μ’
2040 4793 2174 4846 CAP.
2205 4789 2422 4845 XXVII.
2454 4788 2609 4845 Servi
2651 4803 2761 4842 non
2791 4787 3140 4859 accipientur
3167 4796 3321 4845 testes
3363 4794 3552 4845 contra

214 4849 546 4901 ramentum
608 4846 856 4901 conduci
901 4850 1170 4918 possunt,
1204 4851 1259 4902 et
1289 4846 1516 4901 animas
1557 4864 1697 4902 suas
1729 4864 1861 4919 per-
2661 4846 2931 4915 dominos:

211 4935 367 5002 dere,
402 4932 647 4988 minime
679 4934 1022 4990 formidant.
1056 4935 1451 5001 Quamobrem
1476 4933 1622 4990 tales
1642 4951 1862 5006 nequa-

214 5038 392 5093 quam
428 5022 821 5092 admittimus,
846 5024 984 5094 quia
1021 5040 1135 5079 non
1180 5023 1371 5079 solum
1406 5023 1505 5095 qui
1531 5024 1862 5095 perjurant,

212 5112 310 5167 sed
334 5114 391 5166 et
422 5110 507 5164 illi
528 5110 628 5183 qui
652 5113 774 5183 perj
788 5112 930 5168 uriis
952 5114 1354 5179 consentiunt,
1379 5112 1558 5168 simili
1580 5113 1863 5184 perdendi

215 5202 359 5255 sunt
389 5200 794 5256 damnatione.

2517 4976 2595 5030 Ex
2628 4975 2753 5047 lege
2782 4975 3070 5032 Theodos.

2047 5119 2130 5190 (L.
2164 5118 2376 5187 Servos,
2410 5134 2468 5190 q.
2499 5122 2555 5173 et
2587 5117 2624 5171 l.
2650 5119 2744 5173 Ea:
2772 5117 3016 5190 quibus.)
3043 5118 3212 5171 Servo
3249 5115 3480 5187 penitus
3504 5132 3620 5170 non

1976 5209 2267 5279 credatur,
2300 5208 2349 5263 si
2376 5224 2552 5279 super
2581 5207 2839 5281 aliquem
2868 5208 3088 5262 crimen
3122 5206 3215 5276 obj
3230 5206 3427 5275 ecerit,
3452 5211 3553 5261 aut
3575 5205 3624 5260 si

1977 5300 2153 5353 etiam
2187 5297 2492 5352 dominum
2524 5316 2698 5353 suum
2732 5297 2790 5351 in
2823 5296 3072 5353 crimine
3102 5294 3446 5367 impetierit.
3480 5295 3626 5349 Nam

1978 5388 2026 5443 si
2058 5388 2115 5442 in
2138 5387 2447 5443 tormentis
2475 5387 2722 5458 positus,
2751 5389 3003 5457 exponat
3034 5384 3187 5456 quod
3214 5381 3437 5453 objicit,
3471 5384 3626 5439 credi

1976 5480 2118 5532 tunc
2149 5475 2309 5532 nullo
2338 5477 2511 5531 mddo
2543 5474 2855 5546 oportebit.

280 5307 415 5362 CAP.
449 5306 619 5379 XXV.
640 5307 860 5362 Nullius
890 5310 1194 5379 recipiatur
1215 5310 1591 5365 testimonium
1613 5309 1727 5364 nisi
1748 5309 1866 5379 ejus

366 5394 524 5449 quem
557 5378 701 5434 bona
731 5381 925 5450 opinio
956 5378 1037 5435 vel
1067 5380 1317 5452 dignitas
1346 5380 1704 5436 commendat.

750 5469 997 5524 Constit.
1028 5486 1160 5537 xxx,
1190 5485 1241 5523 c.
1278 5470 1329 5523 1.

278 5565 329 5637 (§
360 5564 671 5633 Sancimus,
706 5582 754 5621 c.
786 5570 867 5621 De
897 5569 1059 5635 test.)
1080 5565 1312 5622 Nullius
1341 5567 1655 5638 recipiatur
1694 5566 1864 5623 testi-
