4000 6054
424 231 564 285 1219

1505 233 1570 281 D.
1614 227 1852 284 IVONIS
1886 229 2386 284 CARNOTKNSIS
2418 229 2738 286 EPISCOPI

3696 228 3849 281 1220

489 352 617 408 CAP.
651 351 905 406 XXVIII.
941 352 1240 408 Haereticus
1279 350 1596 406 haereticum
1623 366 1908 420 accusare,
1941 356 1992 407 et
2093 352 2148 418 Α
2176 350 2266 407 lex
2287 351 2446 408 Julia
2474 353 2545 408 de
2569 349 2876 412 adulteriis
2900 347 3239 406 testimonia
3258 347 3450 405 dicere
3470 349 3845 408 condemna-

808 431 996 480 contra
1011 440 1135 478 eum
1164 421 1453 491 testiﬁcari
1469 427 1664 493 potest.

631 513 1001 570 Novellarum
1034 513 1293 579 constit.,
1329 512 1558 568 novella
1590 513 1677 582 45,
1706 529 1757 568 c.
1787 515 1843 568 2.

489 605 564 672 ('3,
618 621 674 674 q.
733 604 788 667 7,
813 620 861 657 c.
896 602 956 656 Si
1010 603 1352 669 haereticus.)
1381 601 1440 657 Si
1489 601 1801 658 haereticus
1857 606 2062 659 contra

418 693 758 748 haereticum
800 691 1007 763 litigat,
1044 689 1216 746 liceat
1260 690 1443 746 cuivis
1475 707 1675 746 eorum
1718 691 2059 747 hiereticum

415 787 621 836 testem
667 780 978 836 adducere.
1038 778 1138 835 Sin
1198 784 1393 835 autem
1445 778 1815 835 Orthodoxus
1857 783 2061 836 contra

417 871 745 925 lizereticum
779 868 983 940 litiget,
1009 886 1110 939 pro
1143 867 1474 923 Orthodoxo
1507 869 1744 939 quidem
1803 868 2060 924 haeretici

413 959 816 1014 testimonium
877 956 1083 1012 valeat.
1131 956 1347 1012 Contra
1390 957 1790 1013 Orthodoxum
1838 963 2058 1025 autem,

413 1047 594 1102 solius
642 1046 957 1101 Orthodoxi
1007 1045 1414 1101 testimonium
1465 1045 1674 1102 valeat.
1709 1046 2059 1102 Orthodoxis

411 1138 605 1189 autem
632 1131 1022 1206 litigantibus,
1051 1133 1121 1187 ad
1154 1133 1563 1189 testimonium
1598 1135 1797 1190 nullus
1827 1134 2058 1190 haereti-

408 1239 610 1278 corum
645 1227 842 1294 pateat
872 1221 1090 1278 aditus.

476 1313 536 1368 C.
559 1313 613 1366 5.
649 1311 707 1366 Si
761 1312 894 1384 quis
951 1310 1161 1366 dixerit
1211 1315 1420 1367 testem
1457 1313 1813 1384 productum
1857 1313 2056 1369 inimi-

403 1415 540 1456 cum
599 1416 750 1470 esse,
775 1399 1070 1471 siquidem
1125 1418 1192 1456 ex
1241 1403 1532 1457 criminali
1580 1420 1779 1472 causa,
1817 1403 2056 1459 omnino

404 1507 518 1546 non
566 1490 720 1545 dicat
762 1488 1188 1544 testimonium.
1236 1489 1338 1545 Sin
1393 1495 1587 1546 autem
1630 1507 1698 1546 ex
1739 1490 1930 1548 aliena
1960 1508 2054 1547 oc-

403 1581 658 1646 casione,
698 1580 854 1635 dicat
898 1579 1331 1652 testimonium,
1382 1581 1485 1638 sed
1526 1582 1890 1652 praescriptio
1929 1583 2057 1653 ejus

404 1674 755 1742 opponatur.

471 1777 639 1833 CAPP.
673 1777 1073 1834 XXIX-XXX.
1106 1777 1259 1833 Socii
1303 1778 1563 1833 criminis
1593 1793 1703 1833 non
1744 1777 2053 1836 admittun-

918 1853 1009 1904 tur
1036 1849 1111 1904 ad
1131 1850 1536 1905 testimonium.

1024 1935 1264 1993 Novella
1294 1938 1419 1993 308.

469 2025 554 2097 (C.
593 2027 836 2096 Veniens,
869 2030 1010 2081 extr.
1043 2027 1118 2080 De
1148 2029 1308 2096 test.)
1337 2026 1566 2083 Placuit
1597 2032 1662 2082 ut
1712 2031 1890 2084 testes
1935 2045 2049 2084 non

403 2114 791 2170 admittantur
822 2115 924 2185 qui
959 2119 1096 2170 sunt
1126 2115 1267 2172 socii
1303 2115 1587 2184 criminis,
1625 2132 1728 2172 nec
1773 2117 2049 2189 infantes,

400 2219 505 2260 nec
555 2204 1027 2275 calumniatores,
1061 2205 1147 2260 vel
1194 2205 1383 2264 ceteri
1406 2223 1552 2277 quos
1588 2205 1681 2260 lex
1711 2211 1767 2262 et
1798 2224 2050 2263 canones

403 2292 737 2364 prohibent.

399 2385 530 2436 CAP.
565 2382 762 2438 XXXI.
800 2387 880 2438 De
928 2385 1211 2509 conﬁtentdi
1248 2399 1366 2509 ἷεο,
1400 2392 1458 2438 ut
1513 2401 1676 2456 super
1727 2386 1910 2441 alium
1937 2402 2045 2441 non

1081 2471 1170 2509 cie
1210 2473 1242 2509 τι
1271 2473 1357 2509 ur.

1081 2471 1128 2509 σν
1143 2471 1357 2512 edatur.

467 2542 692 2598 Placuit
732 2553 789 2598 ul
823 2543 922 2614 qui
957 2545 1026 2599 de
1071 2560 1133 2600 se
1163 2544 1470 2600 confessus
1511 2549 1620 2616 est,
1655 2562 1832 2618 super
1863 2547 2044 2602 alium

396 2647 510 2687 non
533 2633 829 2687 credatur.

394 2727 775 2814 CAPIXXXII.
811 2740 944 2814 Quae
1001 2749 1140 2814 sunt,
1185 2757 1437 2811 personae
1492 2756 1617 2812 quae
1674 2758 1779 2797 non
1822 2747 2046 2814 possunt

607 2813 729 2880 cogi
757 2811 830 2865 ad
858 2811 1235 2867 testimonium
1264 2819 1455 2868 contra
1481 2811 1834 2884 propinquos.

677 2899 914 2955 Novella
938 2901 1041 2954 313
1073 2906 1129 2955 et
1160 2918 1317 2956 conc.
1357 2901 1575 2968 Matic.,
1603 2919 1652 2957 c.
1685 2904 1740 2957 6.

467 2989 548 3058 (L.
609 2988 781 3057 Julia,
818 2991 873 3045 II‘.
926 2991 1004 3044 De
1064 2995 1220 3056 test,
1256 2994 1311 3046 et
1369 2993 1419 3057 4,
1455 3008 1509 3061 q.
1567 2992 1620 3060 8,
1681 3008 1730 3046 c.
1792 2991 2034 3048 Placuit.

2170 445 2291 496 tam
2317 441 2647 508 mulierem,
2681 439 2978 510 colligitur
3009 440 3189 494 etiam
3236 437 3514 496 mulieres
3561 440 3844 496 testimo-

2173 531 2336 585 nium
2370 531 2669 602 injudicio
2701 529 3051 598 dicendijus
3079 528 3318 584 habere.

2169 621 2298 675 CAP.
2334 621 2636 676 XXXVIII.
2667 621 2744 675 De
2768 619 3088 674 hominibus
3111 617 3195 672 vel
3238 617 3464 687 feminis
3497 617 3697 675 liberis
3728 621 3844 690 qui

2665 691 2956 761 ﬁscallinis
2977 691 3320 760 junguntur.

2241 781 2519 836 Homines
2545 780 2732 846 liberi,
2767 779 2870 851 qui
2913 794 3122 836 uxores
3167 776 3486 834 ﬁscallinas
3517 778 3734 850 regias,
3774 785 3839 834 et

2171 869 2636 926 {animisliberae
2715 886 2840 942 quae
2907 865 3176 924 homines
3252 865 3570 924 ﬁscalllnos
3629 867 3836 940 regios

2171 960 2486 1032 accipiunt,
2548 975 2651 1014 nec
2711 959 2781 1012 de
2839 957 3178 1012 haereditate
3236 962 3705 1028 parentum,nec
3756 958 3837 1012 de

2170 1065 2347 1104 causa
2377 1049 2712 1120 quaerenda,
2742 1062 2846 1102 nec
2879 1047 2948 1102 de
2973 1046 3315 1102 testimonio
3347 1061 3451 1118 pro
3482 1044 3591 1100 hac
3621 1062 3686 1101 re
3719 1045 3834 1100 ab-

2161 1138 2463 1207 jiciantur.

2170 1227 2302 1282 CAP.
2340 1226 2589 1282 XXXIX.
2643 1225 3158 1282 Anathematizatus
3204 1237 3466 1282 accusare
3511 1239 3623 1282 non
3648 1228 3836 1295 potest

2759 1313 2861 1354 nec
2887 1298 3208 1366 testiﬁcare.

2829 1387 2976 1443 Nov.
3019 1387 3148 1441 215.

2235 1479 2312 1550 (2,
2348 1495 2405 1550 q.
2437 1479 2492 1547 7,
2525 1495 2574 1534 c.
2635 1479 2694 1534 In
2751 1476 2990 1547 sancta.)
3042 1474 3320 1531 Omnium
3367 1473 3827 1531 anathematum

2166 1584 2272 1623 vox
2303 1567 2360 1622 in
2381 1566 2755 1623 accusatione
2776 1565 2862 1620 vel
2886 1564 3297 1622 testimonium
3319 1568 3421 1620 aut
3438 1562 3702 1621 humano
3725 1566 3824 1635 ju-

2167 1657 2317 1712 dicio
2349 1656 2580 1728 plenius
2612 1673 2726 1711 non
2759 1655 3056 1711 audiatur.

2403 1750 2536 1802 CAP.
2563 1745 2675 1802 XL.
2710 1745 2781 1800 De
2808 1759 2963 1799 servo
2995 1743 3208 1799 domini
3239 1745 3574 1798 accusatore.

2804 1833 2948 1888 Nov.
2984 1833 3173 1887 166-7.

2233 1930 2444 1981 Servus
2477 1923 2525 1979 si
2558 1939 2734 1995 super
2762 1922 3069 1977 dominum
3103 1921 3278 1976 fuerit
3309 1921 3554 1985 delator,
3583 1920 3820 1977 etiamsi

2163 2012 2390 2084 objecta
2424 2010 2780 2084 probaverit,
2814 2010 3116 2083 puniatur.

2231 2119 2366 2176 CAP.
2398 2119 2542 2176 XLI.
2577 2120 2649 2176 De
2668 2118 2907 2174 induciis
2935 2134 3027 2175 reo
3059 2125 3157 2175 aut
3183 2116 3499 2174 accusatori
3526 2115 3749 2172 dandis.

2231 2208 2468 2264 Judices
2490 2208 2590 2280 qui
2616 2207 2994 2279 inscriptione
3017 2209 3342 2278 premissa,
3365 2203 3699 2261 criminalia
3721 2219 3818 2258 ne-

2160 2299 2318 2370 gotia
2348 2297 2550 2354 audire
2577 2297 2878 2369 coeperint,
2913 2315 2946 2352 a
2976 2296 3068 2352 die
3099 2295 3523 2368 inscriptionis,
3553 2295 3605 2350 si
3635 2293 3814 2348 indu-

2160 2387 2279 2443 cias
2310 2395 2413 2443 aut
2442 2391 2773 2453 accusator,
2805 2390 2907 2440 aut
2937 2402 3072 2440 reus
3102 2385 3354 2457 petierit,
3387 2385 3545 2439 intra
3587 2399 3809 2439 annum

2159 2483 2436 2549 praestare
2451 2476 2766 2542 debebunt,
2792 2479 2855 2530 ut
2875 2474 2996 2530 haec
3013 2474 3160 2530 actio
3182 2473 3337 2529 intra
3354 2472 3494 2528 anni
3518 2471 3809 2528 circulum

2158 2566 2427 2634 finiatur;
2454 2566 2609 2637 quod
2645 2565 2693 2620 si
2725 2568 3036 2619 accusator
3065 2563 3220 2618 intra
3253 2578 3473 2618 annum
3505 2578 3634 2634 quae
3669 2577 3803 2632 pro-

2158 2655 2436 2727 posuerit,
2462 2655 2707 2726 probare
2756 2652 3070 2721 distulerit,
3106 2651 3376 2709 absoluto
3409 2667 3506 2706 reo
3565 2666 3801 2722 poenam

2156 2744 2442 2816 suscipiat
2467 2743 2694 2812 legibus
2717 2742 3121 2814 superioribus
3152 2740 3662 2813 comprehensam.

2223 2856 2360 2908 CAP.
2393 2851 2560 2906 XLII.
2586 2848 2906 2916 Homicidis,
2934 2847 3225 2916 adu-lteris,
3257 2845 3606 2919 etc.,ditatio
3625 2861 3736 2902 non

2754 2928 2835 2976 est
2861 2919 3202 2991 prxstanda.

2670 3010 2752 3066 Ex
2784 3008 2932 3064 libro
2955 3025 3053 3078 vu,
3087 3025 3136 3063 c.
3164 3007 3286 3064 196.

395 3079 420 3141 ἓ
451 3079 512 3132 In
542 3078 659 3145 lege
693 3079 878 3145 Iulia.)
901 3079 981 3134 Ne
1039 3079 1218 3133 invito
1250 3079 1630 3134 denuntietur
1660 3086 1723 3134 ut
1782 3080 2040 3136 testimo-

2225 3105 2290 3156 In
2321 3099 2596 3157 civilibus.
2621 3098 2817 3156 causis
2841 3098 2925 3153 vel
2948 3097 3268 3154 levioribus
3298 3093 3648 3151 criminibus
3672 3091 3810 3165 legi-

395 3167 558 3220 nium
594 3167 712 3221 litis
745 3167 898 3221 dicat
923 3169 1203 3222 adversus
1235 3185 1524 3236 socerum,
1550 3186 1852 3240 generum,
1876 3170 2040 3225 vitri-

389 3271 548 3319 cum,
584 3255 940 3327 privignum,
965 3256 1292 3323 sobrinum,
1327 3257 1648 3323 sobrinam,
1674 3259 1913 3313 sobrino
1945 3276 2037 3314 so-

391 3343 629 3399 brinave
662 3349 890 3413 natum,
917 3361 1086 3400 eosve
1118 3346 1215 3417 qui
1239 3345 1431 3417 priore
1456 3349 1640 3418 gradu
1675 3350 1834 3404 sunt.
1859 3348 2036 3403 Item.

390 3433 470 3487 De
501 3433 710 3489 liberto
741 3434 952 3504 ipsius,
985 3434 1424 3506 liberorumque
1457 3438 1586 3506 ejus
1617 3441 1673 3491 et
1703 3442 2037 3508 parentum,

387 3522 517 3591 viri,
547 3524 764 3578 uxoris.
802 3526 985 3578 Item:
1021 3524 1101 3579 Ne
1135 3525 1360 3596 patroni
1393 3530 1448 3579 et
1481 3530 1735 3596 patrona:
1755 3528 2038 3582 adversus

388 3611 652 3678 libertos,
686 3627 877 3682 neque
909 3612 1104 3666 liberti
1138 3615 1419 3669 adversus
1453 3619 1728 3685 patronos
1751 3620 2038 3688 cogantur

385 3698 790 3753 testimonium
831 3700 1048 3756 dicere.

561 3793 696 3842 CAP.
722 3787 974 3843 XXXIII.
1011 3791 1081 3843 De
1112 3791 1338 3844 testibus
1367 3792 1573 3846 idoneis
1603 3793 1688 3846 vet
1719 3808 1854 3848 non.

458 3876 544 3945 (L.
577 3876 782 3943 Idonei,
819 3877 880 3931 tl‘.
943 3879 1020 3931 De
1069 3880 1228 3948 test.)
1262 3878 1407 3933 Item
1457 3879 1650 3935 idonei
1683 3897 1797 3936 nou
1828 3881 2034 3938 viden-

385 3971 484 4020 tur
511 3982 640 4022 esse
692 3970 892 4037 testes,
927 3967 1145 4038 quibus
1194 3967 1469 4038 imperari
1520 3973 1709 4040 potest
1735 3975 1800 4026 ut
1858 3974 2034 4027 testes

383 4055 524 4110 sint.

845 4147 980 4203 CAP.
1006 4145 1238 4202 XXXIV.
1263 4148 1337 4202 De
1366 4146 1568 4203 eodem.

453 4236 539 4303 (L.
576 4237 767 4306 Testes,
799 4236 859 4290 If.
887 4237 961 4290 De
995 4236 1155 4306 test.)
1190 4237 1380 4293 Testis
1400 4235 1650 4294 idoneus
1692 4243 1858 4309 pater
1885 4237 2028 4308 tilio,

379 4327 481 4378 aut
512 4323 669 4380 tilias
703 4323 855 4395 patri
888 4341 1004 4379 non
1036 4329 1147 4381 est.

871 4418 1005 4469 CAP.
1041 4413 1257 4469 XXXV.
1291 4415 1365 4469 De
1381 4415 1558 4470 adem.

451 4501 534 4569 (L.
566 4503 678 4572 Qui
703 4503 869 4575 falso,
899 4504 959 4560 α’.
995 4504 1073 4559 De
1103 4504 1262 4574 test.)
1287 4506 1463 4558 Item:
1501 4504 1608 4569 Qui
1631 4504 1778 4560 falsa
1809 4503 1895 4560 vel
1925 4523 2023 4561 va-

379 4590 464 4642 ria
485 4591 824 4646 testimonia
840 4593 1092 4647 dixerint
1113 4593 1198 4647 vel
1216 4593 1446 4664 utrique
1471 4593 1617 4664 parti
1642 4594 2030 4664 prodiderint,

379 4679 727 4747 ajudicibus
752 4682 1099 4752 puniuntur.

825 4773 964 4826 CAP.
1005 4769 1259 4825 XXXVI.
1291 4770 1365 4825 De
1383 4770 1588 4826 eodem.

448 4857 533 4926 (L.
565 4857 752 4914 Pater.
786 4858 842 4912 ff.
881 4863 958 4912 De
989 4858 1148 4928 test.)
1183 4861 1329 4914 Item
1366 4877 1379 4915 :
1414 4863 1584 4916 Pater
1631 4865 1687 4916 et
1720 4861 1879 4917 {ilius
1927 4863 2026 4932 qui

374 4944 430 4997 in
462 4946 590 5014 ejus
612 4951 891 5017 potestate
920 4952 1032 5002 est.
1059 4949 1203 5002 Item
1230 4965 1242 5003 :
1269 4947 1393 5004 Duo
1426 4947 1635 5004 fratres
1662 4951 1760 5021 qui
1785 4951 1841 5004 in
1867 4951 2022 5022 ejus-

371 5036 502 5089 dem
541 5037 723 5107 patris
765 5041 1051 5110 potestate
1081 5041 1242 5100 sunt,
1270 5040 1450 5093 testes
1492 5038 1695 5110 utique
1726 5039 1784 5095 in
1817 5041 2022 5095 eodem

373 5129 746 5194 testamento,
779 5126 865 5182 vel
898 5127 1101 5182 eodem
1140 5126 1370 5198 negotio
1404 5128 1526 5182 ﬁeri
1567 5134 1839 5200 possunt,
1873 5145 2022 5201 quo-

370 5216 529 5270 niam
568 5215 712 5270 nihil
747 5221 912 5272 nocet
943 5233 1013 5271 ex
1046 5233 1162 5270 una
1193 5215 1366 5271 domo
1391 5217 1595 5289 plures
1623 5223 1798 5275 testes
1829 5218 2021 5275 alieno

371 5302 602 5374 negotio
635 5304 926 5360 adhiberi.

369 5391 500 5446 CAP.
534 5391 805 5448 XXXVII.
843 5394 991 5463 Quod
1020 5395 1285 5450 mulieres
1307 5393 1686 5450 testimonium
1717 5397 1774 5451 in
1813 5396 2020 5456 iudicio

908 5467 1242 5537 dicendijus
1259 5467 1482 5521 habent.

442 5550 522 5617 (L.
558 5553 642 5605 Ex
671 5569 750 5620 eo,
777 5553 838 5606 α’.
867 5558 942 5608 De
975 5556 1132 5624 test.)
1164 5553 1328 5619 Item,
1355 5570 1420 5608 ex
1451 5570 1517 5611 eo
1545 5557 1697 5626 quod
1747 5558 2015 5629 prohibet

2152 3191 2266 3246 bus
2297 3189 2502 3245 dilatio
2525 3188 2855 3259 praestanda
2885 3191 2974 3243 est
2998 3204 3012 3254 ;
3039 3185 3362 3254 homicidae,
3382 3183 3661 3251 adulteri,
3691 3199 3811 3239 ma-

2153 3277 2323 3346 lefici,
2364 3276 2627 3347 veneﬁci,
2661 3277 2908 3333 convicti
2942 3275 2992 3331 si
3022 3273 3319 3348 appellare
3365 3271 3660 3329 voluerint
3689 3287 3805 3327 non

2159 3367 2498 3425 audiantur.

2147 3461 2278 3514 CAP.
2311 3457 2515 3513 XLIII.
2549 3455 2833 3512 Sententia
2868 3456 2984 3510 lata
3012 3458 3210 3510 contra
3258 3466 3380 3508 vere
3425 3453 3807 3507 contumacem

2581 3529 2664 3584 vel
2693 3529 2859 3583 etiam
2893 3525 3014 3596 ﬁcte
3045 3529 3124 3580 est
3153 3523 3364 3579 valida.

2832 3615 2908 3670 Ex
2936 3611 3038 3668 Iih.
3070 3629 3126 3669 v.

2218 3707 2298 3775 (L.
2335 3707 2456 3762 Tres
2485 3705 2740 3774 denunt,
2775 3720 2824 3759 c.
2859 3705 3205 3774 Quocunque,
3239 3705 3294 3755 et
3327 3700 3420 3770 24,
3452 3716 3510 3773 q.
3545 3699 3624 3766 4).
3658 3696 3799 3763 Qui-

2146 3809 2398 3867 cumque
2426 3795 2619 3849 tribus
2644 3791 3094 3850 auctoritatibus
3119 3788 3343 3861 judicis
3367 3787 3694 3856 convictus,
3716 3785 3802 3840 vel

2146 3883 2336 3940 tribus
2369 3883 2577 3939 edictis
2605 3880 2950 3953 adjudicem
2975 3880 3152 3936 fuerit
3174 3881 3545 3951 provocatus,
3568 3880 3802 3932 autuno

2143 3989 2246 4044 pro
2279 3971 2555 4027 omnibus
2581 3969 2992 4043 peremptorio,
3019 3967 3076 4022 id
3109 3970 3199 4022 est
3227 3966 3382 4039 quod
3418 3981 3664 4021 causam
3696 3979 3803 4019 ex-

2143 4061 2415 4134 stinguit,
2448 4061 2625 4115 fuerit
2673 4063 2966 4127 evocatus,
2999 4054 3400 4128 paenitentiam
3437 4070 3606 4109 suam
3644 4054 3802 4125 apud

2142 4167 2277 4205 eum
2328 4150 2594 4221 judicem
2629 4167 2660 4204 a
2690 4165 2806 4220 quo
2856 4147 2906 4202 ei
2964 4146 3345 4202 denuntiatus
3384 4147 3495 4210 est,
3527 4142 3804 4198 exhibere

2142 4241 2350 4310 noluit,
2379 4241 2660 4297 adversus
2711 4255 2843 4295 eum
2877 4237 3046 4310 quasi
3091 4235 3152 4292 in
3185 4239 3597 4292 contumacem
3633 4232 3803 4305 judi-

2142 4331 2258 4385 cari
2292 4334 2516 4403 potest;
2551 4329 2816 4401 quinimo
2839 4343 2944 4382 nec
2977 4325 3281 4382 retractari
3315 4341 3417 4396 per
3449 4321 3798 4394 appellatio-

2141 4435 2274 4474 nem
2307 4419 2540 4490 negotia
2570 4421 2820 4488 possunt
2841 4413 3072 4490 quoties
3094 4414 3154 4469 in
3187 4417 3598 4468 contumacem
3621 4409 3803 4466 fuerit

2133 4507 2494 4580 judicatum.

2138 4599 2272 4652 CAP.
2308 4594 2504 4650 XLIV.
2548 4596 2680 4650 Vera
2727 4611 2842 4650 esse
2893 4592 3323 4666 quaepadversus
3371 4605 3425 4645 se
3452 4589 3616 4666 dicta
3643 4590 3796 4657 sunt,

2209 4668 2425 4740 probat,
2441 4668 2538 4738 qui
2566 4667 2634 4723 ad
2654 4683 2718 4722 ea
2745 4661 3081 4737 con/utenda
3110 4664 3345 4719 minime
3371 4661 3492 4718 vult
3515 4661 3724 4716 adesse.

2816 4759 2952 4827 Cap.
2986 4754 3112 4810 340.

2208 4847 2422 4902 Probat
2451 4846 2554 4902 illa
2582 4861 2718 4900 vera
2747 4860 2876 4900 esse
2895 4860 3021 4917 quae
3043 4843 3328 4898 adversus
3360 4857 3422 4897 se
3453 4839 3610 4895 dicta
3630 4841 3791 4906 sunt,

2137 4935 2237 5007 qui
2269 4936 2336 4991 ad
2369 4952 2434 4991 ea
2467 4934 2822 4991 confutanda
2847 4931 3086 4988 minime
3111 4930 3238 4986 vult
3267 4931 3500 4995 adesse,
3533 4928 3693 4984 unde
3731 4928 3790 4983 in

2134 5023 2514 5080 saecularibus
2535 5024 2763 5096 legibus
2793 5021 3088 5078 invenitur
3114 5019 3398 5092 scriptum
3427 5034 3439 5074 :
3467 5018 3692 5087 Iujuste
3707 5017 3790 5071 vi-

2132 5117 2284 5181 ctus,
2318 5115 2474 5168 intra
2528 5117 2647 5168 tres
2698 5128 2930 5168 menses
2961 5114 3196 5183 reparet
3252 5125 3512 5165 causam.
3541 5107 3706 5170 Quod
3740 5107 3786 5161 si

2131 5205 2318 5258 facere
2352 5202 2690 5274 neglexerit,
2717 5201 3010 5257 sententia
3040 5217 3165 5271 qua:
3197 5199 3480 5254 adversus
3511 5213 3647 5253 eum
3665 5195 3786 5252 eol-

2130 5291 2250 5347 Iata
2299 5291 2492 5358 fuerit,
2520 5293 2869 5362 perseveret.
2905 5289 2971 5344 Et
3001 5304 3072 5342 ne
3104 5287 3185 5342 sit
3223 5286 3392 5342 vobis
3424 5285 3783 5341 contrarium

2127 5380 2216 5436 vel
2250 5380 2424 5436 etiam
2451 5396 2521 5436 ne
2542 5377 2836 5434 miremini
2867 5377 3023 5449 quod
3056 5377 3125 5431 de
3147 5375 3532 5432 secularibus
3553 5372 3784 5445 legibus

2127 5469 2360 5526 locutus
2407 5486 2536 5524 sum
2587 5468 2647 5522 in
2680 5472 2882 5522 nostro
2921 5464 3173 5536 judicio,
3206 5466 3345 5536 quia
3375 5462 3781 5520 ecclesiastica:

2125 5560 2285 5631 leges
2316 5563 2372 5616 et
2397 5558 2604 5615 divinae
2625 5573 2722 5613 eas
2745 5555 3060 5627 recipiunt.
