4000 6054
158 266 310 322 1221

236 395 375 451 CAP.
409 393 576 449 XLV.
612 398 691 451 De
720 394 893 448 servis
924 393 1281 450 dominorum
1310 391 1748 448 accusatoribus.

154 503 359 572 Impp.
390 501 597 556 Arcad.
660 505 715 555 et
774 500 919 555 Hon.
955 500 1077 553 AA.
1136 498 1341 566 Exitio,
1392 498 1639 553 Constit.
1673 497 1714 551 1.
1748 514 1824 552 vr.

234 608 328 680 (L.
364 607 426 663 Si
454 608 580 679 quis
604 624 673 663 ex
702 606 919 681 famil.,
944 625 993 662 c.
1020 607 1132 680 Qui
1155 608 1405 661 accusari
1428 623 1535 661 non
1559 606 1825 677 possunt.)

155 699 219 751 Si
258 697 396 769 quis
426 714 494 753 ex
526 698 913 753 familiaribus
940 696 1030 751 vel
1062 714 1128 751 ex
1161 697 1343 751 scrvis
1376 695 1691 765 cujuslibet
1722 696 1827 749 do-

162 803 309 841 mus
340 787 746 858 cujuscunque
778 786 1042 841 criminis
1076 786 1295 840 delator
1328 790 1500 855 atque
1524 787 1831 837 accusator

161 876 498 941 emerserit,
531 876 659 945 ejus
692 874 1138 929 aestimationem
1161 877 1337 943 caput
1369 877 1541 943 atque
1566 872 1827 926 fortunas

164 964 491 1036 petiturus,
520 965 692 1035 cujus
724 962 1108 1018 familiaritati
1139 966 1225 1017 vel
1270 962 1527 1018 dominio
1578 961 1827 1015 inhaese-

163 1055 270 1123 rit,
307 1058 439 1108 ante
470 1053 883 1108 exhibitionem
919 1052 1155 1109 testium
1194 1057 1294 1107 aut
1337 1052 1826 1107 examinationem

156 1144 443 1213 judicum
476 1141 533 1195 in
566 1143 697 1215 ipsa
723 1143 1084 1215 expositione
1115 1142 1427 1197 criminum
1462 1145 1635 1212 atque
1667 1156 1831 1194 accu-

164 1232 423 1289 sationis
454 1232 689 1289 exordio
721 1232 907 1287 ultore
930 1232 1125 1303 gladio
1150 1232 1389 1287 feriatur
1413 1248 1427 1300 ;
1448 1246 1645 1285 vocem
1670 1228 1827 1283 enim

165 1323 473 1378 funestam
515 1322 711 1395 potius
770 1322 1040 1378 intercidi
1100 1339 1277 1394 quam
1338 1319 1525 1375 audiri
1580 1322 1827 1390 oportet,

165 1428 381 1467 eorum
412 1429 545 1468 vero
576 1413 891 1468 accusandi
924 1413 1251 1468 sacerdotes
1282 1410 1367 1465 vel
1397 1408 1745 1464 testiﬁcandi
1770 1408 1828 1461 in

166 1517 272 1557 eos
305 1518 372 1558 os
403 1502 793 1569 obstruimus,
825 1519 972 1573 quos
1004 1519 1118 1557 non
1173 1499 1451 1556 humanis
1484 1499 1584 1553 sed
1616 1495 1830 1552 divinis

166 1594 419 1649 vocibus
453 1597 718 1648 mortuos
751 1608 879 1648 esse
911 1592 1153 1647 scimus.

169 1710 311 1767 CAP.
342 1709 535 1767 XLVI.
576 1708 865 1766 Absolutus
917 1708 981 1764 de
1038 1710 1185 1764 certo
1235 1706 1468 1762 crimine
1526 1704 1590 1759 de
1645 1701 1831 1758 eodem

582 1784 781 1837 iterum
810 1776 1064 1836 accusari
1092 1795 1199 1833 non
1231 1782 1422 1849 potest.

766 1871 942 1927 Conc.
978 1870 1236 1940 Mogunt.

248 1979 337 2051 (C.
370 1980 444 2034 De
474 1980 581 2045 his,
633 1982 775 2035 extr.
815 1980 890 2033 De
938 1977 1157 2047 aecus.)
1206 1981 1287 2032 Dc
1340 1973 1432 2029 his
1479 1970 1827 2027 criminibus

175 2070 250 2125 de
282 2069 499 2140 quibus
528 2068 661 2139 quis
691 2067 1001 2123 absolutus
1028 2069 1140 2135 est,
1172 2064 1243 2119 ab
1272 2080 1337 2118 eo
1379 2062 1478 2133 qui
1509 2059 1826 2126 accusavit,

176 2157 441 2213 refricari
474 2158 767 2212 accusatio
802 2173 913 2212 non
968 2160 1179 2227 potest.
1216 2152 1491 2223 Flagitari
1532 2149 1826 2220 judicium

178 2264 297 2303 non
330 2247 504 2302 debet
532 2248 603 2302 de
633 2263 812 2301 causa
842 2261 970 2317 qua:
1000 2244 1260 2308 definita,
1294 2242 1380 2296 vel
1418 2240 1686 2311 judicata
1718 2244 1824 2295 est.

176 2337 231 2391 Si
267 2337 399 2408 quis
433 2341 627 2391 autem
654 2336 913 2407 judicem
937 2332 1309 2396 recusaverit,
1334 2336 1393 2386 et
1422 2330 1602 2386 alium
1637 2346 1737 2400 pro
1761 2344 1827 2384 eo

177 2426 433 2500 petierit,
463 2441 719 2496 eumque
748 2425 960 2483 iterum
1004 2438 1273 2481 recusare
1305 2420 1594 2489 maluerit,
1626 2424 1689 2474 ut
1720 2420 1825 2475 ali-

177 2532 358 2589 quem
384 2517 498 2572 sibi
536 2516 799 2587 judicem
843 2518 1023 2585 petat,
1074 2530 1189 2568 non
1243 2512 1536 2566 audiatur.
1588 2509 1828 2565 Judices

178 2614 375 2663 autem
409 2605 760 2662 sententiam
793 2604 1028 2675 scriptis
1058 2604 1274 2667 dicant,
1310 2597 1739 2673 provocationis
1762 2597 1828 2651 li-

179 2696 372 2754 centia
420 2697 810 2753 condemnato
862 2711 975 2749 non
1024 2694 1363 2765 denegatur,
1406 2690 1520 2745 nisi
1570 2689 1712 2744 forte
1743 2693 1831 2743 ter

178 2784 394 2857 aliquis
425 2784 721 2857 appellare
752 2783 1051 2853 maluerit,
1084 2781 1170 2837 vel
1195 2786 1508 2837 contumax
1538 2779 1597 2834 in
1627 2778 1830 2834 absen-

177 2876 261 2932 tia
290 2876 484 2933 fuerit.
545 2880 690 2931 Nam
750 2879 806 2932 et
834 2876 1006 2931 tertia
1062 2874 1390 2946 provocatio
1452 2870 1833 2944 praejudicata

180 2971 289 3032 est,
326 2971 383 3022 et
411 2970 787 3023 contumaces
819 2965 1189 3021 condemnati
1223 2962 1517 3036 appellare
1550 2978 1665 3017 non
1700 2977 1831 3033 pos-

181 3060 342 3112 sunt.

1489 266 1885 321 PANORMIA.
1927 295 1993 304 —-
2035 268 2169 320 LIB.
2213 269 2280 319 V.

3463 278 3478 326 1
3489 274 3595 326 222

1854 394 1907 461 Α
1937 408 2066 447 esse
2092 393 2473 462 emptionem,
2502 394 2706 448 reddet
2731 392 2981 462 pretium
3005 397 3351 464 emptori,ut
3373 399 3592 468 emptio

1940 480 2087 534 nihil
2120 480 2335 535 habeat
2367 482 2681 536 firmitatis.

1940 573 2070 623 CAP.
2108 570 2196 623 LI.
2238 570 2525 646 Vinv‘licans
2555 588 2776 646 seruum
2821 590 2978 627 suum
3016 592 3048 628 a
3093 574 3248 630 bona:
3296 576 3436 644 fidei
3463 593 3593 646 pos-

2020 656 2240 709 sessore,
2272 640 2423 697 debet
2454 642 2563 697 sibi
2592 643 2815 698 reddere
2844 662 3110 714 expensas
3140 640 3493 703 necessarias.

2490 733 2641 803 Imp.
2681 735 2745 788 A.
2789 732 3051 788 Claudio.

2013 824 2092 884 (ιι,
2128 819 2186 872 Si
2218 821 2387 875 invito
2448 837 2496 875 c.
2543 821 2621 876 De
2685 822 2891 876 infant.
2942 824 3163 892 expos.)
3225 825 3282 878 Si
3326 826 3507 880 invito
3539 831 3596 881 et

1939 907 2240 978 ignorante
2266 912 2340 974 te,
2366 913 2571 978 partus
2595 909 2821 964 ancillae
2847 914 2956 964 tua:
2980 911 3277 981 expositus
3311 918 3596 985 cst,repe-

1940 999 2059 1050 tere
2092 1012 2221 1049 eum
2254 1014 2366 1051 non
2395 998 2746 1068 prohiberis,
2774 1000 2871 1055 sel
2909 1000 3198 1055 restitutio
3223 1002 3370 1071 ejus,
3405 1004 3453 1057 si
3479 1022 3592 1059 non

1938 1100 1971 1138 a
2004 1084 2127 1137 fure
2158 1084 2567 1152 vindicaveris,
2604 1088 2684 1140 ita
2715 1088 2837 1155 fiat,
2873 1092 2935 1142 ut
2967 1089 3015 1142 si
3050 1106 3164 1159 qua
3196 1090 3252 1145 in
3286 1090 3493 1147 alendo
3528 1111 3592 1148 eo

1938 1173 2023 1226 vel
2060 1173 2201 1229 forte
2234 1176 2303 1230 ad
2336 1174 2679 1230 discendum
2708 1176 3294 1247 artificiumjustum,
3329 1198 3598 1236 consum-

1940 1267 2037 1332 pta
2072 1262 2309 1330 fuerint,
2347 1265 2753 1320 restituantur.

1942 1368 2228 1447 CAP._LII.
2292 1372 2397 1438 Qui
2449 1376 2702 1441 exposuit
2758 1375 3029 1447 infantem
3084 1390 3267 1441 suum,
3328 1394 3439 1431 non
3496 1394 3595 1447 po-

2010 1445 2113 1567 test
2148 1450 2266 1566 posit
2293 1459 2416 1497 eum
2447 1452 2685 1516 repetere
2734 1446 2800 1498 ab
2834 1462 2896 1500 eo
2942 1448 3039 1517 qui
3068 1463 3191 1501 eum
3236 1445 3516 1519 recollegit
3548 1459 3597 1506 et

2012 1530 2088 1565 nu
2118 1527 2224 1567 rivi
2262 1556 2272 1567 .

2012 1527 2272 1567 nutrivit.

2158 1602 2341 1673 Impp.
2377 1603 2536 1658 Vale.
2570 1610 2626 1660 et
2654 1605 2812 1660 Grat.
2848 1607 2959 1659 ΛΑ.
2997 1608 3067 1661 ad
3100 1607 3379 1663 Probum.

2013 1692 2095 1761 (L.
2136 1692 2533 1763 Unusquisque,
2570 1710 2624 1747 c.
2660 1694 2736 1747 De
2771 1694 2979 1749 infant.
3016 1696 3236 1767 expos.)
3268 1696 3596 1769 Unusquis-

1857 1763 1906 1827 B
1940 1795 2052 1851 que
2084 1780 2341 1835 sobolem
2378 1798 2547 1836 suam
2590 1782 2849 1850 nutriat;
2906 1783 3059 1854 quod
3088 1763 3158 1839 ἐἰ
3191 1763 3594 1856 exponendam

1939 1870 2250 1939 putaverit,
2285 1869 2777 1925 animadversioni
2812 1888 2938 1941 quas
2973 1873 3297 1929 constituta
3331 1878 3419 1930 est
3450 1877 3593 1931 sub-

1930 1957 2170 2027 jacebit,
2223 1960 2322 2013 sed
2360 1976 2461 2013 nec
2511 1960 2783 2026 dominis,
2838 1961 2925 2015 vel
2982 1963 3244 2032 patronis
3293 1966 3594 2036 repetendi

1940 2046 2163 2101 aditum
2199 2047 2611 2119 relinquimus,
2637 2050 2685 2105 si
2720 2050 2789 2103 ab
2823 2049 2964 2119 ipsis
2984 2052 3278 2123 expositos
3312 2055 3591 2125 quodam-

1939 2136 2108 2190 modo
2140 2137 2212 2191 ad
2245 2141 2515 2204 mortem,
2565 2138 2838 2193 voluntas
2884 2156 3007 2211 quae
3058 2141 3471 2198 misericordiae
3505 2150 3593 2200 est

1938 2225 2146 2296 amica,
2182 2243 2296 2281 non
2347 2226 2660 2298 collegerit.
2718 2232 2830 2282 Nec
2887 2246 3061 2285 suum
3118 2230 3309 2286 dicere
3339 2236 3588 2303 poterat,

1938 2330 2109 2385 quem
2145 2321 2486 2387 pereuntem
2520 2318 2957 2389 contempserit.

2426 2427 2553 2477 CAP.
2597 2423 2740 2477 LIII.
2784 2426 2855 2479 De
2895 2424 3098 2480 eodem.

2009 2511 2208 2582 (Ibid,
2243 2512 2295 2581 3,
2332 2510 2645 2580 Sancimus,
2676 2529 2724 2566 c.
2763 2517 2837 2567 De
2870 2514 3076 2569 infant.
3130 2532 3352 2587 expos.)
3383 2518 3589 2573 Sanci-

1938 2616 2071 2655 mus
2105 2600 2324 2655 nemini
2372 2600 2567 2670 licere,
2616 2602 2735 2655 sive
2786 2603 2854 2656 ab
2909 2602 3179 2673 ingenuis
3224 2606 3590 2676 genitoribus

1940 2705 2086 2760 puer
2117 2689 2392 2760 parvulus
2416 2699 2772 2762 procreatus,
2799 2692 2918 2747 sive
2941 2710 2972 2746 a
2995 2692 3266 2749 libertina
3295 2696 3589 2767 progenie,

1942 2778 2061 2833 sive
2094 2796 2125 2832 a
2156 2779 2349 2835 servili
2385 2780 2737 2850 conditione,
2774 2780 3105 2837 maculatus
3160 2785 3462 2855 expositus
3494 2786 3594 2855 sit,

1942 2885 2076 2924 eum
2122 2886 2366 2939 puerum
2420 2868 2473 2923 in
2529 2887 2699 2924 suum
2755 2871 3085 2925 dominium
3136 2872 3430 2929 vindicare
3476 2875 3595 2929 sive

1944 2958 2198 3024 nomine,
2255 2958 2372 3012 sive
2423 2958 2823 3029 adscriptitize,
2878 2960 2997 3015 sive
3049 2960 3351 3016 colonarizn
3398 2963 3596 3017 condi-

1942 3045 2139 3102 tionis.
2175 3047 2284 3101 Sed
2318 3063 2502 3117 neque
2532 3046 2626 3101 his
2660 3048 2759 3119 qui
2793 3065 2891 3103 eos
2924 3049 3303 3105 enutriendos
3336 3051 3598 3106 sustule-

180 3173 313 3227 CAP.
347 3170 561 3227 XLVII.
594 3172 794 3228 Servus
823 3174 919 3245 qui
959 3171 1210 3245 fugigsi
1238 3188 1333 3242 pro
1374 3170 1541 3226 libero
1570 3185 1626 3224 se
1652 3171 1827 3245 geret,
1859 3129 1901 3195 α
1940 3135 2707 3245 fgﬂ‘fau‘l‘j‘inf'fm,f’ﬁécf’di
2745 3137 3001 3245 Reflluﬁ’
3036 3156 3167 3195 cum
3219 3141 3473 3211 quadam
3507 3142 3594 3195 δί’

250 3248 300 3299 et
323 3253 564 3314 paratus
592 3254 671 3300 est
696 3240 917 3315 litigare
942 3240 1041 3315 pro
1081 3240 1334 3300 libertate
1362 3260 1482 3311 sua,
1531 3258 1642 3297 non
1672 3240 1828 3295 vide-

252 3316 400 3371 bitur
429 3334 463 3371 α
488 3317 709 3373 domino
738 3317 1026 3388 possideri.

249 3423 307 3479 Si
340 3440 541 3479 servus
590 3440 764 3496 quem
816 3424 1190 3495 possidebam
1242 3422 1478 3493 fugerit,
1520 3425 1577 3476 et
1627 3420 1674 3475 si
1724 3434 1827 3488 pro

172 3511 355 3568 libero
384 3530 445 3567 se
476 3518 659 3584 gerat,
694 3514 989 3567 videbitur
1032 3531 1065 3567 a
1095 3512 1331 3567 domino
1385 3509 1693 3581 possideri,
1725 3508 1824 3564 sed

173 3602 281 3657 hoc
312 3606 453 3657 tunc
504 3601 958 3671 intelligendum
991 3606 1101 3669 est,
1156 3600 1206 3654 si
1238 3616 1372 3653 cum
1423 3598 1829 3670 apprehensus

172 3690 366 3759 fuerit,
399 3707 514 3744 non
561 3689 611 3743 si
658 3706 764 3759 pro
816 3688 1085 3744 libertate
1136 3706 1245 3744 sua
1288 3692 1530 3760 paratus
1577 3687 1826 3757 litigare-

173 3780 315 3836 Nam
349 3778 399 3835 si
423 3782 662 3849 paratus
685 3781 773 3835 est
802 3776 1177 3849 litigare,non
1204 3777 1495 3834 videbitur
1530 3796 1562 3836 a
1593 3778 1828 3835 domino

177 3884 279 3923 suo
313 3866 621 3939 possideri,
653 3867 747 3922 cui
779 3883 841 3923 se
872 3867 1272 3923 adversarium
1308 3866 1553 3939 paravit.

177 3984 305 4039 CAP.
362 3982 591 4038 XLVIII.
656 3984 762 4039 Per
810 3998 1029 4038 servum
1080 3984 1335 4039 colonum
1391 3983 1472 4037 vel
1502 3986 1825 4053 procurato-

233 4070 367 4123 rem,
398 4071 510 4110 non
539 4059 709 4125 potest
738 4054 961 4111 domino
994 4055 1169 4110 invito
1199 4056 1324 4126 ﬁeri
1354 4054 1769 4125 prwjudicium.

335 4144 522 4215 Impp.
554 4144 771 4199 Theod.
805 4148 863 4199 et
898 4145 1044 4199 Hon.
1084 4151 1200 4200 AA.
1235 4145 1445 4199 Joanni
1481 4162 1663 4215 papae.

245 4256 328 4321 (L.
362 4255 597 4317 Nexum,
635 4268 679 4306 c.
716 4253 785 4307 Si
813 4268 900 4306 res
923 4252 1082 4323 aliq.)
1119 4252 1341 4307 Nexum
1372 4270 1481 4306 non
1518 4253 1652 4306 facit
1684 4270 1825 4323 prse~

179 4341 429 4408 diorum,
462 4341 574 4395 nisi
610 4356 857 4411 persona
884 4358 1011 4413 quae
1035 4342 1170 4412 jure
1196 4340 1380 4412 potuit
1412 4339 1690 4410 obligare.
1722 4340 1826 4395 Per

179 4446 403 4486 servum
436 4433 626 4484 autem
656 4434 754 4485 aut
786 4448 888 4501 per
937 4435 1396 4501 procuratorem,
1433 4430 1703 4484 colonum
1736 4429 1823 4485 vel

180 4522 431 4573 actorem
455 4520 943 4573 conductoremve
964 4518 1147 4573 ullum
1174 4518 1576 4589 prtejudicium
1603 4535 1830 4591 posses-
1862 4493 1907 4555 D

180 4607 323 4662 sioni
358 4606 541 4662 invito
571 4607 660 4662 vel
692 4606 876 4661 inscio
928 4607 1165 4662 domino
1207 4608 1429 4680 imponi
1483 4626 1595 4663 non
1630 4625 1825 4680 posse,

181 4700 235 4751 et
257 4696 407 4765 jure,
442 4699 499 4751 et
526 4694 722 4767 legum
749 4696 1197 4752 auctoritatibus
1228 4696 1573 4753 declaratur.

182 4814 308 4867 CAP.
341 4811 528 4867 XLIX.
559 4813 670 4879 Qui
699 4818 915 4867 terrore
935 4814 1186 4882 praesidis
1207 4830 1427 4868 servum
1457 4831 1511 4869 se
1529 4830 1642 4869 esse
1673 4830 1823 4869 men-

497 4883 660 4952 titur,
691 4890 880 4954 postea
908 4901 964 4940 se
990 4890 1159 4955 potest
1188 4885 1499 4955 defendere.

250 4988 358 5054 Qui
391 4994 551 5044 metu
583 4994 640 5045 et
682 4990 1071 5061 impressione
1102 4990 1353 5061 alicujus
1398 4992 1637 5048 terroris
1670 4993 1823 5063 apud

186 5082 303 5133 acta
336 5078 604 5148 praesidis
636 5096 866 5135 servum
900 5097 963 5135 se
992 5096 1122 5135 esse
1152 5082 1438 5137 mentitus
1482 5086 1594 5151 est,
1627 5086 1827 5153 postea

184 5171 397 5222 statum
430 5184 603 5222 suum
637 5168 945 5223 defendere
977 5186 1090 5224 non
1126 5170 1561 5241 priejudicetur.

182 5286 301 5340 CAP.
338 5287 397 5336 L.
424 5283 485 5337 Si
511 5285 702 5337 emerit
732 5287 1020 5355 quisquam
1050 5283 1273 5354 aliquid
1294 5303 1325 5339 α
1349 5304 1530 5355 servo,
1560 5286 1826 5339 nesciente

244 5356 483 5437 domino,
513 5360 686 5425 potest
714 5356 974 5412 dominus
1002 5359 1246 5427 pretium
1275 5358 1520 5427 reddere,
1545 5368 1594 5413 et
1627 5359 1829 5427 emptio

248 5443 355 5483 non
386 5436 517 5483 erit.

254 5518 309 5573 Si
342 5517 476 5587 quis
507 5534 541 5573 a
571 5532 737 5573 servo
766 5517 957 5575 alieno
991 5516 1213 5587 aliquid
1244 5518 1689 5588 comparaverit,
1724 5535 1826 5575 ne-

191 5608 401 5665 sciente
430 5606 672 5667 domino
703 5623 834 5679 suo,
866 5606 916 5665 si
966 5606 1243 5666 dominus
1290 5610 1523 5665 ﬁrmam
1576 5606 1829 5666 noluerit

1938 3225 2247 3280 stinctione
2277 3242 2374 3280 eos
2422 3225 2626 3281 tollere
2656 3230 2713 3280 et
2762 3226 3170 3284 educationem
3221 3244 3421 3283 eorum
3456 3246 3594 3300 pro-

1936 3330 2139 3368 curare
2165 3315 2283 3368 sive
2335 3313 2581 3368 masculi
2631 3315 2770 3381 sint,
2806 3314 2925 3368 sive
2975 3315 3218 3381 feminae,
3274 3320 3337 3369 ut
3376 3334 3475 3371 eos
3506 3316 3593 3371 vel

1937 3402 2061 3456 loco
2091 3401 2461 3468 libertorum,
2495 3400 2581 3454 vel
2617 3400 2743 3453 loco
2769 3417 3099 3466 servorum,
3132 3402 3219 3457 vel
3252 3402 3591 3458 colonorum

1938 3493 2038 3543 aut
2068 3488 2569 3558 adscriptitiorum
2601 3487 2907 3553 habeatur,
2936 3490 3035 3543 sed
3062 3490 3222 3545 nullo
3257 3492 3595 3547 discrimine

1938 3577 2156 3637 habito.
2192 3576 2281 3630 his
2329 3576 2427 3646 qui
2469 3576 2539 3631 ab
2592 3577 2935 3645 hujusmodi
2989 3578 3333 3637 hominibus
3364 3581 3596 3637 educati

1937 3668 2095 3729 sunt,
2128 3664 2293 3719 liberi
2322 3672 2379 3719 et
2410 3665 2651 3736 ingenui
2683 3672 3023 3736 appareant.

1937 3774 2071 3828 ΟΑΡ.
2108 3771 2239 3825 LIV.
2273 3772 2381 3838 Qui
2413 3776 2638 3842 partum
2685 3790 2797 3828 sua:
2850 3775 3094 3842 ancillae,
3128 3794 3291 3832 suum
3335 3794 3444 3834 esse
3473 3795 3592 3834 ere-

2004 3842 2473 3969 deiz'ldonaverit,
2530 3846 2610 3900 vel
2657 3846 2991 3917 vendiderit,
3040 3852 3259 3919 furtum
3303 3867 3412 3907 non
3443 3868 3590 3907 eom-

2006 3933 2107 3969 πηΔ
2138 3931 2154 3968 1
2190 3955 2203 3969 .

2006 3931 2203 3969 mimi.

2005 4004 2064 4058 Si
2099 4004 2147 4058 is
2170 4005 2240 4059 ad
2261 4020 2432 4075 quem
2470 4005 2695 4060 ancilla:
2722 4008 2976 4076 pertinet
3009 4025 3155 4064 usus
3190 4010 3435 4078 fructus,
3462 4027 3592 4080 par—

1937 4097 2060 4149 tum
2094 4109 2271 4148 suum
2302 4110 2431 4150 esse
2461 4095 2707 4150 credens
2754 4096 3102 4162 vendiderit,
3135 4103 3237 4153 aut
3271 4099 3595 4168 donaverit,

1939 4184 2161 4238 furtum
2196 4199 2310 4238 non
2344 4183 2681 4238 committit.
2740 4186 2983 4239 Furtum
3016 4188 3171 4241 enim
3224 4187 3351 4243 sine
3385 4188 3596 4242 affectu

1936 4271 2171 4327 furandi
2208 4288 2322 4325 non
2356 4272 2772 4327 committitur.

1936 4380 2069 4435 CAP.
2106 4382 2213 4431 LV.
2247 4380 2400 4433 Bona
2432 4380 2661 4448 capitali
2690 4382 2933 4435 crimine
2982 4380 3378 4439 damnatorum
3409 4385 3483 4439 ad
3510 4402 3598 4441 co-

2500 4460 2696 4519 gnatos
2724 4451 3036 4509 deveniunt.

2608 4540 2751 4595 Cod.
2786 4541 2826 4597 l.
2860 4558 2938 4597 ix.

2012 4627 2096 4697 (L.
2126 4629 2199 4682 De
2232 4629 2357 4682 bon.
2390 4628 2701 4698 praescript.
2738 4646 2786 4683 c.
2844 4632 2993 4685 Bona
3031 4631 3303 4704 damnat.)
3351 4636 3601 4706 Capituli

1939 4716 2186 4772 crimine
2204 4718 2619 4773 damnatorum
2653 4718 2823 4785 bona,
2850 4736 2964 4775 non
2988 4723 3059 4775 ad
3080 4721 3307 4777 lucrum
3332 4725 3598 4795 praesidis

1938 4806 2207 4875 perferri,
2240 4806 2339 4861 sed
2375 4806 2641 4876 cognatis
2674 4807 3016 4877 punitorum
3047 4811 3212 4865 reddi
3242 4819 3491 4883 oportet.

1936 4915 2069 4967 CAP.
2106 4912 2239 4967 LVI.
2282 4914 2559 4968 Lenonem
2590 4929 2916 4985 quemquam
2946 4932 3055 4971 esse
3081 4918 3381 4990 prohibere
3408 4920 3599 4976 debent

2620 4994 2906 5055 praetores.

2011 5077 2140 5128 Haec
2169 5074 2512 5129 constitutio
2564 5074 2733 5143 jubet
2789 5076 3083 5132 neminem
3140 5077 3411 5134 lenonem
3442 5096 3598 5147 esse,

1940 5178 2128 5231 neque
2161 5162 2215 5216 in
2244 5161 2535 5234 imperiali
2562 5164 2729 5229 urbe,
2752 5182 2942 5235 neque
2976 5166 3032 5219 in
3067 5168 3466 5235 provinciis,et
3490 5168 3599 5223 hoc

1936 5251 2247 5321 prohibere
2306 5252 2521 5307 debent
2577 5257 2850 5322 praetores
2912 5258 2967 5307 et
3026 5255 3341 5323 praesides;
3389 5256 3600 5311 ultimo

1936 5340 2094 5394 enim
2123 5339 2639 5411 suppliciijudicio
2663 5341 3086 5409 subjiciuntur,
3113 5344 3211 5411 qui
3238 5350 3439 5398 contra
3460 5362 3597 5399 eon-

1938 5429 2265 5485 stitutionis
2298 5446 2563 5486 normam
2596 5429 2839 5484 lenones
2870 5446 2999 5484 esse
3036 5431 3165 5485 ausi
3197 5438 3354 5488 sunt.
3388 5434 3600 5489 Omnia

1938 5524 2130 5575 autem
2166 5520 2557 5575 instrumenta
2587 5523 2644 5572 et
2676 5520 2788 5573 ﬁde
2828 5519 3135 5588 jussiones
3168 5524 3323 5594 apud
3358 5523 3601 5581 lenones

1938 5607 2347 5679 interpositae,
2380 5608 2467 5665 vel
2500 5626 2536 5663 a
2577 5606 2892 5667 lenonibus
2936 5613 3140 5668 contra
3186 5612 3371 5670 bonos
3402 5630 3597 5670 mores
