3938 6074
385 278 522 332 1223

1465 276 1532 325 D.
1575 271 1819 325 IVONIS
1856 269 2352 324 CARNOTENSIS
2386 270 2707 324 EPISCOPI

3738 266 3883 319 1333

372 403 577 468 factas,
609 401 879 457 inﬁrmas
929 402 1105 471 atque
1163 397 1447 454 invalidas
1494 412 1623 454 esse
1680 395 2022 452 constitutio
2050 401 2100 463 Α
2135 410 2250 448 non
2284 393 2518 450 habent.
2554 397 2736 449 Item:
2785 394 3233 449 Testamentum
3268 394 3467 448 facere
3531 409 3683 447 non
3732 409 3879 462 pos~

368 493 562 563 jubet.

373 602 501 656 CAP.
536 600 700 654 LVII.
738 600 841 667 Qui
888 597 1311 653 matrimonium
1357 596 1700 650 contraxerit
1747 603 1797 648 et
1828 593 2025 667 liberos

446 689 517 727 ea:
549 665 796 742 legitima
824 671 1000 742 priori
1044 685 1153 742 non
1201 667 1615 742 habueritsuis
1659 665 2027 742 facultatibus

445 737 658 811 careat,
689 752 739 798 et
766 737 857 797 dos
888 740 1084 796 incesti
1128 738 1478 794 matrimonii
1524 738 1651 805 ﬁsco
1695 737 2023 792 vindicet-ur.

449 854 531 923 (L.
560 870 600 920 ι,
635 852 739 915 Oui
764 856 974 914 contra,
999 864 1048 904 c.
1073 848 1146 902 De
1174 847 1389 913 incest.)
1410 845 1468 900 Si
1494 844 1625 915 quis
1658 843 1946 899 nefarium
1972 846 2028 897 et

376 944 666 997 incestum
688 942 863 1010 atque
884 938 1229 991 damnatum
1256 934 1699 989 matrimonium
1723 937 2024 987 contraxe-

375 1031 467 1099 rit,
502 1030 715 1083 liberos
764 1031 958 1081 autem
1017 1041 1085 1079 ex
1117 1023 1296 1095 priori
1351 1022 1615 1094 legitimo
1647 1020 2025 1076 matrimonio

376 1136 489 1173 non
536 1115 826 1182 habuerit,
880 1114 1070 1169 statim
1118 1113 1242 1167 suis
1290 1111 1674 1166 facultatibus
1724 1114 1937 1177 careat,
1970 1114 2025 1163 et

374 1208 477 1262 dos
509 1223 632 1276 quae
664 1206 800 1259 data
849 1207 939 1258 est
969 1202 1020 1256 ei
1073 1202 1198 1256 ﬁsci
1222 1200 1461 1270 juribus
1509 1199 1856 1253 vindicetur.
1892 1198 2027 1253 Post

373 1295 830 1367 publicationem
849 1297 1045 1347 autem
1067 1295 1123 1345 et
1138 1288 1357 1361 cinguli
1382 1288 1471 1343 sui
1489 1288 1744 1359 patiatur
1761 1286 2028 1342 amissio-

375 1402 532 1451 nem,
565 1387 622 1438 et
651 1382 855 1439 exsilio
888 1380 1185 1453 puniatur.
1215 1378 1376 1444 Quod
1410 1377 1460 1431 si
1490 1376 1661 1431 vilior
1708 1376 1781 1430 sit
1812 1381 1860 1430 et
1896 1392 2022 1429 cor-

373 1473 557 1546 porali
589 1470 897 1545 quastioni
929 1468 1235 1537 subsistat,
1269 1473 1326 1522 et
1357 1483 1502 1521 uxor
1549 1466 1677 1535 eius
1708 1469 1910 1520 contra
1939 1464 2025 1519 le-

371 1578 473 1634 ges
506 1565 688 1631 nupta
719 1559 955 1615 easdem
988 1573 1189 1628 poenas
1223 1555 1481 1627 patiatur
1514 1553 1756 1623 scilicet,
1782 1554 1831 1608 si
1864 1551 2025 1608 nulla

365 1652 531 1722 justa
560 1653 869 1706 excusetur
897 1645 1247 1719 ignorantia.

858 1755 979 1810 Cu).
1019 1754 1204 1810 LVIII.
1238 1754 1310 1807 De
1339 1752 1545 1809 eodem.

449 1847 534 1917 (L.
568 1846 628 1900 Si
659 1845 923 1915 defunct.,
956 1847 1035 1897 et.
1070 1858 1118 1897 c.
1146 1843 1220 1895 De
1250 1843 1366 1896 suis
1396 1849 1449 1895 et
1472 1841 1574 1910 leg.
1607 1839 1687 1907 ﬁl.
1720 1838 1788 1893 ab
1820 1837 2030 1908 intest.)

379 1935 435 1989 Si
467 1934 599 2005 quis
658 1936 899 2003 nepotes
930 1945 998 1985 ex
1051 1928 1169 1983 ﬁlio
1202 1928 1522 1999 reliquerit,
1554 1932 1611 1982 et
1667 1943 1736 1982 ex
1779 1926 1899 1982 ﬁlia
1928 1942 2031 1981 ne-

380 2027 568 2094 potes,
598 2020 687 2076 vel
720 2025 943 2091 neptes,
975 2019 1194 2089 pariter
1224 2018 1294 2073 ad
1340 2017 1740 2072 haereditatem
1777 2017 1847 2071 ab
1880 2015 2030 2071 inte-

380 2116 532 2168 stato
564 2111 653 2167 avi
684 2109 945 2165 defuncti
978 2114 1277 2177 vocentur,
1313 2112 1369 2163 et
1400 2124 1516 2162 non
1562 2107 1761 2162 minus
1792 2106 2030 2161 tertiam

381 2206 605 2275 partem
638 2201 792 2256 sicut
823 2206 953 2255 ante
990 2198 1304 2270 accipiant,
1336 2198 1437 2253 sed
1484 2197 1775 2269 integram
1807 2196 1998 2268 portio
2019 2226 2031 2237 -

380 2308 511 2348 nem
544 2294 936 2361 assequentur
964 2305 1032 2344 ex
1065 2287 1186 2343 ﬁlia
1216 2290 1493 2359 nepotes;
1526 2286 1706 2341 talem
1742 2285 2033 2357 accipiant

380 2380 524 2449 nati,
557 2378 793 2451 qualem
826 2377 1124 2449 accipiunt
1181 2381 1420 2448 nepotes
1450 2392 1520 2431 ex
1567 2374 1686 2430 ﬁlio
1720 2374 2032 2446 procreati.

382 2470 526 2525 Item
554 2484 566 2523 ε
602 2468 662 2523 Si
693 2467 819 2522 avia
849 2465 1185 2533 decesserit,
1219 2465 1532 2536 nepotibus
1579 2480 1647 2519 ex
1678 2462 1797 2519 ﬁlio
1848 2468 1903 2518 et
1932 2479 2032 2519 ne-

382 2559 618 2631 potibus
648 2573 715 2612 ex
747 2556 865 2611 ﬁlia
896 2553 1211 2621 derelictis,
1250 2570 1454 2609 omnes
1504 2552 1724 2625 pariter
1754 2553 1825 2607 ad
1856 2553 2034 2608 haere-

382 2645 625 2700 ditatem
657 2644 799 2700 avize
830 2661 949 2699 sua:
981 2647 1278 2710 vocentur,
1304 2642 1621 2697 etomnino
1655 2640 1731 2696 sit
1762 2640 2034 2695 differen-

384 2736 462 2789 tia
496 2734 677 2800 nulla,
714 2739 910 2788 utrum
972 2749 1177 2787 omnes
1235 2735 1473 2802 nepotes
1525 2731 1645 2786 sint
1702 2747 1775 2786 an
1808 2734 2034 2801 neptes,

382 2828 581 2879 utrum
614 2840 683 2878 ex
710 2822 830 2877 ﬁlio
858 2825 961 2877 aut
990 2836 1057 2876 ex
1088 2820 1210 2875 ﬁlia
1242 2819 1531 2891 procreati
1562 2819 1701 2875 sint.

1049 2931 1176 2981 CAP.
1222 2926 1361 2980 LIX.

451 3028 666 3099 (Instit.
701 3028 770 3081 de
794 3028 913 3097 jur.
948 3030 1068 3079 not.
1099 3029 1155 3078 et
1212 3024 1322 3078 civ.
1356 3026 1382 3091 §
1428 3026 1523 3079 Ex
1573 3040 1682 3079 non
1724 3024 1919 3093 scrip.)
1954 3024 2036 3077 Ex

2137 488 2277 537 sunt
2306 483 2665 554 impuberes,
2695 482 2835 554 quia
2877 481 3105 537 nullum
3160 498 3368 538 eorum
3426 481 3653 537 animi
3688 481 3875 551 judi-

2135 571 2292 627 cium
2321 571 2558 628 habent.
2606 575 2775 638 Item,
2826 571 3054 637 furiosi,
3104 572 3245 642 quia
3296 577 3510 627 mente
3577 576 3869 636 carent;

2137 677 2242 716 nec
2272 661 2343 716 ad
2378 678 2499 715 rem
2533 660 2804 731 pertinet,
2840 661 2888 715 si
2933 660 3206 732 impubes
3237 664 3444 732 postea
3501 662 3743 731 pubes
3782 661 3867 714 fa-

2137 754 2286 816 ctus,
2337 754 2439 805 aut
2487 750 2744 805 furiosus
2793 766 3034 821 compos
3088 754 3290 820 postea
3340 750 3578 804 mentis
3648 749 3863 803 factus

2137 839 2331 907 fuerit,
2367 844 2424 895 et
2453 839 2786 895 decesserit.
2835 839 3064 895 Furiosi
3096 849 3289 895 autem
3321 840 3372 895 si
3422 855 3542 911 per
3576 840 3652 894 id
3698 844 3862 894 tem~

2137 944 2247 998 pus
2281 927 2544 982 fecerunt
2586 933 3031 997 testamentum,
3084 945 3199 999 quo
3250 930 3415 984 furor
3461 945 3715 984 eorum
3766 928 3859 982 in-

2133 1016 2448 1071 termissus
2480 1021 2589 1083 est,
2614 1018 2751 1087 jure
2780 1017 3116 1071 testamenti
3145 1033 3272 1073 esse
3294 1017 3616 1073 videntur.
3660 1023 3851 1077 Item.

2137 1110 2338 1161 mutus
2369 1110 2427 1161 et
2457 1106 2672 1161 surdus
2714 1122 2829 1160 non
2864 1122 3099 1176 semper
3141 1110 3583 1162 testamentum
3629 1107 3845 1161 facere

2134 1198 2400 1267 possunt.
2437 1194 2645 1265 Utique
2678 1199 2874 1249 autem
2925 1195 2994 1248 de
3044 1211 3109 1249 eo
3142 1195 3322 1250 surdo
3370 1195 3691 1266 loquitur,
3734 1196 3839 1266 qui

2135 1284 2372 1339 omnino
2404 1300 2517 1337 non
2552 1283 2734 1350 audit,
2769 1300 2884 1338 non
2917 1284 3019 1354 qui
3060 1284 3223 1339 tarde
3270 1284 3533 1340 exaudit.
3572 1290 3745 1339 Nam
3780 1292 3838 1340 et

2136 1377 2336 1427 mutus
2371 1373 2420 1428 is
2453 1372 2803 1443 intelligitur
2851 1373 2951 1443 qui
3001 1372 3197 1443 eloqui
3229 1372 3378 1427 nihil
3431 1377 3670 1444 potest,
3710 1390 3831 1428 non

2136 1462 2234 1532 qui
2269 1462 2433 1516 tarde
2466 1460 2748 1532 loquitur.
2800 1461 2944 1516 Cum
2991 1460 3082 1517 lex
3130 1462 3187 1515 in
3239 1463 3624 1533 praeteritum
3679 1464 3825 1534 quid

2133 1550 2404 1621 indulget
2432 1550 2488 1605 in
2523 1550 2786 1605 futurum
2819 1555 2996 1606 vetat.

2134 1656 2445 1729 CApsLXI.
2500 1659 2670 1712 Natus
2717 1659 2946 1727 septimo
2999 1674 3179 1713 mense
3225 1657 3443 1714 dicitur
3493 1658 3822 1729 legitimus,

2059 1758 2106 1822 Β
2207 1728 2453 1822 γπθὶμείοί
2483 1728 2789 1799 Unicuique
2816 1733 3038 1802 experto
3068 1731 3128 1784 in
3160 1746 3262 1785 sua
3295 1731 3534 1785 scientia
3555 1728 3822 1786 fer-eden-

2210 1799 2343 1855 dum
2372 1803 2473 1855 est.

2836 1871 3012 1927 Titul.
3046 1874 3100 1926 5.

2211 1965 2295 2031 (L.
2329 1961 2456 2032 Sept
2509 1964 2742 2029 mens.§
2792 1963 2863 2017 de
2922 1961 3081 2033 stat.)
3136 1962 3398 2033 Septimo
3454 1978 3676 2018 mense
3718 1980 3821 2018 na-

2140 2050 2223 2105 sci
2257 2051 2580 2121 perfectum
2632 2054 2868 2122 partum
2909 2051 3034 2121 jam
3085 2055 3383 2122 receptum
3436 2056 3530 2108 est
3570 2057 3821 2125 propter

2143 2139 2554 2194 auctoritatem
2598 2139 2928 2195 doctissimi
2979 2139 3088 2194 viri
3134 2139 3533 2211 Hippocratis.
3585 2146 3660 2196 Et
3692 2142 3813 2197 imo

2142 2228 2500 2284 credendum
2532 2233 2621 2283 est
2646 2245 2781 2284 eum
2813 2228 2914 2300 qui
2962 2245 3031 2285 ex
3062 2229 3245 2299 justis
3289 2229 3519 2301 nuptiis
3550 2232 3813 2303 septimo

2144 2334 2344 2373 mense
2375 2322 2553 2373 natus
2584 2321 2693 2383 est,
2721 2318 2951 2388 justum
2987 2317 3175 2373 ﬁlium
3207 2334 3359 2374 esse.

2144 2424 2298 2496 CAP.
2328 2423 2496 2479 LXII.
2555 2425 2822 2494 Legitime
2876 2433 3042 2480 natus
3097 2425 3274 2496 quoad
3329 2424 3710 2481 conditionem
3767 2431 3817 2479 et

2213 2495 2489 2566 originem
2515 2505 2731 2566 patrem
2775 2496 3052 2567 sequitur,
3084 2495 3192 2551 non
3245 2497 3489 2568 legitime
3544 2513 3674 2552 vero
3705 2514 3812 2551 na-

2214 2573 2325 2634 tus,
2359 2578 2593 2623 matrem
2620 2570 2891 2640 sequitur.

2214 2656 2303 2725 (L.
2339 2657 2473 2710 Cum
2504 2655 2659 2725 legit.
2693 2657 2722 2728 ξ
2758 2658 2834 2711 De
2865 2660 3025 2723 stat.,
3074 2661 3125 2712 et
3163 2657 3253 2724 32,
3288 2673 3345 2727 q.
3393 2657 3450 2721 5,
3482 2673 3534 2710 c.
3569 2658 3805 2725 Libert.)

2145 2744 2291 2799 Item
2322 2761 2457 2799 cum
2488 2744 2743 2815 legitime
2774 2745 2995 2816 nuptiae
3028 2745 3192 2799 factae
3223 2744 3343 2800 sint
3372 2750 3603 2817 patrem
3634 2747 3803 2801 liberi

2145 2838 2510 2904 sequuntur:
2546 2834 2716 2905 vulgo
2747 2832 2977 2904 quaesiti
3009 2838 3253 2889 matrem
3289 2841 3639 2904 sequuntur.

2319 2940 2454 2997 ΟΑΡ.
2491 2941 2679 2995 LXIII.
2712 2940 2823 3010 Qui
2850 2939 3116 2995 dicuntur
3145 2941 3302 3011 vulgo
3332 2941 3603 3014 concepti.

2215 3030 2299 3099 (L.
2341 3028 2507 3099 Vulg.
2539 3032 2784 3100 quaesit“
2813 3028 2841 3102 ἕ
2871 3029 2950 3085 De
2980 3030 3146 3099 stat.)
3181 3031 3350 3097 Item,
3382 3029 3561 3101 vulgo
3594 3046 3796 3084 conce-

381 3133 495 3171 non
524 3115 741 3185 scripto
766 3115 869 3183 jus
898 3113 1053 3166 venit
1097 3112 1252 3182 quod
1296 3129 1439 3167 usus
1487 3112 1849 3184 approbavit.
1881 3112 2026 3166 Nam
2061 3127 2104 3194 C
2143 3118 2225 3188 pti
2257 3118 2552 3189 dicuntur,
2586 3118 2685 3191 qui
2712 3122 2940 3190 patrem
2966 3119 3371 3175 demonstrare
3397 3135 3513 3173 non
3550 3122 3800 3189 possunt

380 3203 645 3259 diuturni
699 3218 912 3265 mores,
963 3216 1252 3255 consensu
1301 3201 1592 3256 utentium
1646 3200 2031 3272 comprobati,

381 3294 567 3364 legem
601 3290 929 3346 imitantur.
990 3293 1135 3343 Item
1176 3305 1243 3344 ea
1270 3306 1397 3360 quae
1457 3290 1587 3361 ipsa
1616 3289 1730 3344 sibi
1787 3306 2032 3360 quaeque

381 3384 586 3438 civitas
640 3379 968 3447 constituit,
1022 3395 1173 3450 saepe
1232 3379 1446 3435 mutari
1496 3378 1705 3445 solent,
1739 3377 1825 3434 vel
1854 3378 2032 3435 tacito

383 3487 675 3526 consensu
734 3467 1043 3541 principis,
1101 3484 1286 3539 papa,
1346 3469 1433 3524 vel
1493 3468 1607 3523 alia
1658 3472 1861 3539 postea
1906 3466 2034 3539 lege

378 3558 517 3616 lata.

371 3670 502 3720 CAP.
568 3663 678 3718 LX.
748 3662 959 3717 Liberti
1014 3661 1111 3732 qui
1187 3662 1455 3717 dicuntur
1513 3664 1764 3734 ingenui,
1820 3668 1877 3718 et
1934 3665 2034 3735 qui

552 3738 940 3789 testamentum
968 3735 1179 3803 possint
1210 3734 1460 3800 condere,
1500 3744 1553 3789 et
1584 3737 1679 3805 qui
1706 3751 1836 3791 non.

443 3833 576 3904 (32),
612 3849 668 3904 q.
695 3833 751 3901 5,
784 3848 834 3888 c.
871 3831 1119 3896 Liberti.,
1154 3835 1211 3884 et
1246 3831 1439 3885 Instit.
1476 3836 1554 3886 De
1585 3831 1903 3903 ingenuis.)
1935 3835 2029 3889 In-

374 3938 603 3995 genuus
634 3924 742 3989 est,
804 3920 903 3990 qui
955 3918 1155 3974 statim
1215 3924 1281 3973 ut
1339 3923 1508 3974 natus
1561 3924 1670 3989 est,
1729 3920 1877 3975 liber
1919 3925 2026 3987 est,

376 4012 493 4067 sive
524 4026 591 4066 ex
628 4009 861 4064 duobus
913 4005 1183 4079 ingenuis
1232 4007 1608 4063 matrimonio
1658 4009 1874 4073 editus,
1908 4010 2028 4065 sive

376 4116 444 4155 ex
477 4098 789 4167 libertinis,
823 4097 945 4152 sive
976 4112 1043 4151 ex
1072 4094 1252 4151 altero
1293 4096 1584 4162 libertino,
1617 4101 1673 4151 et
1721 4096 1903 4152 altero
1934 4097 2027 4153 in-

375 4204 588 4260 genuo.
639 4186 749 4242 Sed
804 4184 914 4241 etsi
962 4184 1095 4255 quis
1151 4185 1222 4239 de
1271 4190 1457 4240 matre
1513 4184 1697 4240 libera
1741 4185 2025 4253 nascitur,

376 4282 537 4349 patre
569 4292 701 4331 vero
747 4291 911 4330 servo
958 4273 1254 4345 ingenuus
1304 4274 1690 4329 nihilominus
1741 4273 2027 4346 nascitur,

374 4365 874 4437 quemadmodum
900 4362 996 4433 qui
1028 4378 1097 4416 ex
1147 4366 1330 4417 matre
1361 4362 1543 4418 libera
1573 4367 1631 4417 et
1678 4363 1897 4418 incerto
1924 4380 2023 4434 pa-

2142 3206 2227 3261 vel
2259 3207 2357 3277 qui
2387 3212 2636 3278 possunt
2657 3208 2913 3278 quidem,
2937 3207 3038 3263 sed
3068 3223 3204 3263 eum
3236 3207 3453 3264 habent
3482 3224 3664 3279 quem
3698 3207 3795 3261 ha-

2142 3296 2276 3351 bere
2308 3312 2424 3351 non
2453 3296 2607 3352 licet.

2280 3402 2415 3457 CAP.
2448 3402 2628 3458 LXIV.
2657 3402 2763 3470 Qui
2792 3402 3056 3458 dicuntur
3082 3405 3239 3458 nasci
3265 3405 3380 3473 lege
3405 3410 3649 3459 natura.

2212 3493 2296 3562 (L.
2330 3492 2443 3546 Lex
2470 3496 2586 3547 nat.
2619 3492 2750 3563 §De
2772 3492 2931 3563 stat.)
2955 3494 3120 3558 Item,
3154 3493 3245 3547 lex
3277 3496 3499 3547 naturae
3530 3492 3709 3546 habet
3733 3496 3790 3545 ut

2140 3582 2239 3651 qui
2270 3582 2534 3638 nascitur
2558 3580 2685 3636 sine
2704 3580 2965 3652 legitimo
2988 3580 3387 3650 matrimonio,
3420 3584 3669 3635 matrem
3700 3594 3787 3635 se-

2139 3675 2372 3740 quatur.

2139 3776 2273 3831 CAP.
2308 3776 2461 3831 LXV.
2516 3780 2721 3830 Partus
2774 3780 3071 3847 antequam
3127 3780 3291 3831 natu:
3347 3778 3427 3831 est
3476 3774 3680 3830 dicitur
3729 3777 3782 3829 in

2306 3864 2495 3903 rerum
2522 3851 2731 3902 natura
2758 3863 2891 3914 esse,
2923 3847 3056 3920 quia
3082 3851 3251 3919 potest
3279 3848 3331 3903 ei
3358 3848 3625 3918 relinqui.

2209 3937 2291 4008 (L.
2327 3938 2431 4005 Qui
2460 3938 2521 3991 in
2567 3939 2762 4005 uter.§
2811 3936 2890 3992 De
2932 3937 3093 4008 stat.)
3145 3941 3313 4006 Item,
3363 3936 3464 4007 qui
3512 3937 3575 3991 in
3623 3941 3779 3990 utero

2137 4030 2278 4081 sunt
2306 4026 2363 4079 in
2396 4029 2517 4081 toto
2561 4042 2708 4097 pene
2737 4026 2873 4096 jure
2919 4024 3074 4081 civili
3122 4025 3541 4097 intelliguntur
3586 4025 3645 4079 in
3674 4041 3777 4078 na-

2136 4120 2269 4170 tura
2326 4131 2521 4169 rerum
2580 4131 2728 4170 esse.
2788 4114 2935 4169 Nam
2985 4119 3043 4169 et
3096 4114 3373 4186 legitimae
3418 4114 3778 4170 haereditate:

2136 4203 2229 4258 his
2262 4202 2672 4273 restituuntur,
2705 4202 2787 4257 ita
2814 4207 2879 4258 ut
2908 4203 2959 4257 si
2990 4220 3300 4275 praegnans
3332 4202 3544 4258 mulier
3571 4203 3641 4255 ab
3677 4201 3775 4255 ho-

2137 4292 2330 4347 stibus
2377 4296 2548 4363 capta
2591 4292 2687 4362 sit,
2740 4291 2797 4346 id
2849 4293 3006 4363 quod
3064 4298 3295 4363 natum,
3344 4292 3474 4360 erit,
3521 4288 3777 4360 quamvis

2136 4381 2291 4451 apud
2322 4380 2489 4436 bonae
2522 4380 2655 4435 ﬁdei
2686 4383 3010 4459 emptorem
3059 4380 3304 4451 peperit,
3339 4384 3621 4449 tanquam
3660 4377 3772 4432 tur-

375 4459 463 4508 tre
497 4457 668 4507 natus
698 4456 806 4516 est,
852 4450 987 4522 quia
1045 4450 1220 4522 vulgo
1278 4455 1592 4523 conceptus
1650 4456 1758 4508 est.
1804 4452 2027 4507 Sufﬁcit
2058 4489 2103 4554 D
2135 4450 2318 4525 tivum
2354 4486 2465 4524 usu
2497 4486 2610 4524 non
2644 4450 2896 4540 cupii“.

376 4540 851 4647 θυίθῬΙὼἾἮι
902 4538 1478 4647 PFETfls‘Wmenl
1517 4545 1880 4647 eofempor?
1909 4559 2024 4642 qu,"
2060 4538 2101 4554 υ
2135 4578 2263 4632 ΟΑΡ.
2300 4575 2482 4631 LXVI.
2519 4576 2614 4631 Res
2642 4538 2861 4647 scriptis
2915 4578 3192 4647 promissa
3250 4577 3320 4631 ad
3377 4593 3500 4631 eum
3546 4576 3771 4647 pertinet

379 4630 661 4695 nascitur,
712 4628 848 4683 licet
897 4626 1112 4682 ancilla
1158 4630 1523 4701 conceperit;
1558 4634 1616 4685 et
1663 4648 1693 4685 e
1738 4630 2027 4686 contrario

377 4720 426 4775 si
460 4718 645 4774 libera
693 4716 1043 4788 conceperit,
1094 4717 1304 4773 deinde
1361 4718 1572 4775 ancilla
1620 4720 1773 4775 facta
1818 4719 2026 4791 pariat,

380 4808 596 4881 placuit
626 4822 760 4862 eum
793 4805 891 4876 qui
924 4806 1183 4861 nascitur
1220 4807 1472 4863 liberum
1527 4808 1710 4878 nasci,
1743 4808 1882 4879 quia
1910 4825 2026 4863 non

377 4898 550 4954 debet
580 4895 883 4952 calamitas
915 4896 1121 4951 matris
1152 4896 1204 4950 ei
1236 4913 1447 4953 nocere
1496 4896 1596 4969 qui
1628 4898 1688 4952 in
1721 4902 1884 4953 utero
1916 4900 2025 4952 est.

378 4986 459 5040 Ex
489 4985 582 5040 his
612 4988 670 5039 et
696 4983 842 5038 illud
894 4987 1203 5054 quaesitum
1256 4990 1347 5040 est
1377 4984 1427 5039 si
1477 4984 1691 5039 ancilla
1722 5002 2030 5057 praegnans

381 5073 744 5130 manumissa
776 5073 873 5141 sit,
900 5072 1113 5128 deinde
1141 5072 1355 5126 ancilla
1385 5073 1537 5127 facta
1568 5077 1769 5143 postea
1798 5090 2029 5145 pepere-

381 5165 476 5231 rit,
505 5162 755 5219 liberum
790 5180 863 5217 an
896 5178 1130 5217 servum
1180 5160 1389 5231 pariat.
1422 5162 1494 5215 Et
1541 5161 1852 5218 Marcellus
1894 5179 2029 5234 pro-

380 5253 482 5307 bat
510 5251 760 5306 liberum
812 5251 993 5305 nasci.
1043 5249 1272 5303 Sufﬁcit
1321 5249 1478 5302 enim
1527 5249 1579 5303 ei
1626 5251 1725 5321 qui
1771 5251 1831 5305 in
1866 5256 2030 5307 utero

381 5345 490 5407 est,
524 5339 771 5395 liberam
803 5343 1050 5393 matrem
1083 5339 1172 5392 vel
1205 5338 1397 5394 medio
1440 5344 1699 5410 tempore
1730 5339 2029 5408 habuisse,

383 5434 448 5484 ut
479 5428 626 5483 liber
657 5433 953 5492 nascatur,
996 5427 1151 5498 quod
1193 5432 1249 5483 et
1282 5444 1483 5482 verum
1533 5432 1641 5482 est.
1671 5429 1795 5482 Non
1838 5428 2029 5483 omni-

381 5519 494 5572 bus
523 5517 659 5572 licet
687 5518 877 5572 facere
907 5521 1349 5573 testamentum.
1392 5518 1600 5572 Statim
1648 5518 1807 5573 enim
1841 5517 1901 5572 hi
1930 5519 2033 5590 qui

378 5604 571 5663 alieno
593 5605 718 5675 juri
766 5604 1015 5674 subjecti
1064 5610 1229 5673 sunt,
1271 5608 1612 5663 testamenti
1657 5605 2033 5677 faciendijus

2207 4650 2304 4717 qui
2331 4664 2453 4702 eam
2483 4650 2597 4716 jam
2628 4646 2775 4702 tenet
2809 4647 2861 4702 vi
2889 4646 3318 4719 scripturarum,
3346 4650 3460 4703 sive
3490 4646 3675 4701 ordine
3706 4647 3770 4700 sit

2204 4722 2422 4790 prim-us
2451 4722 2535 4775 vel
2565 4718 2795 4773 ultimus
2830 4718 3024 4775 haeres.

2206 4810 2262 4863 Si
2295 4808 2508 4879 aliquis
2549 4824 2729 4862 unam
2778 4824 2899 4863 rem
2948 4824 3050 4879 per
3099 4808 3394 4880 legitimas
3439 4806 3766 4877 scripturas,

2137 4897 2455 4953 donaverat
2481 4896 2734 4964 duobus,
2764 4898 2866 4951 uni
2914 4896 3078 4967 prius
3128 4901 3186 4952 et
3214 4900 3418 4968 postea
3446 4894 3632 4963 alteri,
3663 4909 3764 4947 non

2139 4985 2519 5056 quaerendum
2551 4988 2641 5040 est
2671 4984 2729 5038 in
2759 4984 2855 5040 his
2899 4984 3339 5050 donationibus,
3374 4983 3507 5056 quis
3537 4982 3695 5054 prius
3720 4984 3766 5035 et

2143 5073 2272 5144 quis
2305 5072 2599 5145 posterius
2630 5072 2876 5145 accepit,
2898 5074 3000 5129 sed
3024 5074 3122 5144 qui
3147 5090 3287 5142 rem,
3318 5072 3586 5128 tradente
3612 5070 3767 5124 dona-

2139 5166 2284 5230 tore,
2331 5160 2673 5233 possederit,
2703 5160 2755 5217 is
2786 5178 2914 5217 eam
2947 5162 3039 5216 cui
3072 5160 3284 5216 tradita
3327 5165 3417 5216 est
3441 5157 3766 5232 possidebit.

2139 5251 2254 5306 Nec
2291 5251 2535 5305 interest
2561 5255 2755 5304 utrum
2783 5250 2842 5304 in
2874 5254 3147 5321 parentes
3174 5254 3277 5305 aut
3308 5255 3615 5305 extraneos
3637 5248 3769 5302 facta

2141 5340 2217 5396 sit
2245 5340 2380 5395 talis
2410 5339 2667 5395 donatio.
2704 5339 2858 5395 Licet
2899 5339 3184 5410 posterior
3223 5340 3437 5409 petitor
3463 5338 3663 5391 oﬂ‘erat
3687 5352 3767 5390 sa-

2142 5433 2528 5497 cramentum,
2578 5433 2775 5483 tamen
2825 5444 2958 5482 cum
3008 5426 3172 5482 nulla
3218 5427 3563 5499 probatione
3611 5422 3767 5479 debiti

2141 5519 2191 5572 is
2223 5518 2325 5588 qui
2373 5520 2684 5572 accusatur
2730 5520 2920 5586 potest
2959 5517 3136 5572 ﬁdem
3185 5533 3355 5572 suam
3397 5512 3770 5587 jurisjurandi

2143 5605 2426 5679 religione
2470 5606 2728 5664 ﬁrmare.
2770 5605 2831 5662 Si
2879 5608 3116 5679 quando
3165 5607 3438 5678 pulsatus
3479 5602 3774 5677 pecuniam
