4000 6054
238 270 385 323 1225

1556 274 1958 327 PANORMlA.
2000 301 2067 309 -—-
2108 274 2238 325 LIB.
2288 274 2350 325 V.

3519 279 3661 334 1226

231 394 468 466 repenti
496 395 777 450 obtulerit
834 401 1267 452 sacramentum
1323 403 1379 452 et
1429 396 1527 451 ille
1575 395 1624 449 ei
1652 396 1898 465 jurisju-
1929 407 1973 469 Α
2009 395 2353 450 vindictam.
2386 396 2526 451 Filio
2558 396 2647 452 vel
2678 398 2891 453 haaredi
2931 404 3135 455 contra
3155 401 3655 472 priorumjustam

232 483 409 538 randi
443 483 854 539 necessitatem
889 484 1042 539 ultro
1102 485 1479 555 concesserit,
1534 500 1647 538 non
1707 488 1897 554 potest

237 578 450 643 postea
484 572 556 627 ab
590 589 654 628 eo
688 573 953 628 debitum
988 574 1306 644 postulare.

314 661 509 715 Ilaeres
541 661 669 731 ejus
700 661 793 716 cui
826 663 1075 733 pecunia
1132 663 1353 718 credita
1407 662 1642 727 dicitur,
1674 662 1744 717 ad
1800 677 1891 715 sa-

235 756 609 805 cramentum
644 753 837 806 vocari
870 769 986 807 non
1019 753 1384 825 potest,quia
1413 768 1539 823 quas
1570 752 1754 823 egerit
1783 767 1895 805 au-

231 844 365 893 ctor
386 856 531 894 suus
563 841 634 895 ad
670 841 963 912 integrum
996 842 1145 897 scire
1178 859 1292 898 non
1326 841 1532 914 potuit.

229 941 371 991 CAP.
406 936 619 992 LXVII.
660 940 724 993 In
753 940 920 994 rebus
968 939 1323 995 commodatis
1377 955 1488 995 non
1534 938 1679 995 venit
1738 954 1893 993 casus

536 1012 827 1080 fortuitus,
857 1011 974 1066 nisi
1002 1012 1171 1083 culpa
1202 1014 1586 1067 intervenerit.

306 1097 395 1168 (L.
428 1096 490 1153 Si
518 1102 579 1153 ut
607 1107 771 1155 certo.
807 1100 835 1171 §
869 1101 1457 1173 Proinde.)Quidquid
1490 1100 1551 1155 in
1574 1115 1695 1155 rem
1728 1115 1889 1154 com-

234 1189 542 1243 modatam
574 1190 647 1245 ob
688 1192 962 1247 morbum
995 1193 1081 1249 vel
1129 1192 1309 1248 aliam
1343 1192 1629 1247 rationem
1661 1193 1889 1262 impen-

228 1292 371 1330 sum
403 1280 513 1343 est,
547 1294 580 1331 a
603 1277 841 1335 domino
874 1281 992 1351 peti
1036 1284 1249 1352 potest,
1310 1281 1357 1336 si
1411 1281 1564 1336 facta
1596 1279 1886 1346 incendio,

226 1365 428 1433 ruina,
459 1367 762 1439 naufragio
796 1374 898 1424 aut
931 1371 1195 1443 quolibet
1229 1371 1407 1427 simili
1438 1386 1574 1426 casu
1606 1385 1697 1424 res
1728 1385 1886 1424 com-

228 1455 474 1510 modata
501 1456 720 1513 amissa
755 1458 853 1525 sit,
889 1476 1005 1514 non
1038 1460 1338 1516 tenebitur
1365 1477 1430 1516 eo
1463 1459 1698 1515 nomine
1720 1459 1771 1513 is
1792 1459 1885 1513 cui

224 1546 603 1601 commodata
624 1546 865 1617 est,nisi
898 1548 1046 1604 forte
1078 1566 1212 1604 cum
1247 1549 1436 1622 possit
1466 1565 1591 1604 rem
1623 1563 1883 1603 commo-

224 1632 429 1689 datam
462 1634 683 1692 salvam
716 1636 927 1705 facere,
963 1655 1133 1695 suam
1167 1637 1509 1710 praetulerit.

226 1733 365 1784 CAP.
427 1731 669 1805 LXVIII.
728 1735 828 1791 Res
883 1735 1223 1791 commodata
1274 1733 1644 1792 commodanti
1715 1736 1880 1805 perit,

2005 488 2107 538 aut
2136 482 2459 555 legitimam
2491 484 2901 541 difﬁnitionem
2925 488 3121 543 venire
3144 505 3260 544 non
3291 489 3483 560 liceat,
3516 492 3658 562 quia

1994 575 2156 643 juste
2187 573 2490 645 repellitur
2519 575 2902 646 praesumptio
2932 577 3089 632 illius
3123 578 3222 648 qui
3270 580 3423 635 facta
3468 580 3656 636 senio-

2002 678 2133 716 rum
2167 662 2386 732 injuste
2417 668 2665 718 conatur
2692 663 3039 734 irrumpere,
3072 682 3187 721 non
3210 667 3406 722 solum
3429 668 3527 723 ille
3549 669 3653 739 qui

2000 752 2228 807 furtum
2263 753 2484 822 fecerit,
2517 753 2615 808 sed
2650 754 2827 808 etiam
2860 755 3202 827 quicunque
3234 758 3506 814 conscius
3538 760 3655 814 fue-

2000 843 2097 909 rit,
2128 844 2216 899 vel
2248 845 2402 899 furto
2434 845 2631 899 oblata
2658 846 2851 901 sciens
2885 847 3165 919 suscepit,
3190 849 3249 903 in
3282 866 3529 906 numero
3557 850 3649 905 fu-

1999 933 2258 988 rantium
2292 934 2599 1001 habeatur,
2631 938 2688 989 et
2714 934 2893 989 simili
2934 936 3203 991 vindictae
3236 939 3556 1009 subiaceat.

1997 1020 2129 1077 CAP.
2166 1022 2354 1077 LXXI.
2388 1022 2503 1078 Non
2534 1028 2892 1090 comparetur
2922 1041 3008 1080 res
3037 1026 3152 1080 nisi
3190 1027 3549 1083 certior-alunt
3578 1030 3650 1085 sit

2139 1095 2212 1149 de
2237 1095 2515 1166 probitate
2535 1096 2837 1162 vendentis,
2872 1098 2955 1152 vel
3002 1097 3319 1167 huiusmodi
3349 1099 3502 1153 aliis.

2068 1186 2147 1249 (L.
2184 1184 2384 1238 Civile.
2418 1199 2464 1238 c.
2505 1185 2577 1238 De
2591 1185 2755 1253 furt.,
2780 1188 2837 1239 et
2865 1184 2904 1239 1.
2938 1185 3158 1258 Major.,
3192 1204 3239 1241 c.
3267 1187 3342 1241 De
3367 1187 3644 1257 fals.Nul-

1995 1270 2090 1326 lus
2120 1278 2421 1343 comparet
2444 1272 2764 1342 caballum,
2788 1274 2996 1330 bovem
3033 1280 3134 1331 aut
3156 1276 3522 1347 jumentum,
3554 1278 3644 1334 vel

1995 1360 2232 1432 aliquod
2265 1361 2505 1429 animal,
2537 1362 2652 1417 nisi
2682 1362 2848 1418 illum
2872 1364 3172 1420 hominem
3205 1371 3519 1437 cognoscat
3543 1368 3644 1439 qui

1992 1462 2126 1503 eum
2158 1448 2506 1519 vendiderit,
2538 1455 2595 1505 et
2637 1450 2707 1505 de
2738 1468 2852 1523 quo
2883 1456 2993 1522 est,
3045 1457 3102 1508 et
3149 1452 3252 1509 ubi
3309 1459 3528 1523 manet,
3589 1459 3645 1510 et

1992 1537 2125 1606 quis
2156 1542 2245 1592 est
2275 1539 2403 1608 ejus
2428 1539 2645 1594 senior.

1990 1624 2124 1681 CAP.
2169 1627 2413 1701 LXXIl._
2432 1633 2709 1683 Damnum
2738 1645 2809 1685 ea:
2826 1645 2959 1685 casu
2976 1631 3104 1701 plus
3126 1632 3376 1687 minusve
3404 1632 3553 1687 cadit
3582 1633 3641 1689 in

2380 1699 2668 1755 dominum
2697 1704 2781 1756 rei
2838 1702 2904 1757 id
2934 1699 3246 1772 inferentis.

306 1804 523 1875 quando
537 1787 768 1875 jactura
779 1787 875 1863 vel
887 1787 1295 1864 eas-asa";
1309 1787 1474 1864 an;
1489 1787 1513 1789 ”
1528 1787 1611 1862 es
1624 1787 1737 1862 aut
1756 1787 1870 1861 at

2063 1787 2141 1858 (C.
2174 1787 2238 1842 Si
2267 1787 2377 1857 bos,
2410 1793 2554 1843 extr.
2589 1790 2664 1844 De
2722 1789 2896 1861 injur.
2930 1797 2983 1845 et
3031 1791 3176 1847 dam.
3228 1791 3384 1863 dat.)
3444 1792 3502 1847 Si
3531 1792 3640 1850 bos

304 1873 375 1928 ad
403 1873 564 1946 quem
599 1878 939 1934 commodata
965 1879 1098 1950 fuit.

306 1962 399 2033 (L.
434 1965 499 2018 Si
528 1972 587 2020 ut
602 1974 765 2021 certo.
788 1970 815 2035 §
835 1967 940 2023 Sed
967 1968 1262 2041 interd.)Si
1281 1984 1512 2025 servum
1534 1966 1879 2039 velequum,

224 2050 315 2105 vel
349 2067 763 2127 quamcunque
820 2056 994 2113 aliam
1054 2074 1179 2114 rem
1211 2057 1428 2129 aliquis
1479 2058 1551 2112 ab
1583 2056 1766 2112 altero
1807 2057 1877 2110 ad

222 2157 401 2196 usum
432 2146 663 2200 tantum
695 2145 984 2202 serviendi
1012 2148 1447 2204 commodatam
1472 2146 1879 2217 susceperit,et

220 2244 323 2285 eos
350 2231 419 2285 ad
458 2248 717 2304 pugnam
748 2234 834 2291 vel
879 2235 979 2291 ubi
1022 2236 1153 2292 vitae
1185 2235 1513 2307 periculum
1548 2235 1875 2300 incurrant,

218 2318 611 2391 induxerit,ad
646 2324 1039 2381 redditionem
1072 2327 1453 2381 commodatos
1487 2325 1567 2380 rei
1602 2324 1810 2379 merito
1842 2339 1875 2377 a

222 2407 463 2464 domino
496 2411 801 2469 retinetur.

220 2506 355 2560 CAP.
391 2508 585 2563 LXlX.
609 2509 929 2567 Contractus
956 2512 1149 2585 faatus
1177 2516 1393 2567 tantum
1422 2514 1613 2581 gratia
1634 2512 1870 2568 traden-

721 2586 791 2638 tis
803 2586 949 2655 perit
974 2588 1027 2653 ei
1033 2602 1095 2638 us
1104 2586 1370 2656 periculo.

288 2668 373 2739 (L.
406 2669 470 2723 Si
495 2674 735 2742 utrerto,
762 2689 818 2726 n.
838 2673 1082 2741 Vidend.,
1110 2673 1221 2728 et].
1245 2674 1862 2742 Rogasti,vers.Quem-

216 2756 334 2827 ad.)
364 2757 418 2811 Si
450 2758 599 2815 facto
644 2762 830 2831 pretio
888 2778 1010 2817 rem
1064 2763 1426 2817 vendendam
1484 2761 1699 2833 aliquis
1752 2762 1870 2817 cui-

220 2861 452 2917 cunque
485 2848 818 2917 crediderit,
852 2855 908 2905 et
938 2852 1079 2907 dum
1105 2852 1176 2907 ab
1208 2869 1274 2908 eo
1306 2853 1613 2908 vendenda
1645 2852 1870 2924 profer-

218 2937 698 3009 tur,quaeunque
727 2940 1035 2996 occasione
1068 2940 1323 3013 perierit,
1359 2942 1408 2996 ei
1442 2941 1592 3013 perit
1617 2942 1717 3013 qui
1740 2959 1868 2997 eam

219 3023 461 3080 dederat
484 3026 1266 3098 distrahendamﬂteterum,
1310 3030 1359 3085 si
1393 3047 1514 3086 rem
1546 3035 1865 3102 acceptam,

218 3128 331 3167 non
367 3120 607 3185 rogante
638 3117 898 3188 domino,
932 3120 1033 3175 sed
1066 3119 1437 3191 permittente
1468 3135 1535 3174 eo
1568 3118 1668 3191 qui
1701 3135 1865 3175 acce-

220 3201 538 3273 perit,dum
572 3205 711 3260 velit
740 3208 1591 3280 venumdare,perdiderit,sibi
1622 3210 1701 3264 rei
1736 3226 1864 3281 per-

222 3290 352 3344 dita:
384 3289 600 3363 ingerit
630 3294 1070 3352 detrimentum.
1106 3296 1370 3353 Creditor
1398 3297 1447 3353 si
1498 3298 1626 3354 sine
1664 3300 1865 3355 condi-

222 3379 376 3434 tione
408 3379 623 3453 pignus
666 3384 778 3440 sibi
812 3386 1143 3458 depositum
1176 3391 1401 3455 tenens,
1426 3391 1513 3442 ter
1543 3388 1867 3444 debitorem

217 3483 391 3521 suum
414 3472 1072 3539 convenerit,ut,soluto
1107 3475 1324 3539 debito,
1359 3476 1606 3545 pignora
1632 3493 1740 3531 sua
1773 3492 1868 3531 re-

217 3555 587 3626 cipiat.Quod
614 3558 663 3612 si
695 3559 922 3613 debitor
945 3561 1198 3616 noluerit
1221 3566 1352 3631 post
1384 3563 1867 3619 tresadmonitio-

222 3659 323 3697 nes
350 3643 541 3699 soluto
574 3645 768 3701 debito
793 3647 1035 3718 pignora
1084 3648 1359 3720 recipere,
1395 3650 1645 3706 creditor
1673 3653 1866 3707 detra-

222 3732 398 3787 hendi
424 3734 685 3805 pignoris
706 3735 949 3792 liberam
984 3738 1222 3793 habebit
1253 3744 1626 3811 potestatem.
1648 3742 1705 3797 Si
1727 3742 1867 3798 alie-

224 3838 363 3876 num
385 3823 603 3879 animal
629 3824 961 3898 cuicunque
980 3828 1261 3883 damnum
1282 3829 1545 3884 intulerit
1576 3830 1867 3887 autalicu-

213 3910 313 3979 jus
337 3910 567 3967 fructus
602 3913 1120 3979 lzeserit,dominus
1145 3918 1273 3987 ejus
1295 3922 1392 3973 aut
1416 3919 1867 3976 aestimationem

218 3998 413 4052 damni
447 4001 675 4067 reddat,
709 4006 811 4056 aut
840 4003 1058 4058 animal
1118 4006 1328 4059 tradat.
1366 4007 1529 4071 Quod
1591 4006 1765 4063 etiam
1798 4008 1869 4062 de

220 4104 358 4143 cane
391 4089 666 4147 similiter
695 4098 985 4150 statutum
1013 4100 1120 4151 est.
1164 4096 1228 4151 Et
1250 4097 1348 4169 qui
1390 4097 1622 4155 irritatu
1654 4116 1760 4155 suo
1784 4100 1868 4155 fe-

216 4193 338 4231 ram
372 4178 623 4235 bestiam
647 4181 735 4236 vel
762 4198 1180 4256 quamcunque
1229 4185 1403 4241 aliam
1428 4188 1868 4260 quadrupedem

224 4264 278 4319 in
319 4283 382 4321 se
416 4268 1006 4344 proritaverit,eaque
1037 4274 1322 4329 damnum
1353 4276 1868 4350 dederit,nequein

220 4358 344 4427 ejus
370 4359 892 4435 dominum.neque
923 4365 981 4421 in
1014 4367 1320 4422 custodem
1350 4369 1500 4424 actio
1532 4369 1725 4426 datur.

228 4454 355 4510 Car.
386 4456 550 4537 LXX.
574 4459 956 4537 rFidejussores
996 4480 1178 4537 omnes
1207 4469 1256 4519 et
1284 4467 1508 4537 singuli
1553 4468 1629 4522 ad
1656 4470 1869 4525 solven-

399 4528 533 4583 dum
562 4528 847 4602 tenentur,
895 4552 1017 4589 cum
1051 4536 1321 4606 obligatus
1360 4528 1468 4593 non
1511 4541 1693 4595 solvit.

299 4617 383 4688 (L.
419 4620 577 4674 Inter
607 4621 846 4694 Fidejus.
876 4626 903 4692 §
928 4624 987 4679 Si
1014 4626 1199 4696 plures
1226 4643 1245 4687 ;
1293 4632 1349 4682 et
1378 4645 1445 4683 ex
1490 4629 1723 4686 Adrian.
1756 4631 1875 4703 ep.)

230 4707 365 4758 Cum
395 4705 563 4761 multi
587 4707 965 4779 ﬁdejussores
996 4711 1345 4779 exstiterint,
1379 4716 1611 4771 etiarnsi
1656 4718 1727 4772 ad
1762 4720 1877 4774 sol-

229 4793 482 4848 vendam
515 4811 641 4865 quae
675 4799 1722 4874 promiserunt,probenturidonei,et
1742 4822 1876 4877 pos-

227 4885 353 4936 sent
382 4898 585 4938 omnes
618 4884 678 4939 in
712 4887 966 4942 solidum
1000 4890 1206 4961 teneri,
1231 4895 1425 4946 tamen
1458 4891 1753 4949 restitutio
1784 4895 1876 4949 de-

227 4968 327 5023 biti
359 4973 415 5024 et
455 4970 611 5027 inter
641 4989 741 5029 eos
770 4974 1083 5032 dividenda
1114 4983 1225 5049 est,
1268 4984 1332 5034 ut
1370 4982 1786 5055 unusquisque
1815 4983 1872 5038 id

226 5058 376 5129 quod
410 5075 541 5115 cum
574 5065 951 5135 proportione
982 5085 1091 5123 sua
1121 5071 1412 5142 contingit
1442 5071 1719 5128 exsolvat.
1737 5073 1872 5139 Qui-

221 5163 445 5218 cunque
478 5148 689 5207 falsam
722 5160 1021 5212 monetam
1056 5160 1420 5229 percussisse
1451 5162 1874 5234 comprobatus

223 5240 327 5306 est,
353 5253 567 5295 manus
600 5242 1143 5317 ejusamputentur,
1171 5254 1227 5303 et
1283 5250 1381 5321 qui
1421 5250 1530 5306 hoc
1563 5252 1873 5321 consentit,

220 5327 265 5382 si
294 5326 443 5382 liber
464 5333 651 5400 est,Lx
681 5332 900 5391 solidos
931 5343 1243 5408 componat
1270 5358 1282 5405 ;
1310 5340 1357 5394 si
1393 5356 1696 5411 servus,Lv
1720 5341 1873 5397 ictus

227 5418 489 5490 accipiat.
515 5424 689 5494 Apud
725 5441 899 5497 quem
935 5429 1129 5484 scelus
1162 5432 1505 5502 agnoscitur
1524 5438 1581 5489 et
1606 5450 1741 5504 pars
1774 5449 1869 5488 ra-

226 5506 370 5579 pinas
403 5509 587 5566 fuerit
619 5512 878 5585 inventa,
912 5518 1113 5573 statim
1147 5520 1337 5576 socios
1394 5538 1535 5578 suos
1567 5522 1873 5579 nominare

229 5603 490 5672 cogatur.
527 5602 691 5666 Quod
724 5606 775 5661 si
828 5609 1131 5667 nominare
1185 5611 1455 5686 noluerit,
1500 5617 1769 5671 teneatur
1797 5614 1871 5671 ad

547 5728 810 5791 PATROL.
857 5734 1058 5794 CLXI.

1990 1877 2245 1947 alicujus
2265 1877 2473 1934 bovem
2498 1876 2741 1934 alterius
2761 1878 3351 1947 vulneraverit,etille
3365 1886 3635 1939 mortuus

1988 1968 2182 2039 fuerit,
2215 1968 2428 2023 vendet
2449 1969 2653 2024 bovem
2673 1968 2888 2035 vivum,
2921 1974 2977 2024 et
3029 1969 3248 2025 dividet
3289 1970 3542 2042 pretium
3575 1977 3632 2027 et

1986 2057 2250 2112 cadaver.
2279 2056 2339 2111 Si
2369 2073 2502 2112 vero
2524 2057 2745 2112 sciebat
2765 2057 3045 2114 dominus
3075 2059 3204 2129 ejus
3234 2059 3391 2130 quod
3417 2058 3523 2115 bos
3545 2060 3629 2114 vi-

1985 2146 2174 2201 tiosus
2201 2149 2324 2201 erat
2354 2149 2411 2201 et
2442 2145 2631 2200 noluit
2659 2146 2981 2213 custodire,
3014 2148 3221 2203 reddat
3272 2147 3477 2202 bovem
3529 2165 3629 2219 pro

1985 2235 2148 2304 bove,
2182 2240 2237 2290 et
2268 2236 2515 2290 cadaver
2543 2236 2837 2307 integrum
2880 2235 3126 2306 accipiat
3156 2236 3355 2307 (Exod.
3389 2237 3526 2308 xxx).

1983 2327 2115 2379 CAP.
2159 2324 2415 2379 LXXIII.
2461 2326 2571 2379 Fur
2627 2324 2818 2450 reddqt
2872 2325 3041 2379 etiam
3094 2326 3443 2395 quintuplum
3493 2325 3634 2394 furti

2674 2412 2770 2450 ore
2798 2412 2934 2450 ium.

2713 2412 2934 2451 retium.

2672 2413 2934 2466 pretium.

2052 2486 2158 2548 Qui
2184 2485 2409 2540 furatus
2442 2484 2614 2539 fuerit
2643 2485 2876 2551 bovem,
2906 2502 2939 2539 v
2971 2484 3143 2541 boves
3174 2501 3279 2556 pro
3312 2500 3429 2541 uno
3460 2485 3631 2541 resti-

1979 2577 2127 2641 tuat,
2160 2576 2217 2628 et
2255 2576 2510 2644 quatuor
2539 2588 2674 2628 oves
2706 2589 2810 2644 pro
2846 2589 2983 2627 una.

1980 2666 2112 2717 CAP.
2168 2661 2413 2717 LXXIV.
2444 2662 2564 2717 Non
2598 2660 2868 2717 occiditur
2903 2665 3000 2733 fur
3027 2661 3267 2718 diurnas
3292 2661 3416 2718 sine
3445 2662 3631 2734 culpa,

2584 2734 2676 2789 sed
2704 2738 3026 2790 nocturnus.

2049 2822 2137 2891 (C.
2176 2821 2522 2893 Per/odiem,
2554 2825 2701 2878 extr.
2761 2824 2839 2879 De
2874 2823 3160 2896 homicid.,
3221 2828 3280 2881 et
3330 2824 3371 2881 l.
3414 2825 3627 2896 Itaque,

1979 2910 2009 2983 §
2041 2911 2153 2966 Lex
2183 2910 2308 2966 adl.
2323 2909 2537 2983 Aquit.)
2554 2910 2614 2968 Si
2636 2911 2927 2985 effregerit
2940 2913 3034 2968 fur
3054 2915 3295 2970 domum
3316 2913 3435 2970 sive
3447 2913 3630 2970 suffo-

1980 3000 2147 3055 diens
2179 3000 2357 3055 fuerit
2386 2999 2683 3067 inventus,
2715 3005 2774 3057 et
2804 3007 3042 3075 accepto
3072 3003 3312 3059 vulnere
3362 3007 3631 3058 mortuus

1980 3088 2172 3155 fuerit,
2194 3105 2513 3158 percussus
2546 3106 2662 3145 non
2693 3091 2803 3146 erit
2836 3108 2970 3147 reus
2999 3091 3329 3165 sanguinis.
3362 3092 3525 3155 Quod
3557 3094 3630 3162 si,

1897 3170 1942 3235 C
1983 3181 2107 3232 orto
2140 3176 2279 3243 sole,
2314 3177 2422 3232 hoc
2455 3178 2675 3243 fecerit,
2725 3179 3109 3235 homicidium
3146 3180 3520 3253 perpetravit.

1971 3266 2106 3323 CAP.
2137 3266 2364 3323 LXXIV.
2388 3269 2498 3323 Fur
2524 3277 2578 3323 et
2606 3268 2656 3323 si
2706 3269 2901 3338 inﬁma
2927 3268 3269 3338 depraedetur
3293 3268 3509 3338 optima
3540 3284 3627 3323 re-

2672 3341 2893 3394 stituat.

2045 3427 2102 3481 Si
2133 3426 2350 3481 laeserit
2378 3426 2696 3497 quisquam
2729 3441 2937 3498 agrum
2962 3427 3051 3482 vel
3082 3427 3337 3497 vineam,
3364 3431 3423 3483 et
3456 3426 3633 3482 dimi-

1974 3514 2121 3569 serit
2144 3514 2483 3582 jumentum
2502 3529 2675 3568 suum
2701 3517 2769 3568 ut
2798 3514 3154 3585 depascatur
3173 3513 3632 3582 alienam,quid-

1974 3601 2113 3673 quid
2148 3601 2446 3671 optimum
2465 3600 2739 3656 habuerit
2756 3602 2812 3656 in
2841 3602 3013 3658 vinea
3026 3602 3117 3658 vel
3134 3617 3405 3675 agro,pro
3428 3601 3633 3657 damni

1972 3689 2359 3746 aestimatione
2390 3689 2686 3746 restituat.

1974 3779 2109 3834 CAP.
2141 3778 2351 3834 LXXV.
2387 3779 2766 3854 lncendiarius
2823 3787 3037 3854 tenetur
3082 3782 3149 3838 de
3204 3781 3404 3838 damno
3429 3797 3627 3854 prove-

2505 3853 2693 3907 niente
2717 3868 2786 3907 ea:
2816 3853 3091 3909 incendio.

2046 3939 2105 3995 Si
2136 3955 2412 4011 egressus
2441 3939 2597 4012 ignis
2626 3940 2912 3997 invenerit
2943 3942 3223 4012 spicas,et
3243 3941 3628 4013 comprehen-

1974 4028 2124 4083 derit
2154 4045 2391 4085 acervos
2422 4030 2661 4100 frugum
2695 4031 2818 4085 sive
2850 4037 3078 4086 stantes
3108 4040 3335 4101 segetes
3364 4030 3425 4084 in
3447 4028 3628 4100 agris,

1974 4117 2179 4172 reddat
2206 4118 2491 4172 damnum
2515 4117 2616 4189 qui
2649 4118 2848 4191 ignem
2879 4119 3273 4176 succenderit.

1975 4205 2109 4260 CAP.
2144 4206 2369 4261 LXXVI
2396 4206 2660 4274 Quaedam
2705 4224 2899 4263 rerum
2950 4207 3201 4262 dominia
3257 4207 3635 4279 acquiruntur

2268 4279 2390 4347 iure
2416 4280 2689 4346 naturali,
2722 4279 2976 4351 quaedam
2999 4279 3137 4350 jure
3155 4279 3332 4334 civili.

2502 4368 2764 4423 Institut.
2795 4368 2886 4438 52,
2909 4367 3000 4423 tit.
3034 4368 3086 4421 1.

2048 4454 2199 4510 Feres
2230 4455 2453 4523 bestiae,
2485 4456 2775 4525 volucres,
2807 4461 2863 4512 et
2895 4455 3107 4529 pisces,
3167 4460 3224 4512 et
3278 4457 3477 4513 omnia
3507 4456 3632 4512 ani-

1903 4534 1949 4598 D
1982 4542 2161 4598 malia
2190 4560 2317 4615 qua
2348 4544 2409 4599 in
2440 4546 2774 4616 terra,mari
2806 4546 3070 4617 coeloque
3101 4551 3428 4601 nascuntur
3453 4546 3631 4602 simul

1988 4636 2161 4704 atque
2194 4635 2265 4689 ab
2297 4634 2494 4706 aliquo
2524 4640 2695 4707 capta
2722 4636 3108 4706 fuerint,jure
3130 4635 3391 4708 gentium
3426 4635 3627 4692 statim

1986 4721 2148 4777 illius
2178 4739 2305 4779 esse
2339 4723 2833 4795 incipiunt.Quod
2866 4724 3023 4779 enim
3056 4728 3190 4780 ante
3216 4724 3438 4781 nullius
3459 4723 3629 4793 est,id

1986 4811 2242 4867 naturali
2272 4812 2497 4868 ratione
2528 4813 2836 4885 occupanti
2868 4813 3225 4882 conceditur,
3259 4830 3365 4869 nec
3389 4814 3632 4868 interest

1990 4900 2143 4955 feras
2174 4900 2485 4967 hestias,et
2512 4902 2779 4958 volucres
2810 4906 3008 4957 utrum
3034 4902 3092 4957 in
3122 4918 3229 4958 suo
3260 4902 3440 4956 fundo
3462 4899 3628 4970 quis-

1985 5004 2100 5060 que
2133 4988 2325 5060 capiat
2355 4992 2500 5046 anin
2534 4991 2743 5048 alieno.
2776 4993 2955 5047 Plane
2986 4990 3357 5062 quialienum
3381 4989 3629 5044 fundum

1985 5079 2315 5152 ingreditur
2344 5083 2593 5137 venandi
2627 5086 2727 5138 aut
2758 5082 3088 5154 occupandi
3118 5081 3205 5136 vel
3242 5080 3484 5137 alterius
3502 5098 3633 5152 gra-

1983 5169 2087 5235 tia,
2116 5174 2311 5240 potest
2343 5189 2376 5225 a
2407 5172 2667 5241 domino,
2700 5172 2752 5226 si
2782 5172 2834 5227 is
2866 5169 3530 5243 praeviderit,prohiberi
3562 5185 3633 5222 ne

1982 5258 2369 5331 ingrediatur.
2405 5260 2699 5332 Quidquid
2724 5266 2918 5315 autem
2954 5275 3158 5314 eorum
3188 5258 3413 5329 ceperis
3445 5275 3509 5313 eo
3533 5274 3633 5312 us-

1984 5363 2097 5417 que
2127 5351 2295 5402 tuum
2319 5347 3023 5421 intelligituresse,donec
3052 5350 3151 5401 tua
3181 5347 3451 5402 custodia
3483 5362 3636 5401 coer-

1983 5440 2169 5492 cetur.
2202 5441 2344 5493 Cum
2378 5455 2510 5493 vero
2530 5437 2780 5493 evaserit
2809 5435 3140 5490 custodiam
3165 5439 3419 5502 tuam,et
3446 5435 3507 5490 in
3528 5452 3637 5491 na-

1980 5524 2232 5583 turalem
2263 5526 2593 5584 libertatem
2625 5542 2687 5582 se
2716 5524 3019 5597 receperit,
3074 5528 3244 5581 tuum
3276 5541 3407 5581 esse
3437 5524 3630 5592 desiit,

1981 5616 2039 5671 et
2067 5632 2304 5673 rursum
2327 5614 2670 5689 occupantis
2698 5616 2784 5672 ﬁt.
2804 5613 3143 5672 Naturalem
3174 5619 3371 5671 autem
3392 5614 3632 5671 liberta-

3235 5742 3312 5803 39
