3938 6074
357 263 383 316 1
394 260 503 316 227

1451 263 1516 313 Ι).
1558 260 1798 315 IVONIS
1833 259 2330 316 CARNOTENSIS
2364 261 2687 319 EPISCOPI

3664 263 3692 317 1
3706 263 3819 316 22$

356 382 472 443 tom
504 386 760 457 recipere
792 384 1164 456 intelligitur,
1196 400 1327 440 cum
1363 382 1448 438 vel
1480 383 1680 441 oculos
1714 387 1846 439 tuos
1865 360 2010 439 etIu-
2040 388 2091 453 Α
2126 385 2397 455 pertinet,
2423 386 2577 457 quod
2613 402 2683 441 ex.
2715 384 3138 443 consuetudine
3166 384 3399 441 evolare
3431 389 3489 443 et
3512 387 3815 443 receiere

354 475 528 547 gerit,
552 474 642 530 vel
676 473 760 530 ita
788 473 872 529 sit
900 474 960 529 in
1019 478 1335 544 conspectu
1389 476 1492 528 tuo
1524 476 1589 528 ut
1643 471 1902 529 difﬁcilis
1933 470 2010 527 sit

352 565 486 634 ejus
514 564 867 634 persecutio.
893 561 1043 618 Illud
1077 562 1391 633 quaesitum
1422 564 1531 628 est,
1565 576 1641 617 an
1675 561 1724 617 si
1759 562 1880 616 fera
1911 561 2008 617 be-

354 652 468 709 stia
497 653 579 708 ita
608 651 914 709 vulnerata
944 651 1041 719 sit,
1068 656 1137 707 ut
1167 651 1296 723 capi
1330 652 1522 722 possit
1545 650 1743 706 statim
1763 656 2007 706 tuaesse

354 741 736 814 intelligatur.
760 741 1126 806 Quibusdam
1187 740 1411 813 placuit
1470 749 1630 797 luam
1676 757 1822 810 esse,
1854 743 1911 796 et
1939 753 2005 796 eo

355 847 547 904 usque
577 836 743 889 tuam
774 831 963 888 videri
995 830 1177 887 donec
1207 847 1338 888 eam
1372 829 1937 902 persequaris.Quod
1956 827 2007 887 si

354 920 599 979 desieris
630 920 925 992 persequi,
952 919 1174 977 desinit
1202 925 1307 976 tua
1334 935 1483 989 esse,
1515 924 1574 976 et
1631 935 1840 977 rursus
1879 917 2003 975 ﬁeri

351 1008 713 1080 occupantis.
751 1008 863 1065 Alii
894 1020 1010 1065 non
1058 1008 1231 1067 aliter
1286 1012 1642 1079 putaverunt
1681 1012 1845 1066 tuam
1876 1020 2006 1067 esse

352 1115 526 1169 quam
551 1099 598 1153 si
628 1098 874 1167 ceperis.
907 1098 1017 1153 Sed
1056 1098 1435 1168 posteriorem
1492 1097 1850 1153 sententiam
1887 1113 2001 1150 non

348 1182 792 1256 conﬁrmamus,
823 1188 964 1259 quia
1023 1188 1210 1243 multa
1242 1187 1503 1243 accidere
1535 1187 1730 1243 solent
1781 1191 1844 1241 ut
1874 1201 2003 1241 eam

352 1292 466 1333 non
484 1276 717 1348 capias.

420 1364 635 1437 Apium
658 1376 893 1437 quoque
925 1370 1139 1422 natura
1169 1366 1290 1421 fera
1320 1367 1637 1437 estitaque
1667 1378 1794 1436 quae
1824 1363 1883 1417 in
1915 1380 2005 1419 ar-

350 1456 490 1511 bore
520 1459 623 1511 tua
652 1455 1362 1527 oonsiderint,antequam
1391 1473 1425 1510 a
1452 1459 1511 1510 te
1543 1456 1599 1508 in
1632 1454 1792 1509 alveo
1813 1453 2002 1508 inclu-

352 1545 593 1610 dantur,
614 1561 727 1599 non
762 1544 953 1615 magis
984 1548 1096 1599 tua:
1120 1561 1249 1600 esse
1271 1544 1682 1616 intelliguntur
1710 1557 2000 1613 quamve-

350 1634 545 1691 lueres
576 1650 706 1706 quas
759 1634 819 1688 in
865 1634 1072 1690 arbore
1117 1638 1221 1689 tua
1270 1633 1591 1689 nidificant.
1644 1633 1894 1702 Ideoque
1950 1632 2001 1687 si

351 1722 503 1779 alius
532 1739 633 1779 eas
665 1721 994 1794 incluserit,
1023 1724 1076 1778 is
1107 1734 1311 1778 earum
1349 1722 1626 1778 dominus
1658 1722 1785 1776 erit.
1814 1721 1996 1776 Favos

348 1827 582 1885 quoque
614 1812 663 1867 si
690 1828 836 1884 quos
869 1812 1190 1880 effecerint,
1214 1812 1465 1883 quilibet
1497 1810 1751 1866 eximere
1785 1814 1996 1881 potest.

348 1901 528 1957 Plane
549 1900 780 1972 integra
811 1915 872 1956 re
904 1900 954 1957 si
987 1900 1310 1972 provideris
1332 1899 1758 1969 ingredientem
1780 1899 1839 1953 in
1865 1900 2002 1953 fun-

2028 1767 2076 1835 B

352 1990 493 2045 dum
524 1993 902 2060 tuum,potes
937 2005 1070 2045 eum
1096 1991 1231 2061 jure
1279 1989 1587 2061 prohibere
1623 1987 2002 2060 ueiugredia-

350 2085 469 2134 tur.
496 2079 755 2135 Examen
787 2094 1022 2150 quoque
1052 2079 1112 2133 in
1174 2077 1334 2135 alveo
1381 2084 1484 2135 tuo
1518 2096 1583 2134 eo
1611 2094 1803 2150 usque
1834 2084 2002 2133 tuum

354 2165 917 2240 intelligitur,donec
948 2166 1009 2222 in
1028 2172 1346 2239 conspectu
1369 2172 1471 2222 tuo
1500 2172 1721 2233 est,nee
1742 2165 2001 2222 difficilis

353 2255 483 2327 ejus
515 2255 840 2327 persecutio
871 2258 981 2327 est,
1003 2255 1260 2328 alioquin
1319 2254 1663 2327 occupantis
1709 2254 1790 2309 fit.
1824 2254 2003 2308 Pavo-

354 2362 497 2402 num
526 2350 583 2402 et
612 2344 1025 2403 columbarum
1059 2346 1181 2402 fera
1211 2349 1423 2402 natura
1448 2350 1557 2415 est,
1613 2358 1719 2400 nec
1775 2343 1845 2399 ad
1880 2359 2002 2399 rem

2113 473 2324 530 solent.
2360 479 2502 530 Nam
2536 479 2595 530 et
2625 491 2765 546 apes
2799 474 2856 529 id
2890 474 3115 531 faciunt
3145 491 3391 546 quarum
3424 481 3680 531 constat
3720 480 3805 531 te-
3904 516 3905 546 ἐ

2112 578 2236 617 ram
2270 568 2543 619 naturam
2568 564 2937 620 esse.Corvos
2969 579 3205 634 quoque
3234 565 3316 619 ita
3346 563 3594 635 quidam
3614 582 3803 623 man-

2111 657 2311 710 suetos
2344 653 2659 719 babent,ut
2688 653 2748 709 in
2783 652 2958 710 silvas
2992 651 3077 709 ire
3107 657 3164 708 et
3191 653 3379 709 redire
3408 653 3625 722 solent,
3648 670 3803 724 quo-

2112 756 2242 796 rum
2276 746 2333 798 et
2361 742 2628 814 ipsorum
2662 740 2845 797 totum
2874 758 3004 798 esse
3040 745 3313 797 naturam
3348 760 3524 799 nemo
3578 752 3797 815 negat.

2182 830 2243 883 In
2277 827 2369 883 bis
2399 833 2595 885 autem
2627 828 2997 885 animalibus
3039 845 3167 900 quas
3223 846 3292 885 ex
3342 831 3799 887 consuetudine

2110 916 2271 973 adire
2300 921 2357 972 et
2387 917 2578 975 redire
2610 917 2820 988 solent,
2855 918 2994 975 talis
3024 918 3228 990 regula
3258 921 3661 992 comprobata
3678 927 3796 988 est,

2112 1011 2175 1061 ut
2207 1023 2272 1062 eo
2306 1023 2496 1078 usque
2542 1012 2645 1063 tua
2701 1024 2831 1063 esse
2887 1008 3202 1065 videantur
3258 1009 3443 1065 donec
3501 1010 3791 1063 animum

2110 1096 2437 1153 revertendi
2460 1096 2742 1154 habeant.
2775 1098 2923 1154 Nam
2959 1116 3095 1154 cum
3145 1099 3410 1155 animum
3444 1101 3794 1156 revertendi

2110 1186 2411 1256 desierint,
2475 1187 2653 1242 etiam
2720 1192 2823 1243 tua.
2850 1204 2982 1244 esse
3014 1187 3312 1255 desinunt,
3345 1193 3403 1244 et
3434 1195 3584 1245 sunt
3611 1207 3792 1245 occu—

2111 1275 2399 1347 pantium.
2422 1276 2769 1331 Revertendi
2797 1281 2992 1332 autem
3015 1277 3284 1333 videntur
3312 1279 3584 1335 animum
3619 1280 3783 1333 desi-

2110 1380 2247 1419 nere
2277 1363 2517 1433 habere,
2550 1381 2683 1422 cum
2718 1365 3046 1422 revertendi
3078 1367 3572 1424 consuetudinem
3602 1369 3782 1423 dese-

2110 1458 2381 1510 ruerunt.

2177 1541 2539 1599 Gallinarum
2573 1547 2631 1599 et
2661 1560 2936 1600 anserum
2971 1562 3089 1601 non
3121 1548 3212 1602 est
3261 1546 3382 1602 fera
3411 1550 3657 1613 natura,
3690 1547 3776 1601 id-

2108 1647 2222 1703 que
2250 1646 2317 1687 ex
2376 1648 2442 1687 eo
2502 1649 2827 1704 possumus
2878 1632 3222 1707 intelligere,
3257 1635 3415 1706 quod
3465 1634 3599 1691 alim
3632 1641 3780 1691 sunt

2108 1719 2339 1792 galliam
2373 1737 2520 1791 quas
2554 1724 2706 1777 teras
2749 1738 3050 1779 vocamus.

2181 1808 2452 1877 ltem,alii
2482 1826 2721 1865 anseres
2752 1826 2902 1882 quos
2934 1811 3089 1867 feras
3115 1811 3775 1886 appellamusteeque

2114 1898 2164 1952 si
2196 1914 2432 1953 anseres
2465 1898 2548 1952 tui
2580 1898 2671 1953 vel
2706 1899 2934 1967 gallinae
2965 1904 3081 1955 ture
3115 1900 3311 1972 aliquo
3371 1918 3510 1957 casu
3549 1903 3773 1957 turbati

2112 1992 2171 2040 tu
2183 1986 2476 2057 rbatzeque
2495 1987 3010 2055 evolaverintﬂicet
3029 1993 3407 2061 conspectum
3425 1996 3600 2046 tuum
3623 1992 3770 2047 effu-

2113 2074 2679 2147 gerint,quocunque
2706 2080 2902 2132 tamen
2931 2077 3058 2133 loco
3090 2079 3228 2147 sint,
3269 2079 3357 2135 tui
3388 2084 3628 2153 tuisque
3643 2098 3775 2138 esse

2112 2162 2528 2236 intelliguntur
2561 2181 2574 2221 :
2613 2170 2668 2221 et
2699 2169 2799 2235 qui
2831 2164 3097 2222 lucrandi
3140 2166 3336 2224 animo
3376 2184 3445 2224 ea
3483 2169 3770 2225 animalia

2113 2253 2342 2321 retinet,
2373 2254 2595 2309 furtum
2633 2254 2987 2327 intelligitur
3017 2257 3402 2313 committere.

594 2638 697 2701 DE
736 2635 1181 2701 SENTENTIA
1222 2630 2089 2708 EXCOMMUNICATIONIS,

2136 2633 2237 2694 ET
2270 2634 2367 2696 DE
2417 2634 2820 2696 POTESTAE
2868 2633 3185 2698 LIGANDI
3229 2637 3494 2709 ATQUE

1867 2731 2157 2793 SOLVEN
2169 2731 2244 2793 DI

342 2889 477 2944 CAP.
504 2883 776 2953 LXXVII.
810 2888 1145 2942 Potestatem
1173 2883 1399 2954 ligandi
1423 2892 1591 2955 atque
1639 2882 1893 2941 solvendi
1923 2883 1984 2937 υ.

805 2958 1000 3013 Petrus
1028 2954 1299 3013 Clementi
1324 2954 1520 3011 tradit.

821 3043 1091 3101 Clemens
1123 3042 1195 3101 ad
1224 3045 1533 3101 Jacobum.

415 3151 704 3211 Clementi
734 3151 922 3221 trado,
959 3150 1067 3209 ait
1123 3151 1327 3206 beatus
1384 3151 1613 3220 Petrus,
1656 3169 1691 3209 a
1743 3150 1988 3208 Domino

345 3240 493 3299 mihi
521 3240 799 3299 traditam
832 3242 1182 3311 potestatem
1213 3238 1436 3309 ligandi
1485 3247 1658 3309 atque
1700 3238 1991 3311 solvendi,

342 3332 405 3386 ut
433 3329 504 3385 de
527 3327 801 3384 omnibus
833 3327 1233 3399 quodcunque
1252 3327 1575 3383 decreverit
1596 3327 1983 3394 interris,hoc
2016 3319 2058 3389 C

339 3419 637 3475 deoretum
669 3417 747 3473 sit
775 3424 831 3473 et
857 3416 918 3471 in
949 3414 1363 3489 ccelis.Ligabi't
1390 3416 1551 3473 enim
1581 3416 1738 3487 quod
1758 3420 1986 3487 oportet

234 3540 235 3545 η
337 3508 530 3580 ligari,
561 3512 621 3564 et
643 3507 831 3563 solvet
870 3507 1026 3578 quod
1084 3505 1320 3577 expedit
1358 3506 1527 3573 solvi,
1570 3509 1854 3578 tanquam
1886 3506 1984 3576 qui

335 3599 411 3654 ad
449 3597 745 3668 liquidum
772 3594 1046 3650 Ecclesia
1074 3594 1341 3665 regulam
1410 3595 1648 3650 noverit.
1708 3595 1852 3651 Item
1903 3594 1985 3651 :0

334 3686 624 3752 Clemens,
657 3699 862 3739 omnes
918 3700 1048 3738 cum
1111 3688 1277 3739 tanta
1308 3683 1627 3739 reverentia
1674 3688 1779 3740 tua
1807 3685 1987 3740 verba

339 3772 693 3845 suscipiant,
728 3777 794 3827 ut
823 3771 1014 3828 sciant
1042 3778 1098 3827 te
1144 3771 1332 3843 legem
1388 3790 1519 3829 esse
1578 3773 1985 3845 praedicatione

337 3863 624 3930 veritatis,
683 3866 742 3917 et
796 3863 1188 3933 quodcunque
1235 3860 1503 3932 ligaveris
1562 3878 1740 3933 super
1768 3866 1984 3918 terram

340 3952 450 4009 erit
476 3951 726 4025 ligatum
758 3954 814 4008 et
869 3953 929 4006 in
961 3950 1105 4007 cosio
1138 3966 1152 4005 :
1187 3954 1244 4006 et
1295 3951 1688 4022 quodcunque
1744 3950 1983 4007 solveris

339 4058 517 4115 super
545 4046 785 4110 terram,
819 4039 995 4096 etiam
1026 4039 1108 4095 ibi
1139 4055 1269 4096 esse
1297 4039 1666 4110 solvendum,
1701 4041 1982 4113 quoniam

340 4133 603 4206 quidem,
635 4134 700 4187 ut
754 4130 894 4199 dixi,
927 4145 1051 4201 quas
1084 4132 1329 4201 oportet,
1363 4128 1597 4204 ligabis,
1628 4133 1685 4184 et
1727 4145 1854 4201 quis
1883 4144 1983 4186 ex-

337 4220 500 4293 pedit
529 4218 742 4277 solves.

334 4328 470 4384 ΟΑΡ.
504 4324 798 4382 LXXVIII.
827 4324 1000 4450 cuius
1030 4326 1145 4451 pitu
1171 4324 1495 4450 tyﬁtiiotnon
1535 4325 1813 4396 congruit,
1841 4325 1980 4381 alios

940 4412 1026 4451 zaa
1055 4412 1112 4451 os
1143 4413 1179 4450 a
1219 4411 1273 4450 so
1305 4413 1354 4450 vt
1388 4436 1401 4449 .

940 4411 1112 4467 zgatos
1143 4411 1401 4450 aosowzt.

670 4486 935 4558 Gregor.,
966 4486 1127 4540 hom.
1160 4487 1230 4540 26
1263 4501 1393 4557 sup.
1428 4484 1645 4559 Evang.

403 4583 515 4655 (Η,
573 4601 631 4657 q.
662 4580 716 4652 3,
758 4599 808 4637 c.
873 4582 1243 4654 Plerumque.)
1290 4581 1642 4655 Plerumque
1688 4584 1977 4656 contingit

330 4671 638 4744 utjudicis
667 4670 859 4728 locum
891 4674 1105 4741 teneat,
1163 4671 1332 4742 cujus
1383 4672 1455 4727 ad
1510 4671 1701 4728 locum
1735 4672 1978 4728 minime
2008 4704 2056 4767 Β

332 4761 651 4820 concordat
677 4760 817 4828 vita,
841 4777 907 4817 ac
936 4776 1086 4833 saepe
1114 4761 1309 4832 agitur
1355 4765 1419 4815 ut
1474 4761 1563 4816 vel
1597 4763 1835 4817 damnet
1865 4762 1974 4817 im-

332 4852 574 4911 meritos
602 4848 693 4908 vel
722 4846 870 4906 alios
903 4849 1026 4922 ipse
1055 4849 1271 4922 ligatus
1304 4850 1509 4907 solvat.
1559 4851 1715 4923 Saepe
1747 4851 1806 4907 in
1867 4849 1981 4907 sol-

2099 2881 2501 2952 subjectorum
2565 2883 2829 2941 moribus
2878 2888 3148 2941 exercet:
3183 2901 3335 2958 smpe
3393 2888 3459 2942 fit
3516 2891 3582 2943 ut
3611 2905 3749 2961 erga

2098 2970 2425 3042 quemlibet
2471 2972 2827 3044 proximum,
2878 2975 3012 3031 odio
3061 2973 3148 3032 vel
3206 2976 3397 3048 gratia
3449 2983 3763 3034 moveatur

2100 3064 2325 3130 pastor.

2601 3152 2736 3209 CAP.
2778 3152 2987 3209 LXXX.
3020 3154 3095 3210 De
3122 3155 3249 3211 eod.

2530 3239 2794 3313 Gregor.,
2819 3258 2884 3298 ex
2914 3242 3076 3300 hom.
3112 3245 3339 3300 eadem.

2169 3337 2283 3409 (lt,
2318 3356 2372 3410 q.
2405 3338 2459 3405 3,
2490 3354 2540 3393 c.
2590 3339 2850 3395 Judz'care
2896 3345 2954 3396 et
3010 3358 3059 3397 c.
3120 3342 3537 3416 Plerumqueﬁ
3590 3345 3753 3399 Jurz'i-

2095 3424 2269 3498 care.)
2295 3425 2569 3482 Judioare
2600 3432 2795 3484 autem
2829 3428 3003 3501 digne
3035 3431 3105 3486 de
3134 3430 3391 3488 subditis
3420 3438 3749 3505 nequeunt,

2097 3517 2200 3587 qui
2230 3517 2288 3572 in
2323 3517 2697 3574 subditorum
2733 3520 2930 3577 causis
2960 3539 3069 3577 sua
3098 3521 3187 3579 vel
3221 3521 3468 3593 odia,vel
3491 3525 3747 3596 gratiam

2094 3610 2447 3678 sequuntur.
2481 3606 2644 3663 Unde
2703 3612 2881 3664 recte
2916 3627 3018 3681 per
3074 3612 3423 3684 prOphetam
3477 3612 3739 3669 dicitur:

2093 3695 2420 3766 Mortiﬁcant
2478 3699 2691 3753 animus
2739 3714 2865 3769 qua:
2920 3717 3030 3755 non
3092 3703 3283 3758 vivunt
3319 3702 3534 3774 (Eucti.
3597 3710 3741 3774 xm).

2092 3784 2215 3839 Non
2251 3786 2594 3842 morientem
2627 3787 2842 3860 quippe
2866 3789 3307 3861 mortiﬁcat,qui
3333 3792 3565 3863 justum
3588 3793 3743 3850 dam-

2093 3878 2228 3929 nat:
2255 3876 2312 3930 et
2342 3891 2458 3930 non
2488 3876 2781 3931 victurum
2816 3876 3108 3935 viviﬁcare
3139 3879 3372 3949 nititur,
3431 3881 3533 3953 qui
3582 3900 3744 3939 [eum

2092 3980 2126 4018 a
2153 3963 2441 4035 supplicio
2456 3964 2757 4021 absolvere
2788 3966 3016 4023 nititur.
3039 3970 3243 4026 Causas
3266 3986 3404 4042 ergo
3426 3972 3739 4041 pensanda:

2091 4057 2252 4119 sunt,
2273 4058 2329 4107 et
2363 4058 2499 4111 tunc
2532 4053 2755 4126 ligandi
2787 4059 2843 4110 et
2874 4056 3134 4112 solvendi
3171 4062 3432 4130 potestas
3457 4065 3547 4116 est
3574 4077 3733 4118 exer-

2089 4142 2656 4210 cenda;videndum
2689 4159 2816 4216 quas
2871 4146 3044 4217 culpa
3103 4147 3422 4219 praecessit,
3483 4166 3612 4221 quas
3665 4149 3740 4206 sit

2089 4230 2435 4301 poenitentia
2462 4236 2663 4286 secuta
2693 4232 3169 4305 posteulpam,ut
3201 4252 3349 4308 quos
3371 4237 3739 4308 omnipotens

2089 4324 2240 4374 Deus
2271 4337 2372 4392 per
2402 4322 2875 4392 compunctionis
2900 4323 3153 4396 gratiam
3184 4324 3408 4398 visitet,
3439 4326 3571 4383 illos
3602 4344 3733 4384 seno

2084 4409 2269 4465 tentia
2302 4409 2612 4480 pastoralis
2643 4411 2930 4467 absolvat.

2084 4514 2211 4571 CAP.
2250 4515 2485 4573 LXXXI.
2520 4518 2637 4571 Non
2662 4522 2738 4572 est
2771 4534 2900 4573 vera
2926 4519 3292 4589 prmsz'dentis
3323 4522 3740 4591 absoluiomisi

2358 4593 2619 4661 sequatur
2647 4592 2951 4645 arbitrium
2991 4594 3201 4647 interni
3228 4593 3462 4662 judicia.

2409 4681 2470 4729 ιζ).
2506 4676 2702 4748 Greg.,
2732 4681 2890 4734 hom.
2923 4679 2992 4732 56
3033 4696 3165 4753 sup.
3200 4681 3418 4754 Evang.

2159 4774 2270 4843 (ll,
2304 4790 2359 4845 q.
2394 4774 2446 4841 3,
2482 4791 2530 4829 c.
2562 4776 2703 4831 Tum:
2748 4777 2928 4848 veru.)
2987 4778 3152 4832 Tunc
3212 4777 3314 4835 illa
3359 4796 3494 4835 vera
3521 4785 3614 4837 est
3641 4782 3736 4839 ab-

2089 4861 2302 4917 solutio
2335 4862 2651 4935 przesident
2679 4881 2874 4931 s,cum
2908 4865 3454 4925 interniarbitrium
3472 4871 3735 4940 sequitur

332 4942 538 5001 vendis
572 4957 638 4998 ae
667 4938 926 5013 ligandis
957 4939 1231 5009 subditis,
1266 4956 1382 4996 suae
1412 4937 1734 4996 voluntatis
1758 4946 1974 5012 motus,
2081 4950 2326 5021 judicia,
2357 4952 2512 5022 quod
2544 4951 2690 5010 bene
2712 4954 3094 5025 quatriduaui
3128 4956 3333 5013 μαῖαι-ί
3363 4956 3462 5013 ωε
3485 4937 3730 5016 regum-

331 5049 451 5091 non
475 5034 674 5089 autem
707 5045 1018 5085 causarum
1051 5029 1259 5085 merita
1287 5027 1555 5099 sequitur
1584 5033 1805 5100 pastor.

331 5143 466 5196 CAP.
498 5137 737 5198 LXXIX.
771 5136 1015 5210 Ligundi
1034 5135 1385 5210 solvendique
1412 5138 1675 5204 potestate
1701 5151 1761 5193 se
1784 5137 1981 5210 privat

769 5207 866 5281 qui
890 5207 1032 5263 hanc
1071 5208 1278 5279 injuste
1305 5210 1541 5262 exercet.

791 5298 987 5369 Greg.,
1019 5313 1088 5351 ex
1117 5295 1277 5350 hom.
1311 5294 1537 5351 eadem.

402 5398 512 5467 tit.
545 5413 603 5470 q.
632 5398 689 5466 3,
720 5397 915 5466 c.1pse
959 5394 1082 5462 ζέω,
1145 5397 1202 5449 et
1256 5408 1304 5447 c.
1368 5392 1720 5463 Plerumque.
1756 5398 1782 5464 §
1830 5395 1975 5452 Unde

330 5486 435 5556 ﬁt.)
457 5485 621 5543 Unde
651 5485 716 5540 ﬁt
745 5487 811 5540 ut
842 5482 966 5555 ipse
987 5480 1211 5553 ligandi
1233 5498 1298 5537 ac
1320 5480 1578 5539 solvendi
1610 5486 1973 5555 potestatese

333 5573 540 5644 privet,
593 5573 695 5648 qui
724 5572 876 5630 banc
902 5587 1011 5644 pro
1042 5569 1167 5629 suis
1198 5570 1601 5631 voluntatibus
1633 5577 1689 5629 et.
1720 5590 1834 5629 non
1868 5590 1971 5646 pro

2086 5038 2229 5094 tatio
2251 5039 2525 5113 designat
2546 5057 2672 5113 quae
2707 5041 2975 5100 videlicet
2997 5044 3385 5114 demonstrat,
3418 5046 3564 5118 quia
3582 5063 3731 5107 mor-

2086 5133 2255 5183 tuum
2286 5130 2570 5187 Dominus
2601 5130 2828 5187 vocavit
2858 5135 2915 5189 et
2971 5132 3288 5193 viviﬁcavit
3344 5134 3548 5195 dicens
3585 5152 3599 5192 :
3631 5137 3730 5193 La-

2085 5233 2212 5273 zare
2244 5217 2368 5275 veni
2385 5221 2541 5288 foras
2565 5219 2742 5289 (Joan.
2773 5220 2888 5292 x1);
2922 5226 2981 5277 et
3032 5223 3415 5295 postmodum
3446 5224 3499 5280 is
3541 5226 3641 5298 qui
3664 5225 3735 5282 vi-

2083 5324 2192 5363 vus
2224 5307 2411 5365 fuerat
2436 5324 2730 5380 egressus,
2764 5327 2798 5366 a
2856 5311 3166 5384 discipulis
3207 5314 3339 5385 ejus
3389 5318 3481 5370 est
3508 5314 3735 5371 solutus

2085 5395 2239 5453 sicut
2268 5397 2556 5469 scriptum
2596 5404 2716 5454 est:
2747 5404 3007 5471 Cumque
3065 5417 3342 5474 egressus
3400 5408 3581 5473 esset,
3639 5405 3734 5476 qui

2085 5486 2530 5559 fueratligatus,
2560 5487 2735 5545 Jesus
2767 5493 2907 5546 tunc
2930 5491 3080 5546 dixit
3128 5491 3438 5565 discipulis
3466 5509 3482 5548 :
3533 5492 3736 5554 Soluite

2082 5591 2228 5646 eum,
2260 5579 2310 5633 et
2331 5578 2498 5633 sz'm'te
2520 5578 2677 5634 abire
2706 5578 2908 5651 (t'bz'd.).
2943 5580 3086 5638 Ecce
3114 5580 3287 5637 illum
3317 5581 3737 5656 disoipulijam
