4000 6054
182 254 210 308 1
220 255 338 309 229
1512 250 1853 307 ΡΑΝΟΒΜΙ⁴

1975 276 2016 287 -
2044 250 2178 305 LIB.
2221 251 2290 304 V.
2698 250 2715 267 “
3469 256 3610 315 1230

173 378 480 433 viventem
537 375 796 446 solvunt,
829 392 1001 447 quem
1062 374 1344 447 magister
1403 372 1850 435 resuscitaverat
1876 371 1930 439 Α
1961 374 2118 426 stum
2149 369 2526 441 injustam,ct
2558 388 2763 429 rursus
2792 372 3083 444 injustum
3105 375 3605 447 justum,abomi-

179 472 486 522 mortuus.
540 464 601 521 Si
651 466 810 521 enim
855 464 1133 536 discipuli
1191 468 1485 519 mortuum
1535 461 1849 527 solverent,
1958 459 2172 519 nabilis
2205 463 2294 517 est
2332 464 2574 533 uterque
2602 463 2757 534 apud
2793 463 2994 520 Deum.
3027 464 3312 522 Similiter
3338 467 3440 540 qui
3470 486 3604 526 san—

176 558 476 612 t‘actorem
526 553 716 627 magis
762 554 1139 609 ostenderent
1186 570 1364 624 quam
1413 552 1712 608 virtutem.
1774 549 1851 603 Ex
1956 552 2115 605 ctum
2147 549 2291 608 dicit
2320 566 2435 606 non
2464 566 2594 608 esse
2625 556 2921 622 sanctum,
2954 557 3011 611 et
3039 571 3277 612 rursum
3316 572 3432 612 non
3462 575 3600 616 san-

176 663 304 717 qua
335 644 803 702 consideratione
835 642 1007 699 nobis
1028 642 1379 698 intuendum
1412 646 1501 697 est
1530 641 1684 712 quod
1716 637 1849 694 illos
1959 642 2118 695 ctum
2163 638 2375 697 asserit
2421 644 2719 714 sanctum,
2750 641 3163 701 abominabilis
3210 645 3358 716 apud
3412 646 3599 705 Deum

178 752 307 791 non
341 735 627 790 debemus
659 750 762 805 per
785 731 1140 804 pastoralem
1166 732 1577 787 auctoritatem
1606 728 1848 793 solvere,

180 841 344 897 quos
374 827 674 881 auctorem
695 826 961 878 nostrum
985 838 1087 893 per
1113 820 1569 877 resuscitantem
1601 816 1850 888 gratiam

180 914 418 971 scimus
472 912 790 981 viviﬁcare,
827 928 955 984 quas
1012 910 1297 966 nimirum
1354 908 1665 966 vivificatio
1719 910 1855 961 ante

179 1003 607 1060 rectitudinem
657 1002 853 1074 operis
882 1002 942 1056 in
993 1001 1125 1073 ipsa
1144 1002 1268 1071 jam
1302 998 1684 1072 cognoscitur
1712 1012 1853 1052 con-

182 1093 449 1149 fessione
501 1091 744 1164 peccati.
778 1089 942 1145 Unde
971 1094 1030 1144 et
1058 1090 1197 1145 huic
1225 1088 1340 1160 ipsi
1367 1092 1599 1143 mortuo
1631 1102 1855 1156 nequa-

180 1199 369 1255 quam
430 1181 666 1243 dicitur,
716 1179 1018 1245 revivisce,
1076 1179 1177 1234 sed
1242 1179 1375 1235 Veni
1428 1179 1609 1247 foras.
1647 1175 1854 1230 Omnis

181 1271 409 1343 quippe
440 1269 883 1341 pcccator,dum
916 1266 1152 1338 culpam
1171 1282 1340 1322 suam
1372 1265 1524 1320 intra
1554 1263 1855 1320 conscien-

178 1361 333 1415 tiam
363 1357 693 1426 abscondit,
728 1356 1023 1411 introrsus
1056 1354 1249 1410 latens
1282 1355 1341 1409 in
1378 1354 1509 1411 suis
1540 1351 1857 1425 penetrali-

188 1452 307 1505 bus
340 1447 688 1503 occultatur.
718 1446 835 1501 Sed
870 1449 1137 1500 mortuus
1176 1445 1338 1499 venit
1367 1444 1522 1499 foras
1552 1459 1688 1497 cum
1723 1457 1857 1513 pec-

186 1542 356 1594 cator
387 1535 683 1608 nequitias
729 1551 870 1589 suas
899 1538 1108 1605 sponte
1157 1533 1489 1589 conﬁtetur.
1523 1532 1736 1587 Lazaro
1767 1546 1861 1586 er-

182 1644 261 1699 go
295 1626 515 1682 dicitur
549 1642 561 1681 :
604 1627 733 1683 Veni
760 1628 931 1695 foras,
963 1639 1029 1679 ac
1060 1623 1109 1679 si
1162 1626 1362 1696 aperte
1410 1620 1654 1678 cuilibet
1702 1636 1861 1675 mor-

179 1721 289 1772 tuo
338 1716 396 1770 in
452 1715 627 1786 culpa
672 1713 1013 1769 diceretur:
1050 1712 1165 1768 Cur
1219 1716 1448 1768 reatum
1496 1716 1666 1767 tuum
1698 1709 1856 1765 intra

184 1805 618 1861 conscientiam
652 1802 968 1859 abscondis
993 1801 1020 1855 ?
1043 1803 1220 1857 Foras
1240 1818 1373 1858 vero
1403 1818 1506 1873 per
1534 1798 1855 1856 confessio—

188 1911 326 1950 nem
360 1893 636 1965 egredere
667 1893 768 1964 qui
800 1892 956 1963 apud
988 1895 1046 1947 te
1088 1906 1194 1963 per
1240 1890 1658 1947 conscientiam
1704 1888 1851 1944 inte-

190 1986 320 2039 rius
352 1982 520 2039 lates.
540 1981 749 2038 Veniat
778 1981 979 2054 itaque
1009 1981 1166 2037 foras
1198 1985 1487 2049 mortuus,
1519 1980 1577 2034 id
1611 1982 1699 2034 est
1727 1977 1852 2032 cul-

190 2090 329 2145 pam
363 2072 714 2128 conﬁteatur
763 2075 1066 2143 peccator;
1097 2071 1427 2126 venientem
1454 2085 1589 2125 vero
1619 2068 1701 2123 ita
1730 2066 1852 2123 sol-

193 2168 338 2220 vant
367 2162 664 2235 discipuli,
696 2167 763 2218 ut
792 2166 1056 2235 pastores
1103 2161 1370 2216 Ecclesiae
1400 2160 1450 2216 ei
1486 2176 1718 2233 prauam
1747 2160 1852 2214 de—

194 2253 375 2308 beant
420 2267 687 2307 amovere
736 2268 915 2323 quam
970 2250 1187 2307 meruit
1233 2251 1333 2322 qui
1391 2266 1507 2306 non
1556 2249 1851 2305 erubescit

194 2341 462 2397 conﬁteri
496 2341 650 2412 quod
683 2340 837 2396 fecit.
871 2345 1002 2395 Haec
1033 2341 1103 2396 de
1133 2340 1444 2395 solutionis
1482 2339 1687 2395 ordine
1712 2339 1848 2394 bre-

191 2431 341 2487 viter
373 2430 619 2486 dixerim
654 2434 717 2484 ut
763 2436 870 2485 sub
902 2445 1115 2501 magno
1148 2428 1546 2484 moderamine
1584 2430 1849 2500 pastores

192 2519 466 2577 Ecclesiae
498 2519 585 2576 vel
617 2520 838 2576 solvere
870 2520 1145 2575 studeant
1179 2518 1267 2573 vel
1292 2517 1495 2589 ligare.

191 2655 328 2712 CAP.
381 2653 651 2710 LXXXII.
686 2653 876 2709 Sancti
921 2651 1031 2709 viri
1058 2669 1169 2709 non
1198 2669 1268 2708 ea:
1314 2656 1435 2708 voto
1466 2652 1724 2723 ultionis,
1756 2651 1847 2707 sed

481 2727 685 2782 amoris
708 2725 945 2798 justitite
973 2726 1163 2797 aliqua
1203 2724 1557 2779 maledicunt.

594 2815 859 2887 Gregor.,
895 2816 1088 2871 Morel.
1121 2814 1161 2869 l.
1196 2832 1270 2881 ιν,
1305 2831 1355 2869 c.
1388 2814 1442 2867 6.

270 2934 380 3004 (24,
416 2949 474 3004 q.
512 2948 561 2986 c.
596 2935 732 2988 Cum
763 2931 985 3002 sancti).
1019 2935 1156 2985 Cum
1188 2930 1374 2985 sancti
1403 2927 1506 2983 viri
1558 2926 1845 2983 maledic-

200 3022 376 3077 tionis
407 3022 759 3077 sententiam
811 3022 1134 3094 proferunt,
1166 3036 1279 3076 non
1332 3019 1403 3073 ad
1438 3018 1588 3073 hanc
1619 3036 1684 3073 ex
1715 3022 1845 3072 voto

1958 731 2068 784 est.

1994 843 2128 900 CAP.
2164 845 2409 903 LXXXV.
2443 848 2808 919 Hieronymus
2834 863 3000 920 super
3028 849 3366 923 Matthwum,
3397 851 3437 907 l.
3473 870 3559 909 In.

2036 958 2156 1015 Tibi
2182 960 2320 1017 dabo
2344 962 2521 1018 claves
2549 962 2711 1032 regni
2737 964 3018 1036 caelorum,
3052 968 3103 1020 et
3147 966 3509 1042 quodcunque
3542 968 3611 1023 li-

1960 1050 2185 1119 gaveris
2217 1068 2385 1121 super
2411 1058 2620 1108 terram
2648 1056 2757 1109 erit
2788 1055 3023 1125 ligatum
3056 1062 3109 1110 et
3139 1055 3198 1109 in
3219 1057 3373 1111 ccelis
3403 1058 3611 1128 (Matth.

1960 1143 2097 1209 XVI).
2130 1142 2314 1195 Istum
2348 1139 2541 1197 locum
2574 1141 2834 1213 episcopi
2863 1146 2919 1198 et
2948 1144 3270 1215 presbyteri
3303 1161 3418 1200 non
3454 1146 3621 1201 intel-

1962 1227 2233 1301 ligentes,
2264 1228 2486 1301 aliquid
2537 1230 2649 1285 sibi
2698 1231 2769 1285 de
2820 1231 3246 1287 Pharisaeorum
3301 1240 3620 1290 assumunt

1965 1318 2297 1390 supercilio,
2333 1323 2396 1373 ut
2444 1318 2531 1374 vel
2564 1320 2846 1375 damnent
2878 1320 3221 1377 innocentes
3250 1322 3340 1379 vel
3393 1324 3619 1381 solvere

1967 1424 2027 1463 se
2061 1408 2263 1463 noxios
2295 1408 2677 1475 arbitrentur,
2709 1426 2844 1464 cum
2879 1412 3031 1483 apud
3065 1411 3249 1467 Deum
3283 1430 3398 1468 non
3431 1415 3619 1470 scien-

1966 1496 2048 1551 tia
2095 1497 2491 1566 sacerdotum,
2540 1498 2641 1553 sed
2674 1513 2909 1554 reorum
2960 1499 3079 1555 vita
3108 1506 3419 1569 quaeratur.
3456 1502 3621 1575 Legi-

1967 1601 2101 1641 mus
2132 1586 2194 1641 in
2226 1585 2481 1643 Levitico
2510 1587 2583 1642 de
2615 1586 2867 1659 leprosis
2895 1589 2995 1644 ubi
3019 1589 3308 1661 jubentnr
3340 1596 3403 1647 ut
3432 1597 3623 1649 osten-

1968 1676 2109 1731 dant
2139 1692 2203 1731 se
2234 1676 2638 1732 sacerdotibus
2669 1692 2682 1731 :
2715 1678 2784 1731 Et
2813 1676 2863 1732 si
2894 1678 3105 1749 lepram
3135 1679 3472 1749 habuerint,
3493 1690 3625 1738 tunc

1884 1747 1938 1821 Β
1967 1783 2001 1820 a
2027 1765 2308 1822 sacerdote
2345 1765 2645 1834 immundi,
2678 1767 2877 1822 mundi
2904 1747 3042 1836 ﬁant
3086 1769 3280 1840 (Leuit.
3312 1747 3463 1842 xm).
3497 1771 3622 1829 Non

1964 1855 2120 1926 quod
2153 1856 2484 1911 sacerdotes
2531 1854 2873 1912 immundos
2906 1856 3149 1924 faciant,
3180 1859 3284 1914 sed
3325 1861 3481 1930 quod
3512 1860 3622 1917 ha-

1960 1942 2138 1999 beant
2186 1944 2458 2000 notitiam
2506 1944 2577 2000 de
2608 1943 2858 2015 leprosis
2906 1949 2963 2001 et
3010 1952 3262 2018 possunt
3286 1948 3621 2008 discernere

1961 2032 2096 2103 quis
2126 2034 2386 2088 mundus
2415 2033 2835 2090 immundusve
2863 2033 2960 2090 sit.

1960 2149 2092 2205 CAP.
2129 2149 2415 2206 LXXXVI.
2467 2150 2747 2206 Sententia
2790 2152 3055 2221 pastoris,
3103 2168 3265 2209 reum
3305 2155 3403 2212 vel
3442 2157 3608 2214 inna-

2307 2225 2515 2278 centem
2536 2238 2646 2279 non
2675 2223 2966 2279 constituit
2997 2226 3081 2279 vel
3108 2228 3265 2295 facit.

2386 2311 2619 2367 Hieron.
2644 2310 2702 2366 in
2737 2311 2942 2369 Matth.
2974 2328 3022 2367 c.
3054 2330 3169 2370 xvr.

2029 2408 2140 2479 (-ll,
2175 2425 2230 2479 q.
2264 2410 2318 2475 3,
2351 2425 2400 2463 c.
2453 2408 2723 2475 Quomodo
2769 2410 3056 2482 sacerdos).
3109 2411 3411 2476 Quomodo
3460 2430 3598 2487 ergo

1954 2497 2255 2569 leprosum
2299 2497 2571 2553 sacerdos
2603 2498 2891 2554 mundum
2922 2516 3038 2555 non
3070 2501 3230 2571 facit,
3254 2502 3338 2558 sic
3369 2502 3598 2574 episco-

1957 2603 2067 2659 pus
2097 2585 2183 2643 vel
2232 2587 2537 2660 presbyter
2582 2602 2699 2643 non
2755 2603 2853 2644 eos
2884 2590 2986 2661 qui
3014 2589 3275 2647 insontes
3305 2596 3466 2663 sunt,
3496 2609 3601 2649 nec

1955 2676 2130 2731 solvit
2159 2675 2386 2743 noxios,
2419 2676 2520 2731 sed
2548 2692 2654 2747 pro
2683 2676 2873 2733 ofﬁcio
2923 2693 3030 2733 suo
3060 2695 3196 2735 cum
3227 2684 3602 2752 peccatorum

1955 2765 2209 2822 audierit
2236 2765 2573 2837 varietates,
2607 2765 2720 2822 scit
2749 2766 2883 2837 quis
2908 2765 3182 2839 ligandus
3213 2769 3304 2840 sit,
3329 2770 3462 2842 quis
3493 2770 3608 2827 sol-

1953 2855 2202 2914 vendus.

1956 2970 2091 3029 CAP.
2125 2970 2442 3028 LXXXVII.
2486 2972 2641 3049 Aag._
2660 2989 2828 3046 super
2851 2974 3138 3046 Joannem,
3171 2980 3323 3049 part.
3358 2994 3399 3047 ι,
3432 2980 3605 3035 tract.

2507 3045 2595 3115 10,
2627 3043 2666 3100 l.
2700 3043 2777 3114 1‘1,
2812 3062 2861 3101 c.
2903 3049 3058 3102 Cum.

200 3107 1848 3220 ³¹ϊ¹ῗῖ¹ἓῗ⁸ξ⁵ῗῗί1ῗξέυέῗέῗῖδῖῗῖῗηῖ¹ι⁰ῗῖῖῗίῗ⁹ἑῖ¹ἷῖίῗ⁰ἶῖίζῘῘἾἯῗ
1879 3125 1924 3195 (³
2030 3145 2176 3198 Cum
2210 3141 2608 3198 communicat
2657 3143 2912 3200 Ecclesia
2960 3146 3019 3201 in
3070 3145 3211 3203 coelo
3261 3145 3481 3220 ligatur
3509 3165 3607 3205 ex-

200 3200 414 3256 subtile
438 3201 732 3271 judicium
765 3198 1077 3272 aspiciunt,
1106 3203 1162 3254 et
1193 3197 1347 3254 mala
1377 3196 1516 3253 foris
1549 3196 1852 3269 surgentia

201 3307 318 3362 qua
350 3289 759 3347 maledictione
790 3290 959 3345 ferire
991 3290 1272 3344 debeatur
1301 3291 1678 3359 cognoscunt,
1700 3291 1755 3341 et
1785 3302 1851 3343 eo

202 3378 510 3436 maledicto
560 3397 676 3436 non
708 3383 950 3453 peccant
1002 3395 1116 3450 quo
1146 3378 1216 3434 ab
1249 3377 1479 3433 interno
1502 3377 1703 3448 judice
1734 3393 1850 3431 non

201 3468 558 3524 discordant.
592 3472 760 3538 Item,
809 3468 1113 3539 Scriptura
1160 3483 1327 3522 saera
1381 3466 1614 3520 duobus
1662 3463 1852 3519 modis

203 3557 579 3612 maledictum
615 3560 925 3624 memorat,
955 3556 1113 3610 aliud
1146 3553 1418 3609 videlicet
1449 3554 1603 3624 quod
1637 3569 1856 3625 appro-

204 3647 322 3713 bat,
354 3649 409 3699 et
440 3644 597 3699 aliud
621 3645 775 3716 quod
795 3644 1054 3699 damnat.
1087 3642 1269 3697 Aliter
1288 3642 1443 3697 enim
1473 3641 1851 3698 maledictum

206 3735 493 3807 profertur
533 3732 754 3804 judicio
807 3732 1067 3803 justitize,
1103 3735 1166 3787 ut
1195 3731 1325 3803 ipso
1375 3731 1565 3803 primo
1614 3730 1854 3787 homine

207 3827 479 3896 peccante
528 3822 839 3894 probatum
898 3830 1006 3892 est,
1049 3839 1183 3878 cum
1242 3820 1511 3878 audivit:
1566 3821 1855 3876 Maledicta

206 3918 353 3969 terra
383 3914 440 3968 in
469 3928 630 3985 opere
676 3916 770 3970 tuo
799 3912 952 3982 (lien.
985 3913 1096 3985 In),
1127 3916 1185 3967 et
1232 3927 1367 3968 cum
1419 3911 1664 3967 Abrahae
1709 3908 1852 3966 dioi-

207 4007 299 4057 tur
330 4019 343 4058 :
377 4001 824 4057 Maledice-ntibus
853 4002 956 4058 tibi
985 4001 1314 4059 maledicam
1364 3998 1516 4073 (Gen.
1548 3999 1671 4072 xu).
1700 3998 1855 4054 Rur-

207 4108 335 4147 sum
390 4089 526 4162 quia
555 4106 689 4147 vero
724 4090 893 4146 aliter
925 4090 1304 4146 maledictum
1333 4106 1448 4145 non
1476 4089 1699 4160 judicio
1723 4088 1854 4158 jus-

206 4180 344 4235 titiac
374 4180 691 4252 profertur,
725 4181 826 4236 sed
864 4181 1047 4237 livore
1079 4178 1349 4235 vindictae
1382 4179 1646 4251 punitur,
1676 4196 1710 4234 a
1740 4194 1856 4249 quo

205 4286 336 4325 voce
387 4268 554 4324 Pauli
608 4269 986 4342 praedicantis
1038 4285 1269 4326 cessare
1319 4268 1708 4324 admonemur
1755 4265 1856 4340 qui

207 4359 281 4412 ait
314 4374 326 4412 :
362 4357 675 4416 Benedicile
698 4363 747 4415 et
778 4361 949 4416 nolite
977 4358 1309 4415 maledicere
1336 4359 1510 4431 (Rom.
1542 4356 1666 4430 x11).

207 4474 329 4529 CAP.
400 4474 702 4533 LXXXIII.
770 4477 1289 4603 Iniusttdtpincuta
1363 4474 1675 4547 disrumpet
1728 4476 1853 4545 jus-

973 4565 1095 4603 zza.
1136 4582 1139 4584 ›

950 4551 1095 4605 titia.
1136 4582 1139 4584 »

522 4638 793 4709 August,
829 4655 1004 4694 serm.
1043 4639 1132 4703 16,
1165 4653 1282 4692 sec.
1317 4635 1521 4691 Matth.

278 4742 386 4811 (ll,
440 4758 495 4815 q.
548 4744 602 4809 3,
655 4761 704 4799 c.
765 4744 1030 4817 Coepisti).
1076 4742 1311 4815 Coepisti
1358 4742 1574 4797 habere
1622 4741 1857 4795 fratrem

210 4836 375 4887 tuum
407 4835 691 4903 tanquam
724 4834 1287 4906 publicanum,ligas
1317 4848 1452 4888 eum
1485 4832 1543 4885 in
1575 4829 1858 4900 terra,sed

215 4926 271 4976 ut
292 4922 455 4990 juste
484 4920 693 4996 alliges
724 4924 874 4980 vide.
909 4925 1055 4980 Nam
1088 4924 1311 4994 injuste
1340 4921 1573 4977 vincula
1600 4919 1857 4976 disrum—

212 5010 290 5082 pit
309 5010 586 5080 jastitia;
624 5029 759 5069 cum
790 5018 987 5069 autem
1037 5011 1355 5069 correxeris
1386 5014 1443 5068 et
1473 5009 1858 5067 concordave-

212 5099 286 5155 ris
316 5116 451 5155 cum
500 5100 680 5158 fratre
708 5106 833 5173 tuo,
870 5102 1097 5161 solvisti
1144 5118 1278 5159 eum
1311 5101 1371 5156 in
1416 5104 1596 5170 terra,
1627 5097 1859 5157 solutus

211 5188 313 5246 erit
341 5192 398 5244 et
429 5188 485 5245 in
519 5190 684 5248 coelo.

212 5323 339 5377 CAP.
377 5323 671 5399 LXXXIV.
706 5328 866 5399 Apud
888 5329 1057 5383 Deum
1100 5325 1462 5399 maledicitur
1484 5322 1580 5395 qui
1608 5319 1858 5377 moribus

589 5396 868 5455 dissonam
893 5402 1105 5471 profert
1132 5396 1482 5453 sententiam.

411 5571 414 5574 ἢ
527 5485 763 5544 Hieron.
794 5506 927 5562 sup.
961 5488 1143 5560 Epist.
1178 5487 1250 5542 ad
1284 5484 1526 5540 Philem.

276 5595 387 5664 (tl,
421 5609 476 5665 q.
504 5594 561 5663 3,
593 5611 643 5650 c.
689 5598 755 5652 Si
800 5599 920 5669 quis
967 5594 1226 5667 dixerit).
1258 5592 1315 5648 Si
1346 5591 1482 5664 quis
1513 5589 1723 5648 dixerit
1763 5591 1857 5663 ju-

1957 3230 2461 3301 communicalus;
2496 3249 2630 3288 cum
2675 3233 3014 3290 reconciliet
3062 3235 3340 3310 Ecclesia,
3373 3236 3432 3294 in
3464 3236 3607 3295 coelo

1956 3320 2205 3375 solvitur
2238 3320 2669 3376 reconciliatus.

1956 3440 2091 3495 CAP.
2125 3435 2467 3492 LXXXVIII.
2503 3436 2754 3563 γὶηῗέιια
2780 3437 3152 3564 εοῗίιεείαειίεα
3178 3456 3290 3496 non
3315 3448 3442 3498 sunt
3469 3458 3605 3499 con-

2677 3525 2839 3564 mnen
2882 3526 2937 3564 α.

2677 3525 2937 3566 maenaa.

2125 3594 2429 3668 Cbrysost.
2461 3612 2593 3668 sup.
2628 3596 2812 3668 Epist.
2842 3599 2914 3654 ad
2945 3599 3144 3669 Hebr.,
3180 3603 3347 3658 tract.
3382 3602 3437 3659 4.

2032 3693 2124 3763 (Ex
2159 3693 2313 3762 eod.,
2346 3696 2406 3749 et
2434 3693 2521 3764 11,
2552 3711 2605 3765 q.
2638 3696 2692 3765 3,
2727 3712 2778 3751 c.
2810 3697 2976 3753 Nemo
3023 3699 3382 3773 contemnat).
3428 3701 3609 3758 Nemo

1959 3786 2298 3839 contemnat
2324 3781 2562 3840 vincula
2591 3783 3004 3842 ecclesiastica.
3024 3786 3149 3844 Non
3181 3788 3359 3846 homo
3390 3794 3481 3846 est
3513 3805 3617 3862 qui

1959 3870 2121 3943 ligat,
2148 3872 2249 3928 sed
2300 3872 2564 3930 Christus
2613 3874 2714 3946 qui
2765 3874 2917 3933 hanc
2958 3881 3309 3949 potestatem
3343 3879 3527 3951 dedit,
3558 3884 3618 3936 et

1961 3962 2243 4035 Dominus
2271 3961 2406 4018 fecit
2434 3962 2708 4019 homines
2738 3964 2887 4021 tanti
2918 3965 3178 4025 honoris.

1961 4080 2091 4133 CAP.
2136 4076 2423 4136 LXXXIX.
2471 4079 2513 4134 Α
2566 4080 2672 4135 Deo
2718 4095 3068 4150 separamus,
3116 4096 3252 4152 quos
3284 4082 3486 4152 impios
3524 4081 3621 4138 dc-

2588 4156 2983 4208 monstramus.

2376 4241 2457 4294 Ex
2484 4254 2538 4309 v,
2573 4239 2780 4310 synod.
2812 4244 2924 4297 act.
2956 4241 3011 4311 5,
3043 4239 3084 4297 l.
3117 4257 3192 4297 ιν.

2031 4338 2144 4407 (24,
2178 4353 2235 4409 q.
2266 4337 2321 4402 3,
2353 4354 2405 4394 ο.
2439 4338 2662 4394 Certum
2712 4339 2837 4410 est).
2883 4339 3119 4395 Certum
3170 4342 3261 4397 est
3308 4341 3464 4411 quod
3512 4340 3616 4413 qui

1961 4425 2180 4497 impius
2210 4427 2651 4483 demonstratae
2678 4433 2788 4498 est,
2820 4428 3161 4485 omnimodo
3192 4433 3497 4499 separatus
3525 4433 3619 4486 est

1883 4501 1931 4567 D
1962 4533 1997 4571 a
2027 4516 2160 4586 Deo,
2208 4515 2364 4572 sicut
2408 4516 2584 4573 etiam
2626 4516 2725 4573 ille
2768 4518 2866 4588 qui
2917 4518 3454 4576 anathematizatus
3502 4523 3616 4588 est,

1966 4609 2249 4676 tanquam
2298 4604 2519 4676 impius
2564 4611 2875 4677 separatus
2905 4610 3016 4663 est.
3062 4607 3220 4664 Nihil
3249 4608 3410 4666 enim
3455 4607 3615 4665 aliud

1966 4692 2261 4766 signiﬁcat
2290 4694 2624 4764 anathema,
2658 4694 2772 4751 nisi
2805 4712 2840 4750 a
2862 4696 2978 4751 Deo
3008 4697 3459 4768 separationem.

1967 4808 2100 4864 CAP.
2288 4811 2686 4893 Episcoporum
2731 4826 2868 4866 cura
2916 4812 3099 4893 qualis
3146 4828 3261 4869 esse
3301 4814 3494 4893 debeat
3537 4829 3620 4869 er-

2036 4882 2344 5008 gprz'njuste
2382 4881 2672 4953 facientes,
2716 4881 3088 4955 quomodoque
3131 4901 3222 4940 eos
3270 4884 3467 4940 debeat
3510 4899 3621 4954 pu-

2501 5046 2671 5101 Conc.
2708 5044 2907 5116 Meld.,
2939 5062 2990 5101 c.
3023 5047 3077 5100 3.

2036 5140 2365 5213 Episcopus
2408 5141 2468 5197 in
2499 5143 2671 5212 cujus
2720 5143 3003 5214 parochia
3032 5141 3247 5213 aliquis
3295 5141 3621 5201 consistens

1969 5227 2187 5297 aliquid
2219 5229 2440 5301 injuste
2470 5231 2688 5297 fecerit,
2711 5236 2771 5287 et
2800 5232 2983 5288 semel
3012 5236 3071 5287 et
3100 5230 3190 5287 bis
3221 5234 3397 5301 atque
3424 5232 3619 5300 tertio,

1968 5317 2019 5374 si
2051 5334 2288 5375 necesse
2316 5318 2511 5390 fuerit,
2533 5320 2763 5376 vocabit
2789 5320 2959 5375 illum
2990 5320 3051 5375 in
3081 5337 3192 5376 sua
3216 5319 3621 5379 admonitione

1968 5423 2072 5480 per
2093 5424 2269 5464 suum
2293 5408 2566 5465 nuntium
2591 5408 2866 5465 canonice
2888 5410 2961 5463 ad
3007 5407 3466 5464 admonitionem
3498 5407 3619 5465 sive

1965 5498 2451 5569 compositionem
2482 5503 2540 5555 et
2567 5498 2639 5554 ad
2669 5496 3166 5569 paenitentiam,ut
3194 5502 3307 5554 Deo
3337 5501 3395 5553 et
3422 5496 3618 5554 Eccle-

1966 5586 2064 5644 siae
2111 5587 2437 5645 satisfaciat
2490 5603 2668 5660 quam
2712 5585 2881 5644 laesit.
2929 5588 2988 5644 Si
3038 5591 3235 5646 autem
3283 5587 3620 5661 despexeri-
