3938 6074
373 281 507 336 1231
1457 276 1522 326 l).
1564 274 1802 327 IVONIS
1839 271 2337 324 C‘ARNOTENSIS
2375 275 2700 330 EPISCOPI
2781 355 2784 358 .

368 408 544 476 atque
566 399 984 473 contempserit
1012 399 1142 469 ejus
1170 395 1632 452 admonitionem
1661 398 1718 449 et
1747 392 2012 449 saluber-
2044 394 2096 459 Α
2126 396 2258 449 CAP.
2296 395 2470 476 XCII.
2504 398 3109 476 Eacpmmunicationis
3155 400 3336 468 [arma
3367 403 3433 476 et
3453 399 3649 454 verba
3693 403 3836 472 qui-

367 468 579 548 rimam
629 468 1056 554 invitationem,
1092 485 1260 541 feriat
1302 483 1470 539 illum
1504 482 1785 556 pastorali
1833 483 2016 553 virga,

2308 469 2403 522 bus
2431 471 2554 540 quis
2583 468 2871 524 declarari
2897 469 3048 525 debet
3077 474 3646 527 excommunicatus.

367 582 480 638 hoc
509 584 599 637 est
627 578 922 636 sententia
946 572 1664 639 excommunicationis,ut
1693 589 1726 627 a
1756 587 2019 627 commu-
2751 558 2926 614 Conc.
2961 559 3162 615 Aurel.

369 672 546 727 nione
571 673 784 725 sanctis
832 664 1099 722 Ecclesiae
1145 663 1530 734 omniumque
1561 661 2017 718 christianorum
2200 645 2520 703 υοωίηίθίε
2567 647 2749 720 igitur
2777 652 2836 704 et
2883 648 3222 719 αροείοιίοίε
3273 649 3598 706 informati
3670 669 3830 723 ΡΓΞ·

371 760 451 816 sit
479 762 786 831 separatus
835 770 1024 826 usque
1055 753 1126 808 ad
1178 768 1498 825 congruam
1530 749 2018 819 satisfactionem,
2127 735 2583 831 ξεξρξίξτιῖυάίξίφ
2619 737 2815 831 Patris
2845 741 2904 792 et
3121 737 3354 831 Domini
3407 739 3620 796 Ποειτί
3681 740 3825 795 δεευ

3697 274 3836 327 i232
3900 274 3901 324 1

370 853 429 904 et
457 848 695 920 dignam
727 843 1218 912 emendationem,
1252 857 1430 913 quam
1461 837 2018 896 excommunicatio-

372 954 506 994 nem
537 937 688 991 idem
721 934 894 990 debet
922 933 1235 1004 episcopus
1267 929 1484 986 seniori
1513 929 1678 985 illius
1709 933 1909 984 notam
1942 927 2020 982 fa-

371 1029 591 1095 cere,et
620 1021 897 1079 omnibus
927 1021 1051 1077 suis
1083 1019 1469 1092 coepiscopis,
1501 1022 1558 1075 et
1588 1017 1862 1075 omnibus
1892 1017 2019 1072 suis

368 1112 842 1187 parochianis,ne
870 1127 1002 1166 eum
1036 1109 1320 1180 recipiant
1351 1124 1537 1179 usque
1566 1108 1636 1162 ad
1669 1105 2018 1163 satisfactio-

368 1220 525 1260 nem.

363 1320 496 1377 CAP.
527 1320 669 1376 XCI.
699 1321 997 1388 Perperam
1026 1331 1196 1388 agens
1223 1313 1540 1388 admonitus
1570 1317 1620 1368 et
1663 1329 1768 1369 non
1801 1327 2018 1367 correc-

755 1385 861 1459 tus,
892 1387 1156 1460 quomodo
1184 1389 1260 1442 est
1289 1385 1622 1456 puniendus.

860 1477 1035 1532 Conc.
1069 1474 1367 1544 Rothom.,
1399 1491 1448 1529 c.
1481 1474 1536 1527 3.

436 1597 670 1655 Noverit
698 1594 957 1652 charitas
985 1596 1198 1662 vestra,
1233 1592 1440 1647 fratres
1471 1589 1830 1655 charissimi,
1863 1589 2016 1662 quod

367 1688 603 1760 quidam
633 1686 741 1756 vir,
775 1684 1008 1740 nomine
1039 1683 1132 1746 N.,
1167 1680 1397 1736 diabolo
1441 1680 1748 1746 suadente,
1779 1683 2019 1751 postpo-

368 1795 512 1834 nens
538 1775 929 1833 Christianam
955 1772 1408 1846 promissionem
1434 1787 1611 1844 quam
1636 1770 1694 1825 in
1722 1769 2017 1842 baptismo
2049 1767 2096 1833 B

368 1866 672 1922 confessus
703 1867 921 1934 est,per
951 1860 1309 1933 apostasiam
1341 1875 1658 1915 conversus
1690 1861 1824 1929 post
1856 1856 2022 1912 Sata-

367 1971 504 2010 nam
537 1953 631 2009 cui
681 1949 1134 2017 abrenuntiavit,
1168 1953 1224 2004 et
1266 1948 1542 2004 omnibus
1593 1947 1825 2020 pompis
1867 1946 2020 2017 ejus,

363 2043 596 2098 vineam
626 2039 926 2110 Christi,id
951 2042 1040 2094 est
1066 2038 1388 2094 Ecclesiam
1420 2037 1549 2108 ejus
1579 2037 1884 2092 devastare
1903 2051 2020 2090 non

364 2131 762 2204 pertimescat,
796 2143 1082 2200 pauperes
1127 2126 1340 2183 Christi
1386 2143 1535 2199 quos
1580 2126 1836 2198 pretioso
1884 2141 2022 2181 san-

364 2221 544 2292 guine
574 2235 680 2274 suo
710 2216 978 2281 redemit,
1012 2215 1292 2271 violenter
1340 2216 1681 2287 opprimens
1713 2218 1770 2270 et
1801 2215 2023 2270 interli-

367 2310 526 2365 cicns
557 2313 613 2364 et
655 2307 808 2362 bona
856 2323 1058 2361 eorum
1109 2305 1416 2376 diripiens,
1453 2304 1724 2360 misimus
1773 2303 1844 2358 ad
1888 2320 2021 2358 eum

365 2399 770 2471 presbyterum
823 2398 1092 2450 nostrum
1141 2397 1198 2448 et
1256 2392 1484 2447 litteras
1539 2392 2024 2448 commonitorias

368 2484 547 2542 semel
577 2489 634 2540 et
665 2485 876 2540 iterum
909 2488 1084 2553 atque
1115 2481 1306 2549 tertio,
1330 2481 1648 2537 invitantes
1680 2498 1815 2537 eum
1849 2498 2023 2536 cano-

369 2575 497 2631 nicc
529 2574 600 2629 ad
629 2571 1189 2640 emendationem,et
1219 2570 1291 2626 ad
1324 2569 1783 2625 satisfactionem
1815 2575 1873 2626 et
1900 2589 2022 2642 pea-

369 2664 678 2720 nitcntiam
703 2661 1083 2733 corripientes
1106 2676 1237 2715 eum
1262 2664 1502 2730 paterno
1515 2659 1848 2715 all'cctu.Ait
1867 2660 2023 2715 enim

367 2753 656 2809 Dominus
688 2751 746 2805 in
781 2749 1092 2821 Evangelio
1127 2765 1140 2802 :
1171 2749 1236 2803 Si
1280 2748 1590 2820 peccaverit
1639 2748 1701 2802 in
1750 2753 1802 2803 te
1849 2751 2027 2819 frater

365 2846 514 2910 tuus,
545 2841 769 2911 corripe
815 2855 943 2895 eum
991 2838 1202 2910 (Matth.
1234 2837 1416 2910 xvm).
1451 2838 1650 2892 Frater
1698 2838 1756 2891 in
1809 2855 2028 2893 unum—

369 2945 666 3003 quemque
698 2927 1030 3000 peccat,qui
1059 2927 1121 2982 in
1153 2931 1416 2982 sanctam
1450 2926 1767 2982 Ecclesiam
1802 2931 2022 2998 peccat.

369 3018 430 3074 Si
459 3017 616 3072 enim
664 3021 868 3071 sancta
899 3013 1159 3070 Ecclesia
1209 3031 1393 3070 unum
1448 3030 1663 3086 corpus
1711 3019 1823 3084 est,
1855 3017 2025 3086 cujus

369 3110 548 3178 caput
577 3109 666 3160 est
713 3104 1000 3169 Christus,
1033 3101 1252 3174 singuli
1285 3107 1481 3158 autem
1515 3119 1721 3158 sumus
1751 3103 1899 3159 alter
1939 3103 2020 3159 al-
2053 3135 2097 3204 α

366 3194 550 3249 terius
581 3193 931 3261 membra,ct
962 3191 1012 3246 si
1045 3192 1264 3262 patitur
1287 3207 1468 3246 unum
1496 3192 2018 3262 membrum,com-

368 3281 678 3355 patiuntur
693 3279 888 3336 omnia
911 3280 1194 3346 membra;
1218 3279 1416 3351 procul
1445 3280 1625 3335 dubio
1658 3280 1716 3334 in
1749 3297 1855 3336 nos
1889 3297 2021 3352 pec.

368 3371 590 3443 cat,qui
621 3370 884 3426 membra
916 3371 1114 3424 nostra
1145 3367 1324 3424 laedit.
1358 3368 1537 3424 Jubet
1569 3385 1705 3440 ergo
1736 3369 2021 3426 Dominus

369 3466 434 3516 ut
465 3463 662 3532 frater,
694 3460 752 3514 id
785 3463 874 3514 est
903 3457 1276 3514 Christianus
1301 3458 1362 3514 in
1415 3469 1519 3513 n‘os
1552 3474 1820 3529 peccans,
1856 3460 2020 3530 prius

370 3555 592 3607 secreto
642 3548 1011 3619 corripiatur.
1045 3549 1207 3611 Quod
1239 3548 1287 3602 si
1321 3548 1427 3602 has
1460 3552 1580 3604 tres
1611 3549 2020 3605 commonitio-

372 3657 474 3695 nes
504 3643 562 3694 et
592 3638 720 3708 pias
773 3635 1160 3691 correctiones
1208 3636 1551 3705 contemnit,
1585 3641 1643 3692 et
1682 3638 2020 3694 satisfacere

372 3726 642 3797 despicit,
674 3727 731 3779 et
761 3730 892 3795 post
917 3723 1060 3792 hinc,
1093 3723 1313 3794 inquit:
1347 3726 1434 3780 Sit
1463 3726 1573 3780 tibi
1599 3727 1738 3781 sicut
1768 3726 2020 3782 ethnicus

367 3824 421 3870 et
448 3814 782 3886 publicanus
813 3813 1018 3884 (ibid.);
1051 3813 1106 3867 id
1135 3817 1226 3867 est
1253 3813 1490 3885 gentilis
1521 3819 1696 3885 atque
1729 3832 2019 3888 paganus,

367 3904 571 3974 utjam
595 3918 710 3956 non
753 3917 855 3972 pro
895 3900 1243 3968 Christiano,
1277 3902 1376 3956 sed
1405 3918 1508 3972 pro
1548 3919 1770 3973 pagano
1803 3904 2013 3960 habea-

357 3996 472 4047 tur.
507 3991 578 4046 Et
599 3990 656 4045 in
679 3989 792 4046 alio
813 3989 963 4059 loco,
998 3989 1329 4044 membrum
1362 3991 1518 4061 quod
1541 4007 1574 4046 a
1597 4007 1703 4045 sua
1735 4008 2013 4065 compage

357 4079 690 4148 resolvitur,
723 4083 781 4134 et
811 4096 844 4133 a
872 4079 1147 4149 iunctura
1191 4077 1496 4134 charitatis
1549 4079 1922 4150 dissociatur,
1955 4087 2013 4138 et

357 4186 530 4226 omne
556 4185 772 4240 corpus
805 4168 959 4240 quod
986 4166 1361 4235 scandalizat,
1394 4167 1680 4223 Dominus
1701 4173 1758 4224 et
1779 4171 2011 4226 abscin-

357 4259 415 4315 di
446 4263 504 4314 et
533 4257 738 4331 projici
763 4257 1162 4328 jubet,dicens
1199 4272 1212 4312 :
1239 4258 1304 4311 Si
1333 4257 1770 4328 oculus,manus,
1803 4259 1888 4314 vel
1914 4277 2010 4331 pes

357 4356 482 4404 tuus
507 4347 851 4402 scandalizat
884 4350 1098 4410 te,eruc
1123 4362 1250 4401 eum
1279 4351 1334 4400 et
1359 4346 1566 4418 projice
1595 4347 1691 4401 abs
1719 4349 1772 4402 te
1799 4347 2005 4420 (ibid.).

355 4437 425 4492 Et
455 4435 813 4508 Apostolus:
865 4435 1107 4504 Auferte,
1159 4433 1373 4505 inquit,
1420 4434 1635 4489 malum
1690 4453 1724 4490 a
1774 4437 1923 4492 vobis
1961 4440 2010 4510 (I

2128 823 2364 891 Christi,
2399 832 2452 880 et
2479 824 2734 896 Spiritus
2785 826 2996 894 sancti;
3029 830 3085 882 et
3123 827 3474 884 auctoritate
3509 832 3575 883 et
3608 834 3828 900 potes-

2130 916 2245 967 tate
2293 913 2691 984 apostolorum
2740 919 2794 970 et
2843 931 3048 971 eorum
3099 918 3555 984 successoribus
3603 934 3647 973 α
3708 919 3822 973 Deo

2130 933 2245 967 rate
2293 933 2691 984 aposronorum
2740 933 2794 970 et
2843 933 3048 971 eorum
3099 933 3163 971 su
3205 933 3555 974 cessormus
3603 934 3647 973 α
3708 933 3822 973 ueo

2129 1017 2423 1069 concessa,
2455 1019 2576 1059 una
2603 1004 2908 1060 vobiscum
2941 933 3286 1076 praedicfum
3324 1006 3530 1061 virum
3564 1023 3604 1061 a
3657 1006 3823 1061 limi-

2129 1091 2306 1146 nibus
2355 1098 2568 1147 sanctaa
2617 1093 2885 1150 Ecclesia:
2934 1095 3140 1149 matris
3188 1094 3600 1166 excludimus,
3672 1102 3733 1151 et
3790 1115 3818 1150 a

2129 1181 2417 1237 bonorum
2474 1182 2751 1238 societate
2799 1188 2856 1238 ct
2903 1201 2935 1239 a
2986 1184 3405 1240 communione
3453 1185 3816 1242 Christiana

2129 1279 2556 1342 separamus,et
2586 1275 2920 1342 separatum
2953 1289 3081 1328 esse
3113 1273 3173 1328 in
3207 1278 3493 1328 aeternum
3529 1275 3812 1330 decerni-

2130 1357 2349 1425 mus,id
2380 1363 2471 1415 est
2499 1359 2557 1414 in
2591 1359 2865 1431 praesenti
2893 1360 3108 1416 saeculo
3139 1367 3196 1417 et
3225 1361 3285 1417 in
3319 1363 3547 1419 futuro.
3583 1364 3808 1420 Nullus

2129 1447 2179 1504 ei
2209 1448 2578 1505 Christianus
2609 1466 2713 1505 ave
2743 1449 2916 1514 dicat,
2949 1455 3050 1506 aut
3075 1467 3209 1506 eum
3259 1451 3518 1507 osculari
3571 1470 3806 1525 praesu-

2130 1541 2270 1593 mat.
2308 1537 2526 1594 Nullus
2575 1539 2879 1612 presbyter
2926 1539 3170 1596 missam
3205 1557 3338 1596 cum
3384 1557 3449 1597 eo
3492 1542 3804 1598 celebrare

2130 1627 2362 1695 audeat,
2390 1627 2481 1684 vel
2539 1633 2983 1685 sacrosanctum
3045 1645 3256 1701 corpus
3315 1634 3372 1685 et
3433 1631 3800 1703 sanguinem

2129 1716 2362 1774 Domini
2393 1718 2830 1775 tradere.Nemo
2861 1719 2911 1774 ei
2937 1720 3230 1791 jungatur
3262 1720 3322 1774 in
3355 1721 3804 1787 consortio,ne-

2127 1822 2240 1878 que
2268 1807 2328 1862 in
2374 1807 2568 1880 aliquo
2617 1808 2869 1880 negotio.
2902 1808 2973 1863 Et
3004 1809 3053 1863 si
3083 1809 3212 1880 quis
3261 1809 3312 1864 ei
3361 1826 3426 1865 se
3478 1809 3802 1865 sociaverit

2125 1901 2184 1952 et
2212 1897 2730 1953 communicaverit
2759 1898 2887 1968 ejus
2919 1898 3193 1968 operibus
3226 1897 3534 1970 malignis,
3568 1901 3802 1955 noverit

2127 2002 2190 2042 se
2220 1986 2398 2042 simili
2428 2003 2772 2058 percussum
2803 1987 3199 2053 anathemate,
3235 1986 3330 2043 his
3375 1988 3644 2060 exceptis
3698 1989 3797 2060 qui

2127 2076 2199 2132 ob
2232 2075 2384 2131 hanc
2413 2093 2654 2132 causam
2687 2076 2741 2132 ei
2762 2075 3102 2148 junguntur
3131 2079 3196 2130 ut
3241 2092 3378 2132 eum
3413 2082 3696 2133 revocent
3728 2080 3802 2132 ab

2127 2181 2321 2222 errore
2371 2170 2428 2221 et
2473 2169 2786 2237 provocent
2844 2166 2917 2221 ad
2970 2165 3460 2236 satisfactionem,
3495 2166 3616 2222 nisi
3650 2168 3798 2222 forte

2129 2255 2458 2328 rcsipuerit,
2490 2259 2569 2323 et,
2600 2254 2700 2310 Dei
2751 2254 2938 2326 gratia
2986 2254 3334 2325 inspirante,
3368 2255 3442 2310 ad
3498 2257 3796 2328 pceniten-

2131 2344 2222 2399 tiae
2255 2343 2578 2399 remedium
2628 2343 2805 2399 fuerit
2835 2360 3171 2410 conversus,
3205 2349 3262 2398 et
3311 2343 3494 2416 digna
3521 2349 3778 2401 emenda

2129 2434 2288 2488 tione
2319 2433 2587 2489 Ecclesia:
2636 2432 2732 2488 Dei
2779 2449 2958 2504 quam
3011 2432 3176 2502 laesit,
3211 2433 3519 2490 humiliter
3560 2435 3795 2491 satisfe-

2131 2522 2296 2576 ccrit.

2130 2642 2263 2693 CAP.
2306 2637 2496 2694 XCIII.
2535 2637 2742 2705 Quibus
2798 2637 2976 2708 culpis
3031 2639 3386 2712 exigentibus
3443 2638 3667 2712 aliquis
3725 2642 3793 2695 sit

2580 2714 2961 2765 communione
2987 2710 3314 2780 privandus.

2673 2799 2847 2854 Conc.
2882 2797 3073 2866 Meld.,
3106 2816 3156 2854 c.
3187 2800 3241 2854 3.

2201 2888 2312 2956 (11,
2348 2905 2405 2959 q.
2438 2887 2492 2954 3,
2525 2903 2575 2943 c.
2605 2892 2775 2944 Nemo
2799 2885 3010 2958 episc.).
3044 2886 3117 2942 Ut
3157 2903 3327 2942 nemo
3371 2888 3788 2960 episcoporum

2133 2976 2454 3048 quemlibet
2483 2977 2608 3032 sine
2639 2980 2800 3031 certa
2829 2980 2885 3031 et
2917 2993 3030 3031 non
3055 2976 3371 3032 manifesta
3402 2979 3629 3050 peccati
3665 2996 3795 3033 cau~

2133 3082 2198 3120 sa
2230 3065 2644 3120 communione
2675 3065 2858 3136 privet
2886 3064 3427 3121 ecclesiastica.Sub
3451 3067 3795 3122 anathema-

2135 3159 2190 3210 te
2220 3159 2415 3211 autem
2449 3154 2575 3209 sine
2623 3153 2977 3209 conscientia
3024 3153 3449 3225 archiepiscopi
3505 3161 3610 3210 aut
3663 3172 3788 3210 coc-

2132 3244 2525 3315 piscoporum,
2561 3242 2788 3297 nullum
2841 3247 3160 3313 praesumat
3188 3259 3425 3313 ponere,
3461 3243 3579 3298 nisi
3632 3245 3787 3298 unde

2131 3332 2410 3388 canonica
2465 3332 2631 3387 docet
2695 3331 3038 3397 auctoritas,
3105 3330 3243 3402 quia
3309 3331 3630 3387 anathema
3702 3339 3785 3387 est

2129 3427 2352 3476 aeternae
2385 3420 2587 3476 mortis
2636 3419 2963 3489 damnatio,
3004 3423 3060 3474 et
3111 3419 3345 3475 nonnisi
3396 3437 3501 3492 pro
3552 3421 3782 3477 mortali

2130 3511 2303 3566 debet
2328 3509 2552 3583 imponi
2583 3507 2852 3580 crimine,
2883 3513 2941 3564 et
2966 3507 3050 3563 illi
3084 3509 3183 3579 qui
3218 3509 3384 3566 aliter
3423 3526 3541 3565 non
3576 3512 3786 3581 poterit

2129 3598 2365 3671 corrigi.

2127 3702 2260 3772 CAP:
2290 3715 2473 3772 XCIV.
2508 3716 2615 3784 Qui
2669 3713 3039 3769 communicat
3091 3729 3215 3768 cum
3263 3716 3780 3780 excommunicatis,

2621 3801 2946 3840 excommun
2955 3787 3131 3840 icatus
3168 3794 3272 3840 est.

2480 3873 2739 3931 Calixtus
2772 3891 2923 3946 papa
2952 3873 3245 3946 episcopis
3276 3873 3420 3929 Call.

2191 3965 2302 4038 (il,
2336 3981 2389 4034 q.
2423 3966 2476 4032 3,
2510 3981 2558 4019 o.
2613 3962 3171 4033 Excommunicatos).
3225 3963 3780 4020 Excommunicatos

2123 4071 2356 4128 quoquc
2390 4071 2423 4109 a
2453 4052 2856 4109 sacerdotibus
2888 4051 3088 4107 nullus
3117 4052 3359 4124 recipiat
3390 4057 3529 4108 ante
3563 4054 3776 4108 utrius-

2120 4161 2234 4217 que
2285 4143 2467 4216 partis
2524 4141 3013 4197 examinationem
3056 4142 3306 4214 justam,
3343 4157 3448 4198 nec
3508 4159 3648 4198 cum
3701 4144 3777 4198 eis

2119 4234 2380 4290 oratione
2411 4235 2511 4288 aut
2540 4231 2668 4286 cibo
2699 4229 2787 4286 vel
2819 4230 3086 4302 potu,vel
3122 4230 3324 4286 osculo
3355 4233 3777 4294 communicet,

2119 4339 2225 4379 nec
2253 4338 2354 4380 ave
2402 4321 2486 4377 eis
2536 4320 2713 4383 dicat,
2749 4319 2889 4390 quia
2931 4319 3271 4391 quicunque
3321 4320 3380 4374 in
3435 4319 3530 4376 his
3579 4320 3672 4376 vel
3725 4323 3773 4374 in

2117 4415 2250 4472 aliis
2280 4411 2594 4486 prohibitis
2637 4410 2887 4467 scienter
2931 4410 3462 4466 excommunicatis
3505 4427 3774 4466 commu-

355 4525 476 4582 Cor.
504 4498 578 4596 v).
612 4527 681 4581 Et
712 4526 922 4580 iterum
949 4498 972 4578 ἐ
1006 4524 1068 4578 Si
1092 4498 1255 4593 'quis-
1279 4498 1458 4594 frater
1485 4525 1810 4581 nominatur
1835 4531 1888 4582 et
1916 4498 1994 4584 est

2187 4503 2449 4569 :averint,
2474 4502 2644 4572 juxta
2689 4498 3094 4571 apostolorum
3127 4499 3564 4555 institutionem
3599 4505 3656 4555 et
3691 4501 3746 4572 ip

349 4619 658 4687 fornicator
685 4618 779 4670 aut
808 4613 1045 4680 adulter,
1073 4617 1171 4668 aut
1196 4614 1496 4681 homicida,
1521 4619 1616 4670 aut
1648 4633 1844 4688 rapax,
1877 4634 2001 4673 cum

353 4705 666 4775 huiusmodi
694 4719 791 4758 nec
818 4703 1001 4758 cibum
1025 4719 1244 4758 sumere
1274 4704 1400 4759 licet
1420 4703 1625 4776 (ibid.).
1650 4705 1718 4758 Et
1743 4706 2001 4764 Joannes

351 4793 574 4851 electus
606 4809 720 4864 prae
751 4792 974 4846 caeteris
1003 4791 1221 4848 Christi
1253 4791 1600 4864 discipulus,
1635 4793 1806 4849 talem
1840 4797 1999 4852 nefa-

351 4883 505 4939 rium
560 4881 862 4938 hominem
912 4879 1168 4936 salutare
1217 4881 1565 4953 prohibebat
1615 4882 1818 4940 dicens
1851 4901 1864 4939 :
1895 4890 2004 4943 Nec

351 4988 450 5028 ave
471 4973 525 5027 ei
541 4971 884 5038 dixeris,nec
903 4985 1028 5025 eum
1055 4970 1115 5024 in
1136 4969 1295 5025 domo
1312 4975 1410 5026 tua
1431 4972 1685 5042 recipias.
1717 4973 1824 5040 Qui
1852 4977 2002 5030 enim

352 5063 407 5118 ei
433 5076 532 5116 ave
567 5061 725 5128 dicit,
754 5059 1125 5116 communicat
1174 5059 1426 5129 operibus
1472 5059 1589 5130 ejus
1635 5060 1906 5132 malignis
1934 5066 2002 5134 (11

347 5152 510 5208 Ιοαη.
541 5150 620 5220 x).
651 5149 956 5205 Dominica
1003 5147 1196 5218 itaque
1242 5151 1300 5202 et
1345 5147 1663 5218 apostolica
1718 5160 2003 5224 praecepta

349 5238 764 5310 adimplentes,
798 5237 1133 5293 membrum
1193 5234 1498 5306 putridum
1554 5241 1612 5291 et
1671 5237 2001 5299 insanabile

347 5328 504 5399 quod
550 5327 901 5383 medicinam
959 5343 1074 5381 non
1107 5323 1316 5395 recipit
1347 5324 1497 5378 ferro
1529 5331 1998 5387 excommunica-

347 5417 527 5471 tionis
576 5433 610 5471 a
659 5431 899 5488 corppre
949 5413 1215 5471 Ecclesia:
1264 5412 1703 5480 abscindamus,
1755 5434 1826 5473 ne
1879 5425 1998 5477 tam

348 5504 628 5574 pestifero
660 5505 944 5572 membro,
978 5504 1244 5560 membra
1274 5502 1498 5574 reliqua
1541 5505 1800 5574 corporis
1829 5525 1997 5566 vene-

351 5605 428 5645 no
459 5590 905 5648 interﬁciantur.

2112 4595 2162 4650 si
2193 4591 2374 4650 simili
2407 4587 2999 4646 excommunicationi
3036 4587 3400 4659 subjaceant.

2109 4710 2244 4766 CAP.
2279 4707 2437 4765 XCV.
2471 4704 2999 4761 Excommunicatus
3031 4709 3110 4760 est
3140 4704 3236 4776 qui
3271 4705 3773 4761 excommunicatis

2734 4778 3138 4833 communicat.

2583 4865 2877 4921 Fabianus
2909 4882 3082 4937 papa,
3115 4881 3206 4937 ep.
3239 4867 3292 4922 2.

2181 4962 2292 5028 (tl,
2327 4973 2385 5029 q.
2418 4957 2471 5024 3,
2506 4973 2556 5011 c.
2591 4954 2742 5011 Sicut
2771 4955 3053 5026 apostoli).
3105 4955 3252 5010 Cum
3297 4957 3771 5012 excommunica-

2111 5047 2188 5103 tis
2221 5063 2336 5102 non
2369 5043 2952 5102 communicandum.
2987 5044 3057 5099 Et
3086 5042 3134 5098 si
3169 5043 3303 5115 quis
3353 5060 3486 5099 cum
3539 5061 3772 5101 excom-

2112 5137 2410 5191 municato
2441 5132 2967 5191 communicaverit
3010 5133 3325 5189 avertendo
3369 5133 3632 5205 regulas,
3663 5136 3770 5190 sci-

2109 5231 2272 5282 enter
2301 5223 2505 5280 saltem
2557 5223 2616 5278 in
2666 5223 2909 5278 domum
2942 5222 3121 5279 simul
3167 5222 3401 5280 locutus
3453 5224 3640 5279 fuerit
3688 5223 3770 5280 vel

2109 5314 2378 5386 oraverit,
2409 5312 2510 5369 ille
2541 5311 2960 5367 communione
2990 5311 3273 5383 privetur.

2635 5427 2764 5481 CAP.
2799 5427 2988 5483 XCVI.
3027 5429 3097 5484 De
3127 5428 3242 5483 eod.

2500 5517 2577 5572 Ex
2611 5515 2845 5570 Martini
2879 5519 3096 5573 Canon.
3131 5518 3201 5572 ad
3236 5516 3370 5573 laic.

2177 5606 2290 5678 (tt,
2322 5621 2379 5676 q.
2413 5607 2464 5675 3,
2497 5621 2547 5660 c.
2583 5604 2717 5660 Cum
2768 5620 2978 5662 exeam.
3013 5609 3071 5662 et
3118 5607 3223 5674 Qui
3269 5606 3597 5678 commun.).
3645 5606 3768 5663 Non
