4000 6054
185 268 338 322 1233

169 498 388 537 eorum
417 481 779 540 introeuntes
806 501 971 542 orare
1000 503 1136 544 cum
1166 488 1271 545 eis.
1296 489 1355 544 Si
1387 494 1581 545 autem
1617 490 1837 561 aliquis

167 570 498 643 episcopus
528 571 618 628 vel
652 574 978 646 presbyter,
1010 581 1114 633 aut
1143 577 1427 635 diaconus
1458 585 1558 634 aut
1588 580 1838 650 quilibet

165 659 644 729 ecclesiasticus,
698 665 1224 722 excommunicatis
1291 668 1834 735 commnnicaverit,

163 750 350 820 quasi
378 751 733 821 perturbans
762 769 1001 810 omnem
1048 754 1426 825 disciplinam
1479 757 1834 813 ecclesiasti-

166 853 333 907 cam,
358 841 916 898 exeommunicetur.

159 936 303 992 CAP.
337 936 558 993 XCVII.
593 939 793 1021 de
820 940 965 996 clero
1003 945 1420 1021 communicant
1457 959 1833 1021 cumercom-

465 1011 733 1066 muniatis
760 1028 791 1065 (ι
814 1016 1199 1070 communio/ie
1222 1020 1534 1087 priventur.
1590 1008 1596 1023 ’

752 1099 926 1156 Cone.
971 1107 1117 1158 Anc.
1146 1120 1196 1159 c.
1228 1106 1263 1157 2

238 1186 421 1252 (Extr.
466 1187 537 1242 de
571 1187 722 1245 Sent.
756 1204 1124 1260 excommun.,
1159 1197 1214 1248 et
1245 1211 1292 1250 c.
1318 1195 1547 1269 Signi/2)
1580 1199 1639 1255 Si
1698 1203 1830 1273 quis

162 1274 239 1329 de
284 1274 579 1347 episcopis
624 1280 726 1332 aut
782 1280 1158 1353 presbyteris,
1219 1290 1324 1339 aut
1380 1284 1663 1359 diaconis,
1726 1308 1828 1347 seu

166 1362 427 1434 quilibet
455 1381 524 1420 ex
546 1364 700 1422 clero
719 1367 894 1423 fuerit
916 1370 1316 1439 deprehensus
1340 1391 1473 1430 eum
1497 1393 1831 1437 excommu-

165 1452 388 1508 nicatis
419 1457 875 1526 communicare,
903 1459 1077 1514 etiam
1110 1460 1236 1532 ipse
1286 1462 1545 1534 privetur
1589 1485 1622 1523 a
1668 1485 1827 1526 com-

165 1541 458 1598 munione
491 1549 773 1617 tanquam
809 1546 908 1618 qui
937 1549 1195 1619 regulam
1229 1553 1536 1610 confundit
1559 1557 1828 1615 Ecclesia:

154 1640 295 1694 CAP.
330 1642 576 1723 XCVIII:
628 1645 1233 1731 Excommuiii'cationis
1280 1653 1562 1731 contrahit
1612 1673 1829 1728 pwnam

477 1722 573 1785 qui
603 1722 1098 1774 excommunz’catis
1125 1726 1519 1782 communicat.

673 1805 844 1861 Conc.
874 1807 1067 1863 Cartb.
1095 1826 1154 1877 η,
1190 1827 1239 1866 c.
1268 1814 1324 1867 7.

242 1888 358 1959 (11,
390 1906 447 1962 q.
481 1893 533 1946 3.
569 1910 620 1947 c.
657 1895 763 1962 Qui
793 1898 1035 1968 merito.)
1083 1899 1187 1963 Qui
1230 1900 1437 1958 merito
1496 1904 1821 1963 facinorum

167 1994 423 2035 suorum
448 1982 518 2036 ab
542 1982 800 2039 Ecclesia
821 1985 975 2057 pulsi
999 1988 1307 2055 sunt,siab
1331 1991 1528 2065 aliquo
1552 1995 1821 2068 episeopo

162 2072 270 2157 aut
303 2070 640 2141 presbytero
674 2074 891 2129 fuerint
922 2077 979 2130 in
1013 2080 1425 2137 communione
1456 2085 1825 2157 suscepti;et

165 2155 283 2227 ipsi
317 2159 537 2215 eisdem
570 2166 879 2219 teneantur
909 2165 1145 2223 obnoxii
1174 2169 1515 2242 refugiendo
1547 2155 1649 2229 sui
1696 2175 1820 2247 epi-

166 2247 334 2318 scopi
369 2249 636 2321 regulare
662 2252 973 2321 judicium.

166 2344 305 2397 CAP.
357 2344 586 2420 XCIX._
628 2348 703 2401 De
764 2350 909 2418 eod..
987 2367 1038 2407 c.
1124 2354 1230 2420 Qui
1312 2360 1819 2418 communicaverit.

549 2418 630 2471 Ex
655 2435 817 2475 conc.
852 2418 1228 2494 Carthagvi,
1274 2444 1324 2482 c.
1358 2432 1449 2485 73.

241 2503 360 2573 (11,
422 2522 480 2576 q.
534 2522 584 2560 c.
644 2510 755 2577 Qui
800 2513 1331 2587 communicaverit.)
1388 2519 1496 2585 Qui
1556 2536 1821 2577 commu-

169 2591 457 2648 nicaverit
487 2594 573 2649 vel
606 2598 856 2653 oraverit
886 2616 1019 2656 cum
1063 2606 1590 2678 excommunicato,
1618 2610 1666 2665 si
1715 2610 1821 2666 lai-

169 2696 298 2747 cus,
331 2687 916 2756 exeommunicetur;
951 2690 1000 2744 si
1034 2690 1308 2760 clericus,
1341 2697 1684 2768 deponatur.

168 2777 303 2834 CAP.
337 2779 405 2868 C._
456 2783 975 2868 Excommunicutus
1027 2790 1099 2844 ab
1157 2808 1270 2868 uno
1323 2798 1589 2866 episcopo,
1622 2798 1691 2852 ab
1736 2800 1819 2854 αι·-

386 2861 496 2908 tero
531 2861 587 2908 in
620 2861 1058 2915 communionem
1088 2866 1262 2934 recipi
1297 2861 1410 2921 non
1434 2861 1603 2923 debet.

652 2945 827 3002 Cone.
860 2947 1129 3017 Saneen.,
1164 2969 1212 3006 e.
1252 2954 1336 3010 15.

239 3029 366 3085 Sive
398 3030 665 3098 diconus,
701 3034 823 3090 sive
856 3039 1179 3110 presbyter,
1216 3042 1338 3098 sive
1389 3045 1522 3115 quis
1580 3047 1819 3103 clerico-

1517 280 1915 334 PANORMIA.
1951 310 2018 320 —-
2050 282 2182 335 LIB.
2225 284 2292 337 V.

167 392 355 448 liceat
386 393 832 451 communicare
855 399 1399 470 excommunicatis,
1424 418 1530 456 nec
1554 401 1611 461 in
1637 402 1844 457 domos
1874 412 1922 471 Α

3471 283 3614 341 1234

2028 406 2425 460 communicati
2479 420 2707 461 sacrum
2737 402 3043 460 mislerium
3089 407 3419 478 contingere
3446 424 3580 478 prie

2028 482 2281 531 sumunt.

2236 565 2405 621 Joan.
2441 565 2564 620 VIII
2599 564 2751 620 clero
2806 569 2862 621 et
2891 567 3017 622 ord.
3048 566 3321 623 Salernit.

2022 655 2133 723 (11,
2169 671 2227 727 q.
2253 656 2310 722 3,
2351 671 2401 709 c.
2438 659 2513 710 De
2546 654 2669 709 illis
2692 656 3087 727 presbyteris.)
3122 658 3196 712 De
3226 655 3343 712 illis
3366 659 3611 731 presby-

1947 743 2090 799 teris
2124 743 2225 815 qui
2254 748 2518 815 tempore
2547 743 2908 799 sanctissimi
2930 745 3384 815 prmdecessoris
3407 749 3592 803 nostri

1946 833 2144 887 domni
2178 850 2339 903 papas
2363 832 2583 888 Nicolai
2607 833 3093 888 excommunicati
3114 851 3348 890 sacrum
3369 841 3583 905 myste-

1945 922 2097 976 rium
2131 923 2487 994 comtingere
2519 928 3045 994 praesumpserunt,
3081 922 3193 994 ipsi
3224 923 3284 977 in
3318 941 3380 979 se
3422 926 3596 982 dam-

1944 1011 2220 1080 nationis,
2254 1012 2407 1066 sicut
2437 1011 2589 1067 sacri
2615 1028 2867 1066 canones
2921 1016 3210 1079 statuunt,
3240 1014 3596 1071 sententiam

1942 1098 2025 1154 ita
2055 1099 2400 1167 intulerunt,
2435 1105 2630 1155 tamen
2655 1101 2791 1172 quia
2816 1100 3117 1155 miseratio
3140 1101 3463 1172 apostolica
3486 1120 3553 1158 ve
3571 1133 3595 1144 -

1944 1188 2100 1244 niam
2135 1189 2282 1244 solet
2314 1195 2590 1260 praestare
2613 1189 2908 1254 correctis,
2932 1190 3004 1244 ob
3028 1188 3469 1246 multitudinem
3494 1191 3602 1246 mi-

1942 1278 2274 1333 sericordiae
2308 1277 2425 1334 illis
2446 1277 2599 1334 hanc
2646 1277 3075 1349 indulgentiam
3132 1278 3498 1349 exhibemus,
3529 1285 3596 1335 ut

1942 1372 2145 1423 sancta
2176 1368 2591 1423 communione
2620 1366 2872 1438 saginati
2906 1367 3177 1422 studeant
3210 1366 3400 1424 tribus
3450 1384 3597 1423 con-

1941 1456 2126 1511 tinuis
2160 1456 2331 1512 annis
2366 1473 2465 1527 per
2495 1456 2925 1511 hebdomadam
2966 1457 3128 1511 omni
3186 1461 3472 1527 tempore,
3502 1473 3593 1513 se-

1939 1546 2134 1601 cunda
2164 1551 2222 1600 et
2252 1550 2460 1617 quarta
2488 1550 2547 1601 et
2575 1550 2752 1613 sexta,
2788 1545 2950 1611 feria,
2986 1549 3087 1600 aut
3114 1562 3149 1600 a
3205 1544 3338 1600 vino
3397 1550 3500 1601 aut
3558 1564 3592 1602 a

1939 1652 2112 1691 carne
2143 1634 2378 1706 penitus
2402 1634 2695 1705 jejuuare,
2728 1638 2784 1689 et
2816 1633 2969 1689 ultra
2994 1632 3251 1705 lugenda
3282 1634 3590 1705 nequando

1938 1725 2326 1780 committere.

1854 1779 1901 1844 B
1932 1818 2060 1872 CAP.
2094 1813 2203 1869 CV.
2239 1812 2589 1869 Schismatici
2616 1822 2747 1868 sunt
2778 1813 2961 1884 quia!)
2981 1814 3467 1869 excommunicatis
3488 1829 3585 1869 sa-

2440 1894 2724 1940 cramenta
2756 1887 3063 1956 accipiunt.

1998 1977 2054 2031 Si
2084 1978 2155 2031 ab
2178 1976 2270 2031 bis
2301 1993 2448 2049 quos
2477 1974 3016 2031 excommunicatos
3047 1974 3356 2039 habemus,
3389 1990 3585 2029 sacra-

1946 2072 2148 2122 menta
2181 2081 2550 2137 quaecunque
2581 2064 2870 2135 accipitis,
2898 2068 3128 2119 constat
3162 2064 3314 2133 quod
3338 2061 3581 2117 idolola-

1928 2156 2105 2211 triam
2138 2172 2253 2210 non
2288 2159 2352 2210 ut
2380 2153 2664 2210 Catholici
2696 2151 2905 2219 czeteri,
2938 2152 3041 2207 sed
3099 2156 3161 2206 ut
3214 2150 3577 2207 scbismatici

1929 2244 2332 2311 efﬁceremini,
2361 2242 2748 2314 dereliquisse
2778 2240 3086 2296 videmini.

1930 2353 2062 2408 CAP.
2098 2350 2237 2406 CVI.
2273 2353 2347 2405 De
2376 2350 2465 2405 his
2486 2351 2587 2420 qui
2605 2366 2729 2404 cum
2750 2348 3257 2404 exeommuniaatis
3275 2346 3585 2400 communi-

2677 2425 2824 2475 cant.

2256 2510 2533 2565 Nicolaus
2556 2512 2763 2581 Ignaro
2796 2507 3054 2579 archiep.
3088 2512 3246 2563 Rem.

2001 2600 2113 2668 (Il,
2171 2616 2228 2670 q.
2290 2600 2345 2669 3,
2402 2600 2611 2653 Excell.
2671 2614 2772 2653 rex
2831 2598 2984 2666 Car.)
3042 2595 3586 2652 Excellentissimus

1930 2706 2029 2744 rex
2061 2689 2303 2744 Carolus
2335 2687 2731 2760 apostolatum
2773 2691 3046 2743 nostrum
3092 2683 3407 2751 consuluit,
3441 2685 3583 2755 quid

1929 2779 2222 2848 agendum
2256 2777 2334 2831 sit
2362 2779 2432 2832 de
2464 2776 2556 2831 bis
2579 2776 2689 2846 qui
2721 2776 3158 2831 communicant
3190 2790 3323 2829 cum
3357 2773 3448 2829 his
3482 2774 3584 2844 qui

1929 2884 2063 2922 cum
2096 2866 2485 2936 Engeldrude,
2519 2882 2671 2937 saepe
2697 2865 2977 2920 damnata
3007 2863 3223 2919 femina
3252 2862 3582 2919 communi-

1929 2960 2086 3023 cant,
2120 2956 2260 3027 quin
2293 2972 2420 3011 eam
2454 2971 2589 3009 eum
2622 2952 3227 3009 communicatoribus
3259 2956 3317 3008 et
3348 2952 3585 3006 fautori-

1930 3046 2037 3101 bus
2056 3045 2180 3101 suis
2202 3044 2323 3116 pari
2342 3043 2579 3099 vinculo
2602 3042 2997 3099 anathematis
3013 3046 3243 3097 constat
3258 3040 3581 3097 astrictam.

171 3134 315 3214 rum.
335 3120 405 3214 ab
437 3120 712 3193 episeopo
745 3141 852 3179 suo
887 3127 1063 3182 fuerit
1094 3133 1530 3203 communione,
1556 3136 1819 3206 privatus
1852 3148 1894 3214 α
1927 3136 2292 3207 Quapropter
2322 3151 2478 3189 nunc
2516 3132 2867 3188 beatitudini
2913 3136 3024 3187 tum
3076 3130 3470 3201 injungimus,
3522 3134 3586 3184 ut

166 3206 319 3260 etad
351 3207 600 3265 alterum
634 3216 949 3282 perrexerit
996 3217 1359 3291 episcopum,
1384 3228 1440 3277 et
1494 3225 1689 3280 scierit
1746 3226 1817 3280 ad

165 3310 342 3364 quem
368 3297 648 3369 confugit,
684 3317 814 3356 eum
848 3304 919 3358 ab
952 3306 1226 3378 episcopo
1259 3326 1367 3365 suo
1418 3312 1599 3369 fuisse
1646 3315 1809 3385 abje-

166 3388 348 3475 ctum,
385 3401 501 3475 non
528 3394 752 3460 Oportet
779 3396 840 3446 ut
872 3392 923 3447 ei
955 3398 1433 3454 communionem
1463 3402 1768 3475 indulgeat
1800 3423 1814 3472 ;

166 3473 317 3541 quod
355 3473 402 3528 si
458 3476 681 3545 fecerit,
712 3480 860 3535 sciat
891 3499 953 3536 se
986 3487 1321 3541 convocatis
1353 3473 1660 3561 episcopis
1680 3510 1816 3549 cau-

166 3578 292 3616 sam
325 3579 451 3617 esse
483 3566 802 3621 dicturum.

168 3649 302 3706 CAP.
338 3651 424 3707 Cl.
459 3654 495 3706 A
522 3669 618 3708 suo
648 3658 892 3727 episcOpo
923 3664 1435 3719 excommunicatus
1464 3681 1571 3721 non
1630 3678 1705 3724 est
1752 3671 1818 3725 ab

724 3728 843 3782 alio
884 3730 1254 3801 recipiendus.

663 3814 837 3872 Cone.
870 3818 1147 3876 Antioch.
1184 3837 1233 3878 c.
1263 3824 1315 3877 6.

238 3900 358 3997 (II,
382 3916 440 3971 q.
473 3902 528 3997 3,
559 3918 610 3958 ο,
641 3904 703 3958 Si
732 3908 854 3976 quis
878 3926 910 3961 a
937 3912 1165 3997 proprio
1223 3913 1418 3985 episc.)
1476 3915 1534 3969 Si
1593 3919 1727 3989 quis
1784 3938 1817 3976 a

169 3989 399 4058 proprio
431 3989 703 4063 episcopo
735 3996 1149 4052 communione
1206 3999 1472 4070 privatus
1528 4010 1638 4073 est,
1702 4023 1815 4062 non

170 4081 299 4132 ante
329 4078 647 4149 recipiatur
663 4082 734 4136 ab
752 4082 902 4150 aliis,
927 4100 1105 4155 quam
1128 4103 1235 4142 suo
1261 4090 1670 4147 reconcilietur
1689 4096 1815 4166 epi-

169 4181 360 4237 sc0po,
395 4172 496 4222 aut
527 4178 677 4225 certe
709 4172 779 4225 ad
811 4175 1100 4243 synodum
1129 4192 1258 4246 qua:
1289 4186 1680 4251 congregatur
1717 4201 1816 4240 ac-

170 4270 427 4323 currens,
460 4273 563 4327 pro
595 4276 657 4313 se
687 4260 1069 4318 sastisfaciat.

170 4350 297 4407 CAP.
329 4353 442 4409 CII.
472 4356 546 4410 De
574 4355 660 4410 his
690 4360 788 4427 qui
820 4362 1064 4440 tempore
1082 4378 1195 4417 sum
1225 4368 1813 4427 excommunicationis

580 4444 996 4487 communicare
1018 4445 1387 4504 praesumunt.

306 4512 581 4570 Nicolaus
614 4517 937 4588 Epiphanio
969 4522 1149 4593 episc.
1184 4522 1241 4578 in
1277 4541 1439 4581 conc.
1472 4529 1653 4584 Afric.

237 4602 347 4671 (11,
380 4619 437 4673 q.
467 4604 521 4671 3,
556 4621 605 4662 c.
639 4609 904 4679 Placuit.)
929 4610 1241 4668 Saneimus
1282 4619 1347 4669 ut
1405 4616 1454 4670 si
1513 4619 1646 4687 quis
1706 4637 1808 4690 pro

172 4688 361 4760 aliquo
394 4692 663 4763 neglectu
696 4701 753 4752 et
780 4697 1023 4754 crimine
1054 4716 1087 4754 a
1118 4702 1353 4773 proprio
1406 4688 1807 4762 excommuni-

171 4785 329 4834 catus
359 4780 631 4853 episcopo
658 4784 846 4853 fuerit,
873 4788 945 4841 ab
969 4787 1081 4843 alio
1104 4790 1381 4862 episcopo
1404 4809 1517 4848 non
1542 4811 1809 4852 commu-

172 4868 411 4922 nicetur.
444 4870 500 4924 Si
530 4888 663 4927 vero
685 4879 819 4930 ante
839 4876 1197 4933 audientiam
1217 4882 1808 4956 communicarepraa-

172 4958 504 5029 sumpserit,
537 4960 934 5020 damnationis
956 4982 1075 5021 sua:
1099 4966 1318 5024 illatam
1343 4978 1655 5042 cognoscat
1675 4991 1805 5029 sen-

174 5045 431 5101 tentiam.

694 5144 826 5196 CAP.
860 5143 998 5197 CIII.
1032 5146 1108 5201 De
1140 5146 1256 5202 eod.

494 5223 690 5280 Canon
748 5234 936 5299 apost.
970 5248 1021 5285 ς.
1058 5234 1145 5298 11,
1177 5239 1234 5288 et
1265 5234 1467 5291 Isidor.

237 5312 343 5384 (11,
378 5328 435 5382 q.
468 5313 522 5383 3,
546 5331 594 5368 e.
621 5319 756 5371 Cum
779 5322 1149 5393 excommun.)
1174 5322 1231 5376 Si
1257 5325 1390 5395 quis
1419 5343 1552 5381 cum
1577 5345 1803 5385 excom-

175 5401 460 5457 municato
494 5402 699 5458 saltem
734 5406 791 5461 in
824 5409 997 5463 domo
1031 5412 1267 5466 locutus
1293 5413 1575 5471 fueritvel
1604 5434 1835 5473 orave-'

175 5493 255 5544 rit.
290 5490 386 5544 ille
418 5507 449 5545 a
481 5497 896 5553 communione
930 5499 1207 5570 privetur.

174 5590 294 5643 CAP.
328 5589 467 5646 CIV.
503 5592 659 5665 Quae,
686 5598 737 5651 si
768 5598 1093 5668 paenitentia
1129 5600 1496 5674 sacerdotum,
1555 5604 1651 5675 qui
1700 5623 1801 5663 ac-

1929 3242 2106 3296 super
2137 3225 2246 3279 hoc
2278 3228 2478 3280 nostra
2505 3222 2854 3278 auctoritate
2887 3219 3018 3277 freti
3050 3237 3251 3275 curam
3274 3222 3345 3275 de
3370 3219 3463 3274 his
3486 3235 3583 3273 su-

1930 3330 2086 3369 mere
2118 3312 2426 3381 studeatis,
2460 3317 2516 3367 et
2563 3312 2703 3381 quia
2752 3312 2922 3365 docta
2971 3308 3255 3364 divinitus
3302 3308 3581 3363 sanctitas

1927 3407 2049 3463 tua,
2083 3402 2249 3455 valde
2282 3402 2439 3454 novit
2471 3399 2631 3453 aliud
2663 3415 2731 3452 ex
2780 3396 3137 3467 ignorantia,
3199 3400 3375 3466 atque
3422 3394 3581 3451 aliud

1928 3489 2083 3560 q‘uod
2118 3504 2184 3542 ex
2224 3488 2419 3542 studio
2478 3485 2887 3556 delinquitur;
2950 3484 3230 3554 istudque
3284 3485 3582 3554 posterius

1928 3578 2158 3632 duobus
2182 3576 2478 3647 prioribus
2510 3573 2767 3630 strictius
2798 3589 2927 3629 esse
2949 3571 3340 3644 puniendum,
3364 3572 3577 3627 idcirco

1926 3665 2173 3721 solerter
2198 3664 2461 3734 invigilat
2490 3667 2546 3718 et
2575 3668 2748 3718 cauta
2776 3660 3128 3717 discretione
3149 3661 3431 3731 dijudicet
3455 3677 3578 3715 mo-

1926 3756 2053 3820 dos,
2088 3760 2380 3826 quatenus
2415 3753 2470 3808 bi
2498 3752 2599 3824 qui
2631 3769 2699 3807 ex
2730 3751 3078 3807 necessitate
3109 3750 3197 3804 vel
3246 3750 3578 3820 ignorantia

1926 3844 2278 3915 delinquunt
2307 3842 2654 3898 auctoritate
2673 3844 2874 3897 nostra
2895 3855 3001 3912 per
3018 3843 3073 3895 te
3096 3838 3498 3896 absolvantur.
3514 3838 3577 3894 Si

1926 3938 2122 3988 tamen
2150 3933 2279 4004 ipsa
2310 3948 2513 3987 eorum
2546 3930 2882 4002 ignorantia
2912 3928 2999 3984 vel
3022 3927 3343 3983 necessitas
3366 3943 3500 3981 vera
3521 3932 3578 3981 et

1926 4040 2040 4078 non
2060 4022 2358 4091 simulata,
2376 4021 2465 4075 vel
2489 4037 2602 4076 non
2625 4036 2692 4076 ex
2709 4019 3008 4075 voluntate
3046 4016 3418 4088 processerit,
3442 4014 3576 4084 quia

1926 4117 1990 4166 ut
2015 4112 2162 4165 bene
2193 4109 2366 4179 nosti,
2400 4109 2662 4180 plerique
2693 4111 2833 4163 sunt
2867 4106 2967 4179 qui
3001 4109 3252 4177 possunt
3314 4103 3574 4174 quidem,

1924 4200 2024 4255 sed
2058 4199 2268 4254 nolunt
2297 4203 2453 4252 recta
2482 4213 2675 4252 nosse.
2710 4196 2875 4251 Unde
2907 4192 3222 4250 Psalmista
3253 4194 3324 4247 de
3365 4192 3576 4263 hujus-

1925 4289 2121 4343 modi:
2155 4287 2368 4357 Noluit,
2428 4286 2641 4359 inquit,
2708 4284 3025 4355 intelligere
3083 4284 3140 4337 ut
3193 4283 3325 4337 bene
3381 4286 3575 4352 ageret

1919 4378 2095 4450 (Psal.
2127 4377 2313 4447 xxxv).
2350 4376 2489 4431 Illos
2511 4379 2707 4431 autem
2738 4374 2838 4445 qui
2862 4372 3057 4428 studio
3082 4388 3187 4427 suo
3214 4371 3571 4443 obligantur,

1922 4472 1979 4521 et
2007 4469 2344 4537 contempta
2371 4469 2572 4520 nostra
2595 4462 2907 4518 interdicta
2928 4465 3313 4534 postponunt,
3337 4461 3571 4516 nonnisi

1922 4555 2101 4626 digna
2132 4554 2534 4609 satisfactione
2561 4552 2949 4625 praeveniente
2978 4548 3255 4605 volumus
3286 4554 3390 4606 ate
3407 4567 3569 4621 pror-

1922 4660 2025 4699 sus
2058 4643 2305 4699 absolvi.

1920 4734 2055 4789 CAP.
2089 4732 2249 4788 CVII.
2283 4738 2392 4788 Pro
2412 4732 2573 4787 modo
2602 4731 2820 4801 peccati
2847 4730 3178 4801 puniantur,
3210 4729 3309 4801 qui
3352 4743 3570 4784 excom-

2366 4803 2667 4859 municatis
2694 4803 3127 4858 communicant.

2106 4894 2378 4949 Urbanus
2413 4895 2480 4959 II,
2515 4891 2843 4948 Genebaldo
2874 4892 3177 4948 Constant.
3201 4891 3381 4963 episc.

1989 4984 2101 5055 (11,
2134 5000 2189 5053 q.
2222 4984 2277 5048 3,
2310 5000 2363 5038 c.
2397 4982 2619 5039 Sanctis
2649 4980 2893 5053 quippe.)
2923 4982 3156 5037 Sanctis
3212 4980 3427 5051 quippe
3475 4995 3570 5033 eu—

1919 5072 2173 5127 nonibus
2205 5076 2442 5127 cautum
2485 5075 2736 5138 constat,
2770 5075 2835 5125 ut
2885 5070 2988 5142 qui
3045 5066 3571 5125 excommunicatis

1917 5160 2458 5229 communicavcrit,
2514 5159 3074 5216 excommunicetur.
3125 5156 3313 5228 Ipsius
3371 5161 3568 5212 tamen

1916 5250 2271 5321 poenitentiae
2306 5255 2480 5320 atque
2512 5247 2899 5304 absolutionis
2927 5247 3133 5301 modos
3178 5262 3243 5299 eo
3303 5244 3567 5299 modera-

1917 5338 2072 5392 mine
2103 5338 2491 5413 decernimus,
2546 5344 2612 5393 ut
2641 5338 2980 5409 quicunque
3049 5352 3149 5389 seu
3210 5333 3565 5403 ignorantia,

1916 5444 2018 5483 seu
2052 5427 2282 5493 timore,
2314 5445 2414 5484 seu
2450 5428 2795 5483 necessitate
2826 5423 3045 5496 negotii
3066 5424 3415 5494 cujusquam
3441 5439 3567 5476 ma-

1913 5516 2055 5571 ximi
2087 5522 2143 5572 et
2176 5518 2429 5573 maxime
2452 5514 2789 5583 necessarii,
2824 5532 2927 5570 seu
2963 5514 3230 5569 convictu
3291 5518 3347 5568 et
3402 5512 3561 5568 salu-

1914 5606 2154 5679 tatione,
2186 5607 2447 5664 oratione
2496 5606 2582 5662 vel
2629 5603 2830 5661 osculo
2883 5603 3385 5674 contaminaverit,
3429 5619 3560 5659 cum
