  <div class='ocr_page' id='page_1' title='image "/cluster/home/n/w/nwhite01/storage/ocr_20150623/161/hvd.32044054760194/663.png"; bbox 0 0 4000 6054; ppageno 0'>
   <div class='ocr_carea' id='block_1_1' title="bbox 414 265 552 320">
    <p class='ocr_par' dir='ltr' id='par_1_1' title="bbox 414 265 552 320">
     <span class='ocr_line' id='line_1_1' title="bbox 414 265 552 320; baseline -0.014 0"><span class='ocrx_word' id='word_1_1' title='bbox 414 265 552 320; x_wconf 84' lang='grc'>1235</span> 
     </span>
    </p>
   </div>
   <div class='ocr_carea' id='block_1_2' title="bbox 1491 257 2738 313">
    <p class='ocr_par' dir='ltr' id='par_1_2' title="bbox 1491 257 2738 313">
     <span class='ocr_line' id='line_1_2' title="bbox 1491 257 2738 313; baseline -0.004 0"><span class='ocrx_word' id='word_1_2' title='bbox 1491 265 1558 313; x_wconf 89' lang='grc' dir='ltr'>Ι).</span> <span class='ocrx_word' id='word_1_3' title='bbox 1604 259 1841 313; x_wconf 78' lang='lat' dir='ltr'>IVONIS</span> <span class='ocrx_word' id='word_1_4' title='bbox 1877 257 2378 313; x_wconf 72' lang='lat' dir='ltr'>CARNO’I‘ENSIS</span> <span class='ocrx_word' id='word_1_5' title='bbox 2418 257 2738 310; x_wconf 85' lang='lat' dir='ltr'>EPISCOPI</span> 
     </span>
    </p>
   </div>
   <div class='ocr_carea' id='block_1_3' title="bbox 3693 254 3826 309">
    <p class='ocr_par' dir='ltr' id='par_1_3' title="bbox 3693 254 3826 309">
     <span class='ocr_line' id='line_1_3' title="bbox 3693 254 3826 309; baseline 0.023 -3"><span class='ocrx_word' id='word_1_6' title='bbox 3693 255 3716 306; x_wconf 91' lang='grc'>1</span> <span class='ocrx_word' id='word_1_7' title='bbox 3727 254 3826 309; x_wconf 72' lang='grc'>236</span> 
     </span>
    </p>
   </div>
   <div class='ocr_carea' id='block_1_4' title="bbox 411 376 3826 460">
    <p class='ocr_par' dir='ltr' id='par_1_4' title="bbox 411 376 3826 460">
     <span class='ocr_line' id='line_1_4' title="bbox 411 376 3826 460; baseline -0.003 -17"><span class='ocrx_word' id='word_1_8' title='bbox 411 388 656 444; x_wconf 87' lang='lat' dir='ltr'>minoris</span> <span class='ocrx_word' id='word_1_9' title='bbox 686 386 1041 460; x_wconf 59' lang='lat' dir='ltr'>paenitentia</span> <span class='ocrx_word' id='word_1_10' title='bbox 1071 385 1361 440; x_wconf 90' lang='lat' dir='ltr'>medicina</span> <span class='ocrx_word' id='word_1_11' title='bbox 1381 382 1678 438; x_wconf 78' lang='lat' dir='ltr'>societatis</span> <span class='ocrx_word' id='word_1_12' title='bbox 1699 386 1910 438; x_wconf 65' lang='lat' dir='ltr'>nostra:</span> <span class='ocrx_word' id='word_1_13' title='bbox 1935 398 2067 452; x_wconf 89' lang='lat' dir='ltr'>par-</span> <span class='ocrx_word' id='word_1_14' title='bbox 2099 383 2150 447; x_wconf 84' lang='grc' dir='ltr'><strong>Α</strong></span> <span class='ocrx_word' id='word_1_15' title='bbox 2183 379 2460 436; x_wconf 84' lang='lat' dir='ltr'>excludit.</span> <span class='ocrx_word' id='word_1_16' title='bbox 2496 378 2604 444; x_wconf 89' lang='lat' dir='ltr'>Qui</span> <span class='ocrx_word' id='word_1_17' title='bbox 2637 377 2816 432; x_wconf 89' lang='lat' dir='ltr'>etiam</span> <span class='ocrx_word' id='word_1_18' title='bbox 2847 376 2906 431; x_wconf 92' lang='lat' dir='ltr'>in</span> <span class='ocrx_word' id='word_1_19' title='bbox 2941 376 3067 431; x_wconf 86' lang='lat' dir='ltr'>suis</span> <span class='ocrx_word' id='word_1_20' title='bbox 3099 377 3338 448; x_wconf 81' lang='lat' dir='ltr'>scriptis</span> <span class='ocrx_word' id='word_1_21' title='bbox 3367 380 3647 446; x_wconf 80' lang='lat' dir='ltr'>ostendit,</span> <span class='ocrx_word' id='word_1_22' title='bbox 3678 385 3826 452; x_wconf 77' lang='lat' dir='ltr'>quod</span> 
     </span>
    </p>
   </div>
   <div class='ocr_carea' id='block_1_5' title="bbox 408 474 2062 550">
    <p class='ocr_par' dir='ltr' id='par_1_5' title="bbox 408 474 2062 550">
     <span class='ocr_line' id='line_1_5' title="bbox 408 474 2062 550; baseline -0.005 -17"><span class='ocrx_word' id='word_1_23' title='bbox 408 479 647 550; x_wconf 90' lang='lat' dir='ltr'>ticipem</span> <span class='ocrx_word' id='word_1_24' title='bbox 673 477 1018 532; x_wconf 79' lang='lat' dir='ltr'>sortiantur.</span> <span class='ocrx_word' id='word_1_25' title='bbox 1035 480 1145 531; x_wconf 88' lang='lat' dir='ltr'>Eos</span> <span class='ocrx_word' id='word_1_26' title='bbox 1165 490 1304 530; x_wconf 89' lang='lat' dir='ltr'>vero</span> <span class='ocrx_word' id='word_1_27' title='bbox 1327 474 1427 546; x_wconf 87' lang='lat' dir='ltr'>qui</span> <span class='ocrx_word' id='word_1_28' title='bbox 1451 475 1676 544; x_wconf 82' lang='lat' dir='ltr'>sponte,</span> <span class='ocrx_word' id='word_1_29' title='bbox 1697 475 1798 526; x_wconf 90' lang='lat' dir='ltr'>aut</span> <span class='ocrx_word' id='word_1_30' title='bbox 1819 476 2062 543; x_wconf 87' lang='lat' dir='ltr'>sponta-</span> 
     </span>
    </p>
   </div>
   <div class='ocr_carea' id='block_1_6' title="bbox 415 559 2061 639">
    <p class='ocr_par' dir='ltr' id='par_1_6' title="bbox 415 559 2061 639">
     <span class='ocr_line' id='line_1_6' title="bbox 415 559 2061 639; baseline -0.006 -16"><span class='ocrx_word' id='word_1_31' title='bbox 415 585 542 633; x_wconf 89' lang='lat' dir='ltr'>nee,</span> <span class='ocrx_word' id='word_1_32' title='bbox 567 571 668 622; x_wconf 92' lang='lat' dir='ltr'>aut</span> <span class='ocrx_word' id='word_1_33' title='bbox 699 567 1062 639; x_wconf 83' lang='lat' dir='ltr'>negligenter</span> <span class='ocrx_word' id='word_1_34' title='bbox 1091 561 1422 628; x_wconf 85' lang='lat' dir='ltr'>inciderint,</span> <span class='ocrx_word' id='word_1_35' title='bbox 1458 562 1568 616; x_wconf 88' lang='lat' dir='ltr'>sub</span> <span class='ocrx_word' id='word_1_36' title='bbox 1583 578 1646 616; x_wconf 88' lang='lat' dir='ltr'>ea</span> <span class='ocrx_word' id='word_1_37' title='bbox 1668 561 1944 616; x_wconf 81' lang='lat' dir='ltr'>volumus</span> <span class='ocrx_word' id='word_1_38' title='bbox 1965 559 2061 614; x_wconf 92' lang='lat' dir='ltr'>di-</span> 
     </span>
    </p>
   </div>
   <div class='ocr_carea' id='block_1_7' title="bbox 413 650 2064 728">
    <p class='ocr_par' dir='ltr' id='par_1_7' title="bbox 413 650 2064 728">
     <span class='ocr_line' id='line_1_7' title="bbox 413 650 2064 728; baseline -0.006 -15"><span class='ocrx_word' id='word_1_39' title='bbox 413 657 673 728; x_wconf 74' lang='lat' dir='ltr'>sciplinae</span> <span class='ocrx_word' id='word_1_40' title='bbox 703 657 1048 713; x_wconf 72' lang='lat' dir='ltr'>coercitione</span> <span class='ocrx_word' id='word_1_41' title='bbox 1080 652 1321 725; x_wconf 82' lang='lat' dir='ltr'>suscipi,</span> <span class='ocrx_word' id='word_1_42' title='bbox 1356 657 1419 708; x_wconf 92' lang='lat' dir='ltr'>ut</span> <span class='ocrx_word' id='word_1_43' title='bbox 1447 650 1672 707; x_wconf 84' lang='lat' dir='ltr'>caeteris</span> <span class='ocrx_word' id='word_1_44' title='bbox 1721 655 1913 706; x_wconf 90' lang='lat' dir='ltr'>metus</span> <span class='ocrx_word' id='word_1_45' title='bbox 1970 650 2064 704; x_wconf 91' lang='lat' dir='ltr'>in-</span> 
     </span>
    </p>
   </div>
   <div class='ocr_carea' id='block_1_8' title="bbox 419 747 697 802">
    <p class='ocr_par' dir='ltr' id='par_1_8' title="bbox 419 747 697 802">
     <span class='ocr_line' id='line_1_8' title="bbox 419 747 697 802; baseline -0.004 0"><span class='ocrx_word' id='word_1_46' title='bbox 419 747 697 802; x_wconf 88' lang='lat' dir='ltr'>cutiatur.</span> 
     </span>
    </p>
   </div>
   <div class='ocr_carea' id='block_1_9' title="bbox 416 883 2066 958">
    <p class='ocr_par' dir='ltr' id='par_1_9' title="bbox 416 883 2066 958">
     <span class='ocr_line' id='line_1_9' title="bbox 416 883 2066 958; baseline -0.005 -12"><span class='ocrx_word' id='word_1_47' title='bbox 416 895 548 946; x_wconf 82' lang='lat' dir='ltr'>CAP.</span> <span class='ocrx_word' id='word_1_48' title='bbox 582 889 774 944; x_wconf 83' lang='lat' dir='ltr'>CVIII.</span> <span class='ocrx_word' id='word_1_49' title='bbox 809 889 1012 958; x_wconf 83' lang='lat' dir='ltr'>Regum</span> <span class='ocrx_word' id='word_1_50' title='bbox 1041 891 1091 942; x_wconf 85' lang='lat' dir='ltr'>et</span> <span class='ocrx_word' id='word_1_51' title='bbox 1121 886 1441 958; x_wconf 75' lang='lat' dir='ltr'>principum</span> <span class='ocrx_word' id='word_1_52' title='bbox 1473 889 1659 955; x_wconf 81' lang='lat' dir='ltr'>patres</span> <span class='ocrx_word' id='word_1_53' title='bbox 1705 887 1754 939; x_wconf 87' lang='lat' dir='ltr'>et</span> <span class='ocrx_word' id='word_1_54' title='bbox 1811 883 2066 954; x_wconf 74' lang='lat' dir='ltr'>magistri</span> 
     </span>
    </p>
   </div>
   <div class='ocr_carea' id='block_1_10' title="bbox 847 959 1630 1014">
    <p class='ocr_par' dir='ltr' id='par_1_10' title="bbox 847 959 1630 1014">
     <span class='ocr_line' id='line_1_10' title="bbox 847 959 1630 1014; baseline 0 -2"><span class='ocrx_word' id='word_1_55' title='bbox 847 959 1151 1014; x_wconf 76' lang='lat' dir='ltr'>sacerdotes</span> <span class='ocrx_word' id='word_1_56' title='bbox 1181 975 1294 1014; x_wconf 80' lang='lat' dir='ltr'>esse</span> <span class='ocrx_word' id='word_1_57' title='bbox 1323 966 1630 1013; x_wconf 84' lang='lat' dir='ltr'>censentur.</span> 
     </span>
    </p>
   </div>
   <div class='ocr_carea' id='block_1_11' title="bbox 583 1053 1896 1129">
    <p class='ocr_par' dir='ltr' id='par_1_11' title="bbox 583 1053 1896 1129">
     <span class='ocr_line' id='line_1_11' title="bbox 583 1053 1896 1129; baseline -0.006 -15"><span class='ocrx_word' id='word_1_58' title='bbox 583 1057 898 1129; x_wconf 80' lang='lat' dir='ltr'>Gregorius</span> <span class='ocrx_word' id='word_1_59' title='bbox 929 1057 1000 1111; x_wconf 87' lang='lat' dir='ltr'>ad</span> <span class='ocrx_word' id='word_1_60' title='bbox 1033 1061 1392 1111; x_wconf 85' lang='lat' dir='ltr'>Ilermanum</span> <span class='ocrx_word' id='word_1_61' title='bbox 1435 1056 1680 1110; x_wconf 86' lang='lat' dir='ltr'>Mctens.</span> <span class='ocrx_word' id='word_1_62' title='bbox 1715 1053 1896 1124; x_wconf 88' lang='lat' dir='ltr'>episc.</span> 
     </span>
    </p>
   </div>
   <div class='ocr_carea' id='block_1_12' title="bbox 486 1159 2068 1236">
    <p class='ocr_par' dir='ltr' id='par_1_12' title="bbox 486 1159 2068 1236">
     <span class='ocr_line' id='line_1_12' title="bbox 486 1159 2068 1236; baseline -0.005 -16"><span class='ocrx_word' id='word_1_63' title='bbox 486 1166 653 1236; x_wconf 83' lang='lat' dir='ltr'>(Dist.</span> <span class='ocrx_word' id='word_1_64' title='bbox 684 1165 777 1232; x_wconf 85' lang='lat'>96,</span> <span class='ocrx_word' id='word_1_65' title='bbox 807 1180 863 1220; x_wconf 86' lang='grc' dir='ltr'><strong>ο.</strong></span> <span class='ocrx_word' id='word_1_66' title='bbox 905 1163 1038 1232; x_wconf 82' lang='lat' dir='ltr'>Quis</span> <span class='ocrx_word' id='word_1_67' title='bbox 1059 1162 1320 1233; x_wconf 81' lang='lat' dir='ltr'>dubitet.)</span> <span class='ocrx_word' id='word_1_68' title='bbox 1351 1161 1493 1228; x_wconf 84' lang='lat' dir='ltr'>Quis</span> <span class='ocrx_word' id='word_1_69' title='bbox 1525 1161 1754 1214; x_wconf 86' lang='lat' dir='ltr'>dubitet</span> <span class='ocrx_word' id='word_1_70' title='bbox 1797 1159 2068 1214; x_wconf 86' lang='lat' dir='ltr'>sacerdo-</span> 
     </span>
    </p>
   </div>
   <div class='ocr_carea' id='block_1_13' title="bbox 414 1249 2070 1327">
    <p class='ocr_par' dir='ltr' id='par_1_13' title="bbox 414 1249 2070 1327">
     <span class='ocr_line' id='line_1_13' title="bbox 414 1249 2070 1327; baseline -0.007 -13"><span class='ocrx_word' id='word_1_71' title='bbox 414 1263 504 1314; x_wconf 87' lang='lat' dir='ltr'>tes</span> <span class='ocrx_word' id='word_1_72' title='bbox 532 1255 748 1312; x_wconf 91' lang='lat' dir='ltr'>Christi</span> <span class='ocrx_word' id='word_1_73' title='bbox 779 1260 836 1310; x_wconf 90' lang='lat' dir='ltr'>et</span> <span class='ocrx_word' id='word_1_74' title='bbox 861 1271 1067 1327; x_wconf 85' lang='lat' dir='ltr'>regum</span> <span class='ocrx_word' id='word_1_75' title='bbox 1099 1259 1155 1310; x_wconf 91' lang='lat' dir='ltr'>et</span> <span class='ocrx_word' id='word_1_76' title='bbox 1185 1252 1520 1324; x_wconf 88' lang='lat' dir='ltr'>principum</span> <span class='ocrx_word' id='word_1_77' title='bbox 1555 1251 1944 1323; x_wconf 88' lang='lat' dir='ltr'>omniumque</span> <span class='ocrx_word' id='word_1_78' title='bbox 2003 1249 2070 1303; x_wconf 75' lang='lat' dir='ltr'>Ii~</span> 
     </span>
    </p>
   </div>
   <div class='ocr_carea' id='block_1_14' title="bbox 415 1338 2074 1418">
    <p class='ocr_par' dir='ltr' id='par_1_14' title="bbox 415 1338 2074 1418">
     <span class='ocr_line' id='line_1_14' title="bbox 415 1338 2074 1418; baseline -0.007 -16"><span class='ocrx_word' id='word_1_79' title='bbox 415 1346 634 1403; x_wconf 90' lang='lat' dir='ltr'>delium</span> <span class='ocrx_word' id='word_1_80' title='bbox 669 1349 865 1418; x_wconf 80' lang='lat' dir='ltr'>patres</span> <span class='ocrx_word' id='word_1_81' title='bbox 900 1344 1218 1415; x_wconf 84' lang='lat' dir='ltr'>magistros</span> <span class='ocrx_word' id='word_1_82' title='bbox 1249 1345 1493 1398; x_wconf 88' lang='lat' dir='ltr'>censeri.</span> <span class='ocrx_word' id='word_1_83' title='bbox 1527 1341 1732 1396; x_wconf 88' lang='lat' dir='ltr'>Nonne</span> <span class='ocrx_word' id='word_1_84' title='bbox 1764 1338 2074 1394; x_wconf 80' lang='lat' dir='ltr'>miserabi-</span> 
     </span>
    </p>
   </div>
   <div class='ocr_carea' id='block_1_15' title="bbox 423 1429 2073 1505">
    <p class='ocr_par' dir='ltr' id='par_1_15' title="bbox 423 1429 2073 1505">
     <span class='ocr_line' id='line_1_15' title="bbox 423 1429 2073 1505; baseline -0.006 -13"><span class='ocrx_word' id='word_1_85' title='bbox 423 1437 501 1492; x_wconf 85' lang='lat' dir='ltr'>lis</span> <span class='ocrx_word' id='word_1_86' title='bbox 531 1452 660 1492; x_wconf 89' lang='lat' dir='ltr'>esse</span> <span class='ocrx_word' id='word_1_87' title='bbox 691 1434 934 1490; x_wconf 67' lang='lat' dir='ltr'>insania:</span> <span class='ocrx_word' id='word_1_88' title='bbox 967 1437 1372 1505; x_wconf 74' lang='lat' dir='ltr'>cognoscatur,</span> <span class='ocrx_word' id='word_1_89' title='bbox 1398 1432 1447 1486; x_wconf 90' lang='lat' dir='ltr'>si</span> <span class='ocrx_word' id='word_1_90' title='bbox 1482 1431 1636 1486; x_wconf 92' lang='lat' dir='ltr'>ﬁlius</span> <span class='ocrx_word' id='word_1_91' title='bbox 1695 1429 2073 1500; x_wconf 68' lang='lat' dir='ltr'>patrem,‘._di-</span> 
     </span>
    </p>
   </div>
   <div class='ocr_carea' id='block_1_16' title="bbox 421 1517 2075 1597">
    <p class='ocr_par' dir='ltr' id='par_1_16' title="bbox 421 1517 2075 1597">
     <span class='ocr_line' id='line_1_16' title="bbox 421 1517 2075 1597; baseline -0.006 -16"><span class='ocrx_word' id='word_1_92' title='bbox 421 1525 688 1597; x_wconf 87' lang='lat' dir='ltr'>scipulus</span> <span class='ocrx_word' id='word_1_93' title='bbox 719 1523 1070 1596; x_wconf 87' lang='lat' dir='ltr'>magistrum</span> <span class='ocrx_word' id='word_1_94' title='bbox 1107 1521 1219 1576; x_wconf 91' lang='lat' dir='ltr'>sibi</span> <span class='ocrx_word' id='word_1_95' title='bbox 1259 1525 1502 1576; x_wconf 89' lang='lat' dir='ltr'>conetur</span> <span class='ocrx_word' id='word_1_96' title='bbox 1523 1520 1860 1591; x_wconf 82' lang='lat' dir='ltr'>subjugare,</span> <span class='ocrx_word' id='word_1_97' title='bbox 1885 1522 1940 1573; x_wconf 92' lang='lat' dir='ltr'>et</span> <span class='ocrx_word' id='word_1_98' title='bbox 1963 1517 2075 1572; x_wconf 88' lang='lat' dir='ltr'>ini-</span> 
     </span>
    </p>
   </div>
   <div class='ocr_carea' id='block_1_17' title="bbox 429 1607 2076 1686">
    <p class='ocr_par' dir='ltr' id='par_1_17' title="bbox 429 1607 2076 1686">
     <span class='ocr_line' id='line_1_17' title="bbox 429 1607 2076 1686; baseline -0.004 -17"><span class='ocrx_word' id='word_1_99' title='bbox 429 1615 563 1686; x_wconf 86' lang='lat' dir='ltr'>quis</span> <span class='ocrx_word' id='word_1_100' title='bbox 589 1613 1053 1685; x_wconf 83' lang='lat' dir='ltr'>obligationibus</span> <span class='ocrx_word' id='word_1_101' title='bbox 1083 1611 1254 1666; x_wconf 89' lang='lat' dir='ltr'>illum</span> <span class='ocrx_word' id='word_1_102' title='bbox 1286 1627 1404 1666; x_wconf 66' lang='lat' dir='ltr'>sum</span> <span class='ocrx_word' id='word_1_103' title='bbox 1433 1609 1707 1681; x_wconf 89' lang='lat' dir='ltr'>potestati</span> <span class='ocrx_word' id='word_1_104' title='bbox 1762 1607 2076 1677; x_wconf 84' lang='lat' dir='ltr'>subjicere,</span> 
     </span>
    </p>
   </div>
   <div class='ocr_carea' id='block_1_18' title="bbox 428 1695 2076 1775">
    <p class='ocr_par' dir='ltr' id='par_1_18' title="bbox 428 1695 2076 1775">
     <span class='ocr_line' id='line_1_18' title="bbox 428 1695 2076 1775; baseline -0.006 -15"><span class='ocrx_word' id='word_1_105' title='bbox 428 1722 462 1760; x_wconf 86' lang='lat' dir='ltr'>a</span> <span class='ocrx_word' id='word_1_106' title='bbox 491 1721 600 1775; x_wconf 91' lang='lat' dir='ltr'>quo</span> <span class='ocrx_word' id='word_1_107' title='bbox 632 1702 815 1758; x_wconf 89' lang='lat' dir='ltr'>credit</span> <span class='ocrx_word' id='word_1_108' title='bbox 845 1719 960 1757; x_wconf 90' lang='lat' dir='ltr'>non</span> <span class='ocrx_word' id='word_1_109' title='bbox 992 1700 1181 1757; x_wconf 90' lang='lat' dir='ltr'>solum</span> <span class='ocrx_word' id='word_1_110' title='bbox 1211 1700 1270 1755; x_wconf 89' lang='lat' dir='ltr'>in</span> <span class='ocrx_word' id='word_1_111' title='bbox 1302 1704 1476 1766; x_wconf 82' lang='lat' dir='ltr'>terra,</span> <span class='ocrx_word' id='word_1_112' title='bbox 1512 1700 1612 1754; x_wconf 91' lang='lat' dir='ltr'>sed</span> <span class='ocrx_word' id='word_1_113' title='bbox 1643 1699 1818 1753; x_wconf 88' lang='lat' dir='ltr'>etiam</span> <span class='ocrx_word' id='word_1_114' title='bbox 1851 1697 1908 1750; x_wconf 91' lang='lat' dir='ltr'>in</span> <span class='ocrx_word' id='word_1_115' title='bbox 1933 1695 2076 1752; x_wconf 74' lang='lat' dir='ltr'>coelo</span> 
     </span>
    </p>
   </div>
   <div class='ocr_carea' id='block_1_19' title="bbox 426 1763 2154 1865">
    <p class='ocr_par' dir='ltr' id='par_1_19' title="bbox 426 1763 2154 1865">
     <span class='ocr_line' id='line_1_19' title="bbox 426 1763 2154 1865; baseline -0.005 -17"><span class='ocrx_word' id='word_1_116' title='bbox 426 1811 488 1850; x_wconf 89' lang='lat' dir='ltr'>se</span> <span class='ocrx_word' id='word_1_117' title='bbox 509 1763 688 1865; x_wconf 76' lang='lat' dir='ltr'>ligari</span> <span class='ocrx_word' id='word_1_118' title='bbox 721 1808 910 1864; x_wconf 86' lang='lat' dir='ltr'>posse,</span> <span class='ocrx_word' id='word_1_119' title='bbox 943 1795 999 1845; x_wconf 89' lang='lat' dir='ltr'>et</span> <span class='ocrx_word' id='word_1_120' title='bbox 1030 1791 1196 1845; x_wconf 81' lang='lat' dir='ltr'>solvi.</span> <span class='ocrx_word' id='word_1_121' title='bbox 1225 1795 1356 1844; x_wconf 67' lang='lat' dir='ltr'>Harc</span> <span class='ocrx_word' id='word_1_122' title='bbox 1389 1763 1472 1844; x_wconf 87' lang='lat' dir='ltr'>sic</span> <span class='ocrx_word' id='word_1_123' title='bbox 1502 1789 1711 1844; x_wconf 84' lang='lat' dir='ltr'>beatus</span> <span class='ocrx_word' id='word_1_124' title='bbox 1761 1786 2078 1857; x_wconf 80' lang='lat' dir='ltr'>Gregorius</span> <span class='ocrx_word' id='word_1_125' title='bbox 2108 1763 2154 1828; x_wconf 75' lang='grc' dir='ltr'><strong>Β</strong></span> 
     </span>
    </p>
   </div>
   <div class='ocr_carea' id='block_1_20' title="bbox 427 1877 2071 1953">
    <p class='ocr_par' dir='ltr' id='par_1_20' title="bbox 427 1877 2071 1953">
     <span class='ocr_line' id='line_1_20' title="bbox 427 1877 2071 1953; baseline -0.004 -17"><span class='ocrx_word' id='word_1_126' title='bbox 427 1885 486 1936; x_wconf 91' lang='lat' dir='ltr'>in</span> <span class='ocrx_word' id='word_1_127' title='bbox 511 1883 756 1953; x_wconf 87' lang='lat' dir='ltr'>epistola</span> <span class='ocrx_word' id='word_1_128' title='bbox 776 1882 846 1936; x_wconf 89' lang='lat' dir='ltr'>ad</span> <span class='ocrx_word' id='word_1_129' title='bbox 873 1879 1211 1934; x_wconf 88' lang='lat' dir='ltr'>Mauritium</span> <span class='ocrx_word' id='word_1_130' title='bbox 1232 1879 1640 1950; x_wconf 84' lang='lat' dir='ltr'>imperatorem</span> <span class='ocrx_word' id='word_1_131' title='bbox 1670 1877 1890 1932; x_wconf 86' lang='lat' dir='ltr'>directa</span> <span class='ocrx_word' id='word_1_132' title='bbox 1915 1892 2071 1931; x_wconf 85' lang='lat' dir='ltr'>com-</span> 
     </span>
    </p>
   </div>
   <div class='ocr_carea' id='block_1_21' title="bbox 432 1966 2071 2040">
    <p class='ocr_par' dir='ltr' id='par_1_21' title="bbox 432 1966 2071 2040">
     <span class='ocr_line' id='line_1_21' title="bbox 432 1966 2071 2040; baseline -0.005 -13"><span class='ocrx_word' id='word_1_133' title='bbox 432 1969 1163 2027; x_wconf 88' lang='lat' dir='ltr'>memorat.Constantinus</span> <span class='ocrx_word' id='word_1_134' title='bbox 1187 1984 1437 2040; x_wconf 84' lang='lat' dir='ltr'>magnus</span> <span class='ocrx_word' id='word_1_135' title='bbox 1455 1967 1787 2039; x_wconf 83' lang='lat' dir='ltr'>imperator,</span> <span class='ocrx_word' id='word_1_136' title='bbox 1811 1966 2071 2021; x_wconf 87' lang='lat' dir='ltr'>omnium</span> 
     </span>
    </p>
   </div>
   <div class='ocr_carea' id='block_1_22' title="bbox 426 2054 2073 2132">
    <p class='ocr_par' dir='ltr' id='par_1_22' title="bbox 426 2054 2073 2132">
     <span class='ocr_line' id='line_1_22' title="bbox 426 2054 2073 2132; baseline -0.005 -16"><span class='ocrx_word' id='word_1_137' title='bbox 426 2077 631 2132; x_wconf 87' lang='lat' dir='ltr'>regum</span> <span class='ocrx_word' id='word_1_138' title='bbox 662 2063 718 2115; x_wconf 90' lang='lat' dir='ltr'>et</span> <span class='ocrx_word' id='word_1_139' title='bbox 747 2057 1078 2131; x_wconf 88' lang='lat' dir='ltr'>principum</span> <span class='ocrx_word' id='word_1_140' title='bbox 1112 2057 1290 2112; x_wconf 88' lang='lat' dir='ltr'>totius</span> <span class='ocrx_word' id='word_1_141' title='bbox 1319 2057 1436 2113; x_wconf 89' lang='lat' dir='ltr'>fere</span> <span class='ocrx_word' id='word_1_142' title='bbox 1466 2056 1622 2112; x_wconf 88' lang='lat' dir='ltr'>orbis</span> <span class='ocrx_word' id='word_1_143' title='bbox 1649 2057 1944 2126; x_wconf 87' lang='lat' dir='ltr'>dominus,</span> <span class='ocrx_word' id='word_1_144' title='bbox 1964 2054 2073 2109; x_wconf 89' lang='lat' dir='ltr'>evi-</span> 
     </span>
    </p>
   </div>
   <div class='ocr_carea' id='block_1_23' title="bbox 425 2145 2073 2220">
    <p class='ocr_par' dir='ltr' id='par_1_23' title="bbox 425 2145 2073 2220">
     <span class='ocr_line' id='line_1_23' title="bbox 425 2145 2073 2220; baseline -0.005 -14"><span class='ocrx_word' id='word_1_145' title='bbox 425 2153 632 2206; x_wconf 87' lang='lat' dir='ltr'>denter</span> <span class='ocrx_word' id='word_1_146' title='bbox 661 2148 1015 2220; x_wconf 83' lang='lat' dir='ltr'>intelligens,</span> <span class='ocrx_word' id='word_1_147' title='bbox 1049 2147 1108 2201; x_wconf 91' lang='lat' dir='ltr'>in</span> <span class='ocrx_word' id='word_1_148' title='bbox 1144 2150 1343 2202; x_wconf 87' lang='lat' dir='ltr'>sancta</span> <span class='ocrx_word' id='word_1_149' title='bbox 1371 2146 1606 2201; x_wconf 75' lang='lat' dir='ltr'>Niczena</span> <span class='ocrx_word' id='word_1_150' title='bbox 1665 2145 1886 2216; x_wconf 84' lang='lat' dir='ltr'>synodo</span> <span class='ocrx_word' id='word_1_151' title='bbox 1942 2145 2073 2214; x_wconf 88' lang='lat' dir='ltr'>post</span> 
     </span>
    </p>
   </div>
   <div class='ocr_carea' id='block_1_24' title="bbox 426 2232 2073 2309">
    <p class='ocr_par' dir='ltr' id='par_1_24' title="bbox 426 2232 2073 2309">
     <span class='ocr_line' id='line_1_24' title="bbox 426 2232 2073 2309; baseline -0.006 -15"><span class='ocrx_word' id='word_1_152' title='bbox 426 2256 630 2295; x_wconf 90' lang='lat' dir='ltr'>omnes</span> <span class='ocrx_word' id='word_1_153' title='bbox 663 2239 968 2309; x_wconf 89' lang='lat' dir='ltr'>episcopos</span> <span class='ocrx_word' id='word_1_154' title='bbox 1001 2235 1244 2290; x_wconf 84' lang='lat' dir='ltr'>ultimus</span> <span class='ocrx_word' id='word_1_155' title='bbox 1278 2234 1562 2301; x_wconf 89' lang='lat' dir='ltr'>residens,</span> <span class='ocrx_word' id='word_1_156' title='bbox 1597 2233 1819 2288; x_wconf 89' lang='lat' dir='ltr'>nullam</span> <span class='ocrx_word' id='word_1_157' title='bbox 1863 2232 2073 2304; x_wconf 88' lang='lat' dir='ltr'>judicii</span> 
     </span>
    </p>
   </div>
   <div class='ocr_carea' id='block_1_25' title="bbox 426 2322 2071 2397">
    <p class='ocr_par' dir='ltr' id='par_1_25' title="bbox 426 2322 2071 2397">
     <span class='ocr_line' id='line_1_25' title="bbox 426 2322 2071 2397; baseline -0.005 -13"><span class='ocrx_word' id='word_1_158' title='bbox 426 2327 778 2384; x_wconf 89' lang='lat' dir='ltr'>sententiam</span> <span class='ocrx_word' id='word_1_159' title='bbox 810 2341 987 2397; x_wconf 90' lang='lat' dir='ltr'>super</span> <span class='ocrx_word' id='word_1_160' title='bbox 1015 2341 1114 2380; x_wconf 91' lang='lat' dir='ltr'>eos</span> <span class='ocrx_word' id='word_1_161' title='bbox 1139 2325 1277 2380; x_wconf 91' lang='lat' dir='ltr'>dare</span> <span class='ocrx_word' id='word_1_162' title='bbox 1309 2324 1704 2395; x_wconf 79' lang='lat' dir='ltr'>praesumpsit,</span> <span class='ocrx_word' id='word_1_163' title='bbox 1748 2323 1844 2376; x_wconf 82' lang='lat' dir='ltr'>sed</span> <span class='ocrx_word' id='word_1_164' title='bbox 1898 2322 2071 2376; x_wconf 87' lang='lat' dir='ltr'>etiam</span> 
     </span>
    </p>
   </div>
   <div class='ocr_carea' id='block_1_26' title="bbox 423 2412 2070 2481">
    <p class='ocr_par' dir='ltr' id='par_1_26' title="bbox 423 2412 2070 2481">
     <span class='ocr_line' id='line_1_26' title="bbox 423 2412 2070 2481; baseline -0.005 -9"><span class='ocrx_word' id='word_1_165' title='bbox 423 2417 558 2473; x_wconf 90' lang='lat' dir='ltr'>illos</span> <span class='ocrx_word' id='word_1_166' title='bbox 588 2415 860 2472; x_wconf 89' lang='lat' dir='ltr'>dominos</span> <span class='ocrx_word' id='word_1_167' title='bbox 889 2431 1124 2480; x_wconf 89' lang='lat' dir='ltr'>vocans,</span> <span class='ocrx_word' id='word_1_168' title='bbox 1159 2430 1275 2468; x_wconf 86' lang='lat' dir='ltr'>non</span> <span class='ocrx_word' id='word_1_169' title='bbox 1308 2429 1413 2468; x_wconf 89' lang='lat' dir='ltr'>suo</span> <span class='ocrx_word' id='word_1_170' title='bbox 1445 2413 1623 2468; x_wconf 83' lang='lat' dir='ltr'>debre</span> <span class='ocrx_word' id='word_1_171' title='bbox 1656 2414 1763 2468; x_wconf 86' lang='lat' dir='ltr'>sub</span> <span class='ocrx_word' id='word_1_172' title='bbox 1798 2428 1926 2466; x_wconf 83' lang='lat' dir='ltr'>esse</span> <span class='ocrx_word' id='word_1_173' title='bbox 1974 2412 2070 2481; x_wconf 87' lang='lat' dir='ltr'>ju-</span> 
     </span>
    </p>
   </div>
   <div class='ocr_carea' id='block_1_27' title="bbox 427 2500 2073 2574">
    <p class='ocr_par' dir='ltr' id='par_1_27' title="bbox 427 2500 2073 2574">
     <span class='ocr_line' id='line_1_27' title="bbox 427 2500 2073 2574; baseline -0.005 -13"><span class='ocrx_word' id='word_1_174' title='bbox 427 2506 810 2574; x_wconf 89' lang='lat' dir='ltr'>dicio,verum</span> <span class='ocrx_word' id='word_1_175' title='bbox 843 2519 903 2559; x_wconf 89' lang='lat' dir='ltr'>se</span> <span class='ocrx_word' id='word_1_176' title='bbox 936 2503 1002 2558; x_wconf 88' lang='lat' dir='ltr'>ad</span> <span class='ocrx_word' id='word_1_177' title='bbox 1040 2501 1275 2557; x_wconf 88' lang='lat' dir='ltr'>illorum</span> <span class='ocrx_word' id='word_1_178' title='bbox 1308 2504 1560 2573; x_wconf 88' lang='lat' dir='ltr'>pendere</span> <span class='ocrx_word' id='word_1_179' title='bbox 1591 2501 1893 2556; x_wconf 78' lang='lat' dir='ltr'>arbitrium</span> <span class='ocrx_word' id='word_1_180' title='bbox 1914 2500 2073 2568; x_wconf 85' lang='lat' dir='ltr'>judi-</span> 
     </span>
    </p>
   </div>
   <div class='ocr_carea' id='block_1_28' title="bbox 426 2591 2076 2665">
    <p class='ocr_par' dir='ltr' id='par_1_28' title="bbox 426 2591 2076 2665">
     <span class='ocr_line' id='line_1_28' title="bbox 426 2591 2076 2665; baseline -0.004 -14"><span class='ocrx_word' id='word_1_181' title='bbox 426 2595 595 2651; x_wconf 85' lang='lat' dir='ltr'>cavit.</span> <span class='ocrx_word' id='word_1_182' title='bbox 615 2591 963 2665; x_wconf 90' lang='lat' dir='ltr'>Supradicto</span> <span class='ocrx_word' id='word_1_183' title='bbox 986 2607 1222 2663; x_wconf 87' lang='lat' dir='ltr'>quoque</span> <span class='ocrx_word' id='word_1_184' title='bbox 1245 2591 1550 2647; x_wconf 80' lang='lat' dir='ltr'>Anastasio</span> <span class='ocrx_word' id='word_1_185' title='bbox 1566 2591 1903 2662; x_wconf 69' lang='lat' dir='ltr'>prazlibatus</span> <span class='ocrx_word' id='word_1_186' title='bbox 1926 2607 2076 2661; x_wconf 85' lang='lat' dir='ltr'>papa</span> 
     </span>
    </p>
   </div>
   <div class='ocr_carea' id='block_1_29' title="bbox 424 2679 2075 2754">
    <p class='ocr_par' dir='ltr' id='par_1_29' title="bbox 424 2679 2075 2754">
     <span class='ocr_line' id='line_1_29' title="bbox 424 2679 2075 2754; baseline -0.005 -14"><span class='ocrx_word' id='word_1_187' title='bbox 424 2689 481 2740; x_wconf 90' lang='lat' dir='ltr'>et</span> <span class='ocrx_word' id='word_1_188' title='bbox 510 2682 776 2739; x_wconf 88' lang='lat' dir='ltr'>Gelasius</span> <span class='ocrx_word' id='word_1_189' title='bbox 803 2681 1168 2754; x_wconf 84' lang='lat' dir='ltr'>persuadens</span> <span class='ocrx_word' id='word_1_190' title='bbox 1209 2698 1280 2736; x_wconf 88' lang='lat' dir='ltr'>ne</span> <span class='ocrx_word' id='word_1_191' title='bbox 1336 2680 1496 2736; x_wconf 89' lang='lat' dir='ltr'>illam</span> <span class='ocrx_word' id='word_1_192' title='bbox 1557 2680 1890 2734; x_wconf 90' lang='lat' dir='ltr'>intimatam</span> <span class='ocrx_word' id='word_1_193' title='bbox 1950 2679 2075 2733; x_wconf 90' lang='lat' dir='ltr'>suis</span> 
     </span>
    </p>
   </div>
   <div class='ocr_carea' id='block_1_30' title="bbox 423 2767 2073 2840">
    <p class='ocr_par' dir='ltr' id='par_1_30' title="bbox 423 2767 2073 2840">
     <span class='ocr_line' id='line_1_30' title="bbox 423 2767 2073 2840; baseline -0.004 -11"><span class='ocrx_word' id='word_1_194' title='bbox 423 2773 698 2831; x_wconf 89' lang='lat' dir='ltr'>sensibus</span> <span class='ocrx_word' id='word_1_195' title='bbox 729 2773 1034 2827; x_wconf 87' lang='lat' dir='ltr'>veritatem</span> <span class='ocrx_word' id='word_1_196' title='bbox 1092 2770 1480 2825; x_wconf 76' lang='lat' dir='ltr'>arbitraretur</span> <span class='ocrx_word' id='word_1_197' title='bbox 1537 2767 1834 2840; x_wconf 89' lang='lat' dir='ltr'>injuriam,</span> <span class='ocrx_word' id='word_1_198' title='bbox 1868 2767 2073 2823; x_wconf 88' lang='lat' dir='ltr'>subin-</span> 
     </span>
    </p>
   </div>
   <div class='ocr_carea' id='block_1_31' title="bbox 423 2860 829 2919">
    <p class='ocr_par' dir='ltr' id='par_1_31' title="bbox 423 2860 829 2919">
     <span class='ocr_line' id='line_1_31' title="bbox 423 2860 829 2919; baseline -0.005 -1"><span class='ocrx_word' id='word_1_199' title='bbox 423 2862 561 2919; x_wconf 89' lang='lat' dir='ltr'>tuIit</span> <span class='ocrx_word' id='word_1_200' title='bbox 591 2860 791 2918; x_wconf 89' lang='lat' dir='ltr'>dicens</span> <span class='ocrx_word' id='word_1_201' title='bbox 815 2875 829 2917; x_wconf 87' lang='lat'><strong>:</strong></span> 
     </span>
    </p>
   </div>
   <div class='ocr_carea' id='block_1_32' title="bbox 429 2999 2072 3072">
    <p class='ocr_par' dir='ltr' id='par_1_32' title="bbox 429 2999 2072 3072">
     <span class='ocr_line' id='line_1_32' title="bbox 429 2999 2072 3072; baseline -0.004 -12"><span class='ocrx_word' id='word_1_202' title='bbox 429 3004 558 3060; x_wconf 61' lang='lat' dir='ltr'>Car.</span> <span class='ocrx_word' id='word_1_203' title='bbox 590 3005 732 3059; x_wconf 79' lang='lat' dir='ltr'>CIX.</span> <span class='ocrx_word' id='word_1_204' title='bbox 765 3001 1103 3058; x_wconf 80' lang='lat' dir='ltr'>Auetoritate</span> <span class='ocrx_word' id='word_1_205' title='bbox 1127 3017 1284 3057; x_wconf 73' lang='lat' dir='ltr'>saera</span> <span class='ocrx_word' id='word_1_206' title='bbox 1313 3002 1633 3072; x_wconf 78' lang='lat' dir='ltr'>pontiﬁcum</span> <span class='ocrx_word' id='word_1_207' title='bbox 1680 3004 1729 3055; x_wconf 89' lang='lat' dir='ltr'>et</span> <span class='ocrx_word' id='word_1_208' title='bbox 1762 2999 1945 3072; x_wconf 78' lang='lat' dir='ltr'>regali</span> <span class='ocrx_word' id='word_1_209' title='bbox 1975 3016 2072 3070; x_wconf 82' lang='lat' dir='ltr'>po-</span> 
     </span>
    </p>
   </div>
   <div class='ocr_carea' id='block_1_33' title="bbox 575 3073 1914 3144">
    <p class='ocr_par' dir='ltr' id='par_1_33' title="bbox 575 3073 1914 3144">
     <span class='ocr_line' id='line_1_33' title="bbox 575 3073 1914 3144; baseline -0.003 -15"><span class='ocrx_word' id='word_1_210' title='bbox 575 3079 765 3130; x_wconf 74' lang='lat' dir='ltr'>testate</span> <span class='ocrx_word' id='word_1_211' title='bbox 795 3075 960 3144; x_wconf 77' lang='lat' dir='ltr'>huius</span> <span class='ocrx_word' id='word_1_212' title='bbox 991 3073 1187 3128; x_wconf 81' lang='lat' dir='ltr'>mundi</span> <span class='ocrx_word' id='word_1_213' title='bbox 1216 3073 1600 3141; x_wconf 82' lang='lat' dir='ltr'>gubernacula</span> <span class='ocrx_word' id='word_1_214' title='bbox 1630 3077 1914 3142; x_wconf 84' lang='lat' dir='ltr'>reguntur.</span> 
     </span>
    </p>
   </div>
   <div class='ocr_carea' id='block_1_34' title="bbox 497 3187 2068 3260">
    <p class='ocr_par' dir='ltr' id='par_1_34' title="bbox 497 3187 2068 3260">
     <span class='ocr_line' id='line_1_34' title="bbox 497 3187 2068 3260; baseline -0.002 -15"><span class='ocrx_word' id='word_1_215' title='bbox 497 3190 665 3260; x_wconf 88' lang='lat' dir='ltr'>(Dist.</span> <span class='ocrx_word' id='word_1_216' title='bbox 695 3190 786 3258; x_wconf 85' lang='lat'>95,</span> <span class='ocrx_word' id='word_1_217' title='bbox 821 3205 868 3244; x_wconf 93' lang='lat' dir='ltr'>c.</span> <span class='ocrx_word' id='word_1_218' title='bbox 907 3194 1024 3244; x_wconf 90' lang='lat' dir='ltr'>Duo</span> <span class='ocrx_word' id='word_1_219' title='bbox 1057 3188 1306 3260; x_wconf 77' lang='lat' dir='ltr'>quippe.)</span> <span class='ocrx_word' id='word_1_220' title='bbox 1344 3207 1366 3236; x_wconf 76' lang='grc' dir='ltr'>ι</span> <span class='ocrx_word' id='word_1_221' title='bbox 1391 3189 1517 3242; x_wconf 90' lang='lat' dir='ltr'>Duo</span> <span class='ocrx_word' id='word_1_222' title='bbox 1534 3191 1674 3243; x_wconf 89' lang='lat' dir='ltr'>sunt</span> <span class='ocrx_word' id='word_1_223' title='bbox 1700 3188 1937 3259; x_wconf 83' lang='lat' dir='ltr'>quippe,</span> <span class='ocrx_word' id='word_1_224' title='bbox 1962 3187 2068 3242; x_wconf 83' lang='lat' dir='ltr'>im-</span> 
     </span>
    </p>
   </div>
   <div class='ocr_carea' id='block_1_35' title="bbox 431 3278 2074 3353">
    <p class='ocr_par' dir='ltr' id='par_1_35' title="bbox 431 3278 2074 3353">
     <span class='ocr_line' id='line_1_35' title="bbox 431 3278 2074 3353; baseline -0.002 -16"><span class='ocrx_word' id='word_1_225' title='bbox 431 3286 663 3353; x_wconf 87' lang='lat' dir='ltr'>perator</span> <span class='ocrx_word' id='word_1_226' title='bbox 692 3284 749 3336; x_wconf 89' lang='lat' dir='ltr'>et</span> <span class='ocrx_word' id='word_1_227' title='bbox 776 3282 1058 3352; x_wconf 83' lang='lat' dir='ltr'>Auguste,</span> <span class='ocrx_word' id='word_1_228' title='bbox 1094 3281 1310 3351; x_wconf 89' lang='lat' dir='ltr'>quibus</span> <span class='ocrx_word' id='word_1_229' title='bbox 1354 3278 1759 3350; x_wconf 85' lang='lat' dir='ltr'>principaliter</span> <span class='ocrx_word' id='word_1_230' title='bbox 1816 3280 2074 3334; x_wconf 89' lang='lat' dir='ltr'>mundus</span> 
     </span>
    </p>
   </div>
   <div class='ocr_carea' id='block_1_36' title="bbox 431 3368 2074 3443">
    <p class='ocr_par' dir='ltr' id='par_1_36' title="bbox 431 3368 2074 3443">
     <span class='ocr_line' id='line_1_36' title="bbox 431 3368 2074 3443; baseline -0.004 -15"><span class='ocrx_word' id='word_1_231' title='bbox 431 3372 521 3428; x_wconf 92' lang='lat' dir='ltr'>hic</span> <span class='ocrx_word' id='word_1_232' title='bbox 553 3371 776 3443; x_wconf 84' lang='lat' dir='ltr'>regitur</span> <span class='ocrx_word' id='word_1_233' title='bbox 805 3369 1124 3426; x_wconf 86' lang='lat' dir='ltr'>auctoritas</span> <span class='ocrx_word' id='word_1_234' title='bbox 1150 3373 1382 3424; x_wconf 88' lang='lat' dir='ltr'>sacrata</span> <span class='ocrx_word' id='word_1_235' title='bbox 1409 3369 1754 3440; x_wconf 89' lang='lat' dir='ltr'>pontiﬁcum</span> <span class='ocrx_word' id='word_1_236' title='bbox 1785 3371 1840 3424; x_wconf 89' lang='lat' dir='ltr'>et</span> <span class='ocrx_word' id='word_1_237' title='bbox 1862 3368 2074 3440; x_wconf 84' lang='lat' dir='ltr'>regalis</span> 
     </span>
    </p>
   </div>
   <div class='ocr_carea' id='block_1_37' title="bbox 427 3458 2076 3534">
    <p class='ocr_par' dir='ltr' id='par_1_37' title="bbox 427 3458 2076 3534">
     <span class='ocr_line' id='line_1_37' title="bbox 427 3458 2076 3534; baseline -0.004 -16"><span class='ocrx_word' id='word_1_238' title='bbox 427 3465 712 3534; x_wconf 85' lang='lat' dir='ltr'>potestas,</span> <span class='ocrx_word' id='word_1_239' title='bbox 747 3460 805 3515; x_wconf 90' lang='lat' dir='ltr'>in</span> <span class='ocrx_word' id='word_1_240' title='bbox 840 3460 1058 3532; x_wconf 89' lang='lat' dir='ltr'>quibus</span> <span class='ocrx_word' id='word_1_241' title='bbox 1089 3463 1250 3514; x_wconf 89' lang='lat' dir='ltr'>tanto</span> <span class='ocrx_word' id='word_1_242' title='bbox 1269 3458 1505 3529; x_wconf 81' lang='lat' dir='ltr'>gravius</span> <span class='ocrx_word' id='word_1_243' title='bbox 1527 3461 1616 3514; x_wconf 91' lang='lat' dir='ltr'>est</span> <span class='ocrx_word' id='word_1_244' title='bbox 1639 3459 1870 3529; x_wconf 91' lang='lat' dir='ltr'>pondus</span> <span class='ocrx_word' id='word_1_245' title='bbox 1887 3460 2076 3512; x_wconf 77' lang='lat' dir='ltr'>sacer-</span> 
     </span>
    </p>
   </div>
   <div class='ocr_carea' id='block_1_38' title="bbox 429 3546 2072 3620">
    <p class='ocr_par' dir='ltr' id='par_1_38' title="bbox 429 3546 2072 3620">
     <span class='ocr_line' id='line_1_38' title="bbox 429 3546 2072 3620; baseline -0.002 -15"><span class='ocrx_word' id='word_1_246' title='bbox 429 3552 656 3614; x_wconf 90' lang='lat' dir='ltr'>dotum,</span> <span class='ocrx_word' id='word_1_247' title='bbox 681 3554 901 3620; x_wconf 90' lang='lat' dir='ltr'>quanto</span> <span class='ocrx_word' id='word_1_248' title='bbox 932 3549 1110 3603; x_wconf 91' lang='lat' dir='ltr'>etiam</span> <span class='ocrx_word' id='word_1_249' title='bbox 1136 3564 1239 3618; x_wconf 91' lang='lat' dir='ltr'>pro</span> <span class='ocrx_word' id='word_1_250' title='bbox 1259 3546 1407 3618; x_wconf 91' lang='lat' dir='ltr'>ipsis</span> <span class='ocrx_word' id='word_1_251' title='bbox 1429 3547 1662 3619; x_wconf 85' lang='lat' dir='ltr'>regibus</span> <span class='ocrx_word' id='word_1_252' title='bbox 1685 3547 1991 3603; x_wconf 88' lang='lat' dir='ltr'>hominum</span> <span class='ocrx_word' id='word_1_253' title='bbox 2015 3547 2072 3602; x_wconf 92' lang='lat' dir='ltr'>in</span> 
     </span>
    </p>
   </div>
   <div class='ocr_carea' id='block_1_39' title="bbox 428 3637 2075 3707">
    <p class='ocr_par' dir='ltr' id='par_1_39' title="bbox 428 3637 2075 3707">
     <span class='ocr_line' id='line_1_39' title="bbox 428 3637 2075 3707; baseline -0.001 -14"><span class='ocrx_word' id='word_1_254' title='bbox 428 3641 623 3694; x_wconf 89' lang='lat' dir='ltr'>divino</span> <span class='ocrx_word' id='word_1_255' title='bbox 656 3637 934 3694; x_wconf 87' lang='lat' dir='ltr'>reddituri</span> <span class='ocrx_word' id='word_1_256' title='bbox 953 3642 1093 3690; x_wconf 90' lang='lat' dir='ltr'>sunt</span> <span class='ocrx_word' id='word_1_257' title='bbox 1115 3638 1398 3691; x_wconf 88' lang='lat' dir='ltr'>rationem</span> <span class='ocrx_word' id='word_1_258' title='bbox 1422 3637 1707 3691; x_wconf 82' lang='lat' dir='ltr'>examine.</span> <span class='ocrx_word' id='word_1_259' title='bbox 1733 3659 1759 3685; x_wconf 80' lang='lat' dir='ltr'>n</span> <span class='ocrx_word' id='word_1_260' title='bbox 1782 3641 1850 3691; x_wconf 79' lang='lat' dir='ltr'>Et</span> <span class='ocrx_word' id='word_1_261' title='bbox 1873 3637 2075 3707; x_wconf 88' lang='lat' dir='ltr'>paucis</span> 
     </span>
    </p>
   </div>
   <div class='ocr_carea' id='block_1_40' title="bbox 429 3725 2075 3799">
    <p class='ocr_par' dir='ltr' id='par_1_40' title="bbox 429 3725 2075 3799">
     <span class='ocr_line' id='line_1_40' title="bbox 429 3725 2075 3799; baseline -0.001 -17"><span class='ocrx_word' id='word_1_262' title='bbox 429 3727 814 3799; x_wconf 88' lang='lat' dir='ltr'>interpositis,</span> <span class='ocrx_word' id='word_1_263' title='bbox 871 3725 1104 3796; x_wconf 89' lang='lat' dir='ltr'>inquit:</span> <span class='ocrx_word' id='word_1_264' title='bbox 1141 3726 1348 3780; x_wconf 80' lang='lat' dir='ltr'>«Nosti</span> <span class='ocrx_word' id='word_1_265' title='bbox 1403 3726 1598 3795; x_wconf 88' lang='lat' dir='ltr'>itaque</span> <span class='ocrx_word' id='word_1_266' title='bbox 1628 3743 1696 3780; x_wconf 81' lang='lat' dir='ltr'>ex</span> <span class='ocrx_word' id='word_1_267' title='bbox 1753 3725 1980 3780; x_wconf 90' lang='lat' dir='ltr'>illorum</span> <span class='ocrx_word' id='word_1_268' title='bbox 2021 3731 2075 3781; x_wconf 88' lang='lat' dir='ltr'>te</span> 
     </span>
    </p>
   </div>
   <div class='ocr_carea' id='block_1_41' title="bbox 429 3814 2073 3889">
    <p class='ocr_par' dir='ltr' id='par_1_41' title="bbox 429 3814 2073 3889">
     <span class='ocr_line' id='line_1_41' title="bbox 429 3814 2073 3889; baseline -0.001 -17"><span class='ocrx_word' id='word_1_269' title='bbox 429 3815 952 3889; x_wconf 83' lang='lat' dir='ltr'>penderejudicio,</span> <span class='ocrx_word' id='word_1_270' title='bbox 983 3829 1095 3869; x_wconf 88' lang='lat' dir='ltr'>non</span> <span class='ocrx_word' id='word_1_271' title='bbox 1130 3814 1261 3868; x_wconf 91' lang='lat' dir='ltr'>illos</span> <span class='ocrx_word' id='word_1_272' title='bbox 1292 3815 1361 3869; x_wconf 90' lang='lat' dir='ltr'>ad</span> <span class='ocrx_word' id='word_1_273' title='bbox 1389 3818 1551 3869; x_wconf 87' lang='lat' dir='ltr'>tuam</span> <span class='ocrx_word' id='word_1_274' title='bbox 1583 3815 1730 3870; x_wconf 87' lang='lat' dir='ltr'>velle</span> <span class='ocrx_word' id='word_1_275' title='bbox 1760 3816 1941 3887; x_wconf 82' lang='lat' dir='ltr'>redigi</span> <span class='ocrx_word' id='word_1_276' title='bbox 1974 3833 2073 3871; x_wconf 91' lang='lat' dir='ltr'>vo-</span> 
     </span>
    </p>
   </div>
   <div class='ocr_carea' id='block_1_42' title="bbox 428 3902 2072 3975">
    <p class='ocr_par' dir='ltr' id='par_1_42' title="bbox 428 3902 2072 3975">
     <span class='ocr_line' id='line_1_42' title="bbox 428 3902 2072 3975; baseline -0.002 -13"><span class='ocrx_word' id='word_1_277' title='bbox 428 3907 734 3962; x_wconf 90' lang='lat' dir='ltr'>luntatem.</span> <span class='ocrx_word' id='word_1_278' title='bbox 767 3905 1004 3961; x_wconf 87' lang='lat' dir='ltr'>Talibus</span> <span class='ocrx_word' id='word_1_279' title='bbox 1035 3919 1172 3975; x_wconf 85' lang='lat' dir='ltr'>ergo</span> <span class='ocrx_word' id='word_1_280' title='bbox 1205 3902 1498 3958; x_wconf 87' lang='lat' dir='ltr'>institutis</span> <span class='ocrx_word' id='word_1_281' title='bbox 1554 3905 1884 3975; x_wconf 85' lang='lat' dir='ltr'>talibusque</span> <span class='ocrx_word' id='word_1_282' title='bbox 1944 3906 2072 3960; x_wconf 81' lang='lat' dir='ltr'>fulti</span> 
     </span>
    </p>
   </div>
   <div class='ocr_carea' id='block_1_43' title="bbox 427 3991 2072 4065">
    <p class='ocr_par' dir='ltr' id='par_1_43' title="bbox 427 3991 2072 4065">
     <span class='ocr_line' id='line_1_43' title="bbox 427 3991 2072 4065; baseline -0.003 -12"><span class='ocrx_word' id='word_1_283' title='bbox 427 3995 897 4061; x_wconf 85' lang='lat' dir='ltr'>auctoritatibus,</span> <span class='ocrx_word' id='word_1_284' title='bbox 924 3992 1187 4065; x_wconf 91' lang='lat' dir='ltr'>plerique</span> <span class='ocrx_word' id='word_1_285' title='bbox 1213 3991 1543 4063; x_wconf 88' lang='lat' dir='ltr'>pontiﬁces,</span> <span class='ocrx_word' id='word_1_286' title='bbox 1593 3992 1690 4048; x_wconf 89' lang='lat' dir='ltr'>alii</span> <span class='ocrx_word' id='word_1_287' title='bbox 1751 4009 1936 4065; x_wconf 80' lang='lat' dir='ltr'>reges,</span> <span class='ocrx_word' id='word_1_288' title='bbox 1971 3994 2072 4048; x_wconf 89' lang='lat' dir='ltr'>alii</span> 
     </span>
    </p>
   </div>
   <div class='ocr_carea' id='block_1_44' title="bbox 425 4080 2072 4160">
    <p class='ocr_par' dir='ltr' id='par_1_44' title="bbox 425 4080 2072 4160">
     <span class='ocr_line' id='line_1_44' title="bbox 425 4080 2072 4160; baseline -0.002 -18"><span class='ocrx_word' id='word_1_289' title='bbox 425 4088 810 4160; x_wconf 79' lang='lat' dir='ltr'>imperatores</span> <span class='ocrx_word' id='word_1_290' title='bbox 841 4080 1516 4140; x_wconf 87' lang='lat' dir='ltr'>excommunicaverunt.</span> <span class='ocrx_word' id='word_1_291' title='bbox 1551 4083 1696 4138; x_wconf 87' lang='lat' dir='ltr'>Nam</span> <span class='ocrx_word' id='word_1_292' title='bbox 1730 4083 1778 4138; x_wconf 90' lang='lat' dir='ltr'>si</span> <span class='ocrx_word' id='word_1_293' title='bbox 1821 4083 2072 4156; x_wconf 86' lang='lat' dir='ltr'>speciale</span> 
     </span>
    </p>
   </div>
   <div class='ocr_carea' id='block_1_45' title="bbox 426 4169 2069 4247">
    <p class='ocr_par' dir='ltr' id='par_1_45' title="bbox 426 4169 2069 4247">
     <span class='ocr_line' id='line_1_45' title="bbox 426 4169 2069 4247; baseline -0.003 -15"><span class='ocrx_word' id='word_1_294' title='bbox 426 4177 667 4247; x_wconf 83' lang='lat' dir='ltr'>aliquod</span> <span class='ocrx_word' id='word_1_295' title='bbox 695 4176 764 4229; x_wconf 92' lang='lat' dir='ltr'>de</span> <span class='ocrx_word' id='word_1_296' title='bbox 796 4173 1058 4246; x_wconf 87' lang='lat' dir='ltr'>personis</span> <span class='ocrx_word' id='word_1_297' title='bbox 1091 4169 1426 4243; x_wconf 84' lang='lat' dir='ltr'>principum</span> <span class='ocrx_word' id='word_1_298' title='bbox 1484 4173 1821 4244; x_wconf 85' lang='lat' dir='ltr'>requiratur</span> <span class='ocrx_word' id='word_1_299' title='bbox 1877 4189 2069 4228; x_wconf 82' lang='lat' dir='ltr'>exem-</span> 
     </span>
    </p>
   </div>
   <div class='ocr_carea' id='block_1_46' title="bbox 429 4261 2070 4337">
    <p class='ocr_par' dir='ltr' id='par_1_46' title="bbox 429 4261 2070 4337">
     <span class='ocr_line' id='line_1_46' title="bbox 429 4261 2070 4337; baseline -0.001 -17"><span class='ocrx_word' id='word_1_300' title='bbox 429 4267 612 4337; x_wconf 89' lang='lat' dir='ltr'>plum,</span> <span class='ocrx_word' id='word_1_301' title='bbox 647 4267 852 4320; x_wconf 89' lang='lat' dir='ltr'>beatus</span> <span class='ocrx_word' id='word_1_302' title='bbox 886 4261 1258 4318; x_wconf 88' lang='lat' dir='ltr'>Innocentius</span> <span class='ocrx_word' id='word_1_303' title='bbox 1289 4277 1438 4332; x_wconf 89' lang='lat' dir='ltr'>papa</span> <span class='ocrx_word' id='word_1_304' title='bbox 1481 4262 1830 4317; x_wconf 82' lang='lat' dir='ltr'>Archadium</span> <span class='ocrx_word' id='word_1_305' title='bbox 1890 4262 2070 4334; x_wconf 81' lang='lat' dir='ltr'>impe-</span> 
     </span>
    </p>
   </div>
   <div class='ocr_carea' id='block_1_47' title="bbox 426 4350 2066 4424">
    <p class='ocr_par' dir='ltr' id='par_1_47' title="bbox 426 4350 2066 4424">
     <span class='ocr_line' id='line_1_47' title="bbox 426 4350 2066 4424; baseline -0.003 -14"><span class='ocrx_word' id='word_1_306' title='bbox 426 4359 676 4410; x_wconf 86' lang='lat' dir='ltr'>ratorem</span> <span class='ocrx_word' id='word_1_307' title='bbox 711 4353 850 4424; x_wconf 88' lang='lat' dir='ltr'>quia</span> <span class='ocrx_word' id='word_1_308' title='bbox 875 4350 1172 4408; x_wconf 88' lang='lat' dir='ltr'>consensit</span> <span class='ocrx_word' id='word_1_309' title='bbox 1198 4354 1264 4404; x_wconf 92' lang='lat' dir='ltr'>ut</span> <span class='ocrx_word' id='word_1_310' title='bbox 1301 4354 1541 4406; x_wconf 87' lang='lat' dir='ltr'>sanctus</span> <span class='ocrx_word' id='word_1_311' title='bbox 1599 4351 1855 4406; x_wconf 86' lang='lat' dir='ltr'>Joannes</span> <span class='ocrx_word' id='word_1_312' title='bbox 1887 4353 2066 4423; x_wconf 81' lang='lat' dir='ltr'>Chry-</span> 
     </span>
    </p>
   </div>
   <div class='ocr_carea' id='block_1_48' title="bbox 422 4439 2060 4512">
    <p class='ocr_par' dir='ltr' id='par_1_48' title="bbox 422 4439 2060 4512">
     <span class='ocr_line' id='line_1_48' title="bbox 422 4439 2060 4512; baseline -0.003 -13"><span class='ocrx_word' id='word_1_313' title='bbox 422 4448 718 4499; x_wconf 84' lang='lat' dir='ltr'>sostomus</span> <span class='ocrx_word' id='word_1_314' title='bbox 751 4459 782 4496; x_wconf 88' lang='lat' dir='ltr'>a</span> <span class='ocrx_word' id='word_1_315' title='bbox 812 4442 948 4496; x_wconf 90' lang='lat' dir='ltr'>sede</span> <span class='ocrx_word' id='word_1_316' title='bbox 977 4457 1085 4496; x_wconf 90' lang='lat' dir='ltr'>sua</span> <span class='ocrx_word' id='word_1_317' title='bbox 1139 4441 1471 4512; x_wconf 87' lang='lat' dir='ltr'>pelleretur,</span> <span class='ocrx_word' id='word_1_318' title='bbox 1516 4439 2060 4496; x_wconf 81' lang='lat' dir='ltr'>excommunieavit.</span> 
     </span>
    </p>
   </div>
   <div class='ocr_carea' id='block_1_49' title="bbox 2189 465 3830 540">
    <p class='ocr_par' dir='ltr' id='par_1_49' title="bbox 2189 465 3830 540">
     <span class='ocr_line' id='line_1_49' title="bbox 2189 465 3830 540; baseline 0 -16"><span class='ocrx_word' id='word_1_319' title='bbox 2189 485 2397 524; x_wconf 87' lang='lat' dir='ltr'>aurum</span> <span class='ocrx_word' id='word_1_320' title='bbox 2431 483 2546 523; x_wconf 88' lang='lat' dir='ltr'>non</span> <span class='ocrx_word' id='word_1_321' title='bbox 2579 473 2698 522; x_wconf 91' lang='lat' dir='ltr'>tam</span> <span class='ocrx_word' id='word_1_322' title='bbox 2728 466 3048 538; x_wconf 84' lang='lat' dir='ltr'>pretiosius</span> <span class='ocrx_word' id='word_1_323' title='bbox 3080 465 3159 520; x_wconf 85' lang='lat' dir='ltr'>sit</span> <span class='ocrx_word' id='word_1_324' title='bbox 3211 465 3470 536; x_wconf 82' lang='lat' dir='ltr'>plumbo,</span> <span class='ocrx_word' id='word_1_325' title='bbox 3506 470 3646 538; x_wconf 80' lang='lat' dir='ltr'>quia</span> <span class='ocrx_word' id='word_1_326' title='bbox 3677 474 3830 540; x_wconf 68' lang='lat' dir='ltr'>regia</span> 
     </span>
    </p>
   </div>
   <div class='ocr_carea' id='block_1_50' title="bbox 2175 553 3828 630">
    <p class='ocr_par' dir='ltr' id='par_1_50' title="bbox 2175 553 3828 630">
     <span class='ocr_line' id='line_1_50' title="bbox 2175 553 3828 630; baseline 0 -16"><span class='ocrx_word' id='word_1_327' title='bbox 2175 563 2460 630; x_wconf 88' lang='lat' dir='ltr'>potestate</span> <span class='ocrx_word' id='word_1_328' title='bbox 2491 558 2563 612; x_wconf 84' lang='lat' dir='ltr'>sit</span> <span class='ocrx_word' id='word_1_329' title='bbox 2595 556 2768 612; x_wconf 90' lang='lat' dir='ltr'>altior</span> <span class='ocrx_word' id='word_1_330' title='bbox 2797 553 3180 611; x_wconf 88' lang='lat' dir='ltr'>sacerdotalis</span> <span class='ocrx_word' id='word_1_331' title='bbox 3209 557 3449 626; x_wconf 87' lang='lat' dir='ltr'>gradus,</span> <span class='ocrx_word' id='word_1_332' title='bbox 3496 558 3608 614; x_wconf 88' lang='lat' dir='ltr'>hoc</span> <span class='ocrx_word' id='word_1_333' title='bbox 3663 564 3828 614; x_wconf 60' lang='lat' dir='ltr'>modo</span> 
     </span>
    </p>
   </div>
   <div class='ocr_carea' id='block_1_51' title="bbox 2174 645 3828 719">
    <p class='ocr_par' dir='ltr' id='par_1_51' title="bbox 2174 645 3828 719">
     <span class='ocr_line' id='line_1_51' title="bbox 2174 645 3828 719; baseline 0 -15"><span class='ocrx_word' id='word_1_334' title='bbox 2174 649 2329 704; x_wconf 90' lang='lat' dir='ltr'>circa</span> <span class='ocrx_word' id='word_1_335' title='bbox 2357 647 2714 719; x_wconf 84' lang='lat' dir='ltr'>principium</span> <span class='ocrx_word' id='word_1_336' title='bbox 2749 646 2839 701; x_wconf 90' lang='lat' dir='ltr'>sui</span> <span class='ocrx_word' id='word_1_337' title='bbox 2875 645 3192 716; x_wconf 86' lang='lat' dir='ltr'>pastoralis</span> <span class='ocrx_word' id='word_1_338' title='bbox 3223 646 3526 702; x_wconf 88' lang='lat' dir='ltr'>scribens:</span> <span class='ocrx_word' id='word_1_339' title='bbox 3561 671 3586 697; x_wconf 82' lang='lat'>«</span> <span class='ocrx_word' id='word_1_340' title='bbox 3614 650 3828 704; x_wconf 65' lang='lat' dir='ltr'>Honor.</span> 
     </span>
    </p>
   </div>
   <div class='ocr_carea' id='block_1_52' title="bbox 2180 734 3834 808">
    <p class='ocr_par' dir='ltr' id='par_1_52' title="bbox 2180 734 3834 808">
     <span class='ocr_line' id='line_1_52' title="bbox 2180 734 3834 808; baseline 0.002 -22"><span class='ocrx_word' id='word_1_341' title='bbox 2180 760 2201 786; x_wconf 71' lang='grc' dir='ltr'>α</span> <span class='ocrx_word' id='word_1_342' title='bbox 2239 739 2464 804; x_wconf 75' lang='lat' dir='ltr'>fratres,</span> <span class='ocrx_word' id='word_1_343' title='bbox 2493 741 2548 790; x_wconf 91' lang='lat' dir='ltr'>et</span> <span class='ocrx_word' id='word_1_344' title='bbox 2579 734 2919 790; x_wconf 87' lang='lat' dir='ltr'>sublimitas</span> <span class='ocrx_word' id='word_1_345' title='bbox 2971 734 3328 805; x_wconf 86' lang='lat' dir='ltr'>episcopalis</span> <span class='ocrx_word' id='word_1_346' title='bbox 3384 735 3566 791; x_wconf 88' lang='lat' dir='ltr'>nullis</span> <span class='ocrx_word' id='word_1_347' title='bbox 3625 741 3834 808; x_wconf 74' lang='lat' dir='ltr'>poterit</span> 
     </span>
    </p>
   </div>
   <div class='ocr_carea' id='block_1_53' title="bbox 2183 823 3834 897">
    <p class='ocr_par' dir='ltr' id='par_1_53' title="bbox 2183 823 3834 897">
     <span class='ocr_line' id='line_1_53' title="bbox 2183 823 3834 897; baseline -0.002 -16"><span class='ocrx_word' id='word_1_348' title='bbox 2183 847 2203 875; x_wconf 75' lang='grc' dir='ltr'><strong>ε</strong></span> <span class='ocrx_word' id='word_1_349' title='bbox 2239 825 2594 896; x_wconf 88' lang='lat' dir='ltr'>comparatis</span> <span class='ocrx_word' id='word_1_350' title='bbox 2628 824 2907 880; x_wconf 88' lang='lat' dir='ltr'>omnibus</span> <span class='ocrx_word' id='word_1_351' title='bbox 2940 823 3254 894; x_wconf 84' lang='lat' dir='ltr'>arlaequari.</span> <span class='ocrx_word' id='word_1_352' title='bbox 3291 824 3350 879; x_wconf 92' lang='lat' dir='ltr'>Si</span> <span class='ocrx_word' id='word_1_353' title='bbox 3380 840 3585 896; x_wconf 82' lang='lat' dir='ltr'>regum</span> <span class='ocrx_word' id='word_1_354' title='bbox 3621 827 3834 897; x_wconf 78' lang='lat' dir='ltr'>fulgcri</span> 
     </span>
    </p>
   </div>
   <div class='ocr_carea' id='block_1_54' title="bbox 2180 912 3810 986">
    <p class='ocr_par' dir='ltr' id='par_1_54' title="bbox 2180 912 3810 986">
     <span class='ocr_line' id='line_1_54' title="bbox 2180 912 3810 986; baseline -0.001 -16"><span class='ocrx_word' id='word_1_355' title='bbox 2180 938 2207 965; x_wconf 74' lang='grc' dir='ltr'><strong><em>ιι</em></strong></span> <span class='ocrx_word' id='word_1_356' title='bbox 2237 931 2540 986; x_wconf 88' lang='lat' dir='ltr'>compares</span> <span class='ocrx_word' id='word_1_357' title='bbox 2570 918 2627 968; x_wconf 90' lang='lat' dir='ltr'>et</span> <span class='ocrx_word' id='word_1_358' title='bbox 2658 912 2994 984; x_wconf 88' lang='lat' dir='ltr'>principum</span> <span class='ocrx_word' id='word_1_359' title='bbox 3029 913 3368 980; x_wconf 85' lang='lat' dir='ltr'>diademati,</span> <span class='ocrx_word' id='word_1_360' title='bbox 3403 912 3575 985; x_wconf 82' lang='lat' dir='ltr'>longe</span> <span class='ocrx_word' id='word_1_361' title='bbox 3615 917 3727 970; x_wconf 87' lang='lat' dir='ltr'>erit</span> <span class='ocrx_word' id='word_1_362' title='bbox 3759 919 3810 971; x_wconf 73' lang='lat' dir='ltr'>in</span> 
     </span>
    </p>
   </div>
   <div class='ocr_carea' id='block_1_55' title="bbox 2181 1001 3830 1074">
    <p class='ocr_par' dir='ltr' id='par_1_55' title="bbox 2181 1001 3830 1074">
     <span class='ocr_line' id='line_1_55' title="bbox 2181 1001 3830 1074; baseline 0.001 -18"><span class='ocrx_word' id='word_1_363' title='bbox 2181 1026 2204 1056; x_wconf 75' lang='grc' dir='ltr'>α</span> <span class='ocrx_word' id='word_1_364' title='bbox 2240 1004 2420 1059; x_wconf 86' lang='lat' dir='ltr'>ferius</span> <span class='ocrx_word' id='word_1_365' title='bbox 2450 1018 2623 1073; x_wconf 86' lang='lat' dir='ltr'>quam</span> <span class='ocrx_word' id='word_1_366' title='bbox 2661 1002 2707 1057; x_wconf 90' lang='lat' dir='ltr'>si</span> <span class='ocrx_word' id='word_1_367' title='bbox 2743 1002 2968 1072; x_wconf 88' lang='lat' dir='ltr'>plumbi</span> <span class='ocrx_word' id='word_1_368' title='bbox 3003 1001 3305 1056; x_wconf 83' lang='lat' dir='ltr'>metallum</span> <span class='ocrx_word' id='word_1_369' title='bbox 3342 1003 3408 1056; x_wconf 89' lang='lat' dir='ltr'>ad</span> <span class='ocrx_word' id='word_1_370' title='bbox 3453 1004 3583 1058; x_wconf 87' lang='lat' dir='ltr'>auri</span> <span class='ocrx_word' id='word_1_371' title='bbox 3644 1005 3770 1074; x_wconf 44' lang='lat' dir='ltr'>fui;</span> <span class='ocrx_word' id='word_1_372' title='bbox 3801 1029 3830 1050; x_wconf 67' lang='lat' dir='ltr'>s-</span> 
     </span>
    </p>
   </div>
   <div class='ocr_carea' id='block_1_56' title="bbox 2183 1090 3834 1162">
    <p class='ocr_par' dir='ltr' id='par_1_56' title="bbox 2183 1090 3834 1162">
     <span class='ocr_line' id='line_1_56' title="bbox 2183 1090 3834 1162; baseline 0.005 -22"><span class='ocrx_word' id='word_1_373' title='bbox 2183 1114 2208 1140; x_wconf 84' lang='grc'>‹‹</span> <span class='ocrx_word' id='word_1_374' title='bbox 2241 1109 2363 1146; x_wconf 88' lang='lat' dir='ltr'>rem</span> <span class='ocrx_word' id='word_1_375' title='bbox 2395 1109 2722 1162; x_wconf 75' lang='lat' dir='ltr'>compares.</span> <span class='ocrx_word' id='word_1_376' title='bbox 2756 1091 2981 1162; x_wconf 88' lang='lat' dir='ltr'>Quippe</span> <span class='ocrx_word' id='word_1_377' title='bbox 3014 1107 3145 1144; x_wconf 90' lang='lat' dir='ltr'>cum</span> <span class='ocrx_word' id='word_1_378' title='bbox 3180 1090 3375 1146; x_wconf 87' lang='lat' dir='ltr'>videas</span> <span class='ocrx_word' id='word_1_379' title='bbox 3423 1108 3625 1162; x_wconf 83' lang='lat' dir='ltr'>regum</span> <span class='ocrx_word' id='word_1_380' title='bbox 3690 1096 3834 1148; x_wconf 51' lang='lat' dir='ltr'>colic-</span> 
     </span>
    </p>
   </div>
   <div class='ocr_carea' id='block_1_57' title="bbox 2181 1179 3836 1252">
    <p class='ocr_par' dir='ltr' id='par_1_57' title="bbox 2181 1179 3836 1252">
     <span class='ocr_line' id='line_1_57' title="bbox 2181 1179 3836 1252; baseline 0.003 -21"><span class='ocrx_word' id='word_1_381' title='bbox 2181 1204 2207 1231; x_wconf 86' lang='grc'>‹‹</span> <span class='ocrx_word' id='word_1_382' title='bbox 2241 1187 2296 1237; x_wconf 91' lang='lat' dir='ltr'>et</span> <span class='ocrx_word' id='word_1_383' title='bbox 2326 1180 2655 1252; x_wconf 87' lang='lat' dir='ltr'>principum</span> <span class='ocrx_word' id='word_1_384' title='bbox 2693 1180 2961 1234; x_wconf 88' lang='lat' dir='ltr'>submitti</span> <span class='ocrx_word' id='word_1_385' title='bbox 3006 1179 3260 1248; x_wconf 80' lang='lat' dir='ltr'>genibus</span> <span class='ocrx_word' id='word_1_386' title='bbox 3322 1181 3719 1251; x_wconf 79' lang='lat' dir='ltr'>sacerdotum,</span> <span class='ocrx_word' id='word_1_387' title='bbox 3785 1190 3836 1236; x_wconf 76' lang='lat' dir='ltr'>et</span> 
     </span>
    </p>
   </div>
   <div class='ocr_carea' id='block_1_58' title="bbox 2181 1269 3834 1326">
    <p class='ocr_par' dir='ltr' id='par_1_58' title="bbox 2181 1269 3834 1326">
     <span class='ocr_line' id='line_1_58' title="bbox 2181 1269 3834 1326; baseline 0.002 -4"><span class='ocrx_word' id='word_1_388' title='bbox 2181 1293 2208 1322; x_wconf 79' lang='grc' dir='ltr'>α</span> <span class='ocrx_word' id='word_1_389' title='bbox 2243 1269 2507 1326; x_wconf 90' lang='lat' dir='ltr'>osculata</span> <span class='ocrx_word' id='word_1_390' title='bbox 2527 1286 2730 1324; x_wconf 89' lang='lat' dir='ltr'>eorum</span> <span class='ocrx_word' id='word_1_391' title='bbox 2765 1270 3000 1324; x_wconf 81' lang='lat' dir='ltr'>dextera</span> <span class='ocrx_word' id='word_1_392' title='bbox 3030 1269 3394 1325; x_wconf 88' lang='lat' dir='ltr'>orationibus</span> <span class='ocrx_word' id='word_1_393' title='bbox 3451 1286 3653 1325; x_wconf 86' lang='lat' dir='ltr'>eorum</span> <span class='ocrx_word' id='word_1_394' title='bbox 3713 1289 3834 1326; x_wconf 80' lang='lat' dir='ltr'>crc-</span> 
     </span>
    </p>
   </div>
   <div class='ocr_carea' id='block_1_59' title="bbox 2185 1359 3834 1431">
    <p class='ocr_par' dir='ltr' id='par_1_59' title="bbox 2185 1359 3834 1431">
     <span class='ocr_line' id='line_1_59' title="bbox 2185 1359 3834 1431; baseline 0 -15"><span class='ocrx_word' id='word_1_395' title='bbox 2185 1385 2210 1412; x_wconf 82' lang='lat'><strong>«</strong></span> <span class='ocrx_word' id='word_1_396' title='bbox 2245 1363 2388 1416; x_wconf 87' lang='lat' dir='ltr'>dant</span> <span class='ocrx_word' id='word_1_397' title='bbox 2419 1377 2480 1416; x_wconf 84' lang='lat' dir='ltr'>se</span> <span class='ocrx_word' id='word_1_398' title='bbox 2515 1359 2889 1415; x_wconf 84' lang='lat' dir='ltr'>communiri.</span> <span class='ocrx_word' id='word_1_399' title='bbox 2927 1380 2974 1412; x_wconf 85' lang='lat'>».</span> <span class='ocrx_word' id='word_1_400' title='bbox 3002 1360 3218 1430; x_wconf 86' lang='lat' dir='ltr'>Etpost</span> <span class='ocrx_word' id='word_1_401' title='bbox 3241 1375 3458 1431; x_wconf 86' lang='lat' dir='ltr'>pauca:</span> <span class='ocrx_word' id='word_1_402' title='bbox 3485 1384 3512 1409; x_wconf 84' lang='lat'><strong><em>«</em></strong></span> <span class='ocrx_word' id='word_1_403' title='bbox 3543 1363 3834 1416; x_wconf 66' lang='lat' dir='ltr'>Ilerccun-</span> 
     </span>
    </p>
   </div>
   <div class='ocr_carea' id='block_1_60' title="bbox 2184 1449 3836 1522">
    <p class='ocr_par' dir='ltr' id='par_1_60' title="bbox 2184 1449 3836 1522">
     <span class='ocr_line' id='line_1_60' title="bbox 2184 1449 3836 1522; baseline 0.002 -21"><span class='ocrx_word' id='word_1_404' title='bbox 2184 1474 2211 1501; x_wconf 92' lang='grc'>‹‹</span> <span class='ocrx_word' id='word_1_405' title='bbox 2246 1455 2359 1517; x_wconf 88' lang='lat' dir='ltr'>cta,</span> <span class='ocrx_word' id='word_1_406' title='bbox 2387 1452 2619 1514; x_wconf 82' lang='lat' dir='ltr'>fratres,</span> <span class='ocrx_word' id='word_1_407' title='bbox 2655 1450 2784 1504; x_wconf 88' lang='lat' dir='ltr'>ideo</span> <span class='ocrx_word' id='word_1_408' title='bbox 2817 1465 2922 1503; x_wconf 89' lang='lat' dir='ltr'>nos</span> <span class='ocrx_word' id='word_1_409' title='bbox 2955 1449 3314 1520; x_wconf 68' lang='lat' dir='ltr'>prtemisisse</span> <span class='ocrx_word' id='word_1_410' title='bbox 3344 1449 3568 1505; x_wconf 87' lang='lat' dir='ltr'>debetis</span> <span class='ocrx_word' id='word_1_411' title='bbox 3619 1468 3836 1522; x_wconf 82' lang='lat' dir='ltr'>cogno-</span> 
     </span>
    </p>
   </div>
   <div class='ocr_carea' id='block_1_61' title="bbox 2191 1537 3835 1606">
    <p class='ocr_par' dir='ltr' id='par_1_61' title="bbox 2191 1537 3835 1606">
     <span class='ocr_line' id='line_1_61' title="bbox 2191 1537 3835 1606; baseline 0.002 -16"><span class='ocrx_word' id='word_1_412' title='bbox 2191 1563 2210 1590; x_wconf 76' lang='grc' dir='ltr'>ι</span> <span class='ocrx_word' id='word_1_413' title='bbox 2249 1556 2432 1606; x_wconf 88' lang='lat' dir='ltr'>scere,</span> <span class='ocrx_word' id='word_1_414' title='bbox 2466 1543 2531 1594; x_wconf 91' lang='lat' dir='ltr'>ut</span> <span class='ocrx_word' id='word_1_415' title='bbox 2561 1538 3006 1593; x_wconf 89' lang='lat' dir='ltr'>ostenderemus</span> <span class='ocrx_word' id='word_1_416' title='bbox 3037 1537 3182 1592; x_wconf 88' lang='lat' dir='ltr'>nihil</span> <span class='ocrx_word' id='word_1_417' title='bbox 3219 1539 3276 1593; x_wconf 93' lang='lat' dir='ltr'>in</span> <span class='ocrx_word' id='word_1_418' title='bbox 3311 1539 3420 1593; x_wconf 89' lang='lat' dir='ltr'>hoc</span> <span class='ocrx_word' id='word_1_419' title='bbox 3467 1538 3679 1593; x_wconf 84' lang='lat' dir='ltr'>saeculo</span> <span class='ocrx_word' id='word_1_420' title='bbox 3740 1557 3835 1594; x_wconf 75' lang='lat' dir='ltr'>cx-</span> 
     </span>
    </p>
   </div>
   <div class='ocr_carea' id='block_1_62' title="bbox 2187 1627 3833 1701">
    <p class='ocr_par' dir='ltr' id='par_1_62' title="bbox 2187 1627 3833 1701">
     <span class='ocr_line' id='line_1_62' title="bbox 2187 1627 3833 1701; baseline 0.002 -22"><span class='ocrx_word' id='word_1_421' title='bbox 2187 1653 2215 1680; x_wconf 86' lang='grc'>‹‹</span> <span class='ocrx_word' id='word_1_422' title='bbox 2248 1628 2556 1684; x_wconf 88' lang='lat' dir='ltr'>cellentius</span> <span class='ocrx_word' id='word_1_423' title='bbox 2587 1627 3018 1698; x_wconf 87' lang='lat' dir='ltr'>sacerdotibus,</span> <span class='ocrx_word' id='word_1_424' title='bbox 3052 1628 3133 1681; x_wconf 91' lang='lat' dir='ltr'>nil</span> <span class='ocrx_word' id='word_1_425' title='bbox 3167 1627 3482 1683; x_wconf 89' lang='lat' dir='ltr'>sublimius</span> <span class='ocrx_word' id='word_1_426' title='bbox 3542 1629 3833 1701; x_wconf 82' lang='lat' dir='ltr'>episcopis</span> 
     </span>
    </p>
   </div>
   <div class='ocr_carea' id='block_1_63' title="bbox 2189 1716 3834 1790">
    <p class='ocr_par' dir='ltr' id='par_1_63' title="bbox 2189 1716 3834 1790">
     <span class='ocr_line' id='line_1_63' title="bbox 2189 1716 3834 1790; baseline 0.003 -22"><span class='ocrx_word' id='word_1_427' title='bbox 2189 1743 2216 1768; x_wconf 86' lang='grc'><em>‹‹</em></span> <span class='ocrx_word' id='word_1_428' title='bbox 2250 1718 2510 1790; x_wconf 88' lang='lat' dir='ltr'>reperiri.</span> <span class='ocrx_word' id='word_1_429' title='bbox 2547 1740 2574 1765; x_wconf 89' lang='grc'><strong>››</strong></span> <span class='ocrx_word' id='word_1_430' title='bbox 2601 1716 2826 1786; x_wconf 85' lang='lat' dir='ltr'>Nonne,</span> <span class='ocrx_word' id='word_1_431' title='bbox 2860 1718 3012 1771; x_wconf 91' lang='lat' dir='ltr'>sicut</span> <span class='ocrx_word' id='word_1_432' title='bbox 3044 1717 3124 1771; x_wconf 86' lang='lat' dir='ltr'>ait</span> <span class='ocrx_word' id='word_1_433' title='bbox 3155 1717 3362 1772; x_wconf 84' lang='lat' dir='ltr'>beatus</span> <span class='ocrx_word' id='word_1_434' title='bbox 3386 1717 3723 1788; x_wconf 85' lang='lat' dir='ltr'>Gregorius.</span> <span class='ocrx_word' id='word_1_435' title='bbox 3747 1736 3834 1773; x_wconf 87' lang='lat' dir='ltr'>re-</span> 
     </span>
    </p>
   </div>
   <div class='ocr_carea' id='block_1_64' title="bbox 2186 1804 3832 1877">
    <p class='ocr_par' dir='ltr' id='par_1_64' title="bbox 2186 1804 3832 1877">
     <span class='ocr_line' id='line_1_64' title="bbox 2186 1804 3832 1877; baseline -0.003 -13"><span class='ocrx_word' id='word_1_436' title='bbox 2186 1807 2493 1864; x_wconf 70' lang='lat' dir='ltr'>cordandm</span> <span class='ocrx_word' id='word_1_437' title='bbox 2526 1805 2821 1860; x_wconf 68' lang='lat' dir='ltr'>memoriae</span> <span class='ocrx_word' id='word_1_438' title='bbox 2851 1804 3045 1860; x_wconf 89' lang='lat' dir='ltr'>Julius</span> <span class='ocrx_word' id='word_1_439' title='bbox 3068 1822 3234 1877; x_wconf 85' lang='lat' dir='ltr'>papa,</span> <span class='ocrx_word' id='word_1_440' title='bbox 3261 1811 3403 1862; x_wconf 89' lang='lat' dir='ltr'>tunc</span> <span class='ocrx_word' id='word_1_441' title='bbox 3426 1811 3627 1860; x_wconf 87' lang='lat' dir='ltr'>contra</span> <span class='ocrx_word' id='word_1_442' title='bbox 3649 1807 3832 1862; x_wconf 77' lang='lat' dir='ltr'>Thec-</span> 
     </span>
    </p>
   </div>
   <div class='ocr_carea' id='block_1_65' title="bbox 2184 1896 3832 1966">
    <p class='ocr_par' dir='ltr' id='par_1_65' title="bbox 2184 1896 3832 1966">
     <span class='ocr_line' id='line_1_65' title="bbox 2184 1896 3832 1966; baseline -0.002 -14"><span class='ocrx_word' id='word_1_443' title='bbox 2184 1899 2410 1966; x_wconf 90' lang='lat' dir='ltr'>doram,</span> <span class='ocrx_word' id='word_1_444' title='bbox 2453 1902 2594 1950; x_wconf 90' lang='lat' dir='ltr'>tunc</span> <span class='ocrx_word' id='word_1_445' title='bbox 2623 1899 2826 1949; x_wconf 88' lang='lat' dir='ltr'>contra</span> <span class='ocrx_word' id='word_1_446' title='bbox 2872 1899 3200 1965; x_wconf 66' lang='lat' dir='ltr'>Atigustam</span> <span class='ocrx_word' id='word_1_447' title='bbox 3247 1896 3645 1951; x_wconf 86' lang='lat' dir='ltr'>damnationis</span> <span class='ocrx_word' id='word_1_448' title='bbox 3700 1913 3832 1966; x_wconf 86' lang='lat' dir='ltr'>pro-</span> 
     </span>
    </p>
   </div>
   <div class='ocr_carea' id='block_1_66' title="bbox 2184 1984 3833 2057">
    <p class='ocr_par' dir='ltr' id='par_1_66' title="bbox 2184 1984 3833 2057">
     <span class='ocr_line' id='line_1_66' title="bbox 2184 1984 3833 2057; baseline -0.003 -16"><span class='ocrx_word' id='word_1_449' title='bbox 2184 1986 2385 2057; x_wconf 82' lang='lat' dir='ltr'>mulga</span> <span class='ocrx_word' id='word_1_450' title='bbox 2415 1984 2786 2039; x_wconf 85' lang='lat' dir='ltr'>sententiam.</span> <span class='ocrx_word' id='word_1_451' title='bbox 2819 1984 2913 2039; x_wconf 90' lang='lat' dir='ltr'>Sic</span> <span class='ocrx_word' id='word_1_452' title='bbox 2945 2000 3176 2056; x_wconf 87' lang='lat' dir='ltr'>quoque</span> <span class='ocrx_word' id='word_1_453' title='bbox 3207 1985 3536 2040; x_wconf 85' lang='lat' dir='ltr'>Caribertus</span> <span class='ocrx_word' id='word_1_454' title='bbox 3585 1985 3833 2039; x_wconf 82' lang='lat' dir='ltr'>Parisio-</span> 
     </span>
    </p>
   </div>
   <div class='ocr_carea' id='block_1_67' title="bbox 2185 2073 3825 2146">
    <p class='ocr_par' dir='ltr' id='par_1_67' title="bbox 2185 2073 3825 2146">
     <span class='ocr_line' id='line_1_67' title="bbox 2185 2073 3825 2146; baseline -0.004 -15"><span class='ocrx_word' id='word_1_455' title='bbox 2185 2094 2316 2131; x_wconf 90' lang='lat' dir='ltr'>rum</span> <span class='ocrx_word' id='word_1_456' title='bbox 2341 2091 2436 2130; x_wconf 84' lang='lat' dir='ltr'>rex</span> <span class='ocrx_word' id='word_1_457' title='bbox 2461 2091 2593 2129; x_wconf 90' lang='lat' dir='ltr'>cum</span> <span class='ocrx_word' id='word_1_458' title='bbox 2615 2074 3014 2146; x_wconf 85' lang='lat' dir='ltr'>Theobergam</span> <span class='ocrx_word' id='word_1_459' title='bbox 3043 2073 3365 2144; x_wconf 76' lang='lat' dir='ltr'>legitimam</span> <span class='ocrx_word' id='word_1_460' title='bbox 3393 2092 3628 2129; x_wconf 80' lang='lat' dir='ltr'>uxorem</span> <span class='ocrx_word' id='word_1_461' title='bbox 3656 2091 3825 2128; x_wconf 78' lang='lat' dir='ltr'>suam</span> 
     </span>
    </p>
   </div>
   <div class='ocr_carea' id='block_1_68' title="bbox 2185 2163 3838 2237">
    <p class='ocr_par' dir='ltr' id='par_1_68' title="bbox 2185 2163 3838 2237">
     <span class='ocr_line' id='line_1_68' title="bbox 2185 2163 3838 2237; baseline -0.002 -17"><span class='ocrx_word' id='word_1_462' title='bbox 2185 2165 2542 2237; x_wconf 90' lang='lat' dir='ltr'>reliquisset,</span> <span class='ocrx_word' id='word_1_463' title='bbox 2571 2167 2629 2218; x_wconf 90' lang='lat' dir='ltr'>et</span> <span class='ocrx_word' id='word_1_464' title='bbox 2658 2164 2805 2219; x_wconf 89' lang='lat' dir='ltr'>duas</span> <span class='ocrx_word' id='word_1_465' title='bbox 2836 2180 3064 2218; x_wconf 85' lang='lat' dir='ltr'>sorores</span> <span class='ocrx_word' id='word_1_466' title='bbox 3096 2163 3475 2219; x_wconf 83' lang='lat' dir='ltr'>Metroilidem</span> <span class='ocrx_word' id='word_1_467' title='bbox 3505 2171 3560 2219; x_wconf 88' lang='lat' dir='ltr'>et</span> <span class='ocrx_word' id='word_1_468' title='bbox 3618 2164 3838 2219; x_wconf 73' lang='lat' dir='ltr'>Marce-</span> 
     </span>
    </p>
   </div>
   <div class='ocr_carea' id='block_1_69' title="bbox 2184 2253 3831 2319">
    <p class='ocr_par' dir='ltr' id='par_1_69' title="bbox 2184 2253 3831 2319">
     <span class='ocr_line' id='line_1_69' title="bbox 2184 2253 3831 2319; baseline -0.003 -9"><span class='ocrx_word' id='word_1_469' title='bbox 2184 2272 2390 2310; x_wconf 89' lang='lat' dir='ltr'>venam</span> <span class='ocrx_word' id='word_1_470' title='bbox 2422 2255 2480 2308; x_wconf 88' lang='lat' dir='ltr'>in</span> <span class='ocrx_word' id='word_1_471' title='bbox 2510 2269 2720 2308; x_wconf 86' lang='lat' dir='ltr'>uxores</span> <span class='ocrx_word' id='word_1_472' title='bbox 2752 2253 3036 2319; x_wconf 86' lang='lat' dir='ltr'>duxisset,</span> <span class='ocrx_word' id='word_1_473' title='bbox 3060 2270 3091 2307; x_wconf 88' lang='lat' dir='ltr'>a</span> <span class='ocrx_word' id='word_1_474' title='bbox 3123 2253 3296 2308; x_wconf 89' lang='lat' dir='ltr'>beato</span> <span class='ocrx_word' id='word_1_475' title='bbox 3329 2258 3616 2308; x_wconf 84' lang='lat' dir='ltr'>Germano</span> <span class='ocrx_word' id='word_1_476' title='bbox 3668 2254 3831 2306; x_wconf 82' lang='lat' dir='ltr'>Pari-</span> 
     </span>
    </p>
   </div>
   <div class='ocr_carea' id='block_1_70' title="bbox 2185 2342 3836 2415">
    <p class='ocr_par' dir='ltr' id='par_1_70' title="bbox 2185 2342 3836 2415">
     <span class='ocr_line' id='line_1_70' title="bbox 2185 2342 3836 2415; baseline -0.003 -16"><span class='ocrx_word' id='word_1_477' title='bbox 2185 2345 2404 2400; x_wconf 91' lang='lat' dir='ltr'>siorum</span> <span class='ocrx_word' id='word_1_478' title='bbox 2438 2343 2710 2415; x_wconf 81' lang='lat' dir='ltr'>episcopo</span> <span class='ocrx_word' id='word_1_479' title='bbox 2741 2342 3282 2398; x_wconf 81' lang='lat' dir='ltr'>excommunicatus</span> <span class='ocrx_word' id='word_1_480' title='bbox 3313 2347 3420 2412; x_wconf 90' lang='lat' dir='ltr'>est,</span> <span class='ocrx_word' id='word_1_481' title='bbox 3459 2349 3511 2397; x_wconf 85' lang='lat' dir='ltr'>et</span> <span class='ocrx_word' id='word_1_482' title='bbox 3555 2360 3688 2396; x_wconf 87' lang='lat' dir='ltr'>cum</span> <span class='ocrx_word' id='word_1_483' title='bbox 3749 2360 3836 2396; x_wconf 58' lang='lat' dir='ltr'>re.-</span> 
     </span>
    </p>
   </div>
   <div class='ocr_carea' id='block_1_71' title="bbox 2187 2431 3837 2504">
    <p class='ocr_par' dir='ltr' id='par_1_71' title="bbox 2187 2431 3837 2504">
     <span class='ocr_line' id='line_1_71' title="bbox 2187 2431 3837 2504; baseline -0.003 -15"><span class='ocrx_word' id='word_1_484' title='bbox 2187 2433 2464 2504; x_wconf 87' lang='lat' dir='ltr'>sipiscere</span> <span class='ocrx_word' id='word_1_485' title='bbox 2493 2431 2691 2501; x_wconf 90' lang='lat' dir='ltr'>nollet,</span> <span class='ocrx_word' id='word_1_486' title='bbox 2725 2446 2840 2486; x_wconf 90' lang='lat' dir='ltr'>non</span> <span class='ocrx_word' id='word_1_487' title='bbox 2873 2431 3056 2486; x_wconf 89' lang='lat' dir='ltr'>multo</span> <span class='ocrx_word' id='word_1_488' title='bbox 3090 2435 3222 2503; x_wconf 90' lang='lat' dir='ltr'>post</span> <span class='ocrx_word' id='word_1_489' title='bbox 3262 2431 3458 2486; x_wconf 89' lang='lat' dir='ltr'>divino</span> <span class='ocrx_word' id='word_1_490' title='bbox 3482 2431 3710 2502; x_wconf 81' lang='lat' dir='ltr'>judicio</span> <span class='ocrx_word' id='word_1_491' title='bbox 3747 2434 3837 2485; x_wconf 79' lang='lat' dir='ltr'>dc-</span> 
     </span>
    </p>
   </div>
   <div class='ocr_carea' id='block_1_72' title="bbox 2188 2526 2564 2579">
    <p class='ocr_par' dir='ltr' id='par_1_72' title="bbox 2188 2526 2564 2579">
     <span class='ocr_line' id='line_1_72' title="bbox 2188 2526 2564 2579; baseline -0.003 0"><span class='ocrx_word' id='word_1_492' title='bbox 2188 2526 2423 2579; x_wconf 84' lang='lat' dir='ltr'>i&#39;unctus</span> <span class='ocrx_word' id='word_1_493' title='bbox 2456 2527 2564 2578; x_wconf 88' lang='lat' dir='ltr'>est.</span> 
     </span>
    </p>
   </div>
   <div class='ocr_carea' id='block_1_73' title="bbox 2185 2637 3831 2709">
    <p class='ocr_par' dir='ltr' id='par_1_73' title="bbox 2185 2637 3831 2709">
     <span class='ocr_line' id='line_1_73' title="bbox 2185 2637 3831 2709; baseline -0.004 -14"><span class='ocrx_word' id='word_1_494' title='bbox 2185 2641 2319 2696; x_wconf 81' lang='lat' dir='ltr'>CAP.</span> <span class='ocrx_word' id='word_1_495' title='bbox 2364 2640 2480 2695; x_wconf 82' lang='lat' dir='ltr'>CX.</span> <span class='ocrx_word' id='word_1_496' title='bbox 2542 2637 3049 2694; x_wconf 70' lang='lat' dir='ltr'>Excommum&#39;catis</span> <span class='ocrx_word' id='word_1_497' title='bbox 3107 2637 3324 2692; x_wconf 79' lang='lat' dir='ltr'>vinculo</span> <span class='ocrx_word' id='word_1_498' title='bbox 3382 2637 3672 2709; x_wconf 67' lang='lat' dir='ltr'>ﬁdelitatis</span> <span class='ocrx_word' id='word_1_499' title='bbox 3730 2655 3831 2691; x_wconf 69' lang='lat' dir='ltr'>non</span> 
     </span>
    </p>
   </div>
   <div class='ocr_carea' id='block_1_74' title="bbox 2748 2709 3269 2765">
    <p class='ocr_par' dir='ltr' id='par_1_74' title="bbox 2748 2709 3269 2765">
     <span class='ocr_line' id='line_1_74' title="bbox 2748 2709 3269 2765; baseline 0 0"><span class='ocrx_word' id='word_1_500' title='bbox 2748 2718 2998 2765; x_wconf 84' lang='lat' dir='ltr'>tenemur</span> <span class='ocrx_word' id='word_1_501' title='bbox 3027 2709 3269 2765; x_wconf 71' lang='lat' dir='ltr'>obnoxii.</span> 
     </span>
    </p>
   </div>
   <div class='ocr_carea' id='block_1_75' title="bbox 2594 2807 3423 2880">
    <p class='ocr_par' dir='ltr' id='par_1_75' title="bbox 2594 2807 3423 2880">
     <span class='ocr_line' id='line_1_75' title="bbox 2594 2807 3423 2880; baseline -0.004 -15"><span class='ocrx_word' id='word_1_502' title='bbox 2594 2809 2856 2880; x_wconf 82' lang='lat' dir='ltr'>Gregor.,</span> <span class='ocrx_word' id='word_1_503' title='bbox 2891 2825 2970 2863; x_wconf 84' lang='lat' dir='ltr'>vn</span> <span class='ocrx_word' id='word_1_504' title='bbox 3021 2808 3226 2880; x_wconf 83' lang='lat' dir='ltr'>synod.</span> <span class='ocrx_word' id='word_1_505' title='bbox 3257 2807 3423 2863; x_wconf 77' lang='lat' dir='ltr'>Rom.</span> 
     </span>
    </p>
   </div>
   <div class='ocr_carea' id='block_1_76' title="bbox 2259 2925 3832 2998">
    <p class='ocr_par' dir='ltr' id='par_1_76' title="bbox 2259 2925 3832 2998">
     <span class='ocr_line' id='line_1_76' title="bbox 2259 2925 3832 2998; baseline -0.001 -18"><span class='ocrx_word' id='word_1_506' title='bbox 2259 2928 2368 2998; x_wconf 75' lang='grc'>(15,</span> <span class='ocrx_word' id='word_1_507' title='bbox 2402 2942 2457 2998; x_wconf 92' lang='lat' dir='ltr'>q.</span> <span class='ocrx_word' id='word_1_508' title='bbox 2482 2927 2536 2994; x_wconf 85' lang='lat'>6,</span> <span class='ocrx_word' id='word_1_509' title='bbox 2571 2943 2619 2980; x_wconf 93' lang='lat' dir='ltr'>c.</span> <span class='ocrx_word' id='word_1_510' title='bbox 2656 2925 2760 2980; x_wconf 78' lang='lat' dir='ltr'>Nos</span> <span class='ocrx_word' id='word_1_511' title='bbox 2788 2926 3164 2995; x_wconf 75' lang='lat' dir='ltr'>sanctorum.)</span> <span class='ocrx_word' id='word_1_512' title='bbox 3196 2925 3698 2980; x_wconf 75' lang='lat' dir='ltr'>Preedecessorum</span> <span class='ocrx_word' id='word_1_513' title='bbox 3735 2942 3832 2979; x_wconf 91' lang='lat' dir='ltr'>no-</span> 
     </span>
    </p>
   </div>
   <div class='ocr_carea' id='block_1_77' title="bbox 2184 3015 3825 3086">
    <p class='ocr_par' dir='ltr' id='par_1_77' title="bbox 2184 3015 3825 3086">
     <span class='ocr_line' id='line_1_77' title="bbox 2184 3015 3825 3086; baseline -0.001 -15"><span class='ocrx_word' id='word_1_514' title='bbox 2184 3020 2441 3072; x_wconf 90' lang='lat' dir='ltr'>strorum</span> <span class='ocrx_word' id='word_1_515' title='bbox 2474 3019 2699 3071; x_wconf 85' lang='lat' dir='ltr'>statuta</span> <span class='ocrx_word' id='word_1_516' title='bbox 2731 3018 3066 3086; x_wconf 89' lang='lat' dir='ltr'>sequentes,</span> <span class='ocrx_word' id='word_1_517' title='bbox 3101 3031 3200 3070; x_wconf 89' lang='lat' dir='ltr'>eos</span> <span class='ocrx_word' id='word_1_518' title='bbox 3232 3015 3331 3086; x_wconf 91' lang='lat' dir='ltr'>qui</span> <span class='ocrx_word' id='word_1_519' title='bbox 3355 3015 3825 3070; x_wconf 84' lang='lat' dir='ltr'>excommunica-</span> 
     </span>
    </p>
   </div>
   <div class='ocr_carea' id='block_1_78' title="bbox 2182 3103 3830 3175">
    <p class='ocr_par' dir='ltr' id='par_1_78' title="bbox 2182 3103 3830 3175">
     <span class='ocr_line' id='line_1_78' title="bbox 2182 3103 3830 3175; baseline -0.001 -15"><span class='ocrx_word' id='word_1_520' title='bbox 2182 3106 2259 3161; x_wconf 91' lang='lat' dir='ltr'>tis</span> <span class='ocrx_word' id='word_1_521' title='bbox 2292 3105 2571 3160; x_wconf 86' lang='lat' dir='ltr'>ﬁdelitate</span> <span class='ocrx_word' id='word_1_522' title='bbox 2597 3109 2698 3159; x_wconf 86' lang='lat' dir='ltr'>aut</span> <span class='ocrx_word' id='word_1_523' title='bbox 2729 3109 3096 3160; x_wconf 88' lang='lat' dir='ltr'>sacramento</span> <span class='ocrx_word' id='word_1_524' title='bbox 3127 3103 3429 3160; x_wconf 88' lang='lat' dir='ltr'>constricti</span> <span class='ocrx_word' id='word_1_525' title='bbox 3461 3109 3622 3173; x_wconf 90' lang='lat' dir='ltr'>sunt,</span> <span class='ocrx_word' id='word_1_526' title='bbox 3663 3121 3830 3175; x_wconf 84' lang='lat' dir='ltr'>apos-</span> 
     </span>
    </p>
   </div>
   <div class='ocr_carea' id='block_1_79' title="bbox 2185 3194 3831 3266">
    <p class='ocr_par' dir='ltr' id='par_1_79' title="bbox 2185 3194 3831 3266">
     <span class='ocr_line' id='line_1_79' title="bbox 2185 3194 3831 3266; baseline -0.001 -17"><span class='ocrx_word' id='word_1_527' title='bbox 2185 3195 2356 3250; x_wconf 88' lang='lat' dir='ltr'>tolica</span> <span class='ocrx_word' id='word_1_528' title='bbox 2380 3196 3118 3262; x_wconf 79' lang='lat' dir='ltr'>auctoritatoajuramento</span> <span class='ocrx_word' id='word_1_529' title='bbox 3132 3194 3831 3266; x_wconf 88' lang='lat' dir='ltr'>absolvimus,quousque</span> 
     </span>
    </p>
   </div>
   <div class='ocr_carea' id='block_1_80' title="bbox 2182 3283 3828 3355">
    <p class='ocr_par' dir='ltr' id='par_1_80' title="bbox 2182 3283 3828 3355">
     <span class='ocr_line' id='line_1_80' title="bbox 2182 3283 3828 3355; baseline -0.001 -18"><span class='ocrx_word' id='word_1_530' title='bbox 2182 3284 2295 3355; x_wconf 90' lang='lat' dir='ltr'>ipsi</span> <span class='ocrx_word' id='word_1_531' title='bbox 2327 3285 2398 3339; x_wconf 91' lang='lat' dir='ltr'>ad</span> <span class='ocrx_word' id='word_1_532' title='bbox 2422 3283 2882 3338; x_wconf 85' lang='lat' dir='ltr'>satisfactionem</span> <span class='ocrx_word' id='word_1_533' title='bbox 2916 3283 3170 3353; x_wconf 84' lang='lat' dir='ltr'>veniant,</span> <span class='ocrx_word' id='word_1_534' title='bbox 3205 3288 3262 3338; x_wconf 90' lang='lat' dir='ltr'>et</span> <span class='ocrx_word' id='word_1_535' title='bbox 3288 3299 3356 3338; x_wconf 90' lang='lat' dir='ltr'>ne</span> <span class='ocrx_word' id='word_1_536' title='bbox 3387 3283 3471 3338; x_wconf 89' lang='lat' dir='ltr'>eis</span> <span class='ocrx_word' id='word_1_537' title='bbox 3496 3283 3828 3338; x_wconf 82' lang='lat' dir='ltr'>ﬁdelitatem</span> 
     </span>
    </p>
   </div>
   <div class='ocr_carea' id='block_1_81' title="bbox 2186 3371 2959 3443">
    <p class='ocr_par' dir='ltr' id='par_1_81' title="bbox 2186 3371 2959 3443">
     <span class='ocr_line' id='line_1_81' title="bbox 2186 3371 2959 3443; baseline 0.001 -17"><span class='ocrx_word' id='word_1_538' title='bbox 2186 3373 2514 3436; x_wconf 86' lang='lat' dir='ltr'>observent,</span> <span class='ocrx_word' id='word_1_539' title='bbox 2550 3371 2959 3443; x_wconf 88' lang='lat' dir='ltr'>prohibemus.</span> 
     </span>
    </p>
   </div>
   <div class='ocr_carea' id='block_1_82' title="bbox 2185 3487 3823 3559">
    <p class='ocr_par' dir='ltr' id='par_1_82' title="bbox 2185 3487 3823 3559">
     <span class='ocr_line' id='line_1_82' title="bbox 2185 3487 3823 3559; baseline -0.004 -13"><span class='ocrx_word' id='word_1_540' title='bbox 2185 3493 2317 3546; x_wconf 79' lang='lat' dir='ltr'>CAP.</span> <span class='ocrx_word' id='word_1_541' title='bbox 2350 3487 2486 3546; x_wconf 84' lang='lat' dir='ltr'>CXI.</span> <span class='ocrx_word' id='word_1_542' title='bbox 2521 3489 2821 3559; x_wconf 82' lang='lat' dir='ltr'>Antequam</span> <span class='ocrx_word' id='word_1_543' title='bbox 2851 3488 3298 3554; x_wconf 76' lang='lat' dir='ltr'>reconcilientur,</span> <span class='ocrx_word' id='word_1_544' title='bbox 3358 3487 3682 3558; x_wconf 79' lang='lat' dir='ltr'>ﬁdelitatem</span> <span class='ocrx_word' id='word_1_545' title='bbox 3741 3506 3823 3542; x_wconf 72' lang='lat' dir='ltr'>er-</span> 
     </span>
    </p>
   </div>
   <div class='ocr_carea' id='block_1_83' title="bbox 2416 3559 3600 3629">
    <p class='ocr_par' dir='ltr' id='par_1_83' title="bbox 2416 3559 3600 3629">
     <span class='ocr_line' id='line_1_83' title="bbox 2416 3559 3600 3629; baseline -0.001 -14"><span class='ocrx_word' id='word_1_546' title='bbox 2416 3559 2841 3615; x_wconf 71' lang='lat' dir='ltr'>eommum‘catis</span> <span class='ocrx_word' id='word_1_547' title='bbox 2881 3560 3075 3615; x_wconf 85' lang='lat' dir='ltr'>nullus</span> <span class='ocrx_word' id='word_1_548' title='bbox 3107 3577 3325 3616; x_wconf 63' lang='lat' dir='ltr'>servare</span> <span class='ocrx_word' id='word_1_549' title='bbox 3363 3559 3600 3629; x_wconf 80' lang='lat' dir='ltr'>cogitur.</span> 
     </span>
    </p>
   </div>
   <div class='ocr_carea' id='block_1_84' title="bbox 2452 3657 3560 3730">
    <p class='ocr_par' dir='ltr' id='par_1_84' title="bbox 2452 3657 3560 3730">
     <span class='ocr_line' id='line_1_84' title="bbox 2452 3657 3560 3730; baseline -0.002 -15"><span class='ocrx_word' id='word_1_550' title='bbox 2452 3659 2721 3715; x_wconf 85' lang='lat' dir='ltr'>Urbanus</span> <span class='ocrx_word' id='word_1_551' title='bbox 2753 3657 2854 3714; x_wconf 91' lang='lat' dir='ltr'>VII</span> <span class='ocrx_word' id='word_1_552' title='bbox 2883 3661 3061 3730; x_wconf 87' lang='lat' dir='ltr'>episc.</span> <span class='ocrx_word' id='word_1_553' title='bbox 3105 3657 3248 3730; x_wconf 81' lang='lat' dir='ltr'>Vap.</span> <span class='ocrx_word' id='word_1_554' title='bbox 3282 3663 3336 3714; x_wconf 91' lang='lat' dir='ltr'>et</span> <span class='ocrx_word' id='word_1_555' title='bbox 3369 3659 3560 3714; x_wconf 87' lang='lat' dir='ltr'>Dieus.</span> 
     </span>
    </p>
   </div>
   <div class='ocr_carea' id='block_1_85' title="bbox 2256 3775 3826 3847">
    <p class='ocr_par' dir='ltr' id='par_1_85' title="bbox 2256 3775 3826 3847">
     <span class='ocr_line' id='line_1_85' title="bbox 2256 3775 3826 3847; baseline -0.003 -15"><span class='ocrx_word' id='word_1_556' title='bbox 2256 3779 2366 3846; x_wconf 82' lang='grc'>(15,</span> <span class='ocrx_word' id='word_1_557' title='bbox 2400 3795 2454 3847; x_wconf 90' lang='lat' dir='ltr'>q.</span> <span class='ocrx_word' id='word_1_558' title='bbox 2483 3779 2538 3841; x_wconf 85' lang='lat'>6,</span> <span class='ocrx_word' id='word_1_559' title='bbox 2569 3793 2619 3830; x_wconf 94' lang='lat' dir='ltr'>c.</span> <span class='ocrx_word' id='word_1_560' title='bbox 2642 3781 2867 3832; x_wconf 84' lang='lat' dir='ltr'>Juratos</span> <span class='ocrx_word' id='word_1_561' title='bbox 2896 3777 3134 3830; x_wconf 79' lang='lat' dir='ltr'>Juratos</span> <span class='ocrx_word' id='word_1_562' title='bbox 3167 3775 3383 3830; x_wconf 89' lang='lat' dir='ltr'>milites</span> <span class='ocrx_word' id='word_1_563' title='bbox 3415 3776 3644 3845; x_wconf 76' lang='lat' dir='ltr'>Hugoni</span> <span class='ocrx_word' id='word_1_564' title='bbox 3681 3776 3826 3829; x_wconf 91' lang='lat' dir='ltr'>mili-</span> 
     </span>
    </p>
   </div>
   <div class='ocr_carea' id='block_1_86' title="bbox 2184 3865 3826 3936">
    <p class='ocr_par' dir='ltr' id='par_1_86' title="bbox 2184 3865 3826 3936">
     <span class='ocr_line' id='line_1_86' title="bbox 2184 3865 3826 3936; baseline -0.004 -15"><span class='ocrx_word' id='word_1_565' title='bbox 2184 3867 2248 3935; x_wconf 89' lang='lat' dir='ltr'>ti,</span> <span class='ocrx_word' id='word_1_566' title='bbox 2285 3883 2355 3921; x_wconf 87' lang='lat' dir='ltr'>ue</span> <span class='ocrx_word' id='word_1_567' title='bbox 2388 3865 2501 3935; x_wconf 89' lang='lat' dir='ltr'>ipsi</span> <span class='ocrx_word' id='word_1_568' title='bbox 2533 3865 2768 3936; x_wconf 84' lang='lat' dir='ltr'>quando</span> <span class='ocrx_word' id='word_1_569' title='bbox 2827 3865 3372 3919; x_wconf 86' lang='lat' dir='ltr'>excommunicatus</span> <span class='ocrx_word' id='word_1_570' title='bbox 3430 3870 3538 3929; x_wconf 82' lang='lat' dir='ltr'>est,</span> <span class='ocrx_word' id='word_1_571' title='bbox 3573 3866 3826 3919; x_wconf 72' lang='lat' dir='ltr'>serviant</span> 
     </span>
    </p>
   </div>
   <div class='ocr_carea' id='block_1_87' title="bbox 2183 3954 3828 4028">
    <p class='ocr_par' dir='ltr' id='par_1_87' title="bbox 2183 3954 3828 4028">
     <span class='ocr_line' id='line_1_87' title="bbox 2183 3954 3828 4028; baseline -0.001 -19"><span class='ocrx_word' id='word_1_572' title='bbox 2183 3956 2510 4028; x_wconf 85' lang='lat' dir='ltr'>prohibere.</span> <span class='ocrx_word' id='word_1_573' title='bbox 2546 3956 2706 4021; x_wconf 82' lang='lat' dir='ltr'>Quod</span> <span class='ocrx_word' id='word_1_574' title='bbox 2742 3955 2789 4009; x_wconf 88' lang='lat' dir='ltr'>si</span> <span class='ocrx_word' id='word_1_575' title='bbox 2824 3961 3194 4010; x_wconf 83' lang='lat' dir='ltr'>sacramenta</span> <span class='ocrx_word' id='word_1_576' title='bbox 3245 3954 3684 4026; x_wconf 71' lang='lat' dir='ltr'>praetenderint,</span> <span class='ocrx_word' id='word_1_577' title='bbox 3719 3971 3828 4007; x_wconf 90' lang='lat' dir='ltr'>mo-</span> 
     </span>
    </p>
   </div>
   <div class='ocr_carea' id='block_1_88' title="bbox 2182 4043 3828 4115">
    <p class='ocr_par' dir='ltr' id='par_1_88' title="bbox 2182 4043 3828 4115">
     <span class='ocr_line' id='line_1_88' title="bbox 2182 4043 3828 4115; baseline -0.003 -15"><span class='ocrx_word' id='word_1_578' title='bbox 2182 4049 2433 4100; x_wconf 87' lang='lat' dir='ltr'>neantur</span> <span class='ocrx_word' id='word_1_579' title='bbox 2464 4050 2725 4114; x_wconf 88' lang='lat' dir='ltr'>oportere</span> <span class='ocrx_word' id='word_1_580' title='bbox 2751 4043 2867 4100; x_wconf 89' lang='lat' dir='ltr'>Deo</span> <span class='ocrx_word' id='word_1_581' title='bbox 2899 4045 3086 4115; x_wconf 86' lang='lat' dir='ltr'>magis</span> <span class='ocrx_word' id='word_1_582' title='bbox 3117 4044 3332 4099; x_wconf 82' lang='lat' dir='ltr'>servire</span> <span class='ocrx_word' id='word_1_583' title='bbox 3364 4060 3543 4114; x_wconf 89' lang='lat' dir='ltr'>quam</span> <span class='ocrx_word' id='word_1_584' title='bbox 3578 4043 3828 4098; x_wconf 84' lang='lat' dir='ltr'>homini-</span> 
     </span>
    </p>
   </div>
   <div class='ocr_carea' id='block_1_89' title="bbox 2181 4133 3826 4204">
    <p class='ocr_par' dir='ltr' id='par_1_89' title="bbox 2181 4133 3826 4204">
     <span class='ocr_line' id='line_1_89' title="bbox 2181 4133 3826 4204; baseline -0.004 -15"><span class='ocrx_word' id='word_1_585' title='bbox 2181 4135 2332 4203; x_wconf 83' lang='lat' dir='ltr'>bus;</span> <span class='ocrx_word' id='word_1_586' title='bbox 2366 4134 2706 4189; x_wconf 88' lang='lat' dir='ltr'>ﬁdelitatem</span> <span class='ocrx_word' id='word_1_587' title='bbox 2750 4134 2908 4188; x_wconf 90' lang='lat' dir='ltr'>enim</span> <span class='ocrx_word' id='word_1_588' title='bbox 2969 4150 3146 4204; x_wconf 86' lang='lat' dir='ltr'>quam</span> <span class='ocrx_word' id='word_1_589' title='bbox 3199 4133 3532 4188; x_wconf 87' lang='lat' dir='ltr'>Christiano</span> <span class='ocrx_word' id='word_1_590' title='bbox 3583 4133 3826 4203; x_wconf 82' lang='lat' dir='ltr'>principi</span> 
     </span>
    </p>
   </div>
   <div class='ocr_carea' id='block_1_90' title="bbox 2172 4223 3828 4295">
    <p class='ocr_par' dir='ltr' id='par_1_90' title="bbox 2172 4223 3828 4295">
     <span class='ocr_line' id='line_1_90' title="bbox 2172 4223 3828 4295; baseline -0.002 -16"><span class='ocrx_word' id='word_1_591' title='bbox 2172 4225 2518 4295; x_wconf 87' lang='lat' dir='ltr'>juraverint,</span> <span class='ocrx_word' id='word_1_592' title='bbox 2553 4223 2669 4278; x_wconf 89' lang='lat' dir='ltr'>Deo</span> <span class='ocrx_word' id='word_1_593' title='bbox 2701 4225 2947 4293; x_wconf 88' lang='lat' dir='ltr'>ejusque</span> <span class='ocrx_word' id='word_1_594' title='bbox 2979 4223 3201 4278; x_wconf 88' lang='lat' dir='ltr'>sanctis</span> <span class='ocrx_word' id='word_1_595' title='bbox 3235 4223 3588 4286; x_wconf 83' lang='lat' dir='ltr'>adversanti,</span> <span class='ocrx_word' id='word_1_596' title='bbox 3624 4227 3682 4275; x_wconf 84' lang='lat' dir='ltr'>et</span> <span class='ocrx_word' id='word_1_597' title='bbox 3738 4240 3828 4275; x_wconf 71' lang='lat' dir='ltr'>co-</span> 
     </span>
    </p>
   </div>
   <div class='ocr_carea' id='block_1_91' title="bbox 2179 4311 3827 4384">
    <p class='ocr_par' dir='ltr' id='par_1_91' title="bbox 2179 4311 3827 4384">
     <span class='ocr_line' id='line_1_91' title="bbox 2179 4311 3827 4384; baseline -0.005 -16"><span class='ocrx_word' id='word_1_598' title='bbox 2179 4330 2310 4368; x_wconf 91' lang='lat' dir='ltr'>rum</span> <span class='ocrx_word' id='word_1_599' title='bbox 2346 4316 2632 4384; x_wconf 76' lang='lat' dir='ltr'>preecepta</span> <span class='ocrx_word' id='word_1_600' title='bbox 2663 4311 2931 4379; x_wconf 86' lang='lat' dir='ltr'>calcanti,</span> <span class='ocrx_word' id='word_1_601' title='bbox 2966 4312 3128 4366; x_wconf 87' lang='lat' dir='ltr'>nulla</span> <span class='ocrx_word' id='word_1_602' title='bbox 3175 4311 3526 4366; x_wconf 77' lang='lat' dir='ltr'>cohibentur</span> <span class='ocrx_word' id='word_1_603' title='bbox 3579 4311 3827 4365; x_wconf 70' lang='lat' dir='ltr'>auclcri-</span> 
     </span>
    </p>
   </div>
   <div class='ocr_carea' id='block_1_92' title="bbox 2177 4401 2676 4474">
    <p class='ocr_par' dir='ltr' id='par_1_92' title="bbox 2177 4401 2676 4474">
     <span class='ocr_line' id='line_1_92' title="bbox 2177 4401 2676 4474; baseline -0.004 -16"><span class='ocrx_word' id='word_1_604' title='bbox 2177 4407 2295 4458; x_wconf 89' lang='lat' dir='ltr'>tate</span> <span class='ocrx_word' id='word_1_605' title='bbox 2325 4401 2676 4474; x_wconf 82' lang='lat' dir='ltr'>persolvere.</span> 
     </span>
    </p>
   </div>
   <div class='ocr_carea' id='block_1_93' title="bbox 421 4515 3825 4601">
    <p class='ocr_par' dir='ltr' id='par_1_93' title="bbox 421 4515 3825 4601">
     <span class='ocr_line' id='line_1_93' title="bbox 421 4515 3825 4601; baseline -0.006 -14"><span class='ocrx_word' id='word_1_606' title='bbox 421 4532 593 4587; x_wconf 87' lang='lat' dir='ltr'>Aliud</span> <span class='ocrx_word' id='word_1_607' title='bbox 621 4535 818 4585; x_wconf 86' lang='lat' dir='ltr'>autem</span> <span class='ocrx_word' id='word_1_608' title='bbox 851 4534 1149 4584; x_wconf 82' lang='lat' dir='ltr'>Romanus</span> <span class='ocrx_word' id='word_1_609' title='bbox 1181 4531 1439 4601; x_wconf 80' lang='lat' dir='ltr'>pontifex</span> <span class='ocrx_word' id='word_1_610' title='bbox 1469 4545 1663 4601; x_wconf 84' lang='lat' dir='ltr'>regem</span> <span class='ocrx_word' id='word_1_611' title='bbox 1707 4528 2061 4583; x_wconf 78' lang='lat' dir='ltr'>Francorum</span> <span class='ocrx_word' id='word_1_612' title='bbox 2097 4518 2141 4584; x_wconf 90' lang='lat' dir='ltr'><strong>D</strong></span> <span class='ocrx_word' id='word_1_613' title='bbox 2173 4518 2300 4574; x_wconf 58' lang='lat' dir='ltr'>Car.</span> <span class='ocrx_word' id='word_1_614' title='bbox 2335 4517 2504 4573; x_wconf 84' lang='lat' dir='ltr'>CXII.</span> <span class='ocrx_word' id='word_1_615' title='bbox 2540 4518 2650 4570; x_wconf 83' lang='lat' dir='ltr'>Pro</span> <span class='ocrx_word' id='word_1_616' title='bbox 2683 4515 2770 4570; x_wconf 75' lang='lat' dir='ltr'>his</span> <span class='ocrx_word' id='word_1_617' title='bbox 2800 4517 2978 4600; x_wconf 57' lang='lat' dir='ltr'>tribus</span> <span class='ocrx_word' id='word_1_618' title='bbox 3006 4516 3336 4601; x_wconf 65' lang='lat' dir='ltr'>criminibus</span> <span class='ocrx_word' id='word_1_619' title='bbox 3382 4515 3618 4586; x_wconf 65' lang='lat' dir='ltr'>quilibet</span> <span class='ocrx_word' id='word_1_620' title='bbox 3679 4532 3825 4570; x_wconf 54' lang='lat'>(52::-</span> 
     </span>
    </p>
   </div>
   <div class='ocr_carea' id='block_1_94' title="bbox 425 4617 2062 4691">
    <p class='ocr_par' dir='ltr' id='par_1_94' title="bbox 425 4617 2062 4691">
     <span class='ocr_line' id='line_1_94' title="bbox 425 4617 2062 4691; baseline -0.004 -13"><span class='ocrx_word' id='word_1_621' title='bbox 425 4639 541 4678; x_wconf 88' lang='lat' dir='ltr'>non</span> <span class='ocrx_word' id='word_1_622' title='bbox 573 4625 693 4674; x_wconf 89' lang='lat' dir='ltr'>tam</span> <span class='ocrx_word' id='word_1_623' title='bbox 722 4636 826 4690; x_wconf 92' lang='lat' dir='ltr'>pro</span> <span class='ocrx_word' id='word_1_624' title='bbox 857 4618 982 4673; x_wconf 91' lang='lat' dir='ltr'>suis</span> <span class='ocrx_word' id='word_1_625' title='bbox 1014 4617 1430 4691; x_wconf 87' lang='lat' dir='ltr'>iniquitatibus</span> <span class='ocrx_word' id='word_1_626' title='bbox 1459 4635 1636 4690; x_wconf 89' lang='lat' dir='ltr'>quam</span> <span class='ocrx_word' id='word_1_627' title='bbox 1666 4634 1767 4688; x_wconf 89' lang='lat' dir='ltr'>pro</span> <span class='ocrx_word' id='word_1_628' title='bbox 1799 4633 1865 4672; x_wconf 94' lang='lat' dir='ltr'>eo</span> <span class='ocrx_word' id='word_1_629' title='bbox 1907 4619 2062 4688; x_wconf 92' lang='lat' dir='ltr'>quod</span> 
     </span>
    </p>
   </div>
   <div class='ocr_carea' id='block_1_95' title="bbox 422 4707 2066 4782">
    <p class='ocr_par' dir='ltr' id='par_1_95' title="bbox 422 4707 2066 4782">
     <span class='ocr_line' id='line_1_95' title="bbox 422 4707 2066 4782; baseline -0.004 -14"><span class='ocrx_word' id='word_1_630' title='bbox 422 4714 598 4768; x_wconf 69' lang='lat' dir='ltr'>tanta:</span> <span class='ocrx_word' id='word_1_631' title='bbox 627 4707 900 4782; x_wconf 89' lang='lat' dir='ltr'>potestati</span> <span class='ocrx_word' id='word_1_632' title='bbox 932 4711 1058 4762; x_wconf 90' lang='lat' dir='ltr'>erat</span> <span class='ocrx_word' id='word_1_633' title='bbox 1085 4708 1315 4766; x_wconf 84' lang='lat' dir='ltr'>inutilis</span> <span class='ocrx_word' id='word_1_634' title='bbox 1355 4725 1389 4764; x_wconf 88' lang='lat' dir='ltr'>a</span> <span class='ocrx_word' id='word_1_635' title='bbox 1443 4723 1620 4779; x_wconf 83' lang='lat' dir='ltr'>regno</span> <span class='ocrx_word' id='word_1_636' title='bbox 1680 4707 1974 4778; x_wconf 88' lang='lat' dir='ltr'>deposuit,</span> <span class='ocrx_word' id='word_1_637' title='bbox 2007 4710 2066 4762; x_wconf 88' lang='lat' dir='ltr'>et</span> 
     </span>
    </p>
   </div>
   <div class='ocr_carea' id='block_1_96' title="bbox 420 4795 2064 4875">
    <p class='ocr_par' dir='ltr' id='par_1_96' title="bbox 420 4795 2064 4875">
     <span class='ocr_line' id='line_1_96' title="bbox 420 4795 2064 4875; baseline -0.004 -17"><span class='ocrx_word' id='word_1_638' title='bbox 420 4802 695 4875; x_wconf 87' lang='lat' dir='ltr'>Pipinum</span> <span class='ocrx_word' id='word_1_639' title='bbox 711 4795 898 4854; x_wconf 87' lang='lat' dir='ltr'>Caroli</span> <span class='ocrx_word' id='word_1_640' title='bbox 912 4796 1282 4868; x_wconf 86' lang='lat' dir='ltr'>imperatoris</span> <span class='ocrx_word' id='word_1_641' title='bbox 1297 4803 1519 4872; x_wconf 89' lang='lat' dir='ltr'>patrem</span> <span class='ocrx_word' id='word_1_642' title='bbox 1543 4798 1602 4852; x_wconf 91' lang='lat' dir='ltr'>in</span> <span class='ocrx_word' id='word_1_643' title='bbox 1626 4797 1754 4866; x_wconf 91' lang='lat' dir='ltr'>ejus</span> <span class='ocrx_word' id='word_1_644' title='bbox 1777 4795 1901 4851; x_wconf 92' lang='lat' dir='ltr'>loco</span> <span class='ocrx_word' id='word_1_645' title='bbox 1925 4797 2064 4851; x_wconf 91' lang='lat' dir='ltr'>sub-</span> 
     </span>
    </p>
   </div>
   <div class='ocr_carea' id='block_1_97' title="bbox 419 4885 2062 4960">
    <p class='ocr_par' dir='ltr' id='par_1_97' title="bbox 419 4885 2062 4960">
     <span class='ocr_line' id='line_1_97' title="bbox 419 4885 2062 4960; baseline -0.007 -11"><span class='ocrx_word' id='word_1_646' title='bbox 419 4892 631 4956; x_wconf 75' lang='lat' dir='ltr'>stituit,</span> <span class='ocrx_word' id='word_1_647' title='bbox 664 4903 985 4960; x_wconf 86' lang='lat' dir='ltr'>omnesque</span> <span class='ocrx_word' id='word_1_648' title='bbox 1019 4888 1408 4959; x_wconf 86' lang='lat' dir='ltr'>Francigenas</span> <span class='ocrx_word' id='word_1_649' title='bbox 1438 4905 1471 4943; x_wconf 87' lang='lat' dir='ltr'>a</span> <span class='ocrx_word' id='word_1_650' title='bbox 1493 4888 1833 4957; x_wconf 87' lang='lat' dir='ltr'>juramento</span> <span class='ocrx_word' id='word_1_651' title='bbox 1877 4885 2062 4940; x_wconf 88' lang='lat' dir='ltr'>ﬁdeli-</span> 
     </span>
    </p>
   </div>
   <div class='ocr_carea' id='block_1_98' title="bbox 422 4973 2064 5047">
    <p class='ocr_par' dir='ltr' id='par_1_98' title="bbox 422 4973 2064 5047">
     <span class='ocr_line' id='line_1_98' title="bbox 422 4973 2064 5047; baseline -0.005 -9"><span class='ocrx_word' id='word_1_652' title='bbox 422 4983 559 5038; x_wconf 82' lang='lat' dir='ltr'>tatis</span> <span class='ocrx_word' id='word_1_653' title='bbox 592 4977 878 5035; x_wconf 89' lang='lat' dir='ltr'>absolvit:</span> <span class='ocrx_word' id='word_1_654' title='bbox 916 4975 1070 5046; x_wconf 91' lang='lat' dir='ltr'>quod</span> <span class='ocrx_word' id='word_1_655' title='bbox 1104 4977 1281 5032; x_wconf 83' lang='lat' dir='ltr'>etiam</span> <span class='ocrx_word' id='word_1_656' title='bbox 1313 4995 1379 5032; x_wconf 86' lang='lat' dir='ltr'>ex</span> <span class='ocrx_word' id='word_1_657' title='bbox 1414 4977 1699 5047; x_wconf 87' lang='lat' dir='ltr'>frequenti</span> <span class='ocrx_word' id='word_1_658' title='bbox 1720 4973 2064 5030; x_wconf 87' lang='lat' dir='ltr'>auctoritate</span> 
     </span>
    </p>
   </div>
   <div class='ocr_carea' id='block_1_99' title="bbox 417 5063 2062 5144">
    <p class='ocr_par' dir='ltr' id='par_1_99' title="bbox 417 5063 2062 5144">
     <span class='ocr_line' id='line_1_99' title="bbox 417 5063 2062 5144; baseline -0.005 -17"><span class='ocrx_word' id='word_1_659' title='bbox 417 5071 538 5144; x_wconf 83' lang='lat' dir='ltr'>agit</span> <span class='ocrx_word' id='word_1_660' title='bbox 569 5071 738 5125; x_wconf 88' lang='lat' dir='ltr'>santa</span> <span class='ocrx_word' id='word_1_661' title='bbox 755 5064 1031 5133; x_wconf 88' lang='lat' dir='ltr'>Ecclesia,</span> <span class='ocrx_word' id='word_1_662' title='bbox 1067 5079 1201 5120; x_wconf 88' lang='lat' dir='ltr'>cum</span> <span class='ocrx_word' id='word_1_663' title='bbox 1243 5065 1460 5121; x_wconf 88' lang='lat' dir='ltr'>milites</span> <span class='ocrx_word' id='word_1_664' title='bbox 1500 5065 1751 5122; x_wconf 86' lang='lat' dir='ltr'>absolvit</span> <span class='ocrx_word' id='word_1_665' title='bbox 1773 5079 1804 5118; x_wconf 89' lang='lat' dir='ltr'>a</span> <span class='ocrx_word' id='word_1_666' title='bbox 1825 5063 2062 5119; x_wconf 90' lang='lat' dir='ltr'>vinculo</span> 
     </span>
    </p>
   </div>
   <div class='ocr_carea' id='block_1_100' title="bbox 410 5153 2062 5234">
    <p class='ocr_par' dir='ltr' id='par_1_100' title="bbox 410 5153 2062 5234">
     <span class='ocr_line' id='line_1_100' title="bbox 410 5153 2062 5234; baseline -0.005 -16"><span class='ocrx_word' id='word_1_667' title='bbox 410 5159 736 5234; x_wconf 88' lang='lat' dir='ltr'>juramenti</span> <span class='ocrx_word' id='word_1_668' title='bbox 767 5155 923 5228; x_wconf 90' lang='lat' dir='ltr'>quod</span> <span class='ocrx_word' id='word_1_669' title='bbox 955 5154 1174 5210; x_wconf 89' lang='lat' dir='ltr'>factum</span> <span class='ocrx_word' id='word_1_670' title='bbox 1207 5159 1297 5210; x_wconf 88' lang='lat' dir='ltr'>est</span> <span class='ocrx_word' id='word_1_671' title='bbox 1330 5155 1420 5210; x_wconf 88' lang='lat' dir='ltr'>his</span> <span class='ocrx_word' id='word_1_672' title='bbox 1451 5155 1762 5228; x_wconf 89' lang='lat' dir='ltr'>episcopis,</span> <span class='ocrx_word' id='word_1_673' title='bbox 1798 5153 1896 5225; x_wconf 89' lang='lat' dir='ltr'>qui</span> <span class='ocrx_word' id='word_1_674' title='bbox 1930 5170 2062 5225; x_wconf 86' lang='lat' dir='ltr'>apo-</span> 
     </span>
    </p>
   </div>
   <div class='ocr_carea' id='block_1_101' title="bbox 416 5242 2058 5316">
    <p class='ocr_par' dir='ltr' id='par_1_101' title="bbox 416 5242 2058 5316">
     <span class='ocr_line' id='line_1_101' title="bbox 416 5242 2058 5316; baseline -0.007 -8"><span class='ocrx_word' id='word_1_675' title='bbox 416 5249 626 5309; x_wconf 89' lang='lat' dir='ltr'>stolica</span> <span class='ocrx_word' id='word_1_676' title='bbox 656 5245 1001 5302; x_wconf 88' lang='lat' dir='ltr'>auctoritate</span> <span class='ocrx_word' id='word_1_677' title='bbox 1034 5259 1068 5298; x_wconf 88' lang='lat' dir='ltr'>a</span> <span class='ocrx_word' id='word_1_678' title='bbox 1099 5242 1419 5315; x_wconf 86' lang='lat' dir='ltr'>pontiﬁcali</span> <span class='ocrx_word' id='word_1_679' title='bbox 1449 5246 1633 5316; x_wconf 87' lang='lat' dir='ltr'>gradu</span> <span class='ocrx_word' id='word_1_680' title='bbox 1667 5245 2058 5315; x_wconf 88' lang='lat' dir='ltr'>deponuntur.</span> 
     </span>
    </p>
   </div>
   <div class='ocr_carea' id='block_1_102' title="bbox 417 5332 2060 5397">
    <p class='ocr_par' dir='ltr' id='par_1_102' title="bbox 417 5332 2060 5397">
     <span class='ocr_line' id='line_1_102' title="bbox 417 5332 2060 5397; baseline -0.005 0"><span class='ocrx_word' id='word_1_681' title='bbox 417 5343 486 5397; x_wconf 85' lang='lat' dir='ltr'>Et</span> <span class='ocrx_word' id='word_1_682' title='bbox 519 5341 722 5394; x_wconf 88' lang='lat' dir='ltr'>beatus</span> <span class='ocrx_word' id='word_1_683' title='bbox 749 5332 1091 5390; x_wconf 89' lang='lat' dir='ltr'>Ambrosius</span> <span class='ocrx_word' id='word_1_684' title='bbox 1121 5332 1258 5389; x_wconf 91' lang='lat' dir='ltr'>licet</span> <span class='ocrx_word' id='word_1_685' title='bbox 1288 5338 1525 5390; x_wconf 85' lang='lat' dir='ltr'>sanctus</span> <span class='ocrx_word' id='word_1_686' title='bbox 1557 5351 1670 5388; x_wconf 90' lang='lat' dir='ltr'>non</span> <span class='ocrx_word' id='word_1_687' title='bbox 1705 5336 1898 5388; x_wconf 88' lang='lat' dir='ltr'>tamen</span> <span class='ocrx_word' id='word_1_688' title='bbox 1931 5332 2060 5388; x_wconf 90' lang='lat' dir='ltr'>uni-</span> 
     </span>
    </p>
   </div>
   <div class='ocr_carea' id='block_1_103' title="bbox 412 5421 2061 5495">
    <p class='ocr_par' dir='ltr' id='par_1_103' title="bbox 412 5421 2061 5495">
     <span class='ocr_line' id='line_1_103' title="bbox 412 5421 2061 5495; baseline -0.004 -11"><span class='ocrx_word' id='word_1_689' title='bbox 412 5426 659 5485; x_wconf 88' lang='lat' dir='ltr'>versalis</span> <span class='ocrx_word' id='word_1_690' title='bbox 694 5421 954 5480; x_wconf 70' lang='lat' dir='ltr'>Ecclesia:</span> <span class='ocrx_word' id='word_1_691' title='bbox 987 5421 1316 5495; x_wconf 88' lang='lat' dir='ltr'>episcopus.</span> <span class='ocrx_word' id='word_1_692' title='bbox 1367 5441 1470 5495; x_wconf 88' lang='lat' dir='ltr'>pro</span> <span class='ocrx_word' id='word_1_693' title='bbox 1517 5422 1693 5492; x_wconf 89' lang='lat' dir='ltr'>culpa</span> <span class='ocrx_word' id='word_1_694' title='bbox 1744 5438 1872 5493; x_wconf 69' lang='lat' dir='ltr'>quae</span> <span class='ocrx_word' id='word_1_695' title='bbox 1929 5422 2061 5478; x_wconf 88' lang='lat' dir='ltr'>aliis</span> 
     </span>
    </p>
   </div>
   <div class='ocr_carea' id='block_1_104' title="bbox 417 5509 2059 5582">
    <p class='ocr_par' dir='ltr' id='par_1_104' title="bbox 417 5509 2059 5582">
     <span class='ocr_line' id='line_1_104' title="bbox 417 5509 2059 5582; baseline -0.004 -11"><span class='ocrx_word' id='word_1_696' title='bbox 417 5513 821 5572; x_wconf 87' lang='lat' dir='ltr'>sacerdotibus</span> <span class='ocrx_word' id='word_1_697' title='bbox 839 5525 954 5567; x_wconf 88' lang='lat' dir='ltr'>non</span> <span class='ocrx_word' id='word_1_698' title='bbox 971 5510 1111 5566; x_wconf 89' lang='lat' dir='ltr'>adeo</span> <span class='ocrx_word' id='word_1_699' title='bbox 1125 5511 1317 5582; x_wconf 84' lang='lat' dir='ltr'>gravis</span> <span class='ocrx_word' id='word_1_700' title='bbox 1336 5509 2059 5580; x_wconf 88' lang='lat' dir='ltr'>videbatur,Theodosium</span> 
     </span>
    </p>
   </div>
   <div class='ocr_carea' id='block_1_105' title="bbox 419 5593 2058 5675">
    <p class='ocr_par' dir='ltr' id='par_1_105' title="bbox 419 5593 2058 5675">
     <span class='ocr_line' id='line_1_105' title="bbox 419 5593 2058 5675; baseline -0.002 -15"><span class='ocrx_word' id='word_1_701' title='bbox 419 5611 702 5675; x_wconf 78' lang='lat' dir='ltr'>magnum</span> <span class='ocrx_word' id='word_1_702' title='bbox 732 5593 1148 5671; x_wconf 81' lang='lat' dir='ltr'>Imperatorem</span> <span class='ocrx_word' id='word_1_703' title='bbox 1181 5596 1686 5658; x_wconf 73' lang='lat' dir='ltr'>excommucicans</span> <span class='ocrx_word' id='word_1_704' title='bbox 1711 5597 1781 5655; x_wconf 77' lang='lat' dir='ltr'>ab</span> <span class='ocrx_word' id='word_1_705' title='bbox 1800 5595 2058 5657; x_wconf 71' lang='lat' dir='ltr'>Ecclesia</span> 
     </span>
    </p>
   </div>
   <div class='ocr_carea' id='block_1_106' title="bbox 2713 4588 3283 4658">
    <p class='ocr_par' dir='ltr' id='par_1_106' title="bbox 2713 4588 3283 4658">
     <span class='ocr_line' id='line_1_106' title="bbox 2713 4588 3283 4658; baseline 0.002 -17"><span class='ocrx_word' id='word_1_706' title='bbox 2713 4590 2977 4644; x_wconf 76' lang='lat' dir='ltr'>munione</span> <span class='ocrx_word' id='word_1_707' title='bbox 3000 4588 3283 4658; x_wconf 77' lang='lat' dir='ltr'>privetur.</span> 
     </span>
    </p>
   </div>
   <div class='ocr_carea' id='block_1_107' title="bbox 2706 4678 3291 4734">
    <p class='ocr_par' dir='ltr' id='par_1_107' title="bbox 2706 4678 3291 4734">
     <span class='ocr_line' id='line_1_107' title="bbox 2706 4678 3291 4734; baseline -0.002 -2"><span class='ocrx_word' id='word_1_708' title='bbox 2706 4679 2881 4734; x_wconf 90' lang='lat' dir='ltr'>Conc.</span> <span class='ocrx_word' id='word_1_709' title='bbox 2916 4678 3076 4733; x_wconf 92' lang='lat' dir='ltr'>Trib.</span> <span class='ocrx_word' id='word_1_710' title='bbox 3110 4694 3161 4732; x_wconf 90' lang='lat' dir='ltr'>c.</span> <span class='ocrx_word' id='word_1_711' title='bbox 3201 4678 3291 4732; x_wconf 89' lang='grc'>30.</span> 
     </span>
    </p>
   </div>
   <div class='ocr_carea' id='block_1_108' title="bbox 2243 4793 3822 4868">
    <p class='ocr_par' dir='ltr' id='par_1_108' title="bbox 2243 4793 3822 4868">
     <span class='ocr_line' id='line_1_108' title="bbox 2243 4793 3822 4868; baseline -0.003 -17"><span class='ocrx_word' id='word_1_712' title='bbox 2243 4795 2356 4868; x_wconf 85' lang='lat' dir='ltr'>(-It,</span> <span class='ocrx_word' id='word_1_713' title='bbox 2391 4811 2445 4867; x_wconf 90' lang='lat' dir='ltr'>q.</span> <span class='ocrx_word' id='word_1_714' title='bbox 2472 4795 2526 4862; x_wconf 91' lang='lat'>3,</span> <span class='ocrx_word' id='word_1_715' title='bbox 2557 4811 2605 4852; x_wconf 92' lang='lat' dir='ltr'>c.</span> <span class='ocrx_word' id='word_1_716' title='bbox 2642 4794 2908 4866; x_wconf 82' lang='lat' dir='ltr'>Certum.)</span> <span class='ocrx_word' id='word_1_717' title='bbox 2962 4795 3291 4858; x_wconf 65' lang='lat' dir='ltr'>Quaesitum</span> <span class='ocrx_word' id='word_1_718' title='bbox 3355 4797 3443 4851; x_wconf 85' lang='lat' dir='ltr'>est</span> <span class='ocrx_word' id='word_1_719' title='bbox 3498 4793 3558 4850; x_wconf 92' lang='lat' dir='ltr'>in</span> <span class='ocrx_word' id='word_1_720' title='bbox 3622 4795 3822 4850; x_wconf 86' lang='lat' dir='ltr'>eadem</span> 
     </span>
    </p>
   </div>
   <div class='ocr_carea' id='block_1_109' title="bbox 2175 4882 3824 4958">
    <p class='ocr_par' dir='ltr' id='par_1_109' title="bbox 2175 4882 3824 4958">
     <span class='ocr_line' id='line_1_109' title="bbox 2175 4882 3824 4958; baseline -0.004 -16"><span class='ocrx_word' id='word_1_721' title='bbox 2175 4887 2396 4958; x_wconf 79' lang='lat' dir='ltr'>synodo</span> <span class='ocrx_word' id='word_1_722' title='bbox 2429 4902 2530 4956; x_wconf 75' lang='lat' dir='ltr'>pro</span> <span class='ocrx_word' id='word_1_723' title='bbox 2563 4885 2779 4956; x_wconf 91' lang='lat' dir='ltr'>quibus</span> <span class='ocrx_word' id='word_1_724' title='bbox 2812 4883 3006 4939; x_wconf 90' lang='lat' dir='ltr'>causis</span> <span class='ocrx_word' id='word_1_725' title='bbox 3031 4885 3355 4952; x_wconf 86' lang='lat' dir='ltr'>quemlibet</span> <span class='ocrx_word' id='word_1_726' title='bbox 3383 4883 3689 4939; x_wconf 89' lang='lat' dir='ltr'>hominem</span> <span class='ocrx_word' id='word_1_727' title='bbox 3716 4882 3824 4955; x_wconf 85' lang='lat' dir='ltr'>epi-</span> 
     </span>
    </p>
   </div>
   <div class='ocr_carea' id='block_1_110' title="bbox 2173 4972 3825 5048">
    <p class='ocr_par' dir='ltr' id='par_1_110' title="bbox 2173 4972 3825 5048">
     <span class='ocr_line' id='line_1_110' title="bbox 2173 4972 3825 5048; baseline -0.003 -17"><span class='ocrx_word' id='word_1_728' title='bbox 2173 4975 2393 5048; x_wconf 88' lang='lat' dir='ltr'>scopali</span> <span class='ocrx_word' id='word_1_729' title='bbox 2427 4974 2770 5030; x_wconf 87' lang='lat' dir='ltr'>auctoritate</span> <span class='ocrx_word' id='word_1_730' title='bbox 2793 4972 3022 5030; x_wconf 89' lang='lat' dir='ltr'>vinculo</span> <span class='ocrx_word' id='word_1_731' title='bbox 3051 4973 3445 5029; x_wconf 87' lang='lat' dir='ltr'>anathematis</span> <span class='ocrx_word' id='word_1_732' title='bbox 3471 4973 3642 5044; x_wconf 84' lang='lat' dir='ltr'>ligari</span> <span class='ocrx_word' id='word_1_733' title='bbox 3669 4990 3825 5044; x_wconf 85' lang='lat' dir='ltr'>opor-</span> 
     </span>
    </p>
   </div>
   <div class='ocr_carea' id='block_1_111' title="bbox 2171 5063 3821 5135">
    <p class='ocr_par' dir='ltr' id='par_1_111' title="bbox 2171 5063 3821 5135">
     <span class='ocr_line' id='line_1_111' title="bbox 2171 5063 3821 5135; baseline -0.002 -15"><span class='ocrx_word' id='word_1_734' title='bbox 2171 5069 2508 5135; x_wconf 85' lang='lat' dir='ltr'>teat.Atque</span> <span class='ocrx_word' id='word_1_735' title='bbox 2538 5063 2802 5118; x_wconf 86' lang='lat' dir='ltr'>unanimi</span> <span class='ocrx_word' id='word_1_736' title='bbox 2835 5068 3177 5118; x_wconf 85' lang='lat' dir='ltr'>cunctorum</span> <span class='ocrx_word' id='word_1_737' title='bbox 3211 5063 3500 5120; x_wconf 86' lang='lat' dir='ltr'>sententia</span> <span class='ocrx_word' id='word_1_738' title='bbox 3522 5064 3821 5119; x_wconf 85' lang='lat' dir='ltr'>decretum</span> 
     </span>
    </p>
   </div>
   <div class='ocr_carea' id='block_1_112' title="bbox 2189 5152 3820 5226">
    <p class='ocr_par' dir='ltr' id='par_1_112' title="bbox 2189 5152 3820 5226">
     <span class='ocr_line' id='line_1_112' title="bbox 2189 5152 3820 5226; baseline -0.001 -16"><span class='ocrx_word' id='word_1_739' title='bbox 2189 5159 2298 5221; x_wconf 90' lang='lat' dir='ltr'>est,</span> <span class='ocrx_word' id='word_1_740' title='bbox 2326 5170 2430 5226; x_wconf 92' lang='lat' dir='ltr'>pro</span> <span class='ocrx_word' id='word_1_741' title='bbox 2492 5153 2580 5208; x_wconf 90' lang='lat' dir='ltr'>bis</span> <span class='ocrx_word' id='word_1_742' title='bbox 2638 5153 2828 5208; x_wconf 89' lang='lat' dir='ltr'>tribus</span> <span class='ocrx_word' id='word_1_743' title='bbox 2888 5152 3237 5209; x_wconf 90' lang='lat' dir='ltr'>criminibus</span> <span class='ocrx_word' id='word_1_744' title='bbox 3270 5153 3390 5209; x_wconf 89' lang='lat' dir='ltr'>ﬁeri</span> <span class='ocrx_word' id='word_1_745' title='bbox 3425 5154 3658 5223; x_wconf 88' lang='lat' dir='ltr'>debere,</span> <span class='ocrx_word' id='word_1_746' title='bbox 3695 5169 3820 5208; x_wconf 90' lang='lat' dir='ltr'>cum</span> 
     </span>
    </p>
   </div>
   <div class='ocr_carea' id='block_1_113' title="bbox 2172 5241 3821 5315">
    <p class='ocr_par' dir='ltr' id='par_1_113' title="bbox 2172 5241 3821 5315">
     <span class='ocr_line' id='line_1_113' title="bbox 2172 5241 3821 5315; baseline -0.001 -17"><span class='ocrx_word' id='word_1_747' title='bbox 2172 5244 2242 5298; x_wconf 88' lang='lat' dir='ltr'>ad</span> <span class='ocrx_word' id='word_1_748' title='bbox 2276 5243 2565 5315; x_wconf 80' lang='lat' dir='ltr'>synodum</span> <span class='ocrx_word' id='word_1_749' title='bbox 2599 5241 2875 5298; x_wconf 89' lang='lat' dir='ltr'>canonice</span> <span class='ocrx_word' id='word_1_750' title='bbox 2898 5242 3109 5313; x_wconf 87' lang='lat' dir='ltr'>jussus</span> <span class='ocrx_word' id='word_1_751' title='bbox 3135 5243 3334 5300; x_wconf 87' lang='lat' dir='ltr'>venire</span> <span class='ocrx_word' id='word_1_752' title='bbox 3380 5243 3821 5313; x_wconf 83' lang='lat' dir='ltr'>contempserit,</span> 
     </span>
    </p>
   </div>
   <div class='ocr_carea' id='block_1_114' title="bbox 2172 5330 3822 5404">
    <p class='ocr_par' dir='ltr' id='par_1_114' title="bbox 2172 5330 3822 5404">
     <span class='ocr_line' id='line_1_114' title="bbox 2172 5330 3822 5404; baseline -0.002 -16"><span class='ocrx_word' id='word_1_753' title='bbox 2172 5339 2271 5388; x_wconf 86' lang='lat' dir='ltr'>aut</span> <span class='ocrx_word' id='word_1_754' title='bbox 2301 5337 2614 5404; x_wconf 89' lang='lat' dir='ltr'>postquam</span> <span class='ocrx_word' id='word_1_755' title='bbox 2645 5330 2786 5386; x_wconf 90' lang='lat' dir='ltr'>illuc</span> <span class='ocrx_word' id='word_1_756' title='bbox 2818 5332 3059 5397; x_wconf 85' lang='lat' dir='ltr'>venerit,</span> <span class='ocrx_word' id='word_1_757' title='bbox 3095 5332 3557 5388; x_wconf 84' lang='lat' dir='ltr'>sacerdotalibus</span> <span class='ocrx_word' id='word_1_758' title='bbox 3599 5333 3822 5403; x_wconf 88' lang='lat' dir='ltr'>respuit</span> 
     </span>
    </p>
   </div>
   <div class='ocr_carea' id='block_1_115' title="bbox 2171 5422 3820 5494">
    <p class='ocr_par' dir='ltr' id='par_1_115' title="bbox 2171 5422 3820 5494">
     <span class='ocr_line' id='line_1_115' title="bbox 2171 5422 3820 5494; baseline -0.001 -17"><span class='ocrx_word' id='word_1_759' title='bbox 2171 5423 2406 5478; x_wconf 83' lang='lat' dir='ltr'>obedire</span> <span class='ocrx_word' id='word_1_760' title='bbox 2459 5422 2802 5494; x_wconf 59' lang='lat' dir='ltr'>praceptis;</span> <span class='ocrx_word' id='word_1_761' title='bbox 2863 5425 2964 5476; x_wconf 87' lang='lat' dir='ltr'>aut</span> <span class='ocrx_word' id='word_1_762' title='bbox 3021 5426 3151 5476; x_wconf 88' lang='lat' dir='ltr'>ante</span> <span class='ocrx_word' id='word_1_763' title='bbox 3217 5423 3442 5476; x_wconf 88' lang='lat' dir='ltr'>ﬁnitam</span> <span class='ocrx_word' id='word_1_764' title='bbox 3475 5440 3668 5476; x_wconf 81' lang='lat' dir='ltr'>causae</span> <span class='ocrx_word' id='word_1_765' title='bbox 3702 5439 3820 5475; x_wconf 73' lang='lat' dir='ltr'>sua:</span> 
     </span>
    </p>
   </div>
   <div class='ocr_carea' id='block_1_116' title="bbox 2170 5509 3821 5583">
    <p class='ocr_par' dir='ltr' id='par_1_116' title="bbox 2170 5509 3821 5583">
     <span class='ocr_line' id='line_1_116' title="bbox 2170 5509 3821 5583; baseline -0.001 -18"><span class='ocrx_word' id='word_1_766' title='bbox 2170 5511 2683 5580; x_wconf 85' lang='lat' dir='ltr'>examinationem,</span> <span class='ocrx_word' id='word_1_767' title='bbox 2747 5528 2778 5565; x_wconf 89' lang='lat' dir='ltr'>a</span> <span class='ocrx_word' id='word_1_768' title='bbox 2851 5509 3073 5583; x_wconf 77' lang='lat' dir='ltr'>synodo</span> <span class='ocrx_word' id='word_1_769' title='bbox 3133 5511 3421 5582; x_wconf 80' lang='lat' dir='ltr'>profugus</span> <span class='ocrx_word' id='word_1_770' title='bbox 3478 5510 3639 5566; x_wconf 81' lang='lat' dir='ltr'>abire</span> <span class='ocrx_word' id='word_1_771' title='bbox 3677 5529 3821 5581; x_wconf 77' lang='lat' dir='ltr'>prse-</span> 
     </span>
    </p>
   </div>
   <div class='ocr_carea' id='block_1_117' title="bbox 2170 5597 2372 5657">
    <p class='ocr_par' dir='ltr' id='par_1_117' title="bbox 2170 5597 2372 5657">
     <span class='ocr_line' id='line_1_117' title="bbox 2170 5597 2372 5657; baseline 0 0"><span class='ocrx_word' id='word_1_772' title='bbox 2170 5597 2372 5657; x_wconf 62' lang='lat' dir='ltr'>sumit:</span> 
     </span>
    </p>
   </div>
  </div>
