4000 6054
222 255 367 309 1237

1534 260 1927 314 PANORMIA.
1959 290 2020 298 —
2055 262 2188 312 LIB.
2231 261 2299 310 ν.

3504 260 3642 313 1238

219 380 356 435 CAP.
393 376 589 433 CXIII.
625 377 904 454 Quidquid
956 380 1218 454 Domina
1248 386 1634 454 consecratur,
1674 383 1744 437 ad
1782 383 1879 453 jus
1910 384 1961 448 Α
2060 381 2365 454 ferentibus
2407 381 2467 435 in
2515 380 2723 433 malum
2772 379 3112 434 obvimiarint
3158 385 3637 439 excommunicau-

750 450 990 520 pcrlinet
1028 451 1347 509 sacerdotis.

534 591 612 645 Ex
644 591 867 646 Dccret.
914 592 1195 647 Bonifacii
1240 612 1397 666 pap.,
1430 612 1479 650 c.
1513 597 1567 649 5.

286 770 400 841 (12,
435 787 493 842 q.
526 774 581 835 7,
615 772 845 825 c.NuIli
895 772 1096 840 iiceal.)
1160 772 1315 828 Nulli
1376 773 1548 829 liceat
1608 774 1879 845 ignorare

214 876 395 915 omne
428 862 580 932 quod
618 862 728 916 Deo
760 867 1155 929 consecratur,
1187 864 1309 918 sive
1345 864 1519 918 fuerit
1543 864 1739 933 homo,
1760 866 1878 921 sive

213 950 459 1019 animal,
492 951 612 1006 sive
644 967 799 1022 ager,
834 952 920 1005 vel
958 952 1245 1023 quidquid
1280 953 1460 1008 semel
1512 955 1688 1011 fuerit
1736 972 1876 1011 con-

214 1044 534 1109 secratum,
571 1044 839 1095 sanctum
876 1046 1216 1096 sanctorum
1248 1043 1357 1097 erit
1387 1043 1656 1113 Domino,
1700 1049 1755 1099 et
1803 1046 1875 1100 ad

202 1130 311 1199 jus
345 1128 596 1200 pertinet
627 1130 1022 1200 sacerdotum.
1058 1130 1293 1201 Propter
1325 1132 1476 1203 quod
1504 1133 1876 1187 inexcusabi-

211 1216 289 1272 lis
320 1218 429 1272 erit
460 1218 653 1273 omnis
686 1218 785 1289 qui
820 1237 851 1273 a
890 1220 1133 1274 Domino
1193 1225 1247 1274 et
1277 1221 1535 1276 Ecclesia
1584 1222 1677 1276 cui
1717 1239 1876 1278 com-

213 1311 446 1379 petunt,
479 1308 687 1374 aufert,
716 1312 929 1373 vastat,
966 1307 1207 1376 invadit,
1235 1310 1321 1363 vel
1354 1310 1549 1381 eripit,
1584 1328 1773 1382 usque
1805 1312 1874 1366 ad

213 1398 692 1453 emendationem
717 1398 1105 1470 Ecclesiazque
1121 1398 1585 1455 satisfactionem
1612 1403 1675 1455 ut
1694 1401 1873 1455 sacri-

212 1486 383 1558 legus
416 1486 793 1557 dijudicetur.
830 1489 895 1543 Et
917 1488 965 1543 si
993 1488 1150 1543 enim
1178 1489 1316 1544 dare
1344 1489 1616 1559 noluerit,
1644 1506 1872 1546 excom-

213 1575 568 1631 municetur.

209 1720 345 1799 Cas.
380 1721 574 1776 CXIV.
611 1720 717 1789 Qui
765 1721 1082 1777 oratoribus
1137 1722 1481 1793 pauperibus
1535 1740 1647 1779 non
1706 1740 1874 1780 arma

2065 459 2178 508 tur.

2417 541 2496 594 Ex
2526 544 2741 595 Decret.
2767 540 3011 607 Nicolai,
3037 558 3085 596 c.
3124 542 3147 594 1
3178 546 3208 595 '.

2058 652 2169 722 (22,
2204 667 2258 718 q.
2293 649 2346 716 3,
2381 665 2429 702 ο.
2466 647 2565 703 Ilii
2608 650 2705 717 qui
2755 649 3121 718 peregrinos.)
3179 649 3445 705 Nicotaus
3490 668 3638 723 papa

1992 741 2266 795 Romanus
2293 736 2564 807 episcopis
2594 736 2867 791 omnibus.
2904 736 2992 792 Illi
3024 738 3121 806 qui
3160 740 3498 811 peregrinos
3548 740 3638 797 vel

1990 832 2251 885 oratores
2280 827 2689 896 cujuscunque
2747 826 2954 893 sancti,
3012 826 3133 881 sive
3190 826 3455 898 clericos,
3517 829 3639 883 sive

1990 915 2327 979 monachos,
2362 914 2447 969 vel
2480 914 2728 969 feminas
2755 920 2855 969 aut
2887 916 3140 969 inermes
3198 932 3486 987 pauperes
3538 918 3637 973 de-

1988 1005 2231 1079 praadati
2267 1004 2503 1072 fuerint,
2537 1003 2622 1058 vel
2656 1004 2808 1058 bona
2840 1020 3041 1058 eorum
3075 1004 3396 1075 rapuerint,
3428 1005 3515 1060 vel
3575 1006 3632 1061 in

1989 1095 2210 1151 malum
2228 1095 2309 1149 eis
2344 1092 2721 1159 obviaverint,
2748 1092 3136 1148 anathematis
3168 1092 3399 1149 vinculo
3424 1094 3634 1150 ferian-

1986 1190 2102 1252 tur,
2140 1184 2253 1239 nisi
2287 1184 2465 1254 digne
2497 1182 2956 1237 emendaverint.
2992 1186 3101 1236 Pax
3146 1199 3277 1237 vero
3327 1182 3430 1238 illa
3461 1200 3633 1255 quam

1987 1282 2249 1345 treugam
2281 1271 2418 1327 olim
2454 1271 2707 1327 dicimus
2740 1271 2823 1326 sic
2855 1271 3216 1338 observetur,
3249 1272 3401 1327 sicut
3433 1273 3504 1327 ab
3545 1290 3637 1328 ar-

1987 1361 2403 1434 chiepiscopis,
2428 1361 2719 1433 episcopis
2737 1361 3133 1432 unicujusque
3161 1362 3470 1434 provincias
3493 1379 3637 1418 con-

1984 1453 2195 1508 stituta
2225 1455 2332 1506 est.
2367 1449 2475 1515 Qui
2520 1454 2720 1505 autem
2775 1466 2902 1505 eam
2938 1450 3257 1521 infregerit,
3298 1452 3635 1507 excomuni-

1985 1541 2196 1598 cationi
2219 1540 2591 1611 subjiciatur.
2626 1539 2757 1594 Haec
2789 1538 3633 1612 igiturhujusmodiquidquid

1982 1632 2042 1686 in
2067 1630 2252 1686 sacris
2311 1628 2634 1685 canonibus
2682 1627 2934 1683 habetur
2991 1628 3395 1684 authenticum
3428 1634 3631 1685 sancta

1982 1722 2225 1794 prefata
2257 1719 2517 1792 synodus
2548 1718 2669 1773 fore
2701 1716 2927 1773 censuit
2954 1718 3406 1775 observandum.

698 2052 798 2111 DE
846 2051 1277 2113 HrERETlCIS
1322 2051 1520 2112 POST
1568 2051 1891 2112 MOR'I‘EM
1956 2045 2720 2109 EXCOMMUNICANDIS
2762 2044 2910 2104 VEI.
2958 2046 3136 2106 NON.

208 2212 343 2265 CAP.
373 2210 535 2267 CXV.
570 2213 835 2267 Ηειτνείίοί
866 2213 1035 2268 etiam
1061 2219 1175 2283 post
1209 2216 1445 2269 mortem
1475 2217 1602 2269 sunt
1642 2228 1863 2270 excom-
1895 2214 1942 2278 B
1974 2213 2224 2265 mortem
2260 2204 2618 2263 anathemati
2652 2205 3235 2276 subjiciantur.ltcm
3263 2223 3323 2262 εκ
3348 2205 3478 2263 Etsi
3500 2220 3634 2264 vera

873 2285 1175 2340 mimicam!
1186 2286 1202 2335 ἱ

780 2402 994 2473 Synod.
1020 2420 1073 2470 ν,
1101 2406 1213 2457 act.
1238 2403 1288 2458 1.

283 2516 391 2585 (24,
428 2536 481 2587 q.
517 2520 568 2586 ‘2,
604 2535 654 2572 c.
689 2518 830 2572 Sane
861 2519 1091 2573 secundo
1124 2519 1180 2572 in
1214 2518 1412 2591 prim.)
1441 2519 1590 2573 Sane
1644 2516 1862 2589 profer-

210 2606 748 2676 turaquibusdam
813 2608 911 2678 qui
972 2607 1173 2661 dicunt
1236 2624 1349 2662 non
1409 2614 1675 2678 oportere
1732 2607 1863 2676 post

210 2699 463 2750 mortem
496 2695 797 2753 haereticos,
832 2696 1334 2761 anathematizari,
1369 2700 1426 2751 et
1466 2695 1627 2765 sequi
1662 2694 1720 2748 in
1754 2694 1861 2748 hoc

211 2786 540 2840 doctrinam
575 2791 911 2840 sanctorum
949 2789 1212 2851 Patrum,
1245 2783 1340 2853 qui
1375 2801 1489 2839 non
1524 2782 1715 2838 solum
1778 2780 1861 2835 vi-

212 2878 414 2929 ventes
446 2875 747 2930 haareticos
780 2875 1336 2940 condemnaverunt,
1371 2874 1471 2928 sed
1505 2871 1678 2928 etiam
1704 2888 1861 2926 mor-

212 2966 347 3017 tuos
380 2964 534 3020 sicut
562 2979 659 3019 eos
694 2964 793 3035 qui
827 2964 1046 3034 injuste
1079 2962 1342 3018 damnati
1376 2966 1536 3029 sunt,
1570 2976 1865 3017 revocave-

212 3059 349 3106 runt
381 3057 514 3123 post
573 3054 987 3121 mortem,etin
1014 3053 1194 3108 sacris
1218 3053 1453 3124 dipticis
1476 3052 1860 3123 scripserunt,

214 3142 369 3212 quod
402 3144 618 3198 factum
653 3147 743 3198 est
766 3144 823 3198 in
855 3143 1077 3197 Joanne
1107 3148 1163 3197 ct
1194 3143 1252 3196 in
1282 3141 1553 3197 Flaviano
1574 3140 1861 3212 religiosis

213 3230 504 3301 episcopis
534 3230 1218 3302 Constantinopolitanis.

725 3406 861 3457 CAP.
894 3401 1084 3458 CXVI.
1133 3404 1202 3457 De
1233 3402 1348 3457 eod.

536 3509 752 3580 Synod.
780 3508 907 3561 ead.
944 3511 1055 3563 act.
1101 3524 1153 3577 v,
1209 3511 1263 3560 et
1296 3508 1539 3577 August.

282 3634 400 3701 (24,
437 3649 492 3702 q.
520 3635 576 3698 2,
610 3648 659 3685 c.
693 3632 837 3686 Sane
867 3631 1122 3686 secundo.
1160 3631 1185 3701 §
1218 3629 1331 3684 Etsi
1381 3630 1570 3700 forte.)
1600 3630 1658 3683 Si
1717 3630 1865 3685 forte

216 3722 313 3777 isti
345 3721 478 3775 libri
512 3722 593 3775 ita
625 3720 939 3791 designant
970 3719 1309 3774 traditorem
1342 3734 1537 3787 suum,
1569 3717 1723 3772 sicut
1753 3718 1866 3772 Do-

220 3810 415 3865 minus
447 3810 775 3880 designavit
800 3810 1015 3864 Judam
1050 3809 1277 3879 legatur
1314 3809 1371 3862 in
1405 3808 1488 3862 eis
1522 3805 1867 3862 nominatim

210 3902 264 3953 et
290 3914 560 3968 expresse
585 3896 669 3951 vel
703 3895 1058 3951 Cecilianum
1098 3895 1185 3950 vel
1208 3897 1337 3966 ejus
1377 3895 1738 3950 ordinatores
1773 3911 1867 3949 eo-

215 3987 481 4041 rumdem
516 3986 798 4040 librorum
831 3986 1013 4040 fuisse
1046 3985 1357 4041 traditores
1391 3989 1447 4039 et
1465 3984 1575 4039 nisi
1598 3999 1696 4039 eos
1730 4000 1867 4039 ana-

212 4076 686 4138 thematizavero,
733 4076 857 4144 ipse
916 4091 1046 4128 cum
1108 4074 1193 4128 eis
1244 4074 1479 4143 judiccr
1535 4073 1866 4128 tradidisse.

213 4168 343 4230 Quae
379 4166 551 4219 modo
586 4164 828 4218 recitata
860 4168 1016 4230 sunt,
1053 4164 1419 4234 Augustinus
1470 4168 1685 4217 sanctae
1745 4180 1866 4219 me-

218 4255 410 4310 moria:
448 4255 858 4310 convenienter
881 4252 1086 4308 statuit
1109 4253 1292 4307 teneri
1316 4253 1387 4307 ab
1413 4252 1576 4306 initio
1597 4252 1653 4305 in
1680 4253 1869 4308 Eccle-

217 4345 320 4399 sia.
359 4344 610 4415 Impium
647 4343 803 4397 enim
829 4343 1182 4413 dogmajam
1207 4342 1507 4414 culpatum
1530 4346 1619 4397 est
1650 4346 1707 4396 et
1736 4358 1869 4397 oon-

219 4435 584 4501 demnatum,
619 4438 674 4487 et
705 4449 802 4486 eos
834 4432 933 4503 qui
968 4431 1067 4485 tali
1118 4432 1381 4503 dogmati
1438 4431 1669 4486 obnoxii
1730 4435 1869 4487 sunt

222 4520 699 4578 anathematizari
732 4520 857 4575 vult
888 4518 1154 4576 Ecclesiae
1184 4519 1445 4587 traditio,
1488 4520 1618 4575 licet
1650 4520 1865 4575 mortui

221 4615 452 4677 essent;
486 4610 614 4665 ideo
648 4613 701 4663 et
733 4612 945 4664 sanctze
973 4609 1266 4663 memoriae
1284 4610 1653 4679 Augustinus
1685 4608 1865 4678 dixit;

223 4724 249 4751 «
282 4700 341 4755 Si
374 4699 545 4754 modo
577 4698 1018 4753 convinceretur
1050 4696 1379 4752 Cecilianus
1412 4697 1593 4751 dehis
1627 4698 1869 4768 quaein—

222 4792 491 4846 fcruntur
529 4788 600 4853 ei,
636 4787 809 4842 etiam
846 4791 975 4858 post
1010 4790 1255 4841 mortem
1302 4786 1468 4840 illum
1520 4787 1867 4841 anathema-

221 4880 351 4934 tizo.
387 4899 415 4927 ››
450 4878 594 4932 Item
623 4895 634 4931 :
667 4901 693 4926 «
728 4876 891 4931 Multi
924 4876 1181 4947 episcopi
1216 4876 1549 4947 congregati
1581 4881 1741 4931 sunt.
1802 4876 1869 4929 Et

1978 2303 2121 2354 sunt
2154 2315 2280 2369 quas
2314 2296 2604 2351 Ceciliano
2636 2296 2863 2365 objecta
2878 2296 3292 2364 sunt,etnobis
3319 2296 3633 2368 aliquando

1975 2391 2219 2459 possent
2250 2385 2585 2453 monstrari,
2619 2385 2817 2455 ipsum
2850 2389 3152 2440 mortuum
3186 2385 3631 2441 anathematiza.

1975 2493 2198 2533 remus.
2232 2498 2260 2525 ‹‹
2295 2476 2440 2529 Item
2474 2490 2486 2529 :
2521 2496 2547 2523 ‹‹
2584 2472 2739 2528 Dicis
2770 2472 2944 2528 licere
2977 2473 3119 2528 mihi
3152 2474 3332 2529 etiam
3366 2475 3437 2530 de
3479 2492 3630 2530 mor-

1974 2565 2399 2635 tuisjudicare,
2433 2561 2572 2632 quia
2595 2561 2890 2632 judicium
2918 2578 3033 2616 non
3068 2566 3301 2617 tantum
3335 2564 3405 2618 de
3461 2565 3630 2632 vivis,

1976 2656 2076 2711 sed
2099 2654 2273 2708 etiam
2294 2655 2365 2707 de
2384 2650 2637 2706 mortuis
2663 2650 2783 2705 ﬁeri
2808 2655 3021 2722 potest.
3044 2674 3072 2703 ››
3090 2655 3235 2707 Item
3258 2670 3272 2711 :
3295 2673 3316 2703 α
3347 2653 3631 2708 Βαιηὶιυιίι

1975 2748 2193 2799 sanctae
2226 2742 2527 2797 memoriae
2556 2741 3076 2812 episcopusfactus
3103 2742 3399 2797 Edissenas
3431 2743 3627 2797 civita-

1976 2834 2074 2899 tis,
2109 2832 2301 2903 quiin
2352 2831 2763 2886 sacerdotibus
2813 2830 3202 2901 resplenduit,
3255 2831 3624 2887 Theodorum

1976 2922 2377 2976 Mosothenum
2396 2920 2571 2974 etiam
2596 2930 2729 2990 post
2748 2924 2995 2973 mortem
3016 2920 3074 2974 in
3103 2919 3359 2975 Ecclesia
3387 2921 3625 2977 anathe-

1977 3010 2289 3067 matizavit.
2308 3032 2335 3058 »
2350 3014 2494 3064 Item
2522 3025 2535 3063 :
2560 3031 2579 3057 α
2599 3009 2786 3064 Etiam
2804 3009 3202 3065 Romanorum
3220 3008 3478 3066 Ecclesia
3496 3014 3628 3065 ante

1975 3118 2195 3175 paucos
2229 3117 2413 3156 annos
2445 3098 2791 3155 Dioscorum
2825 3098 2924 3169 qui
2986 3099 3098 3154 fuit
3151 3116 3303 3171 papa
3362 3099 3628 3170 ejusdem

1974 3192 2242 3248 Ecclesia:
2275 3190 2448 3245 etiam
2483 3193 2615 3260 post
2648 3194 2895 3244 mortem
2926 3188 3475 3256 excommunicavit,
3497 3206 3627 3244 cum

1975 3298 2080 3337 nec
2110 3281 2168 3335 in
2202 3280 2315 3335 {ide
2346 3281 2663 3350 peccasset,
2684 3281 2741 3333 et
2772 3278 2878 3332 hoc
2909 3277 3103 3332 sciunt
3134 3292 3338 3333 omnes
3360 3278 3632 3332 homines

1976 3369 2076 3440 qui
2108 3369 2328 3439 degunt
2358 3366 2474 3432 hic,
2510 3364 2847 3433 Romani,et
2882 3365 3137 3419 maxime
3158 3365 3259 3434 qui
3283 3365 3342 3420 in
3369 3366 3631 3435 dignita-

1973 3456 2132 3511 tibus
2149 3456 2429 3519 existunt,
2457 3453 2753 3524 quietiam
2778 3452 3044 3522 ejusdem
3076 3452 3342 3509 Dioscori
3364 3470 3631 3509 commu-

1974 3545 2263 3599 nioatores
2296 3544 2748 3614 permanserunt
2782 3557 2967 3612 usque
3001 3542 3071 3596 ad
3106 3542 3234 3612 ejus
3296 3547 3562 3597 mortem.
3602 3566 3627 3591 ››

1976 3635 2116 3689 Item
2149 3649 2161 3687 :
2203 3652 2223 3680 α
2251 3633 2439 3686 Etiam
2474 3630 2751 3701 Origenes
2784 3630 2834 3686 si
2867 3631 2938 3686 ad
2991 3636 3259 3703 tempora
3315 3631 3624 3703 Theophili

1974 3726 2185 3778 sanctas
2220 3721 2517 3776 memoriae
2549 3719 2635 3775 vel
2662 3719 2935 3790 superius
2959 3719 3175 3792 aliquis
3201 3721 3467 3785 recurrit.
3494 3726 3627 3792 post

1978 3816 2223 3867 mortem
2275 3810 2533 3867 inveniet
2589 3808 3173 3868 anathematizatum.
3227 3810 3390 3874 Quod
3449 3811 3621 3865 etiam

1976 3918 2133 3957 nunc
2162 3900 2220 3955 in
2255 3901 2368 3956 isto
2402 3901 2536 3956 fecit
2569 3902 2625 3954 et
2658 3903 2849 3954 vestra
2908 3898 3210 3970 sanctitas,
3270 3903 3327 3954 et
3382 3898 3624 3970 Vigilius

1977 3989 2459 4061 religiosissimus
2510 4004 2660 4059 papa
2712 3986 3061 4057 antiquioris
3117 3987 3330 4041 Romaa.
3367 4007 3394 4035 »
3446 3990 3623 4041 Item:

1979 4080 2249 4134 «Sancta
2278 4079 2539 4149 synodus
2585 4076 2764 4130 dixit:
2827 4097 2855 4125 «
2918 4076 3233 4129 Sufﬁciunt
3291 4091 3417 4145 qum
3474 4074 3628 4129 dicta

1976 4173 2117 4224 sunt
2149 4173 2203 4222 et
2239 4167 2464 4237 prolata
2495 4164 2950 4219 ecclesiasticam
2985 4163 3357 4217 traditionem
3383 4164 3627 4218 demon-

1976 4262 2186 4320 strare,
2222 4256 2376 4326 quod
2411 4258 2637 4324 oportet
2659 4253 2963 4308 beareticos
2987 4258 3041 4309 et
3060 4256 3193 4324 post
3214 4258 3461 4308 mortem
3489 4270 3626 4308 ana-

1975 4342 2367 4401 thematizari.
2400 4365 2427 4394 »

1975 4490 2106 4545 CAP.
2140 4487 2352 4545 CXVII.
2406 4485 2657 4541 Hmretici
2701 4484 2869 4539 etiam
2918 4489 3036 4554 post
3090 4487 3319 4541 mortem
3373 4489 3500 4541 sunt
3528 4499 3625 4541 ea:-

2566 4556 3030 4612 communicandi.

2470 4656 2686 4726 Synod.
2717 4654 2871 4720 ead.,
2906 4656 3017 4709 act.
3052 4670 3127 4710 IV.

2046 4790 2156 4861 (2.1,
2192 4806 2246 4861 q.
2277 4792 2332 4855 2,
2365 4805 2415 4844 c.
2448 4788 2634 4860 Sane.)
2666 4789 2882 4844 Sancta
2912 4789 3172 4858 synodus
3223 4788 3402 4845 dixit:
3440 4813 3467 4841 ‹‹
3508 4793 3621 4845 Au-

1978 4878 2197 4949 gustini
2232 4877 2518 4947 religiosa:
2537 4878 2850 4944 memoriae,
2871 4877 2967 4948 qui
2991 4877 3143 4933 inter
3158 4880 3461 4951 episcopos
3478 4878 3626 4932 Afri-

223 4968 486 5040 quzedam
502 4966 831 5031 dcdivprsis
847 4966 1041 5021 causis
1067 4964 1133 5019 ad
1164 4964 1620 5020 ecclesiasticum
1646 4968 1865 5020 statum
1900 4963 1944 5025 D
1976 4984 2152 5022 canos
2185 4966 2505 5038 splenduit,
2541 4967 2779 5022 diversas
2811 4966 3067 5039 epistola;
3102 4968 3352 5023 recitata;
3387 4969 3625 5023 suntsi-

223 5056 645 5129 pertinentibus
679 5055 1061 5126 disponentes
1089 5056 1159 5109 de
1189 5054 1335 5126 ipsis
1387 5058 1720 5109 statuerunt
1777 5054 1869 5108 de-

225 5145 438 5202 functis
471 5146 571 5216 qui
605 5144 913 5199 facultatcs
975 5162 1114 5199 suas
1166 5143 1454 5198 haereticis
1503 5142 1868 5215 relinquunt,

224 5238 298 5293 ita
326 5240 391 5291 ut
422 5238 478 5290 et
507 5240 633 5306 post
680 5238 925 5289 mortem
979 5233 1338 5288 anathemati
1394 5232 1803 5303 subjiciantur.
1841 5256 1861 5281 »

227 5328 374 5382 Sunt
405 5328 597 5380 autem
631 5327 687 5377 et
722 5323 906 5377 sancti
940 5322 1253 5393 Augustini
1300 5326 1516 5377 sanctae
1576 5321 1867 5376 memorias

228 5414 478 5486 epistolae
511 5413 768 5468 dicentes
803 5412 979 5482 quod,
1012 5410 1059 5465 si
1095 5410 1292 5465 invita
1325 5427 1432 5465 sua
1463 5428 1576 5465 non
1602 5414 1752 5465 recte
1775 5427 1867 5465 sa-

229 5507 520 5577 puerunt,
576 5500 707 5555 licet
767 5518 882 5555 non
944 5499 1315 5555 condemnati
1376 5500 1625 5555 fuissent
1677 5500 1867 5555 adhuc

229 5594 509 5663 viventes,
536 5589 733 5646 tamen
766 5587 1161 5646 demonstrato
1212 5590 1447 5660 peccato
1492 5584 1589 5643 Isti
1637 5588 1694 5644 et
1736 5590 1868 5660 post

1980 5056 2327 5127 gniﬁcantes
2362 5056 2515 5127 quod
2554 5059 2777 5127 oportet
2806 5060 2862 5111 et
2895 5055 3196 5112 haereticos
3227 5061 3355 5128 post
3389 5062 3628 5113 mortem

1978 5144 2485 5201 anathematizari.
2518 5144 2715 5200 Talem
2750 5150 2944 5200 autem
2967 5145 3627 5202 ecclesiasticamtradi-

1978 5234 2196 5289 tionem
2231 5238 2287 5288 et
2317 5232 2415 5288 alii
2468 5232 2721 5289 Africani
2776 5234 3179 5291 revendissimi
3210 5237 3461 5308 episcopi
3506 5253 3627 5292 ser-

1977 5326 2277 5389 vaverunt,
2312 5323 2412 5377 sed
2447 5326 2502 5378 et
2533 5323 2795 5379 Romana
2823 5327 3024 5378 sancta
3046 5323 3304 5379 Ecclesia
3335 5328 3621 5395 quosdam

1977 5413 2283 5484 episcopos
2307 5412 2482 5467 etiam
2509 5421 2639 5483 post
2659 5416 2904 5465 mortem
2930 5412 3463 5481 anathematizavit,
3487 5416 3622 5471 licet

1978 5520 2080 5575 pro
2114 5502 2297 5558 ﬁdein
2312 5502 2427 5556 vita
2450 5503 2694 5567 suaﬁnon
2714 5505 2913 5555 essent
2930 5499 3209 5569 accusati,
3229 5504 3284 5558 et
3304 5504 3621 5576 utrumque

1976 5590 2129 5663 apud
2165 5604 2271 5647 nos
2302 5584 2502 5646 habita
2526 5589 2689 5660 gesta
2718 5580 3070 5659 signiﬁcant.
3103 5607 3131 5641 ››
