3938 6074
347 217 491 296 1239

1438 243 1506 292 D.
1549 240 1786 293 IVONIS
1823 236 2320 292 CARNOTENSIS
2358 234 2683 288 EPISCOPI

3688 231 3722 283 1
3735 230 3858 282 241]

357 364 490 420 CAP.
543 362 794 418 CXVIII.
852 363 968 417 Non
1012 370 1233 431 possunt
1271 362 1338 414 ab
1389 363 1630 416 Ecclesia
1691 360 1830 414 solvi
1875 365 1996 431 post
2021 361 2077 425 Α
2109 361 2307 411 utrum
2339 357 2624 412 cadavera
2646 355 2883 410 illorum
2907 355 2980 410 ad
3001 354 3281 410 ecclesias
3312 354 3673 410 referenda
3707 354 3856 409 sint

415 437 666 562 milirtem,
711 432 809 506 qui
856 436 916 488 in
981 429 1082 486 hac
1147 434 1259 486 vita
1297 432 1368 486 ab
1429 448 1500 487 ea
1560 432 1839 486 noluerint
1893 429 1996 484 ab-

417 523 475 562 so
506 523 579 562 vi.

417 523 579 562 δοιυι.

588 593 699 648 Leo
724 593 965 649 Rustico
1013 591 1269 647 Narbon.
1303 591 1510 662 episc.,
1541 607 1633 663 ep.
1664 591 1754 647 90.

421 685 535 756 (24,
568 700 626 755 q.
657 685 713 748 2,
746 699 798 738 c.
843 683 917 735 De
972 681 1397 752 communione.)
1446 680 1528 736 De
1583 696 1775 735 comm

349 771 596 846 privatis
627 776 684 827 et
711 770 795 825 ita
824 769 1116 824 defunctis
1149 769 1359 824 horum
1406 785 1618 824 causas
1666 768 1739 824 de
1785 768 2002 839 judicio

349 860 714 917 observanda
743 863 852 928 est,
879 857 938 912 in
973 859 1145 927 cujus
1177 875 1355 913 manu
1391 859 1501 912 fuit
1530 862 1595 912 ut
1625 856 1834 912 talium
1875 855 2004 910 obi-

348 955 444 1004 tus
459 965 574 1004 non
597 962 784 1017 usque
801 946 873 1001 ad
897 946 1331 1002 communionis
1350 945 1677 1002 remedium
1700 947 2004 1001 differren-

350 1046 466 1094 tur.
495 1038 609 1092 Nos
641 1041 837 1092 autem
861 1037 1078 1109 quibus
1099 1037 1433 1092 viventibus
1460 1054 1576 1092 non
1602 1035 2003 1092 communica-

355 1127 548 1182 vimus
581 1125 831 1182 mortuis
862 1124 1301 1181 communicare
1340 1143 1456 1181 non
1486 1141 1824 1198 possumus.

349 1237 474 1291 Cu».
506 1231 702 1289 CXIX.
738 1232 980 1287 Ecclesia
1005 1233 1245 1288 viventes
1273 1240 1440 1302 potest
1471 1232 1656 1305 ligare
1683 1233 1765 1288 vel
1789 1231 2008 1287 solvere

865 1318 976 1358 non
999 1311 1183 1358 autem
1210 1309 1489 1359 mortuos.

571 1391 888 1464 Gregorius
913 1407 1066 1463 papa
1095 1391 1312 1447 Fausto
1346 1391 1517 1447 milit.
1555 1391 1794 1464 magist.

430 1483 540 1555 (24,
567 1499 624 1554 q.
662 1483 748 1550 11,
785 1498 834 1537 c.
868 1482 1151 1553 Legatur.)
1184 1482 1447 1538 Mortuos
1505 1483 1820 1538 suscitasse
1870 1482 2012 1555 legi-

363 1589 497 1628 mus
545 1571 863 1639 Christum,
896 1569 955 1626 in
985 1586 1180 1626 errore
1209 1571 1530 1627 absolvisse
1575 1588 1689 1627 non
1745 1571 2012 1644 legimus.

358 1662 427 1716 Et
449 1651 672 1734 quihoc
693 1664 922 1716 tantum
947 1660 1195 1716 faciendi
1219 1659 1382 1716 solus
1406 1661 1614 1716 habuit
1635 1664 2016 1734 potestatem-

360 1732 531 1808 beato
548 1754 716 1806 Petro
738 1748 1001 1822 apostolo
1020 1749 1424 1822 principaliter
1448 1732 1690 1806 mandat
1713 1769 1726 1806 :
1754 1751 2014 1818 qucun-
2045 1732 2092 1798 Β

357 1856 461 1912 que
493 1839 760 1910 ligaveris
789 1855 954 1910 super
1009 1842 1237 1906 terram,
1289 1841 1416 1908 erit,
1477 1844 1586 1895 etc.
1621 1839 1833 1911 (Matth.
1867 1842 2010 1912 xv1.)

354 1934 544 1999 Super
566 1933 806 1993 terram,
838 1927 1054 1999 inquit,
1074 1945 1210 1982 nam
1230 1928 1291 1983 in
1310 1927 1648 2001 alligatione
1668 1929 2012 1986 defunctum

363 2033 668 2088 nunquam
701 2015 847 2070 dixit
875 2015 1322 2073 absolvendum.

369 2104 501 2161 CAP.
543 2103 709 2179 CXX.
741 2105 860 2179 Non.
915 2106 1363 2179 respuatur-ejus
1418 2107 1644 2179 oblatio,
1705 2109 1803 2179 qui
1854 2109 2013 2177 festi-

439 2192 582 2302 πατέδ
611 2177 684 2231 ad
706 2175 1093 2248 pcenitentiam
1122 2175 1461 2234 sacerdotem
1512 2175 1761 2236 invenire
1789 2175 1897 2236 non
1928 2195 2018 2252 po-

443 2257 528 2302 ται
558 2287 573 2302 .

443 2257 573 2304 “ut.
838 2318 1010 2374 Conc.
1054 2323 1344 2389 Epanens.
1375 2337 1427 2377 ο.
1463 2322 1549 2377 11.

443 2407 554 2480 (26,
588 2423 644 2479 q.
675 2408 731 2474 6,
763 2423 812 2463 c.
847 2406 926 2462 Ad
959 2407 1263 2479 paeniteat.)
1313 2409 1370 2463 Si
1422 2409 1634 2482 aliquis
1677 2427 2015 2468 excommu-

370 2497 603 2552 nicatus
633 2496 807 2552 fuerit
837 2502 1126 2564 mortuus,
1152 2497 1254 2568 qui
1279 2499 1404 2569 jam
1447 2499 1754 2556 confessus
1803 2500 1902 2568 sit,
1961 2505 2018 2556 et

368 2585 774 2642 testimonium
806 2585 982 2642 habet
1003 2586 1247 2658 bonum,
1291 2593 1348 2643 et
1377 2605 1493 2644 non
1552 2593 1778 2660 poterat
1821 2589 2016 2646 venire

368 2675 439 2730 ad
462 2674 844 2744 sacerdotem,
876 2675 977 2729 sed
1009 2677 1435 2748 praeoccupavit
1463 2693 1598 2733 eum
1633 2694 1791 2732 mors
1823 2678 1881 2731 in
1914 2679 2015 2733 do-

369 2779 486 2830 mo,
519 2767 621 2818 aut
650 2763 710 2816 in
742 2763 857 2832 via,
891 2763 1109 2818 faciant
1141 2780 1243 2835 pro
1275 2781 1341 2819 eo
1373 2770 1644 2836 parentes
1674 2767 1802 2837 ejus
1851 2767 2015 2822 obla-

367 2851 588 2907 tionem
621 2853 691 2906 ad
725 2850 928 2922 altare,
979 2856 1035 2906 et
1065 2853 1205 2907 dent
1235 2854 1696 2925 redemptionem
1756 2872 1860 2926 pro
1918 2873 2014 2910 ca-

367 2939 563 3012 ptivis.

366 3046 502 3105 CAP.
542 3048 742 3104 CXXI.
777 3049 814 3102 Α
847 3064 1155 3122 successore
1192 3050 1437 3122 soluatur
1481 3050 1578 3120 qui
1622 3059 1741 3122 post
1787 3055 2012 3107 mortem

792 3118 1034 3188 episcopi
1081 3125 1330 3176 remanet
1361 3118 1586 3191 ligatus.

936 3207 1111 3263 Coac.
1157 3209 1450 3280 Epanens.

443 3295 556 3366 (11,
588 3296 708 3366 q.3,
742 3309 792 3350 c.
825 3293 886 3350 Si
913 3294 1238 3368 episc0pus.)
1263 3295 1322 3351 Si
1352 3297 1664 3369 episcopus
1685 3302 1820 3354 ante
1851 3299 2018 3355 dam-

371 3384 494 3439 nati
525 3383 980 3450 absolutionem,
1012 3384 1173 3440 obitu
1225 3385 1472 3457 rapitur,
1524 3392 1856 3458 correptum
1915 3393 2020 3444 aut

372 3473 772 3545 pmnitentem,
805 3474 1128 3530 successori
1162 3473 1359 3530 licebit
1389 3474 1709 3532 absolvere.

2045 3099 2088 3166 C

368 3584 502 3636 CAP.
536 3582 752 3636 CXXII.
784 3583 901 3637 Non
938 3581 1369 3656 estdeneganda
1397 3583 1710 3640 communio
1740 3583 1827 3640 his
1845 3584 2016 3656 quiin

825 3651 1096 3723 patibulis
1123 3651 1556 3726 suspenduntur.

959 3740 1132 3796 Conc.
1166 3742 1426 3798 Vormat.

435 3829 550 3898 (l3,
583 3845 641 3900 q.
671 3831 727 3899 2,
759 3844 810 3884 ο.
833 3829 1193 3901 Quaesitum.)
1221 3832 1542 3896 Quaesitum
1575 3837 1665 3888 est
1694 3833 1766 3889 ab
1805 3833 2015 3904 aliqui-

365 3921 476 3974 bus
507 3917 807 3988 fratrihus,
832 3918 902 3973 de
925 3917 1016 3974 his
1040 3918 1139 3989 qui
1159 3918 1218 3974 in
1241 3919 1524 3990 patibulis
1547 3922 2013 3993 suspenduntur,

365 4024 467 4078 pro
481 4007 608 4063 suis
629 4005 949 4062 sceleribus
964 4011 1095 4080 post
1116 4007 1544 4064 confessionem
1562 4009 1679 4066 Deo
1692 4015 2012 4082 peractam,

1167 4343 1266 4403 DE
1310 4343 1565 4403 LICITA
1608 4346 1708 4404 ET
1754 4344 2094 4406 ILLICITA

436 4491 844 4550 CAP.CXXIV.
863 4493 984 4561 Qua
1002 4508 1156 4563 paena
1179 4493 1420 4573 [erigitur
1433 4494 1529 4565 qui
1539 4493 1738 4551 illicite
1766 4495 2007 4567 aliquem
2041 4499 2085 4564 D

952 4575 1413 4620 eacommumcat.

791 4652 965 4710 Conc.
998 4653 1186 4709 Paris.
1219 4655 1330 4708 sub
1367 4655 1580 4709 Ludov.

436 4763 547 4834 (24,
581 4778 637 4833 q.
671 4761 725 4826 3,
755 4777 802 4816 c.
839 4761 912 4815 De
939 4759 1189 4830 illicita.)
1226 4761 1298 4817 De
1351 4760 1554 4816 illicita
1602 4760 2007 4817 excommuni-

363 4852 610 4919 catione,
642 4850 735 4905 lex
756 4848 1073 4904 Justiniani
1102 4848 1384 4905 Catholici
1410 4850 1801 4922 imperatoris,
1828 4867 2006 4922 quam

362 4943 572 5014 probat
596 4946 653 4996 et
683 4943 875 4994 servat
905 4935 1181 5005 Ecclesia,
1223 4939 1533 5006 catholica,
1591 4940 2007 4995 constitutione

366 5032 490 5101 123,
521 5027 780 5101 capitulo
801 5028 926 5092 300,
960 5025 1108 5080 libro
1139 5043 1175 5090 ι,
1212 5027 1464 5082 decrevit
1495 5033 1560 5083 ut
1588 5045 1759 5083 nemo
1789 5029 2008 5100 episco-

365 5138 497 5192 pus,
530 5133 702 5173 nemo
744 5116 1016 5188 pesbytcr
1069 5117 1539 5171 excommunicet
1587 5117 1868 5189 aliquem,
1903 5135 2005 5172 an-

362 5216 604 5280 tequam
637 5221 816 5261 causa
847 5205 1143 5275 probetur,
1171 5211 1407 5276 prepter
1427 5222 1603 5275 quam
1627 5205 2006 5262 ecclesiastici

362 5313 615 5354 canones
655 5295 778 5348 haec
809 5292 933 5348 ﬁeri
957 5293 1190 5362 jubent.
1237 5293 1295 5348 Si
1329 5293 1460 5364 quis
1490 5299 1684 5349 autem
1730 5296 2009 5351 adversus

364 5403 499 5444 eum
533 5384 789 5455 aliquem
824 5381 1433 5448 excommunicaverit,
1485 5382 1580 5437 ille
1640 5381 1879 5454 quidem
1911 5383 2008 5454 qui

364 5471 911 5532 excommunicatus
942 5475 1052 5538 est,
1086 5471 1328 5541 majoris
1386 5471 1704 5527 sacerdotis
1763 5472 2010 5526 auctori-

364 5567 486 5620 tate
517 5561 588 5615 atl
633 5558 881 5630 gratiam
941 5561 1155 5613 sanctae
1213 5558 1648 5617 communionis
1706 5561 1919 5616 redeat.
1955 5565 2010 5617 Is

2113 1073 2170 1124 et
2199 1069 2462 1123 conﬁteri
2493 1068 2850 1123 desiderant.
2885 1066 3184 1138 Scriptum
3247 1072 3337 1123 est
3396 1067 3574 1122 enim
3605 1083 3623 1121 :

2103 1157 2332 1227 judii'at
2381 1157 2518 1212 Deus
2571 1156 2654 1211 bis
2703 1157 2762 1212 in
2810 1156 3051 1228 idipsum
3111 1156 3370 1226 (Nahum.
3436 1173 3478 1224 ι,
3548 1156 3587 1208 9
3649 1158 3832 1226 juxt.

2106 451 2162 502 et
2191 445 2518 501 oblationes
2549 461 2652 516 pro
2685 443 2804 499 illis
2833 443 3141 500 offerendas
3173 444 3313 512 sint,
3345 449 3406 499 et
3448 442 3696 498 missa:
3737 460 3851 497 ce-

2104 534 2486 590 lebrandaean
2503 550 2617 600 non
2638 532 2906 598 ?Quibus
2931 533 3384 604 respondemus,
3410 533 3462 588 si
3489 532 3574 586 de
3606 533 3848 586 omni-

1869 678 1881 691 ,
2106 623 2218 678 bus
2250 621 2504 695 peccatis
2534 624 2660 678 suis
2690 638 2902 694 puram
2925 621 3353 678 confessionem
3379 621 3758 694 agentibus
3785 629 3848 676 et

1783 695 2002 784 ξ¹⁰ξξ³¹ξθ
2107 713 2284 784 digne
2305 711 2724 782 poenitentibus
2749 709 3089 766 communio
3110 710 3170 766 in
3189 711 3304 765 ﬁne
3323 710 3712 766 secundum
3747 726 3847 764 ca-

2110 817 2332 856 nonum
2357 801 2854 872 praeceptadanda
2869 806 2979 868 est,
2994 817 3100 855 cur
3119 815 3378 855 canones
3402 816 3628 855 comm
3643 801 3844 854 unio-

2110 907 2243 946 nem
2273 889 2362 946 vel
2393 890 2764 962 sepulturam
2797 889 3155 944 interdicunt
3184 888 3268 944 eis
3295 889 3398 960 qui
3435 906 3555 960 pro
3597 905 3842 959 pecca-

2110 980 2187 1036 tis
2205 979 2330 1035 suis
2353 996 2582 1052 pmnam
2601 984 2923 1035 extremam
2947 978 3314 1049 persolvunt,
3331 983 3390 1033 et
3416 995 3537 1033 con
3553 979 3842 1033 ﬁtentur

3703 1067 3834 1121 Non

2117 1247 2318 1318 IJiXJ.

2117 1392 2249 1445 CAP.
2283 1389 2537 1444 CXXIII.
2569 1390 2685 1461 Non
2711 1393 2928 1460 aportet
2957 1391 3025 1444 ab
3065 1404 3252 1461 eorum
3273 1390 3675 1461 eleemosynis
3697 1399 3827 1460 post

2189 1470 2425 1587 {fortem
2456 1460 2756 1528 abstinere,
2789 1460 2942 1532 cujus
2976 1461 3034 1515 in
3080 1460 3175 1516 via
3205 1460 3654 1517 communicare
3709 1479 3826 1516 non

2231 1535 2566 1588 cstaluimus.

2524 1648 2792 1704 Urbanus
2823 1647 3171 1704 Julimundo
3200 1648 3379 1720 episc.

2194 1783 2306 1852 (24,
2339 1799 2397 1854 q.
2427 1783 2482 1851 2,
2517 1798 2565 1837 c.
2592 1783 2735 1837 Sane
2762 1781 2992 1854 primo.)
3040 1783 3192 1838 Sane
3232 1782 3388 1853 quod
3445 1799 3652 1854 super
3713 1783 3817 1838 Bi-

2119 1873 2294 1928 cardo
2325 1871 2534 1927 Borelli
2568 1871 2708 1941 ﬁlio,
2734 1875 2991 1926 vestram
3015 1871 3205 1943 egisse
3229 1871 3690 1927 fraternitatem
3716 1872 3810 1927 in-

2121 1961 2313 2018 notuit
2338 1977 2441 2033 pro
2471 1961 2592 2016 zelo
2621 1959 2723 2016 Dei
2753 1965 2810 2015 et
2840 1959 3167 2015 animarum
3196 1959 3510 2028 charitate,
3578 1961 3804 2015 lauda-

2121 2068 2274 2108 mus.
2303 2051 2414 2106 Sed
2445 2067 2561 2106 non
2593 2053 2683 2106 est
2711 2050 2853 2105 adeo
2883 2049 3051 2105 vobis
3082 2049 3438 2117 timendum,
3473 2066 3605 2105 non
3641 2050 3803 2105 adeo

2118 2140 2289 2197 vobis
2317 2144 2406 2196 est
2433 2139 2506 2196 ab
2537 2140 2665 2210 ejus
2695 2137 3082 2208 eleemosynis
3121 2137 3577 2193 abstinendum.
3633 2139 3806 2194 Inter

2122 2235 2357 2287 caeteros
2386 2229 2600 2301 quippe
2623 2234 2835 2283 nostra:
2868 2228 3000 2282 ﬁdei
3039 2228 3232 2283 Patres
3263 2227 3472 2283 beatus
3511 2228 3636 2284 Leo
3689 2229 3801 2284 do-

2124 2324 2247 2376 ctor
2276 2317 2545 2392 egregius
2577 2317 2814 2389 quibus,
2845 2316 3061 2388 inquit,
3091 2316 3237 2372 vivis
3268 2334 3384 2372 non
3435 2319 3800 2372 communi-

2125 2426 2350 2478 camus,
2383 2425 2488 2464 nec
2517 2407 2767 2463 mortuis
2790 2405 3162 2463 comunicare
3184 2407 3490 2462 debemus.
3536 2411 3799 2464 Constat

2124 2515 2262 2572 ergo
2293 2496 2571 2570 quoniam
2599 2496 2814 2568 quibus
2840 2495 2984 2552 vivis
3017 2497 3104 2568 (ut
3135 2513 3205 2551 ex
3231 2495 3502 2568 opposito
3571 2495 3795 2568 loqua-

2124 2591 2279 2657 mur)
2308 2583 2894 2651 communicavimus,
2929 2585 3178 2640 mortuis
3210 2601 3445 2656 quoque
3504 2601 3793 2641 commn-

2125 2677 2321 2733 nieare
2350 2676 2671 2748 possimus.
2703 2679 2819 2730 Nos
2851 2673 3022 2745 plane
3052 2674 3206 2729 inter
3227 2675 3342 2728 duo
3361 2675 3789 2746 oppugnantis

2125 2767 2326 2839 positi,
2360 2766 2510 2821 inter
2539 2762 2752 2834 impios
2777 2763 3014 2834 quidem
3039 2768 3096 2818 et
3117 2763 3558 2832 schismaticos,
3591 2765 3788 2819 schis-

2124 2855 2356 2911 maticis
2388 2853 2549 2909 nullo
2582 2853 2752 2909 modo
2784 2851 3219 2908 communicare
3261 2869 3614 2924 possumus,
3649 2853 3787 2908 istis

2123 2949 2345 3011 autem,
2367 2943 3055 3014 videlicetpeccatoribus
3076 2942 3517 3013 etpraadonibus
3532 2942 3782 3014 dispen-

2126 3034 2309 3090 sative
2341 3037 2649 3105 propterea
2707 3030 3238 3098 communicamus,
3296 3030 3436 3102 quia
3481 3030 3783 3087 hactenus

2125 3122 2445 3178 Ecclesiam
2477 3123 2987 3186 sustentaverunt,
3020 3124 3076 3176 et
3105 3137 3166 3174 se
3197 3118 3490 3175 ﬁdeliores
3521 3119 3587 3174 in
3619 3125 3785 3191 post-

2125 3227 2294 3267 erum
2326 3210 2700 3282 pollicentur.
2731 3207 3006 3280 Alioquin
3039 3212 3268 3280 oportet
3297 3225 3402 3264 nos
3460 3210 3534 3264 de
3597 3208 3781 3279 hujus

2128 3301 2333 3356 mundi
2363 3299 2628 3370 partibus
2658 3299 2832 3367 exire,
2853 3299 2964 3354 sub
2988 3315 3103 3369 qua
3127 3298 3303 3354 etiam
3329 3299 3653 3369 sponsione
3677 3315 3781 3354 nos

2127 3390 2210 3444 eis
2235 3404 2423 3460 nuper
2451 3387 2508 3441 in
2534 3387 2687 3442 beati
2720 3388 2873 3442 Petri
2905 3385 3197 3442 Natalitiis
3214 3386 3656 3442 absolutionem
3690 3387 3778 3442 in-

2127 3477 2445 3533 dulsimus.
2477 3477 2622 3540 Quia
2653 3492 2786 3546 ergo
2818 3476 3130 3548 praedictus
3160 3477 3248 3531 vir
3287 3493 3474 3546 neque
3506 3476 3778 3532 nomina-

2124 3568 2238 3622 tive
2251 3565 2812 3633 excommunicatus,
2837 3581 3028 3637 neque
3050 3564 3520 3621 communicatus
3545 3581 3773 3621 excom-

2128 3656 2442 3711 municatis
2473 3672 2541 3710 ex
2567 3655 2803 3709 nomine
2832 3654 2991 3721 exiit,
3026 3655 3127 3709 sed
3160 3654 3218 3708 in
3251 3654 3483 3710 Domini
3542 3654 3637 3710 sui
3669 3656 3776 3710 ﬁde

2125 3751 2304 3816 atque
2330 3745 2563 3800 servitio
2596 3743 2941 3815 permansit,
2967 3743 3102 3798 licet
3129 3743 3299 3799 nobis
3321 3744 3451 3814 ejus
3469 3744 3775 3816 dispensa~

2123 3833 2263 3902 tive,
2293 3833 2353 3888 id
2382 3838 2472 3889 est
2501 3832 2765 3903 quandiu
2796 3849 2894 3887 eos
2925 3849 3032 3888 nos
3061 3831 3339 3903 patimur,
3371 3833 3767 3904 eleemosynis

2124 3921 2580 3991 communicare,
2613 3926 2668 3976 et
2697 3921 2913 3976 defucti
2945 3921 3206 3977 animam
3241 3921 3589 3977 Christianae
3641 3923 3773 3978 reli-

2123 4011 2315 4084 gionis
2347 4009 2624 4066 omnibus
2657 4010 2849 4066 modis
2880 4010 3179 4080 adjuvare.

2138 4345 2965 4409 EXCOMMUNICATIONE.

2117 4501 2311 4553 autem
2343 4497 2441 4569 qui
2475 4514 2590 4553 non
2620 4496 2882 4570 legitime
2901 4501 3523 4571 excommunicaverit,
3554 4503 3617 4558 in
3639 4507 3766 4558 tan-

2117 4590 2244 4640 tum
2279 4586 2570 4642 abstineat
2599 4604 2632 4642 a
2663 4604 2834 4643 sacra
2866 4591 3285 4647 communione
3302 4596 3562 4662 tempus,
3587 4609 3764 4664 quan-

2117 4681 2244 4730 tum
2278 4676 2486 4746 majori
2518 4677 2808 4732 sacerdoti
2837 4679 3028 4734 visum
3055 4681 3249 4749 tuerit,
3284 4687 3349 4736 ut
3371 4682 3525 4753 quod
3551 4682 3765 4752 injuste

2119 4765 2340 4829 fecerit,
2372 4765 2497 4834 ipse
2518 4766 2681 4835 juste
2715 4767 2992 4838 patiatur.
3017 4773 3089 4824 Et
3115 4769 3248 4824 hinc
3270 4774 3514 4826 sanctus
3552 4769 3765 4842 Grego-

2119 4853 2242 4908 rius
2274 4854 2343 4908 ad
2374 4854 2661 4909 Joannem
2694 4856 3035 4928 episcopum
3085 4858 3301 4929 injuste
3358 4860 3761 4915 excommuni-

2119 4947 2347 4997 cantcm
2405 4945 2557 4998 inter
2612 4953 2816 4999 caetera
2873 4946 3111 5017 scripsit
3168 4947 3408 5003 dicens:
3442 4971 3471 4998 ‹‹
3531 4949 3761 5005 Conatis

2119 5030 2283 5101 prius
2316 5036 2489 5102 atque
2521 5033 2592 5087 ad
2617 5033 2866 5088 nihilum
2891 5035 3140 5090 redactis
3158 5037 3446 5107 prailictee
3469 5039 3761 5093 sententiae

2118 5125 2232 5174 tuae
2265 5121 2534 5189 decretis,
2568 5138 2635 5176 ex
2664 5122 2820 5177 beati
2848 5122 3000 5178 Petri
3032 5124 3434 5196 apostolorum
3485 5126 3760 5198 principis

2121 5209 2464 5263 auctoritate
2496 5210 2867 5266 decernimus
2900 5212 2968 5264 30
2995 5213 3223 5268 dierum
3257 5215 3450 5285 spatio
3484 5232 3650 5270 sacra
3711 5223 3758 5270 te

2121 5297 2533 5354 communione
2560 5299 2872 5370 privatum,
2906 5300 2978 5355 ab
3009 5302 3414 5374 omnipotente
3442 5303 3562 5359 Deo
3622 5305 3754 5360 tanti

2120 5402 2392 5442 excessus
2421 5388 2648 5442 veniam
2683 5405 2815 5442 cum
2847 5405 3084 5445 summa
3115 5391 3457 5460 paenitentia
3488 5410 3555 5448 ac
3585 5393 3755 5465 lacry-

2122 5475 2234 5530 mis
2266 5492 2524 5531 exorare.
2559 5477 2720 5540 Quod
2755 5478 2804 5531 si
2840 5477 2991 5533 hanc
3023 5481 3378 5536 sententiam
3411 5487 3668 5538 nostram
3708 5487 3754 5536 te

2121 5565 2530 5636 agnoverimus
2560 5565 2838 5640 implesse
2869 5567 3200 5640 remissius,
3227 5587 3344 5627 non
3369 5572 3497 5644 jam
3532 5575 3752 5628 tantum
