4000 6054
177 235 328 290 1241

1511 232 1912 286 PANORMIA.
1949 260 2012 269 —
2054 234 2183 286 LIB.
2231 236 2296 287 V.

3472 235 3609 289 1242

178 361 575 433 injustitiam,
610 360 708 415 sed
745 362 801 413 et
830 359 1264 414 contumaciam
1297 356 1681 413 fraternitatis
1729 362 1842 411 tua:
1872 359 1926 425 Α
1954 360 2090 414 CAP.
2123 359 2361 415 CXXVI.
2390 366 2494 416 Pro
2520 369 2741 433 peccato,
2767 360 2941 433 patris
2966 374 3077 415 non
3104 364 3183 415 est
3204 360 3355 430 ﬁlius
3377 362 3608 417 anathe-

176 467 541 523 cognoscas,
572 449 815 520 juvante
857 447 1131 515 Domino,
1165 447 1427 503 severius
1470 445 1853 516 puniendam,

176 540 329 613 quia
355 556 528 595 nemo
562 554 806 611 propere
826 536 913 593 vel
947 536 1551 608 praepostere,scilicet
1571 552 1682 590 non
1706 549 1856 591 com‘

184 629 487 695 monitus,
509 644 698 699 neque
718 627 1020 683 convictus
1041 626 1523 696 estjudicandus.
1550 647 1572 675 »
1601 625 1681 680 De
1720 641 1852 680 con-

171 720 462 775 ventione
493 723 626 773 ante
658 717 1004 787 hujusmodi
1037 716 1353 788 patratoris
1401 716 1849 770 manifestorum

171 809 514 863 criminum
549 807 639 863 lex
670 806 814 861 dicit
840 822 852 860 :
878 828 906 855 ‹‹
942 806 1290 876 Quicunque
1321 804 1513 859 tribus
1536 802 1848 858 auctorita-

178 897 349 951 tibus
374 896 599 968 judicis
631 898 955 950 conventus
984 893 1075 949 vel
1099 893 1291 949 tribus
1323 892 1532 949 edictis
1572 892 1746 946 fuerit
1775 891 1846 945 ad

172 986 450 1055 judicem
484 988 856 1057 provocatus,
892 987 994 1038 aut
1026 1000 1141 1038 uno
1176 1000 1280 1054 pro
1314 981 1591 1037 omnibus
1624 996 1848 1051 perem-

186 1074 413 1145 ptorio,
444 1073 501 1127 id
536 1078 625 1128 est
657 1072 813 1144 quod
846 1088 1086 1127 causam
1105 1071 1449 1142 exstinguit,
1477 1071 1654 1124 fuerit
1677 1085 1847 1124 voca-

176 1170 301 1232 tus,
338 1167 397 1217 et
429 1161 805 1233 praesentiam
838 1177 1007 1215 suam
1041 1161 1192 1232 apud
1228 1176 1363 1215 eum
1390 1157 1652 1229 judicem
1684 1174 1845 1228 aquo

179 1251 229 1305 ei
285 1250 703 1305 denuntiatum
743 1254 853 1319 est,
920 1248 1194 1305 exhibere
1244 1248 1518 1313 noluerit,
1566 1246 1846 1301 adversus

175 1356 321 1395 eum
342 1339 513 1412 quasi
544 1337 603 1393 in
635 1336 1320 1408 contumacemjudicari
1342 1339 1550 1407 potest,
1578 1334 1843 1406 quinimo

177 1446 287 1485 nec
322 1428 628 1486 retractari
653 1446 756 1501 per
784 1428 1237 1501 appellationem
1283 1426 1521 1500 negotia
1570 1428 1840 1497 possunt,

178 1518 417 1591 quoties
446 1517 508 1573 in
540 1522 947 1573 contumacem
976 1516 1518 1587 fueritjudicatum.
1547 1536 1575 1560 ιι
1599 1514 1668 1569 Et
1691 1513 1842 1568 hanc

181 1606 542 1663 sententiam
575 1607 645 1662 de
678 1605 867 1662 tribus
914 1605 1366 1662 auctoritatibus
1421 1606 1743 1659 conventus
1774 1619 1843 1657 ex

2601 432 2969 489 matz'zandus.

2137 529 2503 600 Augustinus
2534 530 2605 585 ad
2637 530 2957 584 Auxillium
2985 530 3191 601 episc.,
3215 546 3305 600 ep.
3328 530 3423 585 75.

2031 645 2143 711 ('24,
2178 661 2233 715 q.
2266 645 2318 714 3,
2353 662 2403 701 c.
2437 646 2497 700 Si
2528 646 2737 717 habes.)
2769 646 2829 700 Si
2862 646 3044 701 habes
3093 646 3165 701 de
3216 645 3322 700 hac
3370 662 3431 700 re
3480 663 3608 701 sen-

1959 732 2201 788 tentiam
2226 735 2399 789 certis
2424 734 2754 789 rationibus
2777 734 2864 789 vel
2887 734 3315 806 scripturarum
3336 735 3603 789 testimo-

1960 820 2075 875 niis
2106 821 2487 893 exploratam,
2522 840 2629 878 nos
2662 824 2866 878 docere
2898 823 3159 895 digneris
3196 823 3487 895 quomodo
3510 840 3603 878 re-

1958 916 2049 965 cte
2071 911 2606 966 anathematizatur
2637 929 2740 983 pro
2772 912 2956 984 patris
3000 917 3234 983 peccato
3272 913 3452 980 ﬁlius,
3502 916 3603 967 aut

1960 1015 2064 1071 pro
2096 1000 2289 1054 mariti
2324 1005 2559 1072 peccato
2592 1018 2757 1068 uxor,
2790 1006 2890 1056 aut
2949 1018 3052 1072 pro
3102 1001 3325 1055 domini
3376 1018 3599 1067 servus,

1954 1092 2058 1142 aut
2088 1088 2405 1160 quisquam
2439 1090 2498 1144 in
2523 1090 2698 1145 domo
2730 1092 2989 1145 nondum
3024 1090 3201 1144 etiam
3225 1093 3421 1156 natus,
3457 1090 3505 1144 si
3538 1107 3603 1145 eo

1956 1181 2215 1248 tempore
2247 1194 2362 1249 quo
2386 1177 2661 1234 universa
2691 1180 2901 1234 domus
2933 1178 3303 1234 anathemate
3349 1177 3606 1250 obligata

1955 1271 2253 1334 nascatur,
2288 1284 2359 1322 ne
2389 1268 2440 1323 ei
2474 1268 2661 1338 possit
2686 1284 2787 1340 per
2805 1267 3104 1323 lavacrum
3145 1267 3604 1339 regenerationis

1954 1354 2013 1410 in
2046 1354 2256 1410 mortis
2280 1354 2542 1427 periculo
2576 1356 2895 1411 subveniri.
2926 1356 3056 1412 Haec
3087 1356 3243 1412 enim
3286 1356 3604 1429 corporalis

1951 1447 2042 1498 est
2070 1459 2239 1515 poma
2271 1460 2390 1515 qua
2414 1445 2669 1517 legimus
2701 1446 2986 1518 quosdam
3044 1451 3471 1518 contemptores
3503 1446 3606 1502 Dei

1953 1548 2085 1587 cum
2118 1532 2242 1589 suis
2274 1535 2551 1591 omnibus
2583 1536 2685 1607 qui
2716 1536 2985 1607 ejusdem
3015 1537 3337 1605 impietatis
3370 1537 3605 1608 partici-

1953 1642 2056 1696 pes
2088 1626 2328 1681 fucrunt
2378 1628 2600 1699 pariter
2646 1628 3009 1684 interfectos.
3055 1628 3221 1683 Tunc
3269 1627 3485 1699 quippe
3532 1628 3605 1683 ad

183 1695 534 1798 ξενᾶηὲθῙξοξ
552 1696 799 1798 νξτίξαιθ
828 1695 1181 1798 (δαῖῘθῆῖίουῗ
1218 1695 1288 1750 ad
1334 1693 1669 1798 δεδίοξίυω
1696 1691 1839 1746 δοτί·
1878 1733 1926 1798 Β
1954 1691 2243 1770 terrorem
2277 1691 2589 1772 viventium
2614 1715 2880 1772 mortalia
2905 1733 3151 1789 corpora
3173 1691 3608 1788 perimebantur

188 1786 364 1854 bene,
397 1790 453 1840 et
495 1785 790 1856 Ephesina
835 1786 1094 1856 synodus
1146 1785 1217 1839 de
1257 1784 1461 1839 eodem
1510 1783 1850 1847 decernens,

181 1879 251 1931 et
280 1875 492 1930 beatus
522 1874 837 1946 Gregorius
870 1874 941 1929 ad
964 1875 1253 1930 Joannem
1286 1874 1550 1928 scribens
1591 1886 1854 1946 compro_

180 1965 304 2019 bat.
331 1964 410 2019 De
434 1963 666 2035 proprio
688 1963 1279 2035 scripto,Africanum
1328 1960 1639 2017 concilium
1663 1975 1856 2014 mon--

182 2057 340 2108 strat
370 2054 442 2108 de
469 2053 778 2108 Cresconio
812 2056 875 2107 ut
908 2069 968 2107 se
999 2056 1321 2107 conventus
1373 2050 1720 2121 resipiscere
1744 2049 1816 2103 de

180 2142 546 2210 tractaverit,
581 2159 687 2196 suo
710 2146 1052 2213 contemptu
1083 2146 1139 2195 et
1163 2140 1535 2196 contumacia
1565 2138 1849 2203 faciente,

175 2232 529 2288 auctoritate
547 2232 865 2303 judiciaria
895 2230 1162 2302 protinus
1183 2228 1549 2285 excludatur.
1574 2229 1645 2283 Et
1677 2228 1840 2283 item,

176 2321 391 2376 beatus
422 2320 738 2391 Gregorius
768 2322 836 2375 de
867 2320 1159 2375 sententia
1181 2318 1519 2389 judiciaria,
1543 2320 1598 2373 in
1631 2307 1848 2390 contu:

177 2426 404 2465 macem
441 2409 730 2479 scribens,
764 2410 833 2463 ad
868 2409 1194 2463 Maximum
1232 2412 1717 2479 praesumptorem
1745 2406 1827 2462 Sa

174 2499 509 2554 lonitanum
539 2497 879 2569 episcopum
914 2497 1094 2552 dicit:
1128 2519 1157 2546 «
1194 2496 1514 2551 Hortamur
1552 2499 1618 2550 ut
1650 2495 1719 2549 ad
1743 2511 1849 2549 nos

181 2588 381 2643 venire
412 2588 572 2642 omni
607 2586 943 2658 postposita
975 2585 1355 2641 excusatione
1387 2584 1653 2652 festines,
1708 2597 1850 2654 qua‘

181 2681 361 2732 tenus
393 2681 627 2731 servata
650 2676 911 2746 justitia,
944 2674 1072 2729 haec
1097 2675 1168 2729 de
1195 2674 1411 2744 quibus
1441 2673 1739 2727 accusaris
1758 2689 1852 2726 co-

182 2782 464 2837 gnoscere
516 2770 573 2819 et
622 2764 790 2818 finire
846 2763 1179 2819 secundum
1228 2761 1515 2817 canonica
1553 2761 1848 2816 instituta:

182 2854 416 2911 Christo
450 2852 766 2922 revelante,
800 2853 1121 2924 possimus.
1158 2854 1242 2907 Ita
1291 2856 1493 2906 autem
1541 2850 1628 2905 fac
1662 2856 1725 2904 ut
1776 2850 1848 2903 ad

182 2943 537 2998 veniendum
572 2941 971 3013 ampliusjam
1021 2957 1219 3015 moras
1270 2957 1384 2994 non
1440 2940 1697 3011 ingeras,
1749 2955 1854 2993 nec

184 3032 315 3103 ipsa
344 3036 398 3086 te
422 3031 691 3087 absentia
714 3031 905 3101 magis
930 3029 1260 3084 obnoxium
1287 3028 1378 3083 his
1400 3045 1528 3099 quae
1573 3028 1855 3083 dicuntur

186 3121 470 3192 assignat,
506 3125 562 3176 et
593 3119 779 3175 nosin
817 3100 873 3173 te
902 3119 1026 3174 haec
1060 3135 1151 3173 res
1202 3134 1317 3172 non
1361 3117 1547 3172 solum
1611 3124 1845 3187 propter
1878 3100 1920 3165 (ἶ

187 3210 345 3265 dicta
376 3210 643 3276 crimina,
674 3226 803 3281 quas
837 3224 1088 3279 purgare
1125 3206 1511 3277 subterfugis,
1546 3207 1645 3261 sed
1670 3206 1843 3261 etiam

190 3302 428 3369 propter
461 3298 868 3354 inobedientize
901 3296 1137 3368 culpam
1172 3295 1384 3351 durius
1419 3295 1645 3351 scilicet
1694 3300 1760 3350 ut
1784 3295 1843 3349 in

188 3393 595 3444 contumacem
629 3392 800 3459 cogat
829 3403 896 3442 ex
926 3384 1170 3441 concilio
1204 3386 1351 3440 ferre
1375 3384 1692 3453 judicium.
1728 3405 1756 3431 »

191 3587 326 3639 CAP.
360 3584 563 3639 CXXV.
595 3585 667 3638 De
684 3580 1020 3660 hisguisine
1040 3581 1202 3659 culpa
1235 3596 1362 3635 cum
1406 3579 1848 3635 excommuuicw

748 3659 819 3707 tis
847 3659 1278 3706 communicant.

650 3786 731 3840 Ex
752 3787 974 3841 Decret.
996 3784 1233 3856 Gregor.
1260 3783 1374 3841 VII.

275 3959 390 4031 (11,
423 3974 480 4028 q.
514 3956 568 4026 3,
601 3972 651 4011 c.
681 3954 955 4023 Quoniam
984 3954 1237 4025 multos.)
1286 3952 1575 4018 Quoniam
1610 3950 1850 4006 multos’

199 4046 452 4120 peccatis
474 4044 696 4101 nostris
727 4043 1120 4115 exigentibus,
1144 4059 1247 4113 pro
1299 4058 1477 4097 causa
1519 4056 1851 4096 excommu-

190 4135 501 4193 nicationis
532 4133 725 4206 perire
759 4132 1022 4203 quotidie
1055 4131 1378 4198 cernimus,
1426 4128 1640 4201 partim
1688 4129 1853 4201 igno-

192 4224 403 4293 rantia,
436 4222 649 4294 partim
683 4220 870 4276 nimia
899 4220 1299 4291 simplicitate,
1347 4218 1562 4291 partim
1613 4218 1848 4289 timore,

189 4315 401 4386 partim
450 4311 628 4367 etiam
699 4310 1071 4375 necessitate,
1144 4307 1353 4364 devicti
1415 4307 1847 4376 misericordia,

190 4399 583 4459 anathematis
615 4398 992 4462 sententiam,
1018 4402 1189 4469 prout
1212 4413 1552 4468 possumus,
1587 4397 1658 4451 ad
1697 4402 1837 4451 tem-

1964 1805 2319 1876 quandoque
2344 1804 2517 1860 etiam
2542 1804 2843 1861 moritura.
2866 1805 3199 1877 Spiritualis
3222 1809 3417 1859 autem
3442 1822 3607 1876 poena

1961 1908 2090 1963 quae
2122 1894 2187 1949 lit
2227 1894 2383 1965 quod
2437 1894 2725 1966 scriptum
2774 1898 2904 1949 est:
2958 1894 3092 1961 Quae
3139 1893 3402 1962 ligaveris
3443 1910 3607 1965 super

1959 1991 2168 2037 terram
2190 1991 2381 2038 errant
2411 1983 2585 2051 ligata
2615 1992 2666 2038 el
2698 1983 2757 2037 in
2787 1982 2935 2038 cretis
2955 1982 3164 2055 (Matth.
3197 1982 3335 2053 xvx),
3382 1982 3610 2037 animas

1959 2070 2179 2142 obligat
2209 2072 2280 2127 de
2311 2072 2529 2143 quibus
2565 2073 2786 2127 dictum
2829 2078 2956 2128 est:
2998 2072 3199 2127 Anima
3247 2078 3435 2144 patris
3482 2086 3609 2125 mea

1956 2168 2034 2215 est
2051 2176 2072 2221 ;
2094 2167 2140 2214 el
2174 2161 2367 2217 anima
2389 2162 2500 2231 ﬁlii
2548 2178 2671 2217 mea
2709 2168 2828 2227 est;
2873 2162 3069 2218 anima
3116 2177 3242 2234 quae
3303 2160 3609 2233 peccaverit

1956 2248 2077 2319 ipsa
2108 2250 2381 2305 morietur
2411 2252 2603 2322 (Ezech
2634 2252 2818 2323 xvm).
2867 2252 3128 2307 Audistis
3173 2250 3441 2305 fortassis
3492 2248 3602 2304 ali-

1958 2354 2108 2410 quos
2152 2340 2348 2410 magni
2399 2340 2655 2396 nominis
2703 2342 3040 2397 sacerdotes
3089 2358 3219 2396 cum
3271 2341 3443 2395 domo
3496 2355 3604 2393 sua

1956 2428 2292 2499 quempiam
2325 2428 2851 2485 anathematizasse
2882 2430 3273 2501 peccantium,
3323 2429 3471 2483 forte
3497 2444 3603 2482 au-

1957 2522 2074 2572 tem
2100 2519 2149 2572 si
2174 2518 2422 2573 fuissent
2445 2518 2808 2590 interrogati,
2837 2520 3228 2590 reperirentur
3250 2517 3441 2572 idonei
3466 2515 3602 2570 inde

1957 2606 2209 2661 reddere
2242 2606 2545 2661 rationem.
2582 2607 2698 2679 Ego
2728 2613 2923 2662 autem
2958 2609 3004 2662 si
3039 2608 3137 2679 qui
3186 2624 3255 2661 ex
3307 2622 3399 2660 me
3445 2621 3603 2676 qum-

1957 2694 2121 2750 sierit
2146 2699 2342 2750 utrum
2376 2701 2528 2751 recte
2562 2696 2679 2766 fiat,
2704 2697 2839 2767 quid
2874 2697 2923 2752 ei
2957 2697 3341 2768 respondeam
3365 2712 3478 2749 non
3512 2693 3600 2746 in-

1957 2784 2147 2839 venio.
2181 2788 2495 2857 Nunquam
2520 2786 2627 2841 hoc
2659 2787 2844 2841 facere
2866 2803 3048 2842 ausus
3070 2802 3200 2841 sum
3225 2788 3295 2840 de
3318 2798 3599 2855 quorum-

1958 2874 2093 2928 dam
2127 2874 2485 2929 facinoribus
2548 2875 2904 2931 unanimiter
2951 2876 3233 2931 adversus
3280 2871 3597 2928 Ecclesiam

1959 2963 2329 3035 perpetratis,
2401 2964 2513 3018 nisi
2569 2965 2913 3035 gravissime
2983 2967 3393 3019 commoveret.
3430 2962 3599 3028 Item,

1960 3052 2253 3122 quomodo
2276 3070 2592 3123 possumus
2615 3054 2703 3109 vel
2736 3055 2870 3120 Deo,
2904 3053 2990 3109 vel
3015 3052 3351 3108 hominibus
3373 3051 3597 3121 justam

1958 3140 2203 3196 reddere
2233 3143 2542 3208 rationem,
2574 3144 2623 3197 si
2656 3144 2883 3198 animas
2931 3142 3271 3198 innocentes
3318 3156 3421 3212 pro
3472 3154 3599 3193 sce-

1955 3230 2072 3285 lere
2100 3228 2289 3287 alieno
2320 3233 2474 3303 quod
2530 3249 2645 3287 non
2694 3233 2956 3299 trahunt,
3008 3233 3165 3287 sicut
3211 3248 3279 3286 ex
3315 3230 3500 3285 Adam
3540 3227 3599 3282 in

1954 3336 2071 3389 quo
2108 3336 2314 3375 omnes
2348 3320 2711 3391 peccaverint
2741 3320 3022 3391 originale
3071 3323 3373 3391 peccatum
3422 3315 3600 3389 spiri-

1955 3406 2100 3461 tuali
2133 3407 2421 3477 supplicio
2452 3407 2815 3477 puniamus?
2846 3408 3074 3462 Etenim
3105 3406 3387 3462 Classiani
3418 3405 3600 3472 filius,

1957 3493 2070 3548 etsi
2101 3494 2275 3547 traxit
2306 3510 2374 3547 ex
2405 3498 2569 3563 patre
2611 3510 2819 3548 noxam
2870 3494 3045 3565 primi
3092 3493 3371 3562 hominis,
3431 3508 3597 3547 sacro

1957 3583 2113 3637 fonte
2159 3581 2532 3653 baptismatis
2581 3582 2955 3653 expiandam,
3004 3589 3199 3638 tamen
3251 3582 3391 3653 quid
3436 3584 3600 3651 post-

1958 3686 2025 3726 ea
2047 3670 2145 3741 qui
2179 3687 2311 3724 eum
2341 3672 2543 3740 genuit
2572 3676 2733 3742 pater
2764 3672 3019 3739 admisit,
3055 3671 3275 3744 peccati
3299 3670 3397 3726 ubi
3420 3669 3600 3741 parti-

1959 3775 2093 3829 ceps
2114 3759 2223 3813 iste
2254 3776 2367 3814 non
2394 3760 2522 3830 fuit,
2550 3776 2662 3815 non
2683 3761 2753 3815 ad
2781 3776 2914 3816 eum
2940 3762 3269 3833 pertingere
3288 3760 3388 3831 qui
3413 3758 3599 3815 ambi-

1958 3847 2105 3918 gat?
2125 3847 2271 3913 Quid
2293 3847 2482 3903 dicam
2507 3849 2577 3904 de
2593 3850 2841 3919 conjuge
2858 3849 2885 3904 ?
2903 3850 3042 3921 quid
3066 3851 3253 3905 dicam
3275 3850 3347 3905 de
3371 3853 3455 3904 tot
3475 3847 3599 3902 ani-

1961 3936 2171 3992 mabus
2202 3937 2260 3992 in
2294 3937 2605 3994 universali
2636 3938 2905 3994 familia?

1958 4091 2089 4145 CAP.
2123 4088 2382 4145 CXXVII.
2418 4089 2523 4156 Qui
2554 4090 2759 4156 iniuste
2788 4095 2863 4145 est
2893 4090 3153 4159 deiectus,
3199 4093 3375 4160 potest
3422 4088 3594 4143 inter-

2344 4163 2553 4233 pellare
2578 4164 2864 4232 proximos
2909 4164 3202 4233 episcOpos.

2489 4267 2663 4323 Cone.
2687 4267 2859 4325 Sard.
2887 4285 2936 4323 c.
2976 4268 3058 4321 17.

2030 4400 2142 4467 (ll,
2174 4415 2231 4469 q.
2263 4400 2317 4466 3,
2352 4417 2400 4453 c.
2432 4400 2497 4455 Si
2524 4402 2808 4469 episcopus
2846 4404 3035 4474 forte.)
3082 4401 3141 4457 Si
3194 4402 3327 4472 quis
3367 4402 3595 4476 episco-

190 4509 299 4564 pus
334 4496 758 4561 temperamus.
788 4486 1124 4559 Apostolica
1152 4486 1351 4557 itaque
1383 4485 1731 4541 auctoritate
1762 4486 1832 4540 ab
1867 4470 1911 4533 D
1944 4504 2056 4559 pus
2077 4487 2221 4542 forte
2251 4488 2569 4544 iracundus
2616 4492 2772 4560 quod
2828 4470 2957 4546 esse
3004 4470 3119 4547 non
3171 4470 3363 4559 debet,
3403 4470 3517 4548 cito
3541 4497 3597 4547 et

192 4577 581 4636 anathematis
595 4576 829 4632 vinculo
848 4576 953 4632 hos
972 4575 1402 4641 subtrahimus,
1424 4574 1837 4631 videlicetuxo-

192 4686 303 4740 res,
326 4670 561 4735 liberos,
597 4667 770 4732 filios,
802 4683 1025 4731 servos,
1058 4665 1322 4733 ancillas,
1357 4681 1461 4720 seu
1518 4665 1836 4737 mancipia,

194 4776 295 4815 nec
326 4775 443 4813 non
475 4758 751 4821 rusticos,
778 4760 837 4810 et
875 4756 1218 4818 servientes,
1242 4760 1299 4809 et
1318 4770 1524 4809 omnes
1554 4753 1702 4809 alios
1734 4755 1835 4825 qui

192 4865 301 4903 non
335 4848 477 4903 adeo
501 4846 756 4901 curiales
787 4850 945 4909 sunt,
981 4849 1045 4899 ut
1075 4860 1278 4899 eorum
1320 4842 1567 4898 consilio
1617 4842 1836 4897 scelera

191 4941 614 5011 perpetrentur,
639 4939 696 4988 et
720 4950 818 4988 eos
837 4934 936 5004 qui
962 4933 1298 5005 ignoranter
1318 4931 1836 4987 excommunicatis

189 5024 644 5081 communicant.
698 5022 1046 5092 Quicunque
1097 5026 1295 5077 autem
1339 5024 1441 5074 aut
1488 5025 1683 5075 orator
1734 5026 1834 5075 aut

188 5113 527 5187 peregrinus
559 5111 679 5166 sive
711 5112 895 5165 viator
925 5111 983 5164 in
1034 5114 1251 5166 terram
1297 5109 1833 5165 excommunicato-

187 5220 310 5258 rum
346 5199 666 5267 devenerit,
702 5200 800 5253 ubi
838 5216 951 5253 non
988 5199 1387 5268 possitemere
1416 5197 1504 5253 vel
1554 5215 1669 5251 non
1728 5202 1833 5251 ba-

187 5293 313 5347 beat
361 5290 513 5343 unde
562 5291 740 5353 emat,
792 5289 863 5342 ab
913 5286 1442 5343 excommunicatis
1493 5286 1825 5357 accipiendi

1947 4591 2152 4645 aspere
2166 4583 2566 4631 commovetur
2584 4579 2866 4635 adversus
2887 4580 3319 4652 presbyterum,
3336 4579 3455 4636 sive
3476 4580 3597 4635 dia-

1945 4679 2182 4732 conum,
2216 4670 2273 4718 et
2302 4666 2690 4721 exterminare
2726 4684 2858 4723 eum
2898 4670 2967 4724 de
3014 4670 3275 4726 Ecclesia
3319 4670 3591 4738 voluerit,

1946 4752 2370 4822 providendum
2406 4758 2495 4809 est
2526 4772 2597 4809 ne
2628 4757 2909 4813 innocens
2959 4760 3276 4815 damnetur
3313 4765 3413 4815 aut
3456 4777 3592 4831 per-

1945 4844 2043 4896 dat
2082 4844 2580 4908 communionem,
2631 4851 2687 4899 et
2725 4846 2857 4901 ideo
2910 4847 3083 4904 habet
3138 4855 3482 4921 potestatein
3541 4850 3593 4903 is

1946 4930 2045 5000 qui
2074 4931 2338 5000 abjectus
2369 4936 2476 5001 est,
2512 4939 2575 4985 ut
2597 4933 2900 5006 episcopos
2924 4936 3207 4992 finitimos
3240 4935 3588 5007 interpellet,

1943 5026 2198 5074 etcausa
2231 5019 2505 5075 audiatur
2534 5022 2947 5094 etdiligentius
2999 5030 3399 5095 pertrectetur,
3452 5025 3592 5095 quia

1944 5125 2059 5162 non
2092 5115 2318 5179 oportet
2351 5109 2400 5163 ei
2436 5111 2634 5179 negari
2668 5112 3055 5167 audientiam.
3115 5113 3183 5167 Et
3230 5113 3328 5167 ille
3367 5114 3588 5183 episco-

1940 5214 2051 5267 pus
2076 5198 2363 5268 quijuste
2412 5204 2514 5253 aut
2565 5200 2787 5271 injuste
2835 5216 2970 5254 eum
3017 5200 3252 5271 abjecit,
3302 5202 3591 5272 patienter

1940 5286 2191 5357 accipiat
2225 5293 2287 5341 ut
2323 5288 2623 5359 negotium
2662 5288 2957 5357 discutiat,
3020 5294 3083 5343 ut
3130 5291 3407 5361 probetur
3453 5308 3587 5346 sen-

187 5378 475 5436 licenliam
509 5377 742 5432 damus.
777 5376 845 5431 Et
883 5376 933 5431 si
984 5376 1083 5446 qui
1138 5375 1657 5431 excommunicatis
1714 5391 1829 5430 non

188 5488 281 5541 per
302 5465 793 5524 sustentationem
828 5464 1137 5536 superbia,
1163 5465 1266 5519 sed
1289 5462 1679 5520 humanitatis
1699 5478 1832 5521 cau-

189 5576 249 5615 sa
279 5558 418 5615 dare
445 5555 716 5624 voluerit,
751 5572 865 5611 non
899 5554 1300 5627 prohibemus.

1938 5374 2122 5430 tentia
2145 5376 2272 5445 cjus
2297 5394 2330 5430 a
2353 5376 2647 5447 plurimis,
2667 5376 2751 5430 vel
2775 5378 3134 5433 emendetur.
3160 5383 3375 5434 Tamen
3393 5381 3588 5450 prius-

1938 5482 2117 5537 quam
2150 5466 2349 5520 omnia
2382 5466 2693 5537 diligenter
2732 5470 2788 5518 et
2835 5464 3078 5521 feliciter
3130 5470 3583 5539 examinentur;

1937 5570 2071 5610 cum
2105 5555 2404 5626 quifuerit
2434 5554 2896 5611 acommunione
2927 5556 3209 5626 privatus,
3234 5564 3370 5615 ante
3387 5562 3586 5633 cogni-
