3986 6048
244 232 389 289 1245

1535 234 1936 292 PANORMIA.
1972 261 2039 275 ο-
2078 236 2211 292 LIB.
2253 236 2351 291 Vi.

3527 236 3667 294 1246

261 361 398 415 CAP.
433 360 504 414 II.
544 360 602 414 In
628 360 824 416 diebus
852 361 1310 430 Quadragesima?
1336 363 1562 435 nuptias
1611 361 1892 417 celebrare
1923 362 1972 429 Α
2008 360 2268 416 annulus
2313 360 2617 428 inseritur,
2651 362 2780 417 ideo
2827 362 2967 434 quia
3004 362 3065 416 in
3097 375 3165 417 eo
3193 379 3342 419 vena
3374 365 3661 435 quaedam,

919 450 1030 489 non
1051 435 1194 489 licet.

770 521 947 578 Cone.
976 522 1220 590 Ililerd.,
1253 539 1304 580 c.
1339 525 1393 579 3.

321 612 436 684 (33,
468 627 527 682 q.
558 611 613 681 4,
646 628 695 665 c.
745 615 867 667 Non
913 616 1140 685 oportet.
1175 613 1338 676 Quod
1393 630 1506 669 non
1567 615 1831 685 oporteat
1879 628 1912 666 a

250 700 711 772 Septuagesima
742 717 930 773 usque
976 701 1047 756 ad
1100 711 1331 758 octavas
1378 701 1609 757 Pascbee
1642 705 1698 757 et
1725 701 1912 756 tribus

255 792 732 849 hebdomadibus
762 797 897 849 ante
928 793 1307 850 festivitatem
1353 793 1540 849 sancti
1570 794 1835 861 Joannis,
1858 797 1914 847 et

251 881 326 936 ab
358 882 613 937 adventu
648 881 876 937 Domini
930 899 1117 953 usque
1173 885 1306 953 post
1337 882 1729 954 Epiphaniam
1762 899 1909 953 nup-

246 967 362 1023 tias
383 968 699 1024 celebrare.
734 970 894 1034 Quod
942 969 991 1027 si
1026 970 1245 1025 factum
1274 970 1482 1042 fuerit,
1539 975 1908 1043 separentur.

779 1077 915 1132 CAP.
952 1078 1053 1133 III.
1094 1081 1172 1133 De
1202 1078 1406 1135 eodem.

537 1164 814 1222 Nicolaus
847 1166 920 1220 ad
953 1166 1180 1223 consul.
1215 1166 1405 1239 Bulg.,
1437 1183 1487 1223 c.
1523 1167 1612 1223 48.

317 1253 519 1325 (33,q.
554 1256 606 1324 4,
642 1271 688 1309 c.
741 1256 846 1310 Nec
884 1258 1157 1325 uxorem.)
1215 1257 1328 1312 Nec
1378 1274 1617 1313 uxorem
1677 1258 1907 1326 ducere,

255 1358 363 1397 nec
394 1342 658 1398 convivia
692 1345 880 1401 facere
908 1346 967 1399 in
992 1345 1493 1418 quadragesimali
1521 1351 1802 1419 tempore,
1822 1348 1910 1404 vel

260 1432 573 1487 convenire
601 1449 775 1505 posse
806 1432 1144 1490 nullatenus
1177 1435 1557 1491 arbitramur.

244 1543 381 1595 CAP.
416 1539 485 1597 IV
514 1543 641 1598 Non
686 1540 952 1596 tribuitur
1007 1542 1229 1598 licentia
1277 1542 1543 1612 nubendi,
1588 1544 1686 1616 qui
1739 1544 1910 1600 conti-

631 1616 883 1669 nentiam
913 1629 1129 1670 serrare
1149 1616 1524 1671 decreverunt.

376 1703 624 1773 August.
658 1704 731 1758 De
758 1705 918 1773 con/1.
952 1704 1137 1760 vitior.
1171 1713 1338 1776 atque
1368 1705 1521 1772 virt.,
1556 1721 1605 1760 c.
1640 1706 1767 1760 122.

326 1789 439 1861 (27,
473 1806 529 1863 q.
565 1793 615 1861 1,
649 1808 699 1848 c.
732 1794 1027 1865 Nubendi.)
1076 1794 1349 1850 Nubendi
1379 1794 1617 1850 licentia
1656 1795 1902 1867 quibus-

247 1879 383 1935 dam
416 1879 714 1948 tribuitur,
746 1882 858 1937 hoc
887 1886 977 1938 est
1005 1883 1105 1955 qui
1128 1882 1477 1955 virginalem
1508 1882 1907 1955 velfcastimo-

249 1968 409 2025 niam
444 1970 732 2026 vidualem
766 1986 1140 2044 nequaquam
1175 1972 1420 2042 professi
1452 1977 1627 2041 sunt;
1662 1973 1904 2045 quibus-

248 2059 386 2114 dam
415 2062 612 2115 autem
646 2077 761 2116 non
796 2060 1099 2131 tribuitur,
1151 2060 1209 2117 id
1242 2066 1333 2118 est
1374 2062 1475 2134 qui
1506 2062 1821 2135 virginales
1853 2068 1908 2118 et

246 2149 614 2206 continentes
665 2165 793 2207 esse
851 2152 1249 2208 decreverunt.
1315 2152 1642 2208 Fornicatio
1708 2156 1902 2210 autem

244 2238 395 2293 nulli
429 2238 671 2310 impune
703 2240 1064 2296 conceditur.

390 2346 521 2400 CAP.
556 2345 623 2399 V.
654 2346 885 2417 Nuptias
912 2348 1153 2402 occultas
1172 2348 1447 2403 celebrare
1473 2364 1582 2405 non
1617 2350 1758 2404 licet.

547 2432 628 2489 Ex
660 2434 881 2491 Decret.
909 2436 1233 2493 Hormisdce
1255 2452 1416 2509 pap.,
1447 2454 1497 2492 c.
1531 2438 1585 2491 6.

315 2524 427 2594 (30,
461 2538 517 2596 q.
549 2526 603 2591 5,
636 2539 685 2578 ο.
720 2524 974 2595 Nullus.)
1006 2524 1080 2581 Ut
1111 2524 1310 2581 nullus
1343 2524 1555 2593 ﬁdelis,
1583 2527 1897 2595 cujuscun-

248 2630 358 2683 que
389 2613 743 2669 conditionis
768 2613 865 2683 sit,
895 2617 1118 2670 occulte
1153 2614 1393 2687 nuptias
1428 2614 1622 2685 faciat,
1670 2615 1771 2671 sed
1805 2616 1901 2671 be-

247 2702 639 2759 nedictionem
673 2720 706 2759 a
736 2706 1037 2761 sacerdote
1069 2709 1309 2776 accepta
1358 2704 1587 2776 publice
1630 2705 1811 2760 nubat
1842 2705 1898 2760 in

246 2792 517 2849 Domino.

238 2901 371 2957 CAP.
398 2894 488 2957 VI.
512 2898 648 2955 Sine
674 2899 913 2972 publicis
940 2900 1152 2972 nuptiis
1194 2896 1395 2955 nullus
1440 2897 1608 2955 durat
1651 2914 1896 2965 uxorem,

758 2993 934 3046 Cone.
972 2989 1213 3060 Arelat,
1246 3005 1297 3044 c.
1329 2990 1386 3045 6.

304 3078 417 3182 (ac,
441 3095 498 3151 q.
529 3078 584 3143 5,
618 3095 668 3135 c.
703 3080 984 3188 Nullum‘.)
1016 3079 1257 3136 Nullum
1293 3079 1421 3135 sine
1450 3078 1584 3134 dote
1627 3078 1727 3181 fiat
1756 3093 1891 3135 con~
1926 3120 1967 3188 Ο

226 3169 670 3240 jugium,juxta
702 3169 1156 3242 possibilitatem
1192 3170 1291 3227 fiat
1325 3170 1453 3239 dos,
1484 3184 1590 3224 nec
1623 3167 1750 3224 sine
1781 3185 1891 3241 pu-

237 3257 404 3313 blicis
436 3259 661 3331 nuptiis
693 3259 1009 3332 quisquam
1044 3258 1262 3316 nubere
1292 3258 1382 3315 vel
1413 3274 1648 3315 uxorem
1681 3259 1895 3315 ducere

244 3352 587 3418 praesumat.

241 3456 379 3509 CAP.
412 3450 536 3510 VII.
600 3454 961 3526 Quimuliert
987 3470 1084 3525 per
1101 3455 1419 3526 Scriptum:
1438 3455 1895 3525 juratsenubtrr

566 3541 695 3579 cum
728 3526 849 3593 itta,
881 3541 1003 3580 eam
1032 3541 1296 3597 spumare
1326 3529 1564 3581 tenetur.

658 3611 946 3668 Novellar.
980 3614 1300 3668 Constitut.
1335 3629 1386 3668 c.
1423 3616 1472 3671 1.

307 3702 367 3758 Si
397 3702 533 3773 quis
555 3701 770 3756 divinis
801 3699 973 3755 tactis
1008 3701 1635 3773 Scripturisjuraverit
1668 3703 1894 3759 mulieri

234 3808 297 3849 se
327 3806 453 3848 eam
481 3790 804 3862 legitimam
838 3804 1077 3846 uxorem
1111 3790 1577 3863 habiturum,vel
1614 3792 1661 3847 si
1694 3792 1751 3847 in
1776 3809 1896 3848 ora-

234 3880 384 3937 torio
416 3880 532 3935 late
561 3884 995 3936 sacramentum
1049 3880 1295 3945 dederit,
1347 3882 1427 3936 sit
1475 3881 1576 3937 illa
1633 3881 1893 3953 legitima

237 3986 401 4038 uxor,
436 3970 705 4041 quamvis
727 3969 889 4024 nulla
916 3970 1045 4036 dos,
1077 3969 1241 4025 nulla
1261 3970 1556 4042 scriptura
1578 3969 1687 4026 alia
1714 3970 1890 4027 inter-

238 4060 434 4132 posita
465 4060 562 4114 sit.

233 4169 365 4224 CAP.
402 4162 554 4222 VIII.
592 4166 774 4235 Quare
800 4164 1037 4240 femina:
1058 4166 1338 4240 rotantur,
1363 4166 1496 4221 dum
1525 4170 1887 4226 maritantur.

592 4238 823 4305 Isidem,
856 4240 929 4294 De
956 4238 1185 4310 ofﬁciis,
1217 4239 1254 4293 l.
1292 4251 1353 4308 ιι,
1378 4255 1429 4294 c.
1464 4241 1552 4295 49.

304 4330 419 4400 (50,
453 4345 510 4401 q.
544 4328 598 4398 5,
632 4344 682 4383 c.
714 4329 1007 4397 Feminae.)
1059 4329 1218 4393 Quod
1254 4328 1487 4383 feminae
1515 4330 1658 4383 dum
1714 4329 1888 4384 mari-

232 4422 434 4474 tantur
463 4416 753 4484 velantur,
788 4416 1011 4473 scilicet
1053 4422 1115 4471 ut
1148 4417 1414 4473 noverint
1437 4433 1673 4489 semper
1703 4434 1763 4473 se
1800 4418 1883 4473 vi-

2023 454 2086 506 ut
2115 450 2321 521 fertur,
2354 451 2665 523 sanguinis
2697 452 2766 506 ad
2799 466 2899 507 cor
2928 466 3121 524 usque
3154 453 3474 523 perveniat.

2195 554 2328 615 CAP.
2364 558 2461 615 IX.
2496 556 2711 628 Nuptiae
2736 558 2955 629 publice
2982 558 3250 614 celebrari
3275 558 3517 633 debent.)

2401 646 2674 703 Nicolaus
2707 646 2777 703 ad
2802 645 3026 704 consul.
3063 646 3300 723 Bulgar.

2096 736 2203 805 (30,
2263 752 2319 808 q.
2361 736 2415 804 5,
2449 752 2497 792 c.
2556 736 2888 808 Nostrates.)
2944 737 3242 794 Nostrates
3303 742 3425 794 tam
3486 752 3674 797 mares

2022 842 2203 898 quam
2237 826 2467 881 feminae
2499 843 2614 881 non
2636 825 2947 900 ligaturam
2963 843 3201 881 auream
3217 824 3305 883 vel
3338 832 3677 901 argenteam

2022 919 2124 971 aut
2153 929 2221 970 ex
2252 914 2513 987 quolibet
2542 913 2779 971 metallo
2830 915 3238 988 compositam,
3295 918 3533 989 quando
3564 934 3675 973 nu-

2024 1004 2201 1076 ptiala
2232 1004 2445 1061 fmdera
2492 1003 2871 1076 contrahunt,
2930 1004 2992 1060 in
3044 1005 3337 1077 capitibus
3381 1007 3673 1064 deferunt.

2022 1095 2130 1150 Sed
2164 1099 2295 1167 post
2324 1093 2625 1167 sponsalia
2656 1112 2784 1167 quas
2812 1094 3145 1150 futurarum
3169 1095 3511 1167 nuptiarum
3534 1102 3675 1152 sunt

2024 1183 2358 1258 promissio,
2385 1184 2595 1240 foedera
2616 1201 2848 1257 quoque
2871 1200 3160 1241 consensu
3191 1201 3392 1240 eorum
3414 1185 3513 1258 qui
3537 1203 3679 1241 con-

2024 1273 2265 1329 trahunt
2296 1276 2585 1330 eteorum
2634 1272 2694 1328 in
2728 1290 2981 1346 quorum
3015 1282 3149 1329 sunt
3182 1277 3464 1345 potestate
3521 1274 3672 1329 cele-

2023 1362 2292 1431 brantur,
2315 1366 2370 1417 et
2400 1366 2706 1434 postquam
2739 1361 2931 1418 arrhis
2963 1380 3245 1435 sponsam
3275 1362 3387 1418 sibi
3420 1380 3676 1435 sponsus

2022 1466 2127 1524 per
2157 1451 2407 1523 digitum
2444 1451 2574 1507 fidei
2610 1469 2641 1507 a
2674 1467 2735 1508 se
2766 1450 2984 1507 annulo
3028 1450 3373 1525 insignitam
3428 1453 3681 1525 despon-

2023 1540 2193 1611 derit,
2234 1541 2546 1612 dotemque
2610 1539 2846 1612 utrique
2898 1540 3174 1613 placitam
3235 1558 3489 1613 sponsus
3547 1543 3678 1614 ejus

2021 1647 2154 1685 cum
2186 1630 2406 1700 scripto
2438 1632 2673 1701 pactum
2706 1631 2815 1687 hoc
2845 1629 3202 1701 continente,
3232 1648 3427 1687 coram
3461 1631 3675 1687 invita-

1966 1719 2093 1811 Bti;
2123 1720 2204 1777 ab:
2239 1724 2488 1791 utraque
2536 1720 2862 1790 tradiderit,
2913 1724 3014 1776 aut
3044 1738 3177 1777 mox
3207 1724 3308 1777 aut
3356 1726 3491 1793 apto
3522 1726 3673 1777 tem-

2020 1824 2162 1881 pore
2193 1822 2266 1864 ιω
2297 1808 2568 1864 videlicet
2597 1813 2730 1864 ante
2762 1813 2994 1880 tempus
3042 1809 3168 1881 lege
3200 1810 3508 1866 deﬁnitum
3555 1811 3673 1866 tale

2018 1898 2161 1970 quid
2203 1897 2391 1954 facere
2422 1902 2760 1970 praesumat,
2813 1899 2982 1954 ambo
3033 1899 3103 1954 ad
3134 1899 3424 1970 nuptialia
3455 1899 3671 1956 fmdera

2018 1989 2446 2060 producuntur,
2479 1992 2537 2043 et
2567 1987 2826 2059 primum
2854 1988 3091 2059 quidem
3126 1987 3184 2042 in
3207 1986 3463 2043 Ecclesia
3488 1987 3673 2043 Domi-

2018 2078 2076 2132 ni
2109 2095 2241 2132 cum
2273 2075 2671 2132 oblationibus
2704 2093 2854 2148 quas
2911 2078 3117 2133 oil‘erre
3147 2076 3362 2132 debent
3407 2075 3524 2131 Deo
3567 2093 3671 2149 per

2015 2166 2335 2222 sacerdotis
2370 2182 2634 2234 manum,
2666 2169 3032 2235 statuuntur,
3080 2166 3280 2237 sicque
3306 2167 3544 2221 demum
3571 2166 3667 2220 bc-

2019 2255 2414 2312 nedictionem
2448 2260 2506 2312 ct
2537 2253 2799 2310 velamen
2832 2254 3065 2310 caeleste
3097 2254 3457 2326 suscipiunt.

2150 2364 2290 2418 CAP.
2323 2362 2392 2418 X.
2427 2363 2610 2430 Quare
2635 2376 2853 2434 sponsae
2879 2378 2990 2419 non
3019 2362 3207 2419 statim
3232 2361 3555 2420 tradantur.

2367 2452 2760 2523 Augustinus,
2787 2452 3131 2523 Confestim.
3167 2451 3208 2507 l.
3232 2467 3309 2507 ιν.

2082 2540 2195 2613 (17,
2228 2557 2285 2612 q.
2316 2542 2374 2610 2,
2398 2557 2447 2595 e.
2482 2541 2839 2602 Institutam;
2869 2539 2911 2597 l.
2935 2541 3089 2609 Quod
3126 2540 3383 2608 dicimus,
3416 2543 3477 2596 et
3508 2541 3667 2596 Fide-

2010 2632 2267 2701 jussor.§
2322 2631 2399 2685 De
2440 2630 2639 2702 solut.)
2692 2630 3037 2687 Institutum
3095 2635 3187 2687 est
3242 2635 3310 2687 ut
3330 2632 3456 2701 jam
3489 2636 3669 2702 pacta:

2010 2736 2240 2792 sponsae
2274 2732 2391 2776 non
2415 2720 2725 2774 tradantur
2751 2718 2974 2789 statim,
3000 2717 3267 2786 ne,vilem
3293 2717 3543 2773 maritus
3564 2718 3666 2773 ba-

2014 2810 2149 2864 beat
2179 2810 2380 2865 datam
2414 2824 2592 2881 quam
2626 2806 3013 2880 suspiraverit
3041 2823 3298 2879 sponsus
3328 2806 3595 2862 dilatam.

2010 2918 2137 2974 CAr.
2157 2917 2248 2973 XI.
2282 2919 2355 2973 De
2382 2916 2470 2973 his
2491 2930 2724 2988 quorum
2753 2928 3044 3044 εἴῖῖςεηδιιε
3076 2915 3382 2987 requiritur
3411 2916 3469 2969 in
3500 2928 3664 2987 spon-

2720 3005 2779 3044 sa
2809 3006 2825 3044 ι
2867 3004 2949 3044 us.

2720 3004 2949 3045 satwus.

2488 3078 2763 3135 Pandect.
2791 3078 2832 3133 l.
2855 3094 3017 3145 xxm,
3045 3080 3088 3132 t.
3125 3077 3170 3134 Ι.

2076 3169 2158 3240 (L.
2194 3169 2256 3224 In
2275 3169 2517 3241 spontat.
2550 3168 2579 3241 ἓ
2607 3170 2678 3224 De
2702 3168 2976 3241 spumat.)
3006 3169 3068 3223 In
3100 3165 3479 3239 sponsalibus
3504 3166 3657 3239 {con-

2002 3273 2214 3314 sensus
2245 3274 2446 3314 eorum
2502 3257 2827 3329 exigendus
2877 3261 2969 3313 est
3024 3270 3276 3327 quorum
3332 3256 3662 3328 ingnuptiis

2002 3348 2391 3402 desideratur.
2433 3345 2789 3417 Intelligitur
2820 3349 3016 3401 tamen
3079 3345 3202 3400 filia
3249 3360 3482 3416 semper
3511 3345 3665 3416 patri

2003 3435 2356 3500 consentire,
2381 3434 2493 3489 nisi
2528 3435 2826 3489 evidenter
2848 3433 3181 3489 dissentiat.

2000 3543 2137 3599 CAP.
2169 3541 2296 3596 XII.
2330 3539 2631 3612 Sponsatia
2664 3555 2936 3596 consensu
2958 3541 3100 3611 ﬁliae
3120 3536 3527 3612 contrahuntur
3544 3555 3660 3610 quae

2073 3613 2193 3682 ﬁlia
2246 3611 2402 3684 patri
2449 3614 2759 3685 consentire
2815 3620 3046 3685 oportet,
3108 3613 3231 3668 licet
3281 3611 3659 3685 contradicere

2070 3683 2271 3756 posset,
2302 3687 2352 3740 si
2381 3684 2602 3740 haberet
2611 3683 3086 3757 justam‘causam
3111 3683 3539 3739 contradicendi.

2378 3774 2676 3844 Pandect.,
2707 3791 2776 3830 ex
2801 3774 2841 3830 1.
2875 3779 2932 3830 et
2959 3778 3002 3829 t.
3035 3773 3268 3829 iisdem.

2072 3863 2156 3935 (L.
2186 3863 2443 3935 Sponsal.
2473 3879 2595 3918 cum
2624 3879 2696 3919 se.
2731 3864 2761 3936 §
2792 3863 2950 3933 Cod.)
3010 3861 3320 3935 Sponsalia
3357 3862 3512 3918 sicut
3543 3878 3651 3917 nu-

2000 3952 2136 4024 ptiae
2180 3969 2471 4009 consensu
2508 3953 2653 4008 liunt
2682 3951 3184 4021 contrahentium,
3241 3954 3299 4006 et
3329 3951 3457 4007 ideo
3498 3951 3655 4007 sicut

2000 4043 2243 4115 nuptiis,
2276 4042 2360 4098 ita
2413 4042 2791 4115 sponsalibus
2841 4041 2962 4097 lilia
3020 4038 3274 4096 familias
3323 4041 3655 4095 consentire

1998 4136 2244 4204 oportet.
2280 4135 2413 4197 Quae
2444 4132 2627 4203 patris
2659 4130 2942 4189 voluntati
2973 4147 3090 4186 non
3148 4132 3455 4202 repugnat,
3513 4145 3651 4185 con-

1999 4221 2214 4277 sentire
2276 4220 2645 4293 intelligitur.
2707 4220 2873 4274 Tunc
2933 4223 3132 4275 autem
3180 4214 3563 4274 dissentiendi
3616 4236 3651 4273 a

1996 4315 2163 4383 patre
2194 4310 2428 4367 licentia
2457 4310 2821 4379 conceditur,
2855 4307 2904 4364 si
2953 4307 3234 4380 indignus
3266 4307 3529 4363 moribus
3557 4306 3645 4363 vel

1995 4400 2189 4472 turpis
2219 4416 2473 4472 sponsus
2503 4399 2554 4455 ei
2588 4402 2794 4471 apatre
2814 4396 3072 4470 eligitur.
3108 4394 3649 4453 Filiofamiliasdis-

230 4508 310 4562 ris
344 4507 469 4563 suis
500 4506 794 4577 subjectae
825 4522 955 4561 esse
985 4510 1043 4561 et
1075 4504 1349 4562 humiles.
1385 4507 1549 4562 Item:
1570 4486 1746 4570 _Quod
1782 4524 1882 4563 nu-
1921 4494 1964 4558 D
1997 4490 2303 4559 sentiente.
2337 4488 2637 4561 sponsalia
2658 4488 2786 4558 eius
2814 4487 3052 4559 nomine
3083 4486 3340 4542 ῧθτίηοη
3372 4491 3643 4558 Possunt-

228 4597 435 4651 bentes
464 4600 597 4668 post
628 4595 1095 4651 benedictionem
1126 4592 1246 4650 vita
1278 4610 1394 4649 uno
1427 4596 1594 4667 quasi
1638 4596 1885 4653 invicem

226 4684 462 4740 vinculo
493 4684 865 4756 copulantur,
888 4681 1175 4748 videlicet,
1224 4683 1341 4737 imo
1358 4684 1420 4738 ﬁt
1446 4701 1516 4739 ne
1542 4700 1883 4757 compagem

226 4773 555 4845 conjugalis
585 4772 1208 4839 unitatisdirumpant.
1245 4777 1467 4828 Atvero
1499 4775 1653 4844 quod
1686 4791 1752 4829 ea
1768 4776 1886 4830 vita

225 4861 475 4918 candido
520 4876 934 4934 purpureoque
985 4860 1177 4915 colore
1210 4862 1613 4931 permiscetur.
1656 4864 1886 4919 Candor

228 4952 448 5024 quippe
478 4955 568 5005 est
599 4950 893 5007 munditia
941 4951 1069 5005 vitae
1104 4967 1118 5017 ;
1179 4964 1441 5022 purpura
1473 4953 1541 5007 ad
1576 4952 1883 5024 sanguinis

224 5039 629 5111 posteritatem
664 5040 998 5105 adhibetur,
1024 5045 1089 5095 ut
1120 5039 1227 5095 hoc
1252 5040 1422 5112 signo
1448 5044 1503 5096 et
1524 5040 1883 5096 continentia

224 5133 280 5185 et
314 5129 403 5183 lex
435 5130 687 5183 tenenda
718 5129 791 5183 ab
825 5130 1091 5201 utrisque
1123 5131 1511 5186 admoneatur
1532 5131 1602 5185 ad
1625 5134 1881 5201 tempus,

221 5222 278 5273 et
310 5222 443 5289 post
475 5216 596 5273 haec
619 5216 976 5273 reddendum
1009 5218 1275 5274 debitum
1296 5237 1408 5274 non
1433 5224 1697 5290 negetur.
1716 5221 1876 5274 Item:

223 5307 386 5371 Quod
420 5307 475 5361 in
511 5306 721 5378 primis
750 5308 975 5378 nuptiis
1026 5308 1282 5364 annulus
1317 5325 1347 5363 a
1379 5324 1596 5379 sponso
1650 5324 1905 5378 sponsae

219 5398 414 5461 datur,
450 5398 511 5451 lit
538 5396 646 5451 hoc
676 5396 953 5452 nimirum
985 5395 1074 5451 vel
1109 5406 1341 5467 propter
1374 5403 1589 5451 mutuae
1620 5396 1878 5452 dilectio-

219 5485 312 5541 nis
344 5484 605 5557 signum,
638 5485 724 5541 vel
744 5493 980 5557 propter
1000 5481 1057 5539 id
1086 5485 1270 5555 magis
1309 5491 1371 5540 ut
1400 5501 1601 5540 eorum
1636 5485 1877 5556 pignore

222 5578 425 5632 eorum
455 5573 1003 5647 cerdejungantur.
1036 5568 1212 5646 _Unds
1262 5578 1317 5629 et
1348 5571 1405 5629 in
1440 5576 1651 5646 quarto
1692 5573 1874 5647 digito

1998 4596 2133 4659 CAP.
2166 4596 2326 4653 XIII.
2363 4598 2469 4651 Pro
2512 4596 2863 4722 spontatibtiu
2893 4594 3156 4650 ineundis
3181 4599 3321 4652 aetas
3373 4610 3480 4651 non
3513 4593 3645 4665 deﬁ-

2739 4684 2802 4721 nt
2828 4683 2914 4722 ur.

2739 4683 2914 4722 nitur.

2387 4756 2661 4811 Pandect.
2695 4755 2824 4812 exi.
2859 4760 2917 4811 et
2948 4759 2992 4811 t.
3018 4756 3251 4812 iisdem.

2067 4848 2155 4919 (L.
2187 4848 2247 4902 In
2280 4846 2524 4918 sponsat.
2551 4845 2577 4917 ἓ
2610 4846 2681 4901 De
2710 4847 2981 4916 sponsat.)
3016 4846 3076 4900 In
3102 4845 3482 4917 sponsalibus
3500 4861 3641 4900 con-

1992 4935 2295 4992 trahendis
2343 4939 2484 4989 aetas
2515 4934 2990 4990 contrahentium
3030 4934 3269 4991 definita
3314 4950 3427 4988 non
3462 4937 3552 4988 est
3577 4936 3642 4987 ut

1994 5024 2054 5079 in
2114 5022 2527 5079 matrimoniis.
2588 5023 2953 5096 Quapropter
3002 5040 3037 5078 a
3091 5022 3409 5094 primordio
3448 5020 3636 5077 aetatis

1993 5112 2294 5186 sponsalia
2316 5113 2466 5168 efﬁci
2498 5119 2764 5184 possunt,
2821 5114 2869 5167 si
2902 5112 3075 5168 modo
3104 5111 3163 5165 id
3215 5110 3337 5165 fieri
3369 5111 3440 5165 ab
3474 5114 3634 5165 utra-

1992 5218 2103 5273 que
2137 5219 2387 5274 persona
2415 5201 2802 5275 intelligatur,
2836 5201 2894 5256 id
2925 5204 3035 5268 est,
3067 5198 3116 5255 si
3148 5216 3264 5255 non
3294 5199 3413 5256 sint
3435 5198 3636 5269 junio-

1991 5308 2083 5347 res
2118 5307 2293 5362 quam
2327 5298 2548 5365 septem
2577 5292 2770 5348 annis.

2060 5400 2196 5455 CAP.
2228 5400 2366 5457 XIV.
2400 5403 2463 5457 In
2492 5396 2908 5471 desponsatione
2931 5397 3250 5470 conjugium
3278 5397 3561 5453 iniliatur.

2261 5491 2553 5553 Ambros,
2588 5493 2665 5543 Da
2694 5486 2934 5544 institut.
2964 5490 3107 5557 virg.
3140 5503 3191 5544 ο.
3221 5486 3277 5553 5,
3297 5488 3352 5543 6.

2057 5574 2251 5652 (27,11.
2284 5579 2338 5648 3,
2370 5588 2419 5635 c.
2476 5579 2611 5634 Cum
2640 5570 2925 5648 intuetur,
2957 5574 3046 5633 vel
3103 5573 3330 5650 Cornua.
3389 5572 3631 5649 pactio.)
