3936 6056
353 212 490 266 1247

1435 211 1501 262 D.
1543 209 1782 262 lVONlS
1817 206 2316 264 CARNOTENSIS
2353 209 2670 266 EPISCOPI

3647 212 3800 266 12ἰὲ

351 339 714 406 Desponsata
737 333 1157 404 viro,coujugis
1182 349 1392 388 nomen
1415 332 1660 404 accepit.
1693 333 1837 386 Cum
1852 331 2008 386 enim
2039 334 2092 400 Α
2124 332 2248 388 dies
2278 334 2670 404 processionis
2701 339 2758 390 et
2789 335 2915 407 ipsa
2937 336 3082 390 ratio
3123 343 3441 409 conceptus
3473 344 3535 394 et
3587 349 3811 408 partus

347 427 618 482 initiatur
667 425 1006 494 conjugium
1063 425 1321 495 conjugii
1376 440 1589 479 nomen
1658 423 2004 479 assumitur.

346 523 466 572 Non
499 516 657 571 enim
709 515 1010 571 deﬂoratio
1044 513 1392 583 virginitatis
1429 513 1566 568 facit
1617 512 2006 584 conjugiium,

2109 422 2278 490 juxta
2309 421 2494 494 legem
2529 439 2757 479 cessare
2809 426 3177 496 temporibus
3207 425 3302 481 his
3329 428 3549 483 debere
3588 444 3807 482 mons-

2116 514 2324 568 tratur.

348 606 449 662 sed
482 603 1058 696 pactioposiuealis-
1115 602 1374 673 Denique
1430 619 1595 696 999
1627 601 2009 696 cqniunsitur
2115 618 2252 675 CAP.
2287 618 2467 675 xxu.
2497 620 2753 676 Secunda
2801 624 3054 692 coniugia
3082 625 3228 679 sicut
3277 632 3328 680 et
3369 628 3569 696 prima
3635 625 3802 679 licata

345 695 543 768 puella
575 694 916 764 conjugium
940 697 1049 763 est,
1080 709 1194 746 non
1228 708 1364 748 cum
1394 691 1503 747 viri
1529 691 1884 747 admistione
1909 707 2006 746 co-

355 783 676 855 gnoscitur.

350 873 486 928 CAP.
520 871 635 928 XV.
664 876 699 926 A
721 873 907 943 prima
951 870 1068 943 ﬁde
1094 871 1550 940 desponsationis,
1608 869 1862 941 conjuges
1914 884 2004 924 ve-

925 941 1044 996 rius
1059 943 1434 1012 appellantur.

741 1030 970 1096 Isidor.,
1005 1032 1250 1100 Etymol.
1285 1030 1324 1085 1.
1355 1047 1430 1096 1x,
1465 1047 1512 1085 c.
1545 1032 1600 1084 7.

419 1122 532 1193 (27,
566 1137 622 1191 q.
655 1120 710 1189 2,
742 1136 790 1174 c.
820 1121 1143 1190 Conjuges.)
1174 1120 1459 1190 Conjuges
1485 1121 1675 1175 verius
1702 1119 2003 1191 appellan-

347 1213 443 1264 tur
473 1227 507 1264 a
560 1209 754 1278 prima
810 1208 1282 1280 desponsationis
1336 1208 1468 1279 ﬁde,
1504 1208 1775 1280 quamvis
1813 1207 2004 1263 adhuc

347 1299 501 1353 inter
529 1315 628 1353 eos
659 1297 964 1370 ignoretur
997 1297 1329 1369 conjugalis
1355 1297 1722 1354 concubitus.

351 1405 484 1460 CAP.
517 1405 655 1462 XVI.
687 1405 1024 1477 Conjugium
1053 1407 1114 1476 ﬁt
1144 1408 1315 1462 etiam
1365 1407 1569 1477 absque
1596 1406 1817 1462 carnali
1855 1421 2004 1462 com-

832 1475 1093 1533 mistione
1123 1486 1174 1533 et
1202 1475 1512 1533 concubitu.

343 1569 593 1639 August.
627 1567 699 1621 De
729 1566 855 1622 bon.
887 1569 1106 1638 conjug.
1140 1566 1178 1622 I.
1229 1584 1267 1636 1,
1322 1583 1371 1622 c.
1408 1566 1496 1636 1|,
1530 1570 1587 1622 et
1616 1567 1692 1622 De
1735 1569 1896 1638 παρτ.
1955 1573 2006 1621 et

1043 1655 1268 1710 coneup.

2701 709 2818 748 esse
2847 697 3178 764 probantur.

2148 781 2421 851 August.,
2456 779 2653 836 Contra
2681 781 2896 837 advers.
2931 785 3035 854 leg.
3068 790 3122 840 et
3145 785 3344 856 proph.
3378 784 3414 840 l.
3454 803 3523 855 11,
3569 801 3628 840 c.
3664 786 3767 839 21.

2187 870 2294 940 (31,
2319 886 2374 940 q.
2409 870 2461 936 1,
2495 885 2545 924 c.
2580 871 2717 926 Deus
2750 873 3280 944 masculum.)Deus
3307 876 3409 944 qui
3442 873 3800 929 masculum

2114 964 2172 1014 et
2204 959 2481 1014 feminam
2503 961 2868 1031 propagandi
2898 963 3130 1033 generis
3160 979 3340 1018 causa
3375 963 3636 1034 nuptiali
3665 980 3803 1017 cas-

2116 1048 2266 1102 titati
2299 1047 2624 1118 conjunxit,
2656 1053 2713 1103 et
2756 1051 3050 1105 secundas
3082 1052 3317 1123 nuptias
3375 1069 3505 1123 quas
3574 1052 3638 1106 in
3677 1069 3799 1105 uno

2115 1153 2345 1209 quoque
2379 1141 2728 1194 lestamento
2751 1140 3196 1209 permittuntur,
3227 1139 3420 1196 licitas
3443 1157 3585 1196 esse
3620 1157 3798 1195 mon—

2117 1228 2344 1283 stravit.

2117 1333 2251 1388 CAP.
2284 1335 2488 1390 XXIII.
2522 1335 2627 1390 Illa
2668 1335 2876 1390 mulier
2922 1352 3035 1391 non
3083 1338 3326 1406 pertinet
3364 1335 3435 1389 ad
3481 1336 3793 1390 matrimo-

2118 1407 2276 1461 nium
2306 1423 2431 1461 cum
2461 1423 2572 1477 qua
2602 1422 2713 1462 non
2741 1406 3053 1462 celebratur
3089 1409 3338 1480 nuptiale
3366 1406 3789 1462 ministerium.

2154 1507 2234 1560 Ex
2262 1505 2468 1561 Decret
2499 1505 2708 1562 Leonis
2739 1521 2873 1578 pap.
2906 1505 2976 1574 II,
3005 1511 3059 1563 et
3085 1506 3260 1578 epist.
3290 1506 3360 1560 90
3399 1505 3473 1561 ad
3509 1505 3752 1561 Rustic.

2189 1620 2299 1690 (27,
2335 1637 2391 1692 q.
2423 1621 2477 1675 2.
2511 1636 2561 1675 c.
2596 1619 2732 1675 Cum
2757 1618 3028 1689 societas.)
3057 1617 3202 1673 Cum
3235 1615 3488 1671 societas
3531 1616 3785 1686 nuptia-

419 1729 532 1799 (27,
567 1743 626 1798 ρ,
660 1728 716 1794 2,
768 1744 818 1783 ο,
855 1728 1126 1800 conj-ax.)
1181 1703 1405 1798 donjux
1453 1731 1698 1784 vocatur
1755 1745 1788 1782 α
1818 1725 2007 1799 prima
2035 1703 2083 1769 Β
2116 1725 2244 1800 rum
2269 1709 2349 1800 ita
2379 1709 2451 1764 ab
2482 1708 3002 1800 initio_coustituta
3023 1705 3101 1762 sit
3132 1709 3194 1760 ut
3223 1710 3430 1800 prater
3446 1721 3789 1800 seauscon-

347 1817 819 1888 desponsationis
851 1818 985 1885 fide,
1018 1833 1198 1888 quam
1233 1817 1550 1872 concubitu
1576 1834 1692 1872 non
1717 1832 2004 1888 cognove-

347 1909 440 1960 rat
468 1904 708 1976 Joseph,
745 1921 848 1960 nec
881 1907 1066 1960 fuerat
1090 1905 1456 1976 cogniturus,
1484 1921 1588 1960 nec
1611 1905 1880 1976 perierat,
1902 1919 2005 1958 nec

349 1995 602 2049 mendax
665 1999 1004 2064 manserat;
1052 1994 1323 2065 conjugis
1377 1993 1714 2066 appellatio,
1749 1993 1846 2048 ubi
1889 2009 2004 2047 non

348 2082 560 2151 fuerat,
594 2099 698 2138 nec
731 2083 928 2138 futura
959 2086 1084 2138 erat
1118 2083 1313 2138 carnis
1371 2083 1719 2138 commistio.
1765 2083 2009 2153 Propter

348 2172 505 2243 quod
559 2170 730 2226 tidele
760 2172 1104 2244 conjugium
1138 2172 1311 2229 ambo
1343 2181 1618 2245 parentes
1647 2170 1867 2228 Christi
1898 2187 2001 2225 vo-

350 2260 470 2316 cari
503 2264 865 2326 meruerunt,
923 2266 982 2316 et
1013 2278 1126 2316 non
1178 2259 1372 2316 solum
1422 2260 1525 2316 illa
1555 2264 1766 2328 mater,
1807 2275 2006 2315 verum

349 2349 528 2404 etiam
552 2347 650 2403 ille
682 2353 849 2420 pater
875 2350 1025 2420 ejus,
1079 2349 1236 2404 sicut
1264 2353 1321 2405 et
1365 2349 1578 2419 conjux
1626 2349 1834 2404 matris
1877 2349 2006 2419 ejus

351 2435 492 2491 fuit:
529 2442 848 2508 utrumque
879 2441 1097 2503 mente,
1131 2454 1247 2492 non
1275 2453 1471 2493 carne.

354 2547 486 2600 CAP.
518 2543 688 2599 XVII.
721 2543 854 2598 Cum
887 2545 1207 2610 desponsata
1238 2545 1410 2616 fuerit
1438 2545 1643 2600 tradita
1662 2551 1716 2600 et
1745 2545 1807 2599 in
1848 2561 2006 2599 usum

693 2616 948 2683 deducta,
982 2617 1305 2687 riteconjua:
1333 2617 1666 2689 appellatur.

614 2705 962 2761 Ambrosius
985 2707 1056 2760 ad
1082 2707 1416 2773 Paternum,
1448 2706 1620 2778 epist.
1653 2707 1746 2761 66.

421 2794 535 2865 (27,
559 2811 614 2864 q.
644 2796 702 2863 2,
735 2812 783 2850 c.
807 2796 870 2851 Si
899 2795 1066 2867 quis.)
1097 2795 1153 2850 Si
1204 2795 1337 2868 quis
1369 2797 1724 2866 desponsata
1781 2795 1895 2850 sibi
1950 2801 2007 2851 et

352 2883 570 2938 tradita
599 2888 820 2950 utatur,
853 2885 1194 2956 conjugium
1226 2888 1487 2940 vocatur.

430 2993 564 3047 CAP.
598 2991 796 3048 XVIII.
832 2993 1084 3048 Puellam
1113 2994 1220 3048 alii
1249 2993 1636 3063 desponsatam
1689 2995 1831 3049 alter
1858 2996 2005 3050 acci-

947 3080 1078 3132 pere
1096 3081 1207 3119 non
1233 3066 1396 3120 valet.

352 3149 573 3207 Siricus
605 3167 738 3222 pap.
771 3153 843 3206 ad
877 3152 1108 3223 Hymer.
1133 3155 1368 3209 Tarrac.
1393 3153 1597 3224 episc.,
1616 3154 1787 3226 epist.
1812 3155 1862 3224 1,
1887 3155 1998 3209 c.11.

426 3240 536 3312 (27,
567 3255 626 3310 q.
655 3241 712 3310 2,
741 3248 786 3294 c.
825 3241 899 3295 De
945 3242 1241 3312 coniugali.
1275 3245 1288 3310 )
1320 3241 1401 3296 De
1431 3242 1772 3314 conjungali
1806 3247 2004 3298 autem

353 3327 670 3385 violatione
704 3327 1028 3400 requisisti,
1063 3329 1112 3384 si
1144 3329 1559 3402 desponsatam
1591 3331 1689 3386 alii
1723 3331 2003 3403 puellam,

354 3419 502 3475 alter
532 3417 592 3473 in
624 3418 1068 3474 matrimonium
1101 3419 1289 3490 possit
1319 3419 1604 3491 accipere,
1655 3420 1772 3476 tale
1802 3423 2002 3492 conju-

351 3508 510 3580 gium
545 3507 1201 3577 anathematizamus,et
1232 3507 1341 3564 hoc
1373 3525 1444 3564 ne
1468 3509 1569 3564 ﬁat
1592 3509 1781 3566 modis
1813 3511 2007 3566 omni-

356 3597 468 3652 bus
504 3596 841 3651 inhibemus
870 3613 882 3650 :
919 3595 1057 3667 quia
1089 3595 1190 3651 illa
1220 3596 1549 3654 benedictio
1603 3616 1781 3670 quam
1814 3608 2008 3670 nuptas

353 3685 622 3740 sacerdos
652 3683 920 3754 imponit,
949 3686 1102 3756 apud
1137 3685 1405 3742 infideles
1437 3687 1748 3758 cujusdam
1779 3687 2009 3743 sacrile-

351 3772 429 3843 gii
460 3772 644 3826 instar
672 3777 780 3838 est,
804 3773 853 3828 si
887 3771 1008 3828 ulla
1037 3775 1508 3845 transgressione
1533 3775 1801 3833 violetur.

387 3881 524 3933 CAP.
560 3876 710 3935 XIX.
751 3879 962 3936 Puella:
992 3879 1323 3950 desponsatae
1352 3883 1632 3953 prioribus
1661 3882 1970 3939 reddendae.

815 3973 987 4025 Conc.
1019 3969 1304 4042 Ancyrit.,
1337 3987 1386 4026 c.
1422 3972 1508 4028 11.

421 4057 531 4126 (27,
563 4074 621 4130 q.
651 4059 705 4124 2,
755 4072 805 4113 c.
857 4062 1267 4130 Desponsatas.)
1324 4059 1724 4132 Desponsatas
1779 4060 2008 4133 puellas

351 4149 408 4201 et
440 4151 570 4220 post
601 4147 671 4203 ab
705 4146 837 4204 aliis
894 4151 1094 4220 raptas
1145 4147 1368 4220 placuit
1415 4149 1562 4216 erui,
1595 4153 1652 4204 et
1700 4148 1784 4204 eis
1843 4150 2006 4205 reddi

354 4237 569 4310 quibus
591 4242 724 4294 ante
755 4238 988 4292 fuerant
1016 4237 1409 4310 desponsata),
1430 4237 1605 4293 etiam
1625 4237 1674 4293 si
1704 4237 1789 4293 eis
1815 4254 1848 4294 a
1871 4255 2008 4311 rap-

355 4327 582 4382 toribus
613 4327 702 4381 vis
724 4325 884 4382 illata
915 4327 1261 4383 constiterit.

2111 1798 2482 1867 junctionem
2517 1814 2630 1853 non
2665 1797 2923 1852 habeant
2954 1795 3014 1850 in
3045 1811 3107 1850 se
3157 1795 3374 1865 nuptiae
3403 1794 3784 1862 conjunctio-

2117 1888 2210 1941 nis
2241 1887 2456 1942 Christi
2517 1891 2572 1941 et.
2604 1885 2871 1942 Ecclesiae
2895 1888 3356 1951 sacramentum,
3381 1883 3638 1937 dubium
3664 1899 3782 1936 non

2115 1981 2204 2030 est
2233 1992 2358 2030 eam
2393 1975 2700 2031 mulierem
2742 1992 2855 2030 non
2891 1973 3183 2046 pertinere
3217 1973 3289 2027 ad
3323 1971 3779 2026 matrimonium

2119 2068 2176 2121 in
2207 2084 2323 2138 qua
2355 2067 2594 2123 docetur
2624 2065 2888 2138 nuptiale
2919 2081 3032 2120 non
3069 2063 3253 2119 fuisse
3280 2061 3705 2116 ministerium.

2118 2176 2247 2229 CAP.
2280 2174 2482 2230 XXIV.
2545 2177 2742 2231 Partus
2769 2176 3121 2301 fengingrum
3163 2170 3271 2227 erit
3317 2170 3435 2225 sola
3471 2184 3643 2223 causa
3672 2184 3778 2220 nu-

2883 2263 2947 2301 en
2990 2263 3031 2299 ι.

2883 2263 3031 2302 enat.

2463 2336 2737 2391 Ambros.
2771 2351 2948 2406 super
2978 2335 3118 2390 Lua.
3149 2331 3189 2389 I.
3221 2349 3263 2398 1,
3291 2347 3344 2386 c.
3380 2331 3432 2386 1.

2190 2426 2301 2493 (32,
2335 2443 2392 2497 q.
2423 2426 2478 2494 2,
2506 2443 2556 2481 c.
2591 2426 2822 2492 Pudor.)
2869 2425 3066 2479 Pudor
3093 2426 3185 2479 est
3231 2419 3473 2476 feminis
3532 2418 3772 2490 nuptia-

2119 2531 2250 2569 rum
2282 2516 2523 2586 prasmia
2554 2532 2668 2571 non
2692 2515 2927 2580 habere,
2959 2513 3174 2584 quibus
3199 2511 3318 2566 haec
3340 2508 3468 2566 sola
3491 2525 3675 2564 causa
3689 2513 3776 2563 est

2122 2603 2400 2661 nubendL

2597 2695 2730 2750 CAP.
2765 2695 2933 2751 XXV.
2971 2697 3052 2748 De
3079 2691 3286 2748 eodem.

2519 2784 2816 2853 Ambros.,
2850 2798 3030 2854 super
3060 2782 3196 2838 Luc.
3233 2780 3272 2834 I.
3307 2795 3370 2835 11.

2187 2873 2307 2942 (32,
2342 2890 2398 2943 q.
2431 2875 2488 2928 2.
2517 2889 2568 2928 c.
2599 2873 2804 2929 Pudor.
2839 2877 2866 2940 §
2915 2872 3094 2938 Cum.)
3123 2871 3266 2926 Cum
3323 2867 3587 2940 conjugii
3632 2883 3774 2939 prie-

2121 2963 2302 3018 mium
2333 2968 2391 3018 et
2419 2963 2609 3035 gratia
2655 2965 3002 3036 nuptiarum
3052 2967 3256 3033 partus
3292 2960 3371 3016 sit
3392 2959 3773 3025 feminarum,

2039 3068 2080 3135 C
2126 3070 2238 3108 non
2274 3053 2585 3108 mediocris
2617 3058 2728 3118 est,
2759 3069 2959 3124 causa,
3015 3057 3082 3107 ut
3105 3050 3412 3122 virginitas
3437 3046 3635 3103 Maria:
3664 3046 3774 3101 fal-

2124 3143 2269 3198 Icret
2317 3141 2640 3214 principem
2667 3143 2894 3199 mundi.

2589 3243 2728 3295 CAP.
2757 3239 2944 3295 XXVI.
2977 3240 3050 3294 De
3077 3239 3282 3296 eodem.

2759 3329 3116 3401 Ilieronym.)

2180 3421 2301 3490 (32,
2335 3435 2392 3490 q.
2426 3421 2480 3486 2,
2517 3434 2567 3473 ο.
2601 3417 2751 3473 Sicut
2808 3426 2858 3474 et
2903 3421 3132 3490 veniat.)
3192 3418 3418 3474 Debent
3462 3433 3603 3489 ergo
3655 3418 3766 3473 sibi

2115 3509 2412 3580 conjugati
2442 3525 2558 3564 non
2590 3506 2781 3563 solum
2813 3507 3002 3579 ipsius
3035 3525 3208 3564 sexus
3241 3507 3335 3563 sui
3374 3509 3768 3562 commiscen-

2118 3599 2175 3652 di
2207 3599 2404 3667 tidem,
2440 3597 2758 3656 liberorum
2810 3598 3304 3670 procreandorum
3365 3614 3566 3667 causa,
3631 3597 3768 3668 quia

2119 3689 2310 3758 prima
2344 3696 2457 3754 est,
2489 3688 2735 3743 humani
2776 3688 3007 3758 generis
3039 3687 3097 3742 in
3146 3687 3260 3742 ista
3289 3684 3648 3742 mortalitate
3677 3701 3769 3739 sov

2115 3777 2524 3844 ciotas,verum
2554 3778 2728 3833 etiam
2756 3775 3120 3832 infirmitatis
3152 3775 3400 3830 invicem
3418 3773 3770 3846 accipienda:

2116 3865 2188 3920 ad
2222 3863 2460 3920 illicitos
2517 3866 2868 3921 concubitus
2923 3865 3248 3934 evitandos,
3308 3868 3576 3918 mutuam
3623 3879 3770 3934 quo-

2116 3953 2433 4008 dammodo
2463 3953 2826 4020 servitutem,
2862 3959 2928 4009 ut
2957 3953 3003 4010 si
3039 3953 3204 4010 alteri
3235 3969 3435 4008 eorum
3459 3952 3773 4007 continen-

2117 4042 2198 4098 tia
2229 4046 2514 4114 perpetua
2571 4042 2819 4115 placeat,
2882 4043 2996 4100 nisi
3039 4042 3280 4098 alierius
3329 4057 3621 4098 consensu
3655 4058 3766 4096 non

2117 4132 2321 4204 possit.
2374 4133 2556 4187 Item:
2611 4133 2873 4188 Reddere
2926 4149 3062 4188 vero
3119 4132 3384 4187 debitum
3434 4130 3767 4202 conjugale,

2119 4219 2340 4276 nullius
2370 4225 2459 4276 est
2487 4221 2792 4289 criminis;
2830 4221 3058 4293 exigere
3116 4226 3313 4277 autem
3375 4219 3532 4275 ultra
3589 4235 3764 4291 gene-

2118 4311 2284 4366 randi
2320 4311 2753 4378 necessitatem,
2779 4311 2961 4382 culpaa
2991 4309 3257 4366 venialis.

355 4415 490 4470 CAP.
525 4414 614 4470 XX
654 4416 922 4484 Quomodo
957 4423 1547 4506 sponsusheths‘ponsa
1588 4414 1660 4470 ad
1703 4415 2008 4472 benedctio-
2041 4443 2086 4506 Β
2119 4418 2247 4472 CAP.
2289 4415 2809 4506 ‘Conju'ges
2837 4419 3117 4506 sunt-qui
3162 4433 3322 4506 causq
3353 4416 3526 4506 solius
3567 4416 3766 4470 incon-

950 4503 1073 4543 nem
1104 4488 1399 4542 accedant.

789 4576 963 4632 Conc.
993 4575 1265 4647 Carthag.
1300 4591 1374 4642 1v,
1400 4591 1448 4631 c.
1484 4576 1570 4632 13.

425 4664 536 4735 (30,
571 4681 627 4736 q.
673 4666 728 4733 5,
758 4681 808 4721 c.
860 4665 1150 4738 Sponsus.)
1209 4665 1475 4735 Sponsus
1506 4671 1562 4721 et
1592 4682 1832 4738 sponsa,
1867 4683 1999 4722 cum

356 4753 732 4809 benedicendi
768 4760 910 4809 sunt
937 4772 972 4809 a
1001 4755 1320 4822 sacerdote,
1353 4771 1385 4808 a
1417 4755 1764 4826 parentibus
1785 4755 1872 4811 vel
1903 4772 2000 4826 pa-

353 4844 694 4916 ranympbis
717 4845 1036 4899 offerantur
1054 4843 1110 4897 in
1135 4843 1376 4899 ecclesia
1395 4844 1703 4900 sacerdoti.
1731 4844 1837 4908 Qui
1862 4861 1998 4900 cum

354 4931 816 4988 benedictionem
849 4931 1200 5002 acceperint,
1250 4933 1452 4988 eadem
1486 4938 1653 4987 nocte
1697 4950 1800 5004 pro
1833 4949 1999 4989 reve-

353 5021 539 5076 rentia
570 5020 993 5078 benedictionis
1024 5021 1083 5077 in
1107 5021 1438 5093 virginitate
1469 5026 1871 5092 permaneant.

351 5131 486 5189 CAP.
507 5132 660 5188 XXI.
696 5131 911 5200 Quibus
941 5131 1277 5212 temporibus
1305 5129 1499 5184 debent
1519 5130 1774 5201 conjuges
1802 5147 1859 5185 se
1879 5131 1999 5187 abs-

1081 5209 1101 5257 t
1109 5209 1163 5255 in
1173 5218 1262 5256 ere
1279 5242 1290 5255 .

590 5293 863 5348 Ambros.
898 5307 1078 5363 super
1107 5290 1292 5358 Epist,
1316 5289 1385 5343 ad
1418 5291 1546 5344 Cor.
1581 5305 1629 5344 c.
1663 5291 1753 5344 71.

417 5384 530 5452 (33,
566 5398 622 5452 q.
657 5382 709 5448 l1,
737 5399 786 5436 c.
820 5381 880 5436 Si
909 5381 1120 5450 causa.)
1161 5379 1219 5434 Si
1273 5393 1452 5433 causa
1504 5380 1996 5449 procreandorum

347 5472 603 5526 filiorum
633 5469 869 5524 ducitur
895 5487 1057 5533 uxor,
1081 5484 1197 5523 non
1223 5465 1473 5522 multum
1501 5471 1732 5538 tempus
1757 5485 1995 5525 conces-

341 5577 474 5617 sum
510 5557 740 5613 videtur
769 5558 840 5612 ad
866 5574 1041 5614 usum
1073 5557 1292 5628 ipsum,
1344 5555 1484 5626 quia
1504 5562 1561 5612 et
1591 5556 1714 5612 dies
1759 5558 1914 5627 festi,
1941 5566 1996 5616 et

2366 4488 2622 4545 tiaeutize
2649 4489 2868 4544 sibimet
2894 4488 3131 4544 invicem
3159 4489 3516 4559 copulantur.

2508 4582 2758 4650 August.
2790 4579 2864 4633 De
2894 4578 3029 4634 bona
3059 4577 3202 4648 conj.
3233 4593 3285 4632 c.
3318 4577 3373 4631 5.

2185 4669 2300 4739 (32,
2335 4685 2391 4740 q.
2414 4668 2467 4722 2.
2499 4665 3073 4735 Solet.)Solctautem
3110 4664 3292 4736 quairi
3313 4681 3448 4721 cum
3468 4664 3767 4720 masculus

2109 4763 2166 4814 et
2188 4759 2406 4814 femina
2438 4775 2541 4814 nec
2572 4757 2675 4813 illa
2720 4759 2987 4827 maritus,
3020 4773 3125 4811 nec
3165 4755 3264 4811 illa
3314 4771 3459 4811 uxor
3502 4755 3764 4822 alterius,

2111 4849 2351 4904 sibimet
2382 4866 2494 4904 non
2515 4849 2770 4904 filiorum
2792 4848 3288 4920 procreandorum
3318 4863 3517 4914 causa,
3544 4848 3645 4902 sed
3664 4863 3766 4918 pro

2109 4936 2548 4992 incontinentiis
2579 4935 2760 4992 solius
2791 4953 2971 4992 causa
2999 4934 3350 4992 concubitus
3377 4934 3764 5006 (capulantur,

2108 5040 2176 5080 ca
2200 5025 2314 5080 fide
2345 5024 2558 5093 media,
2587 5029 2776 5080 utnec
2809 5023 2906 5080 ille
2937 5041 3071 5079 cum
3100 5023 3305 5088 altera,
3343 5039 3448 5078 nec
3490 5023 3594 5077 illa
3632 5039 3764 5077 cum

2107 5112 2288 5169 altero
2318 5113 2375 5168 id
2410 5113 2602 5180 faciat,
2637 5114 3069 5185 utrumnuptias
3102 5113 3222 5168 sint
3246 5112 3544 5167 vocanda}.
3569 5113 3642 5166 Et
3663 5129 3766 5184 po-

2106 5207 2225 5258 test
2255 5203 2493 5273 quidem
2528 5203 2902 5258 fortassenon
2918 5203 3173 5257 absurde
3193 5201 3302 5256 hoc
3325 5199 3610 5272 appellari
3629 5217 3766 5255 con-

2107 5291 2374 5358 nubium,
2407 5291 2456 5347 si
2493 5308 2677 5362 usque
2707 5292 2778 5347 ad
2814 5296 3061 5346 mortem
3077 5289 3330 5360 alicujus
3358 5305 3562 5344 eorum
3592 5289 3652 5343 id
3673 5289 3763 5344 in-

2111 5385 2194 5436 ter
2223 5397 2322 5436 eos
2354 5380 2659 5453 placuerit,
2688 5386 2746 5436 et
2804 5379 2985 5452 prolis
3017 5379 3454 5452 generationem
3495 5377 3764 5449 quamvis

2107 5487 2221 5525 non
2245 5486 2310 5525 ea
2341 5486 2518 5525 causa
2544 5469 2844 5540 conjuncti
2873 5473 3034 5539 sunt,
3069 5486 3181 5523 non
3218 5473 3411 5522 tamen
3433 5468 3761 5522 vitaverint:

2108 5564 2172 5616 ut
2201 5557 2388 5615 nolint
2417 5558 2530 5615 sibi
2552 5557 2840 5616 nascisibi
2871 5557 3028 5615 filios
3056 5557 3144 5615 vel
3175 5557 3351 5613 etiam
3370 5573 3546 5628 Opere
3569 5557 3765 5629 aliquo
