3986 6048
206 275 341 327 1249

1505 274 1904 329 PANORMIA.
1940 300 2004 310 -—
2036 275 2170 326 LIB.
2212 275 2309 327 VI.

3478 272 3613 326 1250

205 400 361 456 malo
384 404 564 470 agant
598 416 670 453 ne
694 404 1034 454 nascantur.
1067 404 1353 456 Caeterum
1378 398 1855 468 sivelutrumque
1886 400 1940 466 Α
1971 398 2243 469 precibus
2269 401 2325 452 et
2344 397 2741 453 oblationibus
2762 414 2794 452 a
2816 398 3115 453 sacerdote
3139 398 3540 465 benedicatur,
3558 404 3617 454 et

201 489 293 545 vel
318 506 505 544 unum
532 488 689 543 desit
711 487 946 557 horum,
970 506 1082 543 non
1110 489 1337 544 invenio
1362 489 1861 561 quemadmodum

202 581 311 634 has
336 578 577 649 nuptias
600 576 895 648 appellare
921 578 1241 648 possimus.
1268 579 1495 634 Etenim
1520 577 1570 632 si
1603 577 1861 648 aliquam

205 668 320 723 sibi
354 668 424 722 ad
456 671 695 738 tempus
719 666 1057 721 adhibuerit
1081 667 1266 722 donec
1295 666 1471 721 aliam
1502 667 1740 738 dignam
1765 666 1862 719 ho-

204 756 469 826 noribus,
491 755 579 811 vel
603 755 729 810 suis
752 756 1137 811 facultatibus
1159 755 1421 811 inveniat
1441 772 1617 826 quam
1647 756 1703 809 in
1730 771 1862 809 con-

194 847 433 918 jugium
463 846 662 914 ducat,
698 844 824 916 ipso
849 845 1046 900 animo
1069 845 1299 900 adulter
1320 848 1431 912 est,
1455 861 1559 900 nec
1583 860 1716 899 cum
1734 843 1864 915 gilla

206 952 384 1006 quam
415 935 577 1006 cupit
608 933 891 999 invenire,
921 935 1021 989 sed
1048 950 1179 989 cum
1205 935 1317 989 ista
1349 950 1481 989 cum
1506 950 1622 1005 qua
1647 934 1733 988 sic
1756 950 1858 987 cu-

208 1026 329 1092 bat,
365 1029 428 1079 ut
484 1041 618 1078 cum
652 1040 719 1077 ea
746 1040 863 1077 non
915 1023 1130 1079 habeat
1163 1022 1430 1079 maritale
1474 1022 1859 1078 consortium.

204 1124 337 1179 CAP.
373 1122 631 1178 XXVIII.
663 1120 926 1176 Sterilem
962 1138 1188 1176 uxorem
1210 1121 1495 1176 dimittere
1522 1125 1750 1175 etcausa
1779 1123 1859 1190 fe-

417 1194 718 1249 cunditatis
740 1194 793 1247 at
801 1195 912 1247 iam
932 1192 1127 1248 ducere
1147 1193 1331 1249 alicui
1360 1208 1466 1248 non
1493 1192 1644 1247 licet.

600 1286 845 1351 August.
880 1283 954 1336 De
982 1281 1119 1337 bono
1151 1284 1302 1354 conj.
1338 1298 1386 1336 c.
1412 1283 1470 1337 7.

279 1381 389 1449 (32,
423 1396 480 1451 q.
510 1380 568 1446 7,
591 1396 641 1433 c.
690 1380 962 1449 Tantum.)
995 1383 1246 1435 Tantum
1276 1378 1432 1434 valet
1478 1376 1691 1434 sociale
1727 1377 1859 1432 vin-

202 1468 405 1525 culum
439 1472 505 1524 ut
525 1485 659 1524 cum
689 1484 869 1524 causa
892 1466 1570 1540 procreandicolligitur,
1604 1484 1709 1522 nec
1733 1466 1862 1537 ipsa

200 1558 552 1631 procreandi
581 1574 761 1613 causa
793 1556 1077 1616 solvatur.

209 1655 348 1713 CAP.
382 1656 590 1712 XXIX.
641 1658 850 1712 Veritas
878 1658 1210 1727 nuptiarum
1230 1672 1342 1713 non
1362 1658 1612 1713 consistit
1644 1656 1703 1711 in.
1734 1672 1860 1711 con-

606 1730 891 1799 junctione
925 1728 1099 1783 maris
1130 1734 1185 1783 et
1214 1728 1467 1799 feminae.

600 1820 844 1890 August.
871 1822 1075 1874 contra
1093 1817 1313 1875 Julian.
1350 1817 1392 1872 l.
1425 1836 1463 1873 ι.

280 1915 390 1987 (32,
423 1932 495 2003 q.
520 1920 567 1983 I,
603 1933 653 1971 c.
688 1917 805 1971 Non
834 1917 1031 1987 enim.)
1064 1915 1190 1970 Non
1224 1916 1283 1971 in
1318 1915 1458 2003 sola
1483 1918 1572 1987 (ut
1622 1916 1863 2003 deliras)

207 2002 616 2059 commistione
637 2004 819 2059 maris
833 2008 890 2059 et
911 2004 1137 2059 feminae
1157 2002 1501 2073 nuptiarum
1520 2002 1731 2059 veritas
1753 2008 1862 2084 est,

208 2094 478 2165 quamvis
510 2093 638 2149 sine
662 2092 765 2148 illa
796 2092 1205 2149 commistione
1239 2092 1458 2165 nuptiae
1482 2092 1636 2148 ﬁlios
1660 2109 1866 2165 propa-

207 2199 346 2256 gare
378 2200 495 2239 non
528 2182 780 2255 possint.
806 2183 916 2238 Sed
947 2182 1063 2238 alia
1085 2186 1225 2237 sunt
1255 2183 1326 2237 ad
1361 2182 1599 2255 nuptias
1630 2182 1866 2255 proprie

209 2269 588 2342 pertinentia,
607 2270 845 2341 quibus,
882 2271 953 2325 ab
977 2270 1281 2327 adulteriis
1305 2270 1520 2343 nuptiae
1543 2271 1863 2326 decernun-

211 2362 327 2413 tur.
363 2359 545 2414 Sicuti
579 2363 670 2414 est
702 2358 857 2414 thori
892 2359 1220 2431 conjugalis
1253 2360 1400 2415 ﬁdes
1431 2364 1489 2415 et
1517 2376 1657 2415 cura
1704 2359 1863 2414 ordi-

210 2455 345 2504 nate
363 2446 515 2504 ﬁlios
534 2448 902 2519 procreandi,
923 2452 1119 2520 etquae
1142 2448 1399 2504 maxima
1412 2448 1861 2519 difl‘erentiaest,

212 2537 404 2593 bonus
428 2553 571 2593 usus
594 2536 755 2608 mali,
780 2536 887 2592 hoc
920 2542 1010 2592 est
1042 2540 1230 2593 bonus
1263 2555 1409 2593 usus
1439 2537 1860 2610 concupiscen-

214 2626 308 2680 tia;
341 2626 555 2695 carnis,
589 2642 703 2697 quo
736 2627 885 2682 bono
919 2627 1170 2682 adulteri
1204 2631 1451 2682 utuntur
1475 2626 1645 2683 male.

216 2722 354 2779 CAP.
388 2722 554 2778 XXX.
606 2724 825 2795 Triplex
856 2725 1057 2805 bonum
1102 2724 1350 2805 coniugii
1375 2727 1484 2796 fuit
1515 2725 1573 2779 in
1609 2724 1860 2795 parenti-

862 2797 961 2850 bus
992 2797 1222 2852 Christi.

422 2886 663 2957 August.
703 2889 780 2941 De
808 2894 964 2957 nupt.
1006 2892 1056 2941 et
1087 2902 1310 2958 concup.
1337 2886 1377 2941 l.
1405 2903 1470 2957 ιι,
1512 2902 1560 2941 c.
1591 2886 1647 2939 2.

285 2984 398 3052 (27,
431 3000 488 3054 q.
523 2984 574 3051 4,
608 3000 657 3039 c.
694 2983 909 3039 Omnes.
943 2984 1091 3039 Dist.
1121 2984 1213 3051 31,
1246 2984 1307 3039 Si
1333 2983 1496 3054 sint.)
1520 2982 1703 3038 Omne
1752 2982 1861 3039 ita-

216 3089 330 3144 que
360 3073 701 3144 nuptiarum
723 3073 943 3129 bonum
968 3072 1274 3145 impletum
1299 3078 1390 3129 est
1410 3072 1469 3127 in
1491 3072 1635 3143 ipsis
1662 3088 1863 3142 paren-

1971 503 2004 540 a
2033 487 2457 559 paranymphis
2478 491 2541 543 ut
2571 488 2933 543 consuetudo
2966 489 3133 543 docet
3162 489 3476 555 custodita,
3508 493 3563 544 et
3586 508 3619 545 a

1969 576 2252 647 proximis
2278 593 2538 649 congruo
2587 581 2851 647 tempore
2882 577 3083 648 petita,
3110 576 3337 648 legibus
3386 578 3619 633 dotetur

1969 681 2036 719 ac
2066 665 2404 721 solemniter
2430 664 2757 736 accipiatur
2791 681 2805 720 :
2840 670 2897 720 et
2927 665 3106 720 biduo
3140 665 3228 720 vel
3256 666 3454 722 triduo
3485 684 3615 721 ora-

1968 753 2231 809 tionibus
2288 758 2513 821 vacent,
2548 762 2602 809 et
2661 754 2993 809 castitatem
3047 755 3403 811 custodiant.
3437 755 3621 809 Alitcr

1966 858 2100 898 vero
2133 847 2519 915 praesumpta,
2560 859 2675 899 non
2711 843 3006 914 conjugia,
3038 843 3137 897 sed
3191 844 3499 913 adulteria,
3531 845 3615 899 vcl

1969 931 2375 1000 contubernia,
2407 931 2495 987 vel
2550 936 2780 1003 stupra,
2813 936 2915 987 aut
2968 931 3383 987 fornicationes
3422 932 3619 1003 potius

1969 1037 2148 1092 quam
2167 1020 2434 1093 legitima
2456 1021 2755 1075 connubia
2776 1036 3031 1076 essenon
3054 1020 3378 1087 dubitatur,
3395 1021 3508 1075 nisi
3528 1038 3624 1075 vo-

1967 1109 2165 1165 luntas
2210 1109 2450 1181 propria
2488 1109 2919 1181 suﬂragaverit,
2959 1113 3015 1164 et
3044 1112 3178 1165 vota
3222 1110 3623 1165 succurrerint

1968 1197 2256 1271 legitima.

2038 1317 2169 1370 CAP.
2190 1313 2411 1370 XXXII.
2448 1314 2783 1385 Delinquunt
2813 1314 2909 1386 qui
2935 1316 3097 1385 pacta
3127 1313 3513 1385 conjugiorum
3544 1330 3627 1370 so-

2462 1388 2670 1441 lemnia
2691 1402 2802 1441 non
2835 1388 3128 1456 complent.

2222 1501 2498 1560 Nicolaus
2540 1504 2611 1558 ad
2645 1502 2896 1559 consult.
2925 1501 3157 1574 Bulgar.
3191 1519 3240 1558 c.
3283 1503 3374 1557 32.

2041 1592 2170 1647 Haec
2203 1596 2361 1661 sunt,
2386 1597 2597 1665 printer
2619 1591 2734 1647 alia
2756 1608 2883 1663 quea
2902 1592 2973 1647 ad
3000 1591 3345 1647 memoriam
3381 1609 3495 1647 non
3522 1608 3615 1646 oc-

1969 1684 2235 1750 currunt,
2270 1685 2442 1752 pacta
2501 1681 2905 1753 conjugiorum
2958 1681 3259 1736 solemnia.
3311 1681 3615 1736 Peccatum

1890 1775 1935 1839 Β
1969 1774 2166 1826 autem
2198 1787 2351 1841 esse,
2376 1772 2426 1826 si
2458 1770 2582 1826 haec
2612 1775 2824 1827 cuncta
2857 1769 3105 1842 nuptiali
3138 1772 3354 1827 foedere
3387 1788 3503 1827 non
3535 1772 3619 1826 in-

1972 1860 2325 1929 terveniunt,
2360 1861 2639 1919 dicimus.

1971 1981 2103 2032 CAP.
2136 1977 2384 2033 XXXIII.
2411 1978 2551 2046 Quot
2593 1981 2722 2033 sunt
2766 1977 3021 2049 legitima
3062 1976 3339 2048 coniugia,
3388 1985 3440 2033 et
3488 1975 3627 2048 quod

2078 2050 2364 2105 voluntate
2389 2049 2575 2121 patris
2606 2054 2798 2121 raptor
2828 2051 3045 2121 raptori
3089 2050 3294 2105 nubere
3320 2053 3517 2121 potest.

2632 2139 2968 2212 Hieronym.

2041 2255 2152 2325 (36,
2180 2258 2321 2326 q.2,
2356 2271 2406 2310 c.
2460 2255 2639 2327 Tria.)
2698 2256 2833 2310 Tria
2889 2254 3154 2327 legitima
3212 2253 3509 2310 connubia
3564 2253 3625 2308 in

1970 2343 2291 2414 Scripturis
2340 2343 2662 2415 legunturjz
2699 2343 2960 2398 Primum
2990 2343 3321 2416 legitimum
3355 2347 3445 2397 est
3468 2342 3625 2413 virgo

1972 2436 2133 2488 casta
2155 2432 2213 2485 in
2238 2431 2573 2503 virginitate
2591 2431 2714 2486 viro
2729 2430 2992 2501 legitimo
3009 2432 3144 2485 data
3164 2430 3445 2501 legitime,
3462 2434 3518 2485 et
3536 2446 3625 2484 re-

1972 2520 2135 2591 liqua
2164 2538 2292 2592 quae
2316 2525 2648 2591 sequuntur
2668 2520 2725 2574 in
2752 2520 3064 2591 praedictis.
3093 2519 3620 2589 Secundum,virgo

1969 2609 2030 2664 in
2062 2609 2293 2664 civitate
2333 2610 2697 2681 deprehensa
2727 2626 2760 2664 a
2788 2609 2933 2675 viro,
2957 2612 3015 2663 et
3054 2607 3137 2662 illi
3169 2625 3272 2680 per
3296 2608 3413 2662 vim
3442 2624 3620 2680 copu-

1968 2696 2110 2769 lata,
2142 2698 2190 2752 si
2240 2697 2488 2753 voluerit
2518 2702 2681 2769 pater
2728 2698 2881 2768 ejus,
2913 2697 3141 2752 dotabit
3168 2714 3296 2753 eam
3348 2696 3461 2752 iste
3511 2696 3618 2766 vir,

1970 2791 2259 2859 quantum
2282 2787 2639 2857 judicaverit
2660 2790 2845 2858 pater,
2873 2791 2931 2841 et
2956 2787 3120 2841 dabit
3168 2785 3419 2858 pretium
3452 2785 3622 2856 pudi-

1971 2875 2118 2930 citia)
2168 2877 2316 2946 ejus.
2349 2875 2605 2931 Tertium
2661 2874 2780 2929 lilia
2832 2874 3109 2945 praedicta
3158 2873 3544 2946 deprehensa,
3574 2873 3621 2928 si

1972 2981 2087 3021 non
2119 2965 2294 3020 fuerit
2324 2964 2598 3020 voluntas
2629 2964 2833 3035 patris,
2866 2964 3059 3019 trahet
3090 2980 3215 3020 eam
3251 2981 3283 3019 a
3318 2962 3439 3018 viro
3473 2979 3621 3035 prte-

1974 3055 2125 3110 dicto
2158 3058 2214 3110 et
2264 3055 2453 3110 tradet
2508 3071 2637 3109 eam
2672 3053 2767 3108 alii
2799 3058 2857 3108 et
2910 3053 3137 3109 dotabit
3194 3069 3346 3118 eam,
3378 3056 3434 3107 et
3480 3051 3624 3123 legi-

212 3142 375 3217 tibus
416 3142 658 3231 Christi,
694 3162 858 3228 fides,
886 3142 1099 3233 proles,
1147 3142 1602 3217 sacramentum.
1638 3160 1861 3217 Prolem
1897 3150 1938 3217 C
1979 3144 2125 3198 lima
2181 3144 2291 3199 erit
2347 3143 2420 3199 θί·
2480 3143 2587 3199 Sed
2648 3142 2907 3214 Primum
2965 3142 3058 3197 his
3106 3142 3338 3197 dUObus
3389 3142 3623 3213 Ρτεθῖθτ·

216 3252 627 3322 cognoscimus
656 3251 853 3323 ipsum
891 3251 1200 3307 Dominum
1222 3252 1439 3321 ;fﬁdem
1473 3251 1613 3323 quia
1636 3251 1866 3305 nullum

214 3338 567 3396 adulterium
591 3344 1080 3409 ;sacramentum,
1104 3340 1246 3411 quia
1268 3341 1497 3397 nullum
1519 3341 1859 3397 divortium.

211 3428 384 3484 Solus
403 3429 482 3484 ibi
498 3428 779 3505 nuptialis
793 3430 1142 3484 concubitus
1159 3446 1272 3484 non
1291 3429 1420 3496 fuit,
1448 3430 1585 3499 quia
1610 3429 1667 3482 in
1691 3444 1863 3482 carne

213 3518 433 3588 peccati
469 3516 591 3571 ﬁeri
620 3534 733 3570 non
771 3522 963 3586 potest
994 3517 1119 3571 sine
1143 3517 1419 3587 pudenda
1441 3517 1862 3587 concupiscen-

212 3606 295 3660 tia
316 3604 532 3672 carnis,
566 3619 691 3674 qua:
716 3604 926 3658 accidit
957 3621 1023 3659 ex
1054 3609 1314 3675 peccato,
1340 3604 1470 3659 sine
1488 3621 1604 3675 quo
1636 3605 1865 3677 concipi

220 3691 427 3760 voluit,
458 3690 598 3761 quia
632 3691 866 3746 futurus
899 3696 1025 3747 erat
1054 3691 1180 3746 sine
1210 3697 1465 3760 peccato.

219 3790 355 3846 ΟΑΡ.
388 3789 593 3844 XXXI.
630 3789 989 3846 Ctandestina
1034 3791 1297 3860 coniugia
1325 3792 1453 3861 ﬁeri
1498 3806 1606 3847 non
1653 3790 1865 3847 debent.

579 3878 875 3934 Evaristus
907 3878 1086 3951 episc.
1121 3879 1303 3936 Afric.
1335 3896 1426 3952 ep.
1460 3881 1511 3935 l.

292 3977 478 4034 Aliter
515 3977 846 4050 legitimum
876 3995 989 4033 non
1023 3979 1087 4033 fit
1124 3979 1464 4050 conjugium
1498 3979 1611 4034 nisi
1655 3980 1726 4035 ab
1777 3979 1870 4034 his

224 4069 321 4138 qui
346 4083 524 4140 super
545 4066 733 4139 ipsam
766 4066 1046 4122 feminam
1076 4067 1538 4122 dominationem
1560 4068 1775 4123 habere
1795 4070 1871 4122 vi-

1980 3237 2097 3288 tur.

1971 3349 2106 3403 CAP.
2141 3347 2392 3402 XXXIV.
2431 3348 2607 3403 Uxore
2630 3351 2867 3405 mortua.
2892 3347 3021 3400 licet
3053 3348 3170 3400 viro
3198 3346 3378 3399 aliam
3406 3345 3627 3413 ducere,

2219 3418 2312 3472 sed
2338 3436 2449 3473 non
2470 3418 2822 3488 repudiatam
2852 3417 2936 3470 vel
2965 3417 3371 3487 desponsatam.

2049 3533 2156 3603 (27,
2189 3550 2246 3603 q.
2269 3535 2328 3602 2,
2354 3549 2399 3587 c.
2437 3533 2720 3603 Additur.)
2756 3531 3008 3586 Additur
3037 3530 3237 3603 itaque
3266 3531 3424 3586 aliud
3457 3548 3631 3602 quar-

1976 3628 2102 3678 tum
2122 3623 2448 3695 legitimum
2474 3622 2836 3694 conjugium.
2866 3628 3009 3677 Dum
3037 3626 3271 3677 mortua
3297 3622 3631 3677 Iuerituxor

1978 3713 2130 3783 ejus,
2164 3711 2300 3767 licet
2329 3710 2413 3765 illi
2448 3711 2710 3784 accipere
2740 3711 2938 3777 aliam,
2964 3712 3063 3765 scd
3090 3728 3204 3765 non
3230 3710 3620 3782 repudiatam,

1979 3817 2085 3855 nec
2146 3801 2561 3872 desponsatam
2620 3800 2765 3864 viro,
2800 3802 2898 3856 sed
2961 3800 3227 3855 liberam.
3259 3800 3539 3855 Similiter
3576 3803 3633 3855 et

1980 3888 2195 3945 mulier
2225 3891 2414 3945 debet.
2443 3890 2601 3945 Unde
2632 3894 2689 3944 et
2719 3888 2933 3945 Paulus
2964 3889 3047 3944 ait
3078 3906 3090 3943 :
3125 3888 3327 3943 Mulier
3357 3904 3482 3961 quae
3527 3892 3627 3944 sub

1978 3980 2096 4034 viro
2144 3983 2241 4049 est,
2275 3981 2447 4050 ligata
2476 3980 2576 4033 sub
2630 3978 2746 4049 lege
2776 3980 2885 4033 viri
2932 3982 3029 4045 est,
3063 3978 3320 4047 quandiu
3367 3979 3502 4031 vivit
3548 3979 3639 4031 vir

1977 4070 2114 4140 ejus.
2138 4068 2319 4137 Igitur
2364 4070 2582 4124 vivente
2610 4070 2727 4123 viro
2775 4068 2913 4137 ejus,
2946 4065 3232 4120 vocabitur
3265 4066 3546 4132 adultera,
3577 4066 3627 4120 si

223 4157 457 4221 dentur,
491 4159 547 4211 et
572 4173 604 4209 a
635 4154 851 4227 quibus
900 4155 1251 4221 custoditur,
1288 4173 1432 4210 uxor
1465 4160 1720 4228 petatur,
1754 4164 1803 4210 el
1840 4173 1872 4210 a
1969 4159 2173 4229 juncta
2200 4158 2378 4227 luerit
2406 4159 2574 4212 alteri
2602 4160 2745 4211 viro.
2769 4154 3037 4209 Siautcm
3068 4162 3318 4208 mortuus
3336 4155 3505 4223 luerit
3541 4156 3633 4209 vir

224 4246 568 4317 parentibus
590 4248 647 4300 et
668 4243 1188 4316 propinquioribus
1212 4250 1546 4316 sponsetur,
1568 4250 1622 4300 et
1644 4245 1871 4317 legibus

225 4334 479 4399 dotetur,
504 4338 561 4388 et
590 4350 696 4388 suo
728 4338 991 4404 tempore
1021 4333 1483 4400 sacerdotaliter,
1512 4338 1575 4388 ut
1606 4351 1733 4389 mos
1760 4339 1869 4403 est,

1979 4248 2119 4318 ejus,
2150 4246 2381 4301 liberata
2406 4249 2481 4300 est
2512 4263 2544 4300 a
2570 4245 2688 4315 lege
2714 4245 2845 4313 viri,
2879 4245 2956 4297 ita
2982 4247 3043 4297 ut
3078 4258 3187 4297 non
3234 4244 3308 4297 sit
3338 4244 3620 4309 adultera,

1979 4338 2027 4390 si
2053 4336 2227 4405 fuerit
2258 4352 2382 4390 cum
2413 4334 2526 4391 alio
2559 4335 2695 4389 viro.
2727 4332 2909 4405 (Rom.
2933 4334 3055 4401 vn).

918 4643 1155 4700 INTER
1198 4642 1402 4711 QUAS
1452 4642 1853 4704 PEIISONAS
1900 4642 2339 4705 CONJUGIUM
2384 4643 2685 4705 POTEST
2731 4641 2921 4703 ESSE

271 4808 366 4845 AP.
399 4790 606 4845 XXXV.
641 4790 915 4867 chitimo
960 4791 1315 4867 matrimonio
1372 4793 1669 4867 reputatur
1691 4832 1705 4857 ,
1759 4808 1882 4863 qua?
1913 4803 1957 4867 D
1992 4798 2228 4865 Propter
2258 4794 2410 4865 quod
2446 4792 2617 4848 etiam
2666 4790 2980 4862 Apostolus
3012 4791 3082 4846 ad
3138 4791 3635 4847 manifestandam

585 4861 948 4918 concubinam
990 4861 1215 4916 habenti
1260 4862 1524 4919 traditur.

298 4950 380 5004 Ex
436 4950 659 5006 Decret.
698 4951 939 5018 Leonis;
975 4950 1149 5022 epist.
1184 4952 1218 5004 9
1256 4951 1325 5006 ad
1379 4952 1601 5007 Rustic.
1629 4951 1809 5023 episc.

301 5057 489 5128 (32,q.
521 5059 577 5121 2,
610 5074 657 5113 c.
692 5058 809 5112 Non
839 5058 1063 5125 omnis,)
1099 5058 1244 5127 Non;
1268 5059 1462 5114 omnis
1512 5059 1635 5114 viro
1675 5059 1885 5129 juncta

230 5144 464 5212 mulier,
489 5162 636 5200 uxor
664 5149 753 5200 est
790 5145 921 5217 viri,
957 5146 1098 5219 quia
1130 5164 1234 5203 nec
1268 5149 1461 5203 omnis
1490 5148 1646 5202 filius
1699 5147 1883 5202 haeres

230 5238 320 5290 est
350 5234 552 5305 patris.
582 5233 937 5304 Nuptiarum
962 5240 1156 5291 autem
1185 5237 1399 5291 hedera
1421 5237 1576 5291 inter
1598 5237 1883 5307 ingenuos

232 5327 375 5379 sunt
403 5322 685 5393 legitima,
707 5326 764 5378 et
795 5322 945 5379 inter
965 5325 1242 5396 aquales,
1277 5329 1334 5379 et
1363 5326 1549 5380 multo
1583 5325 1745 5396 prius
1778 5325 1884 5379 hoc

230 5413 429 5485 ipsum
461 5411 711 5467 Domino
738 5395 1137 5491 constit’uente
1161 5430 1339 5485 quam
1372 5395 1605 5468 initium
1640 5414 1885 5468 Romani

221 5502 377 5574 juris
409 5500 706 5557 existeret.
726 5491 932 5573 Itaque
962 5501 1120 5557 aliud
1153 5506 1241 5557 est
1265 5518 1427 5567 uxor,
1461 5502 1620 5557 aliud
1667 5518 1883 5557 concu-

232 5593 390 5659 bina,
427 5590 577 5647 sicut
609 5590 766 5646 aliud
806 5596 893 5647 est
925 5591 1158 5662 ancilla,
1191 5590 1347 5647 aliud
1381 5590 1565 5647 libera
1611 5590 1759 5663 (Gal.
1782 5593 1882 5665 ιν).

1992 4882 2203 4937 harum
2218 4897 2601 4954 personarum
2615 4880 3022 4935 discretionem
3034 4880 3456 4945 ,testimonium
3476 4878 3643 4949 ponit

1993 4972 2064 5026 de
2096 4970 2327 5038 Genesi,
2362 4971 2462 5025 ubi
2514 4970 2729 5025 dicitur
2766 4969 3049 5024 Abrahae:
3085 4969 3233 5038 Ejice
3289 4967 3553 5021 ancillam
3584 4972 3637 5021 et

1992 5060 2171 5129 ﬁlium
2200 5061 2356 5132 ejus;
2390 5076 2501 5115 non
2531 5059 2683 5114 enim
2713 5059 2891 5116 haeres
2923 5060 3029 5114 erit
3062 5057 3215 5128 ﬁlius
3254 5057 3474 5111 ancillae
3519 5073 3643 5111 cum

1992 5151 2109 5220 ﬁlio
2160 5166 2277 5205 meo
2332 5148 2851 5219 lsaac(Gen.xx1).
2914 5148 3099 5218 Igitur
3155 5145 3472 5215 cujuslibet
3531 5144 3644 5199 loci

1992 5240 2204 5307 laicus,
2229 5238 2277 5294 si
2311 5237 2491 5294 ﬁliam
2525 5255 2691 5294 suam
2724 5238 2847 5292 viro
2878 5235 3119 5290 habenti
3150 5234 3541 5290 concubinam
3582 5234 3641 5288 in

1995 5328 2432 5383 matrimonium
2454 5327 2695 5398 dederit,
2718 5342 2833 5380 non
2848 5326 2927 5379 ita
2950 5324 3354 5395 accipiendum
3370 5326 3457 5377 est
3472 5322 3643 5395 quasi

1995 5435 2127 5473 cum
2163 5419 2475 5490 conjugato
2504 5417 2749 5481 dederit,
2775 5415 2891 5470 nisi
2922 5414 3067 5469 forte
3093 5413 3195 5469 illa
3225 5412 3438 5468 mulier
3472 5416 3527 5467 et
3557 5412 3645 5466 in-

1994 5523 2187 5579 genua
2218 5508 2369 5563 facta
2398 5512 2455 5563 et
2504 5508 2703 5561 dotata
2748 5504 3007 5575 legitime
3046 5508 3104 5559 et
3134 5502 3391 5575 publicis
3417 5500 3645 5573 nuptiis

1995 5594 2307 5653 honestata
2326 5596 2595 5651 videatur
2622 5611 2633 5649 :
2662 5592 2802 5665 quia
2824 5596 3065 5665 paterno
3088 5592 3327 5648 arbitrio
3348 5592 3488 5648 viris
3510 5609 3645 5648 con-
