3936 6056
382 276 510 329 1251

1460 271 1528 320 D.
1570 268 1809 323 IVONIS
1844 267 2341 323 CARNOTENSIS
2376 266 2697 322 EPISCOPI

3678 265 3831 317 1:52

367 400 579 467 juncta
608 400 810 453 carent
835 394 1027 466 culpa.
1056 394 1114 449 Si
1145 391 1420 449 mulieres
1452 408 1581 464 quae
1612 409 1648 451 a
1672 391 1812 447 viris
1842 391 2020 448 habe-
2052 394 2105 459 Α
2137 391 2268 467 Cat).
2318 390 2580 467 XXXIX.
2617 391 3038 467 Matrimonium
3057 396 3240 446 manet
3274 396 3659 467 nitentem;
3680 407 3829 459 quos

379 489 613 555 bantur,
648 486 708 541 in
739 483 1118 545 matrimonio
1144 498 1258 538 non
1279 481 1539 549 fuerunt,
1565 480 1706 553 quia
1746 478 1905 537 aliud
1936 482 2032 536 est

378 580 583 648 nupta,
605 575 766 632 aliud
798 572 1147 633 concubina.

376 686 512 740 CAP.
545 683 784 741 XXXVI.
818 684 879 737 ιη
906 678 1297 807 βοητνιινιιςηείιέί
1325 679 1577 751 eonjugio
1608 679 1715 735 ista
1761 683 1895 734 sunt
1934 678 2030 733 ob-

1057 767 1260 807 servan
1300 768 1355 807 a.

1057 767 1355 809 servanda.

1052 839 1163 895 Leo
1183 854 1354 909 papa.

452 943 561 1012 (30,
581 958 634 1012 q.
666 941 722 1010 5,
745 956 797 994 c.
833 938 1067 1007 Qualis.)
1094 935 1297 1002 Qualis
1319 952 1465 991 uxor
1485 949 1615 992 esse
1638 936 1866 1005 debeat,
1900 950 2027 1006 qua

379 1032 748 1087 babendaest
758 1028 1086 1084 secundum
1104 1024 1502 1098 legem?Virgo
1517 1029 1680 1080 casta
1698 1029 1755 1080 et
1773 1025 2027 1094 despono

373 1127 499 1176 sata
526 1120 587 1175 in
608 1118 943 1189 virginitate
965 1120 1021 1171 et
1042 1118 1240 1171 dotata
1256 1114 1543 1186 legitime,
1561 1119 1665 1169 eta
1681 1113 2028 1185 parentibus

371 1210 610 1277 tradita,
634 1213 691 1264 et
720 1226 753 1264 a
774 1224 992 1279 sponso
1015 1210 1071 1260 et
1101 1222 1134 1260 a
1158 1203 1579 1277 paranymphis
1601 1202 2029 1274 accipienda,et

375 1301 456 1356 ila
487 1298 814 1356 secundum
833 1297 1019 1369 legem
1043 1298 1100 1350 et
1119 1293 1499 1367 Evangelium
1524 1292 1780 1367 publicis
1802 1291 2026 1364 nuptiis

373 1389 616 1445 honeste
648 1387 707 1441 in
739 1383 1083 1456 conjugium
1104 1386 1164 1439 et
1192 1381 1413 1452 liquide
1432 1381 1729 1437 sumenda
1760 1384 1818 1435 et
1838 1379 2028 1433 omni-

372 1478 484 1532 bus
542 1475 751 1531 diebus
798 1474 926 1529 vitae
976 1489 1096 1528 sua
1148 1471 1260 1527 nisi
1320 1487 1389 1526 ex
1444 1485 1733 1525 consensu
1756 1473 1818 1524 et
1848 1485 2028 1523 causa

369 1566 618 1622 vacandi
633 1569 1081 1635 Deo,nunquam
1101 1564 1340 1633 propter
1356 1558 1653 1615 hominem
1673 1558 2023 1632 separanda,

368 1659 444 1723 et,
478 1655 527 1712 si
561 1654 848 1711 fornicata
878 1650 1076 1718 fuerit,
1114 1648 1487 1706 dimittenda.
1521 1648 1630 1703 Sed
1651 1646 1751 1702 illa
1771 1646 2023 1715 vivente,

2208 464 2466 518 dominus
2493 479 2691 519 eorum
2717 462 3008 532 conjunxit
3038 480 3147 519 uno
3164 479 3353 520 eorum
3376 464 3556 519 libero
3588 474 3827 533 postea,

2208 537 2256 589 et
2287 535 2461 590 altero
2490 551 2648 589 servo
2679 538 2953 589 manente.

2597 642 2769 698 Conc.
2806 640 3098 711 Maliens.,
3139 659 3189 699 c.
3227 643 3315 697 10.

2204 761 2261 814 Si
2293 776 2526 815 servum
2559 762 2617 813 et
2637 757 2909 814 ancillam
2932 757 3210 813 dominus
3238 758 3555 814 amborum
3596 758 3663 811 in
3690 773 3825 812 ma-

2138 849 2478 905 trimonium
2503 845 2891 919 conjunxerit,
2925 851 2981 900 et
3011 851 3216 917 postea
3249 846 3496 901 liberato
3519 862 3707 901 servo
3733 844 3823 901 vel

2136 938 2369 1008 ancilla,
2409 955 2524 994 non
2554 941 2746 1008 potest
2776 934 3133 1008 redimi,qoi
3166 934 3223 989 in
3258 935 3505 992 servitio
3527 942 3654 1006 est,
3678 935 3818 991 ideo

2136 1027 2516 1083 matrimonia
2546 1042 2660 1081 non
2692 1024 3022 1081 solvuntur.

2202 1148 2343 1199 CAP.
2366 1144 2487 1198 XL.
2508 1143 2786 1211 Legitima
2803 1158 2878 1196 se)
2896 1157 3085 1196 eorum
3103 1142 3392 1211 conjugia,
3416 1158 3525 1197 sua
3545 1142 3821 1196 auctori-

2542 1222 2654 1269 tate
2678 1213 2892 1267 domini
2920 1229 3027 1269 non
3060 1213 3357 1269 dirimant.

2664 1305 2839 1358 Conc.
2860 1300 3068 1367 Cabil.,
3087 1317 3139 1356 c.
3162 1302 3252 1355 30.

2204 1410 2313 1481 ('30,
2348 1426 2404 1481 q.
2435 1412 2490 1474 2,
2516 1425 2561 1465 c.
2588 1407 2807 1463 Dictum
2841 1411 2964 1476 est.)
2998 1408 3234 1463 Dictum
3266 1412 3354 1462 est
3404 1408 3584 1464 nobis
3649 1410 3808 1478 quod

2132 1501 2371 1571 quidam
2406 1498 2663 1570 legitima
2695 1498 3069 1553 matrimonia
3102 1514 3403 1552 servorum
3439 1499 3810 1570 potestativa

2134 1589 2382 1659 qundam
2443 1587 2897 1659 praesumptione
2955 1586 3256 1655 dirimunt,
3282 1602 3397 1641 non
3421 1587 3809 1641 attendentes

2134 1677 2274 1732 illud
2310 1676 2682 1749 Evangelium
2724 1692 2739 1729 :
2774 1679 2921 1745 Quos
2952 1674 3092 1730 Deus
3120 1675 3436 1748 conjunxit,
3472 1674 3643 1730 homo
3696 1690 3807 1729 non

363 1745 546 1839 an“?
574 1762 691 1839 9οη
722 1742 1014 1839 @0911“,
1036 1740 1191 1839 fini“
1212 1739 1733 1839 adulterii???”
1763 1739 2020 1839 Baiano,"
2050 1772 2097 1838 Β
2127 1770 2345 1839 separet
2374 1739 2585 1835 (.llnttli.
2619 1765 2737 1838 xxx)
2764 1739 2968 1833 {unde
2998 1763 3170 1822 nobis
3203 1739 3395 1819 visum
3419 1739 3513 1819 est
3546 1768 3615 1819 ut
3666 1780 3803 1819 cono

356 1835 710 1907 possidebunt
741 1835 793 1904 (Ι
817 1834 939 1887 Cor.
972 1831 1073 1901 vn),
1098 1833 1153 1885 et
1176 1828 1523 1901 poenitentia
1546 1827 1708 1882 illius
1742 1842 1845 1900 per
1866 1827 2017 1883 Scri-

364 1929 568 1997 pturas
586 1922 944 1995 recipienda.

366 2032 500 2087 CAP.
532 2029 808 2086 XXXVII.
867 2030 1026 2085 Inter
1060 2033 1360 2099 patronum
1412 2025 1767 2099 etglibertam
1808 2029 2016 2080 constat

723 2116 837 2156 esse
866 2096 1303 2154 matrimonium
1334 2096 1666 2165 legitimum.

763 2190 845 2244 Ex
873 2189 1099 2244 Decret.
1130 2185 1271 2241 Julii
1306 2202 1442 2257 pap.
1468 2201 1518 2239 c.
1553 2186 1603 2240 4.

436 2290 547 2361 (29,
582 2305 637 2360 q.
668 2290 724 2353 2,
756 2303 806 2342 c.
841 2286 901 2340 Si
930 2283 1100 2357 quis.)
1130 2283 1186 2337 Si
1220 2283 1355 2355 quis
1415 2282 1697 2337 ancillam
1740 2298 1908 2337 suam
1943 2281 2014 2337 li-

363 2380 589 2434 bertate
622 2373 941 2441 donaverit,
966 2376 1025 2428 et
1048 2373 1103 2427 in
1140 2371 1515 2427 matrimonio
1548 2369 1660 2426 sibi
1685 2370 2013 2437 sociaverit,

368 2467 669 2522 dubitatur
685 2464 838 2537 apud
861 2462 1151 2535 quosdam
1171 2465 1368 2516 utrum
1395 2459 1654 2532 legitime
1668 2458 2013 2528 hujusmodi

369 2556 589 2629 nuptiae
611 2552 1085 2618 essevideantur,
1109 2568 1182 2607 an
1207 2566 1343 2606 non.
1370 2549 1701 2620 Nositaque
1722 2550 2013 2603 vetustam

371 2645 823 2718 ambiguitatem
875 2640 1231 2707 decidentes,
1264 2639 1407 2694 talia
1431 2637 1725 2695 connubia
1752 2636 2017 2710 legitima

370 2752 497 2793 esse
554 2731 916 2789 censuimus.
952 2729 1012 2787 Si
1044 2730 1201 2786 enim
1250 2745 1319 2784 ex
1351 2728 1559 2783 affectu
1618 2727 1768 2782 fiunt
1812 2741 2016 2781 omnes

370 2825 583 2897 nuptiae
607 2828 665 2878 et
689 2821 836 2877 nihil
860 2820 1107 2893 impium
1134 2824 1190 2873 et
1207 2817 1433 2890 legibus
1453 2816 1814 2873 contrarium
1836 2816 1897 2870 in
1914 2814 2017 2870 tali

372 2913 742 2987 copulatione
795 2911 921 2965 ﬁeri
963 2913 1176 2981 potest,
1215 2924 1393 2980 quare
1424 2906 1733 2979 praedictas
1780 2905 2017 2980 nuptias

369 3000 719 3055 inhibendae
750 2996 1307 3054 existimaverimus.

365 3110 499 3163 CAP.
560 3104 875 3161 XXXVIII.
926 3105 1071 3161 Licet
1115 3119 1269 3228 gemo
1331 3099 1749 3157 malrimdnium
1795 3102 2014 3154 contra-

1153 3189 1262 3228 ere.

1153 3189 1262 3229 ere.

437 3268 547 3337 (19,
581 3283 634 3336 q.
657 3266 712 3331 2,
746 3281 795 3320 ο.
832 3263 1141 3333 Omnibus.)
1173 3261 1461 3317 Omnibus
1520 3260 1687 3316 nobis
1737 3277 1893 3315 unus
1925 3262 2015 3315 est

2118 1858 2287 1929 jugia
2323 1870 2627 1911 servorum
2662 1870 2777 1909 non
2839 1853 3217 1922 dirimentur,
3251 1851 3485 1909 etiamsi
3526 1852 3800 1909 diversos

2125 1944 2394 2000 dominos
2413 1942 2686 2008 habeant,
2714 1942 2811 1997 sed
2839 1940 2896 1996 in
2925 1955 3040 1997 uno
3063 1942 3339 2014 conjugio
3367 1944 3798 2014 permanentes

2128 2035 2383 2092 dominis
2414 2034 2672 2090 serviant
2702 2032 2849 2089 suis.
2883 2032 2951 2088 Et
2982 2032 3087 2089 hoc
3110 2033 3167 2088 in
3201 2032 3318 2090 illis
3350 2033 3795 2089 observandum

2128 2130 2237 2191 est,
2274 2123 2372 2179 ubi
2402 2121 2604 2195 legalis
2637 2120 2971 2193 conjunctio
3002 2120 3111 2177 fuit
3137 2126 3192 2178 et
3222 2139 3325 2194 pro
3349 2122 3663 2178 voluntate
3684 2121 3795 2176 do-

2129 2230 2444 2269 minorum.

2126 2332 2258 2387 CAP.
2292 2329 2441 2386 XLI.
2473 2330 2549 2386 De
2582 2344 2641 2386 eo
2662 2327 2762 2400 qui
2789 2327 3062 2384 ancillam
3083 2327 3244 2384 duxit
3278 2328 3336 2385 in
3364 2344 3601 2385 uxorem
3626 2344 3791 2401 quam

2657 2407 2815 2472 putat
2832 2416 2949 2455 esse
2980 2400 3246 2456 liberam.

2516 2492 2690 2547 Conc.
2726 2491 2882 2562 apud
2914 2490 3201 2562 Vermer.,
3235 2506 3284 2545 c.
3318 2490 3374 2545 6.

2199 2602 2312 2671 (29,
2344 2618 2401 2671 q.
2431 2601 2489 2670 2,
2519 2616 2571 2655 c.
2600 2598 2666 2656 Si
2695 2597 2820 2672 quis
2851 2599 3171 2670 ingenuus.)
3203 2598 3261 2654 Si
3305 2598 3439 2670 quis
3484 2598 3783 2670 ingenuus

2130 2690 2303 2746 homo
2328 2690 2571 2745 alterius
2599 2688 2873 2744 ancillam
2899 2705 3137 2744 uxorem
3161 2689 3413 2757 duxerit,
3439 2693 3499 2743 et
3528 2688 3783 2744 aestimat

2129 2782 2281 2853 quod
2317 2781 2573 2852 ingenua
2611 2781 2712 2847 sit,
2746 2780 2795 2837 si
2834 2780 2966 2850 ipsa
2996 2780 3213 2836 femina
3260 2779 3437 2835 fuerit
3476 2783 3685 2851 postea
3716 2779 3772 2832 in

2128 2871 2405 2928 servitute
2425 2870 2675 2936 detecta,
2701 2868 2749 2925 si
2763 2884 2890 2925 eam
2907 2885 2941 2924 a
2961 2868 3240 2924 servitute
3254 2867 3546 2924 redimere
3558 2870 3775 2938 potest,

2128 2959 2322 3015 faciat.
2356 2958 2551 3014 Sinon
2587 2961 2798 3030 potest,
2823 2956 2869 3013 ei
2912 2954 3180 3025 voluerit,
3215 2955 3460 3013 alteram
3502 2954 3776 3026 accipiat.

2129 3050 2185 3103 Si
2209 3050 2404 3104 autem
2432 3063 2657 3103 servam
2680 3063 2808 3103 eam
2832 3045 3155 3103 sciveratot
3171 3044 3627 3111 collaudaxerat,
3653 3048 3783 3115 post

2048 3156 2089 3222 ρ
2130 3140 2196 3192 ut
2215 3134 2540 3208 legitimam
2562 3134 2795 3191 habeat.
2820 3132 3104 3190 Similiter
3124 3137 3182 3189 et
3200 3132 3693 3206 mulieringenua
3713 3132 3783 3187 de

2128 3242 2291 3282 servo
2325 3224 2568 3282 alterius
2599 3225 2785 3281 facere
2815 3224 3007 3280 debet.

367 3361 534 3426 pater
561 3355 619 3410 in
643 3354 807 3411 oculis
828 3358 885 3409 et
910 3352 1325 3423 unusquisque
1343 3349 1503 3405 dives
1528 3353 1584 3405 et
1607 3365 1848 3421 pauper,
1869 3348 2016 3404 liber
2123 3349 2258 3402 CAP.
2290 3344 2462 3400 XLII.
2494 3348 2620 3402 Non
2649 3344 2779 3397 licet
2802 3341 3355 3426 mulieﬁdimittere
3397 3357 3560 3414 quem
3609 3341 3786 3397 scim

365 3451 423 3501 ct
454 3463 658 3503 servus
700 3443 1002 3516 aequaliter
1032 3458 1130 3512 pro
1163 3457 1225 3496 se
1247 3445 1303 3496 et
1334 3457 1436 3512 pro
1469 3440 1783 3495 animabus
1813 3456 2014 3495 eorum

366 3534 652 3591 rationem
709 3532 904 3590 daturi
951 3535 1108 3586 sunt.
1142 3530 1509 3600 Quapropter
1559 3545 1766 3584 omnes
1812 3529 2015 3597 cujus-

364 3639 597 3695 cunque
619 3620 969 3679 conditionis
993 3619 1132 3687 sint,
1165 3635 1344 3674 unam
1376 3617 1862 3689 legem(quantum
1890 3633 2014 3688 per-

364 3716 503 3768 tinet
532 3712 603 3767 ad
632 3711 827 3781 Deum)
858 3710 1076 3766 habere
1108 3726 1223 3765 non
1272 3707 1637 3764 dubitamus.
1676 3708 1823 3777 Ergo
1864 3706 2018 3762 sicut

366 3801 659 3872 ingenuus
690 3799 907 3857 dimitti
941 3815 1057 3855 non
1096 3802 1307 3870 potest,
1339 3796 1423 3853 sic
1457 3814 1561 3853 nec
1593 3812 1794 3853 servus
1834 3794 2016 3852 semel

368 3890 494 3959 conj
508 3888 641 3960 ugio
658 3888 966 3960 copulatus
985 3886 1233 3943 ulterius
1256 3885 1474 3943 dimitti
1500 3884 1732 3957 poterit.

2559 3431 2782 3471 servum
2802 3416 3015 3484 accepit
3036 3415 3098 3471 in
3116 3416 3325 3470 virum.

2588 3505 2667 3560 Ex
2687 3502 2895 3561 consil.
2920 3503 3153 3571 eodem,
3174 3519 3228 3559 ο.
3258 3503 3314 3558 8.

2198 3614 2310 3684 (29,
2344 3629 2401 3685 q.
2431 3615 2490 3680 2,
2520 3629 2565 3667 c.
2603 3610 2665 3666 Si
2688 3612 2947 3683 femina.)
2976 3612 3031 3665 Si
3062 3610 3286 3666 femina
3316 3609 3574 3680 ingenua
3609 3625 3774 3666 acce-

2128 3703 2279 3774 perit
2336 3717 2595 3769 servum,
2628 3701 2821 3756 sciens
2879 3700 3037 3771 quod
3094 3715 3300 3755 servus
3356 3704 3536 3767 esset,
3569 3700 3781 3759 habeat

2129 3809 2288 3861 cum,
2319 3791 2460 3863 quia
2488 3808 2692 3848 omnes
2722 3808 2904 3846 unum
2932 3794 3158 3862 patrem
3181 3789 3473 3845 habemus
3505 3790 3564 3845 in
3594 3793 3779 3862 caelis,

2134 3898 2247 3937 una
2274 3880 2368 3938 lex
2396 3882 2511 3938 erit
2538 3887 2594 3937 et
2623 3881 2749 3938 viro
2778 3884 2836 3938 et
2866 3880 3117 3939 femine.

1760 4178 1861 4239 DE
1905 4177 2373 4239 CONCUBINIS

438 4338 567 4393 CAP.
599 4333 963 4403 XLIll.Quod
1012 4348 1117 4390 non
1151 4331 1277 4388 licet
1323 4330 1523 4387 habere
1559 4328 1942 4387 concubinam.

925 4424 1173 4494 August.
1207 4422 1365 4475 hom.
1399 4420 1467 4474 49

440 4532 608 4601 (Dist.
650 4532 739 4597 34,
773 4547 820 4585 c.
850 4529 1094 4598 Audite.)
1144 4527 1375 4594 Audite,
1408 4526 1616 4581 fratres
1662 4524 2017 4596 charissimi,

372 4622 637 4675 membra
665 4620 884 4675 Christi
917 4624 973 4673 et
1004 4617 1208 4672 matris
1236 4615 1502 4671 Ecclesiae
1534 4615 1655 4670 ﬁlii.
1691 4615 1850 4679 Quod
1885 4615 2016 4669 dico

369 4709 861 4781 cimpelentibus,
886 4708 1131 4762 audiant
1150 4707 1375 4761 ﬁdeles.
1402 4706 1563 4771 Quod
1592 4704 1719 4760 dico
1742 4703 2015 4759 ﬁdelibus

369 4797 613 4854 audiant
628 4802 1056 4868 competentes;
1082 4795 1237 4867 quod
1259 4795 1389 4850 dico
1410 4793 1686 4849 ﬁdelibus
1706 4797 1763 4848 et
1778 4807 2012 4864 compe-

369 4889 630 4944 tentibus
661 4893 718 4943 et
750 4886 1177 4958 paenitentibus
1208 4884 1453 4942 audiant
1482 4888 1540 4941 et
1588 4882 2014 4951 catechumeni,

368 4981 613 5035 audiant
641 4982 698 5035 et
727 4995 934 5035 omnes
964 4983 1022 5034 et
1051 4977 1318 5047 timeant,
1352 4979 1411 5032 et
1440 4990 1612 5030 nemo
1653 4978 2014 5031 contemnat.

367 5071 451 5123 sit
484 5069 628 5125 mihi
664 5068 726 5123 in
763 5067 1163 5125 consolatione
1189 5069 1382 5122 vester
1404 5064 1664 5131 auditus,
1696 5080 1804 5121 nec
1850 5063 2018 5120 vobis

370 5157 425 5212 in
452 5158 863 5214 testimonium
898 5157 1066 5213 dolor
1103 5171 1294 5211 meus.
1316 5152 1803 5225 Competentibus
1836 5153 1964 5209 dico
1998 5169 2013 5208 :

371 5247 666 5303 l’ornicari
697 5248 863 5303 vobis
907 5264 1025 5302 non
1047 5246 1204 5311 licet,
1227 5241 1531 5300 sufficiant
1574 5242 1740 5298 vobis
1780 5260 2014 5309 uxores,

365 5335 727 5389 concubinas
747 5332 912 5389 vobis
942 5349 1060 5388 non
1093 5330 1232 5387 licet
1256 5328 1493 5385 habere.
1519 5329 1729 5386 Audiat
1777 5331 1933 5386 Deus
1962 5332 2013 5387 si

364 5439 465 5478 vos
497 5422 662 5477 surdi
693 5422 855 5477 estis.
884 5420 1139 5476 Audiant
1159 5417 1354 5492 angeli
1384 5417 1533 5487 ejus,
1557 5417 1607 5473 si
1627 5434 1730 5474 vos
1758 5423 2016 5475 contem-

364 5510 526 5564 nitis.
558 5510 934 5566 Concubinas
962 5510 1129 5566 vobis
1162 5527 1278 5566 non
1311 5507 1448 5563 licet
1478 5506 1710 5578 habere,
1729 5514 1787 5564 et
1817 5509 1866 5564 si
1896 5525 2014 5565 non

359 5596 597 5654 habetis
627 5613 836 5655 uxores
864 5601 1064 5655 tamen
1095 5614 1210 5655 non
1261 5596 1399 5653 licet
1443 5597 1608 5654 vobis
1656 5597 2017 5655 concubinas

2048 4342 2094 4405 Ι)
2127 4327 2362 4396 habere,
2398 4343 2547 4399 quas
2594 4330 2794 4399 postea
2836 4327 3150 4385 dimittatis
3178 4331 3239 4385 et
3285 4328 3521 4385 ducetis
3549 4344 3777 4385 uxores.

2129 4423 2312 4475 Tanto
2346 4420 2535 4490 major
2561 4419 2863 4475 damnatio
2889 4419 3054 4475 vobis
3085 4419 3218 4487 erit,
3253 4420 3304 4475 ei
3336 4418 3641 4475 volueritis
3672 4421 3776 4475 ha-

2133 4506 2287 4571 bere,
2319 4511 2376 4562 et
2405 4505 2767 4562 concubinas
2798 4511 2853 4561 et
2884 4523 3117 4562 uxores.
3151 4507 3321 4575 Item,
3359 4508 3731 4579 Augustinus
3761 4523 3774 4560 :

2130 4594 2308 4659 Quale
2338 4606 2429 4650 est
2448 4596 2625 4651 etiam
2662 4595 2807 4651 illud
2833 4596 2988 4667 quod
3022 4594 3193 4651 multi
3216 4596 3476 4651 virorum
3508 4600 3643 4651 ante
3673 4612 3775 4651 nu-

2129 4685 2276 4756 ptias
2290 4684 2403 4740 sibi
2418 4686 2775 4741 concubinas
2794 4683 3087 4740 adhazrere
3100 4702 3218 4740 non
3239 4701 3340 4741 eru
3350 4684 3624 4756 bescunt,
3637 4701 3775 4757 quas

2131 4779 2262 4846 post
2281 4774 2505 4847 aliquot
2518 4792 2704 4832 annos
2720 4773 3053 4842 dimittunt,
3073 4779 3131 4829 et
3152 4774 3453 4846 legitimas
3476 4774 3559 4832 sic
3578 4779 3775 4847 postea

2132 4880 2337 4918 uxores
2361 4864 2693 4935 accipiunt;
2722 4864 2876 4920 unde
2896 4879 3092 4919 coram
3116 4862 3235 4919 Deo
3250 4866 3308 4919 et
3328 4878 3527 4919 coram
3552 4862 3774 4936 angelis

2129 4956 2259 5025 ejus
2288 4959 2584 5012 contestor
2610 4960 2786 5028 atque
2808 4955 3091 5012 denuntio
3125 4959 3307 5010 Deum
3338 4959 3396 5011 et
3416 4955 3531 5011 ista
3546 4971 3773 5028 semper

2130 5044 2519 5116 prohibuisse,
2552 5050 2608 5103 et
2637 5061 2943 5117 nunquam
2975 5044 3028 5100 ei
3059 5043 3373 5117 placuisse,
3403 5048 3461 5100 et
3492 5045 3772 5117 precipue

2124 5134 2476 5192 Christianis
2490 5136 2856 5209 temporibus
2869 5133 3229 5192 concubinas
3250 5133 3465 5191 habere
3480 5149 3773 5205 nunquam

2128 5222 2311 5291 licuit,
2343 5228 2400 5281 et
2432 5241 2735 5297 nunquam
2756 5223 3001 5281 licebit..

2599 5334 2733 5388 CAP.
2766 5331 2956 5389 XLIV.
2988 5336 3069 5388 De
3095 5330 3305 5387 eodem.

2590 5424 2863 5495 August.,
2888 5424 2962 5478 De
2999 5422 3125 5488 bon,
3166 5421 3308 5491 conj.

2193 5512 2279 5578 (C.
2340 5511 2484 5567 Solet
2539 5512 2751 5583 quaeri;
2785 5516 2843 5567 et
2870 5512 2959 5577 32,
2992 5527 3042 5565 c.
3075 5511 3134 5565 2.
3176 5525 3226 5563 c.
3279 5509 3342 5564 Si
3399 5510 3647 5581 aliquam
3677 5510 3692 5577 Τ
3720 5510 3772 5564 Si

2129 5600 2262 5671 quis
2292 5599 2548 5671 aliquam
2587 5601 2699 5657 sibi
2730 5602 2801 5658 ad
2825 5606 3063 5673 tempus
3095 5598 3456 5668 adhibuerit,
3478 5600 3667 5656 donec
3693 5599 3775 5655 di~
