3986 6048
164 245 305 300 1253

1476 252 1876 307 PANORMIA.
1908 282 1976 294 -ο
2006 258 2139 309 LIB.
2183 260 2278 312 VI.

3443 260 3579 314 1254

150 387 334 443 gnam
366 370 914 427 honoribusctsuis
947 372 1327 430 facultatibus
1357 373 1808 446 inveniatquam
1841 381 1897 446 Α
1924 377 2139 435 liberos
2172 380 2464 450 habuerit,
2501 384 2555 436 in
2601 383 2945 438 servitutem
2978 384 3284 451 deducere,
3319 386 3419 441 sed
3450 388 3605 456 post,

151 476 493 532 comparem
526 461 722 526 ducat,
757 460 882 532 ipso
913 461 1109 517 animo
1143 462 1371 519 adulter
1400 468 1510 535 est,
1544 480 1649 520 nec
1680 482 1814 521 cum

146 549 253 606 illa
283 566 463 621 quam
495 548 659 621 cupit
689 550 974 621 invenire,
1007 552 1108 607 sed
1166 553 1278 608 ista
1309 570 1442 609 cum
1475 571 1589 626 qua
1620 556 1814 624 cubat,

146 643 217 695 ut
245 655 382 695 eum
412 655 480 695 ea
512 655 631 694 non
666 638 881 694 habeat
915 640 1184 697 maritale
1213 642 1599 699 consortium.

277 732 411 787 CAP.
442 730 613 786 XLV.
649 729 782 797 Quis
811 728 1023 785 dicitur
1041 732 1233 802 justus
1261 732 1680 787 concubinatus.

756 822 1033 890 August.,
1067 820 1211 875 ibid.

226 910 339 981 (52,
393 926 449 983 q.
497 910 554 979 2,
601 924 650 964 c.
706 909 769 965 Ut
818 909 1186 979 concubium).
1240 911 1383 964 Item
1432 910 1699 967 ibidem:
1750 914 1818 967 ut

148 999 502 1055 concubinas
545 999 621 1054 ad
654 1003 892 1070 tempus
945 998 1242 1066 adhibitae,
1275 999 1323 1055 si
1354 999 1610 1055 ﬁliorum
1638 1016 1818 1057 causa

142 1089 762 1159 concubant,justum
822 1088 1040 1143 faciant
1095 1089 1556 1145 concubinatum
1614 1107 1815 1162 suum,

145 1196 323 1252 posse
356 1194 500 1234 sane
530 1176 658 1233 fieri
687 1176 926 1249 nuptias
956 1195 1025 1233 ex
1054 1179 1208 1234 male
1239 1180 1814 1249 conjunctis,hones-

148 1273 212 1325 to
246 1272 451 1340 postea
482 1265 698 1338 placito
728 1273 1148 1338 consequente,
1183 1268 1566 1324 manifestum
1597 1275 1707 1324 est.

147 1380 286 1431 CAP.
319 1373 513 1431 XLVI.
549 1372 925 1449 concubinam
948 1389 1064 1449 quon
1108 1374 1450 1446 intelligitur
1496 1376 1696 1433 habere
1721 1380 1816 1449 qui

349 1463 477 1503 cum
503 1447 696 1501 multis
723 1445 1061 1501 mulieribus
1087 1445 1444 1504 concumbere
1468 1449 1626 1506 solet.

636 1534 925 1590 Novellar.
959 1536 1211 1592 Constit.
1244 1538 1334 1591 89.

214 1625 398 1681 Nemo
445 1624 800 1695 intelligitur
855 1624 1239 1680 concubinam
1289 1625 1502 1681 habere
1533 1626 1636 1698 qui
1675 1642 1809 1681 cum

144 1713 356 1769 multis
388 1712 733 1769 mulieribus
766 1712 1155 1814 concumbere
1207 1713 1374 1770 solet.
1407 1715 1553 1770 Nam
1604 1732 1810 1787 quem-
1843 1748 1891 1814 Β

140 1803 468 1859 admodum
525 1803 631 1873 qui
689 1801 1017 1874 legitimam
1068 1818 1308 1858 uxorem
1367 1803 1598 1871 habeat,
1632 1803 1810 1859 aliam

146 1891 391 1958 habere,
425 1892 675 1947 durante
707 1893 910 1947 eodem
945 1892 1323 1948 matrimonio
1353 1909 1470 1948 non
1504 1892 1815 1963 potest,ita

143 1986 204 2036 et
237 1981 340 2052 qui
375 1997 552 2036 unam
587 1980 977 2036 concubinam
1028 1981 1227 2049 habet,
1259 1998 1373 2037 non
1426 1985 1619 2053 potest
1666 1980 1812 2037 alias

143 2071 355 2126 eodem
385 2074 649 2142 tempore
678 2069 917 2127 habere.

144 2177 280 2233 CAP.
316 2175 546 2233 XLVII.
578 2179 618 2230 Α
648 2178 856 2250 papula
878 2178 984 2232 Dei
1023 2193 1138 2250 non
1168 2180 1388 2250 separat
1414 2178 1662 2250 aliquem
1690 2196 1809 2235 ma-

452 2257 618 2305 terna
647 2248 913 2315 conditio,
943 2249 1035 2304 sed
1064 2248 1301 2321 propria
1329 2248 1513 2322 culpa.

609 2340 863 2408 August.
900 2342 977 2392 De
1006 2339 1157 2393 unic.
1195 2338 1342 2411 bapt.

222 2427 391 2501 (Dist.
441 2427 531 2495 56,
566 2442 617 2483 c.
652 2426 893 2496 (emaci).
948 2426 1159 2483 Ismael
1202 2434 1268 2484 ut
1315 2432 1617 2501 separetur
1648 2446 1681 2485 a
1708 2446 1809 2501 po-

148 2514 295 2590 pulo
321 2516 423 2572 Dei
454 2532 571 2573 non
603 2515 793 2573 obfuit
810 2520 996 2572 mater
1027 2515 1373 2583 ancilla,sed
1406 2517 1666 2573 fraterna
1695 2517 1812 2573 dis.

146 2604 376 2676 cordia,
409 2608 465 2661 et
496 2621 612 2660 non
644 2603 863 2676 profuit
893 2608 1151 2678 potestas
1184 2606 1380 2662 uxoris
1420 2606 1590 2678 cujus
1622 2607 1809 2680 magis

144 2693 309 2751 ﬁlius
336 2698 480 2766 erat,
531 2694 673 2767 quia
723 2711 827 2767 per
881 2693 1071 2767 ipsius
1094 2695 1236 2766 jura
1284 2694 1634 2768 conjugalia,
1664 2697 1808 2752 etin

146 2781 369 2839 ancilla
422 2784 751 2840 semiustus
809 2788 952 2853 erat,
999 2787 1056 2840 et
1103 2800 1172 2839 ex
1225 2784 1437 2840 ancilla
1494 2789 1809 2858 susceptus

147 2876 264 2928 est.

147 2960 288 3017 CAP.
319 2962 575 3019 XLVIII.
615 2962 953 3018 Consuetudo
1001 2963 1081 3018 ad
1108 2964 1341 3019 liberam
1390 2962 1693 3019 mulierem
1722 2965 1808 3020 in-

671 3034 820 3090 ducit
848 3035 1293 3091 matrimonium.

506 3123 780 3178 Pandect.
806 3123 844 3177 l.
878 3140 1042 3192 xxm,
1065 3141 1115 3179 c.
1145 3125 1200 3193 2,
1236 3128 1293 3179 et
1324 3123 1447 3178 Bal.

221 3212 310 3279 (L.
344 3214 407 3267 In
437 3212 651 3281 liberae,
687 3216 712 3280 §
745 3217 821 3269 De
846 3213 932 3268 tit.
977 3212 1186 3284 ταωνι).
1220 3214 1283 3269 In
1313 3212 1508 3269 liberae
1542 3212 1808 3269 mulieris

144 3301 594 3371 consuetudine,
632 3319 746 3358 non
781 3301 1235 3370 concubinatus,
1267 3302 1369 3358 sed
1403 3302 1619 3374 nuptiae
1645 3300 1812 3359 intel-

142 3388 392 3461 ligendas
425 3397 586 3462 sunt,
620 3392 669 3447 si
704 3408 817 3448 non
846 3408 1091 3463 corpore
1122 3395 1413 3462 quaestum
1443 3391 1667 3447 fecerit.

144 3498 286 3554 CAP.
346 3498 544 3554 XLIX.
615 3497 722 3565 Qui
784 3513 897 3552 non
964 3498 1123 3551 habet
1186 3513 1442 3566 umorem,
1475 3498 1587 3552 loco
1651 3495 1809 3550 illius

576 3569 944 3622 concubinam
977 3569 1186 3623 habere
1211 3568 1385 3623 debet.

644 3656 818 3711 Conc.
853 3655 1040 3726 Tclet,
1070 3674 1109 3726 ι,
1143 3672 1192 3711 ο.
1226 3656 1313 3710 17.

224 3745 385 3813 (Dist.
419 3745 510 3813 34,
544 3761 593 3799 c.
628 3746 679 3800 Is
705 3743 803 3815 qui
831 3744 985 3815 non).
1020 3744 1081 3800 Si
1130 3744 1264 3815 quis
1310 3744 1523 3800 habeat
1568 3760 1804 3800 uxorem

145 3834 342 3891 ﬁdelis
370 3838 427 3889 et
455 3834 870 3901 concubinam,
905 3851 1018 3889 non
1068 3833 1483 3890 communicet.
1519 3833 1805 3889 Caeterum

144 3923 199 3978 is
230 3922 329 3993 qui
359 3939 475 3978 non
507 3922 682 3986 habet
712 3927 1039 3990 nxcrem,et
1070 3940 1174 3995 pro
1207 3938 1386 3978 uxore
1416 3921 1805 3979 concubinam

145 4012 344 4082 habet,
388 4029 422 4067 a
466 4012 882 4068 communione
937 4029 1051 4068 non
1109 4010 1445 4083 repellatur,
1494 4014 1694 4066 tamen
1745 4015 1809 4066 ut

147 4102 328 4160 unius
386 4100 674 4169 mulieris,
719 4106 824 4158 aut
886 4102 1107 4170 uxoris,
1170 4106 1271 4157 aut
1328 4100 1690 4166 concubinae,
1746 4103 1810 4154 ut

147 4191 197 4245 ei
230 4190 539 4263 placuerit,
574 4191 653 4246 sit
682 4191 1097 4261 conjunctione
1119 4194 1450 4246 contentus.
1482 4187 1641 4244 Alias
1674 4205 1807 4243 vero

150 4280 411 4350 abjiciat,
444 4281 629 4336 donec
680 4279 912 4336 desinat
942 4283 999 4336 et
1044 4280 1115 4334 ad
1171 4278 1573 4351 paenitentiam
1618 4293 1805 4332 rever-

152 4373 341 4426 vatur.

686 4440 822 4495 CAP.
857 4439 919 4495 L.
958 4443 1033 4495 De
1062 4440 1279 4495 eodem.

392 4528 630 4599 Isidor.,
668 4532 747 4583 De
777 4528 1002 4583 distant.
1041 4529 1146 4583 l’et.
1176 4533 1232 4582 ct
1264 4528 1392 4584 Nov.
1429 4528 1563 4582 Tesl.

222 4617 391 4689 (Dist.
452 4617 626 4686 34,c.
693 4617 1052 4689 Christiano).
1113 4615 1446 4671 Christiano
1505 4614 1634 4669 dico
1694 4631 1806 4669 non

153 4706 463 4778 plurimas,
498 4707 596 4762 sed
649 4723 752 4761 nec
794 4707 941 4761 duas
973 4705 1149 4762 simul
1202 4705 1414 4759 habere
1445 4703 1666 4758 licitum
1699 4708 1806 4772 cst,

155 4796 269 4852 nisi
302 4812 479 4851 unam
513 4800 744 4851 tantum
778 4799 879 4851 aut
910 4798 1289 4860 uxorcm,aut
1320 4797 1474 4848 certo
1506 4791 1631 4847 loco
1663 4809 1807 4846 uxo-

151 4885 256 4950 ris,
290 4884 337 4939 si
371 4884 578 4955 conjua:
607 4884 769 4951 deest,
804 4884 1213 4940 concubinam.

677 4977 809 5027 CAP.
846 4973 936 5028 LI.
973 4974 1043 5028 De
1072 4972 1283 5029 eodem.

613 5061 752 5116 Cod.
788 5059 824 5114 l.
861 5078 935 5127 IV,
966 5078 1013 5116 c.
1051 5063 1136 5129 15,
1168 5061 1257 5116 tit.
1290 5061 1340 5114 4.

226 5150 522 5222 (Authent.
577 5166 623 5202 ρ.
675 5149 858 5218 Servo,
894 5155 951 5205 et
1008 5153 1082 5206 Dc
1135 5153 1327 5219 natis).
1379 5149 1435 5203 Si
1494 5148 1629 5220 quis
1686 5148 1811 5202 sine

157 5257 332 5296 uxore
377 5238 734 5294 constitutus
777 5239 1055 5295 ancillam
1106 5256 1273 5296 suam
1312 5238 1548 5295 nomine
1596 5236 1812 5291 habent

152 5327 564 5391 concubinam,
602 5333 658 5381 et
692 5326 746 5381 in
783 5330 983 5383 eadem
1022 5345 1207 5399 usque
1237 5329 1308 5383 ad
1359 5344 1526 5383 suam
1563 5329 1808 5381 mortem

155 5416 577 5476 consuetudine
600 5417 1014 5488 permanserit,
1044 5422 1100 5471 et
1127 5417 1371 5471 forsitan
1398 5433 1465 5471 ex
1496 5432 1563 5470 ea
1596 5414 1811 5469 liberos

153 5505 496 5579 susceperit,
513 5504 817 5561 sancimus
847 5506 1188 5561 omnimodo
1220 5522 1337 5560 non
1362 5503 1601 5560 concedi
1626 5503 1805 5558 haere-

161 5598 331 5655 dibus
361 5593 645 5663 defuncti,
678 5596 945 5653 eamdem
994 5596 1084 5654 vel
1117 5595 1331 5651 liberos
1369 5595 1520 5665 ejus,
1554 5592 1601 5649 si
1636 5592 1810 5649 etiam

1931 474 2172 524 mortem
2225 471 2448 525 domini
2496 470 2780 543 eripiatur
2811 471 2868 526 in
2921 471 3252 529 libertatem
3287 491 3404 531 una
3442 490 3576 530 cum

1927 559 2126 613 sobole
2158 576 2282 616 sua.

2441 648 2572 704 CAP.
2610 648 2727 703 LII.
2764 650 2834 703 De
2866 648 3073 703 eodem.

2400 737 2714 793 Constitut.
2749 736 2786 794 1.
2821 755 2934 805 XIV,
2969 755 3018 792 c.
3054 738 3105 791 4.

1998 843 2056 914 (l.
2089 845 2290 915 Nuper.
2325 861 2373 899 c.
2409 845 2482 899 De
2525 847 2637 899 nat.
2675 843 2817 915 lib.).
2868 844 2926 899 Si
2980 845 3111 915 quis
3162 862 3291 901 cum
3333 845 3581 903 muliere
3662 906 3665 911 ,

1927 931 2110 988 libera
2158 933 2636 987 consuetudinem
2688 934 2921 1000 habent,
2956 950 3069 987 non
3117 934 3421 990 affectione
3449 953 3578 992 ma-

1926 1022 2100 1087 ritali,
2134 1027 2190 1077 et
2221 1040 2289 1077 ex
2320 1040 2387 1078 ea
2436 1022 2586 1077 ﬁlios
2639 1023 3048 1092 procreaverit,
3080 1039 3297 1094 eosque
3344 1024 3482 1079 velit
3514 1029 3577 1079 li-

1925 1111 2034 1166 lios
2085 1111 2376 1183 legitimos
2424 1111 2639 1167 habere
2695 1111 2753 1165 in
2810 1116 3097 1183 potestate
3151 1129 3279 1180 sua,
3309 1113 3482 1169 liceat
3527 1114 3581 1169 ei

1926 1218 2058 1256 cum
2095 1208 2276 1257 matre
2305 1218 2505 1256 coram
2535 1201 2928 1256 instrumenta
2958 1200 3175 1256 dotalia
3209 1218 3577 1274 componere.

1925 1291 2068 1345 Nam
2102 1290 2206 1345 filii
2242 1290 2337 1361 qui
2372 1296 2505 1346 ante
2536 1292 2832 1345 naturales
2855 1294 3183 1361 crant,post
3211 1292 3581 1363 compositio-

1926 1397 2057 1434 nem
2089 1378 2620 1435 instrumentorum
2656 1378 2960 1445 dotalium,
2987 1378 3078 1433 sui
3110 1383 3167 1434 et
3197 1380 3256 1434 in
3288 1385 3580 1451 potestate

1925 1469 2106 1539 patris
2139 1467 2498 1537 efficiuntur,
2532 1468 2654 1523 sive
2688 1473 2886 1539 postea
2915 1469 3035 1523 nati
3068 1467 3170 1521 ﬁlii
3201 1470 3427 1540 vivunt,
3459 1470 3581 1526 sive

1927 1557 2140 1614 mortui
2191 1562 2351 1626 sunt,
2403 1557 2523 1614 sive
2567 1558 2807 1614 omnino
2857 1555 3057 1613 nullus
3110 1557 3263 1613 alius
3307 1574 3578 1629 procrea-

1920 1653 2042 1703 tus.

2332 1736 2462 1791 CAP.
2499 1737 2642 1791 LIII.
2679 1736 2819 1804 Quid
2846 1736 2919 1791 sit
2951 1745 3165 1808 raptus.

2309 1826 2540 1892 Isidor.,
2574 1827 2813 1896 Etyma}.
2847 1825 2887 1880 1.
2919 1843 2975 1893 ν,
3009 1843 3060 1883 c.
3091 1829 3183 1882 26.

2015 1917 2101 1980 27,
2135 1916 2273 1986 (1.2,
2309 1931 2357 1971 c.
2393 1917 2618 1985 Raptus,
2651 1921 2707 1969 et
2729 1916 2819 1985 28,
2855 1932 2912 1987 q.
2945 1918 2998 1983 2,
3035 1933 3081 1969 c.
3121 1917 3370 1987 Raptus).
3423 1921 3577 1989 Rap-

1920 2009 2017 2061 tus
2059 2004 2273 2075 quippe
2322 2003 2563 2058 illicitus
2616 2003 2804 2059 coitus
2836 2022 2869 2059 a
2899 2006 3326 2077 corrumpendo
3359 2004 3573 2060 dictus.

1919 2094 2081 2149 Unde
2112 2092 2212 2165 qui
2245 2096 2416 2165 raptu
2449 2092 2692 2164 potitur,
2725 2097 2929 2165 stupro
2963 2093 3199 2148 fruitur.

1919 2200 2054 2256 CAP.
2090 2198 2227 2256 LIV.
2262 2199 2833 2256 Erccommunicanlur
2862 2210 3109 2273 raptores
3142 2200 3325 2259 viduae
3347 2201 3430 2257 vel
3458 2202 3579 2257 vir-

2327 2275 2481 2341 ginis
2509 2289 2634 2329 cum
2660 2272 2797 2343 ipsis
2823 2272 3167 2344 faventibus.

2442 2362 2781 2433 Gregorius,
2811 2362 3046 2419 Junior.

1991 2452 2102 2522 (36,
2136 2468 2191 2522 q.
2224 2454 2279 2518 2,
2316 2466 2366 2506 c.
2397 2451 2461 2505 Si
2507 2449 2677 2521 quis).
2710 2450 2773 2507 Si
2822 2451 2956 2523 quis
3004 2451 3245 2507 viduam
3290 2451 3571 2523 rapuerit,

1918 2538 2009 2597 vel
2044 2541 2271 2596 furatus
2318 2539 2495 2595 fuerit
2543 2555 2806 2607 uxorem,
2857 2540 3176 2596 anathema
3220 2539 3336 2609 sit;
3370 2540 3420 2595 si
3459 2540 3571 2596 vir-

1919 2630 2138 2702 ginem,
2172 2629 2286 2684 nisi
2334 2629 2779 2700 despcnsaverit
2830 2629 2891 2684 in
2940 2646 3207 2699 uxorem,
3258 2628 3573 2686 anathema

1918 2720 2017 2776 sit.

2024 2829 2154 2881 CAP.
2190 2824 2300 2880 LV.
2337 2825 2469 2893 Quw
2497 2827 2570 2881 si!
2589 2843 2752 2897 paena
2782 2834 3069 2898 raptarum
3100 2827 3449 2898 puellarum.

2450 2914 2621 2971 Conc.
2655 2915 2837 2969 Cabil.
2872 2930 2921 2970 c.
2952 2916 3043 2969 27.

1990 3005 2099 3076 (30,
2136 3022 2192 3076 q.
2224 3005 2280 3071 2,
2332 3020 2382 3060 c.
2433 3006 2507 3060 De
2551 3005 2795 3077 puellis).
2847 3006 2924 3060 De
2973 3004 3186 3077 puellis
3235 3003 3420 3076 raptis
3470 3019 3570 3058 ne-

1837 3114 1879 3183 c
1920 3093 2060 3149 dum
2093 3092 2558 3183 desponsatisin
2610 3093 3069 3183 Chalcedonensi
3101 3093 3348 3183 concilio
3388 3093 3572 3183 scrip-

1919 3187 2046 3239 tum
2076 3186 2165 3239 est
2196 3198 2209 3238 :
2244 3184 2356 3239 Eos
2387 3182 2489 3255 qui
2537 3187 2859 3256 rapuerant
2906 3182 3132 3255 puellas
3173 3182 3284 3238 sub
3335 3182 3577 3238 nomine

1918 3272 2097 3329 simul
2129 3272 2506 3328 cohabitandi
2539 3277 2920 3345 cooperantes
2950 3277 3006 3328 et
3039 3271 3419 3329 conniventes
3449 3289 3580 3342 rap-
3690 3346 3695 3349 γ

1918 3363 2167 3430 toribus,
2199 3362 2454 3417 decrevit
2483 3365 2689 3417 sancta
2719 3362 3002 3433 synodus,
3038 3364 3103 3415 ut
3132 3359 3427 3431 siquidem
3460 3359 3575 3414 cle-

1919 3449 2023 3504 rici
2055 3449 2507 3519 sunt,decidant
2538 3450 2609 3503 de
2641 3449 2876 3520 proprio
2907 3450 3093 3520 gradu
3122 3466 3136 3516 ;
3171 3447 3221 3503 si
3251 3464 3386 3503 vero
3416 3446 3573 3516 laici,

1918 3537 2508 3594 anathematizentur.
2570 3537 2796 3601 Quibus
2841 3536 3037 3592 verbis
3095 3537 3271 3591 datur
3329 3534 3578 3605 intelligi

1918 3625 2168 3697 qualiter
2201 3625 2377 3697 hujus
2408 3625 2550 3680 mali
2583 3630 2809 3681 actores
2839 3625 3165 3681 damnandi
3197 3628 3359 3694 sunt,
3386 3640 3573 3696 quan-

1919 3718 1990 3770 do
2039 3715 2357 3787 participes
2405 3714 2637 3795 consiiii
2685 3720 2743 3771 et
2792 3715 3171 3771 conuiventes
3218 3718 3382 3770 tanto
3437 3730 3575 3770 ana-

1918 3804 2178 3860 themate
2229 3804 2540 3877 feriuntur,
2574 3809 2640 3861 ut
2664 3806 2832 3877 juxta
2876 3805 3220 3861 canonicam
3251 3803 3574 3859 auctorita-

1920 3898 2037 3949 tem
2068 3893 2140 3949 ad
2172 3893 2444 3965 coniugia
2472 3893 2739 3967 legitima
2758 3897 2956 3967 raptas
2982 3893 3095 3951 sibi
3120 3894 3257 3964 jure
3285 3890 3577 3949 vindicare

1918 3982 2255 4039 nullatenus
2286 3984 2539 4055 possint.

1919 4088 2050 4146 CAP.
2078 4090 2218 4149 LVI.
2288 4094 2415 4163 Post
2466 4093 2861 4163 pauitanlium
2918 4090 3165 4163 raptoris
3222 4090 3308 4143 vel
3365 4090 3569 4159 raptae,

2288 4161 2485 4219 relicui
2513 4162 2771 4233 conjugia
2799 4161 3192 4217 concedantur.

2398 4253 2569 4306 Cone.
2604 4250 2889 4306 Meldens.
2920 4266 2968 4306 c.
2998 4251 3088 4304 65.

1990 4341 2100 4411 (36,
2129 4342 2183 4409 2,
2218 4357 2267 4396 c.
2303 4340 2363 4395 Si
2393 4342 2628 4411 autem).
2684 4340 2743 4396 Si
2777 4348 2973 4395 autem
3009 4340 3260 4394 necdum
3291 4353 3390 4394 eas
3424 4355 3573 4410 quas

1918 4435 2236 4503 rapuerant
2271 4448 2406 4487 cum
2444 4430 2746 4487 voluntate
2768 4431 2880 4488 sub
2902 4429 3144 4503 praefato
3166 4429 3576 4503 desponsatic-

1840 4496 1883 4559 θ
1920 4496 2010 4576 nis
2038 4520 2125 4576 vel
2156 4519 2404 4576 dotalitii
2439 4521 2672 4576 nomine
2692 4520 2752 4575 in
2796 4496 3137 4591 conjugium
3180 4496 3441 4591 sumptas
3470 4520 3574 4576 ha-

1919 4611 2076 4679 bent,
2110 4611 2344 4682 quando
2376 4610 2434 4664 in
2469 4610 2735 4665 omnium
2788 4625 2961 4666 aures
2991 4608 3113 4663 haec
3150 4609 3324 4665 fuerit
3354 4608 3573 4665 consti-

1917 4701 2067 4754 tutio
2095 4699 2489 4771 promulgata,
2515 4700 2588 4754 ab
2619 4716 2822 4755 earum
2854 4699 3267 4770 conjunctione
3298 4715 3576 4771 separen-
3678 4750 3685 4753 _

1920 4794 2016 4843 tur
2044 4792 2101 4843 et
2128 4787 2361 4860 publice
2411 4788 2769 4859 pauitantia
2818 4788 3194 4859 subigantur.
3237 4788 3438 4859 Raptis
3471 4804 3575 4842 au-

1920 4886 2036 4933 tem
2067 4875 2412 4950 parentibus
2462 4877 2729 4950 legaliter
2757 4877 3160 4936 restituantur.
3194 4877 3330 4932 Post
3368 4891 3577 4947 perac-

1919 4973 2035 5022 tam
2066 4983 2198 5023 vero
2252 4966 2549 5039 publicam
2600 4967 3025 5039 paenitentiam,
3055 4967 3106 5023 si
3155 4969 3295 5020 aetas
3324 4963 3575 5019 inconti-

1922 5056 2180 5112 nentiam
2226 5056 2501 5128 exegerit,
2542 5055 2808 5130 legitimo
2840 5061 2898 5113 et
2942 5073 3011 5113 ex
3041 5054 3357 5125 utriusque
3396 5052 3576 5124 parti-

1922 5148 2030 5202 bus
2065 5145 2280 5218 placito
2311 5146 2587 5219 conjugio
2618 5147 2939 5203 accientur.
2988 5145 3115 5200 Non
3166 5143 3227 5199 in
3276 5142 3371 5198 his
3403 5158 3573 5215 regu-

1919 5235 2037 5290 lam
2097 5234 2541 5303 constituimus,
2576 5237 2676 5293 sed
2738 5245 2802 5292 ut
2856 5233 3047 5290 verbis
3105 5232 3305 5305 magni
3367 5231 3577 5288 Leonis

1922 5330 2179 5393 utamur,
2223 5325 2375 5397 quod
2410 5324 2489 5381 sit
2508 5324 2875 5382 tolerabilius
2907 5322 3271 5378 aestimamus
3298 5339 3310 5388 ;
3340 5321 3495 5392 quod
3525 5319 3575 5376 si

1922 5431 2075 5469 unus
2099 5430 2167 5469 ex
2188 5413 2521 5486 conjugatis
2541 5414 2770 5481 obierit,
2787 5417 2843 5468 et
2862 5412 2915 5466 is
2940 5411 3037 5483 qui
3066 5409 3359 5483 publicam
3393 5408 3576 5481 poeni~

1920 5503 2167 5559 tentiam
2199 5502 2382 5575 egerit
2428 5507 2731 5576 superstes
2780 5499 3088 5571 exstiterit,
3121 5499 3334 5555 iterare
3371 5500 3575 5570 conju-

1919 5592 2083 5665 gium
2112 5609 2229 5650 non
2262 5596 2603 5664 praesumat,
2635 5591 2750 5649 nisi
2779 5591 2925 5648 forte
2950 5589 3264 5662 episcopus
3305 5588 3580 5662 praevide-
