3936 6056
433 243 572 297 1255

1517 241 1584 289 D.
1627 235 1866 289 IVONIS
1902 230 2396 286 CARNOTENSIS
2432 229 2752 284 EPISCOPI

3743 231 3872 283 1356

427 367 505 420 rit
535 364 792 435 aliquam
825 362 1140 417 concedere
1172 357 1624 432 indulgentiam,
1658 363 1724 413 ut
1751 355 2078 428 graviorem
2108 361 2161 425 Α
2264 369 2586 435 mansuras,
2616 351 2748 422 quia
2779 352 3167 435 iuramentum
3211 361 3403 408 contra
3449 353 3634 409 bonos
3693 370 3868 413 mores

426 456 614 526 possit
645 465 912 508 amovere
943 451 1246 506 offensam.

426 601 560 657 CAP.
598 598 760 654 LVII.
792 600 912 653 Non
956 605 1040 652 est
1075 597 1356 667 peccatum
1405 592 1745 649 meretricem
1789 590 1984 645 ducere
2016 587 2074 642 in

1123 682 1232 721 ιιωο
1240 683 1373 721 rem.

667 777 1000 848 Hieronym.
1034 791 1167 846 sup.
1200 773 1327 829 Ose.
1360 771 1399 827 I.
1427 789 1468 838 ι,
1502 773 1572 827 ad
1607 785 1732 841 cap.
1767 786 1820 824 v.

494 895 603 966 (3'3,
637 909 693 963 q.
727 892 786 960 4,
815 908 866 946 c.
900 891 1018 947 Non
1060 893 1140 946 est
1169 887 1521 960 culpandus).
1555 887 1680 942 Non
1714 888 1804 940 est
1832 882 2071 954 culpan-

419 984 528 1038 dus
587 981 730 1036 Osee
783 979 1088 1052 prOpbeta,
1136 977 1186 1033 si
1245 977 1610 1032 meretricem
1672 989 1848 1044 quam
1908 971 2076 1026 duxit

415 1069 764 1126 converterit
812 1069 882 1122 ad
939 1067 1308 1138 pudicitiam,
1341 1065 1443 1120 sed
1498 1064 1694 1136 potius
1743 1061 2073 1116 laudandus

417 1159 515 1230 qui
545 1176 614 1214 ex
646 1156 800 1212 mala
849 1157 1062 1212 bonam
1119 1155 1338 1211 fecerit.
1371 1154 1495 1208 Non
1529 1153 1686 1208 enim
1732 1150 1832 1222 qui
1879 1151 2071 1205 bonus

425 1250 748 1320 permanet,
781 1246 908 1317 ipse
933 1244 1239 1317 polluitur,
1265 1243 1312 1298 si
1349 1243 1605 1298 societur
1635 1239 1813 1304 malo,
1837 1239 1937 1294 sed
1969 1237 2071 1309 qui

419 1336 610 1392 malus
639 1339 728 1391 est
755 1336 816 1389 in
865 1335 1086 1390 bonum
1135 1332 1514 1398 convertitur,
1547 1330 1594 1386 si
1642 1329 1778 1384 boni
1809 1325 2074 1398 exempla

417 1429 692 1482 sectetur.
725 1424 806 1478 Ex
837 1439 952 1494 quo
983 1421 1370 1493 intelligimus
1404 1437 1519 1476 non
1566 1418 1907 1491 prophetam
1941 1432 2070 1488 per-

415 1516 637 1570 didisse
669 1511 1016 1584 pudicitiam
1050 1510 1375 1566 fornicaria:
1424 1507 1788 1581 copulatum,
1821 1507 1922 1562 sed
1957 1505 2071 1560 for-

416 1603 701 1660 nicariam
733 1601 1131 1674 assumpsisse
1164 1599 1717 1673 pudicitiam,quam
1750 1597 1922 1650 antea
1951 1609 2068 1648 non

416 1693 690 1749 habebat.

418 1810 550 1866 CAP.
588 1809 784 1864 LVIII.
818 1809 969 1864 Licet
996 1806 1381 1862 meretricibus
1414 1804 1706 1860 meliorem
1751 1799 1923 1855 vitam
1950 1795 2062 1853 eli-

486 1897 629 1952 gere,
661 1883 828 1937 etiam
857 1883 908 1936 si
955 1880 1273 1948 iuraverint
1321 1879 1380 1932 in
1408 1876 1512 1932 tati
1555 1873 1896 1947 professione
1934 1885 2064 1941 per-

2097 1741 2145 1808 B

2256 424 2568 495 prwstitum
2597 440 2708 478 non
2735 428 2813 478 est
2841 424 3260 494 obligatorium.

2341 513 2653 569 Constitut.
2687 512 2947 580 Novell.;
2982 517 3039 568 et
3071 512 3194 568 Bal.
3227 531 3265 580 ι,
3299 512 3444 586 imp.
3475 515 3705 570 benev.

2254 619 2340 691 (C.
2373 621 2446 676 De
2474 621 2727 691 nuptiis).
2761 619 3058 690 Princeps,
3093 619 3399 674 constituit
3428 624 3496 674 ut
3525 620 3724 676 liceat
3758 639 3866 676 me.-

2185 709 2498 764 retrieibus
2545 708 2946 764 honestiorem
2993 707 3174 763 vitam
3225 707 3439 779 eligere
3489 709 3632 765 sine
3666 709 3860 782 aliqua

2182 798 2670 870 amore,quamvis
2694 797 3047 867 juratoriam
3068 797 3397 853 cautionem
3421 809 3857 870 exposuerunt.

2187 887 2250 939 lli
2276 891 2471 942 autem
2504 887 2603 958 qui
2637 886 2748 941 tale
2772 887 3196 957 jusjurandum
3242 892 3584 959 exegerunt,
3626 893 3693 943 et
3723 907 3854 944 con-

2182 979 2274 1030 tra
2324 976 2656 1032 castitatem
2707 992 2941 1047 operam
2973 993 3142 1032 suam
3177 977 3485 1043 dederunt,
3521 995 3726 1049 poenae
3763 997 3853 1033 no-

2186 1064 2342 1119 mine
2372 1082 2407 1119 x
2434 1064 2618 1121 libras
2645 1066 2773 1120 auri
2806 1065 3142 1137 persolvant
3169 1065 3382 1121 iisdem
3430 1067 3852 1124 meretricibus

2183 1171 2309 1225 qua:
2358 1159 2730 1210 sacramenta
2779 1154 3088 1211 dederunt.
3143 1155 3319 1211 Poena
3363 1160 3568 1211 autem
3601 1173 3645 1211 x
3673 1156 3850 1212 libra-

2185 1258 2313 1296 rum
2349 1243 2541 1298 officio
2569 1241 2836 1315 praesidis
2870 1241 3373 1314 ﬂagitetur.Quod
3405 1245 3454 1300 si
3490 1261 3724 1316 praeses
3757 1265 3849 1302 ne-

2182 1330 2443 1401 glexerit,
2475 1333 2548 1387 de
2577 1349 2684 1388 suo
2711 1332 3063 1404 patrimonio
3095 1349 3326 1403 poenam
3359 1338 3654 1404 prastare
3685 1352 3846 1408 coga-

2181 1425 2297 1488 tur,
2327 1425 2383 1477 et
2413 1437 2446 1475 a
2472 1420 2820 1493 magistratu
2867 1420 2981 1476 sibi
3029 1421 3349 1478 commisso
3398 1423 3599 1493 cadat,
3635 1430 3696 1479 et
3739 1441 3843 1480 non

2181 1509 2372 1565 solum
2407 1509 2888 1576 mulieribus,sed
2911 1510 3088 1565 etiam
3119 1510 3445 1567 beeredibus
3477 1516 3538 1567 et
3563 1511 3709 1568 aliis
3731 1531 3846 1568 suc-

2181 1599 2511 1655 cessoribus
2542 1615 2743 1655 earum
2777 1615 3009 1672 prunam
3041 1599 3250 1667 solvat,
3283 1599 3392 1655 hoc
3425 1601 3476 1656 si
3528 1602 3841 1674 probatum

2180 1688 2258 1744 sit
2305 1690 2460 1760 quod
2507 1693 2943 1745 sacramentum
2996 1705 3028 1744 ει
3069 1688 3376 1745 meretrice
3425 1693 3701 1763 exegerit
3739 1708 3755 1746 :
3799 1693 3839 1748 si

2175 1783 2373 1834 autem
2405 1779 2531 1850 ipse
2561 1783 2996 1834 sacramentum
3030 1779 3284 1852 exegerit
3315 1779 3561 1851 quidem
3595 1799 3634 1836 a
3666 1797 3838 1838 mere-

2173 1867 2339 1934 trice,
2373 1871 2633 1924 teneatur
2662 1884 2730 1924 ex
2761 1885 2946 1939 pruna.

1641 2137 1744 2197 DE
1788 2130 2180 2197 SECUNDIS
2227 2133 2580 2193 NUPTIIS.

303 2293 306 2295 λ
416 2268 545 2323 Car.
585 2266 978 2324 LIX.Secunda
1007 2267 1288 2338 conjugio,
1321 2266 1461 2320 sicut
1489 2272 1540 2320 et
1565 2258 1936 2336 prima,licita
1961 2271 2076 2313 esse

1070 2341 1406 2410 probantur.

750 2430 1000 2499 August.
1035 2432 1114 2483 De
1145 2427 1268 2483 bon.
1301 2425 1526 2482 viduit..
1561 2440 1611 2480 e.
1647 2423 1733 2480 11.

485 2517 594 2586 (31,
629 2533 686 2588 q.
722 2517 774 2586 1,
807 2533 856 2572 e.
890 2515 1045 2586 Quod
1069 2518 1122 2571 si
1146 2514 1563 2585 dormierit).De
1597 2509 1788 2568 tertiis
1818 2511 1876 2564 et
1905 2522 2074 2578 quar-

412 2608 486 2661 tis
517 2610 573 2661 et
607 2605 762 2661 ultra
793 2604 1064 2677 pluribus
1096 2604 1340 2676 nuptiis,
1373 2603 1562 2659 solent
1591 2599 1856 2656 homines
1887 2611 2075 2651 move-

414 2712 472 2749 re
503 2694 910 2766 quaestionem.
955 2693 1119 2750 Unde
1152 2698 1216 2749 ut
1247 2692 1495 2748 breviter
1527 2689 1938 2762 respondeam,
1969 2699 2074 2739 nec

412 2782 562 2837 ullas
597 2783 835 2855 nuptias
867 2783 1058 2838 audeo
1092 2783 1511 2848 damnare,nee
1542 2779 1628 2834 eis
1657 2773 2074 2832 verecundiam

411 2871 854 2928 numerositatis
885 2872 1134 2926 auferre.
1186 2871 1329 2926 Item
1366 2887 1378 2925 :
1418 2885 1523 2924 nec
1556 2871 1762 2923 contra
1799 2864 2071 2919 humanas

410 2961 772 3016 verecundiae
807 2977 1051 3016 sensum
1088 2959 1272 3014 audeo
1305 2959 1518 3026 dicere,
1553 2962 1617 3012 ut
1646 2953 1900 3028 quoties,
1931 2949 2071 3004 viris

412 3049 684 3115 mortuis,
713 3048 983 3118 voluerit,
1013 3049 1199 3102 nubat
1228 3047 1468 3113 femina,
1503 3062 1607 3102 nec
1639 3061 1708 3100 ex
1737 3058 1866 3098 meo
1897 3039 2069 3096 corde

410 3140 646 3206 propter
671 3106 1010 3207 ’Scripturaz
1055 3140 1267 3190 sanctae
1313 3106 1749 3201 auctoritatem,
1782 3128 2063 3202 quotasli-
2100 3106 2144 3172 (ἶ

407 3225 504 3278 bet
535 3224 772 3294 nuptias
803 3225 988 3279 audeo
1013 3224 1430 3279 condemnare.

407 3332 541 3387 CAP.
574 3331 690 3388 LX.
745 3331 1018 3399 Quomodo
1066 3329 1348 3385 Abraham
1396 3334 1703 3386 excusatur
1753 3345 1787 3383 a
1832 3326 2065 3381 crimine

1019 3401 1433 3473 fornicationis.

665 3494 912 3564 August.
946 3495 1149 3547 contra
1178 3495 1403 3552 Faust.,
1439 3490 1541 3546 lib.
1577 3507 1640 3556 II,
1675 3506 1726 3544 e.
1758 3490 1812 3543 5.

478 3581 590 3652 (32,
624 3597 678 3651 q.
715 3581 769 3648 4,
800 3597 850 3635 e.
884 3582 988 3634 Iste
1015 3581 1292 3650 Abrahae).
1327 3580 1440 3635 Iste
1469 3579 1713 3634 Abrahae
1754 3578 1930 3634 etiam
1965 3593 2062 3631 us-

407 3686 520 3740 que
553 3669 625 3723 ad
657 3667 1016 3738 decrepitam
1050 3674 1413 3724 senectutem
1444 3667 1850 3724 fornicationis
1899 3666 2064 3735 obje-

406 3759 485 3811 cit
533 3755 753 3811 crimen
791 3775 806 3824 ;
841 3756 1096 3827 profecto
1146 3759 1287 3828 quia
1337 3763 1395 3812 et
1445 3761 1578 3828 post
1632 3759 1880 3811 mortem
1913 3757 2064 3809 Sarra

406 3846 650 3901 alteram
704 3844 889 3913 duxit,
923 3845 1022 3900 ubi
1053 3851 1111 3900 et
1141 3845 1191 3900 si
1241 3845 1468 3899 nullum
1523 3843 1948 3916 intelligeretur
1981 3842 2061 3898 rei

407 3933 618 3990 abdita:
648 3939 1106 4004 sacramentum,
1140 3938 1376 4005 prepter
1408 3933 1462 3986 id
1509 3932 1701 3987 solum
1737 3931 1845 3987 hoc
1877 3933 2064 3988 facere

408 4024 614 4080 debuit
659 4024 976 4091 Abraham,
1031 4040 1102 4080 ne
1151 4027 1428 4094 putarent
1475 4022 1730 4077 haeretici
1783 4023 2064 4078 adversus

409 4113 691 4186 populum
726 4113 826 4169 Dei
862 4113 1097 4185 (quibus
1128 4113 1302 4168 etiam
1350 4110 1748 4168 'I‘ertullianus
1778 4111 2062 4181 astipula-

407 4206 496 4257 tor
521 4202 769 4274 assistit)
803 4207 935 4274 post
983 4201 1179 4258 uxoris
1229 4205 1504 4267 mortem,
1537 4199 1759 4255 crimen
1803 4216 1933 4257 esse
1961 4202 2065 4256 du-

405 4307 531 4346 CGI‘C
565 4308 802 4347 uxorem
819 4331 830 4347 .

403 4401 531 4453 CAP.
561 4398 703 4453 LXI.
729 4397 973 4453 Secunda
1002 4396 1439 4524 confugiatsicut
1470 4405 1526 4453 et
1552 4397 1741 4470 prima
1771 4397 1929 4452 lie-ita
1951 4413 2066 4452 esse

1057 4485 1155 4524 oro
1196 4484 1273 4524 an
1302 4486 1388 4524 ur.

1053 4484 1388 4540 prooantur.

455 4557 703 4629 August.
737 4562 940 4614 contra
971 4557 1197 4612 advers.
1234 4557 1341 4628 leg.
1377 4562 1433 4614 et
1463 4558 1675 4631 proph.
1710 4557 1748 4614 l.
1785 4575 1848 4626 ιι,
1879 4574 1929 4613 c.
1958 4560 2014 4612 2.

475 4663 587 4734 (31,
635 4680 690 4734 q.
739 4666 794 4731 2,
830 4681 878 4720 c.
931 4665 1071 4718 Deus
1126 4666 1480 4738 masculum).
1543 4669 1711 4732 Item,
1755 4663 1910 4718 Deus
1963 4663 2062 4734 qui

406 4751 737 4808 masculum
769 4757 826 4808 et
879 4752 1154 4808 feminam
1201 4754 1565 4828 propagandi
1599 4751 1832 4824 generis
1863 4767 2061 4822 causa,

403 4840 655 4914 nuptiali
699 4841 969 4898 castitate
1017 4844 1342 4915 conjunxit,
1376 4849 1433 4899 et
1482 4842 1769 4898 secundas
1800 4844 2060 4912 nuptias,

402 4949 531 5004 qua:
563 4931 621 4986 in
656 4931 814 4988 Novo
845 4949 1080 5004 quoque
1113 4933 1495 4988 Testamento
1528 4932 1966 5004 permittantur,
1996 4929 2061 4984 li-

399 5022 546 5076 citas
577 5037 705 5077 esse
741 5022 1110 5078 monstravit.

397 5127 530 5183 CAP.
568 5129 740 5184 LXII.
777 5131 880 5185 Nec
909 5128 1051 5194 duae,
1103 5130 1364 5202 nec_tres,
1396 5143 1496 5202 nec
1538 5128 1791 5199 deinceps
1844 5131 2059 5202 nuptiae

926 5203 1056 5254 sunt
1086 5198 1534 5256 condemnandus.

580 5289 914 5359 Hieronym.
950 5289 1019 5342 ad
1059 5287 1337 5343 Pamach.
1371 5291 1414 5342 t.
1451 5287 1518 5357 II,
1551 5287 1609 5341 in
1641 5287 1884 5360 Apolog.

470 5379 585 5448 (31,
615 5394 673 5449 q.
709 5379 760 5444 1,
794 5393 844 5431 c.
883 5376 1202 5447 Aperiunt).
1261 5375 1558 5447 Aperiant,
1615 5393 1831 5447 quaso,
1883 5395 2054 5434 aures

2185 2254 2295 2311 tias
2327 2257 2566 2328 nuptias
2599 2272 2714 2312 non
2747 2257 3153 2326 damnavi,nee
3184 2257 3443 2328 primum
3475 2259 3646 2329 potui
3675 2260 3836 2315 dam-

2184 2361 2324 2400 nare
2369 2345 2834 2403 matrimonium.
2868 2347 3011 2402 Item
3049 2363 3061 2401 :
3109 2346 3236 2403 Non
3287 2347 3506 2404 damno
3558 2349 3835 2419 bigamos.

2184 2438 2259 2502 et,
2293 2434 2342 2490 si
2385 2433 2499 2490 dici
2549 2439 2764 2506 potest,
2797 2434 2916 2490 imo
2966 2450 3071 2490 nec
3125 2435 3432 2508 trigamos,
3477 2453 3588 2493 nec
3620 2443 3834 2511 octoge-

2186 2539 2331 2579 mos.
2380 2527 2520 2579 Item
2558 2541 2572 2580 :
2604 2540 2710 2596 ego
2762 2541 2919 2579 nunc
2967 2522 3152 2580 libera
3179 2541 3317 2580 voce
3364 2526 3696 2597 proclamo,
3726 2545 3825 2582 non

2183 2612 2448 2667 damnari
2481 2613 2540 2667 in
2574 2611 2829 2668 Ecclesia
2858 2611 3315 2682 bigamiamimo
3343 2629 3448 2670 nec
3479 2615 3831 2687 trigamiam.

2183 2705 2240 2756 et
2287 2701 2369 2756 ita
2414 2699 2588 2758 licere
2616 2719 2652 2756 v
2683 2709 2737 2758 et
2763 2717 2821 2756 vr
2851 2705 2908 2756 et
2957 2701 3112 2758 ultra
3163 2703 3458 2774 quomodo
3494 2708 3554 2760 et
3584 2705 3830 2760 secundo

2183 2790 2393 2845 marito
2427 2791 2666 2846 nubere.

2182 2908 2381 2964 CXIII.
2411 2910 2528 2965 Non
2555 2911 2742 2980 peccat
2775 2908 3150 3036 bipamusgtcd
3176 2911 3561 2982 praerogativa
3590 2912 3826 2967 sacerdo-

2859 2997 2899 3036 ιι
2929 2997 3063 3036 exui
3097 2998 3182 3036 ur.

2859 2997 2899 3036 ll
2929 2997 3182 3036 exuitur.

2523 3079 2794 3135 Ambros.
2827 3079 2900 3134 ad
2930 3077 3200 3150 Vercell.,
3232 3079 3324 3146 82,
3356 3079 3396 3134 l.
3423 3097 3480 3135 x.

2246 3195 2416 3266 (Dist.
2449 3197 2539 3263 26,
2571 3212 2620 3251 e.
2656 3196 2762 3265 Qui
2788 3195 2932 3262 sine,
2949 3201 3007 3252 et
3031 3195 3169 3252 dist.
3203 3196 3354 3264 34,0.
3395 3196 3826 3267 Cognoscamus).

2175 3283 2281 3346 Qui
2316 3284 2442 3340 sine
2472 3285 2718 3340 crimine
2769 3289 2861 3340 est
2889 3283 3066 3340 unius
3115 3285 3318 3341 uxoris
3345 3285 3434 3338 vir
3460 3290 3740 3340 teneatur
3769 3287 3825 3340 ad

2177 3372 2363 3444 legem
2413 3373 2726 3428 sacerdotii
2777 3373 3160 3444 suscipiendi.
3195 3372 3303 3436 Qui
3351 3377 3551 3429 autem
3591 3373 3828 3430 iterave-

2177 3461 2252 3518 rit
2291 3461 2655 3535 conjugium,
2705 3461 2938 3534 culpam
2991 3462 3226 3534 quidem
3280 3479 3394 3518 non
3445 3461 3633 3517 habet
3677 3464 3830 3518 coin-

2174 3551 2423 3622 quinati,
2457 3551 2558 3606 sed
2591 3551 2975 3624 przcrogativa
3018 3551 3250 3608 exuitur
3301 3551 3653 3607 sacerdotis.
3697 3552 3824 3607 Item

2175 3657 2599 3712 cognoscamus
2622 3657 2738 3696 non
2770 3639 2965 3696 solum
3001 3640 3071 3696 de
3100 3641 3374 3712 episcopo
3407 3644 3467 3696 et
3497 3642 3826 3713 presbytero

2175 3729 2506 3801 apostolum
2555 3728 2856 3796 statuisse,
2889 3730 2989 3785 sed
3041 3731 3224 3784 etiam
3255 3733 3462 3785 Patres
3516 3729 3578 3784 in
3610 3730 3826 3786 concilii

2174 3819 2390 3874 Nieaani
2448 3823 2698 3874 tractatu
2757 3819 3074 3884 addidisse,
3134 3817 3412 3875 clericum
3473 3835 3824 3891 quemquam

2176 3924 2288 3963 non
2319 3907 2530 3964 debere
2575 3924 2726 3978 esse,
2773 3907 2875 3979 qui
2927 3908 3189 3963 secunda
3218 3907 3493 3980 conjugia
3535 3907 3619 3964 sit
3668 3909 3824 3964 sorti-

2176 4001 2295 4052 tus.

2175 4113 2308 4168 CAP.
2341 4113 2539 4169 LXIV.
2574 4115 2840 4185 Bigamus
2870 4117 3165 4182 reputatur
3209 4114 3309 4185 qui
3335 4119 3466 4169 ante
3499 4114 3823 4185 baptismum

2342 4185 2601 4240 habuerit
2632 4203 2823 4254 unam,
2855 4191 2908 4241 et
2936 4190 3058 4258 post
3091 4187 3434 4257 baptismum
3466 4186 3669 4241 aliam.

2626 4284 2898 4340 Ambros.
2934 4285 3005 4340 De
3032 4286 3207 4356 o/ﬁc.,
3243 4284 3280 4338 l.
3316 4301 3355 4340 ι.

2244 4398 2415 4466 (Dist.
2448 4399 2537 4466 26,
2570 4415 2620 4454 c.
2657 4400 2774 4456 Una
2802 4400 3060 4472 tantum).
3091 4403 3220 4455 Una
3248 4404 3484 4454 tantum
3531 4415 3645 4456 nec
3675 4414 3818 4470 repe-

2088 4473 2138 4538 D
2172 4486 2277 4542 tita
2307 4487 2476 4543 nobis
2530 4488 2895 4560 permittitur
2921 4487 3155 4562 copula,
3187 4493 3246 4545 et
3278 4489 3334 4544 in
3405 4488 3535 4561 ipso
3569 4488 3824 4560 conjugio

2176 4576 2267 4632 lex
2298 4581 2387 4632 est
2411 4594 2524 4632 non
2544 4577 2754 4632 iterare
2781 4578 3157 4650 conjugium:
3196 4595 3302 4633 nec
3331 4578 3606 4634 secundae
3637 4579 3821 4648 conju-

2175 4665 2264 4737 gis
2296 4665 2494 4720 sortiri
2543 4665 3042 4738 conjunctionem,
3077 4668 3234 4739 quod
3285 4667 3586 4739 plerisque
3619 4669 3814 4722 mirum

2171 4755 2535 4826 videtur,eur
2563 4756 2740 4810 etiam
2771 4760 2907 4811 ante
2940 4757 3305 4828 baptismum
3343 4755 3537 4812 iterati
3572 4754 3814 4827 conjugii

2172 4843 2242 4898 ad
2275 4843 2618 4899 electionem
2649 4844 2914 4900 muneris
2939 4849 2995 4899 et
3017 4845 3414 4902 ordinationis
3446 4844 3814 4917 praerogativa

2169 4931 2595 5004 impedimenta
2623 4937 3142 5004 generentur,cum
3171 4934 3344 4991 etiam
3376 4933 3594 4989 delicta
3628 4934 3812 4989 obesse

2170 5037 2284 5076 non
2319 5020 2618 5086 soleant,si
2653 5021 2863 5076 lavacri
2895 5023 3144 5078 remissa
3175 5023 3394 5078 fuerint
3424 5026 3810 5078 sacramento:

2168 5111 2266 5165 sed
2293 5109 2620 5181 intelligere
2643 5109 2950 5182 debemus,
2975 5112 3114 5182 quia
3137 5111 3195 5167 in
3220 5111 3520 5184 baptismo
3541 5111 3720 5183 culpa
3748 5111 3809 5164 di-

2168 5198 2320 5253 mitti
2345 5202 2554 5270 potest,
2586 5196 2675 5252 lex
2700 5198 2919 5255 aboleri
2945 5217 3060 5256 non
3085 5203 3295 5272 potest.
3319 5200 3381 5255 In
3405 5201 3688 5272 conjugio
3719 5215 3812 5255 non

2165 5287 2363 5359 culpa,
2395 5287 2496 5343 sed
2530 5286 2620 5342 lex
2651 5291 2759 5342 est.
2794 5288 2957 5352 Quod
2989 5288 3173 5362 culpa:
3205 5295 3296 5344 est
3324 5289 3529 5362 igitur,
3552 5290 3616 5345 in
3647 5288 3814 5359 bapti-

2166 5393 2293 5432 smo
2324 5376 2619 5432 relaxatur
2649 5393 2661 5430 :
2691 5377 2846 5448 quod
2880 5376 3028 5450 legis
3051 5383 3159 5445 est,
3183 5378 3242 5433 in
3266 5379 3538 5450 conjugio
3568 5395 3686 5434 non
3719 5376 3816 5432 sol.

398 5467 824 5521 obtrectatores
857 5464 1055 5532 mei,et
1078 5464 1317 5519 videant
1343 5480 1436 5520 me
1457 5465 1746 5520 secundas
1774 5470 1832 5521 et
1851 5466 2053 5523 tertias
2163 5466 2336 5522 vitur.
2369 5466 2669 5532 Quomodo
2701 5475 2895 5522 autem
2929 5471 3122 5539 potest
3167 5468 3435 5524 hortator
3463 5484 3600 5525 esse
3636 5465 3809 5524 vidui-

400 5551 639 5622 nuptiae
662 5553 721 5606 in
743 5551 990 5608 Domino
1011 5551 1513 5624 concessisse,qui
1535 5554 1824 5610 secundas
1853 5560 1910 5611 et
1937 5559 2056 5611 ter-
2163 5555 2303 5612 tatis
2332 5556 2433 5628 qui
2464 5555 2590 5628 ipse
2621 5555 2898 5629 conjugis
2925 5557 3358 5630 frequentavit?
