3986 6048
212 288 352 342 1257

208 437 338 491 CAP.
378 436 538 491 LXV.
575 437 681 505 Qui
710 445 843 494 ante
875 439 1215 508 baptismum
1272 437 1534 493 habuerit
1590 453 1763 492 unam
1812 439 1862 492 et
1891 438 1946 504 Α

349 518 470 579 post
511 509 845 582 baptismum
873 510 1074 577 aliam,
1105 510 1450 567 ordinandus
1479 524 1590 564 non
1619 517 1717 565 est.

488 603 735 670 August.
770 600 846 653 De
877 599 1021 655 bona
1050 603 1206 670 nupt.
1241 600 1386 669 conj.
1421 614 1470 653 c.
1498 598 1588 651 28.

288 686 451 753 (Dist.
486 687 576 753 26,
610 704 659 742 c.
697 688 886 759 Unius,
919 693 976 744 et
1007 705 1057 743 c.
1105 687 1378 758 Acutius.)
1421 688 1865 741 Sacramentum

217 777 555 847 nuptiarum
588 778 870 849 temporis
904 777 1088 833 nostri
1120 778 1205 833 sic
1258 778 1330 832 ad
1373 792 1558 831 unum
1589 774 1781 829 virum
1813 778 1870 828 et

217 863 287 919 ad
324 882 498 922 unam
534 882 770 923 uxorem
805 868 1113 923 redactum
1159 870 1268 934 est,
1322 869 1387 920 ut
1436 862 1701 919 Ecclesiae
1750 862 1866 918 dis-

217 938 589 1024 pensatorem
622 972 737 1011 non
770 955 942 1012 liceat
972 954 1254 1025 ordinari,
1288 952 1403 1009 nisi
1444 951 1621 1008 unius
1670 951 1866 1007 uxoris

218 1060 433 1098 Virum.

222 1133 410 1188 LXVI.
446 1134 555 1201 Qui
575 1137 701 1189 ante
732 1132 1066 1205 baptismum
1095 1132 1352 1205 habuerit
1403 1148 1592 1198 unam,
1652 1135 1704 1186 et
1748 1138 1872 1202 post

433 1205 768 1277 baptismum
796 1204 998 1275 aliam,
1029 1204 1375 1261 ordinandus
1404 1220 1513 1259 non
1546 1206 1642 1259 est.

574 1299 824 1367 August.
857 1296 931 1349 De
963 1294 1082 1349 bon.
1108 1295 1325 1366 conjug.
1352 1310 1401 1350 c.
1430 1293 1515 1348 18.

290 1383 464 1454 (Dist.
495 1385 584 1451 26,
612 1401 661 1439 c.
686 1384 962 1453 Acutius.)
988 1382 1151 1450 Quod
1176 1382 1411 1437 acutius
1437 1379 1872 1450 intellexerunt,

222 1473 322 1544 qui
347 1490 450 1529 nec
474 1471 1216 1545 eum,quicatecbumenus
1240 1469 1330 1526 vel
1352 1487 1612 1542 paganus
1632 1470 1875 1524 alteram

222 1561 519 1630 habuerit,
561 1562 960 1617 ordinandum
991 1577 1121 1617 esse
1153 1564 1537 1616 censuerunt.
1570 1559 1651 1615 De
1682 1574 1877 1614 sacra-

228 1655 420 1707 mento
443 1649 595 1706 enim
620 1650 961 1723 agitur,non
984 1651 1053 1705 de
1068 1648 1478 1721 peccato.Nam
1502 1648 1559 1704 in
1583 1647 1877 1718 baptismo

226 1740 425 1797 omnia
455 1743 692 1811 peccata
721 1740 1123 1804 dimittuntur,
1156 1738 1255 1793 sed
1290 1737 1391 1810 qui
1424 1738 1567 1793 dixit
1593 1754 1604 1792 :
1627 1736 1688 1792 Si
1723 1752 1878 1791 acce-

224 1829 375 1902 peris
404 1810 630 1885 ueterem
661 1845 772 1885 non
801 1827 1059 1900 peccasti,
1091 1837 1144 1883 ct
1172 1827 1224 1884 si
1277 1827 1527 1899 nupserit
1570 1828 1721 1898 virgo
1766 1842 1878 1880 non
1911 1810 1956 1875 B

223 1923 430 1992 peccat,
470 1923 520 1975 et
575 1917 715 1991 quod
767 1917 899 1973 vult
948 1916 1151 1989 faciat,
1210 1932 1323 1973 non
1370 1920 1560 1988 peccat
1607 1917 1659 1971 si
1707 1915 1882 1970 nubat

229 2011 279 2081 (Ι
308 2010 430 2065 Cor.
464 2009 587 2079 v11),
619 2008 765 2064 satis
797 2006 1112 2063 declaravit
1142 2006 1380 2078 nuptias
1412 2023 1527 2061 non
1568 2021 1697 2062 esse
1743 2021 1879 2076 pec-

228 2103 446 2155 catum.
470 2098 711 2170 Propter
731 2096 1084 2154 sacramenti
1104 2100 1300 2151 autem
1323 2093 1882 2164 sanctitatem,sicut

230 2188 470 2258 femina,
503 2188 680 2244 etiam
714 2187 764 2244 si
795 2186 1219 2243 catechumena
1268 2186 1442 2241 fuerit
1489 2185 1712 2254 vitiata,
1762 2201 1879 2241 non

229 2276 939 2349 potestpostbaptismum
964 2276 1118 2331 inter
1138 2274 1236 2331 Dei
1249 2274 1507 2347 virgines
1527 2273 1877 2341 consecrari,

228 2366 312 2421 ita
344 2383 456 2422 non
490 2366 814 2421 absurdum
847 2366 1038 2421 visum
1070 2369 1179 2431 est,
1212 2379 1346 2420 eum
1379 2365 1480 2436 qui
1500 2364 1750 2420 excessit
1769 2380 1880 2419 nu-

232 2472 460 2511 merum
498 2472 742 2511 uxorum
774 2454 1133 2527 singularem
1167 2471 1282 2510 nou
1314 2457 1616 2526 peccatum
1638 2453 1878 2525 aliquod

231 2544 603 2602 commisisse
646 2545 747 2600 sed
809 2560 1079 2600 normam
1143 2544 1459 2614 quamdam
1529 2542 1879 2598 sacramenti

232 2634 527 2698 amisisse,
561 2651 678 2690 non
710 2635 781 2689 ad
815 2634 945 2689 vitae
978 2635 1142 2689 bonas
1197 2632 1499 2699 meritum,
1531 2632 1632 2687 sed
1665 2632 1737 2687 ad
1786 2648 1878 2687 or-

230 2724 550 2780 dinationis
577 2722 987 2780 ecclesiasticas
1020 2722 1394 2793 signaculum
1426 2720 1840 2777 necessariam.

229 2814 364 2868 CAP.
400 2813 615 2869 LXVII.
652 2812 944 2884 Presbyter
975 2810 1041 2938 (in
1071 2809 1283 2938 rtzuptiis
1315 2810 1521 2881 bigami
1548 2825 1658 2866 non
1703 2826 1877 2881 pran-

1012 2900 1076 2938 ea
1109 2926 1121 2938 .

1012 2900 1121 2939 eat.

700 2974 876 3029 Cone.
910 2971 1234 3028 Neocmsar.
1269 2988 1318 3027 c.
1350 2972 1405 3027 6.

300 3064 707 3135 Presbyterum
728 3062 786 3116 in
812 3061 1036 3133 nuptiis
1057 3060 1274 3133 bigami
1299 3061 1716 3132 pranderenon
1739 3076 1878 3116 con-

227 3153 405 3224 venit,
440 3153 577 3224 quia
635 3167 769 3206 cum
817 3148 1160 3222 poenitentia
1202 3148 1478 3246 bigamus
1523 3154 1709 3222 egeat,
1743 3150 1877 3220 quis
1908 3178 1951 3246 α

229 3242 341 3296 erit
373 3241 672 3313 presbyter
700 3238 801 3311 qui
847 3238 1065 3295 talibus
1119 3237 1345 3311 nuptiis
1394 3238 1575 3311 possit
1625 3240 1880 3310 praebere

232 3347 611 3387 consensum.

231 3442 366 3494 CAP.
402 3437 642 3493 LXVIII.
677 3438 811 3505 Quae
840 3439 911 3491 sit
944 3435 1132 3504 vidua,
1164 3438 1246 3491 vel
1267 3436 1566 3506 ejecta,vel
1589 3435 1875 3493 meretrix.

658 3525 993 3595 Hieronym.
1024 3525 1096 3578 ad
1133 3522 1441 3578 Fabulam.

307 3615 473 3687 (Dist.
507 3614 595 3682 34,
629 3629 679 3667 c.
720 3613 887 3667 Vidua
915 3635 929 3676 ;
963 3611 1052 3677 45,
1084 3628 1133 3665 c.
1172 3611 1514 3683 Disciplina;
1542 3614 1635 3680 60,
1675 3631 1722 3669 c.
1779 3619 1877 3672 La-

223 3710 386 3773 tores,
417 3704 592 3757 Extra
622 3702 695 3755 De
721 3703 872 3756 Sent.
898 3699 1145 3770 Excom.)
1176 3700 1368 3754 Vidua
1390 3705 1498 3767 est,
1531 3702 1703 3772 cuius
1752 3721 1875 3759 ma-

228 3794 379 3849 ritus
407 3794 675 3845 mortuus
710 3792 817 3855 est,
852 3787 1037 3857 ejecta
1067 3804 1191 3858 qua;
1226 3789 1440 3844 marito
1458 3788 1683 3846 vivente
1707 3792 1877 3863 proji-

228 3882 403 3947 citur,
438 3879 708 3935 meretrix
743 3894 868 3949 quae
901 3876 1224 3932 multorum
1255 3876 1488 3933 libidini
1520 3882 1697 3950 patet.

706 3967 838 4022 CAP.
871 3965 1060 4022 LXIX.
1089 3967 1163 4022 De
1192 3967 1393 4022 eodem.

286 4058 504 4114 Valens
536 4056 758 4112 Theod.
793 4059 850 4111 et
882 4054 1053 4109 Arch.
1090 4054 1273 4127 impp.
1308 4056 1595 4113 Thatiano
1628 4074 1812 4129 papw.

300 4149 379 4221 (L.
414 4148 628 4212 Matres,
663 4162 712 4201 c.
748 4143 1025 4214 Quando.)
1069 4143 1287 4199 Matres
1319 4161 1444 4216 quae
1468 4146 1708 4202 amissis
1739 4145 1877 4201 viris

222 4238 469 4294 tutelam
515 4233 1119 4291 administrandorum
1173 4234 1539 4306 negotiorum
1570 4235 1629 4289 in
1664 4235 1877 4291 liberos

228 4325 551 4400 postulant,
577 4323 926 4394 priusquam
952 4321 1320 4377 conﬁrmatio
1348 4323 1523 4377 ofﬁcii
1542 4323 1676 4379 talis
1698 4325 1755 4379 in
1781 4342 1878 4381 eos

219 4419 355 4487 jure
386 4414 639 4477 eveniat,
674 4412 965 4466 fateantur
986 4410 1044 4463 in
1070 4409 1213 4465 actis
1236 4417 1598 4467 sacramento
1623 4415 1878 4484 prmstito

1517 290 1913 344 PANORMIA.
1947 316 2017 328 —
2047 290 2178 341 LIB.
2224 290 2318 341 VI.

3486 289 3624 344 1258

2452 436 2587 491 CAP.
2636 434 2797 490 LXX.
2834 441 2911 491 De
2941 435 3147 492 eodem.

2409 523 2631 580 Novell.
2665 525 2864 581 Const.
2894 526 2987 594 27,
3018 541 3068 580 c.
3104 526 3189 581 11.

2050 614 2182 682 (1.1,
2214 630 2264 671 c.
2298 614 2373 670 De
2416 614 2690 684 secundis,
2745 619 2801 669 et
2848 614 2889 670 1.
2940 615 3109 685 Solet,
3159 631 3209 671 c.
3256 614 3460 672 Mulier
3504 632 3629 688 quae

1976 708 2103 759 ante
2132 705 2393 774 annum.)
2416 703 2477 760 Si
2500 703 2715 760 mulier
2737 708 2869 775 post
2890 708 3134 761 mortem
3155 704 3353 761 mariti
3375 706 3628 762 necdum

1977 793 2176 849 annali
2198 792 2383 865 spatio
2415 792 2723 865 completo,
2757 794 2828 849 ad
2854 794 3143 849 secundas
3161 794 3397 865 nuptias
3420 811 3629 866 prope-

1979 882 2219 951 raverit,
2251 881 2412 937 omni
2444 880 2680 954 quidem
2713 882 2883 937 modo
2914 881 3068 937 inter
3110 882 3361 939 infames
3399 882 3543 953 erit;
3580 883 3629 940 si

1981 971 2220 1042 quidem
2251 970 2467 1027 liberos
2496 986 2565 1026 ex
2595 969 2781 1043 priori
2811 969 3190 1026 matrimonio
3222 988 3339 1027 non
3395 972 3632 1043 habeat,

1981 1060 2286 1115 infamiam
2311 1061 2552 1132 quidem
2584 1059 2806 1116 solvere
2834 1059 3069 1131 poterit,
3092 1060 3137 1115 si
3158 1074 3360 1132 preces
3379 1060 3634 1132 impera-

1980 1147 2093 1204 tori
2124 1149 2469 1219 porrexerit,
2501 1150 2558 1203 et
2588 1146 2782 1203 divino
2814 1146 3098 1219 principis
3122 1151 3269 1203 nutu
3297 1147 3473 1219 priori
3506 1147 3634 1219 opi-

1985 1236 2147 1292 nioni
2178 1237 2449 1293 restituta
2478 1237 2674 1305 fuerit,
2726 1254 2817 1292 res
2876 1240 3076 1292 autem
3128 1255 3161 1293 a
3204 1235 3383 1310 priori
3428 1237 3638 1293 marito

1985 1325 2099 1381 sibi
2131 1325 2367 1382 relictas
2398 1324 2559 1381 nullo
2592 1326 2766 1382 modo
2796 1324 3148 1382 lucrabitur.

1985 1418 2115 1469 CAP.
2149 1413 2335 1494 LXXI.
2371 1415 2573 1494 Mulier
2604 1415 2702 1486 qui
2749 1414 3146 1494 artsecundas
3191 1424 3458 1494 properat
3499 1434 3642 1491 nup-

2156 1487 2288 1555 tias,
2316 1503 2433 1541 non
2466 1488 2653 1541 utatur
2677 1487 2995 1558 privilegiis
3021 1489 3227 1558 prioris
3262 1490 3475 1545 mariti.

2059 1574 2269 1630 Mulier
2298 1592 2424 1646 quas
2458 1576 2530 1631 ad
2563 1576 2855 1632 secundas
2884 1575 3160 1647 migravit
3189 1578 3429 1650 nuptias
3461 1577 3640 1650 privi-

1986 1664 2155 1735 legiis
2184 1663 2271 1720 vel
2298 1664 2690 1736 dignitatibus
2720 1664 2934 1736 prioris
2965 1664 3161 1721 mariti
3193 1683 3307 1722 non
3350 1671 3567 1724 utatur.

1988 1776 2121 1827 CAP.
2158 1772 2371 1845 LXXII.
2394 1771 2594 1828 Mulier
2613 1788 2734 1845 qua;
2753 1771 3002 1845 ﬁliorum
3022 1772 3253 1845 tutelam
3273 1772 3457 1845 habet,
3480 1775 3640 1845 prius

2062 1843 2556 1917 rationemtutelae
2593 1843 2813 1913 reddat,
2851 1852 2903 1917 et
2946 1844 3190 1900 debitum
3226 1844 3425 1916 soluat,
3476 1843 3641 1917 'quam

2060 1916 2131 1971 ad
2158 1915 2422 1971 secundas
2446 1917 2673 1988 nuptias
2701 1915 2937 1971 accedat.

2062 2005 2120 2059 Si
2154 2003 2369 2060 mulier
2389 2003 2710 2059 liberorum
2736 2020 2980 2059 suorum
3002 2002 3250 2060 tutelam
3263 2003 3639 2061 administra-

1988 2092 2090 2158 vit,
2124 2096 2331 2165 etpost
2356 2092 2693 2148 inchoatam
2725 2092 3296 2150 administrationem
3333 2093 3405 2149 ad
3431 2110 3645 2151 secun-

1989 2181 2096 2237 das
2126 2180 2364 2252 nuptias
2395 2180 2647 2254 migrare
2677 2180 2946 2250 voluerit,
2979 2182 3145 2255 prius
3177 2182 3314 2239 filiis
3353 2182 3480 2239 suis
3530 2184 3644 2239 im-

1988 2269 2312 2342 puberibus
2340 2274 2596 2326 tutorem
2647 2274 2845 2343 petere
2892 2271 3085 2339 debet,
3131 2272 3303 2343 eique
3356 2271 3643 2327 rationem

1989 2359 2526 2416 administrationis
2548 2376 2667 2415 suae
2692 2361 2934 2416 reddere
2950 2361 3121 2416 debet
3143 2377 3160 2429 ;
3184 2366 3243 2417 et
3263 2365 3395 2433 post
3416 2360 3646 2416 reddita

1988 2448 2233 2517 ratione,
2268 2448 2316 2504 si
2350 2448 2604 2504 debitrix
2634 2453 2935 2522 appareat,
2969 2448 3231 2505 debitum
3284 2467 3459 2506 suum
3510 2466 3641 2523 per-

1988 2537 2211 2594 solvere
2244 2538 2438 2594 debet.
2479 2537 2721 2609 Deinde,
2776 2538 2825 2594 si
2874 2538 3034 2608 velit,
3082 2539 3153 2594 ad
3204 2539 3638 2595 matrimonium

1988 2627 2318 2682 secundum
2349 2626 2560 2682 veniet.
2595 2626 2653 2682 Si
2695 2630 2914 2695 autem,
2949 2626 3058 2682 bac
3082 2626 3488 2684 observatione
3509 2644 3642 2684 con-

1988 2720 2230 2787 tempta,
2255 2716 2545 2773 secundas
2566 2715 2916 2772 contraxerit
2932 2715 3311 2787 nuptias,non
3334 2716 3529 2773 solum
3547 2732 3640 2773 res

1989 2806 2200 2878 ipsius,
2231 2806 2289 2861 id
2322 2810 2411 2862 est
2438 2805 2665 2873 matris,
2701 2805 2900 2861 liberis
2932 2805 3060 2876 ejus
3092 2805 3432 2877 bypothecze
3466 2806 3639 2863 titulo

1989 2898 2377 2967 supponatur,
2412 2895 2512 2950 sed
2544 2894 2715 2951 etiam
2744 2911 2835 2950 res
2864 2894 3056 2950 vitrici
3082 2911 3151 2951 ex
3169 2895 3474 2967 praesentis
3504 2913 3641 2952 con-

1989 2984 2317 3041 stitutionis
2352 2984 2723 3040 auctoritate.

2431 3074 2565 3129 CAP.
2602 3074 2853 3129 LXXIII.
2886 3075 2964 3129 De
2994 3073 3200 3130 eodem.

2407 3162 2720 3218 Constitut.
2754 3162 2793 3218 l.
2827 3180 3052 3232 Lxxxxv,
3085 3180 3135 3219 ο.
3170 3163 3222 3220 1.

2062 3252 2122 3326 (1.
2157 3271 2195 3322 1,
2227 3269 2278 3309 c.
2311 3253 2384 3308 De
2410 3252 2665 3309 secundis
2702 3254 2881 3325 nupt.)
2930 3252 2989 3309 Si
3040 3257 3229 3308 mater
3279 3252 3485 3309 marito
3534 3254 3640 3310 de-

1991 3344 2188 3398 functo
2216 3342 2469 3398 ﬁliorum
2507 3358 2751 3398 suorum
2783 3341 3029 3396 tutelam
3061 3342 3392 3412 gubernare
3415 3342 3635 3399 malue-

1989 3435 2085 3500 rit,
2118 3432 2415 3489 renuntiet
2444 3432 2721 3488 secundis
2752 3431 2974 3503 nuptiis
3004 3430 3305 3501 injudicio
3332 3434 3637 3504 cumjure-

1980 3522 2276 3593 jurando;
2313 3538 2406 3576 res
2422 3525 2614 3576 autem
2648 3536 2787 3575 suas
2808 3519 2925 3576 ﬁlio
2948 3536 3058 3576 suo
3082 3518 3375 3593 impuberi
3392 3521 3634 3595 obliget,

1990 3616 2165 3683 atque
2197 3610 2278 3666 ita
2306 3609 2359 3666 ei
2388 3607 2573 3664 tutela
2602 3608 2963 3665 eomittatur.

2431 3700 2564 3757 CAP.
2598 3699 2841 3756 LXXIV.
2878 3702 2949 3756 De
2977 3700 3180 3758 eodem.

2448 3794 2597 3861 Aug.
2632 3791 2706 3845 De
2737 3791 2915 3860 bene].
2949 3792 3170 3863 conjug.

2059 3880 2173 3952 (32,
2204 3897 2260 3951 q.
2306 3881 2362 3951 7,
2413 3896 2462 3934 c.
2516 3880 2689 3951 Usque
2736 3879 2907 3951 adeo.)
2957 3879 3154 3952 Usque
3204 3882 3346 3937 adeo
3398 3886 3641 3951 manent

1987 3969 2142 4024 inter
2167 3969 2421 4025 viventes
2453 3968 2636 4024 semel
2669 3968 2815 4024 inita
2836 3970 2975 4040 jura
3024 3969 3389 4041 nuptiarum,
3440 3975 3506 4025 ut
3534 3987 3639 4042 po-

1989 4057 2105 4113 tius
2158 4057 2277 4113 sint
2307 4057 2459 4113 inter
2494 4073 2556 4113 se
2586 4058 2868 4130 conjuges
2907 4060 3085 4115 etiam
3132 4059 3410 4131 separati,
3461 4075 3640 4131 quam

1989 4162 2123 4201 cum
2156 4145 2250 4201 his
2281 4146 2499 4217 quibus
2531 4146 2927 4202 adhaeserunt.
2962 4148 3027 4201 Et
3051 4156 3173 4219 post
3194 4165 3214 4202 :

2061 4234 2421 4290 Manetinter
2436 4235 2696 4291 viventes
2710 4236 3009 4307 quoddam
3022 4235 3319 4291 vinculum
3335 4236 3642 4310 conjugale

1989 4324 2140 4394 quod
2174 4339 2276 4379 nec
2299 4324 2615 4396 separatio,
2649 4341 2754 4380 nec
2778 4341 2912 4380 cum
2937 4324 3118 4381 altero
3141 4325 3432 4398 copulatio
3456 4328 3644 4400 possit

1988 4414 2237 4483 auferre,
2299 4413 2452 4469 sicut
2492 4416 2760 4485 apostata
2814 4413 3013 4470 anima
3060 4413 3218 4470 velut
3256 4416 3327 4471 de
3371 4415 3642 4489 conjugio

230 4507 302 4560 ad
332 4504 478 4559 alias
512 4518 572 4556 se
606 4500 845 4571 nuptias
905 4514 1021 4554 non
1068 4499 1287 4554 venire.
1340 4500 1491 4555 Sane
1540 4500 1598 4556 in
1647 4503 1881 4573 optione
1917 4552 1956 4575 η
1991 4501 2205 4557 Christi
2229 4502 2712 4569 recedens,etiam
2737 4502 2851 4558 fide
2872 4503 3103 4575 perdita
3123 4509 3559 4561 sacramentum
3582 4507 3646 4560 Ii-

230 4552 302 4560 -..
333 4552 476 4559 ππ-
512 4552 567 4556 -ν
1115 4552 1127 4554 -
1652 4552 1877 4573 γης-η
1999 4552 3617 4575 v~——---—"nn-www---—-run—"unumun-

229 4590 637 4664 hujuscemodi
672 4588 835 4643 nulla
868 4592 1128 4659 cogetur,
1163 4590 1264 4644 sed
1296 4588 1483 4645 libera
1512 4590 1570 4645 in
1605 4592 1880 4648 conditio~
1914 4552 1958 4615 Β
1995 4590 2086 4645 dei
2110 4607 2224 4646 non
2248 4590 2652 4663 amittit,quod
2673 4590 2900 4647 lavacro
2924 4593 3641 4667 regenerationisaccepit.

230 4700 334 4738 nes
366 4698 512 4753 quas
545 4678 975 4751 przestituimus
1015 4676 1314 4733 voluntate
1367 4678 1701 4736 descendat.
1735 4681 1882 4738 Nam

230 4773 279 4828 si
312 4768 583 4826 maluerit
617 4766 731 4823 alia
754 4769 954 4838 optare
978 4765 1372 4834 matrimonia,
1394 4768 1604 4825 tutelas
1630 4770 1881 4827 ﬁliorum

230 4859 648 4917 administrare
679 4871 793 4912 non
830 4855 1025 4911 debet.

1995 4679 2357 4736 Redderetur
2371 4681 2527 4736 enim
2553 4679 2754 4753 procul
2777 4681 2955 4737 dubio
2977 4682 3333 4751 redeunti,si
3349 4684 3650 4740 amisisset

1995 4769 2315 4825 abscedens
2343 4788 2359 4840 ;
2391 4767 2568 4825 habet
2600 4773 2793 4826 autem
2827 4770 2936 4827 hoc
2966 4771 3068 4844 qui
3104 4772 3413 4830 recesserit
3443 4774 3514 4829 ad
3546 4789 3645 4828 cu-

1995 4860 2225 4917 mulum
2259 4860 2557 4933 supplicii,
2591 4878 2708 4918 non
2736 4862 2805 4919 ad
2840 4863 3148 4935 premium
3182 4864 3397 4921 meriti.

553 5081 653 5141 DE
697 5076 1084 5142 CONJUGIO
1128 5079 1472 5145 ILLORUM
1521 5082 2109 5227 QUORleté
2154 5085 2339 5146 SINE
2382 5086 2693 5147 ALTERO
2731 5087 3327 5150 CONTINENTIAM

236 5270 371 5322 CAP.
406 5259 631 5343 LXXV._
659 5258 1266 5343 Conjugaleavinculum
1312 5277 1424 5317 non
1451 5263 1889 5343 solvitur,.pr0p-

2001 5268 2246 5338 petuum
2271 5265 2591 5332 continere,
2616 5266 2770 5321 absit
2787 5270 2851 5321 ut
2872 5263 3171 5321 vinculum
3195 5265 3349 5322 inter
3369 5262 3502 5321 illos
3519 5282 3653 5324 con-

310 5331 1244 5430 ίέίζ,ρξῖξῗίῖᾒῇλξῆξίίηθηίίαων
1294 5348 1558 5389 comem“
1607 5331 1892 5407 υίνίξλδίὶἷλθ
1992 5331 2196 5427 iugale
2229 5356 2575 5428 rumpatur!
2610 5356 2729 5411 imo
2771 5355 3004 5410 firmius
3052 5353 3162 5410 erit
3208 5372 3321 5426 quo
3370 5357 3557 5430 magis
3588 5374 3656 5415 ea

309 5402 559 5476 conjugis
588 5402 939 5457 servandam.

2001 5450 2170 5516 pacta
2202 5462 2330 5517 quae
2359 5462 2560 5502 secum
2590 5444 2869 5510 inierunt,
2904 5461 3033 5516 qua:
3066 5444 3299 5502 charius
3348 5448 3658 5502 concordi-

306 5533 421 5606 (32,
456 5547 513 5601 q.
543 5531 601 5595 7,
633 5544 682 5585 c.
720 5529 895 5599 Usque
916 5528 1096 5600 adeo.)
1146 5527 1370 5592 Quibus
1416 5546 1549 5586 vero
1607 5531 1893 5602 placuerit
2001 5549 2189 5603 usque
2222 5535 2508 5591 servanda
2532 5536 2690 5600 sunt,
2712 5549 2829 5588 non
2858 5530 3202 5603 voluptariis
3223 5549 3535 5605 corporum
3559 5551 3656 5593 ne-

241 5642 310 5681 ex
337 5634 635 5680 consensu
665 5619 736 5674 ab
769 5635 882 5676 usu
913 5618 1135 5676 carnali
1168 5618 1652 5692 concupiscentiae
1682 5622 1741 5679 in
1768 5639 1892 5695 per-

562 5750 831 5809 Paraon.
879 5747 1083 5807 CLXI.

1998 5625 2172 5681 xibus
2202 5626 2301 5682 sed
2335 5623 2684 5682 voluntariis
2715 5623 3021 5681 affectibus
3045 5623 3401 5682 animorum.

3254 5759 3335 5820 40
