3936 6056
288 258 292 269 ’
366 275 505 329 1259

1452 275 1517 324 D.
1561 274 1803 325 IVONIS
1839 270 2331 325 CARNOTENSIS
2368 273 2687 326 EPISCOPI

3651 275 3811 328 1260

363 402 494 454 CAP.
530 395 768 453 LXXVI.
791 396 935 469 Sine
954 394 1287 469 conscientia
1322 394 1561 465 episwpi
1595 394 1723 469 uiro
1771 396 1821 449 et
1853 393 2017 448 uxori
2046 401 2095 467 Α
2126 408 2258 448 rum
2288 393 2497 462 virum,
2531 393 2670 466 quia
2700 409 2835 451 cum
2864 410 2929 455 se
2957 410 3075 457 non
3124 394 3504 465 continuerit,
3562 404 3809 469 quaeret

639 484 805 524 causa
824 465 1118 538 religionis
1148 466 1417 521 divertere
1446 481 1558 521 neu
1587 465 1738 521 licet.

510 559 729 632 Eugen.
768 573 900 629 pap.
936 572 1003 612 ex
1031 555 1269 680 Syrioctlﬁ,
1305 573 1354 613 c.
1382 555 1474 627 36,
1509 554 1619 611 sub
1652 553 1874 610 Ludov.

1159 643 1188 680 ο
1266 669 1277 680 .

1159 643 1277 681 ΟῐΠ.

442 718 555 786 (27,
590 734 647 790 q.
678 719 733 785 2,
770 734 821 787 c,
852 716 914 771 Si
943 715 1075 787 vir.)
1106 714 1162 769 Si
1197 714 1285 768 vir
1313 718 1370 769 et
1399 731 1545 769 uxor
1595 712 1879 769 divertere
1930 711 2019 767 in-

368 812 457 863 ter
486 823 549 863 se
578 822 681 878 pro
711 805 835 862 sola
866 804 1137 879 religiosa
1166 804 1285 858 vita
1314 801 1740 870 consenserint,
1777 800 2025 857 nullate-

369 913 483 951 nus
514 895 639 951 sine
669 893 1025 949 conscientia
1056 892 1314 966 episcopi
1358 893 1501 960 fiat;
1558 894 1620 947 ut
1667 891 1738 947 ab
1789 906 1855 945 eo
1896 888 2021 945 loco

372 982 752 1057 singulariter
780 982 1014 1055 proviso
1044 980 1499 1038 constituantur.
1532 979 1679 1036 Nam
1714 995 1891 1034 uxore
1922 995 2019 1033 vo-

370 1072 527 1129 lente
548 1075 648 1129 aut
678 1068 861 1127 altero
892 1087 1116 1143 eorum,
1150 1070 1322 1125 etiam
1356 1085 1457 1145 pro
1488 1067 1590 1124 tali
1622 1084 1683 1124 re
1715 1066 2021 1123 matrimo~

282 1148 285 1165 ’
371 1161 539 1217 nium
572 1178 687 1217 non
721 1160 985 1217 solvitur.

364 1267 502 1324 CAP.
538 1267 812 1323 LXXVII.
847 1266 1215 1327 Continentize
1247 1276 1363 1325 vota
1404 1282 1512 1321 nou
1546 1264 1671 1321 licet
1721 1264 2016 1335 suscipere,

637 1340 752 1395 nisi
772 1339 1019 1394 eamdem
1042 1341 1215 1393 vitam
1247 1337 1331 1393 vir
1359 1340 1477 1409 ejus
1506 1337 1751 1410 elegerit.

897 1427 1082 1485 Nicol.
1117 1426 1316 1483 Carolo
1352 1425 1493 1500 regi.

440 1517 554 1591 (27,
586 1534 642 1590 q.
673 1517 729 1587 2,
764 1533 812 1572 c.
845 1517 1079 1589 Scripsit
1109 1516 1313 1588 nobis.)
1344 1515 1596 1588 Scripsit
1625 1512 1793 1571 nobis
1832 1512 2021 1569 Theo-

370 1607 551 1677 berga
583 1605 787 1677 regina
816 1622 879 1662 se
906 1605 1050 1663 velle
1076 1605 1362 1679 dignitate
1392 1621 1496 1662 seu
1536 1602 1745 1675 copula
1777 1600 1930 1671 exui,
1964 1604 2023 1656 et

372 1694 499 1751 sola
532 1695 755 1769 privata
793 1694 912 1751 vita
961 1712 1089 1751 esse
1138 1699 1471 1751 contentam
1526 1692 1880 1761 desiderare,
1925 1689 2020 1745 cui

371 1801 479 1839 nos
510 1784 883 1858 scripsimus,
916 1801 1032 1841 non
1063 1784 1172 1841 hoc
1203 1783 1372 1841 aliter
1394 1782 1516 1841 ﬁeri
1541 1798 1711 1857 posse
1733 1780 1845 1842 nisi
1863 1794 2021 1836 eam-
2051 1777 2099 1847 B

370 1873 505 1928 dem
537 1873 717 1928 vitam
750 1873 962 1944 conjux
992 1873 1121 1943 ejus
1153 1872 1460 1931 Lotbarius
1489 1869 1748 1944 elegerit.

369 1981 503 2037 Car.
537 1980 834 2038 LXXVIII.
865 1980 1045 2036 Causa
1072 1978 1366 2108 νέἐὲρὶίίηἰε
1414 1977 1677 2049 coniugia
1722 1976 1862 2034 solvi
1906 1992 2019 2031 non

1185 2068 1252 2108 ea
1280 2093 1295 2107 .

1185 2068 1295 2109 ent.

370 2143 452 2199 Ex
507 2140 678 2214 epist.
737 2141 908 2214 Greg.
970 2141 1044 2200 ad
1088 2139 1457 2201 Theotiscam
1498 2137 1830 2212 patriciam,
1863 2135 1904 2194 l.
1937 2153 2015 2195 ιχ.

440 2231 556 2303 (27,
587 2247 643 2302 q.
675 2230 731 2299 2,
764 2247 816 2289 ο.
846 2233 989 2287 Sunt
1012 2228 1157 2302 qui.)
1183 2228 1242 2285 Si
1273 2229 1481 2285 dicunt
1508 2226 1695 2299 aliqui
1716 2224 2018 2298 religionis

372 2337 553 2377 causa
579 2318 855 2392 conjugis.
884 2318 1094 2379 debero
1124 2317 1387 2387 dissolvi,
1419 2316 1727 2375 sciendum
1745 2318 1836 2371 est
1857 2314 2016 2386 quia,

372 2414 430 2465 et
458 2409 506 2467 si
534 2408 645 2467 hoc
674 2407 767 2469 lex
795 2408 1054 2467 humana
1083 2406 1397 2477 concessit,
1429 2405 1523 2466 lex
1563 2410 1759 2461 tamen
1819 2402 2027 2477 divina,

372 2496 713 2570 prohibuit:
747 2513 851 2571 per
877 2512 941 2556 se
970 2498 1125 2555 enim
1157 2496 1387 2555 Veritas
1432 2493 1620 2563 dixit:
1673 2491 1822 2563 Quod
1877 2491 2018 2549 Deus

373 2588 690 2658 coajuuazit,
710 2592 820 2645 etc.
851 2586 1060 2659 (Matth.
1084 2586 1222 2658 xxx).
1240 2585 1378 2653 Quas
1394 2585 1570 2641 etiam
1595 2583 1679 2641 ait
1705 2599 1720 2640 :
1743 2582 1866 2643 Non
1898 2581 2019 2637 licet

371 2675 652 2737 dimittere
681 2692 914 2735 uxorem
943 2681 1172 2745 excepta
1195 2691 1364 2735 causa
1390 2673 1778 2745 fornicationis
1806 2669 2014 2744 (ibid).

372 2766 515 2825 Item
543 2782 556 2821 :
589 2766 649 2822 Si
679 2765 769 2823 vir
795 2773 850 2822 et
882 2782 1027 2823 uxor
1069 2782 1187 2823 una
1234 2780 1368 2822 caro
1415 2768 1556 2823 sunt
1602 2765 1660 2819 et
1711 2757 2016 2833 religionis

368 2869 548 2913 causa
575 2855 662 2913 vir
691 2854 939 2913 dimittit
960 2872 1220 2920 uxorem,
1246 2853 1334 2909 vel
1360 2853 1570 2913 mulier
1598 2851 1787 2909 virum
1808 2850 1869 2905 in
1905 2848 2015 2905 hoc

365 2945 587 3000 mundo
616 2949 1042 3010 remanentem,
1063 2943 1148 2999 vel
1170 2943 1413 3001 forsitan
1433 2942 1503 2997 ad
1533 2939 1734 2997 illicita
1757 2939 2012 3012 migran-

365 3040 505 3098 lem,
537 3049 668 3104 quae
699 3037 790 3088 est
821 3033 936 3093 ista
964 3032 1264 3093 conversio
1296 3032 1354 3091 in
1387 3048 1503 3103 qua
1535 3031 1735 3087 eadem
1780 3045 1913 3084 caro
1944 3044 2013 3081 ex

365 3125 529 3192 parte
560 3120 778 3192 transit
800 3121 871 3177 ad
905 3121 1330 3181 continentiam
1360 3126 1416 3179 et
1459 3137 1526 3181 ex
1558 3123 1717 3189 parte
1748 3121 2011 3172 remanet

366 3209 429 3265 in
457 3207 818 3279 pollutione?
836 3209 895 3265 Si
916 3226 1050 3266 vero
1076 3210 1341 3280 utrisque
1369 3208 1676 3269 conveniat
1709 3205 2009 3267 continen-

366 3302 489 3355 tem
508 3296 688 3359 vitam
706 3298 937 3367 ducere,
964 3299 1073 3357 boc
1095 3298 1230 3370 quis
1253 3298 1467 3359 audeat
1487 3312 1766 3355 accusare
1786 3294 1813 3353 ‘t
1836 3294 2009 3351 Item:

369 3391 516 3443 Cum
541 3387 679 3447 boni
701 3389 982 3461 oonjuges
1007 3392 1110 3447 aut
1132 3386 1407 3449 meritum
1423 3402 1638 3459 augere
1657 3384 2013 3454 desiderant,

357 3481 507 3550 ante
532 3480 673 3535 actas
700 3476 829 3537 vitae
858 3474 1064 3549 culpas
1093 3475 1306 3548 delere,
1331 3481 1396 3531 ut
1415 3492 1480 3537 se
1500 3475 1572 3531 ad
1595 3471 2013 3533 continentiam

367 3566 720 3637 astringant,
753 3570 811 3621 et
840 3566 1140 3625 meliorem
1166 3566 1343 3621 vitam
1394 3568 1692 3639 appetant,
1733 3562 1888 3620 licet.
1950 3562 2010 3618 Si

363 3670 499 3709 vero
528 3653 956 3727 continentiam
987 3671 1164 3725 quam
1198 3654 1285 3710 vir
1313 3654 1557 3731 appetit,
1589 3651 1800 3707 mulier
1843 3667 2008 3705 recu-

362 3747 474 3812 set,
506 3742 687 3798 dividi
718 3743 1057 3815 conjugium
1092 3759 1206 3799 non
1232 3742 1387 3809 licet,
1413 3740 1554 3817 quia
1576 3740 1860 3811 scriptum
1886 3745 2001 3794 est:

358 3829 560 3891 Mulier
595 3834 915 3903 potestatem
955 3832 1046 3887 sui
1075 3832 1318 3905 corporis
1372 3845 1483 3887 non
1513 3828 1691 3894 habet,
1740 3827 1836 3887 sed
1887 3826 2003 3889 vir;

353 3922 621 3981 similiter
641 3924 693 3981 et
721 3920 808 3985 vir
833 3923 1152 3993 potestatem
1178 3920 1271 3977 sui
1296 3918 1537 3995 corporis
1566 3932 1675 3977 non
1702 3915 1880 3986 habet,
1909 3916 2002 3972 sed

353 4012 560 4067 mulier
580 4011 629 4085 (I
657 4010 779 4068 Cor.
810 4009 933 4080 vn).

351 4099 485 4156 CAP.
519 4100 781 4156 LXXIX.
812 4098 943 4156 Sine
985 4097 1195 4223 uxorisl
1208 4096 1520 4224 uoluntate,
1552 4096 1671 4155 viro
1715 4094 1998 4153 continere

1022 4185 1134 4224 non
1201 4184 1278 4224 tce
1308 4210 1320 4223 .

1022 4185 1134 4226 non
1173 4184 1320 4225 ιιεθι.

764 4261 1015 4332 August.
1048 4258 1120 4313 De
1149 4256 1323 4312 adult.
1354 4256 1570 4329 conjug.

416 4351 529 4423 (27,
562 4366 620 4422 q.
651 4353 705 4417 2,
740 4366 789 4405 c.
822 4349 884 4404 Si
920 4355 983 4403 tu
1015 4347 1305 4417 abstines.)
1338 4346 1395 4402 Si
1444 4352 1505 4401 tu
1556 4345 1818 4401 abstines
1865 4344 1991 4399 sine

344 4440 540 4495 uxoris
568 4438 891 4509 voluntate,
922 4436 1130 4495 tribuis
1158 4436 1207 4492 ei
1243 4434 1567 4492 fornicandi
1589 4434 1908 4506 licentiam,
1935 4438 1992 4489 et

2127 482 2396 537 alteram.
2429 483 2575 547 Quid
2609 499 2819 539 sumus
2848 482 3063 540 dicturi
3086 483 3369 541 mulieri?
3387 489 3599 542 Nonne
3625 487 3801 558 quod

2127 569 2271 625 dicit
2298 571 2570 627 Ecclesia:
2603 588 2748 629 sana
2773 572 3082 628 doctrina?
3108 595 3138 624 ‹‹
3172 574 3371 630 Redde
3396 574 3670 631 debitum
3712 576 3805 631 vi-

2126 674 2210 729 ro,
2248 676 2320 715 ne
2348 661 2490 716 dum
2522 665 2583 717 tu
2610 660 2824 733 quaeris
2854 661 3012 717 unde
3037 660 3297 737 amplius
3328 662 3670 733 honoraris,
3694 663 3805 718 ille

2126 748 2283 803 unde
2314 750 2630 807 damnetur
2658 748 2938 806 inveniat.
2966 771 2995 801 »ι

2126 862 2261 937 Car».
2299 865 2510 922 LXXX.
2562 867 2676 923 Non
2719 867 2898 937 potest
2943 866 3036 923 vir
3078 866 3437 924 continentiae
3480 872 3605 923 rota
3668 883 3801 923 res.-

2194 935 2440 1062 cirtzdere,
2490 953 2617 1009 qua
2661 935 2890 995 assensu
2936 940 3055 1012 ejus
3095 939 3303 995 mulier
3356 940 3466 995 Deo
3511 943 3801 1011 promise-

2198 1024 2250 1062 rz
2282 1049 2294 1062 .

2198 1024 2294 1062 νιι.

2432 1099 2681 1172 August.
2714 1101 2789 1157 ad
2819 1096 3102 1171 Ediciam,
3133 1097 3307 1174 epist.
3340 1098 3470 1156 199.

2200 1204 2310 1274 (33,
2344 1221 2401 1275 q.
2433 1207 2488 1276 5,
2522 1222 2571 1262 c.
2604 1207 2765 1277 Quod
2795 1209 2949 1277 Deo.)
2976 1206 3140 1274 Quod
3173 1206 3292 1263 Deo
3334 1206 3459 1278 pari
3490 1223 3794 1262 consensu

2129 1291 2301 1347 ambo
2334 1293 2638 1364 voveratis,
2673 1299 3113 1370 perseveranter
3142 1311 3331 1368 usque
3362 1295 3423 1351 iu
3445 1294 3627 1350 tinem
3665 1297 3796 1351 red-

2127 1381 2262 1436 dere
2292 1382 2602 1439 debuistis.
2635 1390 2683 1439 A
2715 1401 2833 1458 quo
2864 1385 3168 1458 proposito
3199 1384 3249 1440 si
3278 1383 3483 1456 lapsus
3521 1389 3616 1440 cst
3668 1385 3793 1452 ille,

2127 1472 2190 1523 tu
2224 1468 2436 1525 saltem
2465 1473 2948 1530 constantissime
2980 1488 3311 1546 persevera.
3365 1473 3530 1539 Quod
3586 1479 3642 1528 te
3673 1490 3791 1528 non

2127 1557 2486 1628 exhortarer,
2520 1560 2630 1617 nisi
2663 1562 2802 1634 quia
2832 1562 2940 1619 tibi
2974 1563 3043 1618 ad
3079 1562 3187 1618 hoc
3218 1561 3347 1638 ipse
3378 1566 3792 1618 consenserat.

2125 1645 2274 1703 Nam
2307 1647 2357 1703 si
2389 1666 2694 1722 nunquam
2726 1652 3022 1708 tenuisses
3053 1653 3184 1723 ejus
3214 1668 3550 1718 assensum,
3580 1667 3792 1706 nume-

2131 1752 2233 1791 rus
2254 1741 2312 1792 te
2328 1736 2530 1794 nullus
2551 1740 2913 1797 defendisset
2932 1757 3246 1797 annorum.
3281 1743 3424 1797 Item
3445 1757 3459 1798 :
3488 1740 3617 1795 Non
3650 1739 3794 1811 quia

2129 1825 2348 1897 pariter
2389 1829 2806 1901 temperabatis
2834 1848 2868 1886 a
2898 1830 3313 1886 commistione
3360 1828 3608 1895 carnali,
3659 1828 3791 1883 ideo

2127 1915 2378 1971 maritus
2410 1920 2548 1973 tuus
2579 1934 2707 1975 esse
2738 1919 3067 1988 destiterat,
3100 1919 3219 1974 imo
3251 1934 3386 1974 vero
3418 1922 3583 1974 tanto
3610 1934 3781 1974 sanc-

2125 2002 2246 2060 tius
2267 2004 2419 2061 inter
2438 2022 2539 2063 vos
2566 2008 2850 2079 conjuges
2876 2007 3228 2076 manebatis,
3254 2012 3476 2080 quanto
3513 2007 3779 2063 sanctio-

2126 2108 2192 2149 ra
2216 2096 2583 2152 concorditer
2611 2098 2826 2170 placita
2858 2096 3205 2154 servabatis.
3236 2095 3392 2153 Nihil
3424 2112 3563 2168 ergo
3585 2095 3658 2152 de
3678 2101 3785 2151 tua

2125 2185 2304 2252 veste,
2337 2183 2484 2239 nihil
2511 2185 2583 2240 de
2615 2202 2756 2241 auro
2788 2184 2875 2242 vel
2903 2192 3166 2259 argento,
3191 2183 3281 2241 vel
3303 2200 3660 2257 quacunque
3684 2201 3783 2255 pc-

2126 2271 2320 2343 cunia,
2352 2272 2440 2328 vel
2471 2276 2649 2331 rebus
2692 2274 2832 2330 ullis
2885 2274 3134 2331 terrenis
3186 2273 3307 2329 tuis
3357 2272 3485 2329 sine
3533 2272 3784 2328 arbitrio

2125 2360 2255 2432 ejus
2281 2360 2469 2419 facere
2489 2363 2764 2421 debuisti.
2800 2366 2943 2420 Item
2968 2379 2982 2419 :
3016 2364 3121 2420 Est
3150 2361 3390 2437 quidam
3415 2378 3519 2435 pro
3542 2362 3785 2416 modulo

2127 2463 2389 2523 personae
2420 2449 2658 2508 habitus
2689 2450 3167 2519 matrimonialis,
3197 2468 3232 2508 a
3260 2450 3480 2506 viduali
3513 2453 3678 2505 veste
3700 2448 3781 2503 di-

2126 2536 2401 2610 stinctus,
2432 2540 2535 2613 qui
2566 2544 2756 2614 potest
2779 2540 3051 2596 fidelibus
3073 2538 3421 2611 conjugatis,
3444 2537 3615 2594 salva
3654 2537 3779 2593 reli-

2126 2625 2313 2697 gionis
2361 2645 2540 2686 causa
2592 2629 2679 2685 vel
2721 2628 3094 2686 observantia
3142 2627 3472 2685 convenire.
3522 2626 3694 2682 Nunc
3728 2632 3780 2682 te

2126 2716 2373 2772 maritus
2402 2716 2453 2773 si
2485 2718 2773 2790 deponere
2801 2717 3072 2786 voluerit,
3106 2734 3178 2774 ne
3209 2721 3267 2772 te
3297 2716 3456 2772 velut
3511 2716 3778 2780 viduam,

2123 2802 2225 2860 illo
2254 2804 2502 2872 vivente,
2524 2807 2805 2878 jactares,
2841 2811 2980 2879 puto
3013 2806 3152 2877 quia
3183 2821 3298 2861 non
3331 2805 3524 2861 fuerat
3554 2806 3617 2859 in
3670 2805 3777 2859 hac

2122 2908 2185 2947 re
2218 2910 2404 2966 usque
2434 2896 2507 2950 ad
2537 2895 2927 2953 dissensionis
2958 2893 3305 2955 scandalum
3337 2895 3779 2967 perducendus,

2123 2983 2314 3056 magis
2344 2984 2751 3043 inobedientim
2784 2985 2955 3051 malo,
2990 3000 3168 3061 quam
3204 2981 3363 3039 illius
3401 2983 3776 3038 abstincnliw

2120 3069 2294 3137 bono.
2328 3072 2490 3137 Quod
2523 3073 2680 3130 enim
2712 3074 3028 3132 absurdius
3057 3090 3234 3149 quam
3254 3070 3560 3128 mulierem
3585 3074 3658 3126 de
3680 3073 3773 3124 im-

2041 3142 2085 3212 (Σ
2125 3157 2250 3213 mili
2281 3164 2440 3218 veste
2467 3161 2593 3218 viro
2623 3163 2949 3237 superbire,
2979 3142 3093 3219 cui
3122 3164 3181 3218 te
3227 3160 3423 3237 potius
3474 3161 3777 3235 expediret

2123 3244 2528 3318 obtemperare
2558 3250 2822 3306 candidis
2844 3250 3108 3306 moribus
3138 3266 3316 3321 quam
3338 3247 3573 3323 nigellis
3600 3248 3770 3303 vcsti-

2123 3331 2235 3387 bus
2264 3350 2591 3409 repugnare
2615 3337 2642 3392 ‘t
2662 3337 2933 3403 Quiaetsi
2959 3336 3444 3393 teindumentum
3468 3337 3772 3392 monacho:

2121 3420 2470 3494 delectabat,
2502 3425 2612 3481 hoc
2628 3425 2804 3481 etiam
2837 3425 3063 3499 gratius
3085 3430 3283 3498 posset
3309 3424 3520 3481 marito
3542 3430 3648 3480 tuo
3670 3427 3769 3481 ob-

2121 3517 2347 3568 servato
2364 3520 2710 3586 exoratoque
2733 3516 2910 3587 sumi,
2935 3532 3110 3589 quam
3132 3515 3234 3572 illo
3263 3513 3602 3571 inconsulto
3629 3532 3765 3570 con-

2118 3604 2462 3677 temptoque
2492 3607 2764 3678 praesumi
2791 3626 2805 3676 ;
2839 3607 2994 3678 quod
3026 3607 3075 3662 si
3106 3604 3347 3662 omnino
3376 3622 3494 3662 non
3521 3605 3761 3672 sineret,

2119 3693 2262 3764 quid
2290 3699 2393 3750 tuo
2423 3695 2720 3767 proposito
2750 3695 3086 3769 deperiret?
3116 3695 3272 3752 absit
3303 3699 3369 3751 ut
3402 3694 3540 3751 hinc
3562 3695 3763 3768 displi.

2115 3798 2277 3840 ceres
2306 3784 2443 3854 Deo,
2507 3786 2661 3858 quod
2712 3786 2962 3859 conjuge
3015 3791 3115 3842 tuo
3170 3786 3436 3842 nondum
3482 3786 3761 3842 defuncto

2112 3889 2227 3929 non
2260 3873 2587 3932 induereris
2618 3874 2772 3932 sicut
2800 3878 2987 3949 Anna,
3021 3878 3122 3933 sed
3155 3874 3310 3933 sicut
3339 3875 3634 3931 Susanna.

2109 3987 2244 4044 CAP.
2301 3989 2540 4048 LXXXI.
2592 3990 2893 4065 Conjugati
2937 3993 3247 4051 castitatem
3291 3991 3578 4050 communi
3642 3999 3754 4051 ueto

2584 4069 2854 4132 voventes,
2886 4080 3006 4123 eam
3033 4072 3270 4122 servent.

2440 4156 2691 4224 August.
2726 4153 2795 4208 ad
2827 4154 3055 4209 Armar.
3088 4156 3145 4209 et
3173 4151 3404 4210 Paulin.

2174 4262 2412 4315 Possem
2445 4276 2549 4332 pro
2582 4259 2821 4318 modulo
2854 4277 2980 4320 meo
3010 4260 3171 4335 ipsos
3193 4261 3428 4318 eosdem
3453 4259 3745 4333 pertinen-

2100 4351 2186 4401 tes
2219 4347 2290 4402 ad
2324 4349 2623 4405 dexteram
2658 4366 3023 4423 regnumque
3053 4349 3354 4415 cmlorum,
3394 4353 3453 4405 et
3510 4348 3570 4402 in
3628 4347 3746 4403 suis

2098 4437 2378 4506 gradibus
2408 4438 2633 4493 meritis
2662 4439 3045 4512 distinguere,
3078 4444 3254 4513 atque
3283 4438 3605 4497 ostendere
3634 4454 3740 4509 quo

340 4533 644 4600 peccatum
676 4526 835 4584 illius
865 4532 975 4582 tuae
1004 4523 1395 4598 imputabitur
1424 4523 1813 4581 abstinentiae.
1837 4526 1983 4595 Apo-
2022 4515 2065 4578 Ι)
2097 4526 2325 4582 dill‘crat
2353 4528 2472 4583 vita
2502 4529 2832 4601 conjugalis
2854 4530 3003 4587 lilios
3022 4530 3738 4603 procreantium,patruni,

338 4616 529 4674 stolus
562 4634 665 4673 nec
691 4617 761 4672 ad
782 4622 1036 4691 tempus,
1069 4620 1132 4670 ut
1163 4619 1401 4671 vacetur
1440 4614 1710 4685 orationi,
1754 4613 1865 4668 nisi
1917 4630 1985 4668 ex

336 4704 836 4775 consensu,voluit
866 4705 1145 4778 conjuges
1167 4701 1387 4761 carnali
1423 4702 1671 4760 invicem
1717 4703 1984 4759 fraudare

333 4796 549 4852 debito.
586 4794 731 4851 ltem
756 4809 770 4848 :
801 4793 859 4849 Si
891 4792 1043 4847 dicat
1061 4793 1147 4847 vir
1175 4815 1201 4848 ι
1227 4792 1461 4848 Dimitto
1483 4792 1720 4866 quidem
1742 4808 1982 4847 uxorem

335 4885 462 4941 sine
484 4883 604 4940 ulla
634 4899 811 4938 causa
847 4879 1267 4945 fornicationis,
1301 4881 1399 4936 sed
1435 4880 1739 4936 continens
1762 4897 1981 4953 perma-

335 4974 506 5044 nebo,
538 4995 567 5025 ››
601 4972 809 5029 ideone
839 4969 1102 5026 dicemus
1127 4968 1368 5039 impune
1392 4970 1784 5041 fecisse,quod
1806 4968 1981 5026 fecit?

332 5063 467 5136 quis
498 5063 607 5118 hoc
637 5062 830 5123 dicere
858 5055 1096 5117 audebit
1116 5056 1217 5127 qui
1237 5057 1594 5123 voluntatem
1623 5059 1851 5121 Domini
1870 5059 1980 5119 hoc

2095 4623 2349 4673 matrum
2386 4618 2659 4688 familias,
2680 4625 3079 4677 verumtamen
3103 4619 3510 4693 religiosorum
3531 4634 3597 4673 ac
3621 4616 3735 4690 pio~

2093 4722 2221 4761 rum
2257 4707 2328 4761 ab
2360 4709 2467 4762 hac
2493 4708 2610 4767 vita
2640 4724 2820 4781 quam
2865 4713 2980 4767 Deo
3030 4708 3301 4777 vovistis,
3361 4707 3411 4763 si
3462 4723 3620 4769 nunc
3670 4705 3734 4761 ad

2092 4811 2219 4851 eam
2251 4796 2573 4852 vovendam
2605 4795 3001 4856 exhortandus
3048 4815 3230 4863 esses,
3275 4796 3388 4857 Sed
3438 4795 3580 4868 quia
3617 4796 3733 4871 jam

2088 4884 2318 4952 vovisti,
2344 4886 2470 4957 jam
2509 4889 2566 4942 te
2596 4885 2985 4955 obetrinxisti,
3019 4885 3180 4944 aliud
3236 4887 3343 4942 tibi
3391 4885 3579 4941 facere
3628 4901 3732 4939 non

2086 4973 2241 5031 licet.
2277 4974 2630 5047 Priusquam
2665 4992 2828 5033 esses
2859 4975 2979 5033 voti
3008 4992 3165 5046 reus,
3198 4974 3310 5031 fuit
3338 4973 3593 5029 liberum
3627 4989 3736 5043 quo

2085 5078 2245 5120 esses
2272 5062 2530 5135 inferior,
2562 5064 2834 5136 quamvis
2865 5081 2981 5122 non
3011 5064 3091 5122 sit
3105 5061 3733 5138 gratulandaliberlas,

329 5152 581 5209 dicentis
615 5148 941 5221 intelligit?
972 5145 1248 5219 quoniam
1275 5163 1379 5201 nec
1413 5149 1781 5205 continentia:
1800 5166 1981 5206 causa

325 5242 544 5298 dimitti
576 5241 885 5312 conjugem
918 5239 1134 5309 voluit,
1189 5239 1290 5312 qui
1338 5237 1524 5294 solam
1575 5239 1979 5299 fornicationis

324 5347 559 5389 causam
581 5329 824 5402 excepit.
851 5330 1018 5398 Item,
1051 5347 1185 5388 ecce
1206 5328 1489 5403 placuerit
1524 5327 1757 5385 mulieri
1789 5330 1977 5389 conti-

317 5420 536 5491 nentia,
565 5420 687 5477 viro
720 5436 834 5477 non
868 5419 1107 5492 placuit.
1141 5417 1427 5478 Discessit
1456 5435 1491 5473 a
1513 5417 1637 5473 viro
1662 5417 1896 5485 mulier,
1918 5424 1977 5476 et

317 5510 492 5581 cmpit
515 5509 706 5567 vivere
734 5510 1122 5577 continenter,
1154 5510 1285 5581 ipsa
1313 5506 1537 5566 scilicet
1598 5511 1762 5565 casta
1808 5526 1975 5567 man.

318 5613 480 5665 sura,
514 5597 618 5655 sed
646 5599 877 5658 factura
902 5600 1059 5669 quod
1093 5598 1379 5657 Dominus
1413 5613 1531 5655 non
1564 5595 1711 5666 vult,
1743 5597 1970 5656 adulte~

2086 5169 2200 5224 qua
2229 5153 2294 5208 fit
2324 5157 2390 5209 ut
2415 5170 2518 5209 nec
2549 5154 2833 5211 debeatur
2860 5155 3018 5227 quod
3049 5171 3186 5212 cum
3232 5153 3395 5211 lucro
3450 5151 3730 5208 redditur.

2086 5245 2253 5299 Nunc
2283 5259 2414 5299 vero
2441 5242 2580 5315 quia
2610 5247 2843 5300 tenetur
2885 5237 3043 5317 apud
3092 5249 3275 5304 Deum
3321 5242 3569 5316 sponsio
3619 5247 3731 5307 tua,

2086 5348 2202 5387 non
2232 5335 2288 5387 te
2319 5332 2390 5387 ad
2419 5346 2691 5404 magnam
2710 5332 3009 5403 justitiam
3049 5332 3111 5389 in
3141 5332 3287 5404 viro,
3324 5332 3427 5388 sed
3461 5349 3495 5387 a
3527 5347 3731 5403 magna

2084 5419 2397 5493 iniquitate
2427 5421 2711 5478 deterreo.
2749 5422 2881 5479 Non
2913 5424 3070 5480 enim
3093 5422 3232 5480 talis
3253 5422 3391 5487 eris,
3416 5420 3467 5478 si
3505 5438 3621 5477 non
3658 5422 3730 5474 le-

2082 5509 2233 5567 oeris
2264 5511 2416 5582 quod
2438 5510 2694 5579 voluisti,
2731 5512 2928 5585 qualis
2976 5513 3325 5580 mansisses,
3357 5510 3411 5569 si
3442 5509 3593 5569 nihil
3623 5509 3730 5571 tale

2080 5598 2374 5671 vovisses;
2403 5598 2595 5658 minor
2621 5600 2779 5660 enim
2811 5618 2974 5661 esses
3020 5620 3139 5661 non
3187 5602 3373 5676 pejor,
3422 5600 3603 5658 modo
3647 5616 3733 5657 ur-

435 5939 517 5987 ιι
