3986 6048
177 326 307 380 1261

1426 348 1438 357 '
1462 334 1853 388 PANOItMIA.
1890 364 1953 372 -σι
1987 339 2119 389 LIB.
2168 340 2256 390 VI.

3450 340 3583 393 1262

176 460 287 508 tem
325 460 551 511 tantum
608 457 790 528 (quod
848 457 1057 529 absit!)
1107 458 1367 529 inferior,
1401 459 1448 513 si
1500 460 1671 513 fidem
1703 466 1818 515 Deo
1849 474 1904 539 Α
1936 461 1983 515 si
2019 462 2161 517 forte
2195 479 2326 517 cum
2358 464 2486 533 ejus
2518 463 2813 517 voluntate
2847 480 3161 517 conversus
3202 463 3296 534 sit,
3334 463 3419 518 vel
3452 464 3582 535 ipsa

174 545 433 613 fregeris,
468 549 688 615 quanto
720 546 945 601 beatior
992 546 1041 602 si
1074 546 1441 618 persolveris.
1476 550 1590 604 Nec
1619 549 1735 604 imo
1766 552 1821 603 te

172 635 397 689 vovisse
429 634 727 705 poeniteat,
777 633 897 690 imo
946 636 1135 707 gaude
1176 637 1302 706 jam
1352 637 1457 691 tibi
1488 654 1603 692 non
1650 637 1823 693 licere

168 721 327 789 quod
361 737 494 775 cum
527 721 877 776 detrimento
920 722 1205 778 licuisset.
1248 726 1575 794 Aggredere
1624 725 1822 796 itaque

169 809 583 878 intrepidus,et
605 810 757 865 dicta
779 811 1139 881 satis[factis]
1158 812 1355 883 imple,
1376 813 1500 884 ipse
1524 813 1824 884 adjuvabit

167 897 268 969 qui
300 903 428 954 vota
458 904 561 954 tua
608 899 844 971 expetit.
896 900 1053 955 Felix
1099 905 1189 956 est
1234 901 1555 958 necessitas
1588 920 1717 975 quae
1749 904 1820 958 ad

168 986 413 1043 meliora
444 988 761 1061 compellit,
787 1006 905 1044 una
930 991 1054 1045 sola
1079 1007 1256 1046 causa
1277 1008 1405 1047 esse
1423 996 1608 1063 potest
1637 996 1820 1063 quate

169 1076 224 1130 id
261 1077 415 1147 quod
448 1078 653 1133 vovisti
685 1095 800 1133 non
826 1078 1017 1134 solum
1053 1096 1165 1134 non
1191 1080 1818 1151 hortaremur,verum-

164 1170 358 1220 tamen
395 1165 859 1237 prohiberemus,
904 1167 1169 1239 implere,
1204 1168 1253 1222 si
1288 1170 1433 1224 forte
1478 1176 1578 1224 tua
1608 1170 1820 1240 conjux

171 1253 279 1308 hoc
312 1258 507 1309 tecum
543 1255 843 1326 suscipere
873 1256 1055 1310 animi
1101 1256 1187 1311 vel
1237 1258 1431 1312 carnis
1481 1258 1819 1313 infirmitate

165 1349 480 1398 recusaret.
512 1348 656 1399 Nam
693 1350 748 1400 et
779 1345 1036 1400 vovenda
1067 1344 1205 1401 talia
1224 1363 1336 1401 non
1370 1352 1509 1401 sunt
1537 1349 1817 1420 conjuge-

164 1432 240 1486 tis
272 1432 386 1486 nisi
418 1449 485 1487 ex
515 1450 805 1489 consensu
857 1439 916 1490 et
966 1435 1263 1491 voluntate
1315 1436 1636 1491 communi.
1671 1437 1738 1491 Et
1769 1437 1818 1491 si

163 1537 340 1592 prope
373 1522 588 1579 factum
620 1523 793 1577 fuerit
817 1524 1005 1596 magis
1032 1529 1120 1579 est
1148 1524 1491 1596 corrigenda
1523 1527 1817 1581 temeritas

159 1630 340 1684 quam
398 1611 675 1669 solvenda
732 1613 1068 1685 promissio.
1101 1614 1298 1685 Neque
1355 1614 1507 1670 Deus
1559 1614 1737 1687 exigit
1767 1617 1816 1671 si

161 1702 294 1773 quis
326 1718 395 1757 ex
425 1701 615 1758 alieno
646 1702 867 1774 aliquid
898 1702 1136 1772 voverit,
1171 1704 1271 1759 sed
1305 1704 1499 1775 potius
1530 1722 1817 1775 usurpare

162 1795 320 1847 vetat
341 1790 616 1848 alienum.
644 1793 846 1847 Divina
869 1793 1086 1864 quippe
1117 1810 1219 1865 per
1249 1792 1589 1865 Apostolum
1614 1795 1685 1849 de
1707 1794 1816 1849 hac

166 1898 228 1936 re
261 1880 487 1953 prolata
534 1886 624 1938 est
653 1880 981 1938 sententia:
1047 1883 1194 1941 Uxor
1239 1899 1347 1939 non
1375 1884 1533 1938 habet
1582 1887 1818 1955 potesta-

170 1975 281 2025 tem
308 1971 559 2043 corporis
587 1972 698 2038 sui,
730 1972 822 2028 sed
872 1974 995 2034 vir;
1042 1973 1307 2028 similiter
1352 1977 1402 2029 et
1450 1974 1536 2028 vir
1579 1989 1690 2028 non
1718 1973 1817 2028 ha-

173 2062 259 2115 bet
280 2065 601 2132 potestatem
632 2061 875 2132 corporis
921 2063 1030 2131 sui,
1080 2061 1173 2117 sed
1214 2062 1417 2117 mulier
1461 2063 1509 2133 (I
1537 2062 1657 2117 Cor.
1691 2065 1815 2128 vn).

241 2165 377 2224 CAP.
415 2168 694 2226 LXXXII.
728 2171 843 2224 Non
894 2170 1016 2241 licet
1062 2168 1159 2225 illi
1204 2170 1399 2227 ducere
1444 2186 1692 2241 uxorem,
1722 2171 1819 2241 qui

631 2258 791 2296 suam
818 2240 995 2297 velari
1019 2243 1353 2313 permiserit.

664 2349 835 2406 Cone.
867 2348 1143 2403 Remens.
1180 2366 1229 2405 ο.
1264 2350 1316 2403 4.

242 2460 354 2530 (32,
388 2476 447 2529 q.
478 2459 531 2525 5,
584 2476 629 2514 c.
668 2460 771 2528 Qui
819 2465 1093 2530 uxorem.)
1126 2458 1233 2523 Qui
1294 2458 1602 2517 mulierem
1645 2477 1815 2517 suam

164 2548 501 2622 permiserit
529 2547 729 2619 velari,
762 2547 935 2605 aliam
965 2565 1080 2605 non
1111 2547 1394 2619 accipiat;
1421 2550 1519 2604 sed
1545 2548 1818 2606 similiter

164 2643 556 2695 convertatur.

165 2728 304 2784 CAP.
341 2728 649 2812 LXXXIII.
689 2728 1201 2812 Continenliaaeota
1250 2729 1521 2855 [mulieri]
1551 2742 1671 2810 non.
1693 2728 1820 2784 licet

257 2817 555 2855 suscipere.
587 2802 701 2854 nisi
731 2801 983 2855 eamdem
1008 2810 1178 2855 vitam
1206 2818 1292 2855 vir
1321 2817 1437 2855 eius
1466 2817 1493 2855 e
1518 2806 1716 2855 eaertt.

257 2802 555 2872 suscipere,
587 2799 701 2854 nisi
731 2801 983 2855 eamdem
1008 2803 1178 2857 vitam
1206 2799 1292 2857 vir
1321 2802 1437 2873 ejus
1466 2799 1716 2872 elegerit.

635 2907 819 2962 Nicol.
845 2924 995 2981 papa
1018 2910 1089 2964 ad
1123 2908 1352 2964 Lothar.

239 2997 354 3064 ('27,
391 3013 446 3067 q.
480 2998 535 3065 ‘2,
566 3013 615 3050 c.
647 2996 879 3066 Scripsit
908 2995 1108 3069 nobis.)
1131 2999 1331 3068 Itaque
1352 3012 1586 3052 summo
1619 2995 1814 3050 studio

164 3087 572 3159 Theobergam
613 3086 924 3158 conjugem
972 3091 1135 3142 tuam
1185 3092 1464 3158 tanquam
1519 3086 1811 3161 propriam

165 3192 404 3231 carnem
449 3176 639 3232 fovere
686 3192 752 3230 ac
792 3175 1035 3249 diligere
1086 3181 1419 3248 procurato,
1461 3181 1518 3232 et
1549 3192 1620 3232 ne
1649 3176 1808 3233 illam

164 3264 473 3335 conjugem
504 3268 666 3320 tuam
698 3268 979 3336 tanquam
1014 3265 1310 3338 propriam
1346 3283 1380 3321 a
1408 3270 1463 3321 te
1497 3264 1613 3322 ullo
1645 3269 1811 3338 pacto

164 3353 497 3409 consentias
530 3354 849 3423 discedere,
897 3354 1204 3428 vigilanter
1252 3358 1539 3413 attendas.
1573 3355 1735 3411 Unde
1766 3354 1815 3412 si

162 3441 293 3498 vult
321 3460 354 3498 a
382 3446 438 3498 te
469 3443 787 3514 discedere,
820 3444 1067 3515 corripe,
1102 3444 1220 3499 imo
1259 3444 1485 3516 corrige
1515 3460 1665 3513 eam,
1700 3448 1755 3498 et
1786 3462 1818 3498 a

164 3530 268 3587 tali
299 3530 624 3586 intentione
648 3547 750 3603 per
774 3532 972 3585 omnia
994 3531 1120 3600 jam
1153 3548 1419 3586 revocare
1446 3536 1666 3604 satage.
1685 3531 1817 3587 Jam

166 3637 303 3675 vero
336 3620 384 3673 si
438 3634 635 3673 amore
679 3618 969 3689 pudicitiae
1025 3620 1454 3692 separationem
1508 3620 1731 3690 qumrit,
1766 3624 1822 3674 et

168 3706 501 3782 conjugalis
531 3706 810 3762 connubii
856 3705 1205 3762 solutionem
1258 3707 1561 3779 eillagitat,
1594 3713 1817 3764 certum

168 3804 262 3855 est
294 3795 564 3870 Apostolo
599 3796 844 3865 dicente,
880 3796 1018 3868 quia
1046 3797 1252 3852 mulier
1282 3796 1370 3851 sui
1396 3799 1642 3869 corporis
1668 3807 1819 3869 pote-

168 3888 366 3942 statem
398 3901 503 3941 non
532 3884 710 3950 habet,
743 3884 835 3939 sed
880 3884 968 3939 vir
1012 3885 1058 3955 (l
1088 3884 1215 3941 Cor.
1268 3902 1386 3957 vn).
1436 3885 1653 3940 Verum
1685 3885 1731 3941 si
1764 3888 1821 3939 et

168 3976 293 4048 ipse
324 3973 669 4046 pudicitiam
702 3977 958 4029 sectatus
980 3973 1281 4048 religionis
1313 3975 1551 4030 obtentu
1576 3974 1817 4049 cepula-

164 4063 389 4119 tionem
424 4062 644 4119 solvere
675 4062 831 4128 velit,
863 4067 1092 4119 tantum
1134 4080 1206 4119 ne
1246 4063 1522 4119 simulate
1554 4064 1654 4119 ﬁat
1685 4080 1819 4118 con-

166 4154 458 4210 cedimus.
492 4152 639 4208 Nam
664 4151 799 4208 licet
821 4153 1109 4225 scriptum
1140 4170 1152 4208 :
1180 4153 1332 4223 Quod
1364 4154 1502 4208 Deus
1529 4154 1822 4222 coniunxit

165 4247 327 4300 homo
358 4260 469 4299 non
497 4251 714 4314 separet
758 4242 976 4309 (Matth.
1010 4261 1125 4298 x1x.
1185 4249 1337 4299 Deus
1386 4249 1584 4299 tamen
1617 4249 1673 4299 et
1704 4260 1821 4299 non

165 4335 345 4389 homo
377 4336 612 4404 separat
636 4332 869 4403 quando
892 4331 1071 4387 divini
1094 4333 1314 4388 amoris
1337 4333 1577 4389 obtentu
1599 4350 1668 4388 ex
1694 4350 1823 4389 con-

167 4438 351 4478 sensu
384 4420 697 4491 utriusque
741 4420 1010 4493 conjugis
1061 4421 1438 4479 matrimonia
1489 4421 1822 4477 dissolvun—

166 4516 287 4567 tur.
350 4510 494 4581 Ergo
553 4509 663 4565 hoc
721 4510 891 4566 modo
955 4511 1058 4582 jus
1116 4512 1371 4582 gratuito
1422 4511 1823 4585 permittimus

1932 567 1995 605 se
2026 556 2251 607 mutare
2284 553 2637 624 promiserit.
2676 556 2739 607 Et
2768 554 2815 608 si
2840 554 2944 607 hoc
2979 553 3212 625 reperit,
3241 558 3298 608 et
3326 554 3490 609 illum
3523 555 3581 608 in

1935 643 2289 699 monasterio
2313 661 2650 716 permanere
2678 644 2995 715 provideat,
3018 648 3073 697 et
3095 644 3245 698 hanc
3268 644 3422 699 sicut
3442 662 3581 715 pro-

1934 731 2094 786 misit
2127 737 2352 788 mutare
2392 732 2733 806 compellat.~
2772 733 2828 787 Si
2862 750 2994 789 vero
3047 732 3189 789 nihil
3224 733 3435 790 horum
3468 740 3577 802 est,

1934 838 2036 877 nec
2068 824 2324 893 quodam
2358 823 2758 880 fornicationis
2791 823 3009 877 crimen
3053 828 3287 894 propter
3317 826 3471 895 quod
3504 824 3571 877 li-

1932 914 2020 965 cet
2069 910 2187 965 viro
2234 927 2474 967 uxorem
2534 911 2849 976 dimittere,
2882 909 3218 981 praedictam
3274 910 3575 967 mulierem

1930 1000 2298 1055 commisisse
2329 1000 2679 1072 cognoverit,
2704 1005 2761 1055 et
2798 1016 2868 1053 ne
2901 998 3062 1054 illius
3087 998 3382 1053 conversio
3415 997 3580 1053 uxori

1931 1088 2141 1145 relicta:
2173 1090 2232 1146 in
2283 1090 2496 1146 seacqu
2560 1090 2681 1146 fieri
2736 1089 2923 1159 possit
2956 1087 3297 1159 perditionis
3330 1089 3577 1154 occasio,

1928 1176 2199 1234 volumus
2232 1184 2296 1234 ut
2329 1179 2605 1235 maritum
2630 1195 2801 1233 suum
2828 1176 3126 1247 illi,etiam
3158 1179 3207 1233 si
3238 1181 3582 1233 tonsuratus

1929 1271 2037 1336 est,
2072 1270 2302 1335 reddas,
2337 1268 2496 1324 omni
2529 1268 2905 1324 excusatione
2937 1271 3223 1324 cessante.
3247 1271 3395 1322 Nam
3417 1284 3578 1323 exce-

1928 1362 2029 1428 pta
2060 1359 2461 1416 fornicationis
2492 1375 2672 1416 causa
2692 1358 2811 1413 viro
2835 1374 3074 1414 uxorem
3098 1357 3396 1413 dimittere
3419 1356 3581 1412 nulla

1929 1448 2152 1505 ratione
2173 1447 2531 1515 conceditur,
2557 1447 2695 1519 quia
2716 1452 3023 1518 postquam
3051 1445 3418 1518 copulatione
3442 1463 3580 1503 con-

1918 1537 2071 1607 jugii
2103 1538 2209 1595 viri
2240 1544 2415 1609 atque
2438 1539 2701 1595 mulieris
2734 1554 2917 1594 unum
2941 1553 3152 1608 corpus
3184 1535 3578 1602 eliicitur,non

1928 1630 2119 1696 potest
2148 1644 2217 1682 ex
2248 1632 2410 1698 parte
2448 1628 2726 1694 converti,
2761 1632 2818 1682 et
2863 1642 2931 1680 ex
2960 1630 3124 1698 parte
3156 1625 3214 1680 in
3247 1624 3457 1681 sincqu
3493 1641 3580 1681 rc-

1927 1731 2184 1771 manere.

1852 1848 1898 1911 Β
1928 1830 2059 1885 CAP.
2098 1831 2363 1886 LXXXV.
2421 1832 2538 1911 Non
2583 1831 3095 1911 _debet__e;rtorqueri
3146 1830 3403 1911 mulieris
3456 1845 3583 1884 con-

2156 1919 2351 1958 sensus
2373 1905 2443 1958 ad
2470 1904 2866 1959 continentiam
2897 1905 3001 1957 Deo
3038 1902 3368 1958 vovendum.

2414 1992 2695 2048 Alcxand.
2732 1992 2778 2047 II
2804 1990 3075 2047 Landulf.

1997 2108 2143 2179 (633,
2169 2124 2225 2180 q.
2260 2110 2312 2176 ἵ,
2346 2126 2395 2165 c.
2448 2107 2799 2182 Notiﬁcasti.)
2846 2106 3169 2162 Notiﬁcasti
3202 2110 3257 2160 te
3285 2108 3467 2160 morte
3499 2108 3578 2159 te-

1929 2212 2040 2252 nus
2073 2196 2438 2253 infirmatam
2473 2214 2623 2264 esse,
2646 2202 2702 2253 et
2732 2202 3102 2269 peccatorum
3127 2201 3362 2252 tuorum
3396 2210 3580 2249 recor-

1929 2284 2161 2341 datione
2192 2289 2248 2340 et
2292 2290 2511 2341 terrore
2560 2285 2728 2341 valde
2776 2286 3162 2357 pavefactum,
3220 2282 3388 2336 anxie
3419 2297 3577 2351 qum-

1928 2374 2076 2429 sisse
2109 2375 2465 2431 monachum
2498 2376 2644 2445 fieri,
2680 2379 2735 2430 et
2766 2392 2799 2431 a
2829 2384 2926 2429 tua
2958 2389 3134 2428 uxore
3173 2371 3351 2427 minis
3384 2376 3439 2426 et
3466 2377 3579 2425 ter-

1929 2464 2158 2519 roribus
2191 2480 2319 2519 eam
2352 2464 2653 2519 occidendi
2684 2464 2753 2517 ad
2783 2462 2889 2517 hoc
2918 2461 3215 2516 licentiam
3241 2459 3580 2533 extorsisse,

1926 2557 1981 2607 et
1998 2552 2080 2607 sic
2104 2557 2157 2607 te
2182 2553 2589 2624 monacbijam
2611 2557 2829 2607 vestem
2851 2552 2977 2606 sine
2995 2551 3206 2607 abbate
3229 2550 3583 2621 sumpsisse,

1926 2645 1983 2695 et
2014 2641 2435 2697 monasterium
2490 2642 2768 2713 petiisse:
2824 2645 3027 2712 postea
3072 2655 3204 2694 vero
3237 2654 3368 2693 cum
3403 2654 3584 2691 sanus

1926 2730 2114 2784 factus
2146 2747 2324 2801 esses,
2358 2734 2470 2786 tua:
2513 2730 2710 2785 uxoris
2764 2728 3285 2785 reclamationibus
3333 2732 3389 2781 rt
3420 2726 3585 2797 plan-

1925 2820 2117 2874 ctibus
2139 2825 2367 2892 tuaeque
2387 2819 2622 2875 familia:
2641 2818 3113 2891 dispersionibus
3133 2821 3333 2888 utpote
3352 2814 3585 2887 penitus

1926 2909 2204 2981 devictus,
2230 2911 2470 2966 domum
2501 2926 2791 2966 remeasse
2814 2914 2871 2965 et
2890 2914 3021 2979 post
3045 2907 3261 2963 multos
3286 2907 3408 2960 dies
3434 2922 3580 2977 quo-

1928 2999 2193 3053 rumdam
2227 2999 2559 3072 sapientum
2592 2998 2836 3054 consilio
2860 2999 2930 3053 ad
2956 2999 3081 3068 jam
3113 2998 3277 3052 dictae
3310 2993 3578 3049 mulieris

1925 3087 2116 3142 cubile
2148 3088 2393 3144 rediisse
2450 3088 2702 3144 diceris:
2755 3105 2911 3143 nunc
2968 3092 3189 3153 autem,
3243 3085 3291 3140 si
3337 3090 3439 3139 tua
3471 3083 3577 3138 tibi

1926 3194 2101 3232 uxore
2131 3178 2211 3233 uti
2244 3177 2435 3245 liceat,
2469 3182 2738 3233 nostrum
2771 3177 3025 3249 requiris
3056 3174 3388 3231 consilium.
3414 3173 3471 3228 Si
3500 3173 3580 3227 ita

1927 3268 2179 3341 denique
2212 3275 2303 3326 est
2352 3272 2416 3323 ut
2464 3272 2602 3324 tuus
2655 3268 2899 3323 nuntius
2952 3270 3171 3333 narrat,
3206 3282 3319 3319 non
3358 3263 3581 3318 videtur

1929 3358 2096 3411 nobis
2129 3357 2552 3413 rationabiliter
2604 3372 2790 3427 neque
2822 3372 2966 3410 sana
2998 3358 3191 3408 mente
3243 3353 3299 3407 id
3336 3353 3580 3419 factum,

1927 3445 2204 3516 quoniam
2239 3462 2372 3501 cum
2406 3444 2564 3501 omni
2595 3443 2823 3500 homini
2879 3444 2950 3498 ad
2987 3440 3372 3496 monasticam
3405 3440 3579 3493 vitam

1926 3534 2209 3601 tendenti,
2244 3532 2511 3605 legaliter
2540 3535 2740 3587 sancte
2772 3536 2826 3585 et
2851 3532 3014 3602 juste
3048 3531 3121 3586 si;
3158 3529 3579 3603 peragendum,

1927 3627 1989 3676 tu
2021 3627 2225 3678 contra
2257 3621 2411 3695 leges
2443 3621 2751 3676 minaciter
2790 3624 2847 3675 et
2895 3620 3178 3675 violenter
3210 3637 3242 3674 a
3272 3623 3373 3674 tua
3406 3635 3584 3673 uxore

1930 3712 2141 3783 partim
2175 3716 2393 3766 terrore
2425 3710 2653 3779 mortis,
2686 3710 2898 3785 partim
2936 3715 3044 3765 tuae
3087 3709 3449 3764 infirmitatis
3482 3710 3580 3763 do-

1928 3800 2150 3854 loribus
2176 3801 2533 3865 exinanitus,
2559 3799 2723 3856 devia
2751 3805 3009 3870 secutus,
3042 3798 3225 3868 nulla,
3250 3803 3312 3853 ut
3343 3798 3581 3864 dicitur,

1927 3891 2165 3947 licentia
2196 3897 2451 3963 accepta,
2500 3891 2796 3948 recessisti
2850 3896 2906 3947 et
2956 3888 3312 3945 monasteria
3342 3888 3581 3959 petiisti.

1928 3985 2052 4035 Non
2086 3981 2242 4036 enim
2274 3980 2571 4049 violentia,
2607 3982 2707 4036 sed
2760 3998 2827 4035 ex
2859 3980 2982 4052 pari
3031 3977 3331 4033 voluntate
3362 3981 3416 4031 et
3447 3993 3581 4030 con-

1930 4087 2130 4139 sensu,
2164 4075 2318 4126 sicut
2347 4071 2533 4126 sancti
2567 4070 2768 4125 Patres
2802 4068 3027 4133 dicunt,
3061 4067 3170 4122 hoc
3212 4065 3337 4121 ﬁeri
3369 4065 3578 4120 debet:

1931 4177 2120 4231 neque
2169 4160 2257 4215 vir
2304 4160 2365 4214 in
2416 4158 2837 4215 monasterium
2889 4155 3258 4228 recipiendus
3308 4158 3414 4222 est,
3468 4152 3581 4207 nisi

1930 4266 2077 4303 uxor
2124 4248 2284 4307 illius
2334 4248 2648 4303 femineum
2701 4246 3123 4301 monasterium
3179 4242 3438 4315 elegerit,
3480 4246 3582 4297 aut

1932 4339 2194 4409 professa
2238 4336 2678 4401 continentiam,
2727 4334 2994 4389 habitum
3048 4349 3183 4389 cum
3215 4331 3581 4388 festinatione

1933 4427 2264 4482 mutaverit.
2298 4428 2548 4482 Sanctus
2571 4424 2727 4480 enim
2762 4422 3014 4477 Basilius
3044 4422 3357 4494 episcopus
3380 4422 3449 4474 de
3474 4420 3583 4475 hac

1932 4532 1992 4571 re
2024 4514 2217 4571 taliter
2247 4515 2424 4571 dicit:
2466 4534 2486 4561 α
2516 4513 2570 4567 Si
2602 4512 2736 4585 quis
2776 4513 3123 4583 conjugatus
3178 4510 3299 4564 vult
3330 4510 3581 4563 converti

168 4598 393 4665 animo,
449 4598 812 4672 celeremque
869 4600 1199 4671 praebemus
1251 4618 1582 4656 assensum.
1645 4600 1823 4656 Aliter
1854 4589 1899 4651 D
1931 4604 1999 4659 ad
2038 4602 2479 4672 monasterium,
2516 4616 2632 4657 non
2663 4604 2752 4655 est
2784 4600 3172 4671 recipiendus,
3207 4597 3318 4653 nisi
3355 4595 3519 4668 prius
3554 4614 3586 4650 a

168 4688 326 4744 enim
362 4688 487 4743 ﬁeri
518 4692 786 4745 mutuam
814 4688 1244 4763 separationem
1266 4694 1520 4746 vestram
1554 4688 1821 4763 prohibe-

173 4794 330 4833 IDUS.

169 4886 308 4941 CAP.
344 4883 623 4967 LXXXIV.
654 4882 736 4941 Ad
771 4901 999 4969 uxorem
1045 4885 1225 4943 redire
1249 4968 1253 4969 ί
1280 4894 1528 4957 cogatur,
1574 4886 1671 4969 qui
1707 4885 1826 4942 sine

359 4958 474 5027 ejus
504 4970 771 5012 consensu
801 4958 1122 5028 religiosam
1143 4968 1343 5015 vestem
1375 4958 1636 5030 suscepit.

226 5063 570 5133 Gregor.pad
602 5062 843 5119 Adrian.
878 5063 1338 5190 Nolhl’anorm"
1371 5064 1469 5123 lib.
1503 5082 1559 5122 ιχ
1590 5065 1767 5135 Epist.

240 5222 353 5293 (87,
386 5239 440 5293 q.
467 5224 524 5292 2,
557 5238 607 5279 c.
642 5221 966 5295 Agathosa.)
1019 5226 1316 5296 Agathosa
1363 5226 1536 5281 Iatrix
1567 5242 1823 5298 praesen-

171 5312 321 5367 tium
371 5314 579 5384 questa
630 5314 738 5377 est,
775 5311 1054 5367 maritum
1097 5330 1272 5369 suum
1319 5319 1520 5369 contra
1562 5313 1823 5368 volunta-

174 5408 291 5457 tem
327 5416 497 5457 suam
530 5398 589 5453 in
623 5401 978 5456 monasterio
1023 5402 1219 5456 Urbici
1272 5403 1498 5458 abbatis
1532 5418 1659 5458 esse
1690 5420 1825 5457 con-

175 5506 437 5556 versum,
471 5489 688 5562 quippe
737 5488 877 5560 quia
906 5490 977 5544 ad
1027 5491 1289 5563 ejusdem
1335 5492 1565 5546 abbatis
1594 5491 1826 5562 culpam

179 5585 237 5635 et
265 5578 547 5634 invidiam
579 5593 698 5634 non
729 5581 819 5633 est
847 5579 1093 5634 dubium
1122 5580 1431 5651 pertinere,
1464 5582 1827 5651 experientia:

185 5674 294 5725 tua:
329 5666 701 5742 praecipimus
732 5670 797 5724 ut
827 5667 1093 5741 diligenti
1116 5667 1498 5741 inquisitione
1531 5668 1828 5744 discutiat,

1935 4694 2182 4765 conjuge
2215 4688 2620 4746 castimoniam
2673 4689 2983 4759 proﬁtente
3032 4688 3207 4743 fuerit
3255 4685 3582 4742 al‘solutus.

1933 4780 2079 4835 Nam
2112 4780 2161 4835 si
2192 4778 2314 4848 illa,
2342 4779 2572 4832 vivente
2615 4775 2715 4832 illo
2748 4793 2849 4848 per
2894 4776 3381 4832 incontinentiam
3418 4773 3584 4827 alteri

1936 4869 2224 4942 nupserit,
2260 4865 2459 4939 procul
2492 4866 2671 4921 dubio
2704 4866 2968 4921 adultera
3009 4866 3139 4933 erit,
3173 4880 3276 4920 nec
3308 4862 3586 4932 recipitur

1935 4959 2088 5029 apud
2112 4958 2295 5015 Deum
2316 4955 2773 5026 bujusmodiviri
2798 4955 3295 5023 conversio,cujus
3316 4950 3587 5021 sequitur

1934 5046 2259 5119 conjugaiis
2310 5045 2539 5100 fmderis
2591 5046 2945 5115 prostitutio.
3001 5044 3171 5099 Tales
3228 5040 3406 5111 igitur
3449 5044 3585 5093 tunc

1935 5140 2061 5193 sine
2093 5137 2263 5207 culpa
2296 5136 2495 5190 relicto
2548 5136 2759 5190 sacculo
2802 5138 3132 5207 sequuntur
3183 5131 3502 5199 Christum,
3536 5130 3587 5185 si

1936 5228 2190 5283 habeant
2219 5242 2286 5281 ex
2330 5225 2453 5296 pari
2491 5223 2788 5280 voluntate
2837 5238 3212 5279 consensum.
3246 5220 3470 5290 Itaque,
3506 5217 3585 5271 fili

1937 5316 2302 5385 charissime,
2339 5314 2628 5385 perpende
2656 5318 2711 5368 et
2751 5312 2880 5367 vide
2913 5312 2959 5367 si
2992 5312 3072 5367 sic
3118 5307 3392 5366 canonice
3423 5324 3455 5361 a
3489 5310 3589 5360 tua

1940 5421 2113 5461 uxore
2145 5421 2203 5460 es
2235 5403 2485 5470 solutus,
2520 5406 2576 5457 et
2606 5408 2707 5455 tua
2738 5418 2882 5455 uxor
2913 5401 2993 5455 ita
3017 5399 3275 5471 pollicita
3305 5398 3412 5459 est,
3446 5398 3502 5447 et
3527 5397 3585 5447 tu

1939 5499 1995 5549 et
2023 5493 2126 5548 illa
2157 5492 2473 5565 adimplete
2522 5491 2743 5545 bonum
2794 5489 3110 5560 incoeptum
3162 5491 3217 5541 et
3264 5487 3462 5540 votum
3494 5497 3589 5536 ve-

1939 5588 2148 5641 strum.
2178 5584 2362 5639 Aliter
2391 5582 2547 5638 enim
2590 5598 2707 5635 non
2759 5581 3045 5637 debemus
3075 5578 3240 5636 vobis
3290 5575 3593 5646 imponere

1940 5675 2345 5733 necessitatem
2378 5669 2785 5743 separationis.
