3936 6056
411 297 548 352 1263

1496 303 1562 352 Β.
1604 300 1842 354 IVONIS
1880 300 2380 355 CARNOTENSIS
2417 303 2739 356 EPISCOPI

3715 302 3837 355 1264

706 504 806 562 DE
850 504 1326 566 MULIERIBUS
1371 505 1572 578 QU/E,
1625 503 1825 565 VIBIS
1871 505 1956 564 IN
2003 505 2526 566 CAPTIVI'I‘ATE
2570 506 3163 578 EXISTENTIBUS,
3213 507 3510 567 ALTERI

1927 603 2281 663 NUBUNT.

405 761 521 818 CAP
553 761 834 836 LXXXVI.
882 762 1105 836 Mulier,
1159 777 1300 834 quaz,
1351 762 1469 818 viro
1518 779 1616 819 suo
1666 764 1722 818 in
1761 763 2059 836 captivitaf
2088 763 2142 826 Α
2171 761 2446 834 gitimam
2478 765 2665 821 redire
2697 765 3081 836 consortium,
3115 765 3326 822 merito
3360 770 3503 821 sunt
3535 768 3833 833 notanda,

475 833 815 958 temlducto,
875 835 984 889 alii
1038 833 1320 906 nupserat,
1386 843 1662 890 remeante
1725 837 1913 906 priore
1968 833 2060 889 illi

475 922 601 960 eorm
631 913 768 960 etur.

469 921 768 977 deputetur.

926 995 1038 1050 Leo
1071 1011 1227 1067 pap.,
1261 1011 1390 1067 cap.
1423 996 1510 1050 45.

457 1083 620 1146 Quod
652 1082 902 1139 debeant
935 1084 1165 1139 feminae
1199 1101 1349 1156 quae,
1381 1084 1568 1157 captis
1601 1085 1745 1139 viris
1777 1088 1832 1140 et
1861 1085 1922 1139 in
1953 1101 2051 1140 ca-

381 1170 714 1243 ptivitatem
748 1172 964 1243 ductis,
1016 1173 1148 1230 aliis
1189 1174 1328 1230 viris
1379 1178 1721 1246 nupserant,
1774 1178 2049 1246 putantes

381 1259 770 1333 interemptos
802 1263 1067 1332 maritos,
1119 1263 1392 1318 remeatis
1439 1280 1474 1319 a
1522 1262 1861 1334 captivitate
1891 1261 2046 1333 prio-

382 1348 548 1406 ribus
596 1351 737 1406 viris
787 1351 1072 1423 copulari,
1107 1355 1172 1406 ut
1221 1351 1433 1424 cuique
1481 1351 1539 1406 id
1591 1352 1746 1422 quod
1789 1351 2048 1422 legitime

385 1436 594 1493 habuit
645 1439 1018 1506 reformatur,
1068 1445 1418 1506 reservetur,
1469 1444 1526 1495 et
1570 1439 1813 1511 recipiat
1863 1457 2048 1496 unus-

387 1527 640 1599 quisque
672 1529 829 1599 quod
858 1545 1034 1584 suum
1083 1533 1190 1594 est,
1224 1532 1282 1584 et
1331 1528 1803 1600 redintegrentur
1835 1529 2048 1585 foedera

389 1615 754 1687 nuptiarum.

389 1721 524 1778 CAP.
581 1723 892 1779 LXXXVII.
955 1725 1090 1794 Qua:
1138 1727 1243 1780 alii
1309 1727 1555 1797 nupserit
1607 1732 1810 1797 putans
1867 1725 2044 1778 virum

460 1810 621 1866 suum
687 1805 964 1850 mortuum
1023 1813 1135 1853 esse
1192 1796 1295 1853 illo
1347 1796 1625 1866 redeunte,
1681 1796 1750 1851 ad
1801 1797 2048 1866 priorem

458 1865 651 1921 redire
679 1868 915 1936 cogitur.

807 1956 940 2026 (Leo
972 1955 1184 2011 Nicetes
1217 1956 1399 2029 episc.
1434 1955 1633 2029 Aquil.

469 2051 579 2122 (34,
614 2067 670 2122 q.
699 2054 754 2122 2,
789 2069 836 2106 ο.
874 2053 1007 2109 Cum
1040 2070 1142 2122 per
1191 2054 1493 2124 bellicam.)
1541 2059 1685 2110 Cum
1735 2068 1838 2124 per
1883 2049 2048 2106 belli-

401 2156 530 2195 cam
559 2139 784 2196 cladem
807 2145 864 2196 et
885 2157 986 2214 per
1005 2143 1388 2214 gravissimos
1413 2142 1752 2200 hostilitatis
1773 2141 2049 2196 incursus
2085 2172 2135 2236 Β
2168 2139 2191 2253 ἰ

403 2228 479 2253 ξι-
521 2230 780 2253 -.-μ-1-...
813 2230 1010 2253 J!-_12_
1058 2232 1228 2253 .1:__!_-
1265 2232 1524 2253 -__2_-_!_
1582 2235 1644 2253 --ι
1701 2230 1967 2253 -LJ-_-II_
2000 2229 2054 2253 2..

403 2228 487 2283 ita
518 2230 786 2300 quaedam
808 2230 1013 2287 dicatis
1053 2232 1237 2288 divisa
1260 2232 1553 2304 conjugia,
1582 2235 1666 2301 ut,
1699 2230 1970 2286 abductis
2000 2229 2058 2283 in

406 2317 805 2389 captivitatem
837 2319 1002 2388 viris,
1034 2321 1265 2377 feminea
1296 2337 1495 2377 eorum
1538 2319 1929 2377 remanserint
1956 2319 2058 2374 de-

407 2405 647 2476 stitutae,
681 2423 808 2478 quae
838 2408 994 2464 viros
1039 2409 1305 2482 proprios
1351 2409 1736 2482 interemptos
1766 2411 2058 2482 putarent,

413 2502 518 2550 aut
546 2496 619 2551 ob
649 2495 854 2568 iniqua
883 2497 1287 2555 dominatione
1325 2515 1628 2571 nunquam
1660 2499 1962 2554 crederent
1988 2495 2062 2550 li-

412 2583 728 2652 berandos,
761 2590 818 2641 et
846 2585 906 2642 in
938 2586 1188 2642 aliorum
1225 2589 1498 2660 conjugio
1544 2586 1935 2644 sollicitudine
1964 2601 2058 2641 co-

407 2679 581 2744 gente
611 2675 992 2746 transierunt,
1025 2693 1280 2750 cumque
1305 2681 1454 2733 statu
1502 2693 1716 2745 rerum,
1750 2681 1862 2730 Deo
1893 2672 2060 2729 auxi-

404 2761 606 2830 liante,
627 2764 688 2819 in
709 2764 953 2821 meliora
973 2781 1272 2834 converso,
1294 2765 1422 2822 utsi
1443 2764 1712 2821 nonnulli
1732 2780 1934 2820 eorum
1958 2767 2057 2834 qui

404 2851 768 2922 putabantur
789 2853 1057 2926 periisse,
1081 2855 1415 2922 remearint,
1440 2855 1646 2911 merito
1677 2853 1937 2910 eharitas
1959 2856 2061 2908 tua

406 2940 640 2996 videtur
686 2942 1006 3016 ambigere,
1057 2944 1198 3016 quid
1250 2945 1322 3000 de
1372 2943 1718 3000 mulieribus
1768 2960 1897 3014 qua:
1929 2941 2060 2998 aliis

407 3033 547 3083 sunt
569 3029 788 3099 juncta:
847 3031 1074 3101 viris,a
1132 3033 1300 3089 nobis
1354 3034 1563 3088 debeat
1617 3031 1896 3088 ordinari.
1947 3031 2058 3086 Sed

406 3116 548 3188 quia
577 3117 849 3175 novimus
897 3120 1184 3192 scriptum
1230 3122 1385 3193 quod
1437 3139 1470 3177 a
1515 3121 1764 3178 Domino
1789 3119 2062 3192 jungitur

403 3205 527 3260 viro
561 3205 794 3274 mulier,
843 3211 901 3263 et
945 3207 1162 3264 iterum
1214 3213 1570 3281 praeceptum
1620 3210 1966 3280 agnovimus
1998 3212 2061 3262 ut

403 3309 552 3366 quos
584 3294 872 3352 Dominus
907 3297 1126 3368 junxit,
1159 3296 1334 3353 homo
1367 3315 1482 3353 non
1533 3301 1787 3370 separet,
1822 3312 2058 3352 necesse

397 3387 488 3439 est
520 3387 583 3439 ut
613 3383 1014 3457 legitimarum
1047 3386 1459 3459 reinlegranda
1481 3386 1819 3459 nuptiarum
1847 3386 2059 3441 fmdera

399 3473 733 3541 credamus,
785 3479 843 3530 et
888 3476 1132 3532 remotis
1185 3475 1278 3532 bis
1329 3493 1461 3549 quae
1509 3475 1804 3534 hostilitas
1835 3475 2055 3533 intulit,

2163 851 2245 906 ita
2277 857 2342 907 ut
2370 853 2767 911 ecclesiastica
2798 855 3215 911 communione
3243 855 3569 927 priventur,
3599 873 3740 928 qua
3773 858 3832 911 de

2161 956 2223 996 re
2252 942 2574 998 excusabili
2604 944 3166 1000 contaminationem
3199 943 3468 1000 criminis
3500 943 3831 1016 elegerunt,

2162 1031 2541 1087 ostendentes
2568 1032 2805 1088 sibimet
2827 1049 2926 1104 pro
2947 1051 3056 1089 sua
3079 1033 3510 1089 incontinentis
3533 1033 3832 1104 placuisse

2162 1120 2317 1189 quod
2344 1121 2508 1191 justa
2539 1120 2810 1178 remissio
2843 1127 3071 1194 poterat
3112 1123 3365 1194 expiare.
3397 1123 3668 1179 Redeunt
3697 1140 3830 1195 ergo

2163 1207 2223 1262 in
2255 1225 2430 1264 suum
2463 1214 2684 1266 statum
2713 1210 3044 1266 voluntaria
3075 1212 3574 1283 redintegratione
3619 1213 3827 1282 conju-

2162 1296 2275 1366 gia,
2310 1314 2498 1370 neque
2530 1298 2646 1354 ullo
2679 1299 2852 1354 modo
2885 1301 2956 1355 ad
3004 1300 3386 1372 opprobrium
3416 1300 3586 1356 malae
3625 1301 3827 1356 volun-

2163 1385 2304 1440 tatis
2338 1386 2625 1458 trahatur,
2660 1389 2816 1459 quod
2849 1388 3107 1444 conditio
3151 1388 3522 1445 necessitatis
3559 1391 3826 1453 extorsit,

2162 1473 2302 1546 quia
2330 1475 2486 1531 sicut
2516 1476 2601 1531 his
2637 1476 2914 1534 mulieres
2945 1495 3074 1550 quae
3128 1479 3199 1534 ad
3231 1478 3388 1534 viros
3435 1495 3578 1534 suos
3616 1480 3824 1534 reverti

2159 1563 2476 1632 noluerint,
2509 1563 2704 1638 impia:
2731 1571 2872 1623 sunt
2901 1566 3209 1634 habendas,
3244 1568 3325 1623 ita
3352 1566 3460 1623 illae
3494 1585 3626 1638 quae
3662 1569 3720 1622 in
3745 1570 3824 1622 af-

2157 1653 2369 1708 fectum
2402 1653 2607 1710 initum
2642 1657 2911 1723 redeunt,
2943 1657 3152 1712 merito
3183 1655 3490 1712 laudandae
3521 1662 3691 1712 sunt.

2157 1758 2293 1814 CAP.
2326 1761 2610 1836 LXXXIX.
2661 1763 2857 1836 Probo,
2902 1762 3018 1819 viro
3050 1764 3134 1818 vel
3163 1778 3338 1818 uxore
3365 1763 3454 1836 Vde
3500 1765 3825 1836 captivitate

2440 1835 2726 1904 redeunte,
2763 1835 3221 1904 redintegraretur
3249 1835 3528 1906 coniugia.

2410 1923 2711 1980 Innocenl.
2741 1940 2876 1995 pap.
2927 1923 3070 1980 Rolo
3101 1923 3362 1995 episcop.
3394 1941 3488 1994 ep.
3522 1924 3576 1980 9.

2231 2020 2344 2092 (34,
2379 2038 2438 2092 q.
2463 2023 2518 2092 2,
2553 2024 2690 2080 Cum
2719 2025 2779 2079 in
2806 2023 3174 2096 captivitate.)
3204 2024 3348 2079 Cum
3391 2025 3451 2080 in
3483 2025 3824 2096 captivitate

2165 2106 2311 2164 Ursa
2337 2111 2550 2167 mulier
2571 2116 2886 2182 teneretur,
2911 2113 3070 2169 aliud
3096 2113 3434 2185 conjugium
3468 2130 3606 2169 cum
3642 2115 3825 2170 Resti-

2198 2202 2296 2254 uta
2324 2199 2652 2257 Fontanum
2675 2203 3047 2259 commisisse
3065 2203 3614 2276 cognoscimus,sed
3637 2205 3824 2260 favore

2170 2287 2401 2343 Domini
2435 2305 2665 2346 reversa
2695 2291 2840 2347 Ursa
2884 2309 2992 2347 nos
3022 2292 3185 2363 adiit,
3217 2296 3276 2346 et
3323 2291 3485 2347 nullo
3519 2293 3823 2349 difﬁdente

2173 2393 2407 2432 uxorem
2439 2394 2501 2434 se
2533 2379 2841 2435 memorati
2871 2397 2999 2436 esse
3022 2379 3344 2452 perdocuit.
3369 2381 3494 2444 Qua
3525 2382 3598 2436 de
3631 2398 3714 2450 re,
3750 2381 3823 2436 ﬁli

2173 2465 2379 2522 merito
2408 2466 2681 2539 illustris,
2728 2468 3066 2540 statuimus,
3111 2470 3225 2525 fide
3275 2469 3576 2526 Catholica
3617 2472 3823 2525 suffra-

2170 2559 2366 2626 gante,
2416 2555 2562 2613 illud
2611 2573 2739 2614 esse
2785 2559 3126 2632 conjugium
3177 2559 3332 2630 quod
3383 2563 3511 2614 erat
3553 2559 3822 2629 primitus

2171 2645 2358 2714 gratia
2401 2645 2946 2713 divinafundatum,
3012 2651 3485 2718 conventumque
3551 2649 3816 2703 secunda:

2173 2731 2437 2790 mulieris
2469 2734 2660 2806 priore
2692 2737 3008 2808 superstite
3042 2753 3146 2792 nec
3170 2736 3418 2793 divortio
3443 2737 3636 2808 ejecta
3669 2738 3817 2792 nullo

2171 2827 2340 2893 pacto
2368 2839 2499 2880 esse
2528 2823 2884 2897 legitimum.

2696 2935 2828 2990 CAP.
2860 2933 2976 2989 XC.
3007 2935 3083 2989 De
3100 2935 3303 2990 eodem.

2622 3024 2899 3080 Pandect.
2930 3022 3032 3079 lib.
3062 3040 3212 3092 xxiv,
3247 3031 3289 3080 t.
3319 3025 3376 3078 2.

2242 3109 2324 3180 (L.
2365 3111 2586 3168 Uxoris.
2619 3114 2645 3179 §
2678 3113 2750 3167 De
2776 3111 2981 3184 divor.)
3021 3112 3379 3168 Generaliter
3418 3112 3815 3168 deﬁniendum

2171 3202 2282 3267 est,
2315 3199 2496 3255 donec
2518 3205 2742 3256 certum
2767 3207 2857 3257 est
2887 3201 3130 3258 maritos
3152 3202 3342 3258 vivere
3371 3201 3431 3257 in
3462 3203 3818 3274 captivitate,

2171 3288 2554 3345 constitutum
2576 3294 2666 3346 est
2687 3289 2910 3346 nullam
2935 3291 3146 3346 habere
3169 3290 3467 3347 licentiam
3503 3308 3717 3348 uxores
3741 3310 3820 3348 eo-

2170 3393 2300 3432 rum
2336 3377 2589 3451 migrare
2618 3381 2690 3435 ad
2724 3380 2884 3436 aliud
2923 3381 3391 3437 matrimonium.

2169 3490 2298 3542 CAP.
2329 3485 2465 3542 XCI.
2520 3488 2653 3556 Quae
2681 3489 2863 3544 virum
2910 3488 2970 3544 in
3018 3489 3346 3560 captivitate
3392 3488 3624 3544 ductum
3669 3494 3819 3559 sequi

396 3538 728 3632 unicuique
748 3561 896 3617 ratio
927 3562 986 3617 id
1018 3564 1172 3634 quod
1204 3538 1467 3634 legitime
1516 3564 1734 3630 intulit,
1769 3564 2048 3620 reforme-
2079 3538 2121 3604 (ἶ
2183 3538 2457 3625 ualuerit,
2487 3538 2979 3632 niauweal'iriaupta

393 3652 511 3703 tur.
550 3648 804 3719 Denique
835 3650 996 3706 omni
1019 3652 1216 3708 studio
1249 3654 1779 3724 procurandum,ut
1811 3653 2052 3723 recipiat

390 3736 805 3808 unusquisque
823 3740 975 3810 quod
998 3740 1305 3812 prOprium
1329 3745 1554 3809 est,nec
1573 3746 1770 3796 tamen
1795 3741 2050 3812 culpabi-

385 3823 460 3880 lis
483 3825 801 3896 judicetur,
836 3833 894 3883 et
922 3832 1206 3900 tanquam
1239 3829 1414 3884 alieni
1467 3830 1613 3900 juris
1642 3846 1915 3902 pervasor
1943 3830 2046 3885 ha-

387 3915 620 3984 beatur,
647 3917 746 3988 qui
773 3934 1085 3990 personam
1113 3920 1240 3990 ejus
1265 3919 1483 3987 mariti,
1518 3920 1616 3991 qui
1635 3921 1757 3991 jam
1781 3936 1893 3975 non
1919 3936 2048 3976 esse

389 4005 811 4077 aestimabatur,
865 4008 1209 4081 assumpsit.
1261 4008 1354 4064 Sic
1385 4009 1541 4064 enim
1599 4009 1782 4065 multa
1813 4026 1939 4081 quae
1973 4010 2042 4065 ad

387 4111 487 4150 eos
519 4095 619 4168 qui
645 4096 702 4152 in
733 4098 1134 4170 captivitatem
1162 4098 1322 4154 ducti
1347 4103 1484 4155 sunt
1506 4098 1957 4171 pertinebant,si
1984 4099 2041 4154 in

377 4183 482 4254 jus
512 4183 770 4241 alienum
805 4187 1049 4244 transire
1097 4189 1415 4261 potuerint,
1449 4192 1506 4244 et
1554 4192 1753 4244 tamen
1799 4187 2040 4260 plenum

374 4273 628 4342 justitiae
659 4279 768 4345 est,
801 4279 867 4331 ut
897 4276 1116 4334 eisdem
1150 4278 1401 4334 reversis
1454 4277 1688 4350 propria
1719 4278 2037 4334 reformen-

380 4365 497 4416 tur.
533 4363 693 4427 Quod
727 4363 775 4418 si
808 4364 868 4420 in
902 4367 1213 4441 mancipiis
1233 4369 1319 4425 vel
1354 4368 1410 4424 in
1436 4368 1613 4441 agris,
1648 4371 1750 4422 aut
1777 4366 2034 4424 etiamin

381 4449 658 4507 domibus
691 4469 757 4508 ac
786 4456 1266 4526 possessionibus
1298 4461 1450 4512 recte
1498 4461 1786 4526 servatur,
1819 4460 2034 4526 quanto

381 4539 594 4612 magis,
620 4539 677 4596 in
708 4545 1154 4617 eonjugatorum
1180 4544 1674 4616 redintegratione
1699 4545 1965 4600 laciendu
1979 4563 2032 4600 m

381 4633 492 4695 est,
527 4635 592 4685 ut
622 4632 778 4703 quod
811 4633 975 4689 clade
1008 4634 1215 4689 bellica
1261 4633 1558 4689 turbatum
1593 4638 1700 4699 est,
1753 4634 1913 4704 pacis
1945 4652 2032 4690 re-

380 4718 573 4774 medio
601 4720 970 4793 reformatur,
1002 4726 1060 4778 et
1100 4721 1218 4778 imo
1249 4722 1298 4778 si
1347 4723 1453 4778 viri
1483 4727 1618 4795 post
1663 4722 1900 4796 longam
1933 4739 2032 4779 ca-

2659 3651 2831 3705 Conc.
2864 3651 3017 3722 apud
3049 3649 3314 3706 Vermer.

2230 3737 2341 3807 (34,
2374 3754 2430 3808 q.
2463 3740 2515 3808 2,
2550 3755 2598 3794 c.
2644 3738 2707 3794 Si
2750 3737 2874 3810 quis
2921 3740 3283 3810 necessitate.)
3316 3738 3376 3795 Si
3420 3738 3577 3812 quis,
3617 3757 3810 3796 neces-

2155 3823 2329 3880 sitate
2350 3827 2672 3882 inevitabili
2692 3828 3018 3900 cogente,in
3044 3827 3224 3884 alium
3249 3829 3528 3885 ducatum
3554 3847 3658 3886 seu
3684 3849 3810 3901 pro-

2155 3913 2408 3969 vinciam
2441 3914 2652 3986 fugerit
2681 3921 2738 3971 et
2787 3933 2932 3972 uxor
2961 3917 3086 3987 ejus
3136 3933 3271 3973 cum
3320 3916 3472 3973 valet
3511 3922 3568 3973 et
3600 3923 3808 3989 potest,

2155 4018 2351 4058 amore
2382 4009 2691 4075 parentum
2725 4008 2827 4060 aut
2856 4022 3050 4060 rerum
3075 4022 3319 4061 suarum
3342 4023 3478 4062 eum
3511 4007 3680 4078 sequi
3717 4023 3814 4060 no-

2153 4088 2346 4157 luerit,
2379 4091 2505 4164 ipsa
2537 4093 2696 4148 omni
2745 4097 3010 4166 tempore
3058 4094 3322 4167 quandiu
3373 4094 3462 4149 vir
3510 4095 3643 4166 ejus
3681 4112 3806 4166 qua?

2150 4185 2351 4236 secuta
2409 4198 2524 4237 non
2577 4181 2708 4250 fuit,
2764 4182 2926 4252 vivit,
2975 4199 3209 4254 semper
3264 4182 3520 4255 innupta
3577 4200 3805 4255 perma-

2151 4273 2305 4326 neat.

2219 4378 2352 4435 CAP.
2400 4379 2566 4436 XCII.
2624 4381 2884 4435 Furiosus
2931 4389 2983 4436 et
3035 4381 3260 4449 [uriosa
3309 4379 3738 4436 matrimonium

2596 4452 2920 4508 contrahere
2949 4468 3061 4507 non
3089 4457 3342 4524 possunt.

2500 4541 2577 4596 Ex
2606 4540 2829 4597 Decret.
2863 4540 3104 4596 Fabiani
3136 4558 3270 4613 pap.
3305 4557 3353 4596 c.
3385 4542 3441 4597 5.

2213 4631 2324 4702 (32,
2358 4647 2412 4702 q.
2437 4630 2493 4697 7,
2527 4647 2557 4686 c
2609 4633 2791 4703 Neque
2816 4632 3107 4701 furiosus.)
3138 4631 3338 4702 Neque
3383 4630 3666 4698 furiosus,
3703 4647 3794 4685 nc-

2141 4735 2254 4790 que
2285 4719 2506 4776 furiosa
2535 4720 2980 4777 matrimonium
3011 4719 3355 4776 contrahere
3386 4723 3664 4791 possunt,
3700 4719 3792 4774 sed

373 4806 707 4877 ptivitatem
739 4810 954 4867 reversi
985 4810 1066 4866 ita
1097 4810 1157 4866 in
1188 4809 1497 4868 dilectione
1543 4829 1789 4869 suarum
1823 4813 2027 4884 conju-
2139 4807 2189 4864 si
2220 4813 2586 4876 contractum
2617 4809 2811 4878 fuerit,
2844 4826 2960 4865 non
2991 4813 3319 4882 separetur.

367 4912 511 4969 Sum
545 4902 940 4989 Pefseveﬁnli:
991 4903 1056 4954 ιη
1093 4916 1191 4956 eas
1237 4901 1478 4974 θυρίδαι
1518 4901 1577 4957 in
1627 4919 1804 4959 suum
1835 4902 2022 4960 ι’θάίτθ
2055 4915 2100 4979 Ι)
2133 4920 2267 4976 CAP.
2311 4918 2502 4976 XCIII.
2553 4919 2624 4974 0b
2674 4918 3080 4989 inﬁrmitatem,
3130 4916 3225 4973 vel
3271 4917 3478 4974 damna
3521 4919 3790 4988 corporis,

367 4986 755 5057 consortium,
787 4985 1204 5046 dimittendum
1245 4994 1302 5046 et
1349 4989 1708 5064 inculpabile
1750 4992 2021 5064 judican-
2577 4985 2836 5062 conjuqia
2865 4989 3013 5046 solvi
3037 4985 3149 5045 non
3183 4989 3328 5045 licet.

366 5075 510 5130 dum
543 5077 697 5147 quod
731 5077 1052 5135 necessitas
1074 5077 1298 5150 intulit,
1322 5083 1380 5136 et
1402 5079 1829 5137 restituendum
1863 5081 2018 5154 quod
2403 5078 2676 5136 Nicolaus
2707 5080 2778 5136 ad
2808 5079 2998 5136 Carol.
3032 5079 3297 5152 Maguut.
3330 5077 3514 5150 episc.

366 5164 526 5222 ﬁdes.
544 5165 751 5236 poscit.
2200 5180 2312 5252 (3'2,
2347 5195 2403 5251 q.
2435 5179 2491 5246 7,
2538 5195 2590 5236 c.
2623 5179 2692 5234 Hi
2729 5177 2868 5249 qui.)
2923 5178 2988 5233 Hi
3029 5177 3130 5250 qui
3181 5174 3631 5232 matrimonium
3660 5173 3786 5231 sani

747 5265 878 5322 CAP.
915 5266 1268 5324 LXXXVIII.
1308 5269 1379 5323 De
1407 5268 1614 5324 eodem.
2128 5267 2544 5335 contraxerint,
2580 5271 2636 5322 et
2666 5267 2765 5321 uni
2798 5283 2866 5322 ex
2913 5266 3145 5322 duobus
3178 5264 3435 5321 amentia
3467 5268 3575 5320 aut
3605 5263 3786 5329 furor,

967 5359 1102 5426 Ῑιθο,
1134 5358 1302 5429 ePist.
1334 5358 1427 5411 77.
2125 5363 2228 5414 aut
2255 5357 2456 5430 aliqua
2485 5355 2798 5412 infirmitas
2830 5354 3162 5424 accesserit,
3188 5355 3261 5411 ob
3282 5353 3433 5410 hanc
3467 5352 3788 5408 inﬁrmita-

429 5443 545 5514 (34,
577 5461 631 5516 q.
667 5448 718 5514 2,
753 5463 801 5501 c.
841 5447 974 5501 Cum
999 5465 1117 5519 per.
1154 5451 1181 5515 §
1211 5448 1275 5503 Si
1305 5446 1537 5518 autem.)
1570 5446 1627 5501 Si
1674 5451 1871 5504 autem
1902 5447 2010 5503 ali-
2124 5453 2242 5504 tem
2275 5445 2549 5520 conjugia
2577 5445 2786 5502 talium
2835 5445 2982 5502 solvi
3029 5462 3144 5501 non
3193 5444 3466 5515 possunt.
3501 5441 3791 5497 Similiter

360 5545 488 5599 quae
520 5533 797 5590 mulieres
846 5534 926 5589 ita
977 5535 1036 5590 in
1089 5536 1478 5607 posteriorum
1525 5535 1779 5591 virorum
1813 5554 2010 5594 amore
2125 5538 2430 5594 sciendum
2462 5537 2531 5592 de
2575 5535 2670 5592 his
2721 5535 2822 5607 qui
2871 5536 2941 5592 ab
2992 5533 3344 5593 adversariis
3393 5536 3789 5598 excecantur,

361 5621 503 5673 sunt
532 5625 734 5691 captas,
768 5625 833 5676 ut
861 5622 1177 5680 maluerint
1198 5625 1289 5682 his
1309 5623 1595 5683 cohaerere
1627 5641 1805 5697 quam
1839 5627 1909 5682 ad
1934 5626 2008 5682 le-
2126 5632 2228 5684 aut
2257 5625 2532 5687 membris
2558 5625 3001 5683 detruncantur.
