3986 6048
202 231 342 287 1265

1484 238 1875 292 PANORMIA.
1908 266 1972 275 —
2007 237 2141 288 LIB.
2184 238 2280 288 VI.

3480 238 3617 294 I266

194 356 327 412 CAP.
372 355 562 412 XCIV.
623 356 946 432 Consortem
988 358 1265 432 inﬁdelem
1319 376 1445 432 pars
1486 359 1673 431 ﬁdelis
1730 375 1843 413 non.
1877 358 1930 424 Α
1960 374 2071 412 non
2102 356 2349 411 dimittat
2399 355 2586 409 illam.
2633 357 2708 410 Et
2749 356 2801 410 si
2848 372 2956 428 qua
2994 356 3199 411 mulier
3225 356 3390 415 habet
3432 362 3616 418 virum

888 428 1155 485 dimittat.

796 517 1018 573 Paulus
1050 524 1243 591 apost.

1962 446 2261 517 inﬁdelem,
2293 452 2343 499 et
2374 444 2466 500 hic
2494 446 2765 499 consentit
2793 444 3047 500 habitare
3076 461 3199 499 cum
3240 446 3343 501 illa
3380 464 3493 503 non
3525 451 3615 506 di-

1960 534 2148 590 mittat
2178 534 2358 590 illum.
2390 534 2777 603 Sanctiﬁcatus
2819 535 2969 589 enim
3017 534 3105 590 vir
3150 534 3260 590 erit
3288 536 3532 594 inﬁdelis
3554 539 3616 594 in

263 624 375 695 (28,
409 640 467 696 q.
503 624 556 691 1,
588 640 637 680 c.
675 624 705 697 §
738 628 879 681 Item
909 627 1117 696 apost.)
1150 626 1212 681 Si
1240 629 1361 698 quis
1407 629 1587 696 frater
1624 643 1854 683 uxorem
1964 623 2197 678 muliere
2226 622 2400 692 ﬁdeli.
2430 632 2482 678 et
2510 623 2855 692 sanctiﬁcata
2878 626 2985 679 erit
3016 625 3221 679 mulier
3250 626 3489 695 inﬁdelis
3517 644 3615 699 per

197 712 357 769 habet
388 713 674 784 inﬁdelem
701 722 754 770 et
783 714 902 771 haec
928 718 1200 771 consentit
1247 717 1501 771 habitare
1555 732 1681 772 cum
1726 717 1845 781 illo,

1966 714 2145 768 virum
2175 710 2391 782 ﬁdelem
2422 712 2471 783 (Ι
2499 712 2619 767 Cor.
2652 711 2778 783 vn).

624 1036 1068 1099 CONJUGIUM
1116 1038 1373 1098 DEBE'I‘
1417 1037 1608 1099 ESSE
1651 1036 1889 1097 INTER
1930 1033 2276 1093 HOMINES
2324 1031 2685 1093 EIUSDEM
2735 1030 3174 1091 ItELIGIONIS

188 1198 321 1253 CAP.
356 1197 524 1251 XCV.
561 1197 781 1267 Bigami
813 1202 1147 1269 reputantur
1188 1200 1285 1268 qui
1331 1207 1459 1253 ante
1513 1198 1845 1267 baptismum

389 1269 688 1324 habuerint
716 1286 888 1323 unam
919 1274 969 1325 et
997 1278 1117 1340 post
1147 1270 1352 1341 baptis.
1387 1271 1639 1324 alteram.

290 1359 591 1414 Innocent.
623 1375 757 1429 pap.
795 1359 942 1413 Rufo
975 1364 1032 1413 et
1063 1359 1310 1413 Eusebio
1340 1359 1486 1430 epic.
1523 1358 1741 1412 Maced.

258 1448 370 1519 ('28,
405 1465 460 1518 q.
494 1451 544 1515 1,
578 1464 628 1503 ο.
663 1448 971 1518 Nunquid.)
1023 1447 1299 1519 Nunquid
1352 1465 1469 1502 non
1515 1450 1689 1502 erunt
1739 1447 1840 1499 ad-

183 1536 457 1593 mittendi
491 1536 550 1590 in
586 1536 945 1592 hereditatis
979 1536 1294 1606 consortio,
1329 1536 1430 1608 qui
1462 1554 1529 1592 cx
1559 1552 1625 1590 ea
1648 1552 1841 1590 susce-

1956 1192 2243 1264 accepcrit
2274 1207 2534 1259 uxorem,
2567 1197 2620 1246 et
2652 1193 2782 1262 post
2821 1189 3078 1246 ﬁliorum
3131 1193 3592 1261 procreationem

1953 1281 2253 1337 occasione
2312 1279 2545 1334 divortii
2606 1280 2924 1349 cujusdam
2967 1294 3199 1334 servum
3258 1296 3319 1335 se
3377 1281 3598 1350 fecerit,

1953 1376 2151 1424 utrum
2213 1368 2543 1423 necessario
2598 1367 2901 1422 mulierem
2951 1372 3148 1423 tenere
3200 1369 3426 1438 debeat,
3460 1375 3516 1426 et
3548 1372 3594 1425 si

1949 1459 2225 1525 tenuerit,
2262 1460 2458 1512 utrum
2494 1456 2594 1511 illa
2621 1472 2854 1527 quoque
2886 1459 3211 1512 secundum
3263 1458 3600 1515 szecularem

1950 1547 2136 1618 legem
2170 1545 2434 1601 servituti
2468 1545 2681 1617 subjici
2713 1546 2939 1601 debeat.
2972 1546 3310 1601 Judicatum
3343 1551 3433 1602 est
3463 1564 3602 1601 uxo-

181 1625 263 1697 ι)ίί
297 1629 459 1689 sunt,
484 1642 609 1697 qua:
643 1628 776 1679 ante
802 1625 1166 1695 baptismum
1190 1625 1298 1679 fuit
1335 1643 1503 1694 uxor,
1545 1630 1839 1696 eruntque
1950 1653 2071 1691 rem
2107 1634 2350 1689 minime
2391 1634 2597 1689 debere
2629 1633 2866 1701 dimitti,
2901 1651 3017 1689 non
3050 1639 3243 1690 tamen
3278 1636 3350 1689 0b
3382 1636 3600 1691 Christi

184 1713 520 1786 appellandi
553 1713 873 1782 naturales,
907 1713 995 1768 vel
1044 1714 1183 1785 quia
1223 1731 1337 1769 non
1384 1714 1714 1785 legitimum
1748 1718 1841 1769 est
1947 1723 2131 1795 legem
2168 1722 2476 1778 mulierem
2510 1722 2567 1777 in
2592 1723 2930 1778 servitutem
2956 1723 3161 1794 redigi,
3186 1725 3326 1778 dum
3359 1724 3458 1779 ille
3480 1742 3594 1780 non

188 1802 631 1858 matrimonium
653 1802 930 1873 (utnobis
948 1802 1504 1874 videtur),nisiillud
1531 1804 1683 1875 quod
1710 1806 1839 1874 post
1876 1838 1923 1903 B
1954 1829 2022 1868 ex
2044 1828 2335 1867 consensu
2360 1810 2629 1881 conjugis
2670 1828 2904 1866 servum
2938 1828 3000 1866 se
3044 1811 3197 1882 fecit,
3247 1828 3419 1882 quem
3449 1812 3595 1868 libe-

193 1894 560 1965 baptismum
583 1893 930 1949 assumitur.
954 1893 1084 1964 Ipse
1107 1893 1390 1948 Dominus
1431 1894 1571 1949 dum
1598 1895 1846 1948 interro-

191 1986 435 2054 garetur
459 1998 492 2036 a
514 1982 734 2037 Judaeis
756 1982 802 2036 si
825 1981 1028 2038 liceret
1048 1982 1344 2036 dimittere
1385 1999 1646 2052 uxorem,
1672 1987 1847 2054 atque

190 2074 509 2141 exponeret
556 2070 678 2126 ﬁeri
734 2087 847 2125 non
899 2072 1133 2140 debere,
1191 2071 1418 2125 addidit
1464 2088 1477 2125 :
1533 2071 1680 2139 Quod
1708 2073 1848 2126 Deus

188 2160 501 2227 conjunxit,
537 2160 692 2214 homo
723 2176 835 2215 non
864 2169 1079 2231 separet
1112 2160 1325 2231 (Matth.
1360 2161 1497 2231 xxx).
1548 2163 1626 2215 Ac
1676 2177 1747 2216 ne
1778 2161 1848 2215 de

188 2248 284 2303 his
313 2248 544 2303 locutus
575 2264 703 2303 esse
736 2250 1004 2303 credatur
1036 2250 1135 2320 qui
1158 2253 1291 2320 post
1323 2248 1683 2320 baptismum
1703 2265 1848 2304 uxo-

189 2353 286 2392 res
318 2336 666 2405 sortiuntur,
716 2337 1094 2392 meminerint
1133 2338 1241 2393 hoc
1274 2354 1307 2392 a
1334 2337 1555 2393 Judzeis
1597 2339 1845 2393 interro-

190 2430 421 2498 gatum,
453 2430 509 2480 et
539 2425 757 2481 Judazis
789 2443 919 2481 esse
945 2443 1318 2497 responsum.

191 2515 330 2570 CAP.
365 2513 559 2569 XCVI.
592 2516 819 2585 Bigami
850 2520 1199 2585 reputantur,
1236 2517 1335 2586 qui
1358 2520 1485 2570 ante
1517 2517 1847 2587 baptismum

326 2586 619 2641 habuerint
649 2603 826 2642 unam
855 2590 909 2641 et
941 2589 1058 2658 post
1092 2590 1426 2658 baptismum
1456 2586 1715 2645 alteram.

661 2675 963 2729 Innocent.
990 2692 1122 2745 pap.
1155 2674 1386 2729 iisdem.

270 2764 383 2834 (28,
408 2780 466 2835 q.
498 2762 551 2832 l,
576 2780 626 2818 c.
653 2763 964 2834 Nunquid.)
998 2764 1067 2817 Et
1107 2762 1395 2818 sollicitus
1428 2781 1622 2833 quaero
1653 2765 1702 2819 si
1736 2782 1852 2821 una

196 2856 257 2909 et
287 2853 492 2908 eadem
524 2869 670 2908 uxor
692 2853 983 2924 sit.quam
1012 2857 1147 2908 ante
1178 2853 1636 2908 catechumenus
1657 2872 1853 2910 susce-

195 2943 368 3014 perit,
402 2946 457 2997 et
478 2947 683 3015 postea
705 2942 849 2997 alios
876 2940 1075 3013 [ﬁlios]
1098 2942 1443 3012 susceperit,
1486 2959 1618 2997 cum
1660 2942 1852 2999 ﬁdelis

204 3034 381 3097 esset,
421 3035 622 3085 utrum
654 3030 773 3085 sint
806 3030 1013 3085 fratres
1045 3029 1400 3100 appellandi,
1452 3047 1523 3084 an
1582 3048 1696 3086 non
1748 3032 1849 3086 ha-

213 3119 393 3173 beant
422 3123 627 3189 postea
673 3119 950 3174 defuncto
997 3123 1161 3190 patre
1204 3118 1562 3174 hzereditatis
1616 3121 1851 3175 familiae

209 3206 610 3263 herciscundae
640 3207 1025 3274 consortium,
1077 3207 1289 3279 quibus
1338 3207 1591 3264 ﬁliorum
1637 3227 1849 3265 nomen
1882 3211 1924 3274 C

189 3295 564 3367 regeneratio
632 3296 961 3369 spiritualis
1028 3297 1244 3352 dicitur
1293 3298 1626 3354 abstulisse.
1690 3300 1851 3363 Quod

187 3384 359 3440 enim
391 3385 474 3440 ita
496 3386 767 3455 judicare
799 3390 975 3457 atque
993 3387 1211 3442 sentire
1229 3387 1554 3442 absurdum
1588 3393 1697 3458 est,
1722 3406 1851 3459 qua:

186 3474 350 3529 ratio
384 3479 473 3530 est
503 3474 612 3529 hoc
645 3474 869 3529 malum
925 3474 1180 3541 defendi,
1214 3480 1268 3528 et
1299 3490 1481 3529 vacua
1514 3477 1698 3547 magis
1727 3477 1850 3547 opi-

189 3562 363 3617 nione
385 3562 619 3630 jactari,
640 3574 818 3631 quam
842 3561 1038 3630 aliqua
1064 3562 1409 3615 auctoritate
1435 3563 1696 3617 roborari
1716 3581 1849 3619 cum

192 3668 311 3706 non
347 3649 539 3721 possit
571 3649 724 3703 inter
748 3652 989 3719 peccata
1020 3649 1291 3719 deputari
1337 3650 1491 3721 quod
1525 3649 1615 3705 lex
1650 3653 1851 3722 praeci-

192 3738 281 3809 pit
312 3742 369 3792 et
396 3742 546 3792 Deus
569 3735 897 3807 conjunxit.

193 3826 324 3881 CAP.
360 3824 575 3881 XCVII.
613 3825 681 3901 In_
714 3825 893 3895 ﬁdelis
940 3826 1331 3901 potestatensit
1376 3836 1496 3898 post
1547 3828 1851 3901 baptimum

566 3897 808 3969 recipere
837 3914 1005 3967 quam
1037 3907 1163 3952 ante
1181 3897 1493 3955 dimiserat.

750 3989 830 4040 Ex
861 3986 1087 4041 Decret.
1122 3986 1309 4042 Eutic.

270 4076 286 4146 (
328 4076 383 4143 8,
416 4091 475 4146 q.
510 4076 561 4140 1,
611 4092 661 4130 c.
710 4075 771 4129 Si
800 4075 965 4145 quis.)
996 4075 1055 4129 Si
1109 4075 1243 4146 quis
1291 4076 1529 4147 gentilis
1571 4079 1845 4149 gentilem

199 4164 492 4219 dimiserit
517 4180 755 4218 uxorem
772 4168 908 4218 ante
939 4163 1463 4235 baptismum,post
1488 4166 1848 4236 baptismum

198 4252 258 4306 in
295 4256 579 4323 potestate
609 4253 737 4322 ejus
767 4252 876 4307 erit
897 4268 1025 4307 eam
1059 4252 1273 4307 habere
1302 4254 1391 4308 vel
1453 4271 1565 4309 non
1615 4255 1847 4312 habere.

194 4339 389 4395 Simili
427 4340 600 4395 modo
634 4340 683 4395 si
718 4357 874 4395 unus
907 4357 974 4395 ex
1005 4341 1336 4412 conjugatis
1369 4342 1699 4413 baptizatus
1738 4348 1846 4412 est,

202 4434 260 4483 et
290 4428 439 4484 alter
469 4428 726 4499 gentilis,
759 4433 815 4485 et
845 4428 1009 4499 sequi
1045 4446 1160 4483 non
1205 4429 1349 4497 vult,
1400 4436 1463 4485 ut
1494 4432 1636 4487 dicit
1660 4440 1848 4504 Apos-

194 4518 397 4582 totius,
432 4517 680 4588 inﬁdelis
708 4518 757 4573 si
780 4518 1027 4585 discedit,
1060 4518 1296 4573 discedat
1327 4520 1370 4590 (Ι
1401 4520 1519 4576 Cor.
1545 4523 1667 4591 νη).

196 4606 325 4660 αλιι.
363 4605 601 4661 XCVIII.
653 4608 875 4680 Viventc
920 4621 1092 4680 uarore
1136 4608 1319 4680 prima
1356 4618 1473 4677 post
1518 4610 1847 4680 baptismum

663 4679 752 4732 vir
778 4693 890 4732 non
936 4677 1099 4732 ducat
1127 4679 1383 4732 alteram.

786 4768 959 4821 Cone.
998 4766 1169 4820 Meld.
1204 4783 1253 4820 c.
1292 4767 1340 4819 1.

274 4855 384 4925 (28,
410 4872 463 4925 q.
495 4858 551 4922 2,
584 4871 633 4909 c.
667 4854 727 4909 Si
752 4855 919 4925 quis.)
944 4855 998 4907 Si
1035 4855 1168 4923 quis
1200 4854 1411 4910 habuit
1460 4873 1693 4913 uxorem
1737 4859 1848 4914 vir-

198 4943 392 5013 ginem
428 4948 562 4997 ante
592 4943 1340 5015 baptismum,vivcnteilla
1373 4949 1503 5015 post
1535 4946 1846 5019 baptisma,

197 5031 441 5086 alterum
476 5032 693 5086 habere
724 5049 835 5086 non
890 5036 1101 5103 potest.
1143 5033 1401 5087 Crimina
1450 5034 1508 5088 in
1557 5035 1848 5107 baptismo

198 5119 527 5183 solvuntur,
562 5138 676 5175 non
704 5120 998 5192 conjugis.

1955 1919 2085 1956 rum
2114 1902 2244 1973 ipsa
2274 1899 2553 1955 maritum
2586 1899 2893 1971 acceperit.

1955 2010 2081 2064 Car.
2117 2009 2176 2064 C.
2214 2007 2363 2076 Quod
2391 2008 2564 2062 etiam
2596 2006 2840 2075 inﬁdeles
2869 2010 2999 2061 sunt
3027 2007 3305 2077 conjuges,
3361 2012 3410 2063 et
3459 2009 3602 2078 quod

2289 2079 2453 2150 ﬁdeli
2484 2079 2609 2133 licet
2638 2077 2928 2133 dimittere
2956 2078 3260 2147 inﬁdelem.

2109 2170 2357 2240 August.
2393 2168 2463 2222 ad
2498 2165 2742 2222 Pollent.
2775 2168 2852 2222 De
2885 2168 3027 2239 conj.
3061 2167 3237 2223 adult.
3266 2184 3315 2223 c.
3352 2168 3437 2223 13.

2027 2275 2137 2346 (28,
2171 2292 2224 2346 q.
2264 2275 2314 2342 l,
2350 2291 2399 2329 c.
2432 2275 2556 2329 Jam
2584 2274 2776 2344 nunc.)
2835 2274 2969 2329 Jam
3030 2291 3184 2329 nunc
3219 2274 3363 2329 illud
3414 2275 3609 2330 videa-

1957 2381 2110 2430 mus,
2137 2364 2293 2434 quod
2326 2363 2422 2416 Ait
2454 2362 2786 2433 apostolus:
2814 2362 3038 2416 Ceteris
3068 2378 3195 2432 ergo
3226 2362 3345 2417 dico
3374 2378 3483 2418 non
3508 2364 3614 2419 Do-

1955 2452 2161 2519 minus,
2197 2452 2267 2506 ad
2301 2451 2553 2521 imparia
2584 2449 2828 2516 scilicet,
2863 2450 2973 2505 hoc
3005 2454 3094 2506 est
3128 2450 3229 2506 ubi
3269 2468 3383 2506 non
3440 2451 3614 2506 ambo

1957 2540 2173 2597 fuerint
2202 2538 2543 2607 Christiani,
2570 2538 2842 2608 conjugia
2875 2538 3201 2608 locuturus,
3237 2540 3394 2610 quod
3426 2544 3515 2594 est
3534 2540 3617 2593 vi-

1958 2647 2087 2686 sum
2116 2628 2287 2694 mihi,
2317 2645 2451 2683 eum
2486 2627 2913 2682 commonendo
2962 2627 3201 2684 dixisse.
3257 2628 3404 2695 Quia
3452 2628 3613 2683 enim

1958 2719 2171 2790 conjux
2201 2717 2391 2773 ﬁdelis
2428 2715 2758 2789 relinquere
2780 2716 3090 2788 conjugem
3122 2716 3279 2773 licite
3311 2716 3613 2788 potestia-

1958 2807 2181 2863 ﬁdelern
2211 2806 2340 2862 ideo
2372 2805 2482 2861 hoc
2513 2806 2632 2860 ﬁeri
2666 2821 2782 2860 non
2816 2805 3100 2860 Dominus
3146 2805 3248 2861 sed
3292 2804 3610 2877 Apostolus

1958 2896 2251 2968 prohibet.
2285 2896 2447 2959 Quod
2481 2894 2639 2949 enim
2671 2893 2959 2949 Dominus
2997 2893 3265 2966 prohibet
3298 2893 3444 2963 ﬁeri,
3474 2910 3601 2949 om-

1959 2986 2099 3041 nino
2132 3001 2247 3040 non
2279 2983 2433 3039 licet.
2470 2983 2666 3037 Monet
2696 2982 2853 3037 enim
2887 2982 3216 3055 Apostolus,
3272 2983 3428 3053 quod
3480 2999 3608 3053 pos-

1963 3074 2040 3130 sit
2069 3090 2199 3129 esse
2231 3072 2555 3127 multorum
2587 3070 2817 3127 occasio
2848 3069 3292 3138 lucrandorum,
3314 3074 3379 3125 ut
3412 3070 3615 3126 ﬁdeles

1961 3161 2313 3234 conjugesin
2337 3158 3416 3231 relinquendisinﬁdelibus,permissa
3433 3158 3614 3215 licen-

1968 3253 2051 3308 tia
2091 3268 2207 3307 non
2267 3254 2532 3305 utantur.
2594 3249 2725 3304 Tibi
2773 3252 2989 3303 autem
3026 3247 3302 3304 videntur
3347 3248 3619 3303 inﬁdeles

1966 3356 2199 3413 quoque
2231 3340 2449 3394 dimitti
2483 3356 2515 3393 a
2549 3337 2819 3391 ﬁdelibus
2854 3354 2968 3390 non
3003 3336 3176 3390 licere
3207 3336 3344 3407 quia
3386 3337 3493 3392 hoc
3525 3352 3616 3392 ve-

1962 3434 2048 3485 tat
2098 3427 2403 3493 Dominus,
2452 3442 2567 3479 non
2618 3428 2816 3478 tamen
2865 3424 2995 3477 dico
3044 3424 3314 3494 expedire
3355 3424 3615 3495 quidem,

1963 3519 2102 3589 quia
2131 3515 2242 3570 hoc
2274 3531 2344 3569 ne
2372 3514 2472 3568 ﬁat
2504 3517 2701 3568 monet
2728 3510 3065 3582 Apostolus,
3097 3511 3197 3582 qui
3222 3512 3413 3567 reddit
3446 3513 3617 3568 ratio-

1960 3622 2095 3661 nem
2125 3621 2230 3659 cur
2251 3603 2377 3658 ﬁeri
2411 3619 2526 3657 non
2567 3600 2856 3672 expediat,
2891 3600 3167 3671 quamvis
3219 3599 3411 3656 liceat.
3463 3601 3611 3667 Quid

1959 3694 2115 3751 enim
2147 3694 2283 3759 scis,
2306 3691 2518 3747 mulier
2549 3690 2598 3745 si
2631 3690 2819 3744 virum
2854 3689 3080 3744 salvum
3108 3689 3329 3745 facies?
3357 3692 3473 3746 Aut
3502 3708 3610 3746 un-

1961 3784 2031 3837 de
2065 3782 2202 3849 scis,
2236 3780 2341 3846 vir,
2376 3781 2424 3835 si
2458 3795 2693 3835 uxorem
2730 3776 2949 3833 salvam
2987 3776 3213 3833 facies?
3256 3777 3399 3833 Cum
3431 3777 3608 3834 etiam

1961 3870 2233 3941 superius
2255 3869 2499 3924 dixisset
2526 3867 2959 3937 :Sanctiﬁcatus
2998 3868 3074 3921 est
3106 3867 3194 3920 vir
3224 3866 3485 3936 inﬁdelis,
3525 3867 3608 3922 vi-

1963 3960 2172 4015 delicet
2201 3959 2259 4013 in
2289 3957 2534 4013 muliere
2582 3955 2762 4024 ﬁdeli,
2798 3960 2889 4011 et:
2926 3955 3258 4024 Santiﬁcata
3288 3965 3370 4010 est
3398 3956 3604 4010 mulier

1959 4048 2203 4119 inﬁdelis
2230 4051 2290 4102 in
2318 4050 2514 4116 fratre,
2555 4045 2664 4100 hoc
2684 4048 2797 4109 est,
2830 4044 2889 4099 in
2917 4043 3273 4099 Christiano.
3326 4044 3608 4115 Alioquin,

1961 4138 2177 4209 inquit,
2211 4136 2323 4207 ﬁlii
2352 4134 2516 4191 vestri
2538 4133 2819 4189 immundi
2849 4140 3044 4198 essent,
3079 4146 3229 4188 nunc
3258 4135 3444 4187 autem
3485 4149 3615 4187 san-

1960 4229 2034 4282 cti
2060 4235 2189 4280 sunt
2230 4226 2276 4296 (l
2309 4227 2437 4281 Cor.
2470 4224 2592 4291 v11).
2629 4222 2720 4276 Sic
2753 4223 2823 4277 ad
2881 4220 3194 4276 lucrandos
3244 4221 3524 4293 conjuges
3555 4235 3615 4277 et

1963 4313 2113 4368 ﬁlios
2166 4313 2393 4367 Christo
2447 4311 2619 4367 etiam
2656 4309 2938 4381 exemplis
2976 4326 3103 4380 quae
3154 4311 3280 4379 jam
3331 4325 3613 4380 provene-

1961 4407 2112 4469 rant,
2164 4402 2395 4457 vidctur
2460 4402 2751 4455 hortatus.
2807 4403 2949 4453 Cum
3002 4414 3135 4468 ergo
3186 4415 3301 4453 non
3346 4398 3613 4470 expediat

1960 4492 2136 4547 etiam
2167 4490 2435 4545 inﬁdeles
2478 4490 2760 4560 conjuges
2808 4486 3012 4542 dimitti
3043 4504 3077 4541 a
3108 4487 3402 4554 ﬁdelibus,
3433 4504 3610 4544 causa

1882 4572 1922 4634 Ι)
1955 4581 2251 4636 evidenter
2281 4594 2555 4650 expressa
2585 4581 2690 4631 est.
2716 4576 2844 4631 Non
2869 4574 3024 4631 enim
3052 4580 3285 4647 propter
3306 4576 3605 4633 vinculum

1956 4685 2090 4724 cum
2112 4667 2330 4723 talibus
2355 4671 2585 4737 pactum
2616 4664 2923 4736 conjugale
2951 4669 3040 4719 est
3069 4665 3423 4720 servandum
3458 4683 3471 4720 :
3506 4667 3604 4721 sed

1957 4762 2022 4812 ut
2048 4762 2385 4828 quaerantur
2416 4756 2472 4809 in
2505 4754 2737 4809 Christo
2773 4752 2962 4809 recedi
2993 4753 3064 4808 ab
3097 4752 3434 4809 infidelibus
3465 4770 3607 4809 con-

1957 4846 2199 4917 jugibus
2226 4843 2541 4916 Apostolus
2574 4847 2746 4898 vetat.
2777 4840 2960 4897 Multa
2987 4840 3143 4897 enim
3178 4846 3319 4897 sunt
3344 4842 3610 4896 facienda

1960 4951 2077 4989 non
2108 4935 2348 5003 iubente
2383 4933 2525 5003 lege,
2579 4931 2680 4986 sed
2736 4930 2918 4985 libera
2966 4930 3268 4999 charilate,
3302 4934 3359 4983 et
3405 4930 3608 4985 eadem

1963 5024 2195 5080 suntin
2231 5022 2447 5079 nostris
2478 5020 2689 5076 ofﬁciis
2719 5020 2995 5092 gratiora,
3045 5036 3175 5089 quae
3226 5035 3360 5073 cum
3411 5017 3613 5074 liceret

1964 5113 2132 5167 nobis
2165 5110 2639 5181 nonimpendero
2672 5114 2868 5163 tamen
2902 5123 3081 5162 causa
3111 5105 3444 5161 dilectionis
3495 5106 3609 5162 im-

192 5210 315 5264 Csr.
348 5208 536 5263 XCIX.
567 5208 763 5262 Dolosa
811 5208 1055 5263 conditio
1105 5226 1215 5264 non
1261 5217 1483 5282 separat
1528 5215 1847 5284 coniugium
1956 5201 2294 5273 Pendlmus-
2328 5199 2491 5254 Unde
2525 5198 2682 5269 Pl'lOl‘
2712 5198 2838 5268 ipse
2870 5194 3151 5250 Dominus
3178 5211 3311 5249 cum
3337 5212 3399 5284 39
3419 5196 3609 5250 tribu‘

839 5290 1203 5341 contractum:

714 5368 888 5423 Conc.
923 5369 1161 5423 Tribur.
1191 5386 1241 5424 c.
1275 5371 1330 5425 8.

1959 5298 2081 5343 tum
2114 5306 2226 5344 non
2278 5289 2487 5343 debere
2546 5286 2789 5353 solvere,
2844 5286 3253 5347 monstrasset,
3304 5282 3479 5338 solvit
3516 5288 3607 5339 ta-

1956 5395 2112 5445 men,
2147 5395 2217 5432 ne
2248 5376 2670 5433 scandalizarct
2698 5389 2796 5428 eos
2830 5371 3047 5441 quibus
3079 5373 3149 5427 ad
3198 5376 3472 5427 aeternam
3506 5390 3603 5428 sa-

268 5458 380 5527 (29,
413 5472 467 5527 q.
502 5458 556 5521 2,
590 5473 639 5511 c.
675 5458 961 5512 Perlutum
991 5457 1119 5529 est.)
1154 5457 1449 5513 Perlatum
1485 5466 1573 5515 est
1604 5463 1673 5516 ad
1709 5481 1846 5518 san-
1952 5466 2135 5521 Iutem
2167 5482 2375 5537 gerens
2408 5480 2628 5519 morem
2649 5459 3010 5516 consulebat.
3034 5459 3166 5514 Jam
3198 5476 3332 5515 vero
3354 5465 3603 5534 Aposto-

202 5552 351 5603 ctam
387 5546 677 5617 synodum
708 5547 860 5617 quod
894 5546 1133 5617 quidam
1190 5546 1483 5619 ingenuus
1529 5550 1842 5623 ingenuam
1954 5554 2066 5624 lus,
2112 5554 2607 5626 quemadmodum
2658 5550 2771 5605 ista
2817 5548 3209 5618 commendat,
3243 5550 3371 5620 ejus
3422 5551 3602 5608 verba
