3936 6056
357 238 504 294 1267
1442 234 1510 283 D.
1551 229 1790 284 IVONIS
1826 227 2046 282 ΟΔΒΝ(

2219 225 2326 279 SIS
2362 223 2682 277 EPISCOPI
3661 215 3806 271 1268

359 365 659 421 testantur
689 357 789 416 ubi
815 357 958 413 dicit
988 372 1001 412 :
1037 357 1172 410 Cum
1201 357 1352 410 enim
1399 353 1539 409 liber
1577 355 1685 408 sim
1731 369 1802 408 ea:
1829 352 2012 407 omni-
2045 353 2098 418 Α
2132 347 2311 414 mino,
2345 362 2479 403 cum
2515 346 2790 402 continuo
2843 348 3130 415 sequatur
3170 346 3230 400 et
3267 343 3463 401 dicat:
3500 345 3808 416 Tanquam

359 456 476 520 bus,
501 453 752 508 omnium
781 465 870 504 me
914 463 1129 503 servum
1159 446 1268 516 [cci
1306 452 1367 499 ut
1393 444 1584 515 plures
1633 441 2016 512 lucri/“acerem
2121 435 2560 492 misericordiam
2588 438 2908 490 consecutus
2927 451 2962 489 a
2983 435 3090 489 Deo
3119 437 3181 488 ut
3207 432 3388 504 ﬁdelis
3404 434 3663 503 essem(l
3683 434 3804 488 Cor.

369 546 416 616 (I
448 544 570 599 Cor.
636 541 756 610 1x);
801 553 935 593 cum
983 535 1158 607 paulo
1207 534 1476 605 superius
1524 532 1813 588 dixisset:
1863 531 2016 586 Nun-
2124 528 2247 598 v11).
2284 525 2618 581 Secundum
2653 541 2788 596 ergo
2823 525 3002 580 Deum
3039 523 3140 578 dat
3163 522 3482 578 consilium
3521 522 3714 577 ﬁdele
3754 524 3808 576 in

362 612 494 705 quid
523 647 630 686 non
655 630 915 684 habemus
947 625 1230 681 licentiam
1259 623 1642 678 manducandi
1671 627 1724 677 et
1761 619 2018 675 bibendi?
2127 632 2195 671 eo
2225 615 2438 705 Spiritu
2459 616 2529 670 de
2551 630 2668 686 quo
2698 615 2816 670 ait:
2842 616 2982 669 Puto
3011 616 3199 668 autem
3229 612 3373 684 quod
3398 621 3454 669 et
3481 629 3596 682 ego
3621 614 3809 684 Spiri-

369 701 629 792 qunquid
670 734 779 774 non
809 717 1067 770 habemus
1109 715 1395 770 licentiam
1439 727 1678 768 sororem
1726 711 2019 766 mulierem
2128 707 2246 760 tum
2275 705 2373 760 Dei
2402 703 2652 760 habeam.
2682 703 3098 758 Verumtamen
3131 701 3290 758 aliud
3321 706 3412 757 est
3443 702 3708 758 Domini
3725 705 3817 772 jn-

386 791 853 873 circumducendi,
916 806 1060 860 sicut
1110 808 1162 858 et
1213 803 1402 859 exteri
1457 801 1712 874 apostoli,
1765 809 1816 855 et
1850 802 2026 870 frater
2131 795 2325 850 bentis
2358 793 2693 865 imperium,
2727 791 2889 847 aliud
2921 791 3186 847 conservi
3227 792 3567 847 secundum
3625 791 3811 845 mise-

380 899 601 958 Domini
621 906 669 953 et
702 895 946 966 Cephas?
977 894 1056 948 An
1085 909 1186 965 ego
1217 894 1364 948 solus
1392 895 1444 946 et
1473 890 1756 945 Barnabas
1785 905 1892 943 non
1921 887 2022 941 ha-

381 992 564 1046 bemus
595 988 915 1057 potcstutem
963 985 1063 1038 hoc
1111 981 1419 1053 operandi?
1460 980 1586 1048 Quis
1643 979 1868 1032 miltitat
1907 976 2024 1032 suis

377 1077 666 1145 stipendiis
717 1076 1003 1145 unquam?
1044 1073 1178 1140 Quis
1229 1069 1514 1142 plantavit
1567 1069 1805 1133 vineam,
1857 1073 1908 1121 et
1964 1064 2028 1120 d:

381 1171 568 1241 [ructu
598 1166 713 1236 ejus
746 1179 852 1216 non
885 1161 996 1216 edit
1019 1162 1046 1217 ἲ
1080 1161 1212 1228 Quis
1236 1160 1419 1231 pascit
1453 1174 1688 1229 gregem,
1717 1163 1771 1211 et
1798 1155 1862 1210 de
1894 1155 2030 1209 lacte

378 1259 499 1325 eius
522 1271 630 1310 non
659 1249 930 1309 comedit?
961 1249 1145 1322 (ibid.)
1188 1252 1252 1302 Et
1284 1245 1458 1320 paulo
1485 1251 1620 1318 post
1651 1262 1665 1301 :
1700 1245 1761 1300 Si
1785 1245 1911 1311 alii,
1941 1243 2028 1297 in-

385 1345 532 1418 quit,
565 1343 851 1415 potestatis
882 1342 1085 1395 nostra?
1113 1340 1245 1406 iura
1270 1336 1634 1408 participant,
1685 1350 1870 1390 nonnr
1915 1349 2034 1387 ma-

383 1435 464 1508 gis
494 1444 543 1489 et
573 1449 670 1488 nos
696 1435 718 1486 P
751 1429 852 1485 Sed
877 1446 984 1485 non
1016 1444 1209 1482 sumus
1230 1429 1318 1482 usi
1348 1431 1451 1482 hac
1478 1427 1766 1497 potestate,
1793 1422 1884 1479 sed
1915 1438 2035 1478 om-

383 1523 481 1576 nia
510 1521 830 1584 toleramus,
863 1534 934 1572 ne
961 1516 1102 1589 quod
1129 1514 1582 1586 impedimentum
1616 1513 1804 1568 demus
1849 1515 2035 1567 Evan-

389 1610 536 1680 gelia
569 1608 781 1664 Christi
811 1606 1016 1678 (ibid.).

393 1760 528 1816 CAP.
560 1758 648 1816 CI.
681 1758 756 1813 Ab
786 1754 1100 1828 inﬁdelibus
1123 1752 1448 1828 coniugibus
1492 1751 1740 1809 recedere
1775 1751 1922 1819 licet,
1950 1750 2044 1807 sed
2076 1725 2124 1790 Β

1034 1843 1142 1883 non
1165 1825 1402 1897 expedit.

878 1945 1120 2010 August.
1154 1941 1224 1995 ad
1256 1941 1550 1995 eumdem.

463 2090 577 2160 (28,
611 2104 666 2159 q.
699 2089 750 2157 1,
798 2102 849 2142 c.
888 2085 983 2142 Sic
1023 2084 1220 2156 enim.)
1277 2083 1425 2139 Item
1459 2099 1474 2139 :
1507 2082 1602 2138 Sic
1652 2081 1810 2137 enim
1860 2098 2046 2153 neque

400 2179 670 2234 recedere
701 2176 772 2231 ab
798 2174 1136 2230 inﬁdelibus
1171 2173 1453 2228 uxoribus
1474 2171 1619 2227 vela
1640 2171 2048 2236 maritis,ﬁde-

395 2268 481 2324 les
510 2266 618 2322 viri
645 2265 732 2321 vel
767 2264 994 2319 feminre
1029 2280 1144 2319 non
1176 2262 1564 2334 prohibentur
1607 2279 1642 2316 a
1687 2261 1952 2330 Domino,
1987 2266 2050 2316 ut

398 2355 956 2428 nequejubeantur.
989 2353 1135 2407 Nam
1190 2351 1239 2406 si
1285 2351 1581 2406 dimittere
1632 2349 1782 2407 tales
1840 2367 2048 2406 uxores

399 2446 772 2517 juberentur,
811 2441 1011 2496 nullus
1043 2441 1205 2495 locus
1255 2444 1413 2496 esset
1461 2439 1706 2495 consilio
1757 2441 2052 2496 monentis

407 2532 674 2605 Apostoli
705 2547 778 2587 ne
816 2529 926 2586 hoc
958 2530 1136 2584 ﬁeret.
1171 2527 1342 2585 Nullo
1377 2529 1547 2585 modo
1577 2528 1734 2585 enim
1769 2531 1921 2601 quod
1944 2532 2052 2586 Do-

411 2621 816 2693 minusjubet,
844 2636 1047 2676 servus
1067 2618 1255 2673 bonus
1281 2618 1569 2690 prohibet.
1591 2619 1732 2674 Item
1755 2635 1890 2674 cum
1917 2636 2055 2692 ergo

415 2712 690 2784 coepisset
729 2709 1007 2782 gentibus
1036 2707 1414 2779 Evangelium
1447 2709 1781 2780 praedicare,
1831 2713 1888 2764 et
1925 2711 2060 2781 jun-

417 2807 544 2858 ctos
574 2800 822 2872 gentiles
855 2797 1238 2868 comperisset
1269 2797 1641 2868 conjugibus,
1673 2815 1741 2853 ex
1771 2799 1984 2868 quibus
2008 2800 2057 2854 si

417 2908 534 2946 non
566 2889 740 2944 ambo
769 2887 1090 2952 crederent,
1123 2885 1220 2940 sed
1257 2902 1410 2940 unus
1441 2889 1542 2941 aut
1570 2893 1785 2954 una,et
1806 2887 2060 2944 inﬁdelis

417 2995 548 3036 cum
580 2976 804 3032 inﬁdeli
857 2974 1216 3030 consentiret
1247 2973 1602 3044 cohabitare,
1629 2991 1734 3030 nec
1766 2975 2058 3046 prohiberi

417 3087 451 3122 a
479 3068 727 3122 Domino
758 3063 961 3152 debuit
980 3061 1168 3117 ﬁdelis
1190 3061 1487 3152 inﬁdelem
1507 3063 1820 3130 dimittere,
1847 3066 2053 3135 necju-
2089 3087 2132 3152 ρ

415 3154 569 3220 beri;
607 3152 737 3208 ideo
769 3151 991 3206 scilicet
1023 3166 1136 3204 non
1171 3149 1487 3221 prohiberi,
1522 3153 1660 3222 quia
1681 3153 1913 3222 justitia
1939 3171 2060 3225 per-

417 3241 602 3297 mittit
631 3256 665 3295 a
695 3238 1014 3294 fornicante
1046 3238 1370 3307 discedere,
1404 3247 1458 3292 et
1500 3238 1756 3295 inﬁdelis
1804 3241 2061 3299 hominis

419 3328 725 3386 fornicatio
747 3331 838 3384 est
859 3327 1049 3396 major
1070 3327 1128 3381 in
1151 3327 1458 3393 cordc,nec
1481 3344 1613 3382 vera
1636 3328 1812 3400 hujus
1834 3331 2064 3401 pudici-

421 3421 505 3476 tia
535 3435 667 3474 cum
701 3419 951 3488 conjuge
977 3416 1092 3472 dici
1123 3421 1334 3488 potest,
1362 3417 1502 3488 quia
1531 3433 1705 3474 omne
1749 3421 1903 3490 quod
1947 3437 2062 3476 non

423 3514 614 3566 estex
646 3508 758 3563 ﬁde
804 3510 1108 3578 peccatum
1159 3509 1272 3570 est,
1323 3507 1591 3577 quamvis
1631 3524 1829 3564 veram
1872 3509 2064 3566 ﬁdelis

424 3599 640 3654 habent
670 3595 1034 3667 pudicitiam,
1057 3595 1230 3650 etiam
1264 3610 1398 3650 cum
1429 3596 1652 3652 inﬁdeli
1673 3599 1918 3670 conjuge
1938 3615 2064 3670 quae

429 3703 544 3742 non
567 3685 744 3740 habet
772 3699 990 3738 veram.
1027 3685 1146 3738 [mo
1173 3689 1367 3740 autem
1387 3686 1704 3756 necjuberi
1737 3687 2067 3743 debuerunt

428 3773 629 3829 ﬁdeles
660 3773 731 3827 ab
763 3771 1101 3828 inﬁdelibus
1123 3773 1400 3842 separari,
1431 3775 1570 3844 quia
1593 3791 1704 3829 non
1729 3777 2066 3848 contrajus-

427 3863 652 3919 sionem
689 3861 915 3917 Domini
959 3861 1208 3932 gentiles
1243 3862 1478 3916 fuerunt
1517 3863 1688 3918 ambo
1746 3866 2064 3936 conjuncti.

429 3951 713 4016 Quoniam
748 3966 886 4022 ergo
917 3950 988 4006 ab
1039 3949 1280 4016 inﬁdeli,
1332 3949 1560 4006 ﬁdelem
1610 3951 1907 4008 discedere
1953 3971 2068 4010 non

428 4041 700 4114 prohibet
732 4039 1032 4109 necjubet
1081 4039 1389 4103 Dominus,
1430 4039 1548 4094 imo
1599 4044 1664 4094 ut
1716 4058 1830 4096 non
1880 4043 2068 4099 disce-

428 4133 546 4199 dat,
573 4128 885 4200 Apostolus
915 4128 1075 4195 dicit,
1109 4143 1221 4182 non
1257 4127 1563 4194 Dominus,
1598 4129 1820 4185 habens
1870 4131 2071 4203 utique

431 4221 718 4293 Spiritum
744 4222 1015 4275 sanctum
1048 4217 1103 4272 in
1127 4234 1242 4288 quo
1273 4218 1409 4274 dare
1440 4223 1637 4290 posset
1661 4219 1804 4276 utile
1827 4226 1883 4276 et
1905 4222 2073 4278 ﬁdele

2133 883 2445 940 ricordiam
2465 882 2768 938 charitatis
2787 898 2914 952 qua:
2937 880 3020 936 illi
3045 898 3078 935 a
3099 878 3349 936 Domino
3383 885 3475 936 est
3505 880 3816 950 inspirata

2137 979 2310 1046 atque
2337 973 2570 1043 donata,
2604 971 2771 1026 ﬁdele
2801 970 3149 1039 consilium;
3197 970 3279 1025 ibi
3311 969 3471 1024 enim
3505 970 3682 1024 aliud
3733 970 3814 1021 fa-

2139 1079 2266 1118 cere
2296 1079 2410 1117 non
2439 1061 2594 1130 licet,
2628 1061 2736 1116 hoc
2769 1063 2969 1116 autem
3000 1060 3136 1116 licet
3167 1059 3248 1114 ita
3279 1076 3444 1129 sane,
3501 1065 3575 1113 ut
3609 1059 3812 1129 ipsum;

2089 1157 2096 1164 '
2140 1152 2370 1208 licitum
2410 1151 2622 1223 partim
2647 1151 2886 1222 quidem
2928 1150 3221 1220 expediat,
3263 1149 3480 1220 partim
3507 1165 3652 1204 vero
3691 1164 3808 1200 non

2142 1240 2429 1313 expediat.
2464 1240 3029 1312 Expeditenimtunc
3053 1239 3290 1311 quando
3315 1256 3430 1294 non
3447 1237 3652 1294 solum
3686 1255 3814 1308 prc-

2145 1337 2274 1403 pter
2313 1329 2636 1402 justitiam,
2677 1346 2804 1401 quaa
2855 1345 3052 1385 coram
3096 1329 3215 1384 Deo
3262 1334 3353 1385 est
3400 1329 3813 1400 permittitur,

2147 1421 2249 1476 sed
2267 1421 2442 1475 etiam
2462 1419 2803 1475 hominibus
2820 1417 3050 1474 nullum
3081 1434 3151 1474 ex
3171 1417 3281 1474 hoc
3301 1418 3812 1490 impedimentum

2149 1509 2358 1566 salutis
2389 1509 2659 1576 infertur,
2687 1508 2846 1564 velut
2888 1523 3023 1563 cum
3057 1509 3156 1563 dat
3187 1506 3503 1564 consilium
3544 1524 3672 1562 non
3709 1523 3814 1560 nu-

2151 1599 2327 1654 bendi
2355 1596 2670 1669 Apostolus
2700 1595 3049 1668 virginibus,
3083 1596 3239 1652 unde
3276 1600 3646 1668 praeceptum
3703 1595 3815 1649 Dc.

2155 1687 2301 1743 mini
2331 1704 2393 1743 se
2419 1703 2532 1742 non
2567 1686 2780 1742 habere
2819 1689 3093 1752 testatur,
3124 1685 3262 1741 licet
3304 1684 3466 1740 aliud
3499 1684 3733 1749 facere,
3763 1683 3816 1736 id

2156 1781 2245 1832 est
2273 1775 2514 1846 nubere,
2544 1779 2602 1830 et
2623 1776 2825 1830 minus
2856 1773 3230 1830 continentia:
3255 1773 3475 1830 bonum
3521 1777 3738 1828 tenere
3765 1772 3815 1825 in

2156 1866 2399 1938 nuptiis,
2428 1864 2742 1938 ipsumque
2771 1862 3003 1920 licitum
3034 1863 3208 1919 etiam
3235 1863 3491 1935 expedit,
3519 1860 3812 1930 quoniam

2155 1956 2214 2011 in
2246 1955 2420 2011 vetita
2448 1959 2505 2010 et
2529 1953 2735 2008 illicita
2755 1952 3045 2008 ruituram
3067 1952 3262 2010 carnis
3278 1951 3704 2008 inﬁrmitatem
3729 1951 3810 2004 sic

2156 2044 2382 2116 excepit
2401 2043 2768 2100 honestatem
2799 2042 3061 2099 nubendi
3092 2047 3159 2099 ut
3184 2043 3486 2098 neminem
3518 2041 3814 2114 impediat

2157 2136 2229 2192 ad
2264 2133 2542 2202 salutem,
2570 2148 2744 2203 quam
2782 2131 2973 2205 magis
3004 2131 3321 2204 expediret,
3355 2131 3675 2204 magisque
3709 2130 3813 2184 ho-

2159 2228 2391 2280 nestum
2433 2225 2608 2288 esset,
2641 2221 2690 2276 si
2721 2219 2881 2291 virgo
2929 2219 3244 2276 consilium
3299 2237 3416 2293 quo
3451 2224 3812 2293 praeceptum

2159 2329 2287 2370 eam
2319 2329 2434 2367 non
2467 2308 2789 2381 compellit,
2823 2308 3126 2382 arriperet,
3176 2314 3319 2364 tunc
3351 2314 3551 2365 autem
3578 2325 3699 2363 non
3732 2325 3816 2361 ex-

2162 2403 2321 2474 pedit
2353 2401 2408 2454 id
2441 2399 2595 2470 quod
2633 2398 2858 2454 licitum
2891 2404 3000 2466 est,
3033 2399 3268 2470 quando
3300 2398 3678 2471 permittitur
3697 2395 3815 2467 qui-

2163 2492 2318 2559 dem,
2357 2490 2457 2545 sed
2502 2505 2645 2543 usus
2688 2487 2875 2558 ipsius
2915 2487 3226 2559 potestatis
3261 2487 3395 2544 aliis
3424 2487 3600 2544 oti'crt
3630 2485 3813 2556 impe-

2166 2582 2495 2636 dimentum
2515 2576 2742 2645 salutis,
2761 2575 2913 2632 sicut
2936 2581 3026 2632 est
3046 2577 3346 2648 undejam
3361 2577 3462 2632 diu
3478 2575 3812 2647 loquimur.

2167 2668 2448 2725 discessio
2467 2666 2734 2738 conjugis
2757 2665 2945 2721 ﬁdelis
2963 2665 3037 2721 ab
3058 2665 3304 2735 inﬁdeli,
3327 2682 3503 2737 quam
3529 2681 3651 2719 non
3686 2680 3812 2734 pro-

2168 2760 2329 2815 hibet
2360 2755 2646 2812 Dominus
2687 2759 2972 2827 praecepto
3001 2755 3160 2825 legis,
3188 2755 3329 2827 quia
3358 2770 3559 2810 coram
3595 2752 3701 2808 illo
3733 2753 3812 2804 in-

2161 2851 2327 2919 justa
2355 2862 2470 2901 non
2493 2849 2601 2910 est,
2627 2845 2726 2898 sed
2752 2844 3022 2916 prohibet
3056 2843 3373 2916 Apostolus
3406 2841 3657 2899 consilio
3678 2842 3811 2895 cba-

2170 2935 2360 2992 ritatis
2378 2934 2515 3006 quia
2534 2933 2872 2989 inﬁdelibus
2894 2933 3564 3005 atfertimpedimentum
3583 2931 3813 2987 salutis:

2173 3043 2287 3081 non
2329 3024 2520 3080 solum
2569 3021 3065 3094 perniciosissimo
3105 3021 3540 3078 scadalizantur
3588 3018 3814 3077 oﬁ'ensi.

2169 3129 2372 3170 verum
2405 3111 2580 3167 etiam
2614 3127 2747 3166 cum
2779 3110 2836 3165 in
2884 3110 2998 3166 alia
3045 3111 3321 3182 conjugis
3359 3110 3704 3172 ceciderint,
3735 3107 3815 3160 vi-

2168 3204 2442 3260 ventibus
2468 3201 2553 3257 eis
2585 3217 2619 3256 a
2639 3201 2855 3272 quibus
2875 3200 3271 3266 dimittuntur,
3289 3186 3649 3256 adulterinis
3668 3199 3818 3253 nexi-

2172 3294 2282 3348 bus
2305 3289 2560 3362 colligati
2590 3289 2828 3346 ditﬁcile
2849 3289 3238 3346 resolvuntur.
3259 3291 3392 3346 Ideo
3415 3289 3512 3345 hic
3536 3289 3640 3343 ubi
3663 3286 3812 3360 quod

2172 3382 2308 3438 licet
2332 3397 2448 3436 non
2470 3380 2856 3451 expedit,non
2882 3380 3208 3450 potestdici
3247 3395 3260 3434 :
3302 3380 3362 3435 Si
3394 3378 3691 3434 dimiserit
3730 3378 3812 3432 in-

2175 3472 2405 3527 ﬁdelem
2466 3470 2614 3524 bene
2643 3467 2802 3538 facit,
2843 3467 2893 3524 si
2923 3485 3039 3525 non
3089 3469 3381 3526 dimiserit
3409 3469 3630 3525 melius
3662 3468 3813 3529 facit,

2174 3563 2324 3619 sicut
2353 3562 2576 3616 dictum
2609 3563 2697 3615 est
2729 3575 2743 3614 :
2778 3559 2886 3628 Qui
2913 3560 3006 3615 dat
3058 3563 3269 3632 nuptui
3323 3560 3458 3616 bene
3516 3563 3682 3630 facit,
3729 3561 3818 3628 qui

2172 3668 2284 3708 non
2313 3651 2405 3706 dat
2433 3651 2638 3721 nuptui
2667 3650 2863 3704 melius
2885 3651 3025 3720 facit
3055 3649 3265 3722 (ibid.),
3298 3650 3438 3721 quia
3469 3664 3589 3704 non
3623 3647 3810 3704 solum

2175 3741 2340 3810 illud,
2365 3740 2464 3794 sed
2498 3743 2816 3810 utrumque
2848 3739 3065 3809 pariter
3093 3738 3245 3794 licet.
3273 3739 3433 3794 Unde
3449 3739 3524 3793 ad
3549 3736 3700 3792 nihil
3723 3737 3815 3789 bc-

2176 3848 2306 3886 rum
2343 3833 2626 3901 praecepto
2685 3828 2914 3883 Domini
2963 3829 3217 3901 quisque
3271 3825 3673 3900 compellitur,
3727 3826 3816 3881 sed

2178 3921 2352 3976 etiam
2384 3923 2697 3989 utrumque
2737 3917 2991 3988 expedit,
3049 3916 3212 3973 aliud
3273 3917 3471 3972 minus
3505 3916 3668 3972 aliud
3700 3931 3820 3968 nm-

2182 4008 2356 4080 plius.
2391 4006 2553 4061 Unde
2585 4006 2655 4060 ad
2707 4005 2763 4059 id
2823 4006 2977 4077 quod
3029 4004 3289 4078 amplius
3320 4005 3550 4078 expedit
3581 4004 3822 4060 consilio

2180 4093 2464 4169 Apostoli,
2499 4093 2829 4167 quicunque
2857 4099 3048 4166 potest
3077 4110 3286 4168 capere
3318 4097 3686 4168 provocatur.

2255 4219 2358 4274 Hic
2389 4223 2584 4274 autem
2609 4226 2669 4273 ut
2701 4220 2770 4273 de
2801 4218 3152 4275 dimittenda
3201 4218 3291 4276 vel
3331 4237 3446 4276 non
3478 4218 3822 4274 dimittenda

432 4308 746 4371 consilium
780 4307 1063 4378 coniugii,
1091 4307 1241 4361 unde
1275 4324 1408 4362 cum
1445 4307 1686 4365 dixisset
1725 4310 1795 4365 de
1828 4310 2075 4368 muliere
2183 4310 2438 4366 inﬁdelis
2469 4326 2602 4365 cum
2635 4308 2787 4364 ﬁdeli
2829 4311 3102 4382 conjugio
3151 4310 3462 4384 quaaritur,
3506 4314 3821 4377 utrumque

433 4400 606 4469 cujus
657 4398 746 4452 vir
790 4401 1058 4452 mortuus
1091 4397 1285 4462 fuerit,
1337 4397 1556 4452 Beatior
1583 4407 1765 4453 autem
1786 4402 1894 4454 erit
1916 4401 1966 4456 si
1995 4404 2076 4456 sic
2109 4461 2146 4472 Ἀ
2185 4400 2422 4472 quidem
2453 4397 2916 4467 pariterlicitum
2933 4405 3023 4455 est
3047 4398 3460 4471 perjustitiam
3482 4415 3606 4470 quae
3632 4415 3816 4453 coram

434 4488 801 4560 permanserit
819 4485 1120 4541 secundum
1152 4502 1332 4539 meum
1360 4487 1660 4541 consilium
1701 4489 1745 4558 (I
1796 4489 1917 4544 Car.
1948 4492 2072 4560 vn),
2108 4461 2153 4522 θ
2185 4489 2432 4544 Domino
2455 4493 2563 4553 est,
2586 4493 2645 4543 et
2674 4489 2799 4543 ideo
2819 4488 2963 4543 nihil
3002 4461 3210 4544 horum
3249 4461 3520 4561 prohibet
3543 4487 3821 4543 Dominus

440 4594 512 4632 ne
541 4576 675 4647 quis
703 4576 812 4630 hoc
844 4574 1156 4630 consilium
1198 4579 1478 4646 tanquam
1515 4575 1840 4632 humanum
1873 4582 1930 4634 et
1959 4596 2074 4634 non

439 4665 702 4721 divinum
750 4664 1245 4718 contemnendum
1311 4668 1559 4733 putaret,
1614 4665 1828 4735 adjecit
1880 4682 1892 4722 :
1938 4669 2076 4723 Puto

439 4753 580 4826 quod
613 4757 665 4808 et
710 4767 806 4819 ego
829 4753 1108 4822 Spiritum
1141 4753 1237 4806 Dei
1267 4751 1498 4807 habeam
1535 4753 1764 4824 (ibid).).
1828 4755 2076 4812 Proinde

437 4840 880 4913 intelligendum
912 4845 1002 4894 est
1031 4841 1202 4894 etiam
1239 4841 1368 4910 ipsa
1391 4858 1520 4912 quae
1542 4859 1574 4897 a
1596 4843 1712 4898 Deo
1737 4861 1850 4898 non
1868 4846 2076 4916 juben-

432 4938 551 4998 tur,
573 4931 675 4987 sed
697 4947 731 4984 a
752 4934 955 4986 sancto
977 4929 1105 4998 ejus
1131 4929 1349 4983 famulo
1374 4930 1593 4986 utiliter
1615 4935 1959 5001 suadentur,
1982 4951 2076 4990 ea-

434 5022 568 5077 dem
613 5018 858 5075 Domino
918 5017 1238 5088 inspirante
1285 5019 1541 5074 suaderi.
1600 5021 1766 5076 Absit
1823 5023 1978 5078 enim
2015 5030 2078 5078 ut

431 5109 746 5182 quisquam
776 5105 1112 5164 Catholicus
1149 5105 1359 5160 dixerit
1391 5110 1546 5178 quod
1581 5111 1790 5166 suadet
1820 5112 2076 5182 Spiritus

435 5204 700 5267 sanctus,
735 5212 848 5251 non
898 5195 1203 5250 Dominum
1237 5195 1522 5264 suadere;
1557 5213 1690 5252 cum
1724 5205 1781 5254 et
1811 5201 1934 5270 ipse
1965 5201 2075 5256 Do-

437 5289 634 5344 minus
666 5287 762 5354 sit,
795 5288 852 5339 et
883 5282 1299 5354 inseparabilis.
1333 5289 1473 5338 sunt
1523 5303 1697 5356 opera
1745 5289 1776 5342 'l
1801 5289 2072 5346 rinitatis.

435 5375 765 5434 Dicitenim
799 5371 1108 5443 Apostolus
1139 5389 1151 5427 :
1185 5373 1256 5428 De
1287 5373 1595 5442 virginibus
1631 5382 1815 5432 autem
1855 5394 2076 5449 praece-

434 5471 590 5538 ptum
620 5461 843 5519 Domini
876 5478 985 5517 non
1017 5462 1208 5530 habeo,
1239 5463 1533 5518 consilium
1561 5472 1742 5520 autem
1772 5466 1837 5523 do
1869 5467 2074 5540 (ibid.).

441 5554 569 5612 Non
601 5558 666 5608 ut
712 5552 822 5606 hoc
871 5550 1185 5606 consilium
1225 5550 1480 5609 alienum
1513 5552 1873 5611 mstimemus
1904 5574 1937 5612 a
1969 5563 2077 5614 Do.

2185 4579 2288 4632 sed
2311 4594 2427 4632 non
2457 4581 2774 4648 utrumque
2796 4578 3028 4647 expedit
3045 4582 3284 4650 propter
3305 4577 3680 4632 inﬁrmitates
3725 4576 3821 4628 bn-

2187 4666 2437 4732 minum,
2470 4670 2527 4720 et
2561 4665 2688 4720 ideo
2738 4665 2795 4720 id
2845 4667 3001 4738 quod
3062 4683 3177 4722 non
3226 4668 3480 4738 expedit,
3514 4663 3822 4736 Apostolus

2187 4755 2474 4827 prohibet,
2508 4754 2684 4808 dante
2731 4754 2840 4808 sibi
2889 4753 3135 4811 Domino
3184 4754 3430 4810 liberum
3483 4751 3821 4826 prohibendi

2183 4844 2401 4911 locum,
2424 4843 2564 4914 quia
2594 4858 2782 4914 neque
2810 4842 2868 4898 id
2903 4845 3057 4914 quod
3093 4848 3293 4899 monet
3332 4842 3676 4914 Apostolus,
3709 4858 3824 4911 pni-

2187 4933 2348 4988 hihet
2376 4932 2683 5000 Dominus,
2716 4947 2903 5004 neque
2934 4932 2991 4988 id
3015 4932 3284 5004 prohibet
3324 4935 3649 5004 Apostolus
3676 4938 3820 5006 quod

2181 5023 2352 5092 jubet
2372 5021 2676 5076 Dominus.
2727 5022 2889 5087 Quod
2922 5021 3034 5076 nisi
3072 5023 3152 5076 ita
3183 5027 3356 5092 esset,
3391 5039 3583 5094 neque
3629 5030 3820 5080 contra

2187 5110 2639 5182 prohibitionem
2687 5109 2912 5164 Domini
2943 5109 3256 5182 Apostolus
3287 5111 3509 5182 aliquid
3555 5118 3824 5178 moueret,

2187 5215 2374 5270 neque
2428 5203 2632 5253 contra
2670 5199 2997 5268 jussionem
3046 5200 3175 5270 ejus
3215 5199 3437 5271 aliquid
3472 5201 3826 5272 prohiberet.

2186 5288 2434 5344 Proinde
2462 5287 2519 5340 in
2554 5286 2643 5341 his
2669 5287 2902 5342 duabus
2933 5287 3130 5342 causis
3165 5305 3276 5343 una
3307 5289 3378 5344 de
3411 5291 3715 5362 nubendo,
3748 5290 3822 5346 vel

2188 5396 2301 5434 non
2335 5376 2627 5444 nubendo;
2656 5375 2834 5430 altera
2856 5377 2926 5431 de
2951 5375 3171 5432 inﬁdeli
3205 5380 3453 5450 conjuge
3485 5380 3828 5437 dimitti-nde

2185 5467 2274 5524 vel
2309 5483 2424 5522 non
2454 5463 2822 5531 dimittendo,
2853 5463 3079 5536 aliquid
3129 5467 3324 5523 simile
3373 5467 3697 5539 invenitur,
3731 5470 3828 5525 ali-

2187 5556 2326 5628 quid
2359 5552 2648 5612 dissimile
2680 5551 2908 5611 uimile
2933 5553 3164 5627 quidam
3186 5554 3331 5614 illud
3365 5561 3522 5629 quod
3547 5563 3604 5616 et
3637 5558 3716 5616 ibi
3745 5559 3828 5615 dl-
