3936 6056
357 242 502 300 1271
593 212 600 222 ³

1447 231 1516 280 D.
1559 223 1796 278 lVONlS
1832 217 2333 275 CARNOTENSIB
2370 215 2693 271 EPISCOPI

3659 205 3806 262 1272

354 365 510 422 sicut
537 360 660 436 (sic)
675 375 810 430 ergo
839 361 1004 414 tuam
1036 367 1277 410 causam
1310 364 1424 405 non
1457 344 1732 404 invenisti
1764 359 1868 398 cur
1885 357 1999 436 non
2030 347 2080 410 Α
2106 339 2254 410 jam,
2287 343 2352 436 ut
2379 337 2626 406 testimo,
2660 351 2774 392 non
2805 349 2936 391 esse
2963 333 3157 406 ipsam
3188 348 3428 389 causam
3463 350 3662 406 quam
3699 350 3809 406 pu-

364 455 518 509 vetet
537 427 825 509 Cominus
845 444 999 519 quod
1016 440 1286 516 prohibet
1304 432 1852 510 Apostolus.Cernis
1866 429 2020 487 enim
2133 427 2348 484 tavcris
2376 443 2525 484 esse.

2041 579 2118 594 —

366 695 631 768 QUARE
673 693 831 754 NON
876 687 1127 750 DEBE'I‘
1170 683 1396 746 SOLVI
1439 677 1917 748 CONJUGIUM,
1965 675 2062 736 ΕΤ
2115 673 2326 744 QUOD
2373 670 2548 733 SINE
2609 670 3030 732 CONSENSU
3095 667 3553 739 UTRIUSQUE
3631 667 3802 727 NON

1686 777 1811 836 SIT
1855 771 2476 834 MATRIMONIUM.

365 913 497 969 CAP.
548 907 662 965 Cll.
724 900 1140 959 Matrimonium
1183 911 1450 969 consensu
1498 891 1868 954 contrahitur,
1919 903 2017 942 nec
2127 884 2262 940 CAP.
2295 885 2433 941 CVI.
2467 887 2581 969 Non
2634 889 2760 969 licet
2805 889 2982 969 alicui
3031 903 3267 969 uxorem
3307 888 3616 969 dimittere,
3675 889 3798 943 nisi

449 966 818 1045 invalidatur,
851 975 900 1030 si
927 969 1262 1030 consuetuio
1287 966 1494 1041 patrie
1522 981 1636 1022 non
1669 970 1933 1018 servetur.

905 1065 1082 1120 Conc.
1114 1059 1280 1115 Trib.
1311 1074 1363 1113 c.
1396 1056 1486 1111 15.

447 1162 529 1234 (C.
564 1161 609 1215 Ι.
641 1158 870 1212 Extrav.
905 1154 978 1208 De
1025 1149 1276 1222 Sponsa).
1314 1147 1391 1234 De
1420 1141 1665 1200 Francia
1695 1140 1909 1234 nobilis

2307 973 2471 1012 causa
2505 959 2732 1014 dessidii
2758 963 3006 1031 primum
3030 961 3282 1016 Ecclesiae
3310 963 3605 1032 probetur.

2596 1050 2770 1104 Cone.
2805 1049 3005 1106 Carth.
3042 1065 3116 1119 ιν,
3149 1065 3199 1105 c.
3235 1049 3326 1105 30.

2205 1137 2317 1206 (33,
2353 1152 2409 1207 q.
2441 1140 2497 1200 2,
2529 1153 2579 1192 c.
2631 1137 2980 1208 Saeculares).
3031 1139 3093 1194 Si
3139 1155 3271 1194 vero
3321 1138 3643 1194 saeculares
3702 1141 3806 1211 qui

374 1225 621 1324 quidam
667 1242 925 1300 nobilem
957 1240 1028 1294 de
1080 1236 1332 1293 Saxonis.
1373 1228 1829 1324 Saxonum-lege
1860 1227 2027 1282 duxit
2135 1225 2445 1324 coniugale
2489 1228 2860 1324 consortium.
2901 1226 3066 1324 nulla
3095 1227 3269 1300 culpa
3298 1229 3554 1324 graviori
3590 1229 3806 1283 dimit-

377 1318 638 1396 uxorem.
671 1330 888 1389 Tenuit
936 1326 1140 1384 multis
1171 1324 1368 1394 annis,
1401 1338 1470 1377 ex
1516 1337 1584 1376 ea
1616 1318 1766 1374 ﬁlios
1795 1332 2028 1389 procre-

381 1429 519 1486 avit.
551 1425 768 1480 Verum
801 1419 941 1492 quia
972 1434 1090 1473 non
1123 1415 1332 1471 iisdem
1369 1410 1601 1483 legibus
1651 1413 1900 1462 utuntur
1927 1410 2028 1462 Sa-

383 1533 563 1572 xones
593 1516 650 1569 et
698 1507 904 1566 Franci
954 1508 1228 1561 causatus
1259 1505 1350 1557 est
1401 1498 1554 1571 quod
1589 1513 1718 1552 eam
1752 1512 1867 1550 non
1902 1511 2029 1563 sua,

2135 1319 2289 1382 tunt,
2323 1314 2413 1370 vel
2471 1317 2646 1371 etiam
2697 1316 2746 1372 si
2805 1316 3179 1386 dimiserunt,
3212 1322 3270 1372 et
3329 1315 3525 1372 nullas
3589 1333 3808 1372 causas

2137 1403 2369 1459 dissidii
2429 1405 2809 1476 probabiliter
2857 1410 3274 1477 proponentes,
3308 1411 3620 1478 propterea
3680 1424 3807 1462 ma-

2140 1493 2418 1548 trimonia
2465 1511 2573 1550 sua
2622 1494 2958 1562 dimittunt,
2992 1499 3056 1550 ut
3086 1499 3188 1550 aut
3238 1495 3443 1552 illicita
3473 1502 3579 1550 aut
3612 1495 3808 1551 aliena

384 1608 439 1662 id
470 1609 560 1660 cst
591 1603 949 1658 Francorum
981 1595 1108 1666 lege
1138 1588 1583 1664 desponsaverit
1628 1585 1716 1640 vel
1744 1582 2034 1655 acceperit
2142 1587 2520 1653 praesumant,
2554 1582 2603 1637 si
2653 1587 2972 1655 antequam
3021 1588 3154 1639 ante
3184 1583 3492 1656 episcopos
3523 1601 3805 1655 compro-

385 1699 488 1750 aut
516 1688 822 1756 dotaverit,
855 1685 1217 1755 dimissaque
1266 1679 1365 1735 illa
1411 1676 1578 1732 duxit
1623 1675 1890 1731 alteram.
1926 1672 2034 1728 Su-

2142 1669 2420 1726 vinciales
2476 1670 2705 1726 dissidii
2765 1687 2976 1727 causas
3023 1672 3300 1738 dixerint,
3331 1677 3389 1728 et
3443 1673 3801 1744 priusquam

658 1745 922 1833 deﬁn'ivit
953 1745 1158 1828 sancta
1189 1768 1546 1842 synodus,ut
1574 1763 1673 1820 ille
1702 1769 2036 1833 transgres-
2068 1745 2114 1808 Β
2137 1759 2364 1830 judicio
2433 1760 2832 1856 damnantem.
2872 1777 3085 1817 uxores
3151 1778 3294 1818 suas
3359 1762 3710 1832 objecerint,
3773 1779 3805 1816 ε

381 1853 480 1928 sor
508 1865 854 1938 evangelicae
905 1861 1049 1931 legis
1095 1858 1407 1929 subigatur
1455 1853 1847 1928 poenitentia;
1885 1867 1918 1906 a
1948 1866 2030 1905 se-

389 1958 589 2015 cunda
617 1953 865 2024 conjuge
898 1954 1220 2020 separetur,
1255 1944 1507 2017 priorem
1542 1956 1839 1998 resumere
1870 1955 2039 2010 coga-

387 2052 451 2103 tu
469 2063 520 2101 r.

391 2135 534 2192 CAP.
565 2131 706 2188 CIII.
739 2127 1154 2198 Qualiscunque
1198 2124 1408 2198 sitoir,
1442 2135 1660 2198 ex_quo
1710 2117 1873 2174 semel
1921 2118 2044 2186 pla-

811 2199 950 2270 cuit,
981 2193 1090 2253 non
1131 2204 1213 2252 est
1245 2193 1626 2250 dimittendus.

748 2289 1020 2346 Ambros.
1054 2288 1342 2351 Examer.,
1378 2281 1416 2339 l.
1448 2299 1503 2353 v,
1539 2297 1588 2336 c.
1619 2281 1675 2336 7.

467 2383 576 2456 (32,
611 2398 669 2454 q.
700 2381 757 2448 5,
786 2395 836 2434 c.
871 2375 1233 2445 Horrendus).
1287 2371 1628 2428 Horrendus
1679 2372 1737 2424 et
1785 2365 2048 2456 incultus

395 2454 488 2531 est
507 2473 601 2527 vir
627 2469 725 2542 qui
756 2465 940 2524 semel
991 2463 1210 2538 placuit
1243 2480 1256 2518 :
1289 2459 1560 2532 nunquid
1610 2459 1702 2514 vir
1738 2456 1910 2522 alius,
1945 2454 2047 2511 eli-

399 2562 628 2636 gendus
659 2561 749 2615 est
771 2557 798 2612 ?
829 2556 1176 2627 Comparem
1229 2567 1406 2607 suum
1453 2564 1641 2620 equus
1691 2546 1883 2636 diligit
1914 2549 1970 2636 et
2001 2543 2049 2598 si

399 2634 842 2716 mutetur,alius
860 2643 1310 2714 traherejugum
1335 2637 1675 2705 nescit,com
1688 2653 1788 2706 par
1809 2634 2054 2690 alterius

399 2744 532 2797 etse
547 2755 662 2794 non
675 2739 864 2792 totum
882 2731 1166 2806 putat.Tu
1185 2725 1549 2797 conjugalem
1568 2724 1841 2796 repudies
1860 2727 2053 2790 tuum,

400 2835 459 2886 et
482 2843 635 2900 sape
657 2829 831 2898 putas
855 2819 1487 2888 mutandum,muta,et
1509 2815 1557 2870 si
1583 2830 1698 2868 uno
1722 2810 2057 2868 discesserit

407 2919 522 2984 die,
574 2913 868 2988 superduc
917 2907 1179 2977 rivalem,
1212 2911 1270 2962 et
1301 2905 1500 2961 statim
1533 2901 1831 2974 incognita
1859 2915 2056 2967 causa,

405 3004 576 3077 quasi
609 3002 906 3074 cognitam
941 2996 1183 3071 pudoris
1215 2993 1554 3066 exsequeris
1586 2991 1886 3064 injuriam.

403 3107 541 3159 ολιδο
573 3100 715 3156 οινο
768 3091 1832 3183 Quatenusfitrstfilzvjsﬂuo
1887 3086 2060 3144 W’
2091 3115 2133 3183 ο

719 3160 939 3242 placuit
969 3160 1113 3234 viro',
1142 3181 1256 3218 non
1287 3167 1366 3218 est
1393 3160 1747 3218 dimittenda.

633 3260 885 3330 August.
919 3255 992 3311 De
1019 3267 1270 3309 sermone
1299 3249 1524 3307 Domini
1551 3251 1611 3305 in
1648 3251 1848 3304 monte.

490 3358 604 3432 (32,
635 3373 692 3429 q.
722 3356 778 3424 5,
811 3371 860 3410 c.
893 3353 954 3408 Si
1003 3351 1275 3422 uxorem).
1313 3348 1373 3405 Si
1407 3363 1645 3404 uxorem
1679 3347 1930 3420 quisque
1960 3345 2062 3402 ha-

419 3451 574 3515 beat,
623 3445 744 3502 sive
790 3441 1070 3504 sterilem.
1104 3440 1222 3496 sive
1272 3437 1593 3494 deformem
1644 3452 1905 3509 corpore,
1948 3435 2068 3491 sive

422 3536 675 3594 debilem
708 3530 1238 3598 membris,caecam
1271 3532 1328 3583 et
1356 3527 1620 3594 surdam,
1653 3525 1741 3581 vel
1772 3525 2065 3595 claudam,

419 3627 510 3682 vel
541 3625 593 3682 si
623 3623 765 3696 quid
817 3619 977 3676 aliud
1011 3618 1133 3675 sive
1177 3616 1397 3672 morbis
1429 3619 1487 3671 et
1522 3614 1825 3671 doloribus
1855 3613 2066 3670 labori-

419 3717 653 3785 busque
683 3710 1033 3778 confectam,
1067 3711 1125 3763 et
1153 3705 1440 3778 quidquid
1471 3709 1710 3776 excepta
1743 3702 2069 3758 fornicatio-

420 3804 513 3859 nis
545 3817 724 3858 causa
752 3797 994 3871 cogitari
1027 3800 1218 3869 potest
1244 3794 1621 3850 vehementer
1651 3791 2069 3864 borribile,pro

417 3893 696 3947 societate
725 3891 785 3945 et
817 3887 927 3942 fide
958 3884 1266 3942 sustineat.

417 3981 556 4039 CAP.
585 3978 702 4036 CV.
741 3976 1000 4033 Sterilem
1041 3988 1272 4030 uxorem
1303 3971 1602 4039 dimittere,
1633 3973 1684 4026 et
1711 3969 2071 4037 fecunditatis

665 4065 840 4106 causa
871 4048 1054 4102 aliam
1083 4045 1302 4110 ducere,
1333 4041 1515 4098 alicui
1543 4059 1652 4098 non
1689 4042 1837 4097 licet.

768 4139 1017 4209 August.
1055 4135 1129 4189 De
1159 4133 1293 4189 bono
1319 4131 1560 4202 conjug.,
1593 4147 1644 4186 c.
1675 4132 1730 4185 7.

488 4231 603 4302 (32,
635 4245 694 4300 q.
726 4228 782 4298 7,
815 4243 867 4282 c.
906 4229 1145 4280 Tantum
1180 4222 1367 4290 valet).
1391 4222 1646 4276 Tantum
1678 4218 1830 4274 valet
1859 4217 2071 4274 sociale

418 4317 744 4384 vinculum,
775 4319 840 4371 ut
869 4330 1003 4369 cum
1035 4327 1212 4368 causa
1243 4308 1586 4381 procreandi
1619 4307 1938 4378 colligitur,
1969 4323 2072 4362 nec

419 4409 552 4480 ipsa
583 4422 762 4462 causa
794 4400 1135 4477 procreandi
1169 4398 1451 4455 solvatur.
1480 4397 1682 4454 Posset
1709 4396 1865 4452 enim
1899 4396 2073 4451 homo

421 4475 682 4553 sterilem
715 4475 1014 4549 dimittere
1044 4491 1372 4558 uxorcm,et
1403 4486 1582 4542 aliam
1613 4487 1823 4542 ducere
1854 4486 1925 4541 de
1956 4501 2072 4556 qua
2101 4475 2148 4540 D

423 4584 576 4641 ﬁlios
607 4583 910 4649 babeat,et
939 4585 1134 4634 tamen
1170 4595 1283 4634 non
1313 4577 1468 4633 licet.
1499 4577 1639 4632 Item
1675 4592 1687 4630 :
1724 4576 1917 4631 Manet
1942 4574 2068 4629 vin-

423 4672 624 4730 culum
657 4670 1024 4743 nuptiarum,
1055 4667 1290 4723 etiamsi
1342 4665 1534 4738 proles
1565 4666 1736 4736 cujus
1770 4680 1950 4720 causa
1982 4664 2070 4718 in-

421 4763 575 4819 itum
605 4759 1038 4830 est,manifesta
1069 4755 1378 4812 sterilitate
1410 4773 1524 4811 non
1558 4753 2072 4826 subsequatur,ita

425 4853 628 4924 utjam
660 4848 987 4908 scientibus
1019 4846 1373 4917 conjugibus
1407 4862 1522 4900 non
1557 4861 1618 4900 se
1651 4843 1804 4899 filios
1844 4843 2072 4898 habitu-

425 4959 524 4998 ros
549 4953 824 5013 separare
874 4953 936 4992 se
968 4940 1154 4990 tamen
1200 4932 1290 4989 vel
1323 4933 1452 5004 ipsa
1482 4949 1661 4988 causa
1693 4931 1946 4986 ﬁliorum
1981 4935 2074 4986 at-

424 5048 540 5104 que
568 5031 702 5086 aliis
735 5025 1010 5100 copulare
1041 5040 1153 5079 non
1185 5022 1544 5086 liceat.Quod
1578 5022 1625 5077 si
1660 5021 2070 5090 fecerint,cum

421 5121 507 5177 eis
539 5119 758 5193 quibus
784 5133 847 5173 se
870 5111 1276 5186 copulaverint
1295 5111 1648 5166 adulterium
1669 5111 2068 5166 committunt.

420 5210 557 5281 Ipso
588 5212 787 5263 autem
821 5201 1096 5274 conjugio
1128 5199 1603 5270 manente,plane
1635 5200 1832 5255 uxoris
1862 5198 2069 5255 volun-

422 5305 541 5354 tate
561 5297 840 5352 adbibere
863 5291 1036 5348 aliam
1062 5289 1217 5344 unde
1239 5304 1582 5343 communes
1606 5288 1708 5343 filii
1732 5294 2070 5356 nascantur,

425 5386 606 5442 unius
636 5381 1049 5440 commistione
1081 5394 1146 5433 ac
1178 5375 1402 5433 semine
1435 5375 1698 5447 alterius,
1733 5378 1988 5448 autjure
2018 5381 2075 5432 et

427 5477 716 5545 potestate
744 5471 898 5544 apud
932 5468 1209 5538 antiquos
1255 5470 1447 5538 patres
1481 5468 1565 5521 ius
1605 5471 1749 5534 erat,
1783 5472 1982 5523 utrum
2019 5469 2075 5522 et

430 5577 588 5617 nunc
619 5561 706 5617 fas
735 5559 833 5631 sit,
867 5563 1085 5614 temere
1115 5572 1230 5612 non
1263 5555 1526 5612 dixerim.

2148 1849 2562 1904 communione
2619 1848 2908 1917 Ecclesia,
2967 1853 3024 1904 et
3081 1854 3282 1905 sancto
3354 1849 3556 1922 populi
3624 1856 3801 1918 coetu,

2149 1955 2254 2011 pro
2284 1954 2350 1994 eo
2382 1938 2536 2009 quod
2586 1938 2760 1994 {idem
2807 1942 2864 1994 et
2913 1939 3186 2010 conjugis
3236 1938 3554 2010 maculant,
3603 1939 3803 1995 exclu-

2153 2029 2390 2083 dantur.

2153 2131 2282 2182 Car.
2313 2125 2474 2184 CVII.
2511 2128 2661 2196 Quod
2688 2143 2990 2183 consensus
3017 2128 3466 2184 contrahentium
3497 2129 3708 2199 sufﬁcit
3741 2130 3808 2183 ad

2749 2201 3192 2255 matrimonium.

2571 2287 2845 2344 Nicolaus
2879 2288 3170 2344 Hiemario
3201 2288 3387 2361 episc.

2227 2378 2340 2447 (27,
2373 2392 2430 2448 q.
2461 2377 2516 2448 2,
2549 2392 2598 2432 c.
2625 2377 2888 2447 Sufficiat
2933 2378 3130 2448 solus).
3163 2377 3434 2434 Sufﬁciat
3479 2377 3809 2433 secundum

2158 2467 2315 2538 leges
2344 2465 2507 2522 solus
2536 2482 2737 2522 eorum
2778 2483 3126 2531 consensus,
3160 2483 3414 2538 quorum
3467 2467 3539 2522 de
3571 2468 3814 2537 conjun-

2161 2556 2454 2612 ctionibus
2484 2555 2699 2627 agitur,
2725 2556 2824 2626 qui
2855 2572 3180 2612 consensus
3212 2573 3346 2612 cum
3381 2555 3548 2611 solus
3581 2557 3642 2610 in
3675 2573 3814 2627 nup-

2162 2645 2261 2700 tiis
2293 2644 2563 2714 defuerit,
2599 2645 2744 2700 forte
2791 2649 2999 2700 caetera
3029 2646 3230 2700 omnia
3278 2645 3452 2700 etiam
3503 2661 3644 2699 cum
3690 2644 3812 2716 ipso

2163 2733 2317 2790 coitu
2366 2733 2676 2803 celebrata,
2713 2734 3096 2802 frustrantur,
3128 2733 3354 2790 Joanne
3397 2733 3812 2806 Cbrysostomo

2165 2837 2379 2894 magno
2409 2823 2645 2878 doctore
2673 2826 3006 2893 attestante,
3038 2823 3139 2895 qui
3171 2824 3254 2879 ait
3288 2839 3336 2879 :«
3369 2822 3810 2879 Matrimonium

2166 2928 2281 2968 non
2316 2912 2453 2967 facit
2484 2911 2675 2968 coitus
2706 2912 2807 2968 sed
2839 2912 3134 2969 voluntas.

2165 3023 2298 3075 CAP.
2331 3019 2522 3092 CVIII.
2572 3020 2895 3076 Juramento
2946 3021 3130 3092 patris
3187 3037 3298 3075 non
3355 3021 3574 3092 cogitur
3631 3019 3811 3088 puclla

2341 3091 2565 3160 nubere,
2593 3093 2685 3146 cui
2713 3107 3004 3162 nunquam
3032 3107 3358 3148 consensum
3387 3091 3664 3146 adhibuit.

2518 3178 2732 3234 Urben.
2776 3195 2908 3251 pap.
2942 3179 3012 3236 de
3044 3178 3163 3235 filio
3191 3179 3456 3236 Jordani.

2244 3270 2358 3340 (31,
2390 3285 2448 3341 q.
2472 3270 2528 3339 2,
2562 3285 2612 3324 c.
2645 3269 2706 3324 Si
2731 3270 2970 3341 verum).
3003 3270 3064 3324 Si
3093 3286 3296 3326 verum
3327 3285 3454 3325 esse
3487 3269 3815 3325 constiterit

2175 3359 2332 3431 quod
2386 3357 2556 3414 nobis
2605 3357 2783 3430 legati
2828 3358 3102 3414 Jordanis
3152 3358 3436 3430 principis
3469 3358 3812 3424 retulerunt,

2176 3448 2401 3504 scilicet
2419 3447 2570 3518 quod
2594 3447 2721 3520 ipse
2743 3453 2980 3504 coactus
3003 3453 3060 3504 et
3097 3447 3301 3504 dolens
3321 3447 3502 3503 ﬁliam
3534 3465 3707 3503 suam
3741 3448 3814 3502 in-

2176 3537 2462 3594 fantulam
2495 3535 2812 3604 nolentem,
2844 3536 3075 3594 ﬂentem
3098 3545 3152 3593 et
3193 3553 3296 3609 pro
3316 3537 3540 3592 viribus
3572 3537 3816 3592 reniten-

2175 3631 2440 3694 tem,non
2464 3626 2925 3683 assentientibus
2947 3627 3048 3682 sed
3071 3626 3242 3682 valde
3272 3625 3614 3682 dolentibus
3640 3633 3814 3681 matre

2179 3719 2238 3772 et
2264 3714 2581 3788 parentela,
2614 3714 2892 3770 Ramaldo
2939 3713 3150 3770 Ridelli
3203 3713 3322 3769 lilio
3355 3715 3815 3786 desponsaverit,

2179 3803 2459 3876 quoniam
2492 3819 2783 3858 canonum
2807 3807 2862 3858 et
2883 3802 3079 3875 legum
3100 3803 3451 3859 auctoritate
3482 3803 3626 3859 talia
3656 3820 3819 3875 spon-

2179 3891 2345 3961 salia,
2375 3897 2440 3947 ut
2475 3891 2627 3946 infra
2662 3892 3014 3962 ostenditur,
3048 3909 3162 3947 non
3193 3895 3635 3966 approbant,ne
3665 3892 3820 3964 igno-

2180 3980 2447 4036 rantibus
2480 3980 2636 4051 leges
2671 3985 2729 4035 et
2758 3996 3010 4036 canones
3042 3980 3218 4037 nimis
3249 3982 3462 4036 durum
3487 3982 3646 4053 quod
3679 3981 3821 4036 dici-

2183 4087 2315 4125 mus
2359 4069 2646 4135 videatur,
2689 4069 2769 4124 ita
2819 4070 3172 4125 sententiam
3225 4074 3650 4142 temperamus,
3685 4075 3751 4123 ut
3780 4069 3822 4123 si

2183 4157 2453 4231 princeps
2487 4174 2620 4213 cum
2667 4174 2911 4213 assensu
2943 4157 3074 4212 ﬁlias
3105 4163 3161 4214 et
3191 4159 3399 4214 matris
3429 4163 3487 4213 et
3519 4157 3822 4230 parentelu

2180 4246 2237 4302 id
2271 4247 2422 4319 quod
2457 4250 2710 4319 ereptum
2730 4250 2819 4301 est
2838 4247 3112 4318 perficere
3134 4245 3820 4314 voluerit,concedamus;

2183 4335 2274 4391 sin
2306 4341 2524 4404 autem,
2557 4335 2785 4407 legatus
2818 4342 3016 4391 noster
3063 4339 3345 4407 utrasque
3378 4340 3574 4407 partes
3605 4336 3820 4396 audiat,

2185 4430 2241 4481 et
2269 4424 2318 4480 si
2352 4424 2495 4479 nihil
2528 4423 2703 4480 fuerit
2731 4441 2799 4480 ex
2830 4429 2994 4497 parte
3024 4425 3346 4496 supradicti
3366 4424 3635 4480 Ramaldi
3675 4425 3818 4495 quod

2181 4513 2438 4586 amplius
2487 4513 2791 4586 impediat,
2824 4513 2895 4568 ab
2943 4514 3068 4585 ipso
3099 4513 3356 4569 Jordano
3388 4519 3821 4569 sacramentum

2181 4604 2333 4676 quod
2367 4603 2448 4658 ita
2478 4605 2747 4657 constent
2773 4601 2898 4658 haec
2929 4607 2994 4657 ut
3021 4602 3176 4657 dicta
3205 4603 3708 4675 sunt,accipiat,et
3734 4619 3823 4655 nos

2180 4708 2471 4747 canonum
2506 4695 2562 4746 et
2607 4691 2802 4762 legum
2852 4691 3001 4746 scita
3045 4697 3358 4764 sequentes
3402 4691 3684 4764 deinceps
3717 4708 3820 4744 non

2181 4781 2727 4854 prohibemus,quin
2761 4779 2859 4835 alii
2890 4779 3011 4834 viro
3043 4780 3093 4836 si
3124 4780 3374 4836 voluerit
3402 4780 3681 4853 praedicta
3718 4780 3822 4833 lilia

2181 4873 2332 4942 ejus,
2365 4875 2596 4926 tantum
2630 4869 2687 4923 in
2720 4869 2970 4925 Domino
3002 4870 3203 4926 nubat.

2182 4969 2312 5024 Car.
2347 4969 2490 5024 CIX.
2527 4968 2768 5036 Quorum
2797 4984 2971 5022 unum
3003 4968 3267 5038 futurum
3312 4971 3389 5022 est
3437 4983 3660 5038 corpus,
3699 4984 3824 5022 unus

2251 5056 2362 5096 esse
2393 5041 2546 5095 debet
2595 5049 2647 5096 et
2695 5041 2934 5106 animus,
2965 5045 3131 5112 atque
3183 5041 3311 5094 ideo
3340 5039 3501 5093 nulla
3553 5039 3737 5094 invita
3766 5050 3825 5094 est

2252 5111 2560 5174 cenulanda
2591 5112 2785 5167 alicui.

2448 5200 2692 5268 Urban.,
2725 5199 2798 5255 de
2825 5199 3024 5254 Sanct.
3056 5204 3220 5270 Arag.
3256 5215 3378 5270 reg.
3409 5200 3551 5254 tilia.

2253 5290 2364 5358 (31,
2395 5305 2458 5360 q.
2495 5293 2554 5358 2,
2585 5306 2633 5344 c.
2669 5293 2748 5344 De
2776 5289 2993 5360 neptis).
3025 5287 3103 5344 De
3153 5287 3344 5359 neptis
3394 5295 3506 5343 tua:
3557 5289 3823 5360 conjugis

2183 5395 2360 5449 quam
2413 5379 2648 5433 cuidam
2694 5377 2865 5434 militi
2901 5383 2956 5433 te
3004 5377 3281 5432 daturum
3317 5378 3696 5434 necessitatis
3726 5385 3822 5433 tua:

2183 5466 2428 5522 articulo
2460 5467 2721 5522 instante
2771 5466 2880 5521 sub
2915 5464 3049 5520 fidei
3101 5464 3524 5536 pollicitatione
3556 5466 3822 5528 ﬁrmasti,

2185 5555 2292 5611 hoc
2326 5557 2597 5627 (equitate
2627 5556 2884 5611 dictante
2914 5554 3307 5622 decernimus,
3333 5559 3398 5610 ut
3428 5554 3478 5611 si
3510 5554 3614 5612 illa
3644 5555 3822 5613 virum
