3986 6048
238 219 381 275 1273

1553 220 1953 277 PANORMIA.
1986 248 2054 261 —
2082 222 2217 275 LIB.
2257 223 2352 276 VI.

3516 216 3658 274 1274

234 345 404 400 illum
458 344 723 411 omnino,
774 348 838 400 ut
868 344 1104 414 dicitur,
1138 345 1354 411 renuit,
1388 349 1443 401 et
1477 345 1537 399 in
1563 344 1770 399 eadem
1798 361 1895 400 vo~
1922 347 1974 412 Α
2006 343 2266 412 animus,
2327 360 2398 399 ne
2459 344 2601 398 forte
2657 359 2788 397 cum
2822 342 2981 414 virgo
3028 341 3206 397 fuerit
3238 340 3413 398 alicui
3473 341 3657 398 invita

231 433 479 489 luntatis
512 432 861 488 auctoritate
895 433 1175 505 persistit,
1211 438 1278 488 ut
1295 433 1418 489 viro
1448 433 1535 488 illi
1556 449 1620 488 se
1644 450 1888 505 prorsus

236 524 487 594 deneget
545 530 889 594 nupturam,
953 538 1328 594 nequaquam
1381 539 1510 578 eam
1558 521 1799 577 invitam
1835 525 1891 577 et

240 612 589 668 renitentem
648 612 917 683 ejusdem
978 610 1088 667 viri
1143 628 1318 683 cogas
1351 612 1622 683 conjugio
1654 611 1888 668 sociari.

240 705 499 767 Quorum
535 701 692 756 enim
724 718 910 756 unum
944 718 1159 774 corpus
1189 704 1277 757 est
1307 718 1462 756 unus
1494 701 1814 757 debetesse
1835 705 1892 756 et

1998 432 2291 503 copulata,
2317 437 2521 487 contra
2547 436 2729 486 Deum
2755 431 3139 501 Apostolique
3163 435 3515 502 prazceptum
3535 446 3653 484 ma-

1998 521 2120 577 lum
2178 521 2237 577 in
2290 538 2422 576 eum
2480 520 2812 575 redundare
2869 523 3123 586 constat,
3185 519 3284 591 qui
3348 536 3475 574 eam
3509 535 3647 574 con-

1991 611 2190 682 junxit
2220 610 2487 679 invitam,
2522 611 2677 682 quod
2709 610 2835 681 pari
2867 614 3065 665 tenore
3096 610 3167 664 de
3196 608 3321 663 viro
3350 608 3525 663 etiam
3561 613 3649 663 est

2000 700 2341 756 tenendum.

673 964 777 1022 DE
820 962 1373 1023 SEPARATIONE
1418 962 1789 1023 CONJUGII
1836 964 2212 1024 PROPTER
2257 963 2634 1024 ERROREM
2680 962 3202 1023 CONDITIONIS.

309 1115 440 1169 CAP.
475 1113 585 1169 CX.
621 1115 790 1168 Error
817 1112 1149 1169 conditionis
1182 1114 1345 1169 vitiat
1375 1112 1816 1169 matrimonium.

703 1201 951 1274 Novell.,
985 1203 1292 1258 constitut.
1328 1204 1417 1259 33.

302 1292 359 1346 Si
393 1292 527 1364 quis
560 1309 661 1364 per
704 1308 963 1347 errorem
1014 1291 1288 1347 ancillam
1326 1291 1632 1348 mulierem
1665 1291 1895 1347 duxerit

238 1398 505 1449 uxorem,
568 1380 815 1436 liberam
874 1385 1113 1453 putans,
1147 1380 1233 1435 vel
1275 1381 1601 1436 econtrario
1634 1380 1680 1435 si
1712 1380 1896 1435 libera

239 1469 455 1525 mulier
484 1486 649 1525 servo
680 1487 781 1540 per
811 1486 1064 1525 errorem
1091 1470 1300 1541 juncta
1338 1470 1435 1535 sit,
1469 1473 1788 1542 posteaque
1805 1487 1896 1524 ve-

242 1559 385 1614 ritas
419 1562 649 1630 reperta
678 1558 872 1628 fuerit,
907 1559 1218 1613 dicendum
1252 1562 1341 1613 est
1373 1558 1610 1614 omnino
1656 1560 1893 1630 nuptias

239 1668 357 1707 non
421 1650 781 1706 constitisse.
836 1650 995 1705 Inter
1027 1650 1280 1706 liberum
1314 1652 1472 1707 enim
1507 1656 1561 1706 et
1591 1651 1889 1721 ancillam,

240 1756 476 1795 servum
510 1743 609 1794 aut
642 1738 883 1795 liberam
906 1739 1213 1795 mulierem
1241 1741 1458 1811 nuptiae
1482 1740 1749 1797 contrahi
1776 1758 1888 1795 non

2002 1120 2205 1186 postea
2255 1116 2556 1187 negotium
2591 1122 2814 1171 moveat
2844 1114 3069 1169 homini
3115 1112 3321 1180 libero,
3356 1114 3509 1184 quod
3548 1130 3652 1167 an-

2002 1202 2191 1259 cillam
2216 1206 2342 1274 ejus
2367 1205 2811 1269 duxituxorem,
2835 1203 2921 1258 vel
2946 1203 3212 1274 ingenuas
3240 1201 3470 1257 mulieri
3498 1202 3649 1272 quod

1982 1292 2165 1347 ‘servo
2198 1294 2326 1362 ejus
2356 1297 2537 1364 nupta
2572 1296 2679 1347 est.
2715 1292 2773 1346 Si
2807 1292 2947 1362 quid
2994 1308 3131 1362 ergo
3162 1290 3276 1345 tale
3309 1289 3565 1345 evenerit
3595 1293 3652 1344 et

2003 1380 2335 1451 specialiter
2365 1381 2641 1436 dominus
2672 1398 2783 1435 non
2818 1379 3202 1446 consenserit,
3263 1384 3521 1435 attamen
3555 1396 3647 1433 res

2002 1472 2195 1525 sciens
2228 1487 2341 1525 non
2378 1469 2759 1541 prohibuerit,
2794 1471 3084 1541 etnuptiaa
3108 1470 3484 1540 integrojure
3505 1485 3648 1524 con-

2003 1559 2237 1630 sistant,
2292 1565 2350 1615 et
2407 1558 2633 1614 servilis
2667 1559 3024 1614 conditionis
3058 1575 3308 1631 persona
3337 1557 3646 1629 eripiatur,

2003 1648 2073 1703 ad
2108 1648 2529 1720 ingenuitatem
2565 1648 2662 1704 illo
2686 1650 2819 1720 jure
2871 1648 2996 1702 sine
3030 1646 3395 1703 dubitatione
3428 1650 3649 1717 aperto,

2002 1739 2159 1809 quod
2194 1738 2361 1793 liberi
2396 1738 2496 1809 qui
2529 1755 2593 1792 ex
2627 1738 2969 1807 hujusmodi
3001 1736 3222 1807 nuptiis
3257 1734 3473 1790 fuerint
3518 1750 3651 1806 pro-

241 1832 511 1900 possunt.
546 1829 708 1892 Quod
742 1828 790 1884 si
819 1827 1136 1884 calliditate
1168 1834 1225 1884 et
1254 1830 1626 1885 conniventia
1648 1829 1894 1897 domini,
1926 1829 1972 1893 B
2005 1828 2182 1882 creati
2214 1831 2335 1882 tam
2368 1828 2607 1898 ingenui
2642 1844 2821 1898 quam
2856 1826 3100 1898 legitimi
3132 1829 3291 1881 sunt.

242 1933 451 1972 servus
481 1919 537 1970 et
566 1914 777 1971 ancilla
812 1915 1257 1971 matrimonium
1288 1918 1641 1973 contraxerit
1671 1934 1802 1972 cum
1828 1916 1890 1971 li-

236 2004 379 2060 bera
411 2020 700 2076 persona:
737 2004 883 2059 forte
916 2004 1073 2058 enim
1108 2005 1381 2059 dominus
1413 2004 1686 2059 ancillam
1718 2022 1888 2060 suam

235 2098 303 2149 ut
330 2092 575 2149 liberam
608 2093 728 2149 viro
759 2093 1015 2166 ingenuo
1045 2094 1349 2165 conjunxit
1378 2098 1433 2150 et
1462 2094 1655 2149 dotem
1689 2112 1791 2166 pro
1825 2111 1892 2150 ea

239 2184 531 2255 praestitit,
562 2187 627 2239 ut
658 2189 895 2255 propter
926 2184 1165 2256 nuptias
1216 2184 1593 2241 donationem
1625 2184 1890 2239 lucretur

238 2278 452 2339 totam,
487 2271 574 2327 vel
608 2289 711 2344 pro
744 2277 929 2343 parte.
965 2272 1025 2328 Si
1058 2273 1200 2344 quid
1234 2289 1369 2345 ergo
1414 2273 1529 2329 tale
1559 2274 1888 2346 contigerit,

238 2362 370 2433 ipsa
409 2361 721 2416 donatione
753 2362 926 2427 dotis,
962 2366 1018 2417 et
1065 2361 1339 2417 ancillam
1388 2364 1529 2418 iacit
1560 2362 1802 2418 liberam
1837 2367 1894 2418 et

241 2450 460 2521 nuptize
493 2449 843 2520 consistunt,
877 2450 1041 2505 nulla
1071 2450 1195 2521 lege
1227 2456 1515 2521 quantum
1549 2452 1797 2522 pertinet
1818 2452 1890 2507 ad

240 2538 609 2604 servitutem,
640 2538 982 2609 hujusmodi
1018 2539 1462 2594 matrimonium
1502 2540 1889 2595 concutiente.

240 2631 343 2686 Sin
377 2634 573 2686 autem
606 2630 883 2685 dominus
913 2630 1245 2702 specialiter
1301 2631 1537 2701 quidem
1574 2631 1631 2685 in
1666 2631 1890 2685 ancillis

237 2736 357 2775 suae
393 2720 628 2792 nuptias
650 2719 737 2775 vel
760 2720 907 2775 servi
932 2735 1047 2774 non
1072 2720 1457 2787 consenserit,
1486 2719 1677 2775 sciens
1696 2724 1888 2775 autem

241 2810 396 2881 quod
430 2826 544 2865 non
578 2809 983 2877 concubuerit,
1019 2810 1165 2865 forte
1195 2808 1351 2865 enim
1385 2809 1513 2865 ideo
1536 2810 1643 2865 hoc
1668 2809 1804 2865 facit
1828 2815 1891 2866 ut.

2001 1935 2130 1991 Car.
2164 1935 2294 1991 CXI.
2335 1939 2415 1990 De
2432 1950 2489 1991 eo
2522 1936 2618 2005 qui
2646 1935 2911 1988 ancillam
2928 1933 3088 1988 duxit
3114 1935 3171 1988 in
3196 1948 3450 1999 uxorem,
3475 1947 3647 2003 quam

2526 2011 2694 2077 putat
2722 2022 2834 2060 esse
2854 2006 3113 2061 liberam.

2392 2098 2561 2152 Cone.
2600 2096 2754 2166 apud
2788 2094 3073 2165 Vermer.,
3116 2111 3167 2149 c.
3198 2096 3253 2148 6.

2074 2186 2183 2256 (29,
2243 2202 2298 2257 q.
2330 2186 2383 2254 2,
2418 2202 2466 2240 c.
2502 2184 2562 2239 Si
2590 2185 2712 2257 quis
2745 2184 3065 2255 ingenuus.)
3093 2183 3150 2238 Si
3183 2184 3312 2255 quis
3354 2184 3649 2256 ingenuus

2005 2274 2177 2329 homo
2208 2273 2483 2329 ancillam
2516 2273 2759 2328 alterius
2798 2290 3033 2328 uxorem
3069 2274 3375 2344 acceperit,
3409 2277 3466 2329 et
3496 2274 3653 2329 aesti-

2003 2367 2126 2417 mat
2155 2363 2310 2433 quod
2346 2362 2598 2431 ingenua
2629 2363 2724 2431 sit,
2759 2362 2807 2417 si
2832 2362 2959 2433 ipsa
2984 2362 3199 2416 femina
3223 2366 3427 2433 postea
3449 2362 3505 2416 in
3530 2379 3654 2418 ser-

2000 2452 2185 2506 vitute
2206 2451 2377 2506 fuerit
2398 2452 2644 2517 detecta,
2670 2451 2716 2506 si
2743 2468 2866 2505 eam
2893 2471 2924 2505 a
2948 2450 3224 2506 servitute
3247 2451 3533 2507 redimere
3556 2470 3655 2524 po-

2002 2547 2135 2611 test,
2162 2542 2363 2609 faciat;
2386 2545 2432 2597 si
2459 2560 2573 2597 non
2598 2546 2807 2613 potest,
2836 2542 2883 2595 si
2908 2542 3159 2597 voluerit
3182 2544 3427 2614 accipiat
3448 2544 3646 2613 aliam;

2004 2631 2051 2685 si
2075 2636 2269 2686 autem
2296 2642 2487 2686 tamen
2515 2631 2789 2702 [servam]
2814 2648 2934 2685 cam
2961 2648 3089 2686 esse
3112 2631 3651 2699 sciebat,etcollau-

2003 2721 2262 2786 daverat,
2289 2726 2465 2792 prout
2490 2720 2817 2791 legitimam
2852 2736 2979 2775 eam
3012 2720 3246 2776 habeat.
3279 2720 3561 2777 Similiter
3592 2729 3649 2780 et

2004 2809 2215 2865 mulier
2244 2809 2500 2881 ingenua
2531 2811 2603 2864 de
2634 2826 2799 2865 servo
2832 2809 3074 2865 alterius
3107 2810 3293 2865 facere
3324 2810 3514 2865 debet.

1432 3081 1533 3139 DE
1578 3079 2073 3141 lMl’OTENTIA
2118 3082 2469 3142 COEUNDI

229 3232 377 3286 CAP.
438 3231 598 3287 CXII.
652 3234 798 3287 Licet
846 3232 1045 3288 ducere
1073 3233 1249 3288 aliam
1282 3234 1422 3301 viro,
1452 3234 1545 3287 cui
1572 3248 1675 3287 sua
1705 3232 1768 3287 ob
1802 3233 1888 3286 in-

340 3302 671 3374 ﬁrmitatem
698 3306 943 3374 corporis
964 3304 1212 3360 debitum
1237 3305 1465 3360 reddere
1486 3320 1591 3360 non
1616 3304 1780 3360 valet.

485 3413 725 3481 Gregor.
756 3409 966 3466 Junior
997 3410 1295 3467 Bonifacio
1340 3412 1637 3481 episcopo.

301 3525 414 3594 (22,
448 3540 506 3594 q.
536 3525 593 3588 7,
626 3541 676 3579 c.
716 3524 869 3591 Quod
898 3524 1272 3595 proposuisti.)
1307 3524 1466 3586 Quod
1504 3524 1885 3595 proposuisti,
1922 3518 1963 3583 C

235 3612 283 3665 si
317 3611 531 3666 mulier
561 3611 905 3666 inﬁrmitate
936 3618 1203 3681 correpta
1234 3627 1348 3665 non
1380 3611 1766 3667 valueritviro
1788 3614 1892 3667 de-

233 3700 424 3753 bitum
452 3700 714 3765 reddere,
743 3700 896 3769 quod
920 3699 1050 3767 ejus
1073 3698 1249 3753 faciat
1270 3698 1599 3769 conjugalis
1622 3699 1649 3753 ?
1670 3704 1890 3755 Bonum

234 3792 392 3842 esset
422 3786 470 3841 si
504 3787 589 3842 sic
619 3792 1008 3859 permaneret,
1036 3792 1099 3842 ut
1123 3787 1493 3843 abstinentiae
1516 3793 1766 3855 vacaret;
1793 3790 1892 3844 sed

238 3878 376 3947 quia
409 3877 515 3932 hoc
544 3893 892 3949 magnorum
928 3882 1035 3945 est,
1072 3877 1167 3932 ille
1190 3876 1288 3947 qui
1310 3893 1370 3931 se
1394 3893 1506 3932 non
1532 3878 1893 3948 poteritcon~

237 3966 425 4021 tinere
480 3968 663 4021 nubat
721 3967 945 4038 magis;
982 3982 1095 4021 non
1131 3973 1324 4021 tamen
1356 3966 1405 4020 ei
1440 3967 1687 4022 subsidii
1722 3978 1891 4039 opem

244 4053 557 4109 subtrahat
586 4070 763 4125 quam
824 4054 1144 4109 infirmitas
1203 4053 1505 4125 prmpedit,
1548 4059 1741 4110 tamen
1778 4074 1891 4111 non

234 4142 602 4197 detestabilis
633 4143 806 4214 culpa
837 4142 1116 4198 excludit.

240 4258 369 4314 Cu).
404 4258 590 4314 CXIII.
626 4260 772 4313 Licet
799 4260 965 4313 uxori
988 4266 1186 4315 ducere
1210 4260 1391 4315 alium
1412 4261 1477 4315 ob
1504 4262 1892 4330 inﬁrmitatem

542 4333 679 4397 viri,
714 4332 950 4387 reddere
973 4331 1220 4386 debitum
1252 4331 1586 4403 impotentis.

702 4420 843 4475 Cod.
878 4420 912 4474 l.
944 4437 1000 4487 v,
1033 4437 1083 4476 c.
1124 4422 1205 4489 19,
1241 4425 1283 4477 t.
1320 4423 1405 4475 10.

308 4525 394 4596 (L.
430 4527 489 4579 In
518 4528 729 4593 causis,
763 4542 813 4582 c.
852 4528 926 4581 De
958 4528 1227 4595 repudiis,
1262 4532 1317 4583 et
1348 4545 1397 4583 c.
1431 4530 1673 4595 Litterze,
1709 4535 1765 4583 et
1788 4530 1887 4584 Ex-

234 4616 380 4667 trav.
418 4614 489 4667 De
516 4616 684 4685 frig.)
715 4616 773 4669 Si
803 4616 1052 4669 maritus
1084 4615 1247 4670 uxori
1280 4616 1352 4669 ab
1388 4616 1556 4671 initio
1590 4617 1888 4672 matrimo-

236 4701 316 4754 nii
355 4719 538 4773 usque
572 4705 642 4758 ad
677 4705 825 4759 duos
858 4704 1171 4759 continuos
1227 4720 1414 4759 annos
1464 4708 1885 4776 computando,

235 4790 389 4844 coire
424 4791 665 4847 minime
694 4792 1411 4863 propterimbecillitatem
1439 4795 1766 4849 naturalem
1794 4814 1885 4850 va-

231 4879 345 4933 1ο.ιι
404 4879 613 4935 mulier
650 4880 835 4953 possit
867 4880 950 4935 vel
981 4881 1108 4951 ejus
1141 4887 1417 4952 parentes
1467 4883 1593 4939 sine
1624 4884 1881 4954 periculo
1917 4888 1961 4949 ι)

232 4967 387 5023 dotis
418 4968 754 5024 amittendae
788 4971 1099 5042 repudium
1136 4970 1348 5026 marito
1382 4972 1629 5026 mittere.

703 5080 840 5131 CAP.
875 5076 1063 5132 CXIV.
1099 5079 1171 5131 De
1199 5078 1402 5132 eodem.

691 5164 965 5236 Capitul.,
1002 5166 1091 5220 tit.
1125 5183 1223 5233 vn,
1253 5183 1301 5220 c.
1334 5167 1423 5221 20.

298 5269 412 5339 (‘22,
471 5285 528 5339 q.
589 5270 644 5337 2,
683 5287 731 5325 c.
792 5273 908 5327 Non
937 5276 1040 5337 est,
1075 5276 1130 5326 et
1162 5273 1355 5327 Extra.
1408 5275 1480 5328 De
1508 5274 1666 5345 frig.)
1706 5275 1761 5328 Si
1796 5276 1881 5330 vir

229 5363 285 5412 et
345 5358 557 5412 mulier
614 5361 1050 5427 conjunxerunt
1108 5377 1170 5415 se
1228 5361 1286 5413 in
1348 5362 1756 5430 matrimonio;
1825 5369 1881 5419 ct

231 5452 434 5519 postea
460 5446 668 5502 dixerit
697 5448 905 5503 mulier
927 5448 997 5503 de
1018 5447 1139 5502 viro
1159 5465 1273 5503 non
1300 5466 1470 5520 posse
1504 5450 1721 5507 nubere
1743 5468 1875 5507 cum

226 5553 294 5592 eo
310 5578 328 5607 ,
344 5535 392 5590 si
417 5535 628 5607 poterit
648 5538 894 5608 probare
908 5538 1063 5608 quod
1080 5553 1278 5593 verum
1295 5538 1393 5607 sit,
1408 5538 1657 5611 accipiat
1669 5539 1873 5609 alium,

2000 3249 2065 3287 eo
2096 3233 2252 3303 quod
2282 3234 2456 3303 juxta
2485 3233 2848 3305 Apostolum,
2884 3250 2996 3288 non
3023 3232 3331 3305 potuitille
3370 3232 3461 3287 vir
3503 3248 3648 3289 suus

2000 3322 2199 3376 redere
2230 3322 2521 3377 debitum.

2000 3427 2132 3481 CAP.
2168 3427 2322 3481 CXV.
2356 3428 2418 3480 Si
2447 3429 2657 3481 mulier
2680 3429 2989 3495 probamrit
3019 3428 3163 3497 quod
3184 3444 3217 3481 (ι
3249 3429 3366 3481 viro
3383 3442 3480 3483 suo
3510 3444 3648 3482 nun-

2326 3515 2487 3568 quam
2521 3498 2738 3567 cognita
2766 3501 2939 3568 fuerit
2976 3503 3325 3569 separentur.

2272 3587 2607 3658 Gregorius.
2643 3589 2713 3642 ad
2746 3588 2914 3643 Joan.
2952 3588 3167 3643 Ravcn.
3200 3588 3381 3659 episc.

2080 3675 2191 3744 (27,
2227 3692 2283 3746 q.
2316 3678 2372 3743 2,
2407 3692 2454 3731 c.
2490 3677 2639 3744 Quod
2668 3680 2875 3743 autem,
2907 3678 2996 3747 33,
3030 3694 3089 3743 q.
3124 3682 3169 3744 1,
3232 3694 3281 3732 c.
3315 3678 3461 3732 Licet
3490 3679 3652 3749 mut.)

2003 3765 2165 3831 Quod
2225 3770 2418 3819 autem
2479 3766 2853 3838 interrogasti
2913 3768 2982 3821 de
3015 3766 3107 3821 his
3140 3766 3241 3836 qui
3274 3767 3650 3823 matrimonio

1994 3852 2189 3922 juncti
2250 3860 2407 3920 sunt,
2468 3860 2525 3910 et
2565 3856 2783 3910 nubere
2814 3873 2928 3910 non
2963 3856 3285 3927 possunt,si
3321 3856 3418 3911 ille
3450 3856 3648 3922 aliam,

2002 3940 2088 3994 vel
2125 3940 2224 3997 illa
2255 3942 2432 3998 alium
2466 3945 2679 4000 ducere
2712 3946 2919 4015 possit,
2954 3944 3168 4015 quibus
3200 3945 3487 4016 scriptum
3518 3950 3645 3999 est:

2001 4030 2102 4084 Vir
2132 4041 2184 4085 et
2236 4032 2446 4087 mulier
2476 4034 2522 4087 si
2576 4050 2637 4088 se
2668 4034 3102 4103 conjunxerint,
3125 4039 3183 4088 et
3214 4039 3413 4104 postea
3444 4034 3651 4088 dixerit

2004 4120 2214 4175 mulier
2271 4123 2341 4175 de
2396 4124 2519 4176 viro
2566 4124 2721 4193 quod
2758 4140 2868 4177 non
2921 4122 3107 4193 possit
3138 4123 3290 4176 coire
3322 4138 3452 4177 cum
3477 4138 3564 4188 ea,
3599 4122 3649 4177 si

2003 4214 2193 4280 potest
2218 4210 2462 4281 probare
2487 4211 3139 4282 perjustumjudicium
3166 4210 3318 4280 quod
3336 4226 3532 4264 verum
3551 4210 3647 4274 sit,

2002 4298 2253 4369 accipiat
2285 4297 2505 4366 alium;
2539 4300 2585 4354 si
2612 4304 2806 4354 autem
2834 4299 2929 4353 ille
2952 4297 3127 4353 aliam
3153 4298 3461 4369 acceperit,
3488 4314 3651 4368 sepa-

2002 4391 2222 4441 rentur.

2001 4493 2131 4551 CAP.
2193 4493 2377 4548 CXVI.
2445 4496 2590 4549 Licet
2644 4494 2871 4549 mulieri
2924 4495 3091 4549 alteri
3134 4494 3355 4558 nubere,
3386 4511 3549 4565 quam
3576 4496 3639 4550 ob

2191 4566 2555 4635 [rigiditatem
2589 4568 2671 4619 vir
2702 4582 3022 4635 cognoscere
3050 4581 3159 4620 non
3188 4570 3448 4636 potuerit.

2272 4659 2508 4723 Grcgor.
2543 4657 2587 4708 ll
2618 4655 2686 4707 ad
2721 4655 2888 4710 Joan.
2934 4655 3146 4708 Raven.
3182 4654 3360 4724 episc.

2066 4743 2178 4810 (34,
2241 4759 2294 4813 q.
2334 4745 2383 4811 1,
2418 4761 2467 4798 c.
2504 4742 2837 4813 Ilcquisisti.)
2874 4748 2949 4797 De
2975 4743 3068 4798 his
3100 4742 3398 4814 requisisti
3434 4743 3534 4814 qui
3568 4744 3637 4797 ob

1997 4849 2233 4886 causam
2261 4832 2479 4902 frigidae
2506 4840 2723 4886 naturae
2747 4849 2807 4887 se
2829 4832 3033 4886 dicunt
3056 4850 3167 4887 non
3197 4848 3367 4903 posse
3390 4831 3638 4885 invicem

1996 4937 2227 4991 operam
2264 4920 2422 4975 carni
2456 4922 2663 4977 dantes
2698 4922 3090 4977 commisceri.
3134 4925 3247 4977 Iste
3278 4938 3410 4975 vero
3444 4920 3492 4973 si
3526 4937 3639 4975 non

1998 5015 2279 5078 potestea
2302 5011 2382 5063 uti
2411 5028 2509 5078 pro
2532 5028 2723 5073 uxore,
2750 5009 3147 5081 habeatquasi
3172 5025 3451 5063 sororem.
3479 5010 3640 5073 Quod

1994 5097 2042 5151 si
2076 5097 2674 5168 retinaculumjugule
2704 5098 2991 5155 voluerint
3016 5098 3343 5152 rescindere
3368 5102 3642 5153 maneant

1998 5185 2229 5256 utrique
2262 5187 2511 5257 innupti.
2546 5189 2688 5242 Nam
2723 5187 2771 5241 si
2803 5189 2940 5242 huic
2963 5203 3073 5240 non
3092 5185 3643 5257 potuitnaturaliter

1990 5277 2365 5344 concordare,
2389 5279 2680 5348 quomodo
2714 5278 2879 5332 alteri
2911 5277 3218 5331 conveniat
3238 5276 3464 5347 ?Igitur
3485 5275 3535 5329 si
3553 5276 3638 5331 vir

1990 5364 2164 5419 aliam
2200 5382 2435 5421 uxorem
2470 5367 2593 5421 vult
2614 5368 2874 5437 accipere
2900 5366 3210 5419 manifesta
3232 5364 3454 5419 ratione
3480 5370 3636 5433 patet

1989 5456 2143 5524 quod
2165 5462 2514 5525 suggerente
2539 5454 2769 5509 diabolo
2793 5454 2909 5508 odii
2934 5454 3219 5520 fomitem,
3247 5470 3480 5508 cxosam
3504 5471 3631 5509 eam

1988 5542 2215 5611 habuit,
2267 5550 2323 5598 et
2378 5544 2508 5599 ideo
2556 5560 2685 5598 eam
2738 5542 3031 5597 dimittere
3064 5541 3348 5597 mendacii
3409 5542 3633 5599 falsitas
