3936 6056
366 201 504 256 1275

1446 209 1515 260 D.
1558 205 1794 262 IVONIS
1830 209 2324 266 CARNOTENSIS
2359 213 2677 269 EPISCOPI

3651 207 3803 261 i276

369 331 627 387 molitur.
659 329 821 396 Quod
847 331 895 385 si
922 331 1132 387 mulier
1162 335 1440 387 causatur
1455 336 1510 387 et
1541 332 1701 402 dicit,
1724 332 1866 388 Volo
1884 350 2007 390 ma-
2038 337 2092 403 Α
2123 336 2300 408 ciant,
2359 341 2416 392 et
2471 352 2575 409 per
2629 336 2987 392 exorcismos
3025 352 3091 391 ac
3123 339 3335 391 caetera
3365 333 3803 390 ecclesiasticae

367 427 453 476 ter
482 436 607 477 esse
637 425 696 476 et
725 420 876 476 ﬁlios
911 436 1232 493 procreare,
1268 427 1510 494 uterque
1539 438 1741 478 eorum
1773 439 1851 478 vu
1885 440 2006 479 ma-

369 510 542 566 nibus
593 510 1061 584 propinquorum
1092 512 1265 566 tactis
1295 512 1688 568 sacrosanctis
1721 511 2008 584 reliquiis,

358 601 746 671 jurejurando
778 601 954 666 dicat,
989 606 1053 655 ut
1082 616 1385 672 nunquam
1421 600 1795 673 permistione
1820 603 2011 658 carnis

365 691 686 761 conjuncti,
748 708 865 746 una
923 708 1054 746 caro
1115 691 1302 746 effecti
1363 696 1582 762 essent,
1614 697 1755 748 tunc
1784 693 2013 748 videtur

368 779 670 835 mulierem
707 781 996 836 secundas
1029 797 1198 852 posse
1231 781 1573 836 contrahere
1601 782 1862 852 nuptias.
1907 782 2011 837 bu-

369 887 610 925 manum
671 870 798 924 dico
840 875 1076 941 propter
1109 871 1507 927 infirmitatem
1541 871 1734 928 carnis
1767 888 2007 940 eorum;

370 960 458 1014 vir
488 964 680 1014 autem
716 958 816 1030 qui
848 957 1068 1030 frigidas
1102 964 1325 1015 naturis
1348 965 1457 1026 est,
1482 965 1716 1017 maneat
1731 961 1859 1017 sine
1880 975 2014 1016 con-

359 1051 524 1120 juge.
559 1049 718 1111 Quod
745 1048 792 1103 si
823 1053 879 1104 et
905 1049 1000 1104 ille
1031 1051 1204 1104 aliam
1240 1050 1503 1120 copulam
1527 1050 1840 1122 acceperit,
1883 1055 2010 1106 tum

367 1137 405 1191 ii
465 1134 563 1209 qui
618 1139 984 1210 juraverunt,
1018 1139 1259 1210 perjurli
1292 1137 1534 1195 crimine
1564 1140 1648 1196 rei
1679 1143 2011 1206 teneantur,

368 1230 424 1281 ct
455 1225 798 1298 poenitentia
831 1231 1065 1300 peracta
1086 1226 1280 1298 priora
1301 1231 1587 1300 cogantur
1607 1227 1862 1303 recipere
1886 1243 2021 1294 con,

367 1313 568 1373 nubia.

367 1423 501 1479 CAP.
527 1423 750 1479 CXVII.
777 1424 926 1497 Quid
945 1424 1011 1480 de
1034 1423 1227 1500 bisqui
1245 1425 1542 1496 maleﬁciis
1554 1427 1826 1498 impediti,
1871 1429 2016 1486 coire

996 1513 1106 1552 non
1137 1503 1384 1568 possunt.

841 1583 1130 1641 llincmar.
1169 1586 1332 1642 Rem.
1363 1585 1543 1658 episc.

440 1675 553 1744 (33,
587 1691 643 1746 q.
682 1679 730 1744 1,
765 1692 815 1732 c.
848 1674 911 1731 Si
939 1675 1062 1748 quis
1113 1676 1254 1748 per.)
1285 1675 1345 1732 Si
1376 1692 1478 1748 per
1506 1675 1809 1734 sortiarias
1841 1681 2014 1750 atque

371 1763 709 1830 maleficias,
729 1763 979 1835 occulto,
1005 1765 1103 1820 sed
1132 1766 1668 1839 nunquaminjusto
1685 1766 2013 1839 Deiiudicio

370 1853 739 1924 permittente
761 1855 819 1909 et
848 1853 1078 1909 diabolo
1111 1863 1494 1926 praeparante,
1524 1856 1872 1912 concubitus
1893 1873 2008 1914 non

369 1943 657 2014 sequitur,
719 1941 993 1998 hortandi
1024 1945 1164 1998 sunt
1204 1942 1421 2015 quibus
1453 1943 1567 2001 ista
1618 1945 1915 2015 eveniunt,
1948 1949 2013 2002 nt

371 2033 544 2088 corde
575 2033 821 2087 contrito
844 2035 900 2087 et
927 2031 1138 2105 spiritu
1161 2031 1470 2089 humiliato
1493 2035 1607 2090 Deo
1639 2041 1696 2090 et
1725 2035 2014 2092 sacerdoti

374 2125 443 2178 de
475 2123 748 2178 omnibus
782 2121 1036 2194 peccatis
1067 2121 1191 2178 suis
1223 2139 1431 2194 puram
1464 2123 1893 2182 confessionem
1926 2125 2012 2180 fa-

370 2209 547 2279 ciant,
579 2216 637 2288 ct
668 2211 924 2283 profusis
951 2211 1242 2283 lacrymis,
1279 2230 1344 2267 ac
1385 2212 1738 2285 largioribus
1767 2214 2014 2270 eleemo-

372 2301 532 2376 synis
565 2305 619 2358 et
651 2301 1017 2358 orationibus
1048 2305 1223 2375 atque
1246 2302 1490 2374 jejuniis
1513 2300 1760 2362 Domino
1782 2303 2016 2362 satisfa-

2102 425 2424 499 _medicins3
2455 427 2681 494 munia,
2715 425 2971 482 ministri
3005 424 3276 480 Ecclesiae
3300 423 3454 480 tales
3478 429 3796 496 quantum

2119 515 2391 570 annuerit
2421 515 2719 585 dominus,
2752 516 2852 587 qui
2893 513 3190 571 Abimelec
3250 529 3316 568 ac
3365 514 3625 568 domum
3658 513 3799 582 ejus

2118 605 2362 662 Abraha
2385 605 2749 662 orationibus
2772 604 3022 671 sanavit,
3049 619 3258 659 sanare
3308 601 3792 675 procurent.Qui

2120 694 2267 750 forte
2309 695 2360 750 si
2419 693 2616 751 sanari
2664 709 2780 750 non
2833 693 3150 766 potuerint,
3180 693 3439 764 separari
3471 690 3793 746 valebunt.

2121 783 2234 840 Sed
2249 788 2564 856 postquam
2580 783 2725 840 alias
2749 783 2987 856 nuptias
3001 781 3366 853 expetierint,
3387 780 3586 835 illisin
3608 796 3793 834 carne

2119 873 2455 929 viventibus
2512 873 2731 946 quibus
2754 874 2973 944 junctae
3007 871 3260 936 fuerant,
3293 870 3600 942 prioribus
3635 885 3793 940 quas

2121 960 2503 1034 reliquerant,
2534 963 2709 1018 etiam
2753 961 2802 1018 si
2836 959 3199 1034 possibilitas
3230 959 3674 1015 concumbendi
3709 959 3794 1013 eis

2123 1051 2350 1108 reddita
2385 1053 2577 1121 fuerit,
2611 1051 2972 1108 reconciliari
3006 1050 3360 1122 nequibant.

2327 1150 2460 1206 CAP.
2493 1149 2725 1207 CXVIII.
2754 1147 2935 1206 Modus
2963 1149 3123 1205 istius
3152 1145 3566 1215 disiunctionis.

2503 1247 2674 1296 Cone.
2709 1240 2864 1311 apud
2897 1239 3180 1306 Vermer.,
3212 1254 3261 1294 c.
3295 1239 3382 1293 27.

2195 1328 2278 1402 (C.
2335 1329 2721 1386 Laudabilem.
2780 1327 2974 1384 Extra.
3029 1329 3102 1384 De
3145 1327 3280 1399 [νίς.
3333 1330 3390 1382 et
3417 1324 3697 1396 maleﬁc.)
3729 1326 3787 1379 Si

2125 1436 2243 1491 qua
2274 1419 2489 1476 mulier
2519 1417 2965 1493 proclamaverit
2991 1418 3146 1490 quod
3173 1417 3263 1473 vir
3291 1433 3436 1473 suus
3463 1428 3786 1488 nunquam

2125 1509 2339 1566 coisset
2398 1525 2532 1565 cum
2593 1526 2681 1579 ea,
2741 1511 2948 1564 exeant
3005 1507 3139 1563 inde
3189 1506 3259 1562 ad
3312 1519 3591 1573 crucem;
3647 1509 3707 1560 et
3738 1504 3786 1560 si

2123 1615 2324 1656 verum
2361 1595 2556 1668 fuerit,
2586 1601 2954 1670 separentur.
2979 1597 3048 1652 Et
3077 1596 3159 1652 ita
3189 1595 3290 1651 fiat
3319 1593 3475 1666 quod
3508 1593 3660 1649 vult.

2047 1727 2092 1792 Β
2131 1699 2263 1754 CAP.
2325 1695 2514 1754 CXIX.
2581 1695 2638 1752 In
2696 1697 2931 1792 peritoie
2986 1695 3100 1792 piri
3141 1695 3404 1792 cqnsisfat
3463 1692 3514 1747 si
3574 1693 3786 1747 mulier

2559 1771 2719 1839 negat
2747 1785 2808 1824 se
2835 1769 3113 1840 cognitam
3141 1767 3208 1822 ab
3237 1781 3318 1823 eo.

2535 1857 2754 1914 Concil.
2787 1855 3130 1928 Compend.,
3158 1871 3208 1912 ο.
3237 1855 3329 1912 20.

2192 1947 2303 2020 (33,
2364 1964 2423 2021 q.
2490 1953 2538 2017 l,
2592 1963 2642 2003 ο.
2677 1946 2738 2002 Si
2761 1945 2931 2020 quis.)
2961 1944 3020 2002 Si
3053 1945 3188 2017 quis
3220 1943 3510 2018 acceperit
3540 1957 3785 2000 uxorem

2122 2043 2179 2094 et
2210 2036 2478 2094 habuerit
2509 2053 2637 2093 eam
2673 2035 2867 2108 aliquo
2897 2042 3184 2106 tempore,
3213 2039 3269 2091 et
3301 2033 3430 2107 ipsa
3461 2031 3678 2090 mulier
3701 2030 3784 2086 di-

2125 2123 2212 2199 cit.
2234 2127 2388 2198 quod
2421 2143 2536 2182 non
2563 2125 2776 2182 coisset
2807 2140 2941 2181 cum
2973 2139 3079 2194 ea;
3113 2127 3169 2179 et
3201 2121 3299 2178 ille
3328 2120 3419 2178 vir
3448 2119 3595 2178 dicit
3625 2121 3781 2192 quod

2128 2216 2210 2271 sic
2241 2213 2464 2282 fecerit,
2499 2211 2558 2271 in
2593 2214 2834 2271 veritate
2865 2211 3152 2270 consistat
3181 2213 3291 2283 vir,
3323 2210 3460 2284 quia
3492 2211 3584 2266 vir
3605 2214 3780 2282 caput

2126 2309 2215 2360 est
2246 2304 2528 2361 mulieris.

810 2653 913 2714 DE
958 2655 1520 2718 SEPARATIONE
1564 2655 1929 2717 CONJUGII
1974 2659 2077 2716 OB
2121 2654 2276 2717 NUN
2322 2655 2636 2717 CAUSAM
2684 2651 3329 2718 FORNICATIONIS.

371 2827 501 2879 Csr.
539 2821 701 2878 CXX.
736 2821 810 2877 Dc
837 2836 895 2876 eo
927 2823 1020 2892 qui
1049 2819 1247 2876 demit
1284 2834 1408 2876 cum
1451 2835 1645 2892 sponsa
1672 2819 1876 2892 fratris
1903 2821 2011 2875 sui.

854 2933 1029 2986 Conc.
1065 2927 1324 2995 Tribur.,
1359 2945 1408 2982 o.
1439 2927 1531 2985 41.

438 3039 546 3108 (27,
582 3055 635 3108 q.
675 3037 727 3106 1,
761 3053 810 3091 c.
866 3036 1107 3140 Quidam
1157 3033 1680 3140 desponsavit.)‘Vir
1705 3034 1754 3089 si
1786 3034 2018 3140 duxerit
2049 3036 2091 3101 C
2192 3071 2286 3140 (3O

367 3144 629 3188 uxorem,
661 3125 1048 3179 concumbere
1080 3141 1214 3178 cum
1247 3140 1315 3178 ea
1347 3140 1459 3177 non
1491 3122 1711 3189 valens,
1745 3126 1801 3177 et
1834 3122 2009 3177 frater

364 3215 492 3284 ojus
523 3212 790 3268 clanculo
815 3212 1108 3267 vitiaverit
1131 3228 1282 3279 eam,
1315 3216 1374 3266 et
1403 3210 1704 3282 gravidam
1736 3211 2008 3266 reddide-

368 3303 462 3369 rit,
519 3305 885 3374 separentur.
945 3299 1326 3355 Considerata
1355 3304 1552 3354 autem
1585 3298 2010 3366 imbecillitate,

368 3389 770 3447 misericordia
791 3391 919 3461 ejus
936 3388 1311 3462 impartiatur
1329 3389 1399 3444 ad
1423 3389 1764 3460 conjugium
1779 3393 2007 3444 tantum

368 3481 425 3536 in
457 3479 724 3536 Domino.

366 3618 498 3670 Car.
538 3615 725 3669 CXXI.
759 3609 1157 3683 Disjungantur
1183 3613 1235 3667 ei
1264 3625 1549 3682 nunquam
1578 3610 1831 3683 conjugio
1851 3626 2012 3683 copu-

509 3686 692 3740 lcniur
722 3684 817 3754 qui
842 3683 1138 3754 quemlibet
1166 3685 1539 3753 subiectorum
1558 3683 1865 3738 admiserit.

855 3781 1028 3838 Cone.
1063 3780 1352 3854 Magunt.,
1384 3797 1434 3836 c.
1465 3783 1522 3837 6.

439 3892 552 3964 (32,
613 3908 672 3963 q.
733 3889 788 3960 7,
851 3907 900 3947 c.
955 3889 1017 3946 Si
1046 3891 1166 3963 quis
1217 3889 1482 3961 viduam.)
1513 3889 1572 3944 Si
1605 3886 1738 3962 quis
1771 3889 2008 3946 viduam

371 3998 605 4037 uxorem
641 3978 873 4036 duxerit
895 3983 952 4036 et
976 3981 1178 4051 postea
1195 3995 1329 4034 cum
1364 3977 1609 4034 filiastra
1631 3975 1806 4034 fuerit
1830 3977 2010 4034 forni-

369 4076 534 4126 catus
593 4087 697 4126 seu
754 4086 887 4125 cum
937 4069 1168 4124 duabus
1195 4067 1497 4124 sororibus
1528 4065 1710 4123 altera
1740 4073 2012 4124 manente

371 4177 566 4229 uxore,
603 4163 704 4216 aut
732 4157 782 4215 si
813 4176 931 4231 qua
960 4175 1096 4213 cum
1126 4157 1359 4213 duobus
1390 4155 1691 4222 fratribus,
1742 4173 1844 4212 seu
1877 4174 2010 4212 cum

370 4255 534 4322 patre
592 4255 650 4303 ct
706 4247 850 4316 ﬁlio,
881 4245 930 4302 si
961 4245 1093 4318 quis
1124 4245 1388 4301 relictam
1422 4243 1639 4314 fratris,
1667 4244 1717 4299 si
1745 4244 1878 4316 quis
1910 4261 2010 4301 ne-

372 4342 525 4411 ptem
561 4341 662 4392 aut
692 4352 1016 4402 novercam,
1063 4341 1163 4390 aut
1193 4351 1408 4390 nurum
1440 4337 1543 4389 aut
1573 4334 2010 4403 consobrinam,

2126 2819 2256 2876 Car.
2313 2819 2568 2875 CXXIII.
2617 2819 2731 2890 Qui
2775 2821 2844 2876 de
2888 2833 3048 2874 sacro
3075 2819 3230 2887 fonte
3256 2818 3578 2888 suscipitur,
3623 2815 3774 2885 ﬁlius

2561 2889 2645 2947 est
2671 2892 2788 2962 ejus
2816 2908 2858 2947 α
2887 2907 2988 2963 quo
3008 2889 3328 2962 suscipitur.

2471 2979 2745 3036 Nicolaus
2778 2997 2914 3052 pap.
2947 2980 3017 3035 ad
3061 2996 3221 3035 cons.
3255 2977 3423 3050 Bulg.

2293 3109 2306 3139 ,
2340 3083 2397 3142 q.
2436 3069 2490 3137 3,
2524 3083 2574 3124 o.
2606 3071 2692 3124 Ita
2714 3069 3005 3139 diligere.)
3029 3073 3114 3124 Ita
3136 3068 3380 3140 diligere
3399 3067 3572 3122 debet
3598 3067 3773 3120 homo

2120 3176 2253 3214 cum
2314 3158 2414 3230 qui
2472 3175 2534 3213 se
2595 3158 2847 3230 suscipit
2903 3175 3131 3214 asacro
3173 3159 3333 3212 fonte
3363 3156 3517 3210 sicut
3550 3161 3769 3228 patrem

2121 3248 2261 3302 Item
2289 3263 2302 3302 :
2337 3249 2426 3302 est
2459 3245 2613 3301 inter
2643 3246 2853 3302 fratres
2885 3249 2942 3303 et
2973 3246 3124 3302 ﬁlios
3156 3243 3496 3318 spirituales
3518 3245 3773 3315 gratuita

2120 3341 2174 3391 et
2211 3337 2418 3390 sancta
2448 3333 2790 3391 communio
2825 3349 2950 3408 quos
2984 3348 3101 3390 non
3131 3338 3220 3390 est
3249 3333 3497 3389 dicenda
3522 3347 3771 3388 consan-

2119 3425 2400 3497 guinitas,
2419 3423 2519 3480 sed
2540 3423 2736 3495 potius
2760 3421 3033 3481 habenda
3054 3421 3381 3492 spiritualis
3403 3421 3767 3494 proximitas.

2120 3514 2283 3570 Unde
2316 3515 2468 3571 inter
2496 3530 2596 3570 eos
2628 3513 2992 3570 arbitramur
3022 3513 3147 3569 fieri
3180 3527 3296 3569 non
3330 3525 3502 3584 posse
3535 3509 3765 3582 quodli-

2121 3605 2215 3660 bet
2248 3621 2362 3660 non
2393 3604 2578 3676 legale
2607 3602 2988 3671 oonnubium,
3021 3604 3258 3674 quando
3290 3602 3532 3674 quidem
3554 3616 3662 3656 nec
3683 3601 3765 3655 in-

2119 3696 2210 3748 ter
2263 3708 2364 3748 eos
2394 3693 2494 3764 qui
2528 3697 2738 3748 natura
2767 3696 2824 3748 et
2851 3705 2951 3748 eos
2981 3691 3082 3763 qui
3117 3691 3430 3762 adoptione
3460 3688 3568 3744 filii
3603 3694 3761 3755 sunt,

2119 3784 2458 3838 venerandis
2490 3782 2764 3837 Romane
2784 3780 2944 3853 leges
2965 3779 3342 3836 matrimonia
3357 3778 3629 3836 contrahi
3651 3795 3764 3834 non

2121 3871 2494 3944 permittunt.
2528 3874 2674 3927 Item
2699 3883 2713 3926 :
2738 3872 2897 3926 Inter
2919 3885 3020 3926 eos
3041 3886 3157 3925 non
3177 3868 3546 3925 contrahitur
3567 3869 3766 3923 matri-

2122 3961 2386 4016 monium
2418 3977 2566 4031 quos
2597 3959 2833 4032 ad0ptio
2857 3959 3074 4032 jungit,
3109 3964 3333 4031 quanto
3363 3958 3554 4029 magis
3575 3973 3611 4012 a
3641 3972 3767 4012 car-

2123 4049 2239 4104 nali
2271 4053 2501 4121 oportet
2528 4047 2681 4105 inter
2711 4065 2774 4105 se
2803 4048 3187 4105 contubernio
3217 4063 3469 4114 cessare,
3496 4062 3645 4118 quos
3669 4063 3768 4118 per

2121 4137 2347 4194 caeleste
2403 4143 2837 4194 sacramentum
2889 4137 3247 4210 regeneratio
3281 4137 3468 4192 sancti
3515 4135 3766 4206 Spiritus

2123 4227 2322 4284 vincit.
2384 4227 2580 4300 Longe
2635 4226 2838 4298 igitur,
2891 4225 3105 4298 inquit,
3156 4224 3576 4297 congruentius
3610 4224 3762 4278 filius

2123 4317 2309 4388 patris
2341 4315 2456 4372 mei
2485 4315 2575 4371 vel
2597 4317 2776 4372 frater
2797 4331 2965 4372 meus
2989 4314 3321 4387 appellatur
3344 4313 3417 4382 is,
3441 4330 3615 4384 quem
3635 4329 3763 4385 gra-

371 4433 474 4482 aut
535 4427 714 4481 filiam
763 4423 1060 4490 avunculi,
1094 4428 1196 4479 aut
1222 4424 1350 4493 ejus
1383 4421 1669 4493 relictam,
1703 4426 1805 4478 aut
1836 4422 2010 4496 privi-

2198 4450 2203 4461 .
2260 4405 2458 4460 divina
2505 4421 2682 4476 quam
2716 4419 2891 4476 quem
2923 4405 3185 4460 humana
3213 4403 3483 4460 voluntas
3514 4408 3577 4457 ut
3607 4403 3761 4457 ﬁlius

370 4527 544 4586 gnem
579 4510 869 4586 polluerit,
893 4527 992 4568 eos
1013 4511 1296 4583 disjungi,
1330 4516 1386 4566 et
1417 4509 1662 4568 ulterius
1704 4525 2009 4584 nunquam

369 4601 644 4674 conjugio
673 4601 932 4674 copulari
965 4598 1358 4672 praecipimus.

370 4737 503 4792 Cap.
566 4735 784 4792 CXXII.
843 4736 979 4790 Ante
1034 4739 1246 4808 tempus
1292 4735 1672 4792 consentiendi
1699 4736 2013 4808 conjugium

886 4806 1143 4863 contrahi
1170 4823 1281 4862 non
1313 4812 1489 4878 potest

968 4903 1244 4961 Nicolaus
1283 4923 1417 4979 pap.

437 5011 548 5084 (30,
609 5026 666 5084 q.
723 5012 781 5081 2,
841 5009 934 5082 (με
968 5008 1066 5066 Ubi
1092 5026 1204 5065 non
1235 5014 1313 5066 est
1340 5011 1609 5081 consens.)
1640 5009 1747 5066 Ubi
1779 5028 1894 5068 non
1925 5017 2015 5070 est

366 5115 696 5157 consensus
725 5099 1040 5171 utriusque
1071 5115 1189 5155 non
1221 5103 1311 5155 est
1341 5098 1704 5170 conjugium.
1737 5101 1887 5173 Ergo
1911 5103 2012 5173 qui

367 5191 564 5264 pueris
595 5190 737 5244 dant
769 5189 1024 5261 puellam
1056 5189 1117 5244 in
1149 5185 1478 5254 cunabulis,
1514 5188 1602 5242 vel
1633 5203 1664 5244 e
1713 5205 2011 5260 converso,

369 5279 514 5334 nihil
572 5279 812 5344 faciunt,
874 5278 987 5332 nisi
1048 5282 1294 5348 uterque
1341 5291 1657 5348 puerorum
1689 5280 2015 5336 consentiat

367 5374 684 5441 postquam
713 5365 961 5438 Evenerit
1009 5367 1080 5421 ad
1114 5382 1300 5421 annos
1330 5365 1744 5434 discretionis;
1779 5385 1891 5424 non
1925 5374 2016 5425 est

366 5457 710 5528 conjugium
742 5455 858 5511 nisi
896 5455 1001 5511 ﬂat
1031 5454 1720 5528 utriusquejconsensus,
1751 5458 1928 5515 etiam
1961 5459 2012 5515 si

370 5549 536 5616 pater
565 5549 623 5600 et
654 5547 843 5601 mater
871 5543 982 5600 hoc
1013 5543 1256 5600 fecerint
1283 5549 1341 5600 et
1369 5542 1679 5601 voluerint.

2121 4495 2249 4566 ejus
2272 4494 2359 4550 vel
2385 4495 2562 4550 frater
2591 4509 2756 4550 meus
2779 4497 2934 4550 esset
2957 4493 3172 4566 ,elegit,
3208 4493 3670 4564 prudentiusque
3690 4492 3760 4546 ab

2122 4584 2348 4639 alterna
2367 4582 2628 4654 corporis
2658 4582 3067 4639 commistione
3096 4587 3503 4638 secernuntur.

2122 4673 2258 4728 Cap.
2309 4671 2550 4729 CXXIV.
2602 4677 2720 4730 Non
2771 4677 3136 4744 separetur_a
3165 4673 3285 4726 viro
3315 4687 3433 4744 quae
3464 4669 3759 4740 ﬁliastrum

2601 4744 2666 4800 de
2692 4740 2846 4800 sacro
2882 4745 3031 4812 fonte
3067 4740 3283 4798 levavit.

2565 4832 2838 4893 Nicolaus
2869 4832 3116 4889 Salonit.
3148 4831 3325 4904 episc.

2191 4923 2304 4993 (30,
2338 4937 2396 4995 q.
2432 4927 2481 4992 l,
2513 4939 2564 4979 c.
2596 4922 2801 4995 Nosse.)
2830 4921 3014 4979 Nosse
3047 4921 3346 4978 desideras
3405 4925 3604 4977 utrum
3638 4938 3764 4976 mu-

2123 5012 2230 5068 licr
2259 5029 2381 5084 quae
2412 5011 2520 5067 viri
2550 5011 2737 5067 ﬁlium
2761 5028 2830 5068 ex
2849 5009 2963 5066 alia
2986 5011 3205 5066 femina
3223 5010 3488 5084 genitum
3513 5010 3584 5066 de
3607 5027 3764 5065 sacro

2125 5104 2282 5158 fonte
2335 5101 2559 5161 levarit.
2618 5100 2997 5174 postmodum
3030 5117 3164 5157 cum
3196 5100 3400 5155 eodem
3431 5099 3555 5154 viro
3586 5104 3768 5172 possit

2123 5190 2406 5264 copulari,
2439 5207 2588 5262 quos
2617 5190 2746 5248 ideo
2769 5187 2944 5262 jungi
2977 5206 3149 5263 posse
3179 5188 3579 5261 decernimus,
3613 5191 3768 5260 quia,

2123 5281 2451 5336 secundum
2485 5295 2683 5336 sacros
2705 5294 2982 5347 canones,
3008 5279 3122 5335 nisi
3145 5279 3454 5334 amborum
3479 5291 3765 5334 consensu

2124 5370 2346 5426 nullius
2406 5367 2706 5440 religionis
2757 5370 2998 5425 obtentu
3032 5369 3204 5424 debet
3233 5370 3446 5439 conjux
3479 5367 3769 5424 dimittere

2124 5459 2457 5531 conjugem.
2475 5457 2730 5513 Pertinet
2749 5461 2947 5514 autem
2972 5455 3042 5514 ad
3064 5458 3274 5528 ingens
3293 5456 3492 5512 uxoris
3503 5457 3765 5522 exitium,

2124 5545 2277 5618 quod
2310 5542 2533 5604 habens
2555 5543 2688 5604 odio
2718 5546 2908 5604 virum
2937 5547 3027 5603 vel
3059 5545 3462 5602 infirmitatem
3494 5546 3626 5617 ejus
3660 5558 3767 5602 non
