3986 6048
225 227 365 285 12⁵77

1532 228 1933 283 PANORMIA.
1964 252 2035 267 -
2062 229 2198 281 LIB.
2242 228 2337 281 VI.

3505 231 3643 287 I278

224 350 627 417 considerans,
680 347 851 418 quasi
911 364 1091 403 causa
1149 347 1383 419 pietatis
1438 353 1713 420 operatur
1768 350 1877 404 im-
1908 351 1962 416 Α
1991 350 2331 420 quicunque
2352 346 2551 419 aliqua
2575 347 2797 403 ratione
2821 363 3133 420 suscepere
3157 355 3324 405 natos
3349 355 3640 428 proprios,

230 444 529 514 pietatem,
600 437 854 492 maxime
929 453 1061 491 cum
1148 437 1451 509 praecipiat
1523 437 1877 510 Apostolus:

222 530 427 595 Nolite,
460 526 758 598 inquiens,
790 525 1053 595 fraudare
1082 525 1353 595 invicem,
1383 526 1498 581 nisi
1520 542 1592 582 ex
1618 542 1879 582 consensu

1993 439 2095 493 sed
2122 442 2472 508 separentur
2502 454 2593 501 ne,
2626 437 2907 492 suadente
2958 438 3214 503 diabolo,
3265 440 3380 494 tale
3428 442 3638 498 vitium

1984 525 2269 583 inolescat
2299 543 2401 598 per
2433 526 2740 581 mundum.
2774 527 2946 581 Scitis
2978 527 3117 598 quia
3150 531 3445 599 quomodo
3492 538 3631 587 sunt

226 622 306 677 ad
335 624 548 691 tempus
571 623 630 673 ut
666 619 872 672 vacetis
903 619 1163 684 orationi,
1209 626 1260 673 et
1310 620 1509 673 iterum
1528 621 1886 676 revertimini
1984 634 2060 671 vu
2093 618 2246 671 dona
2275 616 2463 671 sancti
2497 614 2775 685 Spiritus,
2810 615 2890 669 ita
2913 622 3052 670 sunt
3084 635 3156 672 vn
3212 619 3490 690 baptismi
3526 623 3628 675 do-

223 714 283 767 in
317 712 585 781 idipsum,
608 725 680 763 ne
712 710 877 764 tentet
906 721 997 763 vos
1014 707 1254 763 Satanas
1271 716 1502 781 propter
1528 710 1878 765 incontinen-

223 800 359 854 tiam
392 804 631 852 vestram
661 796 709 867 (ι
756 794 882 852 Cor.
934 798 1056 865 vn).
1103 793 1253 867 Ergo
1304 796 1354 852 si
1413 811 1528 852 non
1589 810 1877 853 consensu

223 887 539 958 utriusque
568 885 838 956 conjugis
870 884 978 940 hoc
1021 884 1243 940 factum
1293 901 1422 941 esse
1463 887 1769 957 probatur,
1804 903 1877 942 ne

225 977 571 1032 fraudentur
622 963 892 1045 invicem,
941 974 1043 1029 sed
1099 978 1470 1032 revertantur
1514 976 1572 1030 in
1616 974 1877 1048 idipsum

225 1066 552 1138 praesertim
611 1080 745 1119 cum
801 1063 956 1119 dicat
1013 1062 1384 1135 Apostolus:
1446 1066 1595 1121 Uxor
1643 1072 1880 1136 potesta-

218 1160 333 1211 tem
376 1155 631 1225 corporis
680 1155 771 1208 sui
822 1168 933 1208 non
980 1154 1161 1224 habet,
1200 1153 1296 1209 sed
1337 1155 1426 1208 vir
1450 1170 1472 1215 ,°
1526 1153 1794 1209 similiter
1830 1162 1883 1209 et

217 1246 306 1299 vir
333 1246 657 1315 potestatem
697 1242 786 1298 sui
843 1243 1092 1314 corporis
1146 1258 1258 1298 non
1310 1241 1491 1310 habet,
1548 1244 1643 1300 sed
1677 1244 1880 1300 mulier

227 1334 271 1405 (ι
305 1333 428 1390 Cor.
461 1333 582 1403 vn).

222 1460 356 1514 CAP.
391 1456 613 1513 CXXV.
648 1455 722 1513 Ab
754 1470 927 1514 uxore
944 1457 1238 1530 separetur
1274 1459 1372 1530 qui
1400 1459 1878 1529 ﬁliastrumsuum

711 1545 897 1585 coram
928 1532 1175 1602 episcopo
1196 1532 1392 1586 tenuit.

634 1628 804 1684 Cone.
836 1628 989 1699 apud
1038 1627 1296 1684 Vermer.
1326 1645 1377 1683 ο.
1413 1628 1466 1685 4.

302 1742 416 1811 (30,
452 1757 507 1812 q.
543 1746 593 1808 1,
621 1758 669 1797 c.
704 1741 767 1798 Si
795 1743 921 1815 quis
937 1743 1152 1815 ﬁliast.)
1182 1744 1241 1800 Si
1273 1744 1407 1817 quis
1435 1744 1748 1801 filisatrum
1782 1749 1882 1801 aut
1911 1731 1959 1796 B

194 1828 199 1833 ⁷
230 1830 542 1887 ﬁliastram
575 1847 742 1887 suam
767 1837 900 1888 ante
920 1833 1264 1905 episcopum
1287 1834 1356 1888 ad
1376 1833 1881 1891 confirmationem

234 1921 515 1992 tenuerit,
547 1926 853 1994 separetur
881 1922 953 1978 ab
981 1938 1158 1978 uxore
1190 1939 1317 1991 sua,
1366 1928 1426 1979 et
1474 1922 1719 1980 alteram
1763 1940 1879 1981 non

235 2010 506 2080 accipiat.

232 2136 366 2191 CAP.
400 2136 645 2211 CXXVI.
698 2136 816 2191 Non
866 2142 1198 2208 separentur
1236 2138 1302 2193 ab
1356 2138 1629 2194 uxoribus
1684 2140 1781 2211 qui
1808 2140 1880 2210 ﬁ-

537 2206 735 2263 liatros
764 2223 893 2264 suos
922 2206 1106 2264 eorum
1135 2211 1382 2282 episcopo
1414 2214 1617 2267 tenent.

441 2304 717 2363 Nicolaus
744 2323 880 2380 gap.
914 2305 1201 2380 Rodolpb.
1227 2307 1411 2364 Bitur.
1444 2309 1625 2381 episc.

303 2423 415 2493 (30,
449 2438 506 2493 q.
541 2423 595 2491 1,
627 2439 676 2478 c.
710 2424 787 2478 De
813 2423 897 2478 his
920 2425 1062 2495 qui.)
1086 2428 1159 2479 De
1177 2423 1271 2479 bis
1303 2425 1404 2497 qui
1434 2423 1714 2481 filisatros
1737 2442 1875 2482 suos

231 2512 303 2568 ad
323 2512 833 2568 confirmationem
850 2513 1349 2569 tenuerintcoram
1371 2514 1664 2587 episcopis
1686 2514 1745 2570 id
1766 2520 1873 2583 est,

231 2601 332 2671 qui
364 2599 517 2656 filios
552 2602 749 2657 uxoris
773 2618 891 2657 sum
924 2603 995 2657 de
1025 2602 1146 2657 viro
1178 2602 1356 2673 priori
1379 2603 1521 2659 dum
1553 2603 1878 2662 cbrisman-

228 2693 327 2743 tur
359 2689 431 2744 ab
464 2691 753 2761 episcopis
781 2707 958 2763 super
988 2707 1049 2747 se
1081 2692 1397 2761 sustinent,
1429 2690 1479 2747 si
1518 2692 1577 2748 in
1608 2694 1872 2762 scientia,

229 2776 382 2831 sicut
411 2778 646 2847 asseris,
680 2779 764 2845 ﬁt,
798 2778 934 2834 licet
959 2780 1037 2834 sit
1069 2786 1394 2852 peccatum,
1419 2785 1615 2837 tamen
1641 2800 1754 2838 non
1779 2799 1873 2840 us-

229 2881 343 2938 que
374 2866 443 2921 ad
478 2867 906 2937 separationem
940 2870 1197 2941 conjugii
1229 2870 1592 2941 puniendum
1625 2876 1731 2927 est.
1764 2874 1871 2928 Lu-

226 2958 399 3024 geant
428 2959 624 3011 tamen
656 2960 712 3011 et
741 2957 917 3027 digna
935 2959 1277 3029 pmnitentia
1302 2959 1406 3015 hoc
1434 2959 1724 3017 diluentes
1754 2967 1871 3019 Do-

226 3042 386 3098 mino
418 3044 616 3100 dicant
648 3062 659 3101 :
688 3047 900 3102 Delicta
922 3049 1254 3119 ignoranti}?
1271 3056 1480 3106 nostra
1499 3066 1568 3105 ne
1596 3053 1869 3110 memine-

225 3134 307 3187 ris
346 3133 518 3203 (Psal.
544 3132 718 3207 XXIV).

224 3268 358 3320 CAP.
392 3267 619 3349 XXVII.
651 3270 993 3349 Separentur
1020 3271 1223 3349 viriab
1254 3273 1524 3329 uxoribus
1560 3277 1658 3347 qui
1682 3277 1869 3349 aliqua

294 3354 450 3464 6031;,
474 3346 633 3395 natos
684 3345 945 3414 proprios
1000 3360 1071 3399 ea:
1121 3346 1345 3402 lavacro
1400 3345 1585 3403 saneto
1615 3345 1867 3421 suscepe-

297 3427 401 3464 run
438 3453 448 3464 .

297 3427 448 3464 runt.

438 3498 755 3557 Deusdedit
782 3518 932 3573 papa
945 3502 1237 3557 Gordiano
1258 3502 1672 3577 Hispal.epise.

298 3608 409 3676 (30,
443 3623 501 3676 q.
536 3608 587 3672 1,
614 3624 662 3661 c.
699 3610 975 3663 Pervenit.
1034 3614 1092 3663 et
1143 3611 1259 3663 Imo
1316 3613 1493 3681 quia.)
1552 3614 1873 3670 Deusonnrr

226 3700 444 3749 sanctae
477 3695 750 3750 Romanae
784 3696 1047 3751 Ecclesiae
1081 3702 1138 3752 et
1161 3698 1493 3769 apostolicae
1536 3701 1870 3775 episcopus,

226 3784 526 3839 Gonnumo
560 3784 923 3856 Hispalensis
949 3785 1215 3842 Ecclesiae
1246 3788 1590 3862 coepiscopo
1622 3795 1679 3847 et
1702 3791 1867 3849 fratri

227 3872 634 3929 dilectissimo.

296 3962 563 4017 Pervenit
593 3963 664 4016 ad
698 3980 803 4019 nos
835 3963 1119 4021 diaconus
1151 3966 1482 4023 sanctitatis
1511 3973 1714 4025 vestrm
1748 3973 1869 4044 cpi-

222 4050 437 4105 stolam
460 4051 747 4119 deferens,
813 4054 967 4123 quod
1030 4056 1269 4125 quidam
1326 4056 1433 4111 viri
1485 4062 1543 4113 et
1591 4059 1868 4117 mulieres

226 4139 513 4212 prmterito
544 4139 794 4195 Sabbato
827 4142 1088 4212 paschali
1121 4144 1235 4209 die,
1270 4160 1373 4215 pro
1419 4161 1632 4218 magno
1682 4166 1867 4221 popu-

222 4228 412 4282 lorum
457 4227 721 4294 incursu,
782 4229 1111 4286 nescientes
1168 4232 1317 4288 filios
1379 4249 1517 4290 suos
1574 4238 1869 4310 suscepis-

222 4321 353 4372 sent
382 4333 449 4371 ex
480 4314 706 4372 lavacro
759 4324 982 4373 sancto.
1032 4318 1209 4391 Cupis
1252 4337 1388 4393 ergo
1438 4323 1606 4394 scire,
1656 4325 1704 4380 si
1763 4344 1867 4399 pro

221 4406 323 4459 tali
347 4404 569 4460 ratione
601 4405 911 4471 accidenti,
944 4406 1051 4462 viri
1081 4425 1148 4463 ac
1188 4409 1464 4467 mulieres
1521 4413 1771 4469 debeant
1792 4418 1863 4472 ad

224 4495 526 4565 proprium
562 4512 735 4549 usum
764 4496 955 4551 redire
985 4514 1055 4553 an
1092 4515 1225 4553 non.
1258 4500 1376 4555 Nos
1408 4518 1541 4557 vero
1573 4518 1637 4557 ex
1666 4504 1772 4559 hac
1808 4523 1867 4562 re

225 4582 417 4636 mmsti
454 4582 872 4653 inquisivimus
905 4584 1165 4654 priorum
1198 4586 1374 4643 dicta.
1412 4590 1749 4647 Invenimus
1771 4610 1872 4648 au-

223 4675 342 4725 tem
361 4670 417 4726 in
434 4672 701 4727 Arebivis
716 4672 896 4742 hujus
918 4672 1247 4742 apostolicae
1270 4675 1565 4747 sedisjam
1584 4678 1722 4737 talia
1738 4696 1870 4737 con-

223 4759 428 4831 tigisse
478 4764 532 4816 in
596 4759 852 4816 Ecclesia
910 4761 1192 4816 Hisauriae
1253 4767 1310 4817 et
1365 4763 1752 4835 Ephesiorum
1784 4771 1869 4826 si-

223 4848 465 4920 mulque
480 4849 888 4921 Hierosolyma:
904 4851 1075 4904 etiam
1094 4849 1463 4922 aliarumque
1477 4854 1652 4911 etiam
1670 4857 1868 4914 Eccle-

222 4935 444 4992 siarum
465 4939 754 5009 episcOpis
769 4943 825 4993 et
841 4954 1041 4994 earum
1060 4938 1365 4996 civitatum
1382 4939 1450 4996 ab
1468 4941 1867 5015 hacapostoli-

220 5045 287 5082 ca
319 5028 456 5082 sede
481 5026 808 5082 volentibus
839 5028 1007 5094 scire,
1042 5033 1238 5083 utrum
1265 5028 1368 5084 viri
1402 5047 1467 5085 ac
1499 5033 1772 5090 mulieres
1795 5038 1864 5090 ad

218 5116 523 5188 proprium
558 5115 815 5171 redirent
844 5116 1104 5186 thorum,
1128 5116 1313 5173 beatae
1344 5122 1641 5177 memoria:
1675 5127 1864 5180 sancti

218 5209 444 5267 Patres,
478 5202 695 5269 Julius,
724 5204 1122 5272 Innocentius,
1158 5205 1529 5277 Ccelestinus,
1576 5227 1708 5265 cum
1744 5215 1864 5284 epi-

219 5309 531 5364 scoporum
568 5291 955 5364 plurimorum
985 5298 1040 5349 et
1069 5296 1439 5351 sacerdotum
1469 5315 1781 5368 consensu,
1807 5304 1863 5359 in

219 5382 468 5439 ecclesia
497 5381 653 5438 Beati
669 5382 817 5439 I‘etri
833 5382 1230 5455 apostolorum
1249 5385 1527 5458 principis
1549 5389 1864 5460 prohiben-

217 5478 307 5529 tes
328 5472 471 5527 talia
496 5473 983 5545 praescripserunt
1004 5476 1060 5528 et
1081 5474 1592 5545 confirmaverunt,
1619 5483 1681 5534 ut
1702 5481 1863 5541 nullo

223 5561 395 5620 modo
429 5574 491 5618 se
522 5559 581 5617 in
601 5558 874 5633 conjugis
920 5558 1246 5634 reciperent
1294 5560 1571 5622 mulieres
1632 5580 1696 5625 ac
1754 5567 1859 5629 viri

1990 722 2101 760 na:
2136 723 2169 760 a
2198 705 2388 776 primo
2421 704 2634 775 pabulo
2668 705 2876 760 secrati
2910 704 3052 760 salis
3107 711 3163 761 et
3218 708 3489 779 ingressu
3550 728 3639 765 ec-

1988 793 2179 850 clesiae
2238 808 2427 865 usque
2483 792 2556 847 ad
2617 793 3122 850 confirmationem
3154 811 3256 867 per
3280 796 3635 854 chrisma.A

1988 884 2177 956 primo
2208 900 2343 956 ergo
2376 882 2481 938 hoc
2514 899 2702 954 usque
2734 884 3176 955 adseptimum,
3230 887 3431 942 nullus
3461 888 3633 944 Chri-

1988 972 2217 1028 stianus
2246 990 2417 1028 suam
2474 976 2861 1028 commatrem
2908 972 2967 1028 in
3014 972 3288 1046 conjugio
3341 977 3635 1047 suscipere

1988 1062 2181 1130 debet,
2214 1066 2271 1117 et
2329 1062 2430 1133 qui
2491 1063 2954 1134 praesumpserit,
3015 1064 3241 1119 tamdiu
3292 1066 3634 1121 anathema-

1987 1151 2065 1207 tis
2094 1149 2329 1207 vinculo
2387 1149 2689 1224 religetur,
2765 1143 2948 1208 donec
3006 1152 3412 1223 pmnitentiam
3457 1155 3640 1227 egerit

1992 1240 2190 1313 digne.

1994 1386 2130 1440 Car.
2166 1382 2457 1441 CXXVIII.
2490 1384 2637 1440 Filia
2670 1384 2979 1455 spiritualis
3033 1386 3254 1441 carnali
3308 1385 3425 1457 ﬁlio
3482 1389 3636 1444 nullo

2524 1456 2678 1513 modo
2708 1458 2911 1513 nubere
2938 1462 3133 1526 potest.

2202 1568 2512 1627 Zacharias
2542 1586 2678 1643 pap.
2711 1570 3015 1627 Theodoro
3047 1572 3212 1627 Rem.
3238 1572 3419 1645 episc.

2059 1705 2171 1777 (50,
2232 1722 2289 1777 q.
2351 1707 2405 1775 3,
2464 1722 2515 1760 ο.
2575 1706 2924 1777 Pictalium.)
2969 1707 3288 1764 Zacaaaus
3322 1708 3634 1783 episcopus

1990 1810 2195 1850 servus
2221 1809 2524 1850 servorum
2572 1795 2699 1863 Dei,
2746 1797 3235 1853 reverendissimo
3284 1804 3341 1854 et
3389 1801 3634 1857 sanctis-

1990 1882 2141 1940 simo
2173 1884 2336 1939 fratri
2392 1884 2703 1940 TIIEODORO
2733 1885 3005 1957 episcopo
3035 1886 3350 1943 Ticinensi.

2045 1972 2355 2029 Pictatium
2370 1975 2525 2045 quod
2551 1974 2717 2029 nobis
2732 1978 2832 2029 tua
2850 1976 3175 2030 veneranda
3192 1976 3527 2033 fraternitas
3540 1980 3636 2033 ob-

1989 2059 2147 2127 tulit,
2163 2062 2548 2135 suseipimus,
2566 2080 2667 2135 per
2680 2065 2835 2135 quod
2854 2064 3138 2119 sciscitari
3160 2064 3420 2135 voluisti,
3440 2066 3491 2123 si
3505 2067 3635 2123 lice-

1987 2156 2048 2206 at
2073 2150 2281 2219 tilium,
2307 2152 2475 2223 cujus
2499 2157 2665 2224 pater
2689 2152 2934 2209 alterius
2954 2152 3136 2209 filiam
3162 2170 3230 2209 ex
3250 2171 3416 2211 sacro
3439 2156 3632 2228 bapti-

1987 2245 2175 2296 smate
2206 2246 2565 2312 susceptam,
2598 2241 2653 2296 id
2670 2246 2759 2297 est
2779 2242 3144 2313 spiritualem
3162 2244 3427 2313 ejusdem
3448 2246 3633 2316 patris

1987 2328 2192 2396 tiliam,
2219 2332 2378 2401 quod
2412 2331 2527 2386 dici
2557 2330 2789 2386 crudele
2810 2336 2918 2398 est,
2942 2332 3316 2389 matrimonio
3348 2335 3628 2406 accipere,

1989 2421 2142 2490 quod
2177 2421 2332 2491 apud
2372 2422 2428 2473 te
2477 2420 2796 2474 enormiter
2818 2422 3125 2476 asseruisti
3167 2423 3504 2494 contigisse,
3529 2427 3627 2479 sed

1986 2508 2132 2563 bene
2166 2508 2500 2563 fraternitas
2533 2514 2633 2561 tua
2664 2513 3025 2579 compertum
3075 2509 3271 2578 habet,
3325 2515 3477 2583 quod
3518 2514 3628 2569 Do-

1986 2595 2184 2652 minus
2216 2595 2397 2667 Moysi
2433 2596 2706 2669 prascepit
2735 2597 2972 2653 dicens:
3013 2599 3429 2669 Turpitudinem
3452 2602 3632 2670 patris

1985 2695 2038 2741 et
2063 2685 2260 2739 matris
2306 2694 2356 2741 et
2412 2687 2619 2741 sororis
2679 2690 2791 2743 tum
2842 2702 2953 2742 non
3012 2689 3300 2743 reuelabis.
3336 2691 3629 2761 Turpitudo

1983 2777 2133 2831 enim
2160 2778 2256 2829 tua
2275 2780 2355 2830 est
2386 2774 2578 2846 (Leuit.
2612 2776 2795 2847 xvm).
2828 2776 2973 2831 Cum
3007 2791 3142 2848 ergo
3166 2794 3197 2832 a
3223 2780 3456 2851 propria
3488 2798 3626 2835 con-

1983 2864 2380 2935 sanguinitate
2411 2864 2785 2937 praecipimur
2814 2866 3128 2934 abstinere,
3176 2867 3565 2942 multomagis
3596 2888 3629 2925 a

1982 2954 2273 3025 spirituali
2309 2954 2494 3026 patris
2546 2954 2731 3010 nostri
2783 2954 2903 3009 ﬁlia
2950 2956 3111 3010 omni
3164 2958 3467 3013 occasione
3525 2966 3625 3014 aut

1983 3049 2331 3116 argumento
2363 3043 2613 3115 seposito
2645 3044 2757 3099 sub
2790 3044 2971 3099 nimia
3011 3044 3373 3103 districtione
3393 3064 3499 3103 nos
3530 3066 3626 3103 ca-

1981 3150 2112 3190 vere
2142 3134 2431 3198 convenit,
2466 3148 2536 3188 ne
2568 3133 2711 3187 iram
2744 3132 2954 3188 divinas
2998 3136 3448 3192 examinationis
3480 3138 3624 3193 inci-

1978 3224 2099 3289 dat,
2136 3223 2313 3294 siqui
2364 3222 2467 3278 tali
2507 3222 2748 3277 facinori
2810 3223 3026 3279 mistus
3082 3224 3320 3281 minime
3378 3230 3621 3283 restria.

1978 3313 2127 3368 xerit
2149 3313 2312 3369 frena
2334 3311 2600 3367 luxurias.
2628 3312 2789 3367 Unde
2810 3317 2866 3367 et
2888 3330 3093 3368 omnes
3118 3316 3357 3371 omnino
3378 3318 3619 3372 cavendi

1979 3406 2120 3457 sunt
2151 3418 2182 3455 a
2214 3400 2317 3455 tali
2362 3400 2597 3456 sceleris
2655 3400 3083 3467 commistione,
3122 3419 3191 3455 ne
3237 3402 3292 3456 in
3340 3408 3621 3460 aeternum

1980 3494 2239 3561 pereant.
2268 3489 2379 3543 Sed
2411 3488 2565 3542 hunc
2587 3493 2686 3558 qui
2711 3488 2889 3558 hujus
2918 3490 3257 3559 perniciosa:
3280 3494 3624 3547 temeritatis

1981 3578 2193 3633 animis
2226 3594 2344 3631 sua:
2376 3574 2623 3631 salutem
2648 3577 2977 3648 despiciens
3034 3577 3211 3648 impio
3263 3598 3325 3635 se
3382 3582 3621 3637 miscuit

1980 3664 2379 3732 matrimonio,
2414 3682 2514 3736 per
2545 3666 2742 3721 omnia
2768 3671 2868 3720 tua
2899 3666 3233 3723 fraternitas
3272 3671 3506 3726 studeat
3526 3688 3620 3726 se-

1979 3771 2206 3826 parare,
2239 3757 2294 3809 et
2324 3753 2677 3825 pmnitentiaa
2710 3755 2900 3825 digna:
2929 3756 3294 3826 submittere,
3329 3766 3622 3830 quatenus

1977 3844 2051 3900 ab
2065 3848 2278 3898 aeterna
2295 3848 2522 3897 erutam
2539 3842 3211 3911 damnatione,animam
3231 3848 3358 3917 ejus
3378 3848 3622 3906 lucreris

1978 3935 2293 4004 praestante
2316 3930 2585 3986 Domino.
2621 3936 2697 3986 De
2730 3932 2867 3988 filiis
2889 3942 3080 3989 autem
3114 3936 3213 4005 qui
3245 3952 3313 3991 ex
3370 3937 3463 3992 his
3499 3940 3617 3994 nati

1978 4038 2105 4077 esse
2137 4022 2482 4093 probantur,
2515 4020 2787 4089 retulisti,
2824 4022 2872 4078 si
2898 4023 3067 4078 liceat
3095 4041 3194 4079 eos
3219 4024 3278 4079 in
3312 4028 3619 4083 matrimo-

1978 4110 2074 4166 nio
2106 4110 2406 4181 copulari;
2440 4110 2541 4166 sed
2573 4110 2631 4164 hi
2665 4127 2769 4165 cur
2819 4111 3241 4182 prohibeantur
3271 4131 3303 4168 a
3347 4115 3618 4186 conjugio

1977 4205 2078 4255 aut
2105 4217 2209 4272 pro
2240 4200 2581 4271 hujusmodi
2617 4200 3016 4271 pmnitentiam
3051 4217 3220 4271 agere
3261 4204 3615 4275 compellan-

1978 4291 2257 4359 tur,dum
2290 4306 2359 4344 ex
2387 4289 2497 4344 hoc
2537 4289 2760 4360 absque
2810 4290 3187 4346 damnatione
3240 4308 3366 4347 esse
3416 4294 3613 4364 prohi-

1977 4379 2210 4448 bentur,
2234 4378 2370 4448 quia
2400 4395 2503 4433 nec
2536 4382 2701 4449 pater
2730 4394 2834 4448 pro
2860 4378 3001 4448 tilio,
3063 4396 3250 4451 neque
3299 4380 3459 4438 ﬁlius
3511 4402 3613 4456 pro

1899 4466 1944 4530 D
1978 4475 2143 4541 patre
2164 4468 2480 4525 sustinebit
2501 4473 2816 4537 tormenta,
2840 4470 3071 4525 dicente
3092 4472 3339 4528 Domino
3364 4488 3466 4545 per
3489 4494 3613 4547 pro-

1982 4558 2253 4629 phetam.
2306 4559 2503 4613 Anima
2532 4559 2717 4629 patris
2751 4573 2869 4613 mea
2889 4563 2963 4614 est
3004 4565 3052 4614 et
3090 4562 3284 4616 anima
3322 4564 3433 4632 ﬁlii
3466 4582 3613 4636 mea,

1978 4650 2177 4704 Anima
2208 4663 2331 4718 qua:
2354 4650 2656 4718 peccaverit
2687 4650 2809 4720 ipsa
2851 4651 3118 4704 morietur
3172 4652 3394 4722 (lizech.
3453 4673 3611 4723 xvm,

1978 4738 2079 4792 sed
2111 4741 2187 4807 et,
2222 4738 2398 4792 frater
2420 4736 2786 4807 charissima,
2820 4738 3004 4793 dehis
3062 4739 3280 4796 dixisse
3338 4744 3612 4800 sufficiat.

1978 4825 2120 4881 Cave
2152 4831 2349 4881 autem
2384 4842 2453 4881 ne
2513 4826 2683 4882 aliter
2741 4844 2911 4898 agere
2968 4828 3248 4899 subjectis
3304 4834 3611 4903 concedas,

1977 4932 2049 4970 ne
2078 4933 2111 4970 a
2142 4921 2295 4970 recto
2329 4916 2562 4972 tramite
2594 4916 2913 4973 inveniuris
2945 4919 3194 4974 deviare.

1985 5064 2117 5115 CAP.
2153 5059 2387 5116 CXXIX.
2437 5066 2516 5118 Ne
2570 5060 2691 5132 quis
2747 5062 2918 5117 nubat
2970 5062 3260 5117 commatri
3306 5064 3611 5134 spirituali.

2416 5177 2493 5231 Ex
2525 5176 2746 5232 Decret.
2780 5184 3022 5249 Gregor.
3045 5179 3183 5233 Jun.

2048 5291 2157 5360 (33,
2192 5308 2247 5363 q.
2281 5294 2335 5362 2,
2366 5309 2413 5347 c.
2446 5293 2508 5347 Si
2536 5294 2706 5364 quis.)
2744 5292 2799 5346 Si
2861 5292 2996 5363 quis
3054 5293 3417 5365 spiritualem
3454 5315 3613 5354 corn-

1977 5385 2218 5435 matrem
2248 5383 2307 5436 in
2339 5384 2677 5453 conjugium
2711 5381 2959 5449 duxerit,
2994 5384 3306 5440 anathema
3338 5386 3431 5440 sit.

2756 5544 2829 5569 μ
