3936 6056
364 223 505 284 1279

1450 231 1516 284 D.
1558 227 1800 284 IVONIS
1834 227 2332 284 CARNOTENSIS
2366 227 2686 284 BPISCOPI

3659 225 3818 279 1280

1534 432 1911 525 LIBER
1982 431 2616 528 SEPTIMUS.

495 779 598 836 DE
642 775 1189 837 SEPARA'I‘IONE
1231 773 1581 838 CONJUGII
1631 772 2018 835 CARNALIS
2067 771 2165 833 OB
2211 772 2518 835 CAUSAM
2563 775 2951 837 CARNALIS
2997 776 3643 837 FOllNICATIONlS.

363 910 496 966 CAP.
530 909 572 965 Ι.
601 909 724 965 Com
738 907 998 964 munione
1022 909 1284 978 privatur
1313 909 1413 979 qui
1444 912 1606 964 extra
1626 923 1850 963 causam
1889 907 2007 977 for-
2034 905 2090 972 Α
2118 902 2220 961 Iud
2251 907 2720 964 confirmandum
2752 912 2818 964 ut
2867 925 2982 965 non
3032 909 3200 966 facile
3225 911 3569 966 dimittatur
3620 927 3801 976 uxor,

669 979 966 1035 nicationis
995 996 1221 1036 uxorem
1249 997 1416 1036 suam
1443 979 1696 1035 dimittit.

432 1087 543 1159 (32,
578 1104 635 1159 q.
670 1088 727 1154 5,
763 1103 811 1142 c.
845 1088 1234 1158 Praeceptum).
1268 1087 1626 1159 Praeceptum
1659 1083 1889 1142 Domini
1919 1085 2010 1138 est

361 1183 446 1247 ut,
477 1181 716 1249 excepta
748 1176 1150 1232 fornicationis
1173 1193 1372 1243 causa,
1403 1193 1548 1231 uxor
1577 1193 1610 1230 a
1637 1175 1760 1229 viro
1791 1171 2008 1228 dimitti

360 1283 475 1322 non
510 1266 739 1330 debeat,
771 1271 827 1322 et
859 1266 988 1321 ideo
1021 1266 1357 1337 quicunque
1406 1269 1568 1321 extra
1617 1263 1852 1334 culpam
1897 1261 2011 1316 cri-

367 1355 548 1410 minis
578 1355 900 1426 supradicti
948 1372 1187 1411 uxorem
1233 1371 1401 1410 suam
1453 1369 1805 1425 quacunque
1853 1367 2013 1407 occa-

361 1445 526 1500 sione
545 1443 866 1514 reliquerit,
898 1445 1038 1515 quia
1069 1461 1216 1516 quos
1250 1449 1400 1499 Deus
1431 1443 1758 1513 conjunxit,
1803 1441 1903 1496 ille
1920 1456 2013 1496 se-

361 1550 568 1606 parare
596 1533 911 1604 disposuit,
945 1532 1147 1588 tandiu
1184 1533 1255 1587 ab
1307 1531 1702 1587 ecclesiastica
1741 1545 2015 1585 commu-

363 1623 538 1678 nione
568 1622 831 1695 privatus
853 1621 948 1688 sit,
983 1625 1037 1678 et
1095 1639 1129 1677 a
1176 1625 1323 1676 cmtu
1376 1620 1686 1676 hominum
1734 1618 2014 1674 Christia-

359 1729 572 1768 norum
606 1715 840 1766 maneat
868 1711 1115 1782 alienus,
1135 1711 1398 1782 quandiu
1426 1709 1768 1765 societatem
1802 1707 2014 1762 relicta)

359 1801 630 1873 conjugis
661 1800 966 1856 sinceriter
998 1799 1389 1872 amplectatur
1418 1803 1475 1854 et
1507 1797 1799 1869 foveat,ita
1819 1801 2014 1851 tamen

359 1891 405 1946 si
438 1891 565 1960 jam
599 1889 804 1944 moniti
839 1905 872 1943 a
905 1889 1206 1944 sacerdote
1256 1888 1435 1942 semel
1481 1897 1540 1942 et
1587 1887 1679 1942 bis
1723 1890 1780 1941 et
1814 1890 1903 1940 ter
1951 1888 2017 1940 ut

361 1978 815 2050 corrigerentur,
858 1978 927 2032 ad
975 1977 1129 2031 thori
1183 1994 1303 2032 sure
1335 1976 1602 2048 conjugis
1639 1972 1900 2031 noluerit
1930 1990 2018 2028 re-

362 2067 487 2122 dire
518 2065 905 2133 consortium,
937 2065 1050 2136 ipsi
1084 2065 1210 2121 suis
1244 2066 1470 2121 meritis
1493 2069 1550 2120 et
1579 2082 1612 2120 a
1638 2063 1910 2136 palatinas
1935 2061 2017 2116 di-

365 2155 608 2230 gnitatis
640 2155 830 2211 officio
862 2156 1316 2226 separabantur,
1345 2159 1402 2210 et
1432 2155 1674 2226 insuper
1720 2168 2015 2225 generosas

2115 994 2301 1051 solam
2334 997 2740 1054 fornicationis
2773 1015 3013 1055 causam
3044 999 3286 1072 excepit.
3339 999 3596 1054 Ceteras
3650 1016 3796 1054 vero

2119 1084 2584 1142 innumerabiles
2617 1087 2919 1144 molestias
2950 1090 2999 1144 si
3033 1105 3159 1161 qua:
3203 1087 3560 1158 exstiterint,
3608 1089 3797 1158 jubet

2119 1189 2223 1244 pro
2257 1174 2368 1229 fide
2416 1175 2694 1248 conjugii,
2747 1193 2850 1248 pro
2900 1177 3167 1233 castitate
3221 1177 3468 1243 fortiter,
3524 1181 3586 1231 et
3641 1193 3794 1230 ma:-

2119 1262 2293 1317 chum
2326 1264 2467 1318 dicit
2498 1265 2673 1320 etiam
2707 1265 2896 1321 virum
2930 1266 3030 1338 qui
3062 1282 3191 1321 eam
3223 1267 3457 1322 duxerit
3503 1282 3638 1338 quas
3700 1283 3791 1321 so-

2119 1350 2242 1406 luta
2269 1356 2354 1406 est
2383 1353 2580 1408 aviro.
2618 1357 2758 1409 Item
2794 1370 2808 1410 :
2843 1355 2989 1409 Fieri
3024 1359 3212 1426 potest
3253 1360 3318 1410 ut
3365 1355 3458 1409 vir
3507 1355 3785 1409 dimittat

2121 1458 2359 1496 uxorem
2387 1457 2568 1498 causa
2601 1442 3001 1499 fornicationis
3033 1461 3208 1515 quam
3262 1443 3549 1499 Dominus
3605 1459 3780 1499 exce-

2122 1535 2282 1602 ptam
2312 1547 2439 1586 esse
2473 1531 2674 1586 voluit.
2706 1530 2835 1586 Jam
2864 1548 2995 1587 vero
3028 1532 3078 1588 si
3112 1548 3218 1588 nec
3252 1533 3337 1587 illi
3370 1533 3599 1587 nubere
3630 1549 3781 1587 con-

2122 1620 2350 1674 ceditur
2378 1619 2497 1675 viro
2523 1620 2648 1676 vivo
2673 1638 2705 1674 a
2727 1637 2840 1692 quo
2865 1623 3124 1691 recessit,
3150 1637 3343 1694 neque
3367 1621 3504 1676 huic
3526 1620 3782 1676 alteram

2123 1709 2336 1763 ducere
2366 1708 2492 1764 viva
2523 1726 2699 1765 uxore
2730 1727 2907 1781 quam
2939 1709 3185 1778 dimisit,
3218 1711 3402 1765 multo
3454 1711 3664 1765 minus
3701 1712 3788 1765 fas

2123 1801 2214 1852 est
2242 1797 2449 1852 illicita
2477 1815 2607 1854 eum
2635 1815 2768 1854 cum
2794 1799 3159 1870 quibuslibet
3184 1804 3390 1872 stupra
3411 1799 3787 1855 committere

2124 1919 2260 1971 CAP.
2311 1915 2380 1970 V.
2424 1914 2593 1970 Nulla
2632 1917 2847 1971 ratione
2894 1915 3222 1971 dissolvitur
3270 1917 3598 1987 conjugium
3647 1915 3787 1986 quod

2594 1988 2760 2042 semet
2791 1987 2998 2042 initum
3028 1988 3314 2054 probatur.

2409 2079 2663 2147 August.
2696 2076 2770 2130 De
2787 2076 2950 2132 adutt
2969 2077 3184 2148 conjug.
3211 2075 3248 2130 l.
3277 2093 3338 2146 ιι,
3363 2092 3414 2131 c.
3438 2077 3497 2132 4.

2199 2183 2310 2255 (32,
2346 2200 2400 2255 q.
2434 2184 2492 2250 7,
2542 2201 2592 2239 c.
2647 2186 2859 2255 Licite.)
2909 2183 3088 2241 Licite
3135 2185 3458 2240 dimittitur
3512 2202 3659 2240 uxor
3710 2186 3784 2240 ob

360 2245 1014 2347 digiitatiitestlmmi“
1037 2242 1810 2347 quandiUiP.cu.l?f.fueri,nt
1833 2241 2012 2347 fimi?
2052 2270 2102 2336 B
2133 2241 2956 2342 causam.fornicationis,’sed
2989 2275 3509 2330 manetvinculum
3544 2275 3780 2347 prioris.

368 2335 492 2392 auri
524 2339 686 2402 sunt,
711 2335 848 2406 quia
870 2349 1104 2389 carnem
1131 2349 1302 2388 suam
1325 2331 1557 2388 dissidii
1576 2330 1782 2404 jugulo
1831 2329 2018 2384 tradi-

368 2425 599 2480 derunt.

369 2541 504 2596 CAP.
542 2542 608 2594 ΙΙ.
643 2539 768 2593 Sive
801 2540 886 2594 vir
927 2539 994 2593 ab
1043 2555 1214 2593 uxore
1265 2538 1382 2592 sive
1429 2554 1569 2592 uxor
1615 2555 1648 2592 a
1676 2536 1800 2591 viro
1853 2551 2019 2591 causa

432 2610 824 2679 fornicationis
889 2610 1204 2666 discesserit
1252 2610 1490 2665 atteram
1521 2609 1719 2664 habere
1762 2607 2020 2679 prohibe-

441 2687 551 2738 tur.
724 2757 972 2823 August.
1009 2770 1188 2826 super
1217 2751 1399 2825 Epist.
1427 2752 1498 2808 ad
1531 2752 1658 2808 Cor.

440 2871 552 2940 (32,
576 2887 633 2942 q.
665 2872 720 2935 7,
749 2886 798 2925 c.
832 2870 1154 2941 Apostolus.)
1207 2868 1524 2939 Apostolus
1573 2868 1795 2924 Paulus
1847 2869 2014 2933 dixit,

367 2958 461 3015 his
497 2961 594 3030 qui
628 2963 768 3014 sunt
797 2957 856 3012 in
890 2958 1202 3029 conjugio:
1255 2959 1528 3026 Praecipio
1584 2974 1694 3014 non
1750 2974 1865 3030 ego,
1924 2957 2020 3014 sed

373 3047 637 3103 Dominus
694 3063 924 3102 umorem
1000 3049 1175 3102 aviro
1233 3063 1341 3102 non
1412 3047 1724 3116 discedere;
1776 3048 1919 3120 quod
1968 3049 2019 3102 si

366 3135 672 3190 discesserit
701 3151 927 3190 manere
991 3136 1293 3206 innuptam
1333 3140 1430 3190 aut
1461 3135 1578 3192 viro
1621 3151 1718 3192 suo
1768 3138 2018 3192 reconci-

368 3224 513 3278 liari
540 3223 585 3293 (ι
621 3224 746 3278 Cor.
779 3224 900 3293 vn).
935 3223 1131 3277 Potest
1160 3222 1314 3278 enim
1350 3224 1472 3278 fieri
1529 3228 1592 3278 ut
1640 3225 1903 3279 discedat
1950 3242 2018 3280 ea

367 3328 547 3368 causa
577 3328 694 3382 qua
729 3311 1006 3367 Dominus
1040 3311 1344 3383 permisit:
1379 3316 1438 3366 at
1469 3311 1519 3367 si
1563 3312 1796 3367 feminae
1825 3313 2016 3370 virum

368 3401 500 3457 licet
533 3401 829 3456 dimittere
859 3401 1038 3456 etiam
1070 3417 1247 3456 causa
1279 3399 1706 3468 fornicationis,
1758 3402 1898 3472 quid
1929 3418 2020 3458 re-

371 3489 796 3562 spondebimus
827 3489 898 3544 de
933 3489 1058 3556 hoc,
1092 3488 1247 3558 quod
1281 3488 1426 3543 dicit
1459 3490 1752 3561 posterius
1784 3506 1797 3545 :
1833 3492 1905 3545 Et
1933 3491 2021 3545 vir

371 3595 600 3636 uxorem
627 3595 736 3634 non
767 3577 1014 3632 dimittat
1042 3576 1070 3630 ?
1098 3579 1286 3641 Quare
1319 3593 1431 3632 non
1482 3578 1728 3645 addidit,
1781 3583 2019 3651 excepta

369 3666 772 3724 fornicationis
805 3683 1005 3732 causa,
1041 3637 1195 3738 quod
1235 3666 1518 3722 Dominus
1563 3637 1874 3738 permittit,
1900 3637 2013 3724 nisi
2047 3637 2092 3706 α

371 3756 508 3828 quia
539 3753 792 3810 similem
838 3755 1085 3809 formam
1138 3754 1265 3809 vult
1313 3753 1588 3827 intelligi,
1639 3760 1703 3810 ut
1750 3757 1800 3810 si
1843 3756 2020 3810 dimi-

369 3843 530 3912 serit,
577 3844 734 3916 quod
792 3860 968 3898 causa
1025 3842 1424 3898 fornicationis
1485 3845 1869 3914 permittitur,
1900 3861 2018 3900 ma-

371 3936 508 3988 neat
537 3931 662 3988 sine
694 3947 872 3986 uxore
896 3935 1000 3986 aut
1042 3930 1452 3986 reconcilietur
1509 3930 1708 3986 uxori?
1762 3932 1831 3986 Et
1887 3937 2021 4004 post

375 4038 597 4093 pauca:
632 4021 914 4077 Dominus
960 4024 1155 4075 autem
1215 4020 1480 4092 permisit
1535 4037 1711 4076 causa
1768 4021 2021 4076 fornica-

375 4111 549 4166 tionis
606 4127 844 4166 uxorem
911 4109 1146 4177 dimitti,
1183 4111 1283 4165 sed
1341 4109 1477 4181 quia
1553 4108 1839 4180 permisit,
1901 4127 2018 4166 non

374 4199 566 4268 jussit.

371 4305 502 4358 Cw.
529 4305 624 4358 III.
663 4305 780 4360 Non
814 4303 938 4360 iicet
966 4307 1085 4360 viro
1100 4319 1330 4359 uxorem
1366 4301 1646 4358 dimittere
1700 4303 1820 4360 nisi
1846 4323 2020 4362 causa

1003 4375 1411 4447 fornicationis.

549 4464 884 4538 Hieronym.
919 4465 988 4519 ad
1013 4469 1220 4519 Ocean.
1255 4463 1313 4517 in
1340 4463 1598 4535 epitaph.
1625 4463 1840 4519 Fabio].

441 4555 553 4624 (32,
589 4571 644 4625 q.
677 4555 731 4624 5,
767 4571 817 4609 c.
850 4556 1115 4625 Pra'cipit
1137 4552 1454 4620 Dominus.)
1511 4552 1780 4624 Praecipit
1815 4553 2018 4609 Domi-

374 4660 484 4697 nus
509 4660 742 4698 uxorem
780 4660 892 4699 non
926 4642 1143 4698 dimitti
1179 4642 1390 4697 debere
1421 4646 1662 4714 excepta
1691 4659 1870 4698 causa
1911 4643 2022 4698 for-

373 4732 706 4796 nicutionis,
734 4737 791 4788 et
821 4733 870 4787 si
907 4731 1153 4786 dimissa
1187 4731 1384 4798 fuerit,
1424 4747 1662 4786 manere
1710 4731 2014 4802 innuptam

371 4821 586 4889 (Matth.
620 4824 724 4892 vx).
759 4821 1055 4892 Quidquid
1088 4820 1229 4874 viris
1263 4820 1618 4892 praecipitur,
1654 4819 1764 4874 hoc
1813 4836 2020 4876 conse-

371 4917 616 4982 quenter
647 4911 938 4966 redundat
962 4909 1020 4964 in
1057 4910 1324 4964 feminas.
1359 4909 1555 4980 Neque
1577 4909 1733 4964 enim
1751 4909 2018 4966 adultera

367 5018 508 5054 uxor
527 5000 1063 5066 dimmittendaest,
1083 5005 1137 5054 et
1163 4997 1523 5053 virmmcbus
1541 4999 1848 5054 tenendus.
1870 5001 2012 5055 Item
2047 5003 2096 5068 D

373 5091 537 5160 Apud
565 5106 669 5143 nos
691 5089 844 5160 quod
874 5105 985 5143 non
1019 5087 1152 5143 licet
1204 5087 1460 5151 feminis,
1523 5103 1683 5158 inque
1713 5105 1826 5142 non
1885 5089 2021 5144 licet

370 5178 534 5243 viris,
565 5181 622 5231 et
648 5180 848 5232 eadem
876 5176 1126 5231 servitus
1161 5175 1282 5246 pari
1333 5174 1664 5230 conditione
1721 5183 2013 5234 censetur.

476 5286 606 5337 (ῚΑΡ.
641 5283 732 5338 IV.
771 5283 1075 5338 Merc/tatur
1103 5281 1201 5354 qui
1228 5298 1260 5334 a
1293 5281 1412 5334 viro
1432 5281 1721 5336 dimissam
1751 5283 1948 5340 ducere

1027 5355 1338 5422 praesumit.

650 5446 896 5514 August.
935 5445 1004 5497 De
1031 5459 1194 5496 scrm.
1231 5439 1455 5496 Domini
1480 5443 1539 5496 in
1560 5451 1763 5498 monte.

439 5533 549 5601 (3'3,
577 5549 633 5602 q.
665 5536 720 5602 2,
754 5549 802 5587 c.
837 5533 1102 5587 Dominus
1134 5531 1204 5585 ad
1264 5529 1453 5601 illud.)
1509 5530 1793 5586 Dominus
1851 5535 1920 5589 ad
1949 5535 2018 5590 il-

2131 2361 2371 2432 Propter
2387 2363 2540 2435 quod
2558 2363 2622 2417 ﬁt
2639 2379 2774 2420 reus
2788 2363 3083 2433 adulterii,
3105 2365 3204 2435 qui
3221 2364 3531 2419 dimissam
3551 2365 3780 2419 duxerit

2129 2466 2365 2506 uxorem
2391 2451 2662 2522 etiamjob
2685 2469 2925 2508 causam
2946 2452 3370 2508 fornicationis.
3395 2453 3561 2508 Sicut
3584 2457 3777 2507 autem

2128 2545 2404 2596 manente
2433 2540 2491 2594 in
2524 2557 2586 2596 se
2618 2546 2984 2597 sacramento
3012 2541 3487 2613 regenerationis,
3545 2559 3777 2597 excom-

2130 2628 2467 2684 municatur
2497 2629 2766 2701 quisquis
2800 2647 2934 2686 reus
2965 2635 3054 2686 est
3083 2629 3371 2701 criminis,
3403 2647 3511 2686 nec
3539 2631 3660 2686 ullo
3682 2648 3777 2686 sa-

2129 2721 2428 2773 cramento
2461 2723 2638 2784 caret,
2691 2718 2863 2775 etiam
2915 2719 2964 2774 si
3011 2735 3315 2792 nunquam
3366 2720 3772 2776 reconcilietur

2128 2805 2268 2877 Deo,
2298 2806 2380 2861 ita
2410 2812 2682 2862 manente
2713 2807 2774 2863 in
2809 2824 2870 2864 se
2899 2808 3153 2878 vinculo,
3184 2825 3299 2864 non
3331 2813 3489 2864 caret
3517 2809 3776 2880 conjugii

2129 2899 2524 2963 sacramento,
2556 2901 2612 2952 et
2643 2897 2692 2952 si
2719 2914 3027 2970 nunquam
3060 2897 3470 2953 reconcilietur
3494 2899 3641 2954 viro.
3674 2898 3779 2952 Ca-

2129 2984 2279 3040 rebit
2308 2992 2504 3040 autem
2537 2985 2587 3040 si
2620 2990 2890 3041 mortuus
2925 2985 3099 3041 fuerit
3127 2986 3218 3040 vir
3247 2987 3394 3058 ejus.
3450 2987 3609 3042 Reus
3650 3003 3777 3040 vero

2128 3073 2781 3142 excommunicationis,
2813 3075 2930 3130 imo
2963 3091 3264 3147 nunquam
3300 3074 3776 3146 carebitregene-

2128 3163 2371 3219 rationis
2405 3168 2772 3219 sacramento
2804 3163 2980 3218 etiam
3013 3181 3126 3219 non
3171 3163 3610 3233 reconciliatus,
3644 3165 3776 3234 quia

2129 3269 2433 3324 nunquam
2463 3253 2710 3309 moritur
2745 3254 2916 3321 Deus,
2948 3253 3042 3310 cui
3073 3257 3162 3309 est
3207 3253 3520 3325 copulatus
3568 3253 3630 3308 in
3674 3253 3774 3308 ba-

2127 3340 2365 3412 ptismo.

2127 3461 2254 3514 Car.
2287 3458 2382 3514 VI.
2423 3458 2712 3514 Vinculum
2742 3458 3404 3585 coiriijugil'ijornicatione
3447 3474 3554 3514 non
3604 3462 3774 3530 potest

2839 3546 2945 3585 zsso
2973 3549 3046 3585 υι.

2839 3546 3046 3585 ιδεοιυι.

2594 3620 2835 3691 August.
2870 3621 2944 3674 De
2972 3620 3110 3675 bona
3140 3620 3286 3691 conj.

2198 3727 2308 3798 (32,
2342 3743 2398 3797 q.
2440 3727 2497 3796 7,
2538 3743 2587 3780 c.
2615 3727 3042 3798 Interveniens.)
3067 3726 3498 3782 lnterveniente
3531 3725 3772 3781 divortio

2126 3831 2243 3870 non
2267 3813 2535 3870 aboletur
2553 3815 2967 3869 confmderatio
2987 3813 3296 3886 nuptialis,
3321 3815 3399 3868 ita
3422 3819 3486 3868 ut
3507 3815 3622 3869 sibi
3646 3829 3774 3870 con-

2120 3904 2297 3974 juges
2330 3902 2449 3957 sint
2477 3901 2650 3957 etiam
2683 3903 2934 3974 separati
2971 3920 2984 3969 ;
3020 3919 3149 3957 cum
3186 3902 3303 3957 illis
3326 3907 3518 3958 autem
3552 3903 3775 3957 adulte-

2129 3993 2281 4047 rium
2315 3991 2720 4058 committitur,
2755 3991 2972 4064 quibus
3007 3992 3224 4046 fuerint
3247 3992 3424 4046 etiam
3446 3995 3579 4062 post
3602 4009 3770 4047 suum

2128 4081 2442 4153 repudium
2477 4079 2753 4152 copulati.
2786 4080 2898 4136 Nec
2931 4087 3125 4136 tamen
3161 4080 3274 4135 nisi
3307 4081 3364 4134 in
3418 4081 3656 4136 civitate
3678 4081 3773 4136 Dei

2128 4169 2337 4239 nostri,
2368 4169 2428 4223 in
2463 4173 2660 4225 monte
2692 4173 2892 4224 sancto
2933 4171 3082 4240 ejus,
3114 4168 3248 4223 talis
3298 4174 3390 4224 est
3419 4185 3603 4224 causa
3645 4186 3772 4224 cum

2129 4274 2324 4314 uxore.
2357 4258 2645 4313 Caeterum
2679 4275 2741 4313 se
2776 4257 2983 4313 habere
3016 4257 3186 4312 aliter
3210 4258 3342 4327 jura
3360 4258 3621 4330 gentium
3646 4259 3772 4328 quis

2130 4346 2384 4418 ignoret,
2417 4347 2512 4402 ubi
2548 4347 2892 4419 interposito
2926 4347 3190 4419 repudio,
3223 4351 3278 4402 et
3300 4347 3392 4402 cui
3417 4346 3513 4402 illa
3532 4345 3774 4402 voluerit

2129 4437 2334 4500 nubat,
2358 4441 2415 4491 et
2436 4435 2536 4491 ille
2559 4452 2733 4507 quam
2753 4435 2999 4491 voluerit
3020 4437 3214 4490 ducat.
3244 4435 3386 4490 Item
3411 4437 3488 4490 :A
3510 4434 3634 4490 viro
3654 4435 3772 4489 vivo

2128 4524 2379 4580 transire
2411 4525 2794 4594 connubium,
2828 4541 2932 4580 nec
2955 4529 3095 4580 tunc
3129 4525 3312 4591 licuit,
3363 4541 3468 4579 nec
3528 4525 3770 4578 nuncii-

2129 4617 2241 4680 cet,
2274 4630 2377 4669 nec
2411 4631 2672 4686 unquam
2706 4615 2919 4670 licebit.
2952 4617 3300 4686 Apostatare
3330 4616 3546 4687 quippe
3573 4614 3772 4668 abuno

2133 4702 2242 4758 Deo
2276 4707 2333 4757 et
2363 4702 2446 4757 ire
2477 4703 2537 4758 in
2571 4703 2809 4760 alterius
2841 4703 3236 4759 adulterinam
3271 4703 3772 4775 superstitionem,

2129 4805 2362 4862 semper
2391 4795 2476 4846 est
2513 4791 2756 4848 malum.

2126 4908 2258 4961 CAP.
2293 4906 2416 4961 VII.
2453 4906 2630 4961 Causa
2658 4907 3050 4976 fornicationis
3095 4908 3186 4960 vir
3231 4907 3476 4962 dimittat
3529 4922 3770 4973 uxorem,

2506 4994 2616 5032 non
2650 4987 2826 5033 tamen
2859 4978 3174 5032 adulteram
3212 4978 3394 5033 ducat.

2505 5065 2844 5138 Hieronym.
2870 5065 2928 5120 in
2953 5065 3181 5138 Matth.,
3207 5083 3396 5122 c.x1x.

2199 5181 2310 5250 (32,
2345 5199 2400 5247 q.
2469 5182 2516 5248 1,
2580 5198 2628 5236 c.
2688 5181 2844 5236 Dixit
2901 5181 3152 5253 Hieron.)
3201 5182 3633 5254 Hieronymus:
3687 5183 3773 5237 Ait

2127 5269 2414 5325 Dominus
2447 5269 2504 5326 in
2536 5271 2884 5342 Evangelio:
2939 5270 3264 5342 Quicunque
3310 5270 3590 5326 dimiserit
3639 5288 3772 5325 uxo-

2133 5375 2250 5414 rem
2271 5359 2384 5414 nisi
2415 5359 2478 5414 ob
2497 5360 2927 5430 fornicationem
2955 5369 3007 5416 ct
3033 5360 3208 5415 aliam
3264 5362 3489 5415 ditxerit
3543 5360 3770 5415 mercha-

2126 5456 2218 5503 tur
2277 5451 2330 5502 et
2385 5450 2482 5520 qui
2538 5448 2822 5504 dimissam
2878 5449 3106 5504 duxerit
3186 5449 3498 5504 moechatur
3550 5451 3769 5520 (Matth.

2127 5537 2265 5607 xxx).
2300 5535 2435 5593 Sola
2463 5537 2768 5594 fornicatio
2789 5543 2877 5595 est
2899 5555 3023 5611 quae
3048 5537 3248 5593 uxoris
3272 5538 3453 5594 vincit
3479 5539 3771 5602 affectum,
