3986 6048
230 276 377 329 1281'

1509 274 1908 329 PANORMIA.
1943 305 2010 317 -η
2046 278 2178 329 LIB.
2220 278 2342 331 VII.

3500 281 3638 335 1282

226 401 286 462 id
317 403 406 455 est
434 413 567 454 cum
600 396 702 451 illa
736 412 910 452 unam
943 412 1178 452 carnem
1206 396 1265 452 in
1298 396 1473 453 aliam
1508 396 1792 465 diviserit,
1825 401 1884 453 et
1911 399 1966 465 Α
1996 397 2335 455 Christianas
2367 399 2631 471 religioni
2672 400 2962 468 convenit,
3025 404 3089 455 ut
3134 399 3297 456 illam
3354 402 3528 458 ducat
3575 404 3633 459 in

228 506 289 545 se
330 487 714 545 fornicatione
755 486 1116 558 separaverit
1169 504 1202 541 a
1250 487 1483 553 marito,
1536 503 1653 542 non
1713 487 1885 542 debet

232 578 435 644 teneri,
468 592 540 631 ne
568 576 759 630 virum
792 591 1026 647 quoque
1059 576 1169 631 sub
1212 576 1524 632 maledicto
1574 576 1770 644 faciat,
1802 575 1885 630 di-

228 671 394 723 cente
424 666 758 736 Scriptura:
785 664 890 733 Qui
920 664 1237 720 adulteram
1263 668 1429 733 tenet,
1462 666 1663 721 stultus
1691 668 1741 721 et
1770 665 1882 720 im-

224 758 353 826 pius
382 765 460 813 est
491 756 675 828 (Prov.
708 754 891 826 xvm).
926 754 1272 827 Ubicunque
1301 759 1392 811 est
1420 755 1599 827 igitur
1630 755 1881 810 fornica-

228 847 334 915 tio,
367 850 469 902 aut
498 844 903 901 fornicationis
935 844 1216 915 suspicio,
1247 845 1429 901 libere
1464 862 1606 900 uxor
1633 843 1883 901 dimitti-

223 940 342 1006 tur,
372 939 429 989 et
447 934 584 1006 quia
616 936 846 1005 poterat
880 932 1145 988 accidere
1177 936 1241 988 ut
1272 932 1486 1004 aliquis
1517 932 1879 989 calumniam

223 1025 440 1079 faceret
465 1022 783 1089 innocenti,
810 1025 867 1077 et
887 1021 961 1076 ob
993 1022 1314 1076 secundam
1346 1022 1618 1093 copulam
1642 1022 1882 1095 nuptia-

225 1129 355 1168 rum
389 1110 568 1167 veteri
600 1110 821 1181 copulte
853 1110 1073 1165 crimen
1107 1109 1481 1182 impingeret,
1515 1110 1598 1165 sic
1626 1110 1879 1183 priorem

226 1202 522 1257 dimittere
553 1216 792 1255 uxorem
820 1199 1083 1270 jubet,ut
1112 1200 1431 1254 secundam
1455 1198 1882 1271 primavivente

225 1308 339 1346 non
367 1290 598 1345 habeat.
632 1288 794 1351 Quod
823 1287 978 1343 enim
1016 1288 1157 1343 dicit
1196 1287 1313 1343 tale
1345 1292 1469 1344 est:
1504 1289 1563 1343 Si
1599 1306 1713 1345 non
1746 1306 1878 1361 pro-

226 1378 800 1452 pterlibidinem,sed
823 1381 1060 1449 propter
1087 1377 1366 1449 injuriam
1391 1376 1666 1443 dimittis,
1700 1394 1881 1449 quare

229 1473 503 1541 expertus
562 1466 826 1522 infelices
856 1467 1082 1538 priores
1115 1466 1354 1538 nuptias
1385 1483 1668 1522 novarum
1698 1467 1881 1523 intro-

224 1558 427 1614 mittas
457 1555 738 1629 periculo.
778 1555 892 1611 Nec
923 1573 1035 1611 non
1071 1555 1210 1627 quia
1264 1560 1490 1628 poterat
1540 1556 1767 1611 evenire
1816 1559 1882 1611 ut

215 1648 391 1717 juxta
422 1646 687 1701 eamdem
719 1644 905 1716 legem
940 1661 1085 1699 uxor
1106 1661 1336 1715 quoque
1371 1644 1576 1699 marito
1609 1645 1773 1701 daret
1797 1660 1879 1700 rc-

229 1735 501 1809 pudium,
532 1735 735 1791 eadem
769 1733 999 1788 cautela
1032 1733 1390 1805 prmcipitur,
1451 1750 1523 1788 ne
1553 1735 1875 1789 secundum
1909 1773 1957 1840 B

224 1824 475 1896 accipiat
502 1823 717 1878 virum.
754 1822 823 1877 Et
845 1821 982 1892 quia
1010 1822 1287 1877 meretrix
1311 1826 1367 1877 et
1390 1839 1517 1894 quis
1549 1822 1729 1878 semel
1756 1823 1875 1879 fue-

225 1914 303 1969 rit
333 1912 593 1968 adultera
626 1912 698 1967 ob
732 1910 1032 1983 proprium
1066 1928 1181 1965 non
1212 1913 1741 1981 timcbat,secundo
1760 1930 1876 1967 non

229 2004 451 2059 nubere
482 2000 817 2074 praecipitur
843 2000 985 2055 viro.
1021 1999 1182 2062 Quod
1206 1999 1255 2054 si
1284 1999 1459 2055 talem
1482 2000 1729 2069 duxerit,
1765 2002 1875 2057 sub

230 2091 503 2147 adulterii
535 2089 779 2145 crimine
810 2088 911 2143 sit.

230 2199 357 2254 Car.
420 2196 566 2253 VIII.
624 2198 901 2251 Patronus
960 2196 1327 2266 turpitudinis
1372 2201 1450 2252 est
1501 2197 1597 2268 qui
1650 2214 1879 2254 uxorem

503 2286 664 2325 suam
694 2268 1006 2323 adulteram
1034 2270 1313 2323 dimittere
1342 2270 1607 2324 noluerit.

584 2357 885 2426 Chrysost.
918 2356 976 2411 in
1008 2356 1215 2411 Matth.
1242 2357 1400 2412 hom.
1432 2359 1522 2414 26.

298 2448 411 2519 (32,
446 2462 504 2517 q.
540 2447 590 2513 1,
623 2463 677 2503 c.
710 2446 861 2502 Sicut
890 2446 1176 2517 crudelis.)
1209 2446 1370 2501 Sicut
1394 2451 1590 2501 autem
1623 2445 1880 2503 crudelis

228 2544 317 2593 est
349 2541 406 2592 et
435 2535 674 2607 iniquus
699 2535 797 2607 qui
828 2540 1052 2592 castam
1086 2535 1442 2601 dimittit,sic
1474 2537 1672 2592 fatuus
1705 2541 1793 2591 est
1823 2540 1881 2591 et

228 2627 487 2697 injustas
517 2625 617 2696 qui
651 2624 861 2680 retinet
894 2624 1431 2681 meretricem.Nam
1457 2629 1881 2697 patronustur-

228 2714 513 2788 pitudinis
545 2714 672 2785 ejus
698 2715 915 2786 est,qui
950 2715 1170 2769 crimen
1206 2714 1355 2769 celat
1386 2714 1605 2769 uxoris.

232 2822 370 2878 CAP.
429 2821 531 2879 IX.
599 2826 728 2876 Post
783 2824 1015 2877 mortem
1087 2823 1201 2876 viri
1252 2836 1364 2875 non
1427 2825 1597 2891 potest
1663 2820 1885 2876 adulter

553 2894 871 2949 adulteram
904 2893 963 2948 in
993 2894 1314 2964 confugium
1344 2892 1559 2949 ducere.

766 2984 938 3037 Conc.
959 2981 1145 3048 Trib.,
1176 2999 1225 3036 c.
1260 2982 1346 3036 40.

301 3074 413 3144 (31,
446 3090 502 3145 q.
533 3073 584 3139 1,
621 3088 669 3126 c.
698 3072 992 3143 Relatum.)
1026 3070 1293 3125 Relatum
1327 3074 1419 3126 est
1464 3070 1711 3127 auribus
1742 3088 1881 3127 san-

230 3166 456 3217 ctorum
489 3162 857 3217 sacerdotum
882 3161 1197 3232 quemdam
1222 3160 1461 3216 alterius
1486 3177 1724 3217 uxorem
1754 3165 1881 3217 stu-

230 3268 335 3323 pro
367 3250 613 3305 violasse
645 3255 702 3305 et
732 3250 974 3321 insuper
996 3248 1231 3304 moecha:
1256 3249 1477 3305 vivente
1509 3250 1630 3306 viro
1658 3252 1882 3322 suoju-

230 3344 562 3395 ramentum
589 3340 843 3409 dedisse,
863 3343 925 3393 ut
946 3342 1077 3410 post
1107 3338 1358 3410 legitimi
1388 3339 1582 3395 mariti
1615 3350 1882 3407 mortem,

228 3428 277 3484 si
305 3427 735 3500 supervixisset,
768 3428 1008 3483 duceret
1041 3443 1301 3482 uxorem.
1328 3429 1489 3490 Quod
1526 3428 1746 3482 factum
1771 3432 1881 3495 est,

225 3517 365 3572 Tale
394 3516 576 3588 igitur
606 3515 966 3570 connubium
1002 3514 1383 3586 prohibemus
1416 3519 1471 3570 et
1498 3515 1885 3571 anathemati-

226 3621 456 3660 zamus.

227 3710 356 3766 Car.
388 3712 464 3765 X.
497 3710 693 3765 Nullus
719 3709 892 3764 ducat
925 3711 983 3763 in
1013 3708 1336 3780 conjugium
1367 3726 1533 3781 quam
1565 3710 1764 3782 polluit
1786 3727 1885 3782 per

874 3782 1238 3836 adulterium.

649 3870 819 3926 Conc.
855 3870 1007 3941 apud
1032 3868 1293 3941 Alphes.,
1319 3885 1367 3923 c.
1400 3870 1454 3924 6.

300 3962 415 4029 (31,
449 3977 504 4031 q.
537 3960 584 4029 1,
620 3976 668 4013 c.
705 3960 893 4027 Illud.)
926 3959 1070 4013 Illud
1108 3975 1241 4014 vero
1295 3958 1596 4013 communi
1650 3959 1882 4016 decreto

222 4051 542 4106 secundum
576 4065 869 4105 canonum
906 4048 1179 4103 instituta
1211 4048 1531 4103 definimus
1563 4053 1617 4103 et
1650 4050 1879 4120 judica-

220 4144 455 4209 mus,ut
485 4139 533 4194 si
568 4137 702 4210 quis
734 4154 865 4193 cum
903 4153 1078 4192 uxore
1112 4135 1620 4205 alterius,vivente
1652 4154 1739 4208 eo,
1762 4139 1879 4194 for-

222 4229 452 4284 nicatus
484 4228 677 4296 fuerit,
714 4226 1000 4281 moriente
1044 4226 1276 4293 marito,
1341 4226 1605 4298 synodali
1660 4227 1880 4296 judicio

220 4319 419 4373 aditus
452 4317 501 4372 ei
536 4316 845 4371 claudatur
874 4314 1224 4383 illicitus,ne
1255 4314 1503 4370 ulterius
1534 4317 1585 4371 ei
1630 4319 1876 4389 conjun-

218 4410 388 4477 gatur
419 4404 794 4461 matrimonio
826 4420 1001 4476 quam
1040 4402 1202 4475 prius
1232 4402 1444 4473 polluit
1489 4404 1804 4463 adulterio.

1994 488 2331 560 conjugium
2365 506 2544 560 quam
2582 489 2745 561 prius
2776 488 2986 561 polluit
3016 504 3118 560 per
3147 489 3526 547 adulterium.

1991 606 2124 661 CAP.
2157 604 2276 661 XII.
2315 609 2435 662 Post
2460 615 2745 678 peractam
2772 607 3158 678 paenitentiam
3183 608 3381 677 poterit
3410 608 3635 663 viduam

2064 677 2123 730 in
2152 678 2436 751 conjugern
2463 677 2680 750 ducere,
2712 677 2900 750 quam,
2930 679 3048 733 viro
3084 680 3315 749 vivente,
3344 695 3443 751 per
3474 681 3638 735 adul-

2062 749 2268 803 terium
2293 750 2518 820 polluit.

2587 822 2759 877 Cone.
2792 820 3032 877 Tribur.

2064 934 2171 1005 (31,
2206 951 2260 1006 q.
2294 934 2348 1002 1,
2382 952 2431 991 c.
2467 936 2527 990 Si
2550 938 2673 1007 quis
2701 937 2955 1007 vivente.)
2979 936 3033 991 Is
3056 936 3152 1007 qui
3178 936 3402 992 vivente
3420 938 3632 994 marito

1990 1024 2303 1095 conjugem
2333 1024 2494 1079 illius
2544 1024 2910 1080 adulterasse
2968 1030 3302 1095 accusatur,
3362 1030 3420 1080 et
3476 1043 3542 1082 eo
3574 1027 3631 1081 in

1990 1112 2253 1183 proximo
2286 1113 2562 1168 defuncto
2592 1114 2863 1169 eamdem
2897 1114 3223 1185 sumpsisse
3247 1113 3633 1186 dignoscitur,

1989 1198 2266 1256 omnibus
2284 1202 2475 1257 modis
2506 1200 2752 1272 publica:
2787 1201 3138 1273 poenitentiae
3191 1202 3522 1274 subigatur.
3560 1204 3635 1258 De

1990 1304 2104 1359 quo
2132 1288 2309 1344 etiam
2343 1294 2476 1360 post
2507 1290 2913 1361 pmnitentiam
2946 1291 3341 1362 prmfatam,si
3366 1292 3635 1363 expedie-

1990 1376 2424 1444 rit,servabitur
2462 1378 2816 1451 regula,nisi
2851 1380 2995 1435 forte
3028 1380 3181 1435 idem
3208 1384 3310 1436 aut
3332 1380 3636 1436 muliervi-

1989 1475 2123 1514 rum
2155 1458 2255 1530 qui
2284 1461 2767 1531 mortuusfuerat
2794 1461 3083 1516 occidisse
3116 1464 3480 1532 notetur,aut
3504 1479 3637 1534 pro-

1988 1548 2291 1620 pinquitas
2305 1553 2406 1605 aut
2424 1549 2539 1605 alia
2555 1550 2826 1621 quaslibet
2847 1550 3174 1606 criminalis
3198 1552 3483 1623 impediat
3500 1569 3637 1607 cau-

1990 1654 2077 1704 sa,
2111 1637 2267 1707 quod
2300 1637 2348 1694 si
2382 1639 2695 1710 probatum
2728 1639 3059 1705 fuerit,sine
3094 1639 3213 1695 ulla
3245 1657 3348 1712 spe
3379 1641 3639 1713 conjugii

1989 1741 2124 1780 cum
2150 1725 2492 1797 pmnitentia
2524 1731 2802 1799 perpetuo
2834 1729 3305 1801 permaneant.Si
3336 1734 3531 1785 autem
3548 1747 3640 1786 ne-

1986 1817 2207 1890 gaverit
2237 1835 2300 1874 se
2331 1820 2596 1876 eamdem
2626 1820 2933 1889 feminam,
2964 1821 3193 1877 vivente
3239 1821 3381 1890 viro,
3416 1838 3640 1894 nequa-

1988 1924 2167 1980 quam
2209 1908 2598 1977 adulterasse,
2635 1914 2693 1965 et
2722 1911 2944 1982 praefati
2976 1910 3281 1967 homicidii
3308 1916 3515 1968 neuter
3543 1930 3639 1968 eo-

1986 2014 2119 2053 rum
2151 1997 2415 2054 convinci
2434 1999 3249 2072 potuerit,purgentlegaliter
3278 2002 3496 2056 famam
3520 2019 3641 2057 suae

1987 2086 2304 2158 opinionis,
2336 2091 2393 2142 et
2423 2093 2663 2160 sumpto
2717 2092 2962 2143 utantur
2993 2088 3290 2162 conjugio,
3323 2088 3373 2145 si
3407 2088 3642 2159 alia,.ut

1987 2174 2265 2246 diximus,
2296 2192 2414 2231 non
2445 2176 2780 2248 impedierit
2812 2176 2992 2234 ratio.

1988 2311 2121 2382 CAP.
2158 2308 2309 2382 XIII.
2343 2311 2607 2366 Adultera
2635 2313 2695 2366 in
2717 2328 2883 2382 quam
2915 2312 3508 2367 mortemmachinatur
3521 2329 3639 2367 ma-

2059 2381 2223 2453 ritus,
2246 2381 2400 2453 siiad
2430 2381 2739 2453 episcopum
2758 2384 2992 2453 fugerit,
3015 2400 3137 2437 eam
3167 2400 3277 2439 non
3297 2384 3489 2439 reddat
3518 2401 3636 2438 ma-

2060 2452 2191 2532 rita,
2222 2452 2316 2509 sed
2352 2453 2413 2508 in
2458 2452 2585 2509 tuto
2610 2452 2795 2525 ponat
2856 2456 2968 2509 loco
3023 2457 3083 2509 in
3138 2471 3242 2526 quo
3294 2457 3465 2527 possit
3522 2464 3639 2511 tute

2060 2539 2264 2580 vivere.

2490 2595 2664 2652 Conc.
2694 2596 2948 2665 Tribur.,
3000 2612 3048 2651 c.
3085 2597 3137 2651 3.

2064 2710 2122 2765 Si
2156 2710 2327 2781 cujus
2358 2727 2503 2767 uxor
2532 2714 2915 2783 constuprata
2971 2712 3182 2779 fuerat,
3215 2715 3273 2767 et
3331 2716 3636 2785 propterea

1996 2801 2246 2857 maritus
2269 2800 2507 2873 capitali
2539 2803 2831 2857 sententia
2855 2801 3049 2858 delere
3070 2801 3233 2858 illam
3266 2803 3640 2860 machinave-

1994 2890 2104 2959 rit;
2138 2889 2269 2962 ipsa
2297 2906 2431 2946 vero
2466 2895 2709 2963 urgente
2741 2890 2951 2946 mortis
2983 2890 3241 2962 periculo
3300 2893 3371 2947 ad
3413 2892 3640 2963 episco-

1995 2995 2139 3050 pum
2172 2979 2521 3052 confugerit,
2582 2984 2635 3035 et
2670 2979 2952 3034 auxilium
2986 2980 3305 3051 quaesierit,
3337 2980 3643 3053 operosius

1994 3072 2189 3124 tamen
2205 3068 2254 3123 si
2287 3072 2481 3140 potest
2503 3068 2815 3140 episcopus
2832 3068 3103 3124 laborare
3129 3070 3376 3125 desudet
3394 3085 3466 3125 ne
3489 3069 3647 3126 occi-

2001 3158 2194 3213 datur.
2226 3158 2283 3211 Si
2314 3174 2449 3213 vero
2481 3175 2597 3214 non
2630 3162 2844 3229 potest,
2879 3157 3041 3214 nullo
3072 3160 3246 3215 modo
3276 3158 3449 3214 liceat
3470 3158 3521 3215 ei
3553 3175 3645 3214 re-

1994 3247 2250 3319 quirenti
2282 3264 2410 3303 eam
2444 3248 2685 3304 reddere
2723 3249 2795 3303 ad
2852 3248 3261 3317 occidendum,
3296 3266 3421 3320 quae
3475 3265 3535 3305 se
3595 3247 3648 3305 ei

1992 3336 2207 3392 obtulit
2220 3337 2289 3391 ad
2308 3336 2869 3402 defendendum,sed
2894 3336 3097 3392 solerti
3121 3354 3264 3391 cura
3279 3337 3649 3392 transmittat

1994 3441 2122 3479 eam
2154 3425 2226 3479 ad
2258 3423 2454 3479 locum
2488 3424 2804 3494 quemipsa
2835 3424 3115 3495 delegerit
3146 3430 3211 3479 ut
3240 3441 3445 3479 secura
3464 3424 3649 3496 possit

1991 3513 2206 3568 vivere.
2239 3512 2298 3567 Si
2332 3527 2465 3566 vero
2498 3512 2793 3566 interdum
2827 3512 3075 3567 maritus
3109 3528 3234 3567 eam
3275 3513 3562 3568 invenerit
3591 3517 3650 3584 et

1992 3600 2307 3673 repetierit,
2341 3601 2668 3655 secundum
2729 3599 2928 3655 saeculi
2988 3604 3337 3672 potestatem
3381 3601 3643 3672 habebit,

1992 3689 2280 3761 quidquid
2315 3688 2366 3744 ei
2399 3704 2570 3760 agere
2598 3688 2873 3743 velit.Sed
2903 3688 3110 3745 audiat
3138 3689 3540 3762 Augustinum
3555 3688 3643 3744 di-

1991 3784 2219 3835 centem
2246 3796 2259 3834 :
2296 3802 2325 3829 ‹‹
2358 3782 2504 3833 Cum
2536 3778 2692 3833 enim
2727 3777 2811 3832 vir
2841 3794 2874 3832 a
2904 3778 3122 3835 virtute
3153 3796 3365 3835 nomen
3404 3797 3641 3851 accepe-

1990 3869 2088 3939 rit,
2122 3872 2178 3924 et
2202 3868 2416 3923 mulier
2442 3884 2475 3922 a
2507 3866 2775 3936 mollitia,
2826 3866 2880 3922 id
2941 3871 3031 3923 est
3091 3867 3425 3939 fragilitate,
3460 3884 3641 3940 quare

1989 3962 2193 4013 contra
2222 3956 2694 4012 crudelissimam
2727 3955 2978 4011 bestiam
3005 3955 3273 4011 libidinis
3298 3955 3423 4010 vult
3455 3973 3639 4012 unus-

1990 4047 2241 4119 quisque
2264 4062 2501 4101 uxorem
2532 4062 2701 4101 suam
2727 4060 2858 4099 esse
2888 4043 3210 4111 victricem,
3233 4061 3366 4099 cum
3401 4044 3527 4115 ipse
3568 4046 3638 4100 ad

1988 4136 2249 4208 primum
2281 4134 2546 4189 libidinis
2566 4133 2750 4189 ictum
2773 4134 2961 4188 victus
2986 4134 3331 4189 cadat?Nam
3351 4132 3637 4205 quidquid

1988 4229 2191 4280 contra
2219 4224 2394 4280 fidem
2427 4222 2787 4279 Catholicam
2822 4239 2937 4278 non
2971 4220 3502 4293 licetmulieribus,
3533 4240 3637 4279 nec

1987 4315 2129 4371 viris
2160 4314 2440 4370 licebit.Si
2476 4318 2672 4369 autem
2705 4314 2910 4369 eadem
2945 4313 3157 4369 mulier
3186 4313 3400 4369 timore
3415 4319 3635 4385 perter-

1987 4404 2100 4459 rita
2129 4422 2162 4460 a
2192 4404 2317 4460 loco
2347 4403 2448 4458 ubi
2481 4420 2608 4459 eam
2659 4403 3059 4475 destinaverit,
3094 4403 3404 4476 abfugerit,
3465 4408 3521 4459 et
3552 4402 3639 4459 vir

220 4513 343 4568 CAP.
376 4515 477 4567 XI.
501 4512 779 4568 Adulterio
818 4512 1043 4583 polluta
1082 4527 1191 4567 non
1222 4510 1464 4567 ducatur
1494 4512 1568 4567 ab
1599 4512 1783 4569 eodem
1812 4514 1873 4569 in
1905 4503 1951 4567 D
1985 4496 2115 4583 eius
2140 4494 2210 4549 ab
2240 4493 2513 4583 θρίδοορο
2547 4492 2730 4583 ελθωθῙ
2762 4498 2817 4548 εί
2838 4493 2929 4583 bi?
2946 4498 3046 4548 aut
3076 4493 3293 4583 εωρίιιε
3315 4493 3635 4565 repetierit,

852 4584 1236 4638 matrimonio.

919 4672 1028 4727 Leo
1063 4689 1214 4744 papa

294 4762 405 4833 (31,
437 4778 489 4831 q.
532 4764 575 4833 1,
610 4779 658 4817 c.
695 4763 887 4818 Nullus
933 4761 1142 4833 ducat.)
1196 4759 1485 4817 Nolumus
1529 4761 1709 4831 enim,
1770 4779 1877 4818 nec

1989 4582 2039 4638 si
2069 4582 2247 4638 vitam
2278 4584 2407 4653 ejus
2465 4580 2727 4637 obtinere
2759 4581 2948 4653 possit
2979 4581 3281 4653 perquirat
3319 4586 3376 4637 et
3406 4583 3633 4638 reddat.

1988 4672 2047 4727 Si
2076 4676 2269 4727 autem
2303 4689 2442 4741 non,
2474 4670 2716 4726 omnino
2747 4687 2861 4726 non
2894 4671 3124 4742 reddat,
3158 4671 3406 4727 maritus
3437 4677 3633 4728 autem

1988 4764 2248 4835 quandiu
2278 4763 2447 4831 vivit,
2479 4761 2820 4817 nullatenus
2850 4760 3090 4818 alterum
3126 4762 3320 4819 ducat.
3356 4786 3385 4812 ››

1066 5094 1165 5152 DE
1208 5070 1938 5156 INTERFECTORlBUS
1984 5091 2305 5156 SUARUM
2351 5092 2793 5156 CONJUGUM.

216 5245 348 5301 CAP.
382 5243 532 5302 XIV.
565 5249 687 5303 Non
719 5243 845 5301 licet
871 5244 1320 5369 alicuiduxorem
1370 5260 1533 5300 suam
1563 5244 1877 5301 adulteram

946 5333 1059 5369 occz
1100 5331 1211 5369 ere.

946 5331 1211 5372 accudere.

614 5404 887 5461 Nicolaus
928 5404 1130 5459 Alvino
1173 5403 1483 5475 archiepis.

295 5514 403 5584 (33,
440 5530 496 5584 q.
528 5514 582 5581 2,
602 5530 650 5569 c.
684 5513 833 5570 Inter
861 5512 1023 5583 haec.)
1048 5512 1203 5566 Inter
1235 5510 1354 5564 haec
1380 5514 1572 5565 vestra
1593 5512 1876 5567 sanctitas

224 5604 437 5659 addere
467 5603 716 5671 studuit,
740 5602 790 5659 si
822 5602 993 5673 cujus
1016 5616 1160 5656 uxor
1182 5598 1541 5656 adulterium
1574 5605 1873 5673 perpetra-

1984 5244 2136 5300 verit
2167 5248 2366 5299 utrum
2400 5244 2612 5301 marito
2646 5243 3021 5317 ipsiusliceat
3054 5245 3378 5300 secundum
3421 5245 3631 5300 huma-

1988 5350 2125 5389 nam
2150 5333 2337 5406 legem
2370 5351 2497 5389 eam
2531 5333 2996 5389 interficere.Sed
3025 5332 3125 5388 Dei
3140 5338 3341 5389 sancta
3370 5333 3657 5403 Ecclesia

1988 5424 2309 5480 mundanis
2342 5440 2646 5495 nunquam
2680 5421 3634 5494 constringiturlegibus,gladium

1988 5530 2104 5568 non
2137 5513 2313 5570 habet
2339 5513 2456 5569 nisi
2489 5510 2859 5584 spiritualem
2883 5528 2997 5583 quo
3029 5528 3145 5567 non
3175 5512 3518 5579 occidit,sed
3549 5511 3633 5566 vi-

1986 5603 2201 5661 vilicat.
