3936 6056
373 302 513 357 1283
1455 300 1518 348 Ι).
1561 295 1801 349 IVONIS
1836 294 2000 345 CARl

2160 295 2332 348 iNSlS
2363 297 2682 352 EPISCOPI
3645 281 3807 344 ’1284

371 432 508 482 Car.
540 425 658 482 XV.
694 423 956 496 Conjugia
991 420 1213 496 penitus
1238 419 1741 496 interdicanlurhis
1770 421 2016 494 quisue:
2047 415 2098 482 Α
2131 417 2304 473 domo
2335 422 2435 475 tua
2465 419 2552 475 vel
2580 419 2641 474 in
2673 418 2784 475 hoc
2840 417 3062 473 mundo
3114 417 3203 472 vis
3261 432 3431 488 agere
3462 415 3659 487 (quod
3700 414 3809 469 tibi

912 489 1166 564 conjuge:
1195 489 1471 548 occidunt.
1779 489 1791 494 ’

2160 509 2300 577 »θᾶιιε
2329 511 2386 564 et
2413 509 2620 564 durius
2651 512 2709 564 et
2737 507 2978 582 gravius
3006 523 3136 563 esse
3165 523 3281 562 non
3312 505 3586 575 dubites)
3618 505 3714 559 ita
3748 511 3807 558 ut

2131 612 2300 667 agere
2330 597 2976 662 debeas,exhortamur.
3011 595 3299 653 Omnibus
3322 595 3537 651 diebus
3574 595 3802 663 quibus

2129 685 2408 756 poenitere
2436 687 2634 760 debes,
2668 688 2870 743 vinum
2903 691 2959 742 et
2989 701 3224 742 omnem
3255 685 3504 741 siceram
3541 700 3671 739 non
3713 685 3802 738 bi-

446 757 559 852 (3_3’
589 771 647 828 (1ο
679 756 733 822 22
757 771 818 852 ιο·
856 754 1278 852 ῘζτίεξνξῙίξσίονθεο)
1311 753 2014 852 Ῐηῖθτξῗξδίονῗευθυδτυω
2130 753 2499 840 bas,carnem
2534 753 2839 852 nunquam
2874 775 2994 832 ullo
3026 780 3292 848 tempore
3320 774 3799 845 comedas,prze-

374 847 688 916 coniugum
723 844 848 898 sine
871 842 1259 913 judicio,cum
1281 860 1395 897 non
1413 842 1580 897 addis
1614 841 2000 897 adulterarum

2160 879 2396 936 erquam
2429 865 2488 924 in
2504 841 2729 923 Pascha
2757 871 2814 922 et
2845 865 2939 924 die
2963 841 3187 921 Natalis
3209 863 3540 920 Domini.in
3571 841 3802 934 penest

372 934 460 990 vel
493 934 713 1004 aliquid
746 931 1255 1002 hujusmodi,quid
1287 931 1448 988 aliud
1470 931 1726 988 habendi
1748 936 1887 988 sunt
1903 930 2000 988 nis

2165 930 2282 1026 qu-a
2301 958 2359 1010 et
2387 955 2510 1012 sale
2536 957 2941 1029 pcsnitentiam
2965 955 3158 1028 again
3191 952 3406 1026 vigiliis
3429 957 3488 1008 et
3507 930 3798 1023 jeiuniis,

375 1021 700 1090 homicidae,
733 1037 798 1077 ac
828 1037 930 1093 per
959 1021 1070 1077 hoc
1129 1020 1200 1077 ad
1259 1020 1658 1092 pmnitentiam
1690 1020 1990 1093 redigendi

2160 1059 2188 1096 n
2220 1043 2586 1100 orationibus
2615 1050 2672 1101 et
2691 1044 3079 1117 cleemosynis
3109 1042 3271 1099 omni
3303 1047 3576 1115 tempore
3601 1057 3799 1112 perse-

372 1111 587 1182 quibus
617 1110 958 1182 coniugium
992 1109 1228 1182 penitus
1255 1109 1868 1182 denegatur,exoeptis
1890 1111 2000 1167 ado

2163 1148 2280 1188 era.
2305 1133 2503 1190 Armis
2526 1151 2832 1209 nunquam
2864 1134 3119 1205 cingere,
3142 1149 3247 1188 nec
3277 1132 3338 1188 in
3370 1129 3645 1204 quolibet
3669 1130 3798 1185 loco

371 1200 730 1256 lescentibus
759 1202 830 1256 de
861 1200 1076 1271 quibus
1107 1205 1196 1255 est
1225 1199 1375 1255 beati
1403 1199 1612 1256 Leonis
1643 1217 1805 1271 papas
1831 1200 1903 1254 25
1926 1216 2000 1256 rei

2160 1221 2357 1292 itigare
2387 1240 2729 1294 praesumus.
2760 1223 3009 1278 Uxorem
3043 1237 3347 1294 nunquam
3379 1220 3624 1286 ducere,
3650 1236 3794 1274 con-

585 609 860 668 Nicolaus
892 607 1197 680 Rodulpbo
1228 608 1412 664 Bitur.
1459 608 1801 680 archiepisc.

371 1289 509 1361 gula
540 1289 955 1358 Decretalium,
989 1288 1106 1346 imo
1137 1287 1505 1360 indulgentia
1535 1289 1844 1346 servanda.

371 1488 503 1544 CAP.
541 1487 684 1544 XVI.
720 1489 1048 1545 Paenitentia
1080 1489 1332 1559 Astulphi
1353 1490 1449 1558 qui
1476 1489 1756 1562 propriam
1787 1503 2013 1544 uxorem

945 1578 1104 1616 suam
1134 1562 1430 1632 interfecit.

805 1697 1140 1772 Stepnanus
1179 1695 1228 1754 V
1257 1694 1570 1771 Astulpbo.

437 1871 547 1946 (33,
581 1887 638 1946 q.
670 1871 724 1938 2,
757 1886 808 1928 c.
844 1869 1183 1942 Admonere.)
1241 1870 1569 1924 Admonere
1625 1872 1681 1926 te
1737 1883 1875 1924 cum
1919 1865 2008 1922 la-

365 1958 580 2030 crymis
612 1963 668 2013 et
697 1957 920 2030 gemitu
953 1956 1139 2014 multo
1169 1958 1362 2014 cordis
1393 1956 1778 2028 curamus,ﬁli
1809 1953 2010 2012 Aetol-

363 2049 501 2122 pbe,
533 2047 634 2106 sed
666 2035 783 2103 non
814 2046 972 2106 ﬁlius
1003 2047 1116 2103 dici
1149 2047 1328 2104 debes
1350 2046 1449 2118 qui
1473 2051 1560 2101 ter
1589 2045 2008 2103 crudeliterin-

363 2125 500 2193 felix
529 2135 911 2192 homicidium
944 2137 1312 2214 perpetrasti.
1335 2141 1472 2194 Nam
1491 2135 2007 2194 occidistiuxorem

362 2229 544 2296 tuam,
578 2229 805 2297 partem
837 2225 1094 2297 corporis
1152 2224 1260 2293 tui,
1314 2223 1574 2296 legitimo
1634 2223 2008 2280 matrimonio

358 2313 464 2370 tibi
522 2314 917 2370 consociatam
947 2315 1074 2370 sine
1105 2330 1284 2374 causa
1318 2313 1546 2381 mortis,
1580 2330 1695 2370 non
1727 2313 1834 2369 tibi
1866 2314 2010 2370 resi-

361 2407 611 2464 stentem
631 2420 987 2480 quocunque
1002 2405 1319 2470 modo,non
1335 2402 1718 2462 insidiantem
1729 2403 1859 2459 vitae
1873 2407 2008 2470 tum,

362 2510 477 2551 non
509 2492 788 2549 invenisti
817 2509 945 2549 eam
977 2510 1111 2548 cum
1136 2492 1248 2548 alio
1280 2493 1403 2548 viro
1435 2491 1721 2549 nefariam
1749 2509 1872 2552 rem
1924 2493 2008 2552 fa-

360 2583 634 2649 cientem,
659 2583 761 2639 sed
793 2583 1119 2643 concitatus
1149 2599 1184 2644 a
1214 2581 1448 2640 diabolo
1479 2586 1536 2640 et
1591 2582 1772 2654 impio
1813 2582 2010 2638 furore

361 2673 789 2742 inﬂammatus,
822 2671 1116 2730 latronum
1152 2689 1313 2732 more
1345 2672 1601 2730 atrocius
1643 2689 1768 2730 eam
1817 2672 2008 2748 gladio

362 2767 464 2819 tuo
495 2761 787 2820 crudelior
816 2761 978 2818 omni
1009 2761 1200 2820 bestia
1231 2759 1669 2826 interemisti,et
1689 2775 1846 2816 nunc
1878 2763 2011 2833 post

361 2855 614 2908 mortem
646 2851 776 2926 ejus
806 2850 974 2908 addis
1004 2849 1380 2923 iniquitatem
1413 2866 1589 2922 super
1610 2847 2006 2920 iniquitatem,

362 2939 618 2996 ﬁliorum
651 2944 889 3000 tuorum
940 2939 1207 3013 improbe
1262 2939 1476 3012 praedo,
1511 2937 1611 3012 qui
1665 2938 1840 2994 matri
1891 2954 2006 2995 non

361 3029 692 3105 pepercisti,
726 3028 878 3084 filios
920 3033 1054 3086 tuos
1115 3027 1409 3105 orphanos
1467 3026 1676 3086 fecisti.
1729 3027 2009 3086 Inducere

363 3133 540 3189 super
552 3135 680 3176 eam
693 3118 782 3177 vis
805 3118 1014 3176 mortis
1026 3134 1268 3175 causam
1287 3120 1809 3190 postmortem,per
1821 3132 2006 3172 unum

2043 1792 2090 1859 B

2125 1310 2401 1367 cubinam
2436 1329 2550 1368 non
2592 1312 2828 1382 habere,
2861 1328 2967 1368 nec
2997 1310 3352 1367 adulterium
3410 1308 3793 1365 committere

2125 1400 2364 1456 audeas.
2401 1401 2463 1456 In
2495 1400 2704 1458 balneo
2738 1417 3044 1473 nunquam
3095 1401 3307 1456 lavare.
3369 1399 3432 1454 In
3494 1398 3792 1456 conviviis

2122 1487 2446 1545 laetantium
2471 1507 2773 1561 nunquam
2787 1491 3131 1547 miscere.ln
3153 1487 3401 1545 ecclesia
3431 1493 3791 1561 segregatus

2124 1578 2196 1633 ab
2227 1578 2360 1634 aliis
2389 1579 2741 1636 Christianis
2770 1584 2902 1652 post
2929 1580 3148 1636 ostium
3165 1582 3222 1634 et
3242 1583 3441 1650 postes
3463 1581 3521 1632 te
3534 1576 3790 1632 humili-

2122 1671 2211 1722 ter
2228 1669 2928 1742 repone.Ingredientium
2943 1673 3000 1726 et
3030 1667 3457 1742 egredientium
3481 1665 3785 1737 simplici-

2121 1759 2210 1811 ter
2239 1758 2600 1815 orationibus
2622 1756 3488 1815 commendare.Communione
3510 1754 3786 1826 corporis

2119 1850 2175 1901 et
2204 1846 2514 1919 sanguinis
2534 1847 2768 1904 Domini
2817 1848 3044 1904 cunctis
3075 1847 3283 1904 diebus
3312 1847 3446 1902 vitm
3476 1848 3601 1901 tua
3632 1844 3786 1898 indi-

2117 1949 2299 2006 gnum
2334 1941 2387 1992 te
2413 1936 2802 1993 existimes.In
2839 1936 3045 1992 ultimo
3075 1940 3271 1992 tamen
3294 1934 3486 1990 exitus
3502 1933 3640 1988 vitae
3664 1937 3782 1987 tuae

2119 2023 2231 2092 die,
2266 2024 2312 2078 si
2349 2026 2633 2081 merueris
2659 2043 2760 2098 pro
2783 2025 2993 2081 viatico
3026 2026 3072 2080 si
3107 2024 3185 2080 sit
3214 2023 3311 2095 qui
3363 2023 3588 2078 tribuat
3644 2021 3779 2086 tibi,

2118 2115 2526 2170 tantummodo
2557 2115 2862 2170 venialiter
2918 2119 2982 2170 ut
3039 2113 3294 2186 accipias
3333 2113 3443 2168 tibi
3497 2111 3779 2168 concedi-

2118 2218 2272 2258 mus.

2191 2292 2342 2346 Sunt
2370 2296 2423 2347 et
2456 2291 2571 2347 alia
2598 2291 2923 2364 multaque:
2956 2291 3058 2348 tibi
3094 2291 3301 2346 durius
3323 2295 3376 2346 et
3407 2291 3558 2346 satis
3580 2292 3780 2347 acrius

2119 2385 2285 2434 erant
2310 2381 2478 2451 juxta
2511 2397 2793 2452 magnum
2826 2381 3059 2454 pondus
3093 2381 3335 2452 peccati,
3361 2380 3592 2450 infelix,
3627 2382 3778 2452 adji-

2120 2467 2345 2525 cienda.
2379 2470 2488 2525 Sed
2521 2470 2571 2526 si
2605 2471 2724 2526 haec
2755 2469 2956 2526 omnia
2975 2486 3104 2542 quas
3155 2469 3262 2525 tibi
3315 2470 3783 2526 misericorditer

2119 2559 2276 2615 dicta
2305 2563 2468 2628 sunt,
2494 2560 2747 2632 perfecto
2787 2560 2980 2626 corde,
3003 2559 3253 2616 Domino
3287 2558 3611 2615 auxiliante
3625 2561 3778 2615 iece-

2120 2647 2200 2703 ris
2232 2661 2289 2703 et
2317 2647 2687 2713 custodieris,
2721 2648 3074 2704 confidimus
3105 2648 3176 2704 de
3208 2648 3500 2704 immensa
3519 2648 3625 2703 Dei
3657 2647 3777 2704 cle-

2123 2737 2338 2793 mentia
2370 2737 2776 2794 remissionem
2803 2742 2861 2794 te
2889 2743 3125 2795 tuorum
3145 2737 3486 2794 habiturum
3509 2741 3778 2810 peccato-

2118 2832 2336 2896 rum,et
2365 2829 2691 2886 secundum
2725 2828 2947 2884 dictum
2996 2829 3150 2899 justi
3200 2829 3453 2900 bonique
3511 2827 3775 2884 Pastoris

2120 2917 2358 2972 resolvit
2387 2922 2444 2973 te
2473 2923 2678 2974 sancta
2706 2917 2966 2974 Ecclesia
2998 2918 3070 2974 ab
3125 2918 3235 2974 hoc
3285 2916 3518 2972 vinculo
3543 2917 3773 2988 peccati

2118 3006 2177 3061 in
2211 3007 2403 3081 terris,
2429 3011 2493 3062 ut
2523 3023 2628 3078 per
2655 3007 2845 3079 ipsius
2873 3006 3122 3080 gratiam
3175 3006 3274 3080 qui
3315 3023 3444 3062 eam
3477 3006 3771 3077 sanguine

2118 3112 2225 3150 suo
2257 3095 2826 3167 acquisivit,solutus
2853 3096 2937 3153 sis
2969 3096 3028 3151 in
3061 3095 3344 3152 coelis.Sin
3379 3100 3579 3151 autem
3600 3094 3773 3150 aliter

359 3164 719 3262 horr'nicvidau;
753 3211 809 3262 et
839 3164 1153 3284 reprgbum
1174 3164 1397 3262 ἷθείξω
1431 3164 1818 3264 ίηουεατέτίε
1846 3221 2004 3260 mor,
2035 3164 2080 3229 ε
2119 3184 2406 3255 feceris,et
2435 3189 2652 3242 sanctas
2684 3186 2888 3243 matris
2918 3185 3188 3243 Ecclesiae
3209 3190 3328 3240 tam
3353 3184 3653 3241 salubrem
3669 3185 3773 3240 ad-

356 3297 542 3352 tuam.
571 3293 857 3362 Quoniam
875 3311 982 3354 nec
1021 3291 1396 3370 Evangelium
1430 3310 1534 3352 nec
1551 3291 2004 3354 ulladivinahu-

357 3401 652 3461 manaque
676 3382 767 3439 lex
798 3384 973 3440 unius
1002 3383 1340 3444 testimonio
1366 3382 1542 3440 etiam
1565 3382 1778 3443 idoneo
1800 3400 2005 3458 quem-

355 3472 512 3546 piam
546 3473 901 3530 condemnat
932 3471 1017 3529 vel
1052 3471 1350 3543 iustificat,
1405 3477 1622 3545 quanto
1681 3472 1874 3545 magis
1907 3490 2009 3548 per

354 3559 535 3620 istum
567 3559 1101 3634 flagitiosissimum
1133 3566 1192 3618 et
1239 3561 1553 3620 scelestum
1612 3579 1717 3618 nec
1747 3561 1850 3618 illa
1878 3563 2008 3619 viva

355 3649 559 3705 debuit
590 3649 993 3718 condemnari,
1027 3667 1133 3707 nec
1162 3655 1273 3708 ate
1307 3656 1437 3724 post
1465 3652 1596 3722 ejus
1627 3655 1876 3708 mortem
1910 3669 2003 3706 ac-

354 3737 567 3792 cusari.
603 3738 772 3792 Prius
800 3755 977 3799 causa
999 3738 1262 3800 criminis
1293 3740 1584 3796 subtiliter
1612 3745 1736 3798 erat
1765 3740 2003 3800 investi-

353 3825 630 3896 ganda,et
661 3830 802 3888 tunc
833 3827 884 3886 si
909 3831 990 3885 ita
1022 3828 1232 3886 fuisset
1254 3829 2004 3902 inventa,secundumlegis

355 3914 652 3972 tramitem
684 3914 888 3974 debuit
917 3917 1182 3991 accipere
1216 3918 1458 3976 ultionis
1487 3918 1828 3977 vindictam.
1857 3919 2004 3976 Nam

353 4002 402 4060 si
434 4019 636 4060 verum
668 4003 848 4080 (quod
880 4004 1069 4066 absit!
1105 4009 1126 4074 )
1180 4005 1389 4064 fuisset
1444 4007 1600 4064 sicut
1650 4005 1746 4064 ille
1776 4006 2006 4064 adulter

355 4093 637 4151 mentitus
667 4098 780 4164 est,
827 4099 960 4166 post
988 4112 1176 4153 annos
1228 4113 1302 4152 vu
1357 4095 1702 4168 poenitentia
1757 4095 2002 4153 forsitan

354 4187 590 4255 peracta
621 4182 918 4243 dimittere
949 4201 1078 4243 eam
1099 4201 1202 4259 per
1231 4185 1615 4260 approbatum
1637 4201 1877 4245 causam
1899 4202 2002 4259 po-

353 4277 508 4328 teras
541 4272 588 4328 si
620 4271 932 4341 voluisses,
957 4273 1221 4332 occidere
1250 4277 1450 4331 tamen
1481 4291 1609 4332 eam
1662 4274 2002 4336 nullatenus

354 4361 632 4418 debuisti.
665 4361 788 4418 Non
819 4363 974 4420 enim
1011 4362 1135 4420 vult
1177 4363 1333 4420 Deus
1377 4367 1624 4420 mortem
1658 4364 2001 4438 peccatoris,

353 4450 454 4504 sed
490 4454 552 4504 ut
582 4455 955 4508 convertatur
986 4453 1056 4506 ad
1092 4451 1490 4526 paenitentiam
1521 4456 1577 4508 et
1599 4451 2002 4511 vivat.Idcirco

2119 3273 2505 3330 monitionem
2538 3275 2894 3348 despexeris,
2929 3275 3055 3347 ipse
3086 3273 3170 3331 sis
3201 3273 3304 3328 tibi
3356 3274 3566 3344 judex,
3621 3278 3678 3328 et
3712 3273 3768 3328 in

2118 3361 2327 3434 laqueo
2357 3363 2596 3433 diaboli,
2629 3381 2745 3440 quo
2767 3363 3034 3420 irretitus
3091 3362 3331 3433 teneris,
3368 3362 3765 3434 permanebis.

2116 3451 2186 3505 Et
2215 3451 2458 3526 sanguis
2487 3457 2626 3509 tuus
2652 3469 2830 3524 super
2855 3456 3030 3525 caput
3051 3460 3351 3522 tuum,nos
3373 3451 3546 3507 alieni
3571 3468 3610 3507 a
3635 3468 3770 3506 con-

2117 3542 2297 3595 sortio
2328 3545 2430 3597 tuo
2459 3558 2562 3614 pro
2594 3541 2847 3597 aliorum
2898 3542 3154 3598 filiorum
3213 3541 3309 3596 Dei
3364 3539 3578 3608 salute,
3639 3540 3768 3612 ipso

2115 3629 2463 3701 epitulante,
2496 3631 2653 3687 omni
2685 3631 3081 3688 sollicitudine
3114 3631 3444 3700 nitimur,et
3480 3631 3770 3686 desudare

2114 3724 2173 3774 et
2203 3720 2434 3778 Domini
2481 3713 2763 3781 attentius
2819 3720 3282 3780 misericordiam
3345 3720 3612 3792 quotidie
3652 3721 3769 3776 imo

2114 3807 2362 3878 plorare.

2115 4009 2249 4068 CAP.
2283 4006 2462 4066 XVII.
2497 4009 2690 4082 Potius
2720 4023 2892 4065 uxore
2919 4007 3134 4082 vivente
3162 4008 3336 4063 aliam
3385 4007 3566 4082 ducat
3618 4009 3764 4082 quis,

2397 4097 2562 4153 quam
2577 4080 2884 4136 humanum
2905 4080 3238 4149 sanguinem
3255 4078 3474 4151 fundat.

2397 4209 2648 4280 August.
2679 4209 2754 4264 De
2786 4206 3017 4282 Canjug.
3045 4205 3312 4276 adulter.,
3338 4221 3390 4264 c.
3419 4205 3476 4262 2.

2184 4385 2276 4462 (33
2305 4402 2358 4456 q.
2390 4386 2446 4450 2,
2479 4401 2530 4441 c.
2561 4383 2624 4441 Si
2651 4384 2836 4458 quod.)
2868 4383 2926 4440 Si
2952 4384 3106 4454 quod
3164 4383 3357 4441 verius
3388 4387 3477 4440 est
3527 4383 3761 4454 dicitur,

2115 4491 2231 4529 non
2262 4474 2396 4530 licet
2425 4473 2652 4529 homini
2683 4472 3014 4530 Christiano
3075 4471 3403 4531 adulteram
3447 4473 3759 4544 conjugem

353 4537 582 4630 placeat
611 4540 717 4630 tibi
750 4540 1067 4630 θοοείιίυω
1093 4545 1384 4608 “suum:
1405 4545 1465 4598 et
1492 4540 1582 4598 fac
1614 4541 1722 4598 hoc
1745 4543 1898 4618 qu°d
1922 4542 2004 4598 Ῐο·
2036 4533 2083 4599 D
2114 4564 2399 4630 occidere,
2433 4564 2532 4618 sed
2565 4568 2797 4618 tantum
2830 4561 3146 4618 dimittere.
3177 4562 3321 4626 Quis
3372 4565 3460 4618 est
3510 4533 3758 4616 ta-mvdc-

353 4627 483 4684 vius
515 4632 570 4683 et
600 4628 812 4686 melius
844 4629 1028 4688 videri
1075 4635 1286 4707 potest.
1321 4631 1594 4688 Miserere
1652 4631 1857 4688 animae
1889 4635 2001 4690 tute

353 4722 418 4772 ut
449 4734 564 4773 non
597 4718 675 4774 sit
703 4724 845 4776 tuus
873 4719 1106 4778 tibimet
1157 4719 1271 4794 ipsi
1303 4720 1620 4780 homicida.
1654 4721 2002 4796 Relinquere

354 4811 713 4879 quapropter
740 4812 798 4863 te
827 4825 1106 4880 rogamus
1123 4809 1232 4865 hoc
1256 4809 1828 4881 malum,secundum
1844 4811 1999 4883 quod

351 4901 406 4951 te
438 4896 616 4952 traxit
647 4897 718 4952 ad
751 4901 874 4952 tam
906 4897 1408 4954 immanissimum
1467 4899 1688 4971 peccati
1749 4899 1998 4956 facinus.

352 4986 664 5056 Ingredere
694 4986 755 5040 in
788 4987 1557 5054 monasterium,humiliare
1585 4988 1695 5044 sub
1725 4988 2001 5045 manibus

353 5074 672 5142 abbatis,et
698 5075 1020 5132 multorum
1058 5075 1300 5146 fratrum
1327 5077 1599 5148 precibus
1629 5077 1998 5150 adjutUs,ob-

352 5181 518 5219 serva
548 5169 756 5219 cuncta
787 5165 1034 5237 supplici
1060 5165 1256 5220 animo
1289 5181 1412 5236 quae
1442 5165 1547 5220 tibi
1577 5166 1996 5238 fuerintimpe-

353 5259 502 5322 rata,
537 5254 585 5308 si
620 5255 768 5309 forte
795 5253 1063 5325 ignoscat
1090 5254 1321 5313 infinita
1353 5253 1448 5310 Dei
1483 5253 1714 5310 bonitas
1745 5256 2000 5326 peccatis

353 5344 558 5408 tuis,et
593 5343 968 5415 refrigeretur
995 5349 1097 5400 tua
1123 5344 1339 5413 anima,
1358 5343 1701 5414 priusquam
1724 5345 2000 5403 crucieris

352 5431 411 5486 in
447 5432 751 5503 perpetuis
782 5433 1040 5492 flammis
1072 5433 1180 5490 hoe
1212 5433 1423 5490 melius
1453 5436 1510 5488 et
1555 5431 1744 5489 levius
1790 5435 1996 5491 certis-

352 5535 502 5574 SH'DB
533 5535 708 5577 86188.

425 5616 525 5672 Sin
561 5621 756 5674 autem
792 5619 1086 5691 publicam
1118 5621 1520 5692 paenitentiam
1552 5637 1904 5696 permanens
1935 5624 1992 5680 in

2112 4669 2279 4708 mens
2311 4655 2406 4723 qui
2438 4652 2488 4708 ei
2521 4652 2708 4706 dicat:
2746 4655 2854 4708 Fac
2877 4651 3034 4725 quod
3067 4667 3180 4706 non
3212 4651 3440 4716 licet,ut
3463 4651 3633 4706 liceat
3657 4651 3759 4704 tibi

2111 4743 2262 4817 quod
2288 4757 2405 4800 non
2429 4739 2580 4800 licet.
2617 4740 2764 4800 Cum
2787 4741 2944 4800 enim
2977 4743 3292 4815 utrumque
3314 4740 3644 4797 secundum
3681 4739 3759 4795 le-

2110 4847 2240 4903 gem
2263 4829 2472 4886 Christi
2506 4828 2777 4884 illicitum
2817 4827 2916 4896 sit,
2944 4827 3064 4883 sive
3095 4825 3421 4882 adulteram
3471 4827 3759 4894 occidere,

2111 4920 2369 4989 sive,illa
2397 4919 2646 4990 vivente,
2681 4917 2856 4974 aliam
2891 4918 3122 4983 ducere,
3157 4917 3228 4972 ab
3261 4922 3504 4988 utroque
3521 4923 3612 4973 est
3636 4919 3760 4972 abs-

2109 5010 2441 5079 tinendum,
2474 5025 2588 5064 non
2613 5007 2882 5063 illicitum
2916 5023 3019 5078 pro
3071 5005 3276 5061 illicito
3301 5006 3666 5062 faciendum.
3699 5007 3757 5061 Si

2109 5098 2264 5157 enim
2299 5099 2564 5155 facturus
2593 5102 2682 5154 est
2711 5097 2867 5168 quod
2884 5113 2999 5155 non
3031 5095 3312 5166 licet.jam
3346 5094 3521 5150 faciat
3538 5095 3759 5150 adulte-

2109 5188 2285 5260 rium,
2315 5191 2371 5243 et
2403 5205 2517 5244 non
2539 5186 2712 5243 faciat
2738 5184 3145 5250 homicidium,
3182 5190 3264 5254 ut,
3297 5184 3527 5240 vivente
3560 5202 3756 5254 uxore,

2108 5277 2284 5334 aliam
2318 5277 2580 5347 duoat,et
2611 5293 2726 5332 non
2762 5274 3092 5334 humanum
3125 5273 3472 5345 sanguinem
3500 5274 3714 5330 fundat
3743 5297 3758 5342 ;

2107 5368 2264 5438 quod
2298 5367 2346 5423 si
2377 5370 2467 5422 est
2497 5370 2815 5438 utrumque
2847 5363 3282 5430 nefarium,non
3303 5363 3472 5420 debet
3507 5364 3754 5421 alterum

2106 5473 2210 5530 per
2241 5455 2490 5513 alterum
2522 5460 2876 5529 perpetrare,
2919 5452 3021 5509 sed
3065 5455 3382 5526 utrumque
3406 5452 3617 5510 vitare.

2897 5625 2970 5642 ﬁ
