3986 6048
159 308 296 361 1285

1435 290 1832 346 PANORMIA.
1868 315 1929 325 -—
1959 288 2089 339 LIB.
2133 287 2253 338 VII.

3428 282 3562 335 1286

1560 521 1658 580 DE
1702 516 2151 577 ADULTERIO

156 727 283 781 CAP.
321 720 517 777 XVIII.
556 718 788 773 Carolus
819 715 1045 785 Magnus
1072 713 1313 785 primam
1339 708 1802 785 repudiavit_uxo-
1833 711 1881 774 Α

227 812 341 850 rem
393 790 760 933 etgfcundam
777 780 957 856 duxit,
989 780 1197 856 ecqua
1224 783 1375 853 ﬁlios
1402 780 1409 781 7
1433 780 1671 851 suscepit
1702 786 1806 833 tres

232 875 281 923 et
314 875 419 921 tres
516 880 618 918 tas.

232 875 281 923 et
314 875 419 921 tres
450 875 618 923 filias.

552 959 738 1017 Caro].
772 958 963 1029 Magn.
996 957 1165 1027 juxta
1196 952 1423 1010 Alcuin.

233 1082 377 1137 Cum
415 1078 621 1134 matris
670 1076 900 1131 hortatu
935 1072 1115 1128 ﬁliam
1149 1067 1435 1127 Desiderii
1467 1065 1621 1138 regis
1668 1067 1816 1119 Lon-

165 1169 557 1243 gobardorum
590 1164 832 1220 Carolus
866 1162 1031 1217 duxit
1072 1175 1315 1217 uxorem
1347 1156 1677 1226 ;incertum
1702 1168 1820 1223 qua

167 1242 236 1315 de
259 1275 438 1314 causa
478 1272 606 1311 eam
639 1257 770 1326 post
799 1268 1019 1307 annum
1056 1246 1400 1324 repudiavit,
1431 1252 1486 1301 et
1514 1242 1820 1299 Hildeber—

166 1365 300 1423 gam
333 1348 404 1402 de
430 1349 601 1418 gente
617 1344 936 1398 Sucvorum
972 1340 1282 1411 praecipuae
1307 1332 1632 1391 nobilitatis
1652 1330 1821 1423 femi-

170 1419 330 1502 nam,
367 1436 427 1490 in
460 1432 905 1489 matrimonium
956 1427 1264 1500 acceperit,
1316 1426 1387 1480 de
1442 1440 1560 1495 qua
1606 1426 1724 1477 tres
1756 1419 1823 1473 Il-

166 1528 277 1584 iios
306 1524 577 1581 Caroium
610 1520 884 1576 videlicet
932 1524 989 1574 et
1033 1518 1307 1589 Pipinum
1352 1518 1410 1570 et
1468 1509 1825 1569 Ludovicum

171 1616 535 1685 totidemque
568 1609 721 1666 filias
753 1607 979 1681 genuit.

180 1732 309 1787 CAP.
343 1730 489 1785 XIX.
526 1730 641 1785 Non
693 1725 811 1782 ideo
863 1723 1061 1850 attinuit
1081 1721 1371 1794 delinquit,
1422 1718 1516 1775 cui
1543 1718 1661 1773 sola
1688 1714 1832 1771 deest

913 1812 1010 1850 acu
1064 1812 1141 1849 as.

913 1812 1010 1850 (1611
1020 1812 1141 1850 (tas.

886 1799 1141 1868 facultas.

657 1889 906 1959 August.
932 1886 1007 1939 De
1037 1883 1135 1939 tib.
1168 1882 1370 1938 arbitr.

264 1999 432 2071 (Dist.
465 1999 514 2063 1,
544 2013 594 2052 c.
628 1995 690 2050 Si
718 1995 854 2065 cui.)
906 1991 964 2047 Si
999 1990 1093 2045 cui
1139 1989 1317 2044 etiam
1369 2003 1484 2042 non
1538 1982 1838 2053 contingat

1914 703 2045 757 Car.
2076 701 2283 756 XXIV.
2332 702 2476 757 Uxor
2505 717 2614 755 non
2642 702 2703 755 in
2731 705 2991 771 potestate
3020 703 3237 771 mariti,
3271 703 3367 757 sed
3418 706 3475 758 in
3500 706 3569 758 ti-

1991 775 2124 845 bera.
2154 772 2397 845 custodia
2428 773 2580 845 debet
2626 775 2782 844 poni,
2833 790 2959 828 cum
2982 774 3264 843 judicium
3302 778 3373 828 sit
3405 793 3577 845 agm-

1990 844 2120 925 dum
2148 847 2262 926 sive
2314 844 2380 899 de
2410 843 2634 915 fwdere'
2664 845 2977 916 coniugum,
3009 846 3122 899 sive
3169 846 3232 899 de
3285 843 3574 902 atilultcrii

1992 933 2254 973 0711711128.

2415 986 2689 1044 Nicolaus
2719 987 2905 1044 Caro].
2941 988 3084 1059 regi.

1995 1077 2157 1133 Sicut
2188 1076 2374 1133 relatu
2402 1077 2719 1135 multorum
2753 1078 3088 1143 didicimus,
3124 1078 3429 1136 Lotharius
3482 1097 3575 1132 την(

1927 1170 2275 1221 conventum
2318 1166 2612 1222 celebrare
2643 1166 2938 1239 disposuit
2959 1170 3015 1223 et
3046 1168 3408 1239 Thebergam
3430 1169 3576 1237 regi-

1928 1271 2063 1309 nam
2096 1271 2163 1310 ex
2194 1256 2375 1311 animi
2410 1255 2644 1327 proprio
2671 1255 2898 1326 judicio
2932 1256 3247 1312 meditatur
3291 1258 3578 1327 subjicere

1929 1348 1986 1399 et
2017 1343 2310 1414 siquidem
2359 1361 2489 1401 eam
2523 1345 2833 1417 praestigiis
2882 1345 3161 1402 falsitatis
3210 1362 3329 1400 sure
3373 1347 3580 1416 poterit

1931 1432 2190 1489 exhiberi
2241 1434 2410 1506 quasi
2460 1452 2576 1490 non
2610 1435 2783 1490 fuerit
2827 1433 3093 1505 legitima
3142 1452 3248 1491 sua
3288 1452 3432 1490 uxor
3461 1437 3582 1489 vult

1933 1525 2169 1598 penitus
2200 1542 2234 1580 a
2264 1541 2327 1580 se
2356 1529 2749 1595 sequestrare.
2800 1524 2899 1579 Sin
2931 1529 3128 1583 autem
3160 1523 3283 1581 vult
3313 1541 3438 1580 eam
3458 1530 3581 1579 lan-

1939 1631 2116 1685 quam
2141 1613 2439 1686 propriam
2465 1612 2760 1670 dimittere
2787 1628 3051 1681 uxorem,
3077 1613 3585 1683 seddeindeqnnsi

1938 1703 2230 1763 mwchata
2262 1700 2436 1758 fuerit
2466 1701 2811 1761 insimulare
2832 1707 3006 1773 atque
3029 1718 3131 1773 per
3160 1702 3268 1759 hoc
3290 1701 3587 1761 hominem

1941 1809 2118 1850 suum
2150 1796 2207 1849 et
2245 1790 2549 1849 hominem
2609 1791 2929 1862 Thebergae
2985 1792 3056 1847 ad
3117 1791 3589 1849 monomachium

1942 1881 2262 1954 impellere,
2290 1884 2349 1937 et
2378 1879 2427 1937 si
2459 1878 2633 1937 homo
2674 1880 2861 1949 ipsius
2894 1879 3109 1951 reginae
3159 1881 3433 1938 ceciderit
3471 1882 3594 1936 dis—

1944 1971 2108 2045 ponit
2137 1970 2289 2027 banc
2317 1968 2446 2026 sine
2475 1968 2753 2025 dilatione
2782 1968 3088 2040 perimere.
3121 1970 3287 2037 Item,
3322 1976 3597 2040 praeterea

193 2058 441 2146 facultas
472 2058 897 2141 concumbendi
930 2097 1063 2136 cum
1087 2080 1335 2151 conjuge
1357 2075 1567 2144 aliena,
1595 2073 1837 2145 planum
1868 2088 1917 2152 B
1944 2060 2070 2152 sive
2098 2060 2169 2152 de
2197 2061 2515 2152 conjugum
2543 2058 2756 2152 taedere
2789 2058 2910 2152 sive
2930 2058 3316 2152 deaduiterii
3340 2058 3593 2152 crimine

192 2185 384 2233 tamen
417 2176 614 2247 aliquo
646 2173 817 2228 modo
850 2172 926 2227 sit
955 2187 1088 2226 eum
1124 2170 1177 2224 id
1215 2181 1447 2239 cupere,
1481 2170 1531 2219 ei
1566 2161 1614 2218 si
1648 2165 1841 2236 potes-

190 2274 283 2323 tas
316 2269 487 2321 detur
515 2279 643 2319 esse
669 2262 985 2327 facturum,
1010 2276 1125 2314 non
1160 2260 1352 2312 minus
1385 2271 1518 2310 reus
1550 2255 1638 2308 est
1668 2264 1844 2323 quam

192 2358 243 2413 si
268 2356 326 2411 in
364 2355 490 2427 ipso
513 2354 664 2409 facto
697 2349 1252 2423 deprehenderetur.

192 2477 317 2531 Car.
350 2474 479 2530 XX.
516 2467 828 2537 Adulteria,
861 2482 966 2523 non
1010 2468 1137 2537 sunt
1161 2461 1418 2537 facienda
1451 2459 1617 2515 etiam
1654 2457 1848 2514 volun-

657 2549 768 2596 tate
795 2532 1127 2612 procreandi
1154 2532 1360 2607 proles.

436 2644 686 2713 August.
715 2639 787 2694 ad
820 2635 1131 2693 Claudium
1163 2637 1364 2689 contra
1393 2629 1612 2689 Julian.

273 2753 387 2823 (32,
420 2767 475 2822 q.
502 2750 555 2813 4,
586 2764 635 2807 c.
668 2746 821 2803 Sicut
868 2760 977 2804 non
1023 2743 1192 2811 sunt.)
1223 2739 1388 2795 Sicut
1436 2753 1552 2797 non
1584 2737 1722 2795 sunt
1763 2733 1849 2823 fa-

199 2821 406 2901 cienda
430 2821 719 2897 adulteria
748 2833 926 2890 etiam
977 2830 1276 2889 voluntate
1308 2826 1459 2887 ﬁlios
1510 2821 1848 2899 generandi,

202 2927 706 3004 quemadmodum
758 2940 861 2980 nec
893 2922 1047 2977 furta
1071 2923 1211 2975 sunt
1237 2915 1503 2975 facienda
1532 2913 1710 2971 etiam
1748 2928 1848 2974 vo-

203 3003 502 3074 voluntate
535 3013 811 3089 pascendi
854 3025 1138 3085 pauperes
1182 3010 1438 3070 sanctos,
1472 3003 1629 3077 quod
1656 3006 1850 3063 tamen

206 3107 542 3164 faciendum
600 3108 837 3162 estnon
883 3100 1039 3159 furta
1089 3094 1498 3171 perpetrando,
1556 3092 1658 3149 sed
1703 3092 1852 3155 bene

204 3196 420 3254 utendo
453 3209 792 3251 mammona
823 3186 1175 3261 iniquitatis.

202 3316 336 3371 Cap.
367 3312 511 3369 XXI.
567 3308 911 3366 Adulterium
934 3306 1266 3434 (secundum
1323 3302 1384 3359 in
1415 3304 1589 3375 pronis
1642 3300 1854 3359 obtinet

955 3395 1131 3434 ocum.

955 3395 1131 3438 ecum.

568 3471 833 3527 Clemens
857 3469 926 3523 ad
957 3466 1184 3531 Jacob.,
1219 3464 1388 3535 epist.
1425 3464 1475 3522 1.

276 3583 387 3654 (32,
422 3597 478 3652 q.
508 3580 564 3646 7,
597 3594 647 3633 c.
682 3574 822 3643 Quid
850 3575 911 3628 in
959 3570 1253 3641 omnibus.)
1283 3568 1429 3634 Quid
1490 3567 1548 3625 in
1580 3564 1852 3621 omnibus

207 3668 459 3744 peccatis
487 3670 577 3721 est
606 3661 894 3718 adulterio
924 3657 1156 3731 gravius
1175 3657 1202 3712 ?
1230 3657 1570 3744 Secundum
1599 3670 1855 3725 namque

205 3741 266 3814 in
313 3756 499 3830 poenis
528 3752 750 3811 obtinet
779 3749 972 3809 locum
1005 3762 1179 3818 quem
1211 3744 1449 3816 quidem
1488 3742 1745 3814 primum
1769 3741 1858 3797 illi

210 3848 500 3917 obtinent,
534 3841 634 3915 qui
666 3840 939 3901 aberrant
966 3856 998 3892 a
1028 3836 1144 3893 Deo
1170 3834 1351 3895 etiam
1378 3833 1426 3888 si
1470 3831 1725 3895 vixerint
1764 3848 1857 3891 so-

211 3936 351 3997 brie.
1808 3930 1809 3933 “

282 4053 417 4108 CAP.
449 4048 619 4104 XXII.
652 4043 877 4114 Quando
905 4042 1115 4099 dicitur
1131 4040 1401 4097 committi
1428 4038 1786 4097 adulterium.

657 4145 907 4215 August.
942 4141 1015 4196 Do
1042 4140 1175 4196 bono
1199 4139 1411 4210 conjug.

282 4260 392 4327 (22,
427 4273 482 4327 q.
517 4254 571 4323 5,
623 4268 672 4306 c.
733 4250 853 4306 ιιιέε
905 4246 1135 4317 autem.)
1167 4245 1536 4301 Adulterium
1586 4249 1692 4316 est,
1728 4262 1863 4301 cum

208 4347 300 4403 vel
334 4343 580 4421 propriis
603 4337 866 4395 libidinis
897 4335 1205 4401 instinctu,
1228 4333 1317 4389 vel
1338 4334 1540 4389 alienae
1572 4349 1860 4389 consensu

211 4451 344 4491 cum
378 4434 559 4487 altero
590 4428 676 4485 vel
702 4426 884 4481 altera
913 4429 1115 4481 contra
1137 4427 1372 4494 pactum
1405 4422 1709 4494 conjugaie
1732 4439 1864 4478 con-

212 4523 535 4590 cumbitur,
571 4523 745 4589 atque
794 4516 876 4571 ita
907 4513 1195 4584 frangitur
1242 4512 1407 4580 fides,
1443 4528 1565 4583 qum
1596 4511 1654 4566 in
1691 4513 1867 4568 rebus

211 4615 390 4667 etiam
424 4607 719 4682 corporeis
748 4610 805 4661 et
836 4603 1078 4675 abjcctis
1112 4618 1390 4673 magnum
1435 4601 1612 4656 animi
1643 4602 1864 4657 bonum

214 4709 324 4757 est.
371 4701 437 4754 Et
466 4699 595 4752 ideo
630 4713 758 4752 eam
818 4691 994 4750 saluti
1045 4707 1279 4762 quoque
1326 4689 1634 4762 corporali,
1689 4707 1865 4762 quam

1943 2149 2235 2222 judicium
2265 2148 2345 2205 sit
2372 2148 2691 2220 agendum,
2742 2147 2905 2205 nulla
2934 2146 3081 2204 ratio
3134 2152 3294 2219 patet
3340 2148 3597 2206 Thebar—

1950 2256 2085 2314 gam
2116 2255 2250 2296 cum
2282 2237 2557 2296 Lothario
2587 2254 2760 2311 posse
2788 2237 2938 2293 inire
2968 2236 3305 2296 conﬂictum
3336 2236 3422 2294 vel
3454 2237 3596 2309 ligi—

1930 2330 2164 2385 .timum
2194 2327 2604 2384 controversias
2634 2326 2780 2385 inire
2811 2330 3127 2397 certamen,
3155 2326 3268 2383 nisi
3288 2327 3453 2399 prius
3482 2345 3598 2381 sua:

1956 2416 2230 2490 potestati
2260 2420 2318 2475 et
2345 2416 2802 2488 consanguineis
2850 2416 3103 2487 propriis
3152 2417 3393 2481 sociata,
3452 2416 3604 2470 inter

1956 2524 2104 2580 quos
2133 2506 2307 2565 etiam
2336 2505 2501 2564 locus
2531 2505 2937 2577 prmvidendus
2968 2509 3057 2561 est
3086 2504 3148 2562 in
3179 2522 3295 2577 quo
3328 2506 3489 2562 nulla
3529 2506 3603 2559 sit

1955 2597 2040 2655 vis
2072 2594 2472 2656 multitudinis
2510 2594 2883 2651 formidanda
2924 2599 2981 2650 et
3002 2610 3116 2651 non
3136 2594 3215 2651 sit
3234 2594 3471 2651 difﬁcile
3497 2602 3532 2648 te
3556 2614 3605 2650 s-

1956 2689 2046 2744 tss
2092 2684 2413 2755 perducere
2468 2682 2556 2740 vel
2607 2687 2845 2741 caeteras
2903 2700 3187 2757 personas
3238 2701 3365 2756 quae
3422 2689 3539 2739 tam
3575 2702 3605 2737 n

1959 2773 2180 2834 sanctis
2210 2772 2538 2831 canonibus
2569 2789 2747 2848 quam
2779 2790 2812 2831 ι
2832 2773 3179 2829 venerandis
3211 2772 3490 2828 Romanis
3522 2772 3605 2827 io-

1958 2862 2132 2934 gibus
2163 2861 2223 2920 in
2253 2862 2598 2932 hujusmodi
2628 2862 3039 2919 controversiis
3070 2862 3468 2933 requiruntur.
3491 2862 3605 2917 Nec

1958 2950 2178 3010 ideirco
2204 2950 2463 3011 diximus
2494 2955 2562 3008 ut
2588 2951 2971 3009 ostendamus
3020 2967 3195 3023 quem
3228 2950 3425 3023 legum
3469 2969 3604 3007 con-

1959 3041 2183 3098 ﬂictum
2214 3039 2527 3098 Lotbarius
2573 3038 2847 3111 congredi
2897 3056 3068 3112 posse
3124 3045 3411 3105 autumat,
3472 3058 3603 3095 cum

1961 3144 2273 3203 personam
2304 3145 2482 3200 quam
2514 3128 2574 3185 in
2598 3129 2725 3185 suis
2758 3129 3157 3201 penetralibus
3187 3131 3450 3201 quotidie
3485 3132 3607 3184 inti-

1918 3224 1921 3225 ⁷
1961 3222 2062 3290 gat
2090 3221 2149 3277 et
2176 3217 2446 3285 conterit,
2479 3223 2537 3277 et
2566 3218 2803 3289 quando
2834 3218 2961 3275 vult
2982 3220 3053 3276 ad
3080 3219 3395 3290 judicium,
3419 3236 3605 3289 quan-

1962 3307 2033 3362 do
2065 3306 2190 3361 vult
2221 3308 2291 3362 ad
2322 3306 2580 3363 claustra
2611 3308 2859 3378 reducit,
2892 3312 2949 3366 et
2979 3308 3212 3381 quando
3243 3309 3452 3362 educta
3484 3308 3607 3361 i‘ue-

1962 3396 2040 3451 rit
2069 3395 2182 3449 nisi
2212 3412 2278 3453 ea
2310 3396 2653 3466 profiteatur
2683 3411 2811 3468 quae
2862 3395 2987 3465 ipse
3020 3395 3379 3468 praeceperit,
3412 3395 3601 3465 punit.

1881 3447 1924 3513 (ἶ
1962 3447 3605 3557 p.01..aeggsii‘isegat:tametsi:aggesta..-

1957 3572 2119 3629 sione
2148 3576 2324 3651 atque
2354 3575 2643 3646 potestate
2675 3571 2834 3627 illius
2858 3588 2992 3627 cum
3023 3588 3136 3643 quo
3167 3571 3352 3631 initur
3372 3572 3615 3628 coniiic-

1958 3665 2059 3718 tus
2090 3666 2319 3734 oportet
2348 3661 2584 3719 liberari
2616 3666 2787 3735 atque
2840 3661 2965 3717 suis
3025 3660 3347 3718 liberaliter
3398 3662 3508 3726 uti,
3560 3660 3617 3719 et

1963 3755 2267 3824 suspectas
2316 3766 2595 3825 personas
2626 3749 2898 3806 convenit
2950 3748 3242 3807 declinare
3274 3768 3400 3823 qua:
3442 3767 3504 3806 se
3539 3751 3611 3806 ab

1964 3839 2209 3912 objectis
2237 3839 2542 3895 ostendere
2571 3839 2733 3914 cupit
2762 3840 3112 3895 immunem.

1966 3929 2097 3984 CAP.
2134 3928 2295 3984 XXV.
2334 3928 2409 3984 Vi
2455 3937 2668 3986 extorta
2705 3929 2970 4056 oozfisstio
3014 3928 3243 3987 admitti
3290 3928 3350 3985 in
3406 3929 3616 4000 iutilia

2630 4016 2742 4056 non
2809 4018 2835 4056 e
2874 4017 2900 4056 θ
2935 4043 2946 4055 .

2630 4016 2742 4057 non
2772 4016 2946 4057 αεοθι.

2368 4088 2645 4144 Nicolaus
2674 4088 2996 4161 Thesberg.
3033 4089 3216 4161 regin.

2040 4178 2154 4234 Nos
2184 4177 2336 4234 hanc
2349 4178 2777 4234 confessionem
2800 4182 2962 4233 tuam
2988 4196 3167 4249 quam
3200 4195 3313 4234 non
3331 4177 3619 4245 voluntas,

1972 4269 2069 4323 sed
2100 4266 2187 4323 vis
2215 4266 2477 4335 extorsit,
2512 4283 2879 4339 nequaquam
2913 4284 3016 4339 pro
3060 4268 3424 4323 confessione
3475 4268 3622 4322 reei-

1974 4358 2193 4433 pimus,
2227 4373 2329 4411 nec
2360 4355 2686 4411 convicium
2738 4373 2841 4428 per
2874 4357 3097 4412 radices
3146 4357 3474 4426 extendere,
3521 4374 3626 4413 nec

1974 4444 2408 4517 permittimus:
2441 4444 2599 4514 quod
2631 4443 2743 4499 nisi
2776 4444 3041 4499 evulsum
3077 4444 3281 4499 intime
3312 4445 3381 4499 ad
3409 4444 3623 4499 multo-

1974 4553 2104 4593 rum
2137 4535 2451 4608 perniciem
2485 4538 2678 4606 potest
2709 4535 2992 4590 accidere.
3028 4534 3309 4606 Denique,
3345 4535 3390 4589 si
3420 4536 3528 4591 hoc
3564 4536 3624 4589 ii-

1976 4631 2085 4697 cet,
2118 4642 2341 4682 ommes
2372 4624 2479 4680 viri
2512 4628 2763 4697 possunt
2810 4641 2955 4695 quas
2980 4624 3113 4695 jure
3144 4624 3332 4678 sortiti
3365 4631 3501 4680 sunt
3535 4626 3622 4679 Γρ-

1978 4716 2191 4782 minas,
2226 4715 2276 4771 si
2306 4732 2405 4771 eas
2424 4712 2554 4769 odio
2579 4713 2910 4781 habuerint,
2937 4713 3184 4768 diversis
3207 4714 3626 4770 afﬂictionibus

214 4792 391 4847 etiam
423 4788 541 4885 vita
573 4788 685 4841 ista
715 4781 1065 4851 continetur,
1116 4783 1342 4836 certum
1374 4782 1464 4835 est
1501 4797 1616 4836 non
1659 4779 1866 4837 debere
1896 4821 1943 4885 D
1977 4779 2294 4875 macerare,
2325 4812 2379 4860 ει
2409 4802 2564 4876 quod
2588 4801 2860 4875 legitima
2886 4779 3000 4859 mm
3043 4802 3259 4860 fuerint
3288 4808 3626 4874 assumptm,

216 4878 511 4951 postponi.

212 5000 347 5050 CAP.
378 4991 581 5049 XXIII.
607 4989 911 5045 lilwchatur
940 4986 1036 5058 qui
1064 4986 1242 5042 alicui
1279 4993 1478 5057 prwter
1528 4988 1873 5047 matrimonii

855 5059 1029 5129 [cadus
1054 5059 1333 5114 miscetur.

538 5151 744 5207 Isidor.
779 5164 959 5220 super
992 5147 1272 5215 Exodum,
1305 5163 1432 5219 cap.
1454 5146 1545 5202 29.

287 5264 400 5334 (3'3,
434 5277 491 5331 q.
525 5260 579 5325 5,
615 5275 664 5313 c.
715 5258 834 5313 Non
864 5254 1265 5322 ma’chaberis.)
1297 5254 1422 5309 Non
1470 5252 1870 5322 mcechabcris,

214 5355 273 5409 id
308 5356 397 5407 est
428 5366 499 5405 ne
531 5348 848 5419 quisquam
878 5348 1087 5425 praeter
1116 5342 1470 5398 matrimonii
1499 5344 1712 5397 lbedera
1741 5341 1871 5395 aliis

219 5438 459 5497 feminis
493 5436 810 5492 misceatur
842 5434 911 5489 ad
964 5431 1310 5504 explendam
1360 5430 1686 5486 libidinem.
1728 5430 1869 5485 Nam

222 5526 580 5586 adulterium
615 5525 753 5581 facit
800 5520 1161 5596 spiritaliter,
1197 5518 1294 5591 qui
1344 5524 1553 5592 praater
1599 5536 1767 5576 suam
1801 5520 1870 5575 ad

228 5619 473 5675 alteram
507 5614 753 5671 accedit.

1980 4894 2182 4951 statim
2213 4909 2440 4966 cogere,
2472 4891 2615 4965 quin
2645 4891 2819 4949 etiam
2845 4896 2906 4948 ut
2938 4892 3156 4948 morale
3187 4892 3406 4947 crimen
3432 4899 3629 4946 contra

1981 5001 2043 5040 se
2075 4985 2292 5049 dicant,
2317 4982 2495 5038 illatis
2526 4979 2996 5037 intolerabilibus
3029 4980 3215 5053 pannis
3263 4980 3626 5051 conpellere.

1981 5096 2111 5145 CAP.
2172 5088 2360 5145 XXVI.
2409 5089 2615 5147 Clorico
2670 5088 2951 5159 negotiari
3005 5103 3114 5141 non
3168 5086 3312 5156 licet,
3372 5093 3421 5147 et
3476 5089 3632 5159 ponit

2067 5166 2311 5232 tempora
2339 5160 2557 5232 quando
2589 5161 2674 5215 vir
2690 5170 2868 5235 potest
2898 5161 3043 5215 coire
3072 5175 3194 5213 cum
3225 5174 3323 5212 sua
3354 5174 3548 5212 more.

2112 5255 2353 5322 August.
2388 5252 2459 5306 De
2491 5251 2693 5318 ρυιτδε.
2736 5252 2845 5304 νει.
2885 5253 2937 5303 et
2966 5250 3102 5302 Nov.
3138 5248 3297 5317 Test.,
3331 5264 3379 5302 c.
3413 5248 3503 5301 27.

2053 5340 2221 5411 (Dist.
2276 5340 2365 5408 58,
2428 5356 2475 5393 c.
2534 5338 2865 5404 Fornieari.)
2930 5335 3225 5390 F‘ornicari
3292 5336 3634 5391 hominibus

1984 5445 2219 5501 semper
2250 5446 2362 5484 non
2396 5428 2571 5497 licet;
2609 5424 2895 5499 negotiari
2924 5442 3059 5481 vero
3112 5424 3430 5501 aliquando
3484 5425 3634 5480 licet.

1984 5522 2312 5591 Antequam
2346 5516 2780 5574 ecclesiasticus
2805 5514 2940 5589 quis
2964 5514 3061 5583 sit,
3080 5514 3219 5575 licet
3248 5514 3300 5570 ei
3332 5515 3636 5589 negotiari:

1987 5608 2288 5680 factojam
2321 5626 2437 5665 non
2465 5607 2619 5663 licet.
2656 5606 2723 5664 Et
2750 5605 3087 5663 Christiano
3130 5621 3264 5662 cum
3314 5623 3491 5663 uxore
3535 5623 3642 5662 sua
