3986 6048
195 272 334 326 1289

1500 269 1901 324 PANORMIA.
1936 293 2003 303 --
2033 264 2166 316 LIB.
2208 262 2329 314 VII.

3474 258 3616 312 1290

191 397 292 453 illa
322 402 379 452 et
420 396 536 452 noli
587 397 889 453 convivere
934 415 1069 454 cum
1118 397 1240 452 illa.
1291 396 1395 452 Sin
1443 400 1662 463 autem,
1695 398 1752 449 et
1785 397 1844 447 tu
1877 395 1931 461 Α
1962 393 2050 445 est
2081 386 2244 443 vobis
2277 402 2378 456 per
2407 400 2509 439 vos
2557 397 2815 452 manere,
2863 381 2984 438 sive
3015 382 3158 450 viro,
3204 381 3326 437 sive
3358 380 3615 437 mulieri.

194 487 487 559 particeps
516 487 632 542 eris
666 487 878 559 peccali
913 488 1057 559 ejus.
1091 487 1334 558 Propter
1360 485 1466 541 hoc
1495 486 1849 557 prmceptum

1962 480 2161 533 Potest
2191 475 2347 531 enim
2382 473 2438 528 in
2471 471 2813 544 hujusmodi
2847 470 3188 543 poenitentia
3218 488 3364 529 esse.

1239 793 1342 852 DE
1388 787 1725 851 [IECONCI
1737 783 2097 846 LlATlONE
2141 777 2555 842 CONJUGUM
2570 823 2583 836 .

198 958 335 1013 CAP.
372 956 599 1013 XXXV.
635 956 915 1013 Adulterio
943 960 1178 1028 purgato
1217 971 1314 1027 per
1338 954 1720 1028 pmnilentiam
1748 966 1847 1023 po-

554 1029 654 1085 test
679 1030 805 1099 ﬁeri
833 1027 1208 1085 reconciliatio
1238 1027 1501 1100 conjugii‘.

269 1164 381 1233 (32,
415 1178 473 1233 q.
512 1163 561 1229 1,
596 1179 645 1217 c.
678 1162 826 1231 Quod
847 1164 1072 1235 autem).
1095 1163 1255 1229 Quod
1280 1165 1473 1217 autem
1507 1158 1610 1214 tibi
1637 1158 1848 1211 durum

195 1249 446 1317 videtur,
482 1255 545 1305 ut
576 1256 708 1322 post
754 1250 1110 1306 adulterium
1163 1248 1573 1306 reconcilietur
1616 1246 1849 1315 conjux,

195 1338 245 1393 si
278 1338 423 1394 fides
455 1339 631 1409 adsit,
670 1356 782 1394 non
816 1340 928 1395 erit
959 1340 1196 1394 durum.
1245 1343 1358 1393 Cur
1408 1336 1565 1391 enim
1596 1335 1847 1406 deputa-

197 1444 330 1483 mus
363 1428 555 1484 adhuc
586 1427 903 1496 adulleros,
927 1428 1014 1483 vel
1048 1445 1195 1500 quos
1217 1428 1569 1499 baptismate
1591 1422 1845 1491 ablutos,

196 1516 284 1571 vel
318 1516 663 1588 pmnitentia
694 1518 990 1573 credimus
1011 1533 1139 1573 esse
1164 1520 1422 1573 sanatos.
1454 1515 1583 1570 Haec
1601 1511 1849 1567 erimina

197 1606 254 1661 in
286 1607 463 1662 veteri
496 1606 619 1676 lege
669 1605 852 1661 nullis
898 1606 1205 1662 sacrificiis
1234 1605 1335 1661 Dei
1386 1603 1847 1681 mundabantur,

199 1712 331 1767 quis
359 1694 417 1750 in
451 1694 578 1766 lege
595 1694 735 1751 Novi
754 1696 1109 1750 Testamenti
1136 1695 1424 1767 sanguine
1454 1693 1581 1749 sine
1611 1690 1847 1746 dubita-

195 1785 354 1840 tione
382 1785 761 1852 mundantur,
796 1790 853 1840 et
883 1784 1013 1840 ideo
1046 1789 1186 1840 tunc
1216 1784 1455 1840 omnino
1487 1780 1847 1855 prohibitum

195 1878 285 1930 est
315 1875 387 1929 ab
437 1873 551 1929 alio
597 1874 724 1930 viro
767 1873 1226 1929 contaminatam
1284 1872 1538 1944 recipere
1586 1885 1847 1933 uxorem,

195 1962 465 2034 quamvis
496 1963 672 2018 David
702 1962 892 2018 Saulis
940 1962 1145 2031 filiam,
1178 1978 1355 2033 quam
1390 1965 1553 2033 pater
1581 1959 1847 2030 ejusdem

198 2051 465 2107 mulieris
496 2052 564 2106 sb
596 2067 662 2106 eo
693 2055 1023 2124 separatam
1056 2052 1297 2106 dederat
1346 2049 1535 2117 alteri,
1566 2052 1849 2120 tanquam

194 2141 338 2196 Novi
368 2141 727 2196 Testamenti
750 2141 1176 2212 prtefigurator,
1200 2139 1327 2195 sine
1351 2135 1850 2195 contaminatione

197 2230 500 2301 receperit.
544 2234 713 2285 Nunc
766 2234 961 2285 autem
1012 2234 1213 2301 postea
1242 2245 1419 2299 quam
1470 2226 1738 2285 Christus
1771 2223 1855 2279 ait

199 2318 477 2374 adultera:
513 2336 525 2373 :
560 2320 666 2374 Nec
694 2334 791 2386 ego
842 2323 895 2373 te
940 2319 1337 2385 condemnabo,
1394 2318 1555 2378 vade.
1599 2314 1850 2385 deinceps

200 2406 320 2463 noli
345 2423 570 2479 peccare
600 2408 783 2477 (Joan.
817 2409 962 2474 VIII),
1013 2412 1071 2461 et
1119 2406 1253 2477 quis
1304 2422 1418 2460 non
1451 2404 1723 2473 intelligit
1752 2402 1848 2456 de-

202 2498 340 2553 bere
370 2496 670 2567 ignoscere
716 2494 1015 2559 meritum,
1048 2496 1205 2566 quod
1237 2494 1393 2550 videt
1416 2493 1706 2571 ignovisse
1740 2496 1848 2545 Do-

204 2585 432 2640 minum
467 2585 799 2649 amborum,
824 2600 927 2639 nec
948 2584 1072 2654 jam
1101 2599 1162 2637 se
1184 2584 1396 2639 debere
1421 2581 1749 2637 adulteram
1773 2578 1853 2633 di-

203 2690 332 2730 cere
358 2673 529 2743 cujus
560 2672 897 2745 paenitentis
920 2673 1139 2728 crimen
1173 2672 1370 2727 divina
1399 2670 1583 2726 credit
1613 2670 1851 2726 misera-

203 2763 361 2819 tione
392 2762 669 2819 deletum.

197 2959 335 3015 Cxp.
368 2957 611 3017 XXXVI.
653 2958 1029 3030 Viriggravius
1074 2967 1203 3014 sunt
1239 2956 1520 3030 puniendi
1548 2958 1615 3015 de
1641 2957 1852 3015 adulle-

728 3028 814 3085 rio
845 3047 1009 3103 quam
1038 3028 1317 3086 mulieres.

571 3168 814 3236 August.
851 3165 921 3219 ad
953 3164 1151 3220 eumd.
1188 3164 1316 3232 1.11,
1352 3182 1401 3222 c.
1432 3167 1491 3220 6.

278 3325 388 3397 (32,
417 3342 473 3397 q.
512 3325 558 3395 1,
593 3342 641 3381 c.
674 3325 1088 3399 Indignantur).
1132 3327 1523 3399 Indignantur
1553 3326 1769 3395 mariti,
1805 3326 1855 3383 si

205 3414 453 3470 audiant
492 3414 787 3471 adulteros
830 3414 982 3471 viros
1013 3416 1265 3488 pendere
1316 3415 1540 3470 similes
1571 3415 1856 3471 adulteris

206 3503 443 3558 feminis
476 3522 674 3575 pmnas
713 3521 843 3559 cum
879 3509 1038 3559 tanto
1068 3504 1299 3575 gravius
1329 3521 1429 3559 eos
1460 3503 1653 3575 puniri
1686 3521 1855 3575 opor-

206 3591 408 3658 tuerit,
464 3597 681 3662 quanto
732 3591 919 3663 magis
969 3592 1039 3645 ad
1093 3608 1191 3646 eos
1240 3592 1495 3662 pertinet
1543 3595 1599 3645 et
1644 3591 1856 3647 virtute

204 3680 434 3735 vincere
490 3685 545 3734 et
576 3678 838 3750 exemplo
869 3696 1065 3749 regere
1098 3679 1364 3735 feminas.

2404 946 2541 999 CAP.
2578 940 2836 997 XXXVII.
2872 942 2944 995 De
2973 940 3178 996 eodem.

2303 1034 2552 1102 August.
2588 1030 2659 1086 ad
2692 1030 2912 1096 eumd.,
2949 1028 2987 1083 ι.
3022 1046 3085 1096 ιι,
3118 1046 3169 1084 c.
3201 1030 3257 1083 6.

2033 1124 2147 1195 (32,
2179 1139 2237 1193 q.
2289 1122 2344 1188 1,
2391 1136 2444 1177 c.
2495 1121 2612 1175 Non
2659 1121 2765 1175 erit
2814 1120 3036 1190 turpis).
3094 1118 3219 1173 Non
3273 1116 3385 1172 erit
3428 1117 3615 1188 turpis

1960 1228 2150 1283 neque
2181 1208 2440 1266 difficilis
2478 1209 2652 1265 etiam
2699 1212 2832 1280 post
2881 1212 3111 1279 patrata
3160 1210 3334 1278 atque
3367 1210 3616 1277 purgata

1962 1300 2271 1369 adulteria,
2304 1298 2702 1355 reconciliatio
2750 1297 3091 1367 conjugum,
3143 1295 3243 1351 ubi
3276 1311 3378 1367 per
3425 1293 3617 1349 claves

1960 1389 2123 1463 regni
2153 1388 2429 1445 cmlorum
2464 1403 2581 1442 non
2614 1386 2919 1442 dubitatur
2950 1385 3073 1440 fleri
3105 1383 3380 1440 remissio
3411 1398 3615 1456 pecea-

1955 1484 2175 1547 torum,
2205 1494 2319 1533 non
2357 1482 2421 1532 ut
2450 1480 2585 1549 post
2613 1474 2719 1530 viri
2743 1474 3061 1532 divortium
3096 1472 3364 1529 adultera
3393 1486 3621 1528 revoce-

1958 1574 2077 1639 tur,
2110 1568 2212 1623 sed
2246 1571 2309 1622 ut
2340 1569 2472 1639 post
2503 1564 2719 1622 Christi
2769 1563 3155 1631 consortium,
3203 1562 3471 1619 adultera
3502 1577 3619 1617 non

1962 1661 2221 1714 vocetur.

2007 1748 2146 1803 CAP.
2185 1744 2477 1801 XXXVIII.
2513 1744 2596 1798 An
2623 1743 2741 1799 viro
2772 1742 2897 1798 licet
2928 1740 3134 1799 reverti
3163 1740 3247 1798 ad
3275 1740 3569 1796 mulierem

2620 1814 2951 1869 adulteram.

2387 1909 2651 1972 Hermes,
2684 1902 2728 1960 l.
2769 1904 3014 1972 Parion,
3045 1918 3096 1958 ο.
3130 1903 3184 1957 4.

2031 1996 2144 2068 (34,
2177 2011 2232 2068 q.
2264 1995 2320 2062 2,
2349 2010 2398 2049 c.
2452 1997 2563 2062 Ego
2592 1992 2753 2063 dixi).
2808 1992 2925 2063 Ego
2966 1990 3086 2046 dixi
3136 1990 3358 2047 Pastori
3392 2006 3406 2045 :
3439 2012 3467 2039 α
3502 1990 3612 2046 Do-

1961 2084 2139 2155 mine,
2176 2082 2227 2139 si
2278 2082 2412 2155 quis
2456 2081 2727 2138 habuerit
2777 2080 3083 2137 mulierem
3134 2079 3364 2136 fidelem
3408 2078 3468 2134 in
3502 2078 3611 2133 Do-

1959 2174 2142 2239 mino,
2174 2176 2232 2228 et
2258 2172 2409 2228 hanc
2441 2170 2730 2227 invenerit
2760 2170 2818 2225 in
2852 2169 3167 2235 adulterio,
3193 2167 3462 2241 nunquid
3486 2183 3617 2239 pec-

1958 2268 2050 2320 cat
2097 2262 2203 2329 vir,
2257 2261 2306 2317 si
2356 2260 2633 2317 concubit
2679 2276 2814 2315 cum
2864 2257 3020 2315 illa?
3051 2279 3080 2308 ››
3130 2258 3200 2313 Et
3247 2256 3390 2311 dixit
3422 2255 3613 2311 mihi:

1960 2372 1991 2406 α
2022 2350 2293 2417 Quandiu
2346 2349 2533 2406 nescit
2567 2354 2871 2422 peccatum
2904 2347 3033 2418 ejus
3084 2345 3209 2402 sine
3252 2344 3496 2400 crimine
3527 2348 3618 2399 est

1959 2458 2092 2497 cum
2126 2440 2247 2495 illa.
2280 2439 2341 2494 Si
2372 2443 2568 2494 autem
2620 2437 2817 2493 scierit
2848 2437 2937 2491 vir
2983 2451 3222 2491 uxorem
3268 2451 3438 2490 suam
3470 2431 3615 2487 deli-

1961 2529 2161 2603 quisse
2191 2532 2246 2584 et
2279 2544 2392 2583 non
2424 2526 2606 2599 egerit
2637 2525 3040 2598 poenitentiam
3089 2522 3323 2589 mulier,
3354 2522 3456 2578 sed
3490 2538 3621 2593 per-

1962 2622 2162 2675 manet
2190 2617 2247 2672 in
2280 2614 2664 2671 fornicatione
2696 2632 2827 2684 sua,
2862 2618 2919 2669 et
2966 2613 3170 2670 coierit
3215 2628 3349 2668 cum
3381 2610 3482 2666 illa
3508 2610 3617 2678 vir,

1961 2723 2099 2763 reus
2147 2705 2370 2778 peccati
2419 2705 2548 2775 ejus
2600 2704 2728 2772 erit,
2762 2707 2815 2758 et
2870 2702 3160 2774 particeps
3210 2698 3620 2756 mmchationis

1962 2796 2111 2867 ejus.
2148 2814 2173 2846 ι
2207 2794 2276 2849 Et
2302 2792 2421 2848 dixi
2446 2792 2529 2847 illi
2558 2808 2570 2847 :
2607 2813 2632 2845 ι
2661 2790 2809 2857 Quid
2832 2806 2968 2863 ergo
3000 2790 3051 2847 si
3073 2794 3378 2863 permanet
3402 2789 3458 2843 in
3476 2787 3617 2844 vitio

1963 2900 2069 2940 suo
2102 2881 2358 2938 mulier?
2390 2904 2418 2931 ››
2451 2882 2518 2936 Et
2546 2881 2693 2935 dixit
2725 2898 2738 2937 :
2778 2900 2805 2932 ci
2834 2880 3105 2935 Dimittat
3126 2878 3287 2935 illam
3310 2879 3417 2948 vir,
3450 2881 3507 2933 et
3530 2877 3619 2933 vir

1962 2988 2065 3044 per
2092 2987 2155 3027 se
2185 2976 2436 3026 maneat.
2457 2969 2527 3024 Et
2548 2968 2665 3024 dixi
2694 2984 2707 3023 ε
2734 2968 2904 3037 Quid,
2927 2967 2977 3025 si
3000 2967 3216 3023 mulier
3232 2966 3480 3023 dimissa
3502 2983 3618 3038 pos-

1964 3059 2272 3117 nitentiam
2296 3058 2479 3131 egerit
2499 3063 2557 3114 et
2577 3057 2826 3113 voluerit
2849 3057 2921 3113 ad
2948 3056 3136 3113 virum
3169 3055 3400 3125 reverti,
3424 3070 3619 3112 nonne

1963 3150 2282 3221 recipiatur
2309 3166 2344 3204 a
2372 3149 2495 3203 viro
2527 3164 2633 3203 suo
2659 3150 2682 3203 Ρ
2712 3171 2733 3199 ι
2772 3146 2929 3202 Dixit
2961 3163 2974 3201 :
3008 3168 3037 3197 ‹‹
3072 3146 3194 3202 lmo
3226 3145 3276 3201 si
3310 3160 3426 3200 non
3456 3158 3616 3201 rece-

1966 3241 2114 3312 perit
2143 3253 2272 3295 eam
2303 3237 2390 3293 vir
2436 3254 2581 3293 suus
2611 3242 2833 3309 peccat,
2868 3241 2925 3292 et
2978 3252 3259 3308 magnum
3312 3238 3617 3307 peccatum

1967 3328 2079 3385 sibi
2125 3327 2405 3382 admittit.
2442 3348 2462 3375 ι
2516 3326 2665 3397 Ergo
2715 3326 2889 3380 debet
2935 3325 3191 3396 recipere
3238 3322 3620 3394 peccatricem

1968 3432 2096 3487 qua:
2128 3412 2533 3486 paenitentiam
2564 3413 2701 3484 egit,
2735 3413 2837 3468 sed
2890 3429 3004 3468 non
3038 3427 3209 3483 saepe.
3244 3410 3433 3466 Servis
3463 3410 3621 3465 enim

1967 3503 2067 3559 Dei
2102 3502 2442 3574 pmnitentia
2473 3504 2562 3555 est
2594 3517 2728 3555 una.
2778 3503 3019 3571 Propter
3049 3498 3451 3571 pmnitentiam
3484 3514 3622 3569 ergo

1969 3609 2083 3647 non
2116 3591 2307 3657 debet,
2357 3590 2603 3646 dimissa
2636 3606 2812 3644 uxore
2858 3606 2987 3659 sua,
3019 3587 3195 3644 aliam
3238 3588 3491 3657 ducere;
3524 3586 3621 3642 hic

1969 3686 2136 3738 actus
2165 3684 2257 3737 est
2284 3679 2498 3737 similis
2529 3680 2590 3736 in
2625 3678 2865 3736 muliere
2894 3683 2951 3736 et
2980 3679 3040 3734 in
3070 3679 3215 3737 viro.

862 3987 963 4046 DE
1010 3985 1534 4047 SACRAMENTO
1582 3987 1680 4045 ET
1716 3986 2199 4048 JUltAMENTO
2244 3985 2975 4048 REGONCIIJATIONIS

367 4147 500 4201 CAP.
535 4145 788 4201 XXXIX.
828 4147 1085 4217 Purgalio
1118 4145 1386 4217 impulali
1412 4144 1697 4201 adulterii.

279 4288 359 4343 De
390 4286 499 4341 hoe
530 4287 683 4357 quod
718 4286 860 4341 mihi
895 4289 1225 4357 reputatum
1259 4290 1347 4341 est
1380 4286 1434 4340 in
1472 4286 1579 4342 hac
1614 4288 1859 4358 synodo,

208 4376 365 4449 quod
395 4374 572 4431 simul
606 4391 738 4429 cum
772 4375 885 4430 ista
917 4374 1131 4430 femina
1182 4374 1533 4431 adulterium
1560 4375 1645 4431 vel
1682 4377 1859 4431 forni-

208 4464 496 4520 cationem
530 4464 819 4532 fecissem,
859 4464 1008 4535 quod
1040 4463 1122 4519 ita
1170 4480 1286 4519 non
1319 4463 1425 4519 feci
1458 4481 1562 4519 nec
1592 4463 1859 4535 culpabi-

210 4553 324 4607 lem
360 4568 450 4607 me
500 4567 808 4623 cognosco,
864 4552 947 4608 sic
997 4569 1091 4608 me
1123 4553 1276 4608 Deus
1325 4553 1559 4623 adjuvet
1608 4553 1676 4607 ad
1711 4552 1857 4606 illud

203 4641 521 4712 judicium.

212 4803 351 4858 CAP.
386 4803 505 4857 XL.
555 4802 851 4882 Separatio
904 4803 1129 4860 incestae
1174 4803 1567 4882 copulationis,
1617 4807 1669 4858 et
1715 4804 1865 4871 iura-

702 4879 952 4930 menlum
979 4876 1372 4944 separationis.

283 5035 369 5090 Ab
402 5034 516 5090 isto
548 5035 640 5090 die
688 5035 747 5091 in
789 5039 961 5091 antea
1009 5052 1143 5091 cum
1176 5035 1289 5091 ista
1340 5033 1557 5091 femina
1587 5051 1719 5090 cum
1752 5051 1869 5105 qua

213 5122 569 5179 adulterium
600 5122 687 5178 vel
719 5124 1168 5181 fornicationem
1193 5123 1403 5195 fecisti,
1426 5124 1582 5178 unde
1611 5123 1867 5195 discipli-

213 5229 351 5267 nam
410 5211 498 5267 vel
562 5212 966 5284 paenitentiam
1035 5213 1369 5286 suscepisti,
1439 5212 1693 5283 amplius
1752 5228 1866 5267 non

213 5300 579 5356 adulterabis
602 5318 708 5357 nec
734 5302 1114 5359 fornicaberis
1137 5319 1270 5358 cum
1303 5319 1371 5357 ea
1403 5319 1505 5357 nec
1533 5301 1703 5357 aliam
1732 5318 1869 5355 uxo-

213 5406 335 5446 rem
372 5390 624 5462 accipies
678 5391 915 5447 nonnisi
961 5396 1091 5461 post
1123 5396 1419 5463 peractam
1469 5389 1869 5462 paenitentiam

215 5478 320 5535 tibi
352 5478 593 5535 licentia
636 5481 773 5537 data
829 5480 1001 5536 fuerit
1049 5481 1121 5536 ab
1174 5480 1448 5552 episcopo
1495 5488 1597 5535 aut
1640 5480 1711 5534 ab
1741 5478 1870 5548 ejus

217 5568 403 5625 misso
436 5568 533 5625 Sic
562 5573 620 5625 te
650 5570 806 5626 Deus
837 5569 1108 5641 adjuvet!

497 5698 580 5757 PA
591 5713 759 5759 TROL.
808 5699 1008 5760 CLXI.

1968 4147 2102 4202 CAP.
2134 4148 2281 4201 XLI.
2334 4143 2723 4202 Reconciliatio
2770 4144 3219 4215 conjugatorum,
3250 4150 3303 4200 et
3329 4142 3618 4214 juramen-

2478 4220 2593 4271 tum
2624 4216 3114 4273 reconciliationis.

2043 4324 2153 4394 (35,
2183 4340 2241 4394 q.
2272 4324 2327 4391 6,
2361 4340 2410 4378 c.
2442 4322 2519 4378 Ab
2550 4323 2657 4377 isto
2700 4323 2975 4394 secundo).
3031 4323 3115 4377 Ab
3166 4322 3278 4379 isto
3309 4321 3401 4378 die
3431 4321 3491 4377 in
3523 4339 3627 4378 an-

1968 4413 2248 4467 teaistam
2265 4416 2426 4467 tuarr.
2442 4412 2755 4484 conjugem
2769 4411 2838 4466 N.
2856 4429 3033 4483 quam
3053 4411 3275 4483 injuste
3292 4411 3627 4481 dimiseras,

1968 4500 2051 4556 ita
2074 4501 2300 4558 tenebis
2332 4501 2486 4557 sicut
2508 4503 2758 4557 maritus
2790 4518 2960 4557 suam
2985 4502 3157 4557 debet
3187 4501 3401 4557 habere
3430 4502 3627 4571 conju-

1969 4606 2119 4661 gem,
2150 4595 2207 4646 et
2238 4590 2297 4645 in
2328 4589 2639 4646 dilectione
2660 4596 2717 4646 et
2748 4591 2946 4647 debita
2972 4589 3306 4662 disciplina.
3330 4606 3435 4647 nec
3465 4590 3626 4646 illam

1888 4678 1932 4743 D
1965 4696 2065 4748 per
2096 4677 2283 4735 ullum
2317 4678 2541 4735 malum
2572 4678 2878 4752 ingenium
2912 4698 2945 4736 a
2975 4684 3031 4736 te
3060 4681 3381 4753 separabis,
3417 4696 3523 4736 nec
3555 4696 3624 4735 ea

1972 4767 2199 4824 vivente
2230 4768 2403 4824 aliam
2437 4767 2712 4840 accipias.
2738 4768 2835 4825 Sic
2866 4773 2921 4824 te
2954 4769 3107 4825 Deus
3139 4766 3410 4841 adjuvet!

2011 4894 2145 4976 cxi).
2176 4919 2347 4975 XLII.
2379 4924 2781 4977 Juramentum
2810 4919 3279 4977 reconciliationis
3308 4918 3601 4974 adulterae.

2048 5038 2268 5093 Amodo
2300 5037 2361 5092 in
2394 5041 2569 5093 antea
2598 5037 2779 5094 istum
2813 5042 2982 5094 tuum
3019 5038 3297 5093 maritum
3332 5052 3509 5109 quem
3541 5035 3636 5091 in-

1970 5126 2134 5197 juste
2164 5126 2476 5182 dimiseras
2507 5126 2589 5182 ita
2613 5126 2841 5183 tenebis
2870 5135 2925 5183 et
2951 5125 3396 5197 amplexaberis,
3418 5130 3475 5180 et
3503 5124 3554 5181 ei
3578 5125 3638 5180 in

1978 5213 2214 5270 servitio
2246 5218 2302 5270 et
2330 5214 2388 5270 in
2425 5231 2619 5272 amore
2649 5220 2707 5272 et
2757 5216 2814 5270 in
2866 5215 3076 5269 timore
3108 5213 3189 5269 ita
3238 5213 3353 5269 eris
3385 5212 3640 5283 subdita,

1978 5306 2037 5357 et
2064 5301 2343 5359 obediens
2377 5304 2534 5358 sicut
2564 5320 2666 5376 per
2716 5308 2943 5358 rectum
2997 5318 3143 5357 uxor
3173 5302 3345 5358 debet
3374 5318 3505 5358 esse
3535 5318 3643 5356 suo

1981 5392 2244 5459 subjecta
2293 5392 2523 5459 marito,
2578 5408 2680 5447 nec
2716 5407 2978 5462 unquam
3030 5391 3102 5446 ab
3153 5407 3219 5446 eo
3251 5394 3306 5445 te
3336 5389 3642 5462 separabis

1980 5495 2085 5535 nec
2112 5480 2212 5535 illo
2243 5481 2474 5537 vivente
2513 5480 2681 5537 alteri
2712 5480 2832 5535 viro
2862 5485 2918 5536 te
2950 5480 3203 5536 sociabis
3235 5480 3508 5552 conjugio
3540 5482 3643 5536 aut

1979 5568 2288 5627 adulterio.
2320 5570 2414 5627 Sic
2445 5575 2499 5625 te
2530 5570 2685 5626 Deus
2716 5569 2968 5641 adjuvet.

3275 5702 3346 5759 41
