3986 6048
403 271 531 326 1291
1488 276 1552 326 D.
1594 273 1832 326 IVONIS
1865 275 2049 326 CAIth'

2231 273 2358 323 lSIS
2397 269 2646 322 EPISCO
2655 271 2718 321 PI
3693 261 3839 315 1292

1133 423 1344 493 QUOD
1392 423 1781 484 MULIE‘IIES
1831 423 2150 482 DEBEN'I‘
2199 420 2385 480 ESSE
2429 418 2791 480 SL‘DDI'UE
2837 415 3072 476 VIRIS.

494 559 623 613 CAP.
656 557 859 614 XLIII.
895 558 1142 612 Mulieres
1170 557 1288 612 suis
1320 560 1452 612 viris
1484 558 1674 614 debent
1701 559 1937 614 subesse.
2076 561 2126 624 Α
2159 572 2351 620 suam,
2385 560 2450 609 ut
2482 571 2595 608 non
2647 552 2847 623 aliqua
2893 567 3086 607 rerum
3116 548 3419 621 Llicitarum
3469 555 3650 620 atque
3685 565 3837 604 con-

769 649 1033 719 August,
1067 650 1362 717 Quaestion.
1397 647 1454 703 in
1491 648 1676 704 Cenes.
2155 661 2457 700 cessarum
2508 642 2888 709 abstinentia,
2947 641 3007 696 in
3057 639 3322 710 ejusdem
3372 639 3521 694 votis
3585 639 3835 692 feminae

470 739 570 793 Est
599 739 739 793 ordo
773 737 1053 793 naturalis
1089 739 1144 792 in
1192 737 1554 804 hominibus,
1590 744 1654 793 ut
1684 739 1934 794 serviant
1969 737 2046 790 fc-
2156 733 2344 788 valeat
2393 731 2735 797 auctoritas,
2770 730 2868 786 sed
2920 727 3129 796 virilis,
3162 729 3243 783 ita
3291 735 3357 782 ut
3387 728 3438 783 si
3486 727 3692 783 adhuc
3730 728 3834 780 in--

345 893 348 898 _
400 829 575 884 minae.
618 828 776 894 viris,
807 832 862 882 et
891 827 992 881 lilii
1047 829 1410 898 parentibus,
1445 829 1584 898 quia
1630 824 1791 882 nulla
1815 825 2050 896 justitia
2156 825 2349 892 nupta:
2392 823 2758 875 concesserat
2803 823 2936 874 vota
2978 816 3305 889 persolvere
3351 821 3530 888 pater,
3566 816 3614 871 si
3654 822 3830 871 ante-

398 921 486 973 est
518 921 580 972 ut
615 918 799 988 major
830 918 1047 972 serviat
1078 917 1314 972 minori.
2159 929 2332 982 quam
2368 909 2729 982 persolverit,
2763 907 3050 980 nupserit,
3075 910 3131 962 et
3159 907 3282 962 viro
3312 908 3440 977 eJus
3471 907 3580 961 hoc
3612 905 3832 978 cogni-

2157 1006 2283 1056 tum
2317 1016 2429 1055 non
2487 997 2789 1071 placuerit,
2824 1013 2940 1054 non
2989 993 3302 1068 persolvat,
3332 1000 3389 1051 et
3430 990 3539 1051 hoc
3572 995 3832 1051 omnino

2159 1089 2286 1144 sine
2317 1096 2570 1160 peccato,
2604 1086 2742 1158 quia
2775 1085 2929 1141 Deus
2974 1085 3280 1140 mundavit
3307 1100 3435 1140 eam
3465 1085 3620 1140 sicut
3641 1085 3830 1149 dicit,

2158 1177 2214 1232 id
2249 1181 2337 1233 est
2368 1177 2650 1231 mundam
2682 1174 2978 1231 indicavit.
3014 1173 3214 1245 Neque
3239 1174 3349 1229 hoc
3379 1179 3582 1228 contra
3615 1174 3829 1228 Domi-

2158 1283 2300 1322 num
2336 1265 2663 1337 putandum
2715 1269 2804 1320 est
2851 1263 2997 1330 ﬁeri,
3029 1278 3166 1318 cum
3215 1262 3340 1333 ipse
3370 1262 3663 1318 Dominus
3718 1262 3832 1317 hoc

2162 1354 2523 1427 praeceperit,
2559 1355 2666 1409 hoc
2696 1352 2965 1409 voluerit.

2157 1448 2295 1501 CAP.
2329 1443 2569 1498 XLVIII.
2606 1444 2733 1499 Vota
2758 1441 3123 1497 abstinentia?
3169 1453 3294 1511 qua?
3320 1441 3556 1502 mulier,
3589 1441 3828 1510 permib

2231 1521 2376 1571 tento
2416 1517 2553 1581 viro,
2585 1513 2924 1586 promiserit,
2958 1513 3055 1570 illo
3100 1513 3418 1584 prohibente
3443 1528 3673 1568 servare
3718 1529 3825 1567 non

659 1039 790 1091 CAP.
826 1035 1026 1091 XLIV.
1067 1036 1162 1090 Vir
1185 1039 1262 1090 est
1291 1039 1464 1106 caput
1493 1033 1768 1090 mulieris.

820 1128 1068 1194 august.
1103 1126 1303 1192 Qua’st.
1347 1125 1452 1179 νει.
1493 1125 1625 1179 Test.

460 1213 574 1283 (33,
601 1229 662 1283 q.
693 1214 749 1278 5,
783 1227 833 1268 c.
867 1215 993 1269 Haec
1023 1214 1246 1283 imago).
1272 1213 1402 1267 Hac
1426 1213 1618 1284 imago
1646 1216 1738 1267 est
1767 1212 1825 1266 in
1860 1209 2048 1265 homi-

387 1316 464 1356 ne
494 1305 557 1355 ut
589 1318 743 1356 unus
776 1302 964 1356 factus
996 1301 1073 1356 sit
1103 1301 1276 1356 homo
1299 1319 1369 1356 ex
1390 1318 1509 1372 quo
1541 1301 1731 1356 caeteri
1759 1300 2050 1374 oriantur,

392 1389 616 1446 habens
647 1390 961 1462 imperium
1012 1391 1134 1456 Dei,
1169 1391 1337 1462 quasi
1387 1391 1664 1454 vicarius,
1693 1389 1834 1459 quia
1876 1389 2051 1442 unius

391 1477 482 1534 lex
513 1478 612 1534 Dei
644 1479 822 1534 habet
851 1478 1276 1550 virimaginem
1306 1480 1460 1550 [meL
1485 1479 1684 1532 omnis
1714 1478 1804 1532 lex
1838 1477 1931 1532 Dei
1955 1477 2053 1532 ha-

391 1568 492 1622 bet
519 1567 882 1638 imaginem].
937 1568 1192 1638 Ideoque
1242 1568 1454 1622 mulier
1493 1585 1609 1622 non
1660 1575 1751 1622 est
1797 1568 1946 1622 facta
1977 1567 2048 1620 ad

395 1655 714 1746 imaginem
759 1657 882 1722 Dei,
917 1657 1001 1712 sic
1045 1657 1260 1712 etenim
1313 1657 1455 1711 dicit
1488 1673 1501 1711 :
1536 1659 1598 1711 Et
1627 1656 1755 1726 fecit
1785 1657 1924 1711 Deus
1955 1655 2052 1709 ho-
2477 1679 2717 1746 August.
2755 1675 2958 1742 Qua”).
2992 1675 3050 1728 in
3078 1677 3329 1739 Nam,”
3364 1671 3399 1727 ι,
3436 1690 3508 1728 ιν,

395 1745 626 1836 minem,
656 1747 729 1802 ad
771 1749 1082 1820 imaginem
1127 1749 1224 1803 Dei
1253 1748 1382 1815 fecit
1409 1749 1572 1804 illum
1621 1747 1772 1819 (Gen.
1809 1748 1870 1818 1).
1905 1746 2049 1802 Hinc

2231 1764 2345 1835 (33,
2377 1781 2434 1836 q.
2464 1765 2520 1832 5,
2549 1745 2599 1817 cf.
2633 1763 3030 1832 Manifestum).
3073 1762 3451 1817 Manifestum
3485 1767 3576 1816 est
3609 1761 3693 1815 ita
3729 1779 3824 1815 vo-

396 1835 574 1890 etiam
601 1837 915 1907 Apostolus
949 1856 966 1890 :
1005 1837 1096 1893 Vir
1123 1837 1365 1907 quidem,
1399 1838 1502 1904 ait,
1539 1853 1644 1890 non
1676 1837 1833 1892 debet
1873 1837 2049 1897 velare

2231 1853 2341 1908 isse
2365 1835 2580 1926 legem,
2615 1853 2892 1907 feminam
2925 1852 3037 1906 sub
3058 1851 3178 1906 viro
3211 1867 3360 1919 esse,
3395 1855 3460 1905 ut
3491 1850 3655 1905 nulla
3693 1859 3824 1905 vota

395 1928 578 1994 caput,
609 1926 740 1994 quia
771 1924 952 1994 imago
990 1931 1042 1981 ei
1073 1925 1262 1998 gloria
1314 1928 1417 1981 Dei
1443 1934 1541 1980 est.
1576 1925 1770 1981 Mulier
1798 1941 1921 1980 vero
1953 1941 2048 1980 ve-

2231 1959 2284 1998 ιε
2314 1924 2839 2013 ρυεέεώεὶὶηθηῑὶω
2889 1956 3069 1996 causa
3119 1941 3355 2006 voverit,
3393 1939 3722 1994 reddantur
3751 1940 3824 1992 ab

399 2013 496 2081 lat,
531 2012 668 2082 quia
697 2027 808 2068 non
847 2018 923 2069 est
950 2017 1130 2084 gloria
1151 2023 1246 2071 aut
1274 2017 1454 2085 imago
1484 2015 1583 2070 Dei
1610 2015 1654 2088 (ι
1684 2011 1808 2072 Cor.
1839 2015 1940 2086 xi).

2236 2075 2251 2099 ,
2291 2030 2407 2086 nisi
2438 2035 2640 2086 auctor
2673 2029 2847 2084 fuerit
2895 2033 2981 2084 vir
3033 2029 3446 2100 permittendo.
3480 2027 3650 2092 Nam,
3685 2043 3822 2082 cum

885 2128 1019 2186 CAP.
1054 2127 1219 2184 XLV.
1255 2131 1326 2186 De
1357 2129 1562 2186 eodem.
2158 2121 2230 2177 ad
2265 2123 2568 2192 peccatum
2601 2119 2867 2190 ejusdem
2894 2117 2999 2172 viri
3029 2119 3322 2189 pertinere
3351 2116 3598 2172 voluerit
3629 2116 3746 2185 lex,
3777 2118 3822 2171 si

677 2217 927 2288 August.
962 2218 1168 2286 Quaest.
1201 2219 1270 2274 33
1298 2218 1356 2272 in
1392 2219 1582 2287 DeuL,
1615 2217 1654 2273 1,
1691 2237 1765 2275 ιν,
2158 2209 2323 2282 prius
2351 2208 2757 2281 permiserith
2786 2215 2988 2279 postea
3013 2205 3380 2278 prohibuerit
3399 2211 3457 2260 et
3482 2206 3596 2260 hoc
3621 2211 3822 2259 tamen

469 2313 581 2390 (33,
604 2331 661 2386 q.
684 2311 740 2383 5,
766 2332 812 2370 c.
839 2314 987 2371 Salis
1019 2316 1148 2372 hinc
1172 2317 1441 2389 apparet).
1465 2317 1620 2373 Satis
1649 2316 1783 2372 hinc
1812 2321 2049 2389 apparet

2231 2316 2274 2352 ιιι
2303 2298 2471 2368 dixit,
2503 2301 2570 2352 ut
2595 2297 2769 2352 faciat
2795 2295 3009 2352 mulier
3047 2297 3201 2367 quod
3235 2299 3486 2362 voverat,
3516 2294 3656 2366 quia
3689 2311 3822 2366 per-

399 2384 898 2475 qu‘emadmodum
929 2404 1075 2460 viris
1108 2384 1358 2460 femi-nas
1402 2384 1671 2460 subditas
1703 2409 1760 2460 et
1791 2384 1935 2477 pene
1970 2407 2049 2462 fa-

2231 2387 2346 2444 issa
2376 2387 2507 2457 jam
2557 2384 2724 2458 prius
2773 2404 2808 2441 a
2855 2385 2977 2440 viro
3031 2385 3239 2455 fuerat,
3274 2384 3382 2438 viri
3437 2384 3663 2439 dixerat
3691 2400 3823 2438 esse

401 2489 594 2547 mulas
625 2490 715 2548 lex
745 2510 873 2549 esse
917 2491 1166 2550 voluerit
1207 2511 1416 2550 uxores
1457 2494 1597 2549 dum
1629 2493 1955 2562 constituit,
1989 2500 2049 2551 ut

2231 2481 2488 2544 ccatum,
2520 2476 2660 2548 quia
2711 2474 2940 2542 abnuit,
2991 2474 3147 2545 quod
3200 2474 3365 2544 prius
3413 2477 3820 2534 consenserat,

401 2579 621 2636 diceret
653 2583 932 2638 adversus
965 2600 1202 2639 uxorem
1235 2584 1322 2638 vir
1345 2582 1772 2650 testimonium,
1800 2561 1952 2638 unde
1977 2583 2053 2638 la-
2161 2581 2276 2620 non
2309 2569 2507 2620 tamen
2539 2563 2770 2620 muneri
2803 2563 2888 2618 V01
2922 2580 2989 2618 ex
3021 2563 3131 2618 hoc
3161 2562 3515 2633 Permissum
3548 2561 3737 2631 ἀθάίίν
3763 2567 3824 2615 ut

401 2662 705 2742 pidaretur
732 2670 853 2741 illa,
886 2671 935 2727 si
979 2671 1088 2727 hoc
1118 2689 1319 2728 verum
1367 2689 1496 2728 esse
1527 2672 2049 2738 demonstraretur,

2231 2654 2315 2709 10d
2350 2654 2513 2725 prius
2545 2654 2631 2708 vir
2657 2653 2708 2708 ei
2742 2652 3122 2722 concesserit,
3155 2656 3378 2722 postea,
3408 2651 3456 2706 si
3487 2650 3818 2722 prohibue-

402 2757 528 2829 ipse
557 2764 751 2816 tamen
783 2777 896 2815 non
939 2761 1200 2817 vicissim
1251 2760 1562 2832 lapidatur,
1596 2760 1644 2815 si
1693 2759 1804 2815 hoc
1837 2759 2050 2817 falsum
2161 2743 2256 2808 Γίταν
2290 2747 2721 2798 contemnatur-

402 2866 531 2906 esse
552 2852 899 2918 constiterit,
916 2853 1015 2907 sed
1043 2829 1450 2908 tantummodo
1471 2853 1790 2923 castigatur
1809 2859 1865 2907 et
1887 2853 2049 2908 dam-

2239 2849 2292 2887 P.
2324 2833 2522 2888 XLIX.
2554 2832 2726 2923 lYulla'
2768 2836 2844 2912 est
2890 2829 3148 2913 mulieris
3176 2832 3447 2923 foliatas:
3479 2829 3570 2884 sed
3603 2831 3664 2883 in
3695 2845 3812 2884 om-

2498 2904 2664 2958 nibus
2693 2901 2938 2958 dominio
2967 2901 3078 2955 viri
3100 2901 3341 2961 subiecta
3370 2906 3465 2956 est.

2373 2991 2620 3047 Ambros
2654 2989 2711 3045 in
2742 2989 2782 3046 l.
2813 2990 3024 3061 φησι.
3064 2991 3185 3046 Vel.
3218 2991 3270 3046 et
3302 2987 3430 3046 Nov.
3465 2989 3597 3045 Test.

2232 3082 2345 3152 (33,
2376 3098 2432 3152 q.
2464 3083 2518 3148 5,
2551 3098 2602 3136 c.
2636 3081 2958 3151 Mulierem).
3014 3077 3318 3134 Mulierem
3353 3084 3578 3134 constat
3615 3079 3817 3145 suluje-

2161 3175 2314 3226 ctam
2366 3171 2476 3225 sub
2528 3169 2788 3225 dominio
2850 3169 2977 3238 viri,
3024 3173 3080 3224 et
3128 3167 3350 3224 nullam
3401 3168 3819 3222 auctoritatem

2085 3297 2128 3364 C
2165 3259 2402 3324 habere,
2434 3274 2538 3312 nec
2569 3259 2774 3314 docere
2803 3257 2958 3314 enim
2987 3262 3179 3329 potest
3208 3273 3311 3313 nec
3343 3256 3512 3312 testis
3540 3272 3691 3321 esse,
3720 3271 3821 3308 nec

1144 3347 1175 3423 ,⁷
1215 3347 1572 3423 τ”Ῐ”““ί”’
1619 3415 1655 3423 η
1729 3414 1739 3423 ⁸
2088 3347 2128 3364 “'
2171 3347 2344 3403 fidem
2378 3347 2539 3414 dare,
2573 3362 2678 3401 nec
2703 3347 2989 3418 judicare.

701 3411 837 3468 Car.
867 3412 1054 3469 XLVI.
1091 3413 1186 3469 Vir
1214 3420 1291 3469 est
1319 3419 1481 3483 caput
1511 3414 1765 3470 mulieris
2525 3411 2533 3414 ⁷
2703 3411 2841 3491 ᾔει),
2876 3435 2938 3491 L,
2975 3435 3049 3489 De
3077 3433 3283 3490 eodem.

851 3502 1088 3559 Hieron.
1119 3502 1178 3557 in
1212 3503 1384 3573 epist.
1417 3503 1486 3558 ad
1520 3502 1632 3558 Tit.

2493 3524 2570 3580 Ex
2598 3525 2866 3579 Ambros.
2904 3523 3164 3579 Examer.
3201 3524 3239 3578 Ι.
3265 3539 3320 3593 ν,
3361 3535 3410 3578 c.
3439 3520 3496 3576 7.

483 3600 597 3668 (33,
631 3616 687 3671 q.
718 3601 776 3667 5,
807 3615 856 3655 c.
889 3601 1025 3654 Cum
1053 3601 1268 3671 caput).
1303 3601 1442 3656 Cum
1481 3605 1658 3671 caput
1681 3600 1944 3656 mulieris
1974 3601 2049 3655 vix

2239 3615 2352 3685 (33,
2387 3634 2442 3688 q.
2474 3615 2528 3682 5,
2583 3629 2634 3668 c.
2667 3613 2880 3684 Adam).
2934 3613 3112 3667 Adam
3161 3628 3265 3684 per
3312 3609 3487 3666 Evam
3540 3611 3819 3683 deceptus

415 3688 511 3758 sit,
545 3693 722 3759 caput
748 3693 944 3742 autem
977 3688 1082 3742 viri
1105 3690 1377 3744 Christus
1402 3694 1510 3754 est,
1531 3705 1895 3761 quascunque
1920 3708 2061 3745 uxor
2169 3709 2277 3771 est,
2313 3721 2427 3760 non
2460 3705 2577 3758 Eva
2607 3718 2710 3773 per
2741 3702 2951 3757 Adam,
3009 3701 3189 3765 Quem
3219 3699 3448 3756 vocavit
3473 3700 3546 3753 ad
3581 3699 3813 3770 culpam

409 3775 868 3866 nsngsubjicitur
901 3776 1043 3845 νίτο,
1078 3777 1132 3830 id
1166 3783 1253 3831 est
1283 3779 1457 3848 capiti
1493 3795 1619 3843 ευον
1653 3781 1914 3849 erSdem
1949 3780 2056 3834 στί·
2169 3792 2400 3860 mulier,
2425 3794 2657 3864 justum
2691 3795 2874 3866 estut
2902 3790 3112 3846 eamin
3144 3789 3626 3860 gubernationem
3656 3806 3818 3843 assu-

411 3864 587 3920 minis
612 3881 710 3920 rea
730 3866 1071 3935 estcnjuset
1092 3866 1176 3919 vir
1197 3865 1374 3920 sinon
1398 3866 2058 3938 subjiciaturcapitisuo
2170 3885 2307 3951 mat,
2341 3897 2412 3936 ne
2443 3881 2653 3936 iterum
2691 3864 2912 3934 femina;
2938 3895 3046 3933 sua
3079 3878 3356 3934 facilitate
3386 3877 3642 3933 labatur.

409 3953 680 4022 Christo;
717 3954 953 4010 verbum
995 3958 1194 4008 autem
1228 3953 1461 4009 Domini
1495 3953 1942 4025 blasphematur
1973 3957 2056 4012 vel
2695 3968 2826 4023 Car.
2865 3967 2946 4022 LI.
2972 3968 3044 4022 De
3065 3967 3272 4023 eodem.

404 2940 695 3010 niflcatur,
722 2941 891 3012 eique
924 2947 1202 3014 perpetuo
1225 2943 1472 3012 jubetur
1492 2942 1786 2998 adhaerere
1817 2958 1930 3012 qua
1953 2960 2051 2998 cu-

396 3046 530 3088 rere
558 3029 844 3085 voluerat.
880 3032 941 3085 In
975 3031 1106 3085 aliis
1137 3037 1330 3085 autem
1366 3031 1558 3087 causis
1589 3048 1722 3086 eum
1754 3031 1852 3102 qui
1884 3031 2052 3086 testi-

407 3117 601 3174 monio
633 3116 780 3173 falso
812 3119 1085 3189 cuiquam
1113 3120 1396 3185 nocuerit,
1422 3119 1574 3190 quod
1608 3121 1654 3174 si
1688 3120 2049 3191 probaretur,

396 3205 582 3277 jussit
611 3207 834 3276 occidi;
869 3208 1070 3262 eadem
1094 3207 1340 3278 jubetur
1359 3207 1530 3277 plecti
1565 3225 1754 3280 poena,
1789 3226 1906 3280 qua
1938 3211 2053 3264 fue-

407 3300 500 3350 rat
525 3294 601 3364 (si
632 3312 832 3351 verum
864 3299 1037 3366 esset)
1072 3297 1180 3351 iste
1213 3295 1572 3366 plectendus.

407 4045 547 4098 dum
581 4042 981 4099 contemnitur
1005 4041 1100 4098 Dei
1126 4041 1314 4114 prima
1339 4043 1631 4098 sententia
1660 4049 1717 4098 et
1743 4063 1846 4116 pro
1874 4045 2049 4101 nihilo

2484 4059 2753 4113 Ambros.
2793 4059 2849 4112 in
2879 4059 3051 4128 Epist.
3079 4058 3149 4112 ad
3180 4057 3300 4112 Cor.
3334 4073 3385 4113 c.
3417 4074 3494 4112 x1.

405 4133 663 4202 ducitur,
683 4133 768 4188 vel
793 4150 925 4188 cum
943 4132 1156 4187 Christi
1183 4132 1887 4205 infamaturEvangelium
1914 4137 2049 4189 dum

2238 4148 2346 4218 (33,
2379 4164 2435 4219 q.
2473 4149 2522 4213 l,
2569 4163 2620 4201 c.
2672 4147 2868 4201 Mulier
2910 4146 3105 4218 debet).
3156 4147 3365 4202 Mulier
3410 4145 3585 4201 debet
3632 4145 3819 4200 velare

407 4227 610 4278 contra
640 4221 825 4294 legem
857 4223 1148 4292 ﬁdemque
1180 4228 1401 4276 "illum
1441 4239 1531 4289 0⁸,
1568 4239 1695 4294 (lute
1727 4225 2055 4279 δῖπίείίθηίι
2166 4243 2337 4308 caput
2375 4236 2513 4308 quia
2545 4253 2658 4290 non
2693 4240 2782 4290 est
2833 4237 3026 4307 imago
3070 4236 3196 4300 Dei,
3249 4235 3346 4289 sed
3382 4239 3445 4288 ut
3475 4236 3820 4289 ostendatur

407 4316 497 4366 θεῖ
524 4315 581 4366 et
609 4327 678 4366 θΧ
706 4311 831 4382 198⁸
865 4311 960 4365 Dei
991 4310 1259 4381 31113100“
1285 4315 1377 4365 BSt
1407 4312 1550 4381 Viro;
1584 4311 1871 4383 imperare
1903 4314 2053 4368 (1935'
2163 4327 2428 4395 subjecta
2459 4325 2504 4394 (1
2536 4327 2662 4380 Cor.
2697 4324 2795 4394 x1).
2829 4323 2896 4378 Et
2926 4324 3064 4394 quia
3096 4323 3491 4395 praavaricatio
3527 4341 3627 4394 per
3663 4322 3814 4376 illam

408 4401 594 4466 derat,
627 4417 760 4455 Cum
805 4401 981 4455 “iam
1033 4400 1280 4470 εθηιίιθε
1331 4400 1556 4454 femina?
1606 4401 1744 4457 Vil‘iB
1775 4404 1902 4457 θυῖε
1933 4422 2055 4458 se!“
2165 4415 2438 4469 inchoata
2470 4418 2580 4479 est,
2614 4413 2723 4468 hoc
2775 4411 2925 4484 signi
2978 4413 3147 4468 debet
3198 4409 3414 4468 habere
3462 4413 3519 4466 in
3551 4412 3812 4470 ecclesia,

405 4487 566 4543 νίδοῐ
597 4489 895 4544 communi
925 4488 1050 4559 Ιεηζθ
1076 4489 1351 4544 natura“.
2166 4511 2400 4575 propter
2449 4502 2827 4557 reverentiam
2874 4501 3266 4574 episcopalem
3317 4517 3432 4556 non
3466 4500 3683 4555 habeat
3723 4517 3814 4554 ca-

403 4596 538 4650 CAP.
571 4594 794 4650 XLVII.
828 4595 1134 4668 Arbitrium
1181 4595 1292 4668 viri
1321 4596 1609 4651 mulierem
1653 4600 1814 4667 sequi
1849 4609 2057 4668 oportet
2092 4663 2112 4668 _
2165 4597 2269 4662 put
2292 4591 2566 4656 liberum,
2591 4590 2692 4645 sed
2717 4589 3002 4645 velamine
3032 4593 3278 4655 tectum,
3302 4606 3415 4645 non
3449 4587 3624 4643 habet
3655 4594 3814 4661 pot-r-

1041 4667 1099 4721 in
1130 4666 1404 4722 omnibus.
1724 4663 1740 4667 “
1880 4663 1891 4668 ’

2231 4686 2372 4735 item
2412 4679 2711 4751 loquendi,
2753 4680 2892 4750 quia
2922 4678 3232 4750 episcopus
3263 4694 3572 4750 personam
3605 4678 3814 4731 Christi

592 4759 864 4826 August.,
899 4757 1093 4824 Quaest.
1129 4757 1186 4809 in
1218 4755 1463 4822 Numen,
1496 4755 1534 4810 ι.
1569 4774 1644 4825 ιν,
1679 4774 1730 4812 c.
1755 4758 1846 4811 59.

2232 4774 2562 4841 pt‘wscntut.
2612 4768 2788 4831 Quasi
2837 4783 2973 4841 ergo
3022 4767 3443 4839 antejudioem
3492 4766 3812 4831 Christum,

472 4853 588 4921 (33,
637 4868 694 4922 q.
743 4852 799 4914 5,
849 4868 898 4905 ο.
949 4851 1142 4908 Noluit
1192 4854 1416 4922 itaque).
1474 4852 1669 4910 Noluit
1719 4854 1916 4926 itaque
1964 4854 2055 4910 lex
2164 4857 2250 4912 sic
2283 4860 2416 4911 ante
2443 4857 2808 4928 episcopum,
2839 4855 2943 4928 qui
2987 4855 3242 4914 vicarius
3272 4855 3505 4913 Domini
3536 4861 3650 4922 est,
3688 4874 3809 4927 pru-

406 4943 712 4998 mulier'em
762 4940 986 5013 aliquid
1047 4957 1251 4997 vovere
1299 4943 1414 4998 Deo
1463 4943 1745 5000 adversus
1792 4945 2054 5001 animam
2165 4949 2294 5016 pter
2322 4949 2549 5001 reatum
2580 4944 2925 5018 originalem
2958 4947 3224 5017 subjecta
3252 4945 3422 5002 debet
3452 4943 3658 5000 videri.

1031 5195 1296 5268 OUAItE
1341 5197 1581 5257 INTER
1625 5199 2286 5262 CONSANGUINEOS
2333 5201 2498 5262 NON
2545 5201 2672 5262 FIT
2713 5199 3196 5265 CONJUGIUM.

400 5325 528 5380 CAP.
576 5323 688 5378 LII.
743 5323 930 5390 Quare
973 5323 1333 5397 constitutum
1377 5321 1450 5375 sit
1495 5339 1565 5378 ne
1613 5327 2050 5393 consanguineas
2163 5341 2306 5380 num
2339 5334 2467 5397 post
2499 5324 2749 5396 primam
2783 5323 3055 5397 copulam
3083 5324 3192 5382 viri
3225 5325 3359 5382 laeti
3391 5340 3461 5382 ex
3491 5321 3730 5397 pulvere
3760 5333 3803 5378 ct

970 5395 1240 5493 άυῗαῗῗωξ
1264 5407 1480 5493 ἿπῨνθδ·
1725 5484 1776 5493 __
2160 5395 2429 5485 conjugis
2460 5395 2586 5485 ejus
2617 5429 2687 5469 ex
2705 5413 2813 5468 viri
2836 5395 3040 5487 latere,
3065 5415 3318 5472 marium
3341 5395 3804 5487 feminarumque

637 5485 885 5557 August.
917 5484 992 5538 De
1018 5484 1166 5537 civit.
1201 5484 1320 5547 Dei,
1355 5479 1393 5536 l.
1428 5497 1520 5551 xv,
1553 5499 1677 5553 cap.
1718 5484 1803 5537 15.

2231 5479 2570 5574 ηῇυιῖοῑίοἶιθ
2613 5519 2760 5574 opus
2807 5479 3070 5575 haberet,
3103 5507 3166 5560 ut
3196 5503 3490 5577 gignendo
3521 5479 3803 5576 multipli-

470 5589 582 5659 (35,
617 5607 673 5662 q.
707 5591 761 5660 1,
791 5606 842 5646 c.
877 5590 1010 5645 Cum
1035 5589 1248 5660 igitur).
1279 5589 1425 5644 Cum
1455 5603 1592 5660 ergo
1623 5603 1808 5661 genus
1839 5589 2042 5646 huma~
2157 5597 2376 5660 carent,
2410 5609 2514 5650 nec
2563 5595 2762 5648 essent
2808 5590 2915 5648 ulli
2961 5591 3234 5650 homines
3281 5587 3396 5651 nisi
3426 5592 3524 5665 qui
3575 5609 3644 5648 cx
3687 5589 3804 5647 illis
