3986 6048
195 287 215 340 1
227 286 327 340 293

1488 285 1885 337 PANORMIA.
1927 313 1989 322 —-
2022 287 2152 339 LIB.
2197 287 2319 339 VII.

3463 285 3604 340 1294

198 410 423 465 duobus
458 411 656 463 essent
688 406 809 461 nati
842 406 943 461 viri
978 408 1257 479 conjuges
1289 424 1519 461 rOI‘Ot‘CS
1554 424 1693 462 suas
1746 424 1836 461 ειε-
1868 413 1922 476 Α
1954 406 2161 462 ducere
2188 409 2322 479 quis
2350 412 2560 480 potest,
2590 409 2861 479 quamvis
2886 414 3095 480 quarto
3114 410 3298 479 gradu
3325 408 3463 463 sint.
3497 410 3609 464 Cu-

198 500 492 569 ceperunt.
524 496 685 562 Quod
717 495 973 567 profecto
1000 500 1219 565 quanto
1245 500 1333 549 est
1355 494 1651 564 antiquius
1684 510 1844 549 com-

202 586 448 658 pellente
477 584 848 652 necessitate,
880 587 1044 639 tanto
1074 588 1278 655 postea
1310 585 1525 639 factum
1560 587 1649 638 est
1680 584 1844 637 dam-

200 675 448 730 nabilius
471 673 751 745 religione
773 672 1138 744 prohibente;
1174 673 1376 728 habita
1398 677 1485 727 est
1511 672 1662 726 enim
1700 671 1845 726 ratio

202 764 532 820 rectissima
564 761 889 829 charitatis,
916 766 979 816 ut
1008 761 1298 827 homines,
1324 761 1539 831 quibus
1572 764 1727 815 esset
1758 764 1845 813 at-

202 870 311 927 que
343 853 590 909 honesta
620 849 929 907 concordia
959 850 1321 905 diversarum
1349 848 1846 905 necessitudinum

200 941 447 997 vinculis
479 943 869 996 necterentur.
904 939 1019 994 Nec
1052 956 1208 995 unus
1238 939 1296 993 in
1326 955 1441 993 uno
1474 938 1715 993 haberet
1745 954 1844 992 ne-

201 1030 719 1098 cessitudines,sed
751 1027 994 1101 singulae
1028 1032 1446 1100 spargerentur
1468 1027 1524 1081 in
1558 1026 1844 1097 singulos,

200 1120 280 1175 sic
306 1119 377 1173 ad
403 1118 680 1174 socialem
702 1116 880 1172 vitam
909 1116 1251 1187 diligentius
1275 1115 1541 1188 plurima:
1566 1115 1848 1187 plurimos

200 1209 549 1264 obtinerent.
582 1208 751 1262 Pater
778 1206 994 1278 quippe
1025 1210 1081 1261 et
1111 1222 1275 1262 socer
1305 1205 1552 1260 duarum
1586 1208 1725 1259 sunt
1756 1220 1851 1259 ne-

201 1296 624 1353 cessitudinum
658 1295 921 1367 nomina,
956 1300 1020 1350 ut
1050 1312 1185 1367 ergo
1218 1293 1398 1349 alium
1450 1294 1696 1365 quisque
1741 1293 1847 1348 ha-

206 1387 337 1442 beat
361 1390 610 1458 patrem,
636 1384 820 1440 alium
845 1398 1136 1449 socerum,
1166 1382 1540 1438 numerosius
1572 1399 1634 1438 se
1662 1382 1849 1455 porri-

204 1480 301 1548 gat
332 1474 943 1544 charitas,utrumque
970 1478 1163 1528 autem
1202 1489 1353 1527 unus
1385 1472 1564 1525 Adam
1595 1488 1723 1527 esse
1755 1487 1848 1525 co-

200 1566 529 1639 gebatur,et
560 1563 695 1619 filiis
727 1567 783 1618 et
814 1563 1047 1619 ﬁliabus
1079 1562 1223 1633 suis,
1257 1563 1491 1634 quando
1524 1562 1731 1617 fratres
1762 1577 1851 1615 so-

203 1671 480 1726 roresque
513 1654 785 1727 conjugio
823 1652 1249 1724 jungebantur.
1297 1651 1390 1707 Sic
1438 1656 1493 1706 et
1542 1651 1657 1705 Eva
1705 1666 1851 1704 uxor

199 1746 327 1816 ejus
374 1743 609 1815 utrique
659 1741 823 1797 sexui
872 1740 1128 1795 ﬁliorum
1180 1740 1289 1794 fuit
1318 1756 1522 1795 socrus
1554 1743 1610 1793 et
1642 1742 1847 1792 mater.

200 1832 333 1897 Quae
357 1832 406 1888 si
431 1833 556 1886 duae
584 1829 809 1887 femina:
836 1829 1106 1899 fuissent,
1127 1834 1316 1884 mater
1340 1829 1543 1892 altera,
1568 1832 1624 1881 et
1646 1841 1849 1881 socrus

201 1921 400 1990 altera,
434 1920 731 1993 copiosius
762 1936 823 1974 se
855 1918 1085 1973 socialis
1118 1918 1353 1973 dilectio
1388 1916 1703 1988 colligeret.
1739 1915 1849 1969 Sed

203 2010 309 2065 hoc
341 2010 494 2064 unde
527 2010 689 2063 ﬁeret
730 2024 843 2062 non
896 2011 1042 2075 erat,
1090 2008 1325 2077 quando
1378 2005 1490 2060 nisi
1544 2006 1749 2059 fratres
1799 2007 1856 2057 et

206 2116 432 2155 sorores
456 2116 524 2153 ex
546 2097 661 2151 illis
682 2097 914 2152 duobus
948 2095 1155 2167 primis
1187 2095 1333 2150 nulli
1370 2094 1635 2150 homines
1667 2097 1852 2149 erant.

208 2187 355 2243 Fieri
387 2203 523 2259 ergo
556 2185 759 2240 debuit
784 2188 1013 2256 quando
1054 2185 1262 2256 potuit,
1317 2189 1380 2238 ut
1433 2184 1717 2239 existente
1763 2197 1856 2235 co-

209 2275 303 2347 pia
351 2277 508 2331 unde
555 2275 909 2329 ducerentur
958 2290 1185 2343 uxores,
1241 2290 1369 2344 qua:
1391 2274 1515 2343 jam
1547 2289 1661 2328 non
1694 2273 1860 2326 erant

214 2368 541 2429 sorores,ut
566 2380 682 2418 non
705 2362 899 2419 solum
930 2361 1075 2417 illud
1109 2364 1292 2429 ﬁeret,
1318 2368 1383 2417 ut
1413 2362 1574 2416 nulla
1606 2359 1860 2415 necessi-

216 2458 307 2509 tas
336 2457 514 2522 esset,
546 2453 701 2524 quod
728 2452 989 2506 humano
1015 2455 1311 2506 crescente
1331 2467 1542 2521 genere
1569 2450 1740 2505 etiam
1772 2448 1863 2501 in-

218 2548 306 2599 ter
330 2542 543 2615 impios
565 2542 809 2596 deorum
835 2539 1155 2596 multorum
1179 2538 1576 2608 falsorumque
1608 2538 1865 2593 cultores

219 2631 303 2686 sic
334 2630 629 2686 observari
660 2629 979 2697 cernimus,
1014 2631 1077 2683 ut
1107 2628 1283 2683 etiam
1316 2628 1366 2682 si
1395 2626 1682 2699 perversis
1722 2624 1865 2695 legi-

220 2722 332 2775 bus
360 2723 772 2791 permutantur
802 2718 1061 2773 fraterna
1090 2716 1387 2786 conjugia,
1419 2715 1619 2770 metior
1669 2720 1865 2768 tamen

218 2810 586 2865 consuetudo
617 2807 747 2881 ipsa
778 2806 944 2863 malit
972 2806 1279 2861 exhorrere
1310 2804 1635 2873 licentiam,
1667 2803 1868 2872 sicque

218 2900 561 2956 adversetur
591 2897 762 2970 quasi
794 2911 1101 2967 nunquam
1132 2893 1309 2951 licere
1353 2893 1627 2967 potuerit.
1677 2892 1869 2963 Copu-

215 2987 358 3044 latio
392 2986 574 3060 igitur
604 2986 786 3042 maris
817 2989 875 3040 et
900 2984 1127 3040 feminae
1161 2988 1446 3055 quantum
1495 2981 1749 3055 pertinet
1797 2979 1868 3034 ad

218 3093 407 3148 genus
437 3076 767 3131 humanum
792 3074 1046 3145 quodam
1077 3072 1461 3128 seminarium
1485 3075 1575 3126 est
1595 3069 1870 3138 civitatis,

219 3147 482 3221 Coelestis
513 3181 645 3221 vero
676 3163 880 3220 civitas
911 3178 1060 3235 opus
1091 3161 1267 3217 habet
1299 3166 1363 3216 ut
1392 3176 1604 3216 noxam
1635 3174 1870 3231 genera-
1901 3147 1943 3212 C

222 3254 398 3311 tionis
426 3254 649 3311 evadat.

377 3371 505 3425 Car.
542 3369 678 3425 LIII.
709 3370 859 3426 Inter
886 3383 1025 3450 qna:
1049 3382 1313 3495 ptersona:
1340 3367 1556 3437 nuptiae
1583 3372 1714 3419 sunt

918 3456 1069 3495 τηρεε
1095 3455 1166 3495 .22.

918 3455 1166 3496 incestae.

733 3529 1019 3593 Institut.,
1042 3527 1083 3581 l.
1118 3545 1156 3596 1,
1190 3543 1238 3581 c.
1276 3527 1362 3579 10.

300 3647 473 3715 (Inst.
507 3650 585 3700 De
626 3643 864 3715 nuptiis,
913 3645 940 3710 §
990 3643 1134 3696 Inter
1180 3642 1313 3709 eas.)
1364 3644 1522 3693 Inter
1570 3653 1667 3691 eas
1716 3636 1871 3690 enim

228 3750 511 3807 personas
543 3750 673 3805 quas
704 3737 1011 3805 parentum
1044 3730 1431 3785 liberorumve
1486 3728 1676 3783 locum
1727 3726 1874 3780 obti-

228 3828 396 3891 nent,
430 3824 586 3879 inter
610 3839 672 3879 se
704 3821 920 3893 nuptiis
950 3819 1220 3877 contrahi
1253 3834 1367 3872 non
1400 3822 1668 3889 possunt,
1701 3813 1878 3869 veluti

228 3914 385 3968 inter
419 3917 642 3984 patrem
676 3916 734 3967 et
764 3911 972 3977 ﬁliam,
1018 3908 1108 3964 vel
1159 3924 1330 3962 avum
1382 3914 1435 3961 et
1486 3909 1738 3975 neptem,
1788 3901 1878 3956 vel

231 4006 482 4058 matrem
516 4006 572 4058 et
602 4002 812 4067 ﬁlium,
847 3999 936 4054 vel
969 4015 1140 4054 avum
1172 4002 1228 4052 et
1260 4000 1551 4066 nepotem,
1586 3998 1642 4048 et
1693 4006 1882 4061 usque

232 4091 305 4145 ad
337 4090 660 4145 inﬁnitum.
696 4089 766 4143 Et
786 4086 834 4144 si
867 4086 1014 4142 tales
1047 4101 1309 4157 persona
1340 4084 1491 4137 inter
1519 4097 1581 4137 se
1607 4079 1882 4149 coierant,

236 4178 492 4235 nefarias
525 4182 700 4249 atque
730 4178 987 4233 incestas
1020 4174 1256 4246 nuptias
1289 4170 1645 4229 contraxisse
1675 4169 1883 4223 dicun-

235 4268 432 4324 tur.Et
453 4269 573 4324 hinc
597 4269 742 4324 adeo
765 4282 902 4323 vera
921 4269 1085 4332 sunt,
1108 4267 1173 4319 ut
1194 4261 1463 4336 quamvis
1486 4276 1587 4331 per
1617 4256 1884 4328 adoptio-

235 4374 371 4413 nem
396 4367 703 4431 parentum
726 4355 1121 4413 liberorumve
1142 4353 1267 4409 loco
1291 4350 1402 4406 sibi
1425 4365 1554 4405 esse
1584 4346 1887 4419 coeperint,

238 4464 357 4503 non
389 4451 639 4519 possunt
668 4447 824 4502 inter
852 4460 915 4501 se
945 4441 1322 4500 matrimonio
1346 4438 1541 4513 jungi,
1566 4437 1625 4491 in
1656 4439 1887 4491 tantum

1949 496 2051 567 jus
2082 498 2237 573 enim
2271 496 2454 552 ﬁliam
2489 513 2726 552 uxorem
2755 499 2965 552 ducere
3013 515 3124 553 non
3160 497 3312 563 licet,
3346 500 3471 569 ejus
3502 515 3608 553 nec

1958 589 2187 656 neptem
2220 585 2600 657 permittitur.
2617 587 2758 655 Ejus
2780 602 2913 641 vero
2940 585 3202 641 mulieris
3235 603 3408 657 quam
3444 591 3610 658 pater

1956 676 2093 728 tuus
2118 674 2437 745 adoptavit,
2467 675 2642 729 ﬁliam
2682 692 2791 729 non
2829 674 3040 729 videris
3074 675 3341 745 impediri
3396 676 3608 731 ducere

1957 779 2218 829 uxorem,
2252 763 2391 834 quia
2423 781 2611 835 neque
2640 764 2890 818 naturali
2926 781 3110 835 neque
3142 764 3296 819 civili
3318 765 3453 835 jure
3502 765 3607 819 tibi

1956 852 2355 923 conjungitur.
2387 853 2648 908 Duorum
2680 859 2876 907 autem
2910 854 3149 908 fratrum
3196 852 3285 907 vel
3336 870 3605 909 sororum

1957 938 2148 1005 liberi,
2176 941 2264 996 vel
2290 942 2488 997 fratris
2509 946 2567 997 et
2590 942 2994 1013 sororisjungi
3023 959 3135 997 non
3161 946 3427 1013 possunt.
3462 947 3607 997 Item

1956 1029 2195 1085 amitam
2229 1029 2365 1085 licet
2396 1031 2752 1102 adoptivum,
2787 1032 3022 1087 uxorem
3056 1032 3268 1087 ducere
3311 1048 3423 1086 non
3473 1030 3611 1087 licet

1956 1134 2061 1173 nec
2109 1123 2507 1188 materteram,
2556 1122 2695 1191 quia
2747 1126 3059 1191 parentum
3113 1120 3237 1175 loco
3271 1120 3605 1187 habentur;

1958 1223 2073 1278 qua
2108 1209 2332 1263 ratione
2381 1225 2581 1265 verum
2616 1214 2726 1279 est,
2780 1225 3055 1280 magnam
3090 1226 3324 1280 quoque
3363 1209 3602 1264 amitam

1957 1300 2013 1350 et
2046 1300 2415 1351 materteram
2445 1313 2720 1368 magnam
2755 1297 3050 1369 prohiberi
3090 1299 3297 1353 ducere
3342 1296 3607 1352 uxorem.

1961 1384 2281 1439 Al‘ﬁnitatis
2309 1401 2542 1457 quoque
2573 1386 2945 1441 veneratione
2975 1404 3007 1441 a
3038 1386 3433 1457 quorumdam
3468 1402 3610 1456 nup-

1961 1473 2057 1527 tiis
2090 1473 2383 1529 abstinere
2415 1491 2653 1531 necesse
2685 1480 2792 1547 est,
2840 1480 2902 1530 ut
2948 1492 3081 1531 ecce
3129 1475 3459 1547 privignam
3508 1480 3611 1531 aut

1960 1580 2173 1617 nurum
2208 1564 2423 1619 ducere
2454 1563 2512 1618 in
2547 1581 2784 1620 uxorem
2819 1582 2933 1620 non
2967 1565 3120 1634 licet,
3154 1564 3296 1636 quia
3347 1568 3609 1636 utraque

1960 1668 2194 1722 quoque
2227 1652 2357 1707 ﬁliae
2389 1654 2514 1708 loco
2544 1658 2704 1709 sunt.
2741 1657 2901 1727 Item,
2936 1654 3128 1709 mariti
3182 1653 3339 1710 ﬁlius
3386 1670 3453 1709 ex
3498 1653 3610 1707 alia

1962 1756 2137 1795 uxore
2167 1745 2223 1796 et
2252 1741 2448 1798 uxoris
2479 1742 2600 1798 ﬁlia
2630 1759 2698 1797 ex
2728 1742 2841 1797 alio
2874 1743 3083 1798 marito
3113 1742 3202 1798 vel
3234 1747 3469 1798 econtra
3491 1759 3611 1796 ma-

1960 1829 2303 1885 trimonium
2329 1826 2483 1886 recte
2513 1831 2892 1898 contrahunt,
2922 1832 3057 1886 licet
3085 1831 3341 1886 habeant
3371 1832 3609 1887 fratrem

1960 1918 2046 1974 vel
2071 1935 2329 1974 sororem
2353 1936 2420 1974 ex
2451 1920 2828 1975 matrimonio
2860 1925 3065 1991 postea
3096 1924 3392 1976 contracto
3416 1925 3604 1981 natos.

2033 2007 2093 2063 Si
2126 2024 2273 2063 uxor
2302 2011 2404 2063 tua
2434 2012 2567 2079 post
2608 2008 2923 2064 divortium
2972 2026 3040 2063 ex
3081 2008 3194 2063 alio
3246 2007 3441 2077 ﬁliani
3475 2026 3606 2080 pro-

1964 2096 2263 2162 creaverit,
2296 2096 2416 2151 haec
2450 2097 2686 2169 quidem
2720 2096 2985 2169 privigna
3010 2102 3112 2153 tua
3138 2115 3251 2154 non
3284 2104 3393 2154 est.
3443 2100 3610 2167 Item,

1965 2185 2013 2241 si
2038 2186 2318 2241 adversus
2340 2202 2408 2240 ea
2430 2203 2556 2257 quae
2606 2186 2862 2241 diximus
2887 2187 3065 2258 aliqui
3090 2188 3473 2255 coierint,nec
3504 2189 3614 2257 vir,

1970 2292 2074 2331 nec
2108 2292 2383 2345 uxor,nec
2415 2275 2629 2348 nuptias
2680 2292 2785 2333 nec
2843 2276 3285 2331 matrimonium
3337 2276 3615 2345 intelligi-

1967 2369 2199 2429 tur,nec
2231 2365 2355 2420 dos.
2391 2364 2719 2436 1taque,qui
2751 2381 2816 2420 eo
2848 2365 3003 2419 coitu
3038 2370 3380 2435 nascuntur,
3417 2366 3472 2418 in
3520 2382 3618 2436 po-

1971 2458 2179 2508 testate
2210 2452 2394 2525 patris
2428 2470 2541 2508 non
2576 2455 2847 2520 sunt,sed
2875 2453 3023 2508 tales
3057 2458 3199 2509 sunt
3229 2460 3514 2524 quantum
3548 2453 3621 2509 ad

1974 2541 2222 2613 patriam
2259 2545 2607 2613 potestatem
2642 2542 2909 2613 pertinet,
2944 2541 3148 2612 quales
3178 2541 3239 2597 hi
3286 2547 3425 2597 sunt
3472 2558 3620 2613 quos

1975 2634 2163 2684 mater
2194 2630 2364 2702 vulgo
2395 2630 2680 2701 concepit.
2715 2631 2858 2685 Nam
2893 2648 2998 2686 nec
3029 2632 3086 2687 hi
3130 2637 3353 2704 patrem
3406 2631 3621 2686 habere

1976 2717 2405 2790 intelliguntur.
2441 2719 2584 2773 Cum
2618 2719 2712 2775 his
2761 2720 2935 2774 etiam
2988 2720 3247 2775 incertus
3296 2726 3385 2776 est
3433 2720 3620 2775 coitus

1978 2808 2133 2862 unde
2164 2807 2353 2863 solent
2390 2808 2494 2862 ﬁlii
2527 2809 2713 2880 spurii
2744 2808 3045 2880 appellari,
3077 2807 3167 2867 vel
3198 2827 3231 2864 a
3260 2810 3455 2865 Grazca
3484 2824 3621 2864 voce

1977 2895 2279 2966 separadii,
2310 2895 2573 2967 concepti
2605 2896 2733 2953 sine
2758 2901 2921 2968 patre
2952 2895 3079 2951 ﬁlii.

1976 3012 2107 3067 CAP.
2143 3011 2281 3065 LIV.
2317 3010 2491 3066 Filius
2520 3019 2643 3066 tuus
2669 3012 2930 3084 ctqneptis
2959 3028 3031 3067 ea:
3056 3012 3193 3084 ﬁlia
3219 3013 3473 3084 conjuges
3500 3012 3625 3082 ﬁeri

2312 3099 2423 3138 non
2452 3084 2637 3138 valent
2665 3082 2833 3140 etiam
2863 3100 2936 3138 ea!
2955 3082 3087 3155 jure
3112 3084 3288 3141 civili.

2334 3180 2337 3181 ⁷
2477 3172 2824 3228 Ambrosius
2857 3174 3124 3229 Paterno.

2050 3269 2137 3324 Tu
2168 3268 2474 3340 copulares
2503 3268 2690 3324 ﬁlium
2722 3274 2890 3325 tuum
2924 3275 2982 3326 et
3013 3276 3246 3342 neptem
3278 3287 3348 3326 ex
3381 3272 3519 3340 ﬁlia,
3570 3272 3629 3327 id

1979 3363 2068 3413 est
2101 3364 2164 3415 ut
2194 3359 2437 3429 accipiat
2468 3359 2687 3414 sororis
2717 3376 2836 3413 suae
2871 3359 3070 3413 tiliam.
3125 3363 3387 3431 Interrga
3440 3362 3628 3416 nomi-

1983 3464 2123 3500 num
2176 3446 2483 3515 legionem,
2529 3463 2738 3515 nempe
2786 3447 3113 3501 avunculus
3160 3448 3273 3503 iste
3313 3449 3496 3517 illius,
3530 3449 3631 3504 illa

1984 3533 2163 3604 hujus
2190 3534 2382 3605 neptis
2416 3540 2671 3591 vocatur.
2724 3534 2890 3603 Item,
2942 3537 3095 3606 quod
3151 3537 3405 3592 dubitari
3457 3542 3632 3609 queat

1986 3639 2119 3676 cum
2153 3622 2349 3676 divina
2379 3621 2549 3677 etiam
2582 3623 2793 3678 fratres
2827 3624 3117 3694 patrueles
3152 3627 3456 3696 prohibeat
3495 3644 3629 3681 ροη-

1987 3711 2181 3765 venire
2204 3711 2261 3764 in
2285 3712 2650 3782 conjugalem
2676 3713 2944 3782 copulam
2969 3714 3069 3785 qui
3092 3715 3205 3771 sibi
3229 3721 3435 3787 quarto
3460 3732 3632 3785 copu-

1988 3800 2186 3855 lantur
2207 3800 2413 3872 gradu,
2447 3800 2541 3855 hic
2562 3805 2756 3857 autem
2777 3804 2995 3872 gradus
3017 3808 3125 3869 est,
3157 3804 3454 3875 quietiam
3478 3804 3634 3860 civili

1983 3890 2118 3958 jure
2148 3906 2179 3942 a
2210 3889 2501 3944 consortio
2535 3890 2793 3962 conjugii
2825 3891 3051 3947 videtur
3079 3898 3374 3964 exceptus.

1993 4003 2121 4058 CAP.
2160 4002 2269 4058 LV.
2304 4005 2452 4059 Inter
2500 4021 2630 4075 quos
2673 4008 3098 4079 matrimonium
3142 4007 3464 4079 prohibetur
3512 4023 3638 4063 con-

2510 4078 2911 4146 sanguinitatis
2939 4094 3125 4133 causa.

2351 4162 2678 4220 Alexander
2704 4164 2753 4218 II
2785 4165 3013 4221 clericis
3050 4172 3295 4239 metrop.

2072 4262 2147 4315 De
2182 4262 2489 4330 parentelae
2516 4261 2797 4334 gradibus
2845 4268 2964 4319 tam
3018 4265 3260 4322 famosae
3305 4265 3649 4336 quaestionis

2001 4350 2156 4422 apud
2190 4349 2320 4406 illos
2352 4351 2699 4421 scrupulum
2721 4369 2910 4424 nuper
2937 4353 3089 4408 inter
3108 4370 3209 4409 vos
3232 4355 3540 4411 emersisse
3562 4372 3651 4409 co-

2001 4438 2516 4511 gnovimus,super
2548 4457 2727 4512 quam
2761 4441 3077 4497 nonnullos
3100 4443 3460 4516 perniciosos
3482 4444 3651 4498 inter-

240 4539 307 4591 ut
336 4511 511 4591 etiam
544 4534 833 4591 dissoluta
863 4534 1176 4604 adoptione
1226 4511 1379 4585 idem
1427 4529 1581 4599 juris
1635 4529 1889 4581 maneat.
1926 4511 1970 4575 D
2004 4532 2195 4599 pretes
2227 4545 2293 4582 ac
2323 4511 2721 4600 disputatores
2752 4536 2954 4586 contra
2984 4511 3247 4587 veritatis
3270 4532 3532 4604 regulam
3564 4550 3653 4588 sa-

242 4626 449 4697 Itaque
471 4641 599 4680 eam
624 4640 751 4695 quae
774 4623 878 4678 tibi
903 4638 1000 4693 per
1023 4618 1391 4691 adoptionem
1418 4618 1537 4671 ﬁlia
1568 4620 1668 4671 aut
1702 4613 1894 4685 neptis

242 4729 375 4769 esse
408 4713 792 4785 coeperit,non
841 4710 1060 4782 poteris
1112 4725 1240 4765 eam
1290 4708 1347 4761 in
1398 4722 1635 4761 uxorem
1686 4704 1897 4759 ducere

246 4802 519 4874 quamvis
540 4819 669 4859 eam
696 4797 1181 4871 emancipaveris.
1208 4799 1364 4852 Inter
1383 4813 1482 4851 eas
1506 4809 1741 4866 quoque
1772 4808 1900 4862 per-

244 4908 425 4948 sonas
449 4908 575 4962 quae
599 4909 668 4947 ex
688 4896 1023 4946 transverso
1045 4888 1228 4959 gradu
1265 4883 1624 4953 cognationis
1640 4884 1902 4953 jungun-

244 4984 368 5050 tur,
396 4984 486 5036 est
519 4981 785 5053 quaedam
819 4976 1033 5034 similis
1066 4974 1411 5042 observatio,
1440 4974 1538 5027 sed
1576 4987 1687 5025 non
1723 4974 1904 5031 tanta,

249 5074 402 5123 Sane
432 5069 585 5123 enim
624 5068 779 5123 inter
810 5068 1049 5121 fratrem
1084 5079 1458 5134 sororemque
1507 5061 1723 5132 nuptiae
1774 5076 1907 5130 pro-

249 5157 454 5212 hibitus
509 5162 671 5227 sunt,
727 5158 849 5212 sive
895 5156 967 5211 ab
1015 5155 1217 5211 eodem
1269 5156 1451 5223 patre,
1486 5151 1557 5205 ab
1588 5150 1910 5218 eademque

255 5252 447 5303 matre
477 5246 603 5303 nati
630 5246 919 5317 sunt,sive
949 5260 1016 5300 ex
1044 5243 1227 5298 altero
1262 5241 1603 5298 eorumdem
1640 5256 1652 5293 :
1688 5237 1811 5300 sed,
1862 5235 1911 5290 si

256 5354 387 5409 quae
413 5352 515 5407 per
543 5336 917 5408 adoptionem
951 5349 1115 5389 soror
1142 5330 1247 5385 tibi
1279 5347 1406 5387 esse
1439 5328 1697 5402 coeperit,
1725 5344 1911 5399 quan-

262 5428 364 5482 diu
401 5426 645 5498 quidem
679 5428 912 5483 constat
943 5421 1202 5494 adoptio,
1233 5436 1374 5475 sane
1402 5420 1552 5475 inter
1585 5423 1641 5472 te
1683 5421 1739 5471 et
1787 5432 1915 5469 eam

264 5516 491 5587 nuptiae
523 5515 845 5571 consistere
874 5528 991 5569 non
1024 5512 1293 5583 possunt,
1326 5507 1506 5561 ﬁliam
1540 5520 1774 5561 uxorem
1809 5504 1913 5558 du-

267 5620 396 5663 cere
427 5621 544 5662 non
574 5602 732 5676 licet,
767 5602 869 5661 sed
899 5616 1006 5659 nec
1039 5601 1269 5671 neptem
1321 5595 1516 5653 fratris
1564 5593 1653 5650 vel
1698 5591 1917 5649 sororis

2007 4633 2261 4686 namque
2281 4618 2609 4672 doctrinam
2636 4618 3025 4691 dogmatizare
3048 4620 3338 4677 dolemus.
3376 4623 3655 4678 Sedentes

2009 4705 2065 4759 in
2098 4706 2377 4760 cathedra
2408 4706 2757 4777 pestilentiae
2789 4708 3016 4764 dictant
3040 4710 3330 4781 jura,qua:
3360 4712 3654 4779 nesciunt,

2011 4799 2067 4848 et
2096 4795 2304 4849 docent
2332 4794 2432 4849 illa
2463 4812 2589 4866 qua:
2622 4795 2959 4852 nullatenus
2992 4799 3339 4855 didicerunt.
3375 4801 3541 4866 Nam,
3597 4804 3661 4854 ut

2012 4882 2567 4947 fertur,traditiones
2580 4902 2612 4939 a
2625 4885 2852 4942 duobus
2869 4887 3145 4943 fratribus
3160 4888 3508 4943 altrinsecus
3531 4903 3660 4958 pro-

2017 4972 2264 5025 deuntes
2286 4978 2627 5026 enumerant
2653 4978 2713 5027 ut
2734 4990 2931 5029 eorum
2960 4975 3114 5030 ﬁlios
3136 4974 3380 5030 invicem
3403 4990 3663 5046 1v,nepo-

2018 5063 2104 5114 tes
2130 5067 2664 5131 xv,pronepotes1x,
2689 5064 3117 5132 generationem
3143 5080 3271 5118 esse
3294 5063 3665 5134 prohibeant.

2020 5148 2137 5203 Hoc
2177 5148 2371 5219 itaque
2406 5151 2576 5205 modo
2611 5168 3094 5222 unumquemque
3119 5152 3510 5221 generationis
3538 5168 3668 5222 gra-

2024 5236 2293 5309 dum,qui
2327 5255 2480 5294 unus
2514 5240 2712 5310 procul
2747 5239 2922 5295 dubio
2957 5240 3239 5295 dicendus
3265 5240 3669 5307 est.dividunt,

2024 5330 2194 5396 atque
2215 5326 2483 5399 imperite
2503 5329 2860 5384 numerando
2889 5328 3224 5399 progeniem
3250 5330 3520 5385 desecare
3544 5344 3675 5384 con-

2026 5415 2419 5481 tendunt.Qui
2452 5417 2731 5473 nimirum
2764 5432 3136 5487 nequaquam
3170 5420 3227 5473 in
3261 5418 3439 5490 hujus
3474 5418 3675 5473 fetoris

2025 5506 2174 5559 ritus
2197 5506 2535 5576 pestilenter
2556 5506 3198 5575 irrumperentsisacraa
3214 5507 3495 5578 pabulum
3520 5506 3674 5563 Scri-

2028 5596 2208 5663 pturae
2238 5594 2454 5652 vivacis
2502 5593 2720 5667 ingenii
2772 5593 3039 5651 faucibus
3088 5596 3473 5655 ruminarent.
3525 5596 3670 5653 Nam
