3986 6048
424 301 560 354 1295

421 513 701 584 utrinque
731 512 1214 568 descendentium
1248 513 1652 584 generationes
1684 529 1794 567 non
1829 511 2068 566 diversae

423 601 562 669 dici,
599 601 698 657 sed
731 601 937 656 eodem
967 600 1077 655 hac
1109 603 1218 655 sub
1250 617 1364 656 uno
1396 601 1647 656 debeant
1701 599 2072 655 uniformiter

425 689 730 763 appellari,
753 693 1004 746 testatur
1035 689 1180 745 liber
1209 690 1497 746 Geneseos
1529 707 1662 746 cum
1697 690 1837 743 dicit
1869 704 1882 741 :
1924 686 2072 742 Vitrit

423 779 631 852 Joseph
658 783 875 834 centum
897 795 1072 834 annos
1103 788 1157 834 et
1185 779 1321 834 vidit
1352 779 1619 852 Ephraim
1649 780 1792 850 ﬁlios
1814 793 1981 848 usque
2005 775 2070 831 ad

427 868 649 924 tertiam
660 867 1090 939 generationem.
1104 867 1241 922 Filii
1253 884 1459 940 quoque
1474 868 1686 923 Machir
1696 867 1807 937 ﬁlii
1823 868 2072 922 Manasse

432 957 556 1013 nati
599 964 725 1012 sunt
758 956 821 1011 in
848 956 1079 1033 genibus
1104 957 1305 1028 Joseph
1332 960 1538 1028 (Genes.
1573 958 1632 1027 1).
1667 957 1842 1012 Porro
1876 964 2069 1010 autem

427 1047 476 1102 si
502 1046 586 1102 sic
606 1045 1012 1118 generationes
1033 1046 1344 1118 supputari
1368 1047 1648 1101 deberent
1670 1050 1731 1100 ut
1752 1044 1929 1100 vestri
1952 1043 2071 1098 dis-

424 1139 728 1208 putatores
761 1137 1073 1190 autumant
1102 1135 1244 1188 dum
1273 1134 1491 1205 Joseph
1516 1151 1584 1189 ex
1625 1141 1871 1204 utroque
1925 1131 2070 1186 ﬁlios

421 1223 798 1297 Ephaim,sed
813 1227 869 1278 et
882 1223 1012 1278 Man
1023 1228 1420 1296 asse,nepotes
1434 1223 1694 1287 haberet,
1709 1237 2075 1294 nequaquam

423 1313 726 1385 Scriptura
756 1311 991 1380 diceret,
1038 1311 1176 1384 quia
1214 1311 1357 1366 vidit
1397 1311 1546 1368 ﬁlios
1578 1311 1846 1383 Ephraim
1889 1326 2075 1381 usque

421 1403 493 1458 ad
518 1403 746 1458 tertiam
771 1401 872 1456 sed
899 1417 1087 1472 usque
1111 1402 1181 1455 ad
1205 1418 1257 1456 vr
1279 1401 1854 1473 generationes.1tem
1882 1417 1894 1454 :
1924 1400 2066 1454 Bea-

421 1496 518 1548 tus
533 1489 1092 1564 quoqueGregorius
1105 1491 1245 1545 dum
1262 1489 1766 1562 superAnglorum
1784 1488 2073 1561 conjugiis

433 1581 770 1645 ascriberet,
801 1579 923 1634 haec
955 1581 1073 1634 fere
1099 1580 1276 1635 verba
1303 1579 1689 1652 deprompsit.

425 1687 556 1743 CAP.
590 1688 724 1744 LVI.
762 1687 1003 1758 Anglicis
1032 1687 1373 1758 permittitur
1422 1693 1482 1742 ut
1529 1687 1591 1741 in
1637 1696 1836 1759 quarta
1881 1686 1965 1740 vel
2013 1683 2074 1738 in

772 1760 966 1832 quinia
995 1760 1354 1830 generatione
1383 1760 1728 1829 copulentur.

496 1849 768 1912 Quazdam
788 1849 875 1903 lex
890 1849 1216 1903 Romanain
1235 1847 1533 1920 republica
1547 1847 2076 1919 permittit,utduo-

422 1953 550 1994 rum
571 1938 814 1992 fratrum
831 1935 915 1991 vel
931 1953 1198 1992 sororum
1215 1937 1371 1991 ﬁlius
1386 1936 1470 1991 vel
1489 1936 1606 1991 ﬁlia
1621 1938 1677 1991 in
1693 1935 1964 2007 coniugio
1977 1935 2076 1990 mi-

424 2026 795 2081 sceatur.Sed
816 2025 1055 2080 omnino
1074 2027 1522 2097 cognosciturcx
1539 2025 1646 2081 hoc
1662 2025 1935 2097 coniugio
1956 2041 2071 2081 non

421 2130 594 2185 posse
624 2113 885 2169 sobolem
917 2115 1312 2170 subcrescere.
1341 2114 1503 2170 Unde
1535 2129 1773 2170 necesse
1804 2117 1891 2169 est
1921 2117 1985 2168 ut
2014 2113 2071 2168 in

421 2219 497 2267 ιν,
528 2200 613 2257 vel
658 2219 692 2257 v
737 2201 985 2258 invicem
1038 2201 1471 2274 generationem
1524 2201 1962 2273 copularentur,
2014 2201 2074 2257 in

421 2290 637 2362 quibus
666 2290 950 2346 nimirum
973 2292 1166 2346 verbis
1186 2290 1316 2346 luce
1338 2289 1555 2346 clarius
1579 2294 1737 2362 patet
1754 2289 2072 2362 quas,dum

419 2379 622 2434 doctor
652 2378 913 2451 insignis
945 2379 1195 2434 duorum
1229 2380 1477 2434 fratrum
1523 2377 1754 2434 soboles
1805 2377 2077 2450 prohibet

421 2467 1077 2540 matrimoniojungi,in
1109 2485 1166 2523 1v
1197 2485 1330 2524 vero
1360 2467 1764 2538 generationes
1787 2466 2075 2539 permittit

419 2556 763 2629 neophytas,
797 2561 862 2612 ut
894 2573 1235 2629 quanquam
1267 2556 1518 2612 cultores
1551 2557 1803 2628 perversi
1837 2556 2073 2627 dogma-

419 2650 498 2701 tis
531 2649 830 2716 astruunt,
858 2645 1153 2717 generatio
1186 2662 1240 2700 ιν
1267 2646 1325 2700 in
1359 2645 1608 2701 duorum
1645 2647 1887 2700 fratrum
1935 2644 2071 2699 ﬁliis

419 2735 575 2790 valet
607 2734 878 2791 inveniri.

483 2825 608 2881 CAP.
643 2825 809 2880 LVII.
843 2825 917 2880 De
942 2825 1210 2894 gradibus
1238 2824 1536 2897 prohibitis
1569 2824 1712 2880 inter
1739 2833 2012 2895 parentes.

871 2915 953 2968 Ex
983 2918 1188 2969 Decret
1218 2917 1455 2986 Gregor.
1487 2913 1625 2968 Jun.

1494 305 1562 355 D.
1604 302 1843 355 IVONIS
1879 297 2374 352 CARNOTENSIS
2413 297 2733 349 EPISCOPI

2180 775 2585 841 tionem.Quod
2619 773 2970 830 Christianis
3003 774 3229 830 licitum
3262 793 3378 830 non
3408 777 3840 846 est.Sed,dum

2181 866 2356 920 rudes
2387 869 2551 920 erant
2582 863 2864 919 invitandi
2898 864 2971 919 ad
3006 864 3201 931 ﬁdem,
3225 865 3381 936 quod
3415 865 3662 920 minime
3697 867 3838 921 scri-

2183 957 2347 1024 ptum
2378 952 2724 1024 reperimus,
2757 969 2870 1008 non
2905 953 3300 1025 ambigamus.

2357 1063 2484 1115 CAP.
2519 1058 2656 1115 LIX.
2689 1059 2788 1114 Dei
2814 1058 3010 1114 iisdem
3037 1060 3300 1128 gradibus
3323 1060 3652 1132 prohibitis.

2253 1150 2334 1221 (L.
2369 1147 2616 1215 Nemini,
2650 1165 2700 1203 c.
2733 1149 2808 1203 De
2838 1159 3022 1220 nupt.,
3057 1153 3115 1204 et
3141 1150 3232 1219 35,
3266 1167 3320 1221 q.
3352 1150 3410 1218 2,
3441 1151 3836 1220 c.Progenies,

2179 1236 2352 1307 Nulli,
2386 1241 2443 1292 et
2472 1241 2537 1292 In
2570 1236 2772 1308 caput.)
2822 1237 2895 1292 Ut
2940 1236 3378 1306 consobrinam,
3418 1241 3683 1308 neptem,
3733 1255 3834 1292 no-

2183 1343 2431 1394 vercam,
2469 1326 2664 1380 fratris
2699 1325 3052 1391 uxorem,vel
3085 1326 3156 1381 de
3189 1326 3424 1397 prOpria
3453 1327 3834 1398 cognatione,

2182 1415 2267 1470 vel
2302 1432 2478 1486 quam
2505 1419 2789 1487 cognatus
2821 1414 3025 1469 habuit
3057 1413 3254 1470 nullus
3286 1415 3399 1470 sibi
3446 1415 3502 1469 in
3555 1416 3834 1487 conjugio

2183 1503 2454 1575 copulare
2481 1505 2713 1560 audeat.
2748 1503 2807 1560 Si
2829 1503 2958 1574 quis
2982 1504 3116 1558 huic
3138 1503 3361 1560 nefario
3388 1505 3666 1576 conjugio
3700 1522 3833 1560 con-

2182 1594 2422 1664 venerit,
2453 1598 2509 1648 et
2539 1593 2595 1647 in
2629 1609 2694 1648 eo
2729 1593 3136 1664 permanserit,
3187 1593 3336 1648 sciat
3383 1609 3443 1649 se
3494 1593 3834 1665 apostolicae

2185 1683 2549 1738 auctoritatis
2571 1682 2963 1738 anathematis
2982 1683 3233 1738 vinculis
3253 1682 3694 1752 innodatum,et
3715 1684 3838 1738 nul-

2180 1771 2275 1827 lus
2305 1773 2576 1826 sacerdos
2606 1772 2830 1826 tribuat
2857 1772 3353 1826 communionem.
3405 1772 3464 1827 Si
3508 1788 3647 1827 vero
3703 1787 3835 1828 con-

2185 1877 2388 1916 versus
2431 1861 2772 1932 divisusque
2823 1861 2994 1915 fuerit
3042 1878 3071 1916 a
3104 1845 3204 1915 tali
3239 1861 3611 1932 copulatione
3641 1862 3835 1934 digne

2183 1949 2537 2022 poenitentiae
2568 1947 2956 2004 submittatur
2987 1953 3050 2004 ut
3079 1950 3350 2004 sacerdos
3390 1947 3502 2004 loci
3558 1951 3834 2006 conside-

2184 2039 2411 2094 raverit.

2184 2151 2314 2202 CAP.
2350 2147 2617 2202 LX-LXI.
2649 2145 2710 2201 Si.
2737 2145 2969 2201 debeant
2996 2144 3100 2200 duo
3127 2145 3384 2215 germani
3409 2147 3614 2215 fratres
3637 2146 3838 2217 singu-

2258 2219 2344 2300 las
2365 2235 2576 2274 sorores
2605 2217 3018 2289 accipere,qute
3046 2225 3174 2271 sunt
3203 2218 3269 2272 ab
3300 2216 3417 2271 illis
3445 2217 3609 2288 longa
3635 2216 3838 2289 proge-

2253 2299 2347 2345 me
2374 2299 2676 2361 generatae.

2184 2379 2338 2434 Beda
2369 2379 2425 2434 in
2461 2379 2598 2435 hist.
2631 2379 2721 2448 33,
2753 2382 2810 2434 et
2839 2382 3006 2434 tract.
3039 2379 3094 2445 8,
3129 2381 3377 2450 August.
3413 2379 3638 2450 Respon.
3678 2381 3837 2448 Greg.

2254 2468 2372 2523 Hoc
2403 2467 2526 2523 ﬁeri
2559 2467 2750 2524 modis
2781 2466 3057 2523 omnibus
3091 2466 3644 2539 1icet.Nequaquam
3679 2468 3835 2522 enim

2183 2557 2240 2612 in
2277 2557 2460 2613 sacris
2483 2557 2732 2629 eloquiis
2756 2555 3052 2613 invenitur
3073 2557 3226 2627 quod
3249 2555 3388 2612 huic
3409 2555 3672 2628 capitulo
3701 2574 3837 2614 con-

2182 2645 2463 2701 tradicere
2492 2645 2779 2732 rideatur.

2668 2738 2796 2792 CAP.
2830 2735 2982 2790 LXII.
3016 2738 3093 2790 De
3122 2733 3328 2790 eodem.

2500 2824 2760 2896 Gregor.,
2795 2840 3023 2896 respons
3048 2825 3297 2894 August.,
3329 2839 3380 2878 c.
3414 2824 3500 2880 19.

2250 2914 2360 2985 (35,
2395 2929 2451 2985 q.
2483 2913 2538 2984 3,
2572 2930 2620 2969 c.
2658 2917 2735 2968 De
2763 2917 2941 2984 nupt.,
2975 2917 3104 2968 etc.
3141 2913 3214 2968 De
3259 2912 3473 2984 incest.)
3520 2915 3668 2969 Cum
3728 2930 3828 2968 no-

3707 295 3949 364 1296}

420 425 575 496 quod
609 424 860 478 duorum
895 423 1140 478 fratrum
1175 423 1296 478 sive
1336 428 1635 494 nepotum,
1669 424 1757 478 vel
1789 422 2066 492 deinceps
2098 421 2150 487 Α
2179 418 2520 473 homini-bus
2543 419 2612 474 de
2633 417 2955 474 Germania:
2978 415 3154 472 didici
3186 417 3446 487 partibus
3469 419 3632 489 quod
3659 419 3845 474 beata:

2182 507 2604 563 recordationis
2637 524 2786 578 papa
2817 506 3153 577 Gregorius,
3188 507 3326 561 dum
3361 523 3458 561 eos
3488 508 3562 562 ad
3595 507 3844 579 religio-
3948 506 3949 564 ἰ

2181 615 2310 652 nem
2346 596 2808 652 Christianitatis
2839 595 3036 650 divina
3065 595 3252 667 gratia
3279 595 3626 667 illustraret,
3653 596 3845 652 licen-
3948 607 3949 668 ξ

2180 687 2324 741 tiam
2357 685 2441 741 eis
2472 685 2730 742 dedisset
2751 686 2807 739 in
2832 689 3102 756 quartam
3133 701 3260 740 sese
3289 685 3550 758 copulari
3584 703 3842 759 genera-
3948 671 3949 692 ¹

487 3003 598 3072 (35,
634 3019 695 3073 q.
732 3002 787 3073 3,
820 3019 870 3058 ο.
904 3004 980 3058 De
1008 3001 1201 3058 incest.
1235 3006 1292 3058 et
1321 3003 1358 3057 l.
1393 3003 1566 3073 Frat.)
1599 3003 1657 3058 Si
1691 3003 1824 3073 quis
1871 3001 2068 3056 fratris
2179 3019 2347 3058 verca
2371 3002 2605 3058 misceri
2637 3018 2806 3073 grave
2834 3001 3060 3057 facinus
3092 3001 3346 3073 est,quia
3376 3000 3664 3072 scriptum
3699 3007 3825 3057 est:

415 3107 654 3147 uxorem
679 3091 907 3146 duxerit
929 3091 988 3145 in
1011 3091 1376 3163 conjugium,
1403 3091 1716 3146 anathema
1737 3091 1832 3145 sit.
1857 3091 1909 3144 Si
1936 3091 2068 3161 quis
2175 3092 2619 3163 Turpitudinem
2655 3092 2836 3163 patris
2869 3091 2953 3145 tui
2986 3108 3098 3145 non
3133 3090 3826 3162 revelabis.Nequeenim

417 3196 725 3236 novercam
785 3183 890 3234 aut
946 3196 1163 3234 nurum
1218 3195 1389 3235 suam
1453 3180 1704 3244 duxerit,
1757 3179 2070 3234 anathema
2103 3181 2142 3247 C
2182 3181 2607 3252 turpitudinem
2641 3181 2823 3251 patris
2856 3179 3010 3236 ﬁlius
3042 3180 3294 3235 revelare
3324 3181 3829 3251 potest.Sed,quia

414 3269 512 3325 sit.
543 3269 600 3324 Si
634 3268 768 3341 quis
797 3268 1212 3324 consobrinam
1246 3283 1414 3323 suam
1449 3267 1700 3335 duxerit,
1755 3267 2072 3323 anathema
2180 3269 2460 3342 scriptum
2489 3274 2578 3325 est
2610 3285 2622 3323 :
2652 3271 2829 3325 Erunt
2859 3269 2962 3324 duo
2993 3271 3054 3324 in
3081 3286 3249 3326 carne
3278 3286 3392 3324 una
3423 3269 3577 3341 (Gen.
3611 3271 3700 3341 Ix),
3735 3269 3829 3340 qui

415 3359 520 3415 Sit.
553 3359 610 3413 Si
645 3358 777 3430 quis
809 3358 881 3413 de
912 3357 1262 3429 cognatione
1290 3355 1381 3412 vel
1414 3373 1592 3428 quam
1626 3362 1912 3428 cognatus
1964 3357 2066 3411 ha-
2180 3358 2607 3430 turpitudinem
2637 3375 2895 3414 noverca:
2920 3375 3046 3432 quae
3079 3376 3197 3414 una
3218 3375 3352 3414 eum
3385 3362 3550 3430 patre
3579 3357 3714 3425 fuit,
3742 3376 3829 3414 re-

417 3448 544 3504 buit
575 3447 807 3503 duxerit
837 3447 897 3503 in
929 3446 1297 3519 conjugium,
1333 3446 1645 3502 anathema
1674 3446 1774 3501 sit.
2176 3447 2365 3503 velare
2396 3447 2857 3519 praesumpserit,
2892 3447 3149 3520 profecto
3180 3448 3364 3520 patris
3394 3446 3828 3518 turpitudinem

415 3555 542 3612 CAP.
568 3555 756 3612 LVIII.
778 3553 1046 3612 Germani
1076 3571 1246 3628 usque
1278 3553 1339 3609 in
1368 3565 1623 3625 quartam
1653 3557 2064 3628 generationem
2177 3535 2632 3628 revelabit-Cum
2658 3539 2910 3628 οοξζηαίεξ
2935 3553 3167 3608 quoque
3198 3534 3431 3628 Ψίεεθτί
3456 3534 3822 3628 Ρτοδίβίίυφ

977 3625 1230 3696 copulari
1252 3635 1501 3696 possunt.

815 3713 1124 3768 Zacharias
1150 3731 1301 3785 papa
1332 3715 1648 3786 episcopis.

477 3803 590 3877 (35,
642 3820 700 3875 q.
753 3819 801 3859 ο.
867 3803 1127 3871 Quaedam
1185 3803 1274 3857 lea:
1333 3803 1586 3874 Roman.)
1639 3803 2056 3859 Asserentibus

2173 3630 2282 3693 est,
2319 3625 2457 3696 quia
2485 3641 2588 3696 per
2616 3624 3089 3695 conjunctionem
3136 3625 3390 3697 priorem
3443 3641 3574 3680 caro
3625 3625 3824 3679 fratris

2172 3715 2344 3770 luerit
2369 3714 2650 3770 lacta.Pro
2679 3731 2794 3785 qua
2816 3731 2874 3769 re
2896 3713 3071 3769 etiam
3094 3714 3351 3770 Joannes
3372 3713 3637 3786 Baptista
3659 3718 3822 3769 trun-

2169 3807 2333 3858 catus
2365 3807 2473 3875 est,
2504 3806 2561 3859 et
2590 3807 2792 3858 sancto
2825 3802 3101 3876 martyrio
3132 3807 3581 3860 consummatus
3611 3807 3718 3859 est.

887 4065 1098 4136 QUOD
1146 4063 1390 4124 INTER
1433 4062 1910 4125 COMMATRES
1953 4065 2466 4127 SPlRlTUALES
2511 4065 2665 4126 NON
2714 4067 2842 4127 FIT
2883 4067 3359 4128 CONJUGIUM.

399 4204 530 4258 ΟΑΡ.
563 4200 759 4256 LXIII.
791 4203 941 4256 Duas
971 4207 1294 4256 commatres
1325 4199 1500 4254 alicui
1529 4199 1729 4255 habere
1759 4215 1868 4255 non
1901 4199 2052 4266 licet,

650 4288 926 4348 Nicolaus
954 4288 1249 4344 Salomoni
1277 4289 1585 4345 Constant.
1620 4290 1800 4360 episc.

2167 4198 2312 4255 tuali
2343 4199 2520 4256 fuerit
2551 4200 2871 4257 fornicatus
2902 4200 3315 4269 anathematis,
3349 4205 3415 4256 ut
3444 4200 3636 4272 scitis,
3688 4219 3817 4272 per-

2171 4289 2429 4344 cutiatur
2456 4288 2671 4344 ictibus
2724 4305 2738 4344 :
2790 4289 3062 4346 similiter
3093 4293 3286 4345 autem
3314 4293 3374 4345 et
3399 4288 3571 4345 illum
3599 4307 3813 4361 percu-

468 4379 578 4448 (30,
611 4395 670 4449 q.
701 4379 755 4446 3,
789 4395 838 4433 c.
871 4376 1242 4446 Sciscitatur.)
1275 4376 1624 4432 Seiseitatur
1655 4395 1685 4433 a
1721 4377 1889 4433 nobis
1922 4394 2050 4433 san-
2160 4381 2280 4432 tere
2301 4377 2765 4449 promulgamus,
2800 4379 3055 4449 quicum
3081 4394 3149 4433 ea
3169 4395 3348 4449 quam
3371 4379 3441 4434 de
3463 4395 3634 4435 sacro
3661 4381 3817 4435 fonte

393 4465 565 4521 ctitas
595 4469 812 4530 vestra,
838 4465 887 4520 si
912 4464 1126 4534 aliquis
1158 4464 1333 4520 homo
1364 4465 1511 4521 duas
1541 4471 1894 4522 commatres
1927 4468 2045 4538 spi-
2084 4532 2114 4540 ﬁ
2159 4465 2532 4538 baptismatis
2564 4468 2889 4539 susceperit
2921 4472 3022 4522 aut
3042 4483 3177 4522 cum
3203 4467 3304 4523 illa
3325 4483 3500 4538 quam
3531 4473 3672 4524 ante
3693 4469 3814 4540 epi-

389 4553 635 4610 rituales
668 4553 883 4609 habere
914 4554 1125 4623 valeat,
1159 4570 1339 4609 unam
1372 4559 1506 4626 post
1539 4553 1807 4612 alteram.
1835 4557 1894 4611 In
1932 4573 2046 4627 quo
2078 4532 2122 4595 ί)
2154 4571 2396 4625 scopum
2423 4555 2698 4624 tenuerit,
2719 4573 2852 4610 cum
2877 4572 3044 4611 sacro
3067 4555 3386 4611 chrismate
3407 4557 3588 4611 fuerit
3611 4564 3814 4620 uncta,

386 4641 719 4697 fraternitas
739 4647 838 4697 tua
861 4641 1201 4699 meminisse
1218 4642 1390 4698 debet
1405 4659 1535 4699 esse
1554 4644 2042 4714 scriptuszrunt
2151 4643 2553 4699 fornicationis
2577 4645 2931 4716 perpetravit
2952 4643 3498 4716 scelus,legitimam
3522 4648 3810 4715 tamen,si

385 4731 492 4788 duo
524 4731 584 4786 in
611 4746 779 4786 carne
806 4748 920 4787 una
949 4731 1106 4797 (Gen.
1141 4732 1454 4803 11).Itaque,
1479 4748 1612 4786 cum
1646 4737 1875 4788 constet
1904 4733 2042 4804 quia
2151 4731 2442 4800 habuerit,
2467 4750 2581 4788 non
2608 4733 2902 4789 dimittere
2924 4738 3165 4806 cogatur
3186 4734 3613 4800 uxorem.0uos
3649 4735 3805 4790 enim

381 4820 471 4874 vir
500 4823 557 4877 et
586 4835 730 4875 uxor
773 4836 890 4875 una
937 4837 1068 4875 caro
1119 4837 1221 4892 per
1269 4820 1629 4876 connubium
1681 4821 2038 4888 efﬁciuntur,
2151 4825 2302 4876 Deus
2334 4821 2637 4892 conjunxit
2667 4821 2841 4877 homo
2873 4838 3144 4894 separare
3174 4839 3290 4877 non
3320 4822 3511 4878 debet.

383 4914 566 4966 restat
591 4909 872 4966 nimirum
895 4909 1086 4964 virum
1114 4915 1471 4982 compatrem
1496 4910 1775 4966 constitui
1798 4910 1883 4966 illi
1910 4929 2038 4968 mu-

382 4995 530 5068 lieri,
563 4999 734 5068 cujus
769 4997 1144 5054 matrimonio
1175 5004 1480 5070 assumpta
1527 5016 1672 5055 uxor
1718 5006 2038 5057 commater

381 5101 512 5141 esse
541 5087 947 5142 videbatur.Et
978 5086 1196 5142 idcirco
1222 5085 1406 5156 liquet
1431 5088 1621 5143 virum
1674 5087 1756 5144 illi
1807 5089 2032 5146 femina:

379 5190 498 5229 non
549 5190 724 5246 posse
767 5175 938 5247 jungi
988 5174 1046 5229 in
1099 5173 1328 5246 copula,
1381 5191 1508 5246 qua:
1555 5181 1876 5232 commater
1905 5180 2032 5250 ejus

378 5269 524 5331 erat,
556 5279 693 5318 cum
727 5279 844 5335 qua
875 5263 1030 5319 idem
1068 5281 1185 5318 una
1215 5280 1346 5318 caro
1385 5263 1575 5320 fuerat
1606 5266 1867 5322 effectus.

2150 4939 2280 4994 CAP.
2315 4938 2480 4992 LXV.
2515 4945 2634 5012 Non
2663 4948 2945 5010 separetur
2990 4957 3024 4993 a
3061 4938 3213 5008 'viro,
3259 4941 3362 5012 sed
3407 4939 3806 5012 paenitentiam

2216 5015 2352 5135 Ξκραὶ
2386 5026 2509 5136 quaet
2533 5011 2715 5081 ﬁlium
2743 5028 2904 5066 suum
2941 5027 3130 5066 coram
3178 5010 3429 5084 episcopo
3469 5013 3809 5083 fraudulen-

2238 5097 2300 5137 er
2351 5097 2529 5137 enui.

2684 5161 2860 5217 Cone.
2897 5160 3104 5232 Cabil.,
3139 5177 3188 5216 c.
3219 5162 3273 5216 4.

2215 5267 2322 5337 (30,
2357 5284 2412 5338 q.
2450 5268 2501 5322 1.
2552 5283 2601 5322 c.
2657 5266 2922 5337 Dictum.)
2973 5267 3207 5323 Dictum
3257 5267 3434 5323 etiam
3491 5269 3670 5325 nobis
3721 5274 3807 5325 est

2144 5357 2432 5428 quasdam
2466 5356 2717 5412 feminas
2747 5356 3366 5427 desidiose,quosdam
3398 5374 3533 5413 vero
3567 5359 3810 5414 fraudu-

2139 5444 2328 5502 lenter
2358 5450 2421 5500 ut
2453 5462 2486 5501 a
2515 5445 2657 5502 viris
2689 5447 2815 5501 suis
2845 5448 3490 5519 separentur,proprios
3520 5447 3682 5504 ﬁlios
3715 5466 3807 5504 co-

2139 5552 2262 5590 ram
2286 5535 2579 5606 episcopis
2602 5536 2671 5590 ad
2697 5535 3166 5591 conﬁrmandum
3193 5535 3474 5601 tenuisse,
3508 5538 3670 5593 unde
3697 5555 3804 5594 nos

2137 5623 2380 5697 dignum
2412 5625 2690 5680 duximus
2721 5629 2784 5680 ut
2812 5624 2861 5682 si
2889 5641 3013 5695 quae
3047 5624 3261 5682 mulier
3278 5625 3467 5682 ﬁlium
3493 5643 3676 5683 suum
3706 5629 3806 5684 de-

377 5369 500 5425 Csr.
539 5368 728 5425 LXIV.
763 5370 1042 5424 Puniatur
1066 5370 1164 5440 qui
1191 5372 1303 5425 haec
1344 5369 1591 5427 crimina
1638 5374 1935 5430 committit
1982 5384 2032 5432 et

587 5459 697 5497 non
727 5446 911 5496 tamen
940 5442 1264 5514 legitimam
1294 5441 1546 5497 dimittat
1575 5460 1821 5500 umorem.

640 5529 915 5587 Nicolaus
945 5531 1246 5588 Salomoni
1278 5533 1558 5610 Constant
1589 5532 1765 5603 episc.

447 5617 559 5687 (33,
589 5633 648 5687 q.
679 5618 770 5683 20,
802 5635 852 5673 c.
886 5617 948 5673 Si
974 5619 1142 5690 quis.)
1175 5620 1232 5676 Si
1263 5621 1395 5692 quis
1426 5637 1560 5678 cum
1615 5626 1799 5679 matre
1849 5623 2023 5696 spiri-
