3986 6048
176 206 317 263 1297

1481 204 1877 258 PANORMIA.
1911 233 1979 243 -—
2010 207 2143 259 LIB.
2187 208 2308 262 VII.

3460 212 3597 267 1298

167 332 440 388 sidiaaut
474 332 675 387 fraude
706 332 904 404 aliqua
938 346 1132 384 coram
1168 331 1439 403 episcopo
1466 331 1718 386 tenuerit
1743 331 1812 386 ad
1850 332 1898 396 Α
1932 329 2122 399 gitimi
2162 347 2279 385 unu
2311 332 2631 387 sautambo
2655 333 3034 389 exindustria
3059 333 3299 389 fecerint
3323 334 3591 390 ulﬁlium

169 420 666 488 confirmandum,
701 425 938 491 propter
967 418 1262 475 fallaciam
1312 437 1504 489 suam,
1541 424 1641 474 aut
1692 437 1831 492 pro-

168 515 301 582 pter
335 510 569 565 Iaudem
598 509 859 581 quandiu
920 507 1072 562 vivat
1131 508 1529 580 paenitentiam
1582 514 1736 580 agat,
1797 525 1830 563 a

168 599 290 655 viro
322 615 429 654 suo
460 602 657 654 tamen
692 616 807 653 non
842 602 1168 669 separetur.

170 716 305 771 CAP.
342 714 534 769 LXVI.
566 716 908 783 Separentur
929 718 981 768 et
1008 714 1169 783 gravi
1208 714 1533 782 pmnitcnlia
1579 715 1825 784 plectan-

242 795 334 841 ιω·
362 786 459 857 qui
485 785 725 855 ﬁliolam
762 803 924 841 suam
954 786 1037 840 vel
1068 785 1174 857 spii
1199 785 1425 840 ilualem
1455 790 1689 841 matrem
1720 786 1825 840 du-

239 863 369 913 cunt
402 860 462 913 in
494 874 743 913 uxorem.

658 949 831 1003 Cone.
867 950 1131 1018 Mogunt.
1168 963 1212 999 c.
1242 946 1325 999 10.

236 1046 350 1115 (30,
373 1062 429 1116 q.
466 1045 519 1114 Ι,
553 1062 602 1099 c.
642 1046 712 1099 De
733 1060 791 1099 eo
824 1044 965 1116 quod
999 1044 1425 1114 inleri'ogusn's.)
1459 1044 1537 1099 De
1569 1062 1633 1098 eo
1667 1044 1820 1115 quod

168 1134 594 1205 interrogastis,
629 1133 677 1187 si
713 1132 808 1187 ille
840 1132 939 1203 qui
976 1132 1213 1185 filiolam
1244 1150 1411 1186 suam
1456 1133 1625 1186 duxit
1680 1150 1820 1187 uxo-

164 1238 307 1290 rem,
344 1227 400 1277 et
431 1222 531 1293 qui
565 1222 886 1275 concubuit
912 1238 1043 1274 cum
1078 1226 1259 1275 matre
1295 1238 1401 1275 sua
1424 1220 1739 1290 spirituali,
1765 1226 1822 1275 et

167 1312 240 1366 de
271 1327 336 1365 eo
370 1311 468 1382 qui
508 1310 696 1364 filium
732 1327 907 1364 suum
942 1309 1273 1380 baptizavit,
1333 1316 1390 1363 et
1448 1310 1618 1378 cujus
1680 1326 1822 1364 uxor

167 1416 302 1455 eum
333 1401 403 1454 de
438 1400 596 1454 fonte
626 1398 907 1469 suscepit,
941 1415 1009 1453 ea
1041 1398 1264 1452 ratione
1296 1403 1359 1452 ut
1381 1399 1690 1453 dissidium
1719 1399 1820 1451 ﬁe-

164 1494 254 1544 ret
285 1487 566 1559 coujugii,
601 1488 646 1542 si
668 1487 939 1558 posteain
962 1487 1059 1541 tali
1087 1486 1455 1556 copulatione
1480 1503 1819 1557 permanere

161 1582 423 1648 possent.
459 1576 540 1630 De
573 1576 793 1631 talibus
820 1577 902 1630 sic
930 1577 1405 1647 respondendum
1430 1581 1550 1632 est:
1576 1577 1634 1629 Si
1668 1576 1814 1631 filio-

1944 435 2117 473 suum
2156 420 2224 474 de
2253 421 2415 475 fonte
2445 423 2833 493 susceperint,
2868 428 2933 478 ut
2962 422 3274 478 dissidium
3304 423 3425 488 fiat,
3481 423 3594 479 tale

1944 508 2257 563 consilium
2285 510 2492 565 damus
2519 527 2530 564 :
2560 512 2615 565 Si
2641 512 2873 582 innupti
2899 528 3133 567 manere
3154 511 3467 578 voluerint,
3499 512 3592 566 bo-

1946 613 2085 650 num
2122 602 2227 651 est.
2264 598 2361 652 Sin
2397 603 2614 669 autem,
2647 601 2840 671 gravis
2873 600 3211 670 pmnitentia
3258 600 3591 655 insidiatori

1936 683 2283 757 injungatur
2312 692 2369 742 et
2398 688 2575 742 simul
2623 693 2918 744 maneant.
2979 689 3045 742 Et
3094 688 3142 743 si
3200 688 3591 759 supravixerit

1936 775 2346 845 praevaricator
2362 777 2644 848 conjugii,
2667 778 2952 832 acerrima
2974 776 3312 847 pcenitentia
3337 776 3585 832 mulcta-

1936 867 2051 930 tur,
2082 868 2135 918 et
2172 864 2298 920 sine
2329 881 2431 938 sps
2453 866 2713 937 conjugii
2744 870 2999 922 maneat.

1936 971 2064 1025 Car.
2104 972 2306 1027 LXVII.
2342 973 2577 1053 Uxorem
2602 973 2895 1044 compotrix
2941 973 3138 1053 dueere
3189 976 3386 1043 potest,
3434 975 3586 1029 cuius

2332 1049 2457 1115 ipsa.
2487 1056 2789 1100 commater
2830 1062 2939 1101 non
2980 1049 3184 1114 fuerat.

2483 1135 2655 1189 Conc.
2698 1134 2899 1189 Tibur.
2935 1134 3021 1186 47.

2006 1222 2115 1289 (30,
2149 1239 2203 1291 q.
2239 1222 2292 1289 4,
2336 1238 2383 1276 c.
2439 1222 2543 1290 Qui
2589 1222 2986 1293 spiritualem.)
3048 1224 3154 1288 Qui
3213 1221 3576 1293 spiritualern

1931 1315 2290 1380 conipatrem
2327 1309 2502 1364 habet
2532 1312 2701 1379 cujus
2735 1312 2920 1365 {ilium
2942 1311 3027 1365 vel
3054 1312 3123 1365 de
3146 1312 3375 1366 lavacro
3429 1312 3576 1365 sacri

1930 1398 2107 1451 fontis
2140 1398 2382 1469 accepit,
2416 1402 2611 1468 etejus
2638 1417 2780 1453 uxor
2801 1406 3121 1455 commater
3144 1416 3255 1454 non
3280 1404 3384 1467 est,
3410 1398 3580 1454 liccat

1931 1486 1981 1540 ei
2017 1487 2293 1541 defuncto
2329 1493 2625 1559 compatre
2685 1506 2793 1543 suo
2825 1490 2952 1559 ejus
2983 1488 3221 1542 viduam
3256 1488 3467 1543 ducere
3515 1488 3571 1542 in

1931 1592 2189 1641 uxorem,
2225 1575 2274 1629 si
2307 1575 2530 1631 nullam
2563 1577 2737 1632 habet
2766 1577 3301 1648 consanguinitatis
3332 1577 3572 1648 propin-

160 1666 278 1720 lam
312 1670 414 1720 aut
445 1670 828 1720 commatrcm
864 1682 1029 1718 suam
1066 1665 1433 1735 spiritualem
1461 1666 1515 1718 in
1540 1665 1813 1735 conjugio
1844 1644 1889 1707 B
1922 1666 2226 1735 quitatem.
2264 1667 2411 1732 Quid
2443 1666 2597 1722 enim
2621 1667 2648 1721 ?
2679 1669 2945 1739 nunquid
2980 1685 3093 1723 non
3131 1672 3378 1739 possunt
3420 1684 3565 1722 con-

159 1754 376 1825 aliquis
408 1755 655 1823 duxerit,
692 1756 1052 1826 separandos
1082 1769 1181 1807 eos
1212 1770 1339 1808 esse
1363 1754 1721 1821 judicamus,
1754 1758 1809 1807 et

156 1845 316 1913 gravi
347 1844 692 1915 pmnitentia
724 1843 1082 1914 plectendos.
1104 1842 1163 1897 Si
1192 1848 1386 1898 autem
1411 1843 1691 1913 conjuges
1727 1842 1808 1895 le-

1910 1753 2084 1825 jungi
2119 1772 2263 1825 quos
2296 1755 2458 1810 nulla
2480 1756 2822 1827 proximitas
2846 1757 3098 1811 carnalis
3123 1756 3208 1812 vel
3229 1756 3285 1810 in
3313 1756 3369 1809 id
3393 1772 3569 1827 gene-

1920 1843 2067 1897 ratio
2100 1843 2352 1898 secernit
2381 1843 2728 1914 spiritualis.

1076 2175 1180 2233 DE
1213 2172 1949 2235 CONSANGUINITATE
1979 2174 2076 2233 ET
2110 2174 2607 2234 AFFINITATE.

730 2258 761 2290 β

229 2362 365 2416 CAP.
400 2360 653 2416 LXVIII.
674 2361 927 2432 Afﬁnitas
962 2360 1323 2432 insuperslite
1352 2376 1465 2414 non
1495 2359 1729 2415 deletur.

419 2483 662 2549 Gregor.
700 2494 830 2549 pap.
858 2478 1102 2532 Venerio
1134 2476 1321 2531 Carol.
1356 2476 1536 2547 epise.

226 2595 340 2665 (35,
375 2612 429 2666 q.
476 2596 565 2663 30,
628 2611 675 2648 c.
727 2594 1162 2664 Fraterm'latis.)
1216 2593 1549 2648 Gascomus
1599 2607 1803 2646 servus

169 2699 472 2738 servorum
505 2684 630 2753 Dei,
662 2683 920 2737 VENERIO
951 2682 1303 2736 Caralitano.

233 2772 636 2828 Fraternitalis
668 2778 868 2827 vestrae
922 2772 1203 2826 studiosae
1238 2770 1567 2840 sagacitati,
1628 2769 1803 2823 frater

157 2863 432 2930 amande,
448 2879 596 2933 quas
620 2862 798 2916 debeo
813 2862 1005 2915 defero
1018 2864 1232 2931 grates,
1250 2859 1524 2931 quoniam
1542 2858 1804 2928 quaesisti

151 2950 996 3021 quaedebuisli,etjucundum
1025 2965 1116 3003 me
1136 2947 1461 3003 reddidisti.
1494 2947 1652 3001 Unde
1676 2946 1803 3017 pla-

148 3040 276 3093 cide
307 3040 379 3093 ad
428 3039 717 3111 inquisita
766 3040 1111 3109 respondeo.
1162 3038 1369 3092 Sedem
1422 3034 1801 3107 apostolicam

148 3128 459 3182 consulere
475 3128 805 3193 decrevisti,
825 3127 943 3181 sim
956 3127 1100 3181 ulier
1116 3125 1325 3197 copula
1344 3143 1416 3179 nu
1430 3124 1592 3196 ptiali
1610 3129 1803 3178 extra-

142 3233 256 3271 neo
284 3216 622 3286 virojuncta
638 3217 964 3286 cognationi
979 3218 1105 3285 ejus
1123 3216 1424 3286 pertineat,
1441 3216 1487 3267 si
1502 3229 1568 3267 eo
1586 3214 1795 3267 defun-

140 3310 239 3360 cto
271 3306 541 3377 cognatio
557 3312 754 3361 manet
772 3307 996 3371 eadem,
1018 3304 1099 3359 vel
1118 3306 1228 3359 sub
1243 3303 1422 3358 altero
1435 3303 1554 3357 viro
1578 3318 1794 3372 cogna-

137 3394 1062 3461 tionisvocubuladissolvuntur,
1084 3394 1165 3449 vel
1184 3395 1227 3449 si
1258 3398 1541 3463 suscepta:
1567 3391 1796 3445 soboles

139 3484 374 3556 possint
405 3484 665 3554 legitime
690 3486 760 3538 ad
794 3484 1004 3553 prioris
1023 3483 1129 3535 viri
1157 3480 1523 3551 cognationis
1547 3479 1797 3533 transire

136 3573 437 3643 copulam.
468 3573 568 3625 Est
589 3572 746 3625 enim
770 3571 1011 3625 verbum
1036 3569 1261 3623 Domini
1282 3568 1539 3621 validum
1562 3568 1793 3633 etforte,

143 3666 237 3715 est
262 3659 551 3724 durabile,
586 3664 673 3714 est
706 3658 1152 3729 perseverabile,
1170 3662 1258 3711 est
1280 3655 1663 3723 immutabile,
1681 3672 1795 3709 non

142 3753 652 3811 momentaneum,
690 3766 805 3802 non
842 3746 1267 3802 transitorium.
1294 3745 1386 3799 Ait
1408 3748 1600 3799 autem
1626 3760 1797 3814 perse

142 3838 274 3907 ipsa
306 3837 559 3901 Veritas,
595 3854 721 3908 qua:
760 3842 907 3891 Deus
939 3845 1025 3890 est
1057 3842 1109 3890 et
1142 3836 1384 3888 verbum
1416 3833 1508 3887 Dei
1532 3838 1655 3887 est:
1681 3836 1797 3888 Ca:-

141 3926 261 3979 lum
292 3930 345 3980 et
377 3930 531 3980 terra
560 3926 903 3992 transibunt,
939 3926 1103 3979 verba
1124 3926 1311 3978 autem
1335 3939 1457 3976 mea
1474 3938 1583 3976 non
1611 3929 1793 3976 trans-

135 4015 305 4069 ibunt
336 4015 532 4086 (Matth
561 4018 699 4082 xiv).
735 4016 1059 4083 Antequam
1094 4014 1247 4067 Deus
1297 4012 1353 4065 in
1389 4028 1561 4066 carne
1619 4027 1793 4081 appa-

136 4109 295 4159 reret
326 4105 481 4159 inter
514 4103 805 4163 homines.
857 4120 922 4157 eo
983 4102 1308 4173 inspirante
1367 4100 1512 4154 dixit
1569 4100 1792 4153 Adam:

137 4193 505 4260 Quamobrem
536 4193 811 4263 relinquet
840 4193 996 4246 homo
1028 4196 1234 4261 patrem
1264 4207 1425 4243 suum
1457 4193 1508 4242 et
1564 4197 1793 4241 mairem

132 4298 319 4351 suam,
353 4290 403 4336 et
426 4281 735 4338 adhaerebit
768 4281 933 4336 uxori
962 4296 1098 4347 sum,
1124 4285 1173 4334 et
1204 4289 1365 4334 erunt
1396 4278 1499 4332 duo
1534 4277 1591 4331 in
1630 4292 1796 4330 carne

137 4389 253 4426 una
285 4370 435 4440 (Gen.
476 4370 557 4441 ιι).
591 4370 693 4424 Cui
727 4388 841 4425 non
876 4367 1545 4425 contradixitDominns.
1582 4366 1793 4419 Deinde

136 4477 274 4516 cum
310 4458 536 4514 Veritas
568 4459 905 4513 orireturde
928 4459 1415 4519 terrainterram,
1444 4460 1501 4509 et
1547 4454 1793 4509 visibilis

141 4550 201 4602 in
238 4548 605 4602 humanitate
636 4552 957 4618 appareret,
994 4547 1413 4613 interrogatum
1447 4550 1556 4611 est,
1587 4544 1632 4597 si
1666 4542 1792 4597 lici-
1829 4583 1869 4645 Β

138 4643 269 4691 tum
304 4642 461 4692 esset
493 4636 717 4691 homini
762 4652 998 4690 uxorem
1059 4636 1356 4688 dimittere
1415 4633 1622 4703 (Matth.
1653 4634 1791 4703 xix).

133 4726 300 4789 Quod
336 4726 660 4797 prohibens
694 4725 817 4780 ﬁeri
850 4724 1053 4793 vetuit,
1088 4723 1202 4777 nisi
1237 4724 1380 4777 forte
1411 4722 1457 4776 si
1489 4720 1792 4776 fornicatio

137 4813 268 4869 sola
303 4813 638 4869 excluderet
668 4812 937 4884 copulam
974 4809 1321 4866 maritalem.
1375 4809 1534 4864 Unde
1592 4808 1792 4879 procul

134 4904 338 4957 statim
364 4903 421 4957 in
448 4903 707 4958 medium
735 4904 1003 4957 eamdem
1026 4900 1381 4955 sententiam
1407 4900 1593 4970 ipsam
1616 4914 1792 4967 quam

137 4996 275 5046 ante
308 4992 521 5045 saecula
548 5008 795 5046 manens
827 5007 955 5045 cum
993 4994 1160 5044 Patre
1192 4989 1446 5045 Verbum
1493 4987 1797 5057 inspiravit

138 5080 195 5133 in
234 5081 416 5133 Adam
452 5080 575 5149 ipse
608 5082 965 5135 conﬁrmans
998 5080 1152 5151 quod
1208 5079 1331 5149 ipse
1383 5077 1611 5147 primus
1666 5091 1793 5145 pro-

150 5168 291 5221 tulit
324 5168 535 5223 homo:
576 5169 933 5234 Quamobrem
967 5168 1240 5238 relinquet
1291 5167 1446 5219 homo
1489 5168 1699 5235 patrem
1747 5169 1799 5217 et

132 5266 378 5311 matrem
409 5261 459 5311 et
493 5257 795 5314 adharebil
824 5258 987 5312 uxori
1006 5273 1143 5321 sum,
1176 5259 1399 5311 eterunl
1426 5254 1531 5307 duo
1560 5252 1615 5306 in
1636 5267 1801 5306 carne

142 5362 263 5399 una
296 5344 448 5414 (Gen.
480 5350 563 5413 II).

209 5435 271 5488 Si
312 5450 428 5487 una
458 5450 590 5488 caro
617 5435 782 5505 fiunt,
811 5436 1108 5506 quomodo
1129 5432 1337 5504 poterit
1367 5430 1579 5501 aliquis
1600 5446 1795 5483 eorum

143 5522 548 5595 propinquius
582 5524 871 5595 pertinere
905 5524 1029 5589 uni,
1064 5524 1110 5577 si
1145 5538 1258 5577 non
1296 5521 1577 5592 pertineat
1612 5517 1799 5585 alteri,

1915 2359 2021 2413 hor
2058 2360 2301 2415 minime
2337 2360 2456 2415 fieri
2493 2376 2665 2431 posse
2698 2360 3055 2415 credendum
3090 2362 3197 2414 est.
3246 2356 3392 2414 Nam
3454 2375 3571 2413 uno

1913 2448 2187 2503 defuncto
2214 2448 2267 2501 in
2300 2448 2619 2518 superstite
2639 2448 2895 2501 afﬁnitas
2920 2464 3033 2501 non
3056 2448 3305 2514 deletur,
3328 2463 3433 2502 nec
3456 2447 3571 2502 alia

1913 2536 2122 2606 copula
2137 2535 2462 2606 eonjugalis
2485 2535 2832 2589 affinitatem
2856 2535 3067 2605 prioris
3085 2535 3306 2606 copulae
3322 2536 3567 2591 solvere-

1914 2628 2121 2694 potest.
2159 2625 2266 2679 Sed
2304 2640 2491 2694 neque
2523 2624 2957 2693 conjunctionis
3006 2623 3245 2679 alterius
3301 2624 3563 2680 sobolem

1913 2712 2101 2783 placet
2132 2713 2201 2766 ad
2236 2712 2420 2783 ipsius
2452 2712 2760 2767 afﬁnitatis
2785 2712 2996 2783 prioris
3028 2712 3135 2766 viri
3156 2714 3409 2769 transire
3428 2730 3561 2769 con-

1914 2800 2156 2855 sortium
2192 2818 2293 2871 pro
2325 2818 2389 2856 eo
2414 2801 2565 2871 quod
2588 2801 2829 2855 verbum
2856 2800 3086 2855 Domini
3113 2800 3375 2856 validum
3397 2806 3487 2857 est
3505 2807 3562 2858 et

1914 2890 2078 2959 forte,
2111 2895 2185 2957 et,
2219 2895 2283 2943 ut
2315 2890 2587 2960 inquiens
2618 2890 2765 2944 dixit
2792 2889 3117 2962 Propheta:
3153 2892 3426 2958 Quoniam
3444 2894 3562 2961 ipse

1911 2980 2059 3033 dixit
2092 2985 2141 3033 ct
2161 2981 2311 3048 Γαδία
2341 2984 2488 3045 sunt,
2510 2980 2628 3050 ipse
2659 2978 2955 3034 mandavit
2969 2984 3354 3035 etcrealasunt
3380 2980 3555 3051 (Paul.

1911 3069 2118 3136 cxmn).
2158 3067 2372 3122 Statuit
2403 3084 2469 3121 ea
2501 3072 2557 3121 et
2589 3066 2646 3121 in
2681 3084 2758 3133 c.,
2791 3073 2845 3121 et
2877 3067 2935 3122 in
2967 3085 3013 3122 s.
3036 3085 3160 3139 s.p.
3183 3085 3236 3140 p.
3258 3069 3404 3123 Nam
3431 3075 3560 3139 post

1910 3158 2149 3209 verbum
2183 3172 2355 3211 suum
2391 3160 2567 3227 atque
2598 3162 2951 3227 praeceptum
2997 3157 3192 3213 effecit
3244 3156 3398 3211 Deus
3443 3157 3558 3212 duo

1830 3218 1871 3282 Ο
1911 3260 2143 3299 carnem
2178 3244 2375 3311 udam,
2408 3244 2467 3298 id
2499 3249 2587 3298 est
2646 3244 2976 3300 masculum
3030 3250 3087 3299 et
3118 3244 3396 3299 feminam
3457 3246 3556 3316 qui

1909 3334 2278 3387 innumeram
2310 3350 2484 3387 sexus
2518 3334 2828 3402 utriusque
2853 3334 3292 3388 multitudinem
3325 3351 3439 3389 non
3465 3336 3556 3391 de-

1906 3423 2057 3475 stitit
2085 3438 2281 3474 sccum
2309 3422 2496 3474 facere
2520 3437 2725 3483 unum,
2749 3421 2902 3475 sicut
2924 3438 3024 3490 per
3044 3436 3105 3475 se
3132 3421 3359 3475 Veritas
3382 3422 3553 3477 dixit:

1905 3511 2018 3564 Non
2046 3526 2146 3580 pro
2179 3508 2263 3561 his
2293 3514 2516 3563 tantum
2546 3524 2692 3578 rogo,
2726 3508 2815 3563 sed
2845 3513 2894 3562 et
2924 3524 3021 3578 pro
3046 3508 3125 3564 eis
3156 3509 3252 3580 qui
3281 3508 3555 3564 credituri

1904 3608 2032 3653 sunt
2068 3615 2165 3668 per
2196 3598 2429 3652 verbum
2453 3613 2637 3652 eorum
2662 3596 2718 3650 in
2740 3613 2825 3651 me
2856 3602 2913 3651 ut
2940 3614 3115 3652 unum
3136 3598 3430 3668 πηδῆσαι
3467 3604 3548 3667 tu,

1907 3688 2095 3752 Pater,
2133 3686 2188 3740 in
2222 3703 2311 3740 me
2339 3695 2388 3741 et
2409 3702 2505 3754 ego
2538 3687 2593 3739 in
2628 3691 2696 3752 te,
2731 3694 2782 3740 et
2813 3687 2928 3754 ipsi
2957 3688 3021 3741 in
3052 3689 3211 3744 nobis
3242 3705 3415 3743 unum
3438 3688 3551 3744 sint

1906 3778 2081 3846 (Joan.
2116 3779 2272 3843 xvii).
2307 3775 2363 3831 Si
2399 3775 2530 3845 quis
2567 3776 2873 3829 temerario
2907 3781 2961 3829 et
2992 3776 3277 3848 sacrilego
3308 3794 3456 3832 ausu
3489 3778 3546 3832 in

1906 3865 2179 3919 defuncto
2203 3864 2409 3935 quaerit
2432 3864 2930 3935 prOpinquitatem
2944 3864 3313 3935 exstinguere
3334 3866 3443 3919 sub
3466 3866 3549 3920 al-

1906 3958 2025 4007 tero
2060 3952 2361 4007 affinitatis
2377 3952 2660 4008 vocabulo
2685 3952 2970 4023 dissipare
2991 3952 3073 4007 vel
3096 3958 3429 4025 susceptam
3454 3971 3552 4009 so-

1906 4041 2095 4096 bolem
2116 4042 2353 4095 alterius
2371 4041 2591 4112 copulae
2614 4042 2858 4096 credens
2886 4041 3141 4109 legitime
3162 4042 3395 4110 sociari,
3420 4057 3549 4112 pro-

1906 4130 2257 4201 pinquitatis
2287 4130 2498 4200 prioris
2531 4130 2622 4183 hic
2656 4134 2827 4199 negat
2858 4128 3096 4183 verbum
3136 4129 3237 4183 Dei
3290 4129 3551 4185 validum

1905 4234 2032 4273 esse
2064 4226 2118 4273 et
2155 4220 2318 4273 forte.
2349 4219 2415 4273 Et
2447 4219 2549 4288 qui
2583 4222 2700 4271 tam
2728 4216 3097 4272 facilecttam
3124 4219 3331 4288 quzerit
3352 4219 3552 4273 veloci-

1903 4313 1991 4362 ter
2020 4308 2358 4371 dissolvere,
2392 4308 2487 4361 hic
2509 4324 2619 4360 non
2637 4306 2816 4361 credit
2840 4308 3078 4360 verbum
3109 4307 3208 4362 Dei
3241 4308 3548 4363 manerein

1904 4404 2208 4451 aeternum.
2246 4397 2473 4451 Conlice
2506 4402 2799 4450 terramex
2837 4394 3251 4466 quatuorlocis
3274 4397 3546 4453 distanti-

1902 4487 2012 4539 bus
2048 4506 2078 4539 a
2111 4503 2169 4539 se
2206 4502 2418 4555 magna
2452 4484 2885 4555 intercapedine
2915 4490 2971 4540 et
2992 4486 3311 4541 confectam
3332 4492 3390 4542 et
3409 4504 3544 4543 con-

1903 4575 1997 4645 glu
2012 4576 2248 4628 tinatazn
2286 4578 2435 4645 tinge
2450 4575 2856 4645 cujuscunque
2872 4575 3067 4645 figurae
3081 4575 3164 4630 vel
3181 4575 3545 4632 immensita-

1905 4663 1979 4717 tis
2003 4680 2213 4734 corpus
2245 4662 2514 4717 volueris.

1905 4782 2036 4831 CAP.
2076 4777 2266 4833 LXIX.
2303 4782 2368 4832 In
2394 4786 2623 4851 parente
2652 4779 2941 4851 a_pr0prio
2969 4782 3024 4831 et
3061 4781 3309 4851 conjugis
3358 4782 3547 4837 eadem

2223 4847 2725 4916 consanguinitatis
2762 4854 2840 4903 est
2871 4847 3228 4908 observanda.

2226 4956 2427 5011 Isidor.
2461 4974 2526 5011 ex
2564 4973 2726 5011 conc.
2762 4956 3058 5025 Maciens.,
3091 4976 3139 5013 ο.
3172 4960 3225 5012 3.

1983 5075 2096 5143 (35,
2128 5090 2181 5142 q.
2216 5074 2269 5138 3,
2304 5089 2350 5127 c.
2387 5074 2574 5144 Sane.)
2605 5080 2754 5129 Sane
2786 5074 3268 5144 consanguinitas
3301 5091 3427 5145 quae
3488 5076 3547 5131 in

1911 5162 2147 5233 proprio
2180 5162 2298 5215 viro
2333 5163 2689 5217 observanda
2727 5169 2838 5228 est,
2871 5162 2992 5216 haec
3012 5162 3292 5217 nimirum
3318 5164 3375 5217 in
3409 5181 3547 5218 uxo-

1911 5254 1991 5306 ris
2025 5249 2321 5322 parentela
2354 5251 2421 5304 de
2448 5250 2572 5321 lege
2606 5251 2943 5321 nuptiarum
3004 5251 3385 5306 custodienda
3440 5259 3546 5321 est,

1910 5357 2024 5411 qua
2059 5344 2285 5393 constat
2324 5356 2422 5393 eos
2455 5340 2600 5393 duos
2636 5339 2886 5392 fuissein
2911 5339 3548 5411 carnc,ideoquccom-

1914 5428 2248 5483 munisillis
2292 5425 2859 5498 ulraqueparcntcla
2908 5427 3194 5482 credenda
3218 5434 3342 5497 est;
3396 5431 3549 5486 sicut

1911 5517 2194 5591 scriptum
2231 5522 2315 5572 est
2350 5536 2359 5571 :
2398 5519 2569 5571 Erunt
2596 5518 2704 5569 duo
2756 5514 2810 5569 in
2858 5531 3023 5570 carne
3070 5533 3186 5572 una
3236 5518 3390 5590 (Gen.
3448 5520 3547 5592 ix).
