3936 6056
363 237 500 296 i299

1450 243 1516 293 D.
1559 241 1803 295 IVONIS
1839 239 2332 293 CARNOTENSIS
2369 239 2686 293 EPISCOPI

3639 232 3800 288 1300

353 370 489 426 CAP.
525 368 692 425 LXX.
725 373 796 426 In
835 370 1034 434 quinta
1079 368 1163 422 vel
1212 376 1366 423 sexta
1414 367 1774 438 generatione
1821 366 2010 422 nullus
2041 369 2095 433 Α
2124 363 2342 419 inventi
2374 363 2612 431 fuerint,
2638 379 2752 418 non
2776 367 3143 435 separentur,
3168 365 3271 419 aut
3290 361 3443 418 infra
3462 360 3800 418 afﬁnitatis

751 440 996 512 amplius
1023 440 1310 510 copuletur
1335 439 1612 510 conjugio.

887 534 1061 588 Cone.
1109 531 1314 596 Cabil.,
1347 547 1396 585 c.
1429 531 1487 586 5.

440 622 552 692 (35,
587 638 643 693 q,
674 622 728 690 3,
764 637 814 678 c.
849 619 1341 691 Contradieimus.)
1369 618 1841 674 Contradicimus
1868 631 2015 688 quo-

370 727 487 783 que
515 711 574 766 in
608 728 664 765 1v
685 715 744 767 et
765 727 792 766 ν
817 710 899 766 vel
919 727 972 765 v1
995 707 1586 781 generationeinullus
1609 707 1865 778 amplius
1880 722 2017 761 con-

2119 451 2359 520 lineam,
2391 451 2448 506 id
2480 457 2570 508 est
2603 467 2788 523 usque
2819 453 2889 506 ad
2920 468 2998 506 vn
3029 451 3466 522 generationem
3512 450 3802 521 jungun-

2122 546 2239 606 tur,
2271 541 2370 596 sed
2395 541 2547 612 quod
2574 541 2766 596 adhuc
2797 539 3108 613 neophytis
3134 539 3252 595 illis
3277 538 3680 596 existentibus
3706 537 3804 593 eis

2126 630 2382 703 primum
2418 629 2620 685 illicita
2652 630 3005 696 consentire,
3038 634 3096 685 et
3125 645 3225 685 eos
3253 627 3450 685 verbis
3477 645 3544 684 ac
3582 641 3800 682 estern-

2129 719 2241 791 plis
2271 719 2561 775 instruere
2591 722 2839 790 oportet.
2871 723 3046 786 Nam,
3069 719 3246 789 juxta
3273 717 3648 790 Apostolum,
3691 717 3804 788 qui

364 801 535 871 jugio
558 799 880 872 copuletur.
904 799 1009 854 Ubi
1034 803 1228 854 autem
1248 802 1382 870 post
1400 797 1778 853 interdictum
1799 797 2018 852 factum

2205 826 2246 865 .:
2280 811 2386 864 Lac
2413 808 2538 864 dedi
2566 809 2716 864 vobis
2736 813 2948 880 potum,
3008 824 3121 864 non
3149 823 3329 863 escam
3376 807 3424 878 (Ι
3477 810 3612 864 Cor.
3683 809 3802 877 in),

373 889 554 944 tuerit
575 888 895 953 inventum,
927 891 1253 958 separetur.

836 995 966 1050 CAP.
1016 995 1218 1049 LXXI.
1266 997 1351 1048 De
1378 991 1566 1047 eodem

380 1083 694 1156 Gregorius
723 1084 794 1139 ad
827 1083 1222 1156 Augustinum
1246 1081 1552 1156 _Cantuar.,
1587 1096 1636 1135 c.
1660 1081 1707 1156 β
1737 1084 1832 1156 ;__et
1853 1079 2024 1136 Joan.

596 1151 1039 1225 Constantinop.
1067 1155 1137 1210 ad
1169 1152 1416 1210 Felicem
1440 1153 1620 1224 episc.
1654 1151 1812 1206 Sicil.

2129 897 2244 954 ista
2275 897 2394 954 illis
2427 898 2597 953 modo
2631 915 2747 954 non
2780 897 3052 970 posteris,
3089 896 3470 970 utprasﬁxum
3489 901 3604 965 est,
3642 901 3799 950 tem-

2133 988 2373 1059 poribus
2404 986 3060 1057 tenendaindulsimus,
3087 1004 3159 1043 ne
3177 986 3396 1042 bonum
3419 985 3574 1055 quod
3600 985 3802 1039 adhuc

2135 1076 2368 1131 inﬁrma
2401 1075 2596 1131 radice
2630 1073 2954 1147 plantatum
2989 1080 3114 1132 erat
3158 1079 3487 1140 exueretur,
3534 1074 3642 1130 sed
3691 1074 3801 1128 ali-

2139 1164 2490 1236 quantulum
2524 1165 2937 1234 atﬁrmaretur,
2969 1170 3026 1221 et
3057 1181 3242 1237 usque
3273 1165 3342 1220 ad
3376 1163 3802 1236 perfectionem

457 1261 567 1334 (35,
597 1278 652 1332 q.
684 1262 740 1329 3,
766 1279 816 1318 c.
849 1261 1166 1331 Quaedam.)
1198 1259 1514 1332 Gregorius
1535 1277 1685 1332 papa
1710 1257 2031 1328 requisitus
2139 1255 2557 1310 custodiretur.
2577 1254 2692 1309 Nec
2707 1270 2844 1325 ergo
2868 1269 2972 1325 ego
2995 1253 3482 1310 Joannesidcirco
3509 1252 3802 1324 perstrin-

387 1353 460 1408 ab
490 1355 757 1424 August.,
793 1352 1114 1423 Anglorum
1151 1349 1341 1424 gentis
1371 1351 1667 1422 episcOpo,
1700 1353 1878 1421 quota
1934 1365 2032 1420 ge-

390 1443 694 1497 neratione
714 1440 911 1496 ﬁdeles
931 1441 1179 1496 debeant
1201 1440 1484 1511 copulari,
1511 1439 1934 1510 dispensatorie
1951 1439 2036 1493 sic

391 1531 692 1587 rescribit:
715 1553 742 1579 «
760 1532 1032 1596 Quaedam
1050 1534 1280 1585 terrena
1295 1529 1387 1584 lex
1408 1529 1681 1584 Romanae
1705 1527 2036 1599 reipublicze

2142 1344 2330 1416 genda
2362 1342 2558 1398 curavi
2583 1348 2646 1398 ut
2677 1342 2734 1396 hi
2755 1341 2854 1413 qui
2878 1342 3184 1398 occasione
3206 1357 3368 1397 novas
3399 1341 3802 1412 dispensatio-

2144 1432 2237 1488 nis
2266 1431 2472 1487 illicita
2499 1431 2877 1487 matrimonia
2906 1435 3110 1487 contra
3142 1431 3298 1486 hunc
3320 1430 3802 1486 eruditissimum

2144 1520 2334 1577 virum
2366 1525 2706 1586 causentur,
2738 1537 2853 1576 non
2884 1519 3251 1592 generaliter,
3301 1521 3576 1591 quartam
3623 1535 3802 1589 gene-

397 1617 683 1691 permittit
717 1623 781 1673 ut
812 1618 931 1673 sive
961 1618 1159 1674 fratris
1176 1622 1233 1674 et
1251 1619 1490 1685 sororis,
1512 1633 1615 1672 seu
1637 1617 1891 1672 duorum
1918 1617 2038 1671 l'ra-
2147 1610 2392 1666 rationis
2411 1609 2683 1681 copulam
2714 1609 2996 1677 sensisse,
3028 1608 3146 1664 imo
3173 1607 3481 1664 venialiter
3501 1607 3805 1678 simulque

395 1712 554 1762 trum
574 1723 986 1778 germanorum
1007 1705 1091 1762 vel
1108 1708 1358 1762 duarum
1378 1723 1646 1762 sororum
1665 1705 1820 1760 filius
1849 1710 1905 1760 et
1923 1704 2042 1759 filia
2073 1744 2118 1778 ι)
2150 1699 2550 1771 temporaliter
2579 1697 2919 1771 permisisse
2949 1702 3330 1770 cognoscant.

399 1795 736 1864 misceatur,
771 1797 870 1851 sed
904 1796 1300 1868 experimento
1333 1795 1649 1851 didicimus
1681 1795 1738 1848 in
1771 1793 1872 1850 tali
1903 1811 2040 1849 con-

403 1885 571 1956 jugio
604 1885 864 1940 sobolem
899 1902 1013 1939 non
1034 1902 1203 1954 posse
1225 1900 1610 1952 succrescere,
1637 1885 1789 1939 unde
1812 1896 2048 1939 necesse

410 1979 500 2030 est
529 1977 593 2028 ut
623 1973 681 2027 in
713 1990 768 2027 1v
799 1973 882 2027 vel
913 1991 947 2026 v
972 1973 1642 2043 generationefidelium
1670 1973 1912 2028 licenter
1937 1971 2049 2028 sibi

402 2065 753 2134 jungantur.
787 2083 816 2111 »

868 2153 998 2205 CAP.
1032 2151 1246 2205 LXXII.
1281 2151 1355 2205 De
1382 2150 1589 2207 eodem.

689 2239 928 2310 Gregor.
963 2240 1031 2293 ad
1069 2239 1367 2305 eumdem,
1403 2242 1460 2293 et
1490 2237 1765 2294 Joannes.

479 2328 590 2400 (35,
623 2343 682 2399 q.
711 2328 767 2396 5,
801 2345 850 2383 c.
882 2328 961 2382 Ad
981 2328 1214 2400 sedem.)
1243 2327 1459 2383 Verum
1480 2332 1611 2398 post
1633 2327 1882 2383 multum
1911 2331 2055 2382 tem-

412 2416 568 2489 poris
597 2433 631 2471 a
655 2415 839 2471 Felice
871 2419 926 2471 et
956 2416 1233 2470 Messario
1263 2414 1472 2470 Sicilia)
1512 2415 1757 2488 pressule
1805 2415 2055 2488 requisi-

408 2510 507 2561 tus
536 2520 733 2560 verum
765 2505 1092 2576 Augustino
1126 2504 1443 2577 Gregorius
1477 2504 1798 2577 scripserit,
1833 2509 1898 2559 ut
1935 2506 2057 2559 An-

408 2594 640 2667 glorum
672 2611 727 2648 Iv
757 2592 1132 2666 generatione
1160 2597 1461 2649 contracta
1485 2592 1864 2648 matrimonia
1885 2593 2059 2648 mini-

411 2700 505 2738 me
536 2683 924 2738 solverentur.

415 2788 550 2846 CAP.
585 2788 840 2870 LXXIII.
873 2789 1115 2870 singlieis
1143 2789 1486 2870 permittitur
1514 2792 1574 2870 ut
1623 2791 1682 2846 in
1719 2795 1921 2860 quarta
1978 2790 2059 2845 vel

717 2861 780 2914 in
810 2861 1004 2930 quinta
1035 2861 1390 2930 generatione
1415 2862 1756 2933 cOpulenlur.

799 2950 878 3004 Ex
907 2949 1146 3022 Gregor.
1180 2952 1350 3023 epist.
1383 2951 1471 3019 3t,
1505 2951 1544 3006 1.
1573 2968 1674 3007 x11.

489 3036 600 3105 (35,
635 3052 694 3107 q.
721 3037 776 3103 3,
809 3053 858 3091 c.
891 3037 1179 3106 Quodam.)
1215 3037 1657 3094 Humilissimus
1708 3042 1871 3111 pater
1920 3039 2058 3094 Gre-

421 3125 645 3196 gorius,
661 3123 812 3179 inter
825 3129 1028 3180 cetera
1043 3126 1212 3180 talem
1236 3126 1519 3182 rationem
1537 3127 1695 3182 dedit
1710 3110 1724 3183 ξ
1742 3127 1902 3194 Quod
1919 3128 2062 3182 scri-
2095 3110 2138 3176 C

418 3213 508 3283 psi
541 3212 872 3283 Augustino
898 3211 1219 3286 Anglorum
1254 3216 1444 3286 gentis
1475 3216 1772 3288 episcopo,
1824 3215 2062 3272 alumno

417 3299 706 3370 videlicet,
731 3304 794 3355 ut
824 3300 1167 3369 recordaris,
1229 3307 1350 3371 tuo,
1411 3304 1481 3358 de
1534 3305 2065 3376 consanguinitatis

420 3389 832 3460 conjunctione
862 3390 974 3462 ipsi
1009 3396 1060 3445 et
1093 3391 1410 3464 Anglorum
1446 3394 1602 3464 genti
1630 3409 1755 3464 quae
1786 3411 1972 3465 nuper
1993 3395 2062 3448 ad

421 3477 594 3532 fidem
627 3483 883 3546 venerat,
918 3495 990 3533 ne
1022 3495 1054 3534 a
1088 3479 1234 3534 bono
1285 3481 1438 3553 quod
1473 3491 1725 3553 coeperat
1756 3483 2064 3538 metuendo

422 3567 780 3634 austeriora,
840 3569 1171 3638 recederet,
1229 3570 1562 3640 specialiter
1611 3575 1666 3625 et
1723 3571 2069 3640 generaliter

423 3654 730 3726 scripsisse
763 3672 854 3710 me
884 3655 1198 3729 intelligas.
1237 3657 1396 3713 Unde
1432 3664 1489 3714 et
1522 3658 1664 3714 mihi
1696 3664 1957 3715 Romana
1987 3661 2067 3714 ci-

423 3744 572 3798 vitas
603 3745 768 3799 tcstis
800 3745 1012 3812 existit,
1047 3763 1151 3802 nec
1183 3763 1251 3801 ea
1282 3747 1606 3803 intentione
1630 3749 1751 3803 hinc
1784 3749 1898 3804 illis
1923 3749 2068 3804 scri-

424 3832 514 3902 psi
538 3833 838 3903 mandata,
865 3838 928 3888 ut
961 3840 1272 3907 postquam
1307 3836 1478 3891 firma
1510 3836 1772 3892 radicein
1810 3839 1922 3892 fide
1945 3838 2065 3892 fue-

420 3920 538 3975 rint
569 3921 826 3994 solidati,
859 3922 908 3978 si
940 3922 1091 3982 inl‘ra
1140 3923 1436 3996 propriam
1495 3927 2067 3998 consanguinitatcm

2154 1810 2291 1863 CAP.
2333 1805 2569 1861 LXXIV.
2604 1807 2781 1874 Quare
2798 1821 2979 1885 usque
3006 1807 3085 1885 af!
3113 1809 3332 1859 sextum
3387 1803 3620 1875 gradum
3672 1821 3807 1859 eon-

2606 1876 2957 1948 sanguinitas
3002 1877 3341 1932 observetur.

2605 1967 2809 2022 Isidor.
2840 1967 3086 2038 Etymol.
3121 1965 3159 2021 l.
3195 1983 3272 2033 1x,
3306 1982 3356 2022 c.

2232 2057 2343 2125 (35,
2380 2073 2436 2128 q.
2463 2056 2514 2124 4,
2550 2074 2599 2124 c,
2626 2054 3128 2126 Consanguinitas.)
3153 2053 3653 2127 Consanguinitas
3673 2054 3812 2108 dum

2163 2163 2224 2204 se
2239 2145 2522 2218 paulatim
2548 2145 2938 2218 propaginum
2962 2144 3266 2200 ordinibus
3307 2143 3595 2200 dirimens
3630 2159 3815 2214 usque

2164 2236 2235 2290 ad
2260 2234 2533 2289 ultimum
2565 2235 2813 2304 gradum
2847 2249 2974 2289 sese
2996 2232 3371 2302 subtraxerit,
3394 2237 3450 2289 et
3467 2249 3573 2304 pro
3581 2232 3816 2305 pinqui-

2163 2328 2254 2380 tas
2285 2339 2414 2378 esse
2443 2322 2705 2391 desierit,
2746 2338 2875 2378 eam
2908 2339 3114 2378 rursus
3145 2321 3237 2377 lex
3266 2320 3649 2377 matrimonio
3681 2321 3814 2389 _vin-

2167 2413 2297 2467 culo
2328 2411 2556 2483 repetit,
2590 2417 2646 2466 et
2702 2409 3137 2482 quodammodo
3195 2415 3430 2467 revocat
3466 2409 3812 2481 fugientem.

2168 2503 2300 2558 Ideo
2333 2506 2529 2556 autem
2565 2517 2750 2571 usque
2781 2500 2852 2556 ad
2880 2517 2936 2556 v1
2965 2499 3360 2574 generationis
3382 2497 3638 2571 gradum
3679 2515 3812 2553 con~

2168 2590 2539 2663 sanguinitas
2570 2591 2842 2645 restituta
2884 2593 2996 2657 est,
3054 2594 3122 2645 ut
3175 2589 3331 2645 sicut
3384 2604 3486 2645 sex
3543 2588 3813 2644 etatibus

2174 2680 2375 2734 mundi
2407 2679 2703 2749 generatio
2733 2683 2792 2734 et
2820 2678 3015 2735 omnis
3045 2682 3236 2734 status
3277 2677 3504 2748 ﬁnitur,
3553 2676 3641 2732 ita
3687 2693 3810 2748 pro.

2173 2769 2474 2840 pinquitas
2504 2767 2734 2839 generis
2765 2771 2850 2823 tot
2869 2767 3154 2839 gradibus
3184 2767 3559 2823 terminatur.

2169 2879 2300 2931 CAP.
2343 2873 2546 2930 LXXV.
2578 2877 2719 2943 Quot
2749 2878 2878 2929 sunt
2925 2872 3288 2956 computandi
3326 2873 3534 2942 gradus
3591 2888 3814 2928 consan-

2836 2954 3152 3014 guimtatis.

2699 3033 2776 3088 Ex
2806 3033 3032 3090 Decret.
3065 3032 3296 3090 Isidori.

2249 3125 2359 3196 (35,
2395 3140 2451 3195 q.
2476 3123 2531 3193 5,
2564 3139 2614 3178 c.
2646 3123 2724 3178 Ad
2753 3123 2978 3194 sedem.)
3016 3122 3275 3178 Isidorus
3334 3121 3392 3176 in
3451 3121 3812 3194 etymologiis

2175 3213 2322 3282 suis,
2357 3229 2544 3282 usque
2575 3212 2644 3268 ad
2679 3229 2754 3266 vn
2797 3212 3234 3283 generationem
3293 3209 3814 3282 consanguinitatis

2174 3301 2592 3358 abstinendum
2606 3307 2662 3357 et
2674 3300 3028 3371 siclegitimo
3041 3300 3334 3356 connubio
3347 3299 3812 3370 conjungendum

2175 3392 2388 3447 asserit
2435 3391 2576 3445 lnde
2609 3407 2738 3445 reor
2770 3407 2902 3445 eum
2936 3389 3145 3445 fecisse
3177 3389 3328 3460 quod
3360 3387 3713 3459 genealogis:
3743 3403 3814 3441 sc-

2176 3482 2320 3536 riem
2353 3485 2639 3546 retexens,
2674 3494 2984 3551 quousque
3014 3478 3280 3534 ordinem
3311 3477 3666 3533 numerandi
3691 3493 3809 3548 per-

2177 3573 2386 3626 ducere
2417 3572 2676 3641 possent,
2701 3585 2767 3624 eo
2798 3568 3200 3639 cognationem
3231 3566 3545 3639 sanguinis
3591 3582 3812 3622 servan-

2175 3659 2310 3715 dam
2340 3657 2670 3725 testimavit,
2704 3657 2908 3728 sicque
2940 3657 3011 3711 ad
3045 3655 3471 3712 invocationem
3504 3653 3735 3726 generis
3766 3658 3814 3707 et

2177 3747 2448 3803 amicitias
2471 3746 2574 3816 jus
2603 3745 3069 3801 conservandum
3103 3744 3291 3800 redire
3335 3746 3406 3800 ad
3463 3743 3811 3800 connubiuui

2178 3836 2440 3904 sancivit,
2475 3835 2710 3907 quando
2732 3835 2859 3905 jam
2900 3833 3268 3906 cognationis
3323 3834 3468 3890 ordo
3527 3831 3812 3888 numerari

2179 3926 2416 3982 desinit.

803 4210 880 4270 IN
913 4208 1070 4280 QUO
1105 4211 1574 4273 RAMUSCULO
1605 4211 2362 4274 CONSANGUINITATIS
2399 4211 2773 4271 LEGITIMA
2807 4160 3015 4270 FIERI
3045 4207 3437 4271 CONNUBIA

1946 4310 2292 4371 POSSINT.

423 4468 556 4524 CAP.
594 4468 846 4526 LXXVI.
880 4471 1156 4539 Quomodo
1174 4470 1531 4543 dirimuntur
1581 4473 1784 4543 gradus
1839 4490 2068 4529 consan-
2103 4475 2148 4540 Ι)
2180 4471 2420 4527 dinibus
2446 4471 2727 4526 dirimens
2759 4484 2946 4541 usque
2977 4469 3047 4524 ad
3082 4467 3360 4523 ultimum
3415 4468 3669 4540 gradum
3714 4484 3818 4521 sese

1085 4541 1408 4612 guinitatis.

960 4648 1039 4702 Ex
1075 4653 1296 4703 Decret.
1332 4650 1535 4705 Isidor.

501 4761 611 4832 (35,
646 4778 699 4832 q.
731 4762 786 4831 3,
819 4780 868 4816 c.
903 4762 1124 4831 Series.)
1157 4769 1360 4820 Beatus
1407 4766 1669 4822 Isidorus
1699 4768 1770 4822 de
1826 4785 2072 4824 consan-

425 4849 712 4921 guinitate
745 4849 830 4906 sic
862 4850 1142 4921 loquitur,
1173 4856 1344 4923 cujus
1375 4857 1555 4911 series
1587 4873 1640 4912 v1
1671 4857 1952 4928 gradibus
1985 4858 2072 4912 di-

424 4939 677 5007 rimitur,
711 4939 818 4995 hoc
862 4941 1030 4993 modo
1058 4958 1069 4994 :
1107 4942 1264 4996 lilius
1288 4950 1344 4996 et
1373 4945 1495 5000 lilia
1525 4947 1678 5016 quod
1713 4953 1768 5000 et
1812 4949 1990 5002 frater
2017 4951 2073 5001 et

423 5044 606 5095 soror,
644 5029 766 5098 ipse
798 5033 887 5082 est
911 5031 1156 5082 truncus
1183 5046 1195 5094 ;
1226 5030 1344 5085 illis
1376 5035 1977 5106 seorsuu‘izscjunctis,
2006 5052 2073 5090 cx

420 5115 615 5170 radice
675 5114 831 5171 illius
896 5115 1088 5171 trunci
1145 5119 1528 5188 egrediuntur
1583 5121 1681 5177 isti
1727 5123 2070 5192 ramusculi,

419 5219 603 5274 nepos
633 5208 689 5260 et
720 5206 912 5277 neptis
965 5205 1210 5277 primus,
1272 5223 1563 5279 pronepos
1622 5213 1922 5284 proneptis
1983 5230 2071 5268 se-

420 5294 672 5359 cundus,
706 5294 966 5364 abnepos
995 5301 1053 5350 et
1105 5295 1374 5367 abneptis
1435 5297 1660 5365 tertius,
1713 5302 1973 5373 adnepos
2015 5307 2071 5357 et

423 5381 695 5452 adneptis
726 5389 994 5454 quartus,
1045 5384 1305 5456 trinepos
1364 5389 1419 5440 et
1472 5387 1744 5459 trineptis
1801 5391 2064 5462 quintus,

422 5471 728 5541 trinepotis
753 5488 934 5544 nepos
987 5477 1045 5527 et
1102 5474 1372 5545 trineptis
1425 5477 1617 5546 neptis
1666 5483 1886 5536 sextus.
1936 5480 2067 5535 Haec

423 5560 905 5631 eonsanguinitas
937 5561 1078 5616 dum
1111 5579 1173 5618 se
1188 5563 1470 5634 paulatim
1493 5565 1549 5620 in
1572 5568 1958 5638 propaginum
1980 5585 2066 5624 or-

2183 4559 2538 4616 subtraxerit
2568 4564 2624 4613 et
2655 4557 3062 4629 propinquitas
3091 4573 3220 4613 esse
3262 4556 3527 4622 desierit,
3556 4560 3702 4612 tunc
3726 4559 3821 4627 pri-

2186 4665 2348 4703 mum
2379 4648 2469 4703 lex
2501 4646 2862 4702 matrimonii
2896 4644 3196 4701 vinculum
3218 4643 3452 4716 repetit,
3476 4649 3535 4700 et
3560 4645 3819 4716 quodam-

2184 4737 2357 4792 modo
2387 4741 2617 4792 revocat
2648 4735 2992 4806 fugientem.
3016 4734 3154 4790 Ideo
3179 4739 3377 4788 autem
3403 4747 3595 4804 usque
3619 4735 3690 4787 ad
3715 4749 3816 4786 sex~

2184 4835 2308 4880 tum
2335 4824 2728 4898 generationis
2751 4823 2999 4894 gradum
3017 4821 3501 4894 consanguinitas
3514 4822 3816 4877 constituta

2183 4920 2291 4982 est,
2325 4920 2391 4969 ut
2421 4915 2573 4969 sicut
2603 4913 2659 4968 in
2695 4929 2795 4967 sex
2816 4912 3089 4966 aetatibus
3112 4910 3314 4966 mundi
3339 4909 3640 4982 generatio
3662 4911 3814 4965 ctbo-

2185 5007 2360 5059 minis
2377 5009 2564 5058 status
2587 5002 2811 5070 finitur,
2833 5002 2911 5056 ita
2930 5000 3338 5073 propinquitas
3353 4999 3587 5071 generis
3601 5005 3689 5056 tot
3709 5015 3814 5072 gra-

2182 5094 2355 5147 dibus
2389 5091 2752 5146 terminatur.

2181 5208 2312 5264 CAP.
2353 5207 2612 5262 LXXVII.
2648 5209 2820 5277 Usque
2849 5204 2918 5259 ad
2947 5205 3239 5276 septimam
3269 5204 3684 5274 generationem
3701 5220 3811 5277 pro-

2342 5279 2562 5349 geniem
2592 5296 2747 5334 suam
2784 5277 3159 5350 unusquisque
3187 5291 3416 5332 servare
3443 5281 3674 5348 oportet.

2395 5370 2633 5441 Gregor,
2657 5365 2949 5440 episcopis
2981 5366 3154 5434 Gall.,
3191 5367 3229 5422 l.
3261 5384 3362 5432 xu,
3394 5382 3486 5438 ep.
3521 5367 3614 5421 31.

2248 5478 2358 5550 (35,
2387 5493 2445 5548 q.
2476 5477 2530 5546 3,
2563 5492 2612 5532 c.
2645 5471 3018 5546 Progeniem.)
3042 5473 3382 5545 Progeniem
3405 5489 3577 5528 suam
3603 5489 3802 5528 unum-

2177 5583 2468 5639 quemque
2490 5579 2676 5635 usque
2699 5563 2770 5620 ad
2795 5561 3108 5635 septimam
3133 5559 3815 5620 observaredeceriiimus
