3986 6048
218 255 347 309 1301

1516 257 1910 310 PANORMIA.
1946 282 2014 292 -—
2043 255 2169 306 LIB.
2216 255 2339 306 VII.

3488 247 3626 303 1302

210 380 671 451 generationem,
703 382 760 435 et
790 379 1052 451 quandiu
1084 394 1149 435 se
1194 384 1527 451 agnoscunt
1573 377 1858 435 afﬁnitate
1887 378 1939 442 Α
1973 374 2131 430 mina
2154 376 2529 431 continentur
2557 373 2707 428 ultra
2729 388 2876 443 quos
2900 386 3004 426 nec
3025 370 3283 427 afﬁnitas
3305 370 3620 441 invenitur,

211 469 593 540 propinquos,
614 469 685 523 ad
701 467 1361 541 conjugalemcopulam
1385 470 1660 524 accedere
1684 469 1856 524 dene-

209 573 438 627 gamus,
472 558 628 629 quod
660 557 707 612 si
742 557 1004 625 fecerint,
1036 562 1401 629 separentur.

634 661 764 712 CAP.
792 656 1086 713 LXXVIII.
1119 662 1201 713 De
1218 656 1427 713 eodem.

550 746 631 802 Ex
660 762 822 801 conc.
859 748 1012 819 apud
1044 747 1342 804 Theodon.
1377 764 1428 803 c.
1460 749 1514 802 8.

277 835 482 891 Nullus
548 834 807 891 ﬁdelium
842 851 1025 905 usque
1083 837 1154 891 ad
1187 836 1491 892 afﬁnitatis
1521 836 1759 905 lineam,
1794 838 1852 893 id

203 930 293 982 est
324 941 514 998 usque
531 925 601 980 ad
634 928 855 980 sextam
879 924 1336 995 generationem,
1355 929 1852 999 consanguineam

203 1031 371 1070 suam
402 1015 578 1070 ducat
607 1030 868 1085 uxorem,
901 1013 987 1069 vel
1019 1030 1147 1069 eam
1198 1016 1613 1086 quoquomodo
1647 1015 1854 1073 incesti

205 1102 439 1160 macula
468 1102 709 1175 polluat.
737 1103 790 1157 Si
825 1102 956 1173 quis
982 1118 1117 1159 vero
1164 1102 1274 1159 hoc
1304 1108 1523 1161 temere
1570 1122 1851 1178 praesum-

206 1193 406 1265 pserit,
439 1193 525 1248 vel
558 1193 847 1247 incestum
874 1192 1020 1260 luat,
1045 1210 1111 1248 ac
1141 1192 1375 1265 publice
1398 1195 1570 1265 juxta
1614 1198 1849 1251 canoni-

204 1300 302 1338 cos
334 1282 553 1355 gradus
585 1281 880 1353 paeniteat.

204 1391 341 1463 CAP.
374 1387 618 1444 LXXIX.
652 1391 734 1443 Ea:
773 1388 1189 1463 propinquitate
1216 1389 1308 1445 sui
1351 1392 1642 1459 sanguinis
1684 1408 1851 1463 usque

271 1460 341 1516 ad
396 1463 700 1533 septimum
754 1462 993 1531 gradum
1047 1462 1237 1516 nullus
1289 1463 1456 1517 ducat
1524 1460 1775 1519 uxorem:

700 1552 876 1605 Conc.
911 1549 1138 1621 Ligon.,
1180 1566 1228 1604 c.
1266 1551 1351 1605 10.

276 1639 385 1711 (35,
418 1656 474 1710 q.
498 1639 552 1706 3,
578 1656 629 1694 c.
688 1637 845 1694 Nulli
893 1654 963 1694 ex
1013 1641 1295 1712 propinq.)
1323 1641 1479 1698 Nulli
1508 1660 1577 1700 ex
1609 1645 1845 1719 propin-

205 1726 424 1797 quitate
455 1726 545 1782 sui
580 1725 891 1799 sanguinis
922 1744 1112 1798 usque
1142 1728 1212 1782 ad
1242 1746 1319 1784 vn
1349 1733 1597 1802 gradum
1638 1751 1849 1793 uxores
1878 1745 1924 1809 Β

203 1817 441 1885 ducant,
477 1832 667 1888 neque
722 1814 849 1872 sine
908 1817 1313 1874 benedictione
1356 1822 1711 1892 sacerdotis;
1746 1825 1848 1897 qui

206 1911 403 1961 autem
435 1905 678 1979 nupturi
708 1908 868 1977 sunt,
897 1923 932 1961 a
957 1908 1256 1964 sacerdote
1288 1910 1577 1967 benedicti
1628 1914 1849 1971 nubere

204 1996 480 2063 audeant,
515 2011 621 2052 nec
652 1994 820 2050 aliter
851 2001 1232 2069 praesumant.

202 2102 339 2157 CAP.
385 2100 603 2184 LXXX.
659 2103 751 2185 Ea;
804 2101 1221 2185 propinquitate
1276 2106 1363 2185 sui
1416 2109 1725 2185 sanguinis,
1766 2110 1851 2166 uel

276 2175 469 2229 uxoris
512 2188 681 2245 usque
728 2175 789 2227 in
818 2176 1111 2245 septimum
1158 2175 1393 2247 gradum
1442 2175 1631 2234 nullus
1690 2182 1849 2238 ducat

277 2261 528 2301 uxorem.

664 2334 840 2389 Cone.
873 2334 1170 2390 Aurelian.
1204 2353 1252 2391 c.
1287 2336 1374 2393 lO.

276 2423 385 2495 (35,
411 2438 463 2493 (ι.
494 2423 547 2491 3,
582 2439 630 2477 c.
669 2423 887 2477 Nullum
944 2424 1005 2478 in
1064 2427 1269 2497 utroq.)
1296 2426 1532 2482 Nullum
1582 2429 1640 2483 in
1700 2434 1852 2487 utro-

205 2528 318 2583 que
348 2528 487 2567 scxu
514 2512 908 2581 permittimus
933 2528 1002 2568 ex
1022 2513 1461 2586 propinquitate
1495 2518 1586 2573 sui
1613 2521 1849 2592 sangui-

208 2602 300 2655 nis
328 2600 414 2656 vel
450 2600 646 2656 uxoris
679 2618 866 2673 usque
896 2600 955 2656 in
987 2602 1307 2674 septimum
1339 2606 1571 2676 generis
1603 2610 1851 2679 gradum

210 2706 447 2745 uxorem
480 2690 713 2760 ducere,
745 2689 834 2746 vel
865 2690 1072 2747 incesti
1124 2692 1356 2748 macula
1401 2699 1855 2769 commaculari;

210 2785 487 2852 prmterea
536 2797 769 2852 quoque
812 2779 955 2835 illud
1010 2781 1341 2853 adjicimus,
1374 2785 1670 2856 quoniam,
1707 2789 1858 2844 sicut

211 2886 326 2925 non
358 2868 494 2925 licet
524 2870 731 2940 cuique
764 2868 1100 2924 Christiano
1121 2870 1190 2925 de
1224 2889 1330 2927 sua
1350 2876 1859 2946 consanguinitate

210 2958 296 3013 sic
326 2958 501 3014 etiam
536 2974 640 3013 nec
670 2957 804 3013 licet
842 2958 914 3012 de
964 2961 1476 3031 consanguinitate
1516 2965 1712 3020 uxoris
1744 2984 1861 3022 suae

210 3048 520 3119 conjugem
555 3048 769 3102 ducere
800 3051 1038 3119 propter
1067 3048 1263 3103 carnis
1303 3050 1609 3107 unitatem.

653 3147 787 3199 CAP.
824 3145 1079 3200 LXXXI.
1112 3146 1186 3200 De
1205 3146 1411 3204 eodem.

705 3236 879 3289 Conc.
904 3234 1238 3308 Agrippin.,
1259 3253 1309 3293 c.
1334 3238 1386 3293 6.

284 3322 349 3378 In
381 3327 603 3395 septem
635 3322 918 3396 gradibus
959 3323 1158 3380 omnia
1198 3326 1705 3401 propinquitatum
1753 3352 1857 3393 no-

1968 480 2071 519 nec
2102 464 2395 520 successio
2430 462 2621 534 potest
2647 461 2903 531 amplius
2934 460 3255 531 prorogari.

2036 616 2140 671 CAP
2200 615 2464 671 LXXXII.
2478 615 2650 685 Usque
2666 612 2736 668 ad
2753 612 3044 685 septimam
3067 611 3473 679 generationem
3489 612 3586 663 nul
3595 641 3613 650 -

2213 689 2300 743 lus
2327 688 2392 743 de
2415 704 2517 742 sua
2545 683 2868 757 cognatione
2896 683 3061 739 ducat
3108 698 3359 739 umorem.

2452 793 2627 849 Conc.
2661 790 2966 855 Meldens.,
2999 803 3051 842 ο.
3082 788 3138 844 7.

2034 910 2145 980 (35,
2180 926 2233 981 q.
2268 909 2327 980 2,
2362 926 2413 963 c.
2451 910 2522 963 De
2553 905 2872 981 affinitate.)
2904 904 2985 959 De
3035 902 3319 957 afﬁnitate
3356 918 3615 974 namque
3706 966 3709 981 Δ

1961 998 2499 1069 consanguinitatis
2518 978 2848 1068 pergradus
2881 991 3250 1063 cognationis
3280 991 3502 1062 Placuit
3519 1008 3613 1046 us-
3706 978 3709 983 ’

1961 1106 2073 1161 que
2105 1091 2175 1144 ad
2210 1090 2524 1161 septimam
2558 1084 2990 1156 generationem
3024 1082 3354 1137 observare.
3385 1084 3532 1135 Nam
3556 1085 3612 1135 et

1959 1178 2267 1234 hmreditas
2288 1193 2484 1232 rerum
2518 1193 2620 1248 per
2644 1174 2863 1247 legales
2883 1171 3255 1228 deﬁnitiones
3267 1170 3495 1225 sancita
3510 1186 3609 1225 us-

1960 1285 2071 1340 que
2105 1268 2175 1322 ad
2208 1284 2285 1322 vn
2316 1267 2561 1337 gradum
2594 1262 2904 1336 praetendit
2944 1260 3242 1317 haeredum
3283 1258 3608 1314 successio-

1959 1372 2083 1413 nes.
2116 1357 2242 1411 Non
2286 1356 2442 1410 enim
2494 1354 2877 1410 succederent
2927 1349 3042 1406 nisi
3075 1349 3159 1405 eis
3184 1350 3255 1405 de
3286 1346 3608 1420 propagine

1957 1444 2319 1515 cognationis
2350 1444 2681 1499 deberetur.

1957 1570 2082 1628 Cn.
2115 1569 2399 1625 LXXXIII.
2449 1569 2572 1623 Nisi
2625 1582 2808 1622 coram
2837 1564 3079 1620 Ecclesia
3124 1564 3607 1631 consanguinitate

2198 1641 2455 1713 probata,
2487 1655 2715 1695 uxorem
2746 1638 3027 1693 dimittere
3066 1652 3174 1690 non
3207 1634 3352 1693 licet.

2261 1747 2540 1803 Alexand.
2573 1748 2621 1801 II
2655 1741 2942 1800 Vilhelmo
2972 1743 3044 1799 de
3073 1742 3288 1799 Monet.

2028 1863 2645 1937 (35,q.6,c.Multorum
2664 1859 3296 1931 relatione.)Multorum
3323 1858 3602 1913 relatione

1959 1955 2342 2029 cognovimus
2362 1958 2417 2011 te
2436 1952 2736 2025 propriam
2754 1948 2901 2007 velle
2916 1949 3171 2020 abjicere
3186 1964 3420 2005 uxorem
3433 1948 3623 2015 ,etad-

1960 2045 2179 2101 haerere
2222 2044 2414 2110 alteri,
2447 2042 2904 2116 pretendentem
2951 2036 3489 2111 consanguinitatis
3520 2052 3620 2091 oc-

1962 2135 2284 2191 casionem.
2310 2133 2474 2189 Unde
2496 2130 2816 2205 apostolica
2841 2128 3187 2185 auctoritate
3207 2124 3612 2182 interdicendo

1964 2224 2320 2280 mandamus
2350 2222 2479 2288 tibi,
2504 2226 2569 2275 ut
2598 2220 2751 2275 hanc
2781 2233 2959 2291 quam
2983 2232 3141 2272 nunc
3171 2214 3352 2270 babes
3376 2229 3617 2269 uxorem

1968 2314 2305 2369 nullatenus
2344 2326 2665 2382 praesumas
2696 2306 3011 2375 dimittere,
3044 2304 3132 2360 vel
3176 2302 3349 2360 aliam
3379 2302 3618 2366 ducere,

1965 2404 2151 2459 donec
2205 2402 2359 2473 apud
2394 2400 2803 2472 episcoporum
2846 2394 3257 2465 religiosorum
3302 2389 3618 2448 concilium

1968 2508 2205 2547 causam
2233 2492 2459 2561 justam
2482 2484 2929 2543 examinaveris.

1967 2608 2090 2664 CAP.
2126 2606 2422 2663 LXXXIV.
2466 2604 2621 2675 Quod
2652 2603 2833 2675 omnis
2881 2597 3259 2675 controversia
3307 2597 3459 2652 debet
3508 2602 3623 2652 ter-

2249 2670 2705 2734 minari'duobus
2738 2674 2824 2728 vel
2854 2672 3036 2727 tribus
3080 2670 3331 2727 testibus.

2413 2779 2587 2832 Conc.
2651 2771 2896 2838 Hilerd.,
2958 2787 3007 2825 c.
3075 2770 3167 2823 20.

2040 2895 2129 2963 35,
2163 2909 2221 2965 q.
2251 2894 2306 2959 6,
2332 2908 2381 2947 c.
2415 2891 2490 2945 Ab
2550 2891 2657 2946 ista
2686 2892 2743 2945 et
2796 2886 2930 2943 Cum
2984 2886 3044 2940 in
3094 2882 3327 2955 Hilerd.)
3356 2882 3431 2939 Ut
3486 2898 3617 2937 om-

1972 2984 2060 3039 nis
2094 2980 2506 3047 controversia,
2529 2995 2657 3052 quas
2688 2978 2757 3032 de
2790 2975 2965 3032 rebus
2994 2971 3410 3031 ecclesiasticis
3440 2972 3621 3039 Iit,se-

1973 3072 2229 3127 cundum
2261 3069 2517 3126 divinam
2543 3067 2729 3139 legem
2754 3066 2863 3121 sub
2896 3062 3127 3119 duobus
3144 3060 3394 3117 testibus
3420 3060 3619 3115 termi-

1973 3166 2168 3217 netur.
2199 3158 2388 3217 Testis
2446 3160 2535 3215 est
2596 3154 2877 3211 Dominus
2909 3168 3040 3209 cum
3093 3150 3235 3205 dicit
3265 3168 3277 3207 :
3312 3150 3431 3207 Non
3476 3166 3620 3204 unus

1969 3254 2066 3307 stet
2083 3253 2273 3307 contra
2292 3248 2496 3317 alium,
2524 3245 2619 3303 sed
2641 3247 2699 3299 in
2719 3260 2810 3301 ore
2826 3242 3063 3298 duorum
3089 3244 3173 3297 vet
3204 3239 3378 3295 trium
3398 3239 3621 3294 testium

1968 3350 2073 3397 stet
2106 3355 2263 3395 omne
2292 3337 2517 3394 verbum
2548 3337 2730 3407 (Deut.
2763 3332 2905 3403 xxx).

210 3646 351 3715 QUI
422 3643 829 3704 ACCUSARE
901 3644 1471 3708 MATRIMONIUM
1541 3650 1897 3716 POSSUNT
1982 3658 2081 3716 ET
2153 3657 2252 3716 DE
2323 3651 2797 3716 JURAMENTO
2864 3643 3615 3709 RECONOILIATIONIS.

210 3793 661 3878 CA?°_LXX,XV-_
680 3793 1098 3878 βοηειξησαίηεί
1125 3800 1367 3878 tantum.
1398 3800 1485 3878 ve}
1507 3801 1553 3878 si
1581 3804 1867 3878 progenies
1978 3808 2106 3874 bus,
2140 3806 2357 3878 quibus
2412 3805 2534 3860 hinc
2565 3801 2973 3875 propinquitas
3000 3802 3135 3855 nota
3172 3800 3283 3862 est,
3317 3794 3417 3866 qui
3451 3795 3615 3851 bona:

281 3866 537 3949 defecerit
566 3867 790 3949 antiqui
812 3870 862 3922 et
906 3883 1123 3924 veraces
1159 3866 1632 3943 propinquitatem
1681 3866 1741 3930 in
1768 3892 1862 3949 sy-

285 3938 424 3994 nodo
454 3942 785 4005 computent.

497 4026 581 4079 Ex
639 4025 863 4082 Decret.
923 4025 1165 4083 Fabian.
1216 4045 1375 4101 pap.,
1417 4047 1466 4086 c.
1526 4033 1578 4088 8.

284 4142 397 4214 (35,
429 4156 487 4212 q.
519 4141 573 4209 6,
604 4157 653 4196 c.
708 4140 1199 4212 Consanguz‘neos.)
1249 4144 1729 4217 Consanguineos
1760 4166 1861 4205 ex-

212 4236 552 4288 traneorum
588 4227 789 4284 nullus
820 4233 1073 4297 accuset,
1092 4230 1182 4287 vel
1205 4234 1778 4305 consanguinitatem
1804 4237 1861 4292 in

214 4319 437 4393 synodo
470 4322 789 4390 computet,
819 4319 919 4373 sed
954 4319 1269 4391 propinqui
1304 4322 1375 4378 ad
1427 4340 1679 4394 quorum
1712 4325 1863 4381 noti-

213 4408 356 4465 tiam
390 4408 663 4479 pertinet,
698 4406 755 4462 id
786 4410 896 4475 est,
927 4412 1093 4479 pater
1124 4413 1182 4466 et
1212 4416 1418 4480 mater,
1443 4429 1630 4482 soror,
1662 4414 1859 4479 frater,

214 4502 488 4570 patruus,
536 4495 880 4564 avunculus,
912 4496 1113 4566 amita,
1172 4505 1507 4569 matertera,
1539 4507 1599 4559 et
1656 4520 1859 4559 eorum

216 4584 523 4659 procreati.
555 4586 615 4641 Si
673 4590 867 4641 autem
920 4586 1226 4658 progenies
1275 4593 1397 4645 tota
1457 4591 1733 4647 defecerit
1790 4593 1861 4647 ab

216 4673 650 4744 antiquioribus
666 4677 723 4727 et
742 4675 1230 4744 veneratioribus,
1256 4678 1474 4749 quibus
1502 4682 1704 4737 eadem
1731 4697 1860 4751 pro-

218 4764 519 4836 pinquitas
551 4767 691 4817 nota
739 4761 837 4831 sit,
869 4762 1181 4834 episcopus
1208 4767 1484 4822 canonice
1536 4770 1860 4841 perquirat,

214 4859 291 4920 et,
322 4854 375 4907 si
409 4853 647 4906 inventa
675 4850 853 4905 fuerit
899 4850 1333 4924 propinquitas,
1380 4862 1752 4927 separentur.

215 4974 347 5023 CAP.
395 4968 695 5023 LXXXVI.
748 4966 853 5034 Qui
899 4966 1203 5042 jurerando
1248 4970 1723 5042 propinquitatem
1762 4974 1861 5042 ην-

850 5054 1008 5093 mare
1026 5038 1240 5095 debent.

430 5127 700 5182 Urbanus
772 5126 1019 5181 Ricardo
1098 5126 1383 5184 Januens.
1467 5130 1646 5201 episc.

289 5219 400 5287 (35,
433 5231 489 5287 q.
522 5216 577 5281 6,
639 5232 691 5269 c.
740 5214 1143 5286 Notiﬁeamus.)
1202 5218 1589 5276 Notiﬁeamus
1638 5219 1741 5273 tibi
1800 5223 1865 5273 ut

218 5311 531 5380 postquam
564 5309 681 5359 tres
708 5308 809 5359 aut
838 5305 953 5359 duo
984 5320 1051 5358 ex
1070 5306 1727 5377 prOpinquioribusjam
1762 5307 1864 5361 de—

217 5400 430 5453 functa:
490 5392 686 5449 uxoris
716 5394 843 5462 ejus
875 5392 975 5463 qui
1031 5398 1363 5458 accusatur,
1395 5396 1482 5449 vel
1515 5396 1677 5463 vivas,
1711 5395 1863 5448 hanc

218 5482 717 5559 propinquitatem
770 5480 1153 5551 jurejurando
1202 5481 1582 5549 firmaverint,
1618 5482 1703 5537 vel
1763 5500 1866 5553 per

218 5578 474 5647 quatuor
504 5572 604 5626 aut
633 5586 734 5641 per
762 5570 910 5624 duos
941 5583 1010 5625 ex
1067 5570 1501 5640 antiquioribus
1552 5572 1864 5627 Januensia

1978 3896 2143 3949 fama)
2173 3898 2229 3949 et
2258 3892 2481 3948 veracis
2506 3889 2831 3946 testimonii
2865 3890 3024 3952 sunt,
3048 3888 3269 3940 remoto
3300 3898 3519 3945 amore,
3552 3880 3622 3936 ti.

1978 3998 2157 4046 more,
2190 3982 2377 4053 pretio
2407 3987 2464 4035 et
2494 3978 2652 4034 omni
2676 3976 2825 4033 malo
2846 3975 3059 4041 studio,
3084 3971 3421 4043 supradicto
3443 3969 3619 4024 modo

1974 4071 2565 4138 consanguinitatem,
2597 4067 2725 4122 sine
2783 4064 2943 4120 omni
2976 4078 3140 4118 mora
3171 4057 3447 4129 conjugis.
3501 4057 3623 4113 dis-

1975 4161 2279 4215 solvantur
2310 4177 2323 4214 :
2357 4158 2511 4228 quod
2574 4156 2622 4210 si
2658 4152 2971 4226 propinqui
3012 4150 3099 4205 vel
3130 4145 3390 4203 extranei
3428 4144 3622 4202 verbis

1974 4255 2204 4304 tantum
2226 4246 2723 4319 propinquitatem
2738 4244 3050 4306 testentur,
3074 4238 3473 4306 etjuramento
3493 4250 3620 4306 pro-

1974 4339 2111 4391 bare
2146 4337 2458 4400 noluerint,
2490 4334 2577 4389 vel
2623 4330 3015 4401 nequiverint,
3045 4324 3391 4395 conjugium
3424 4322 3617 4377 nulla-

1973 4433 2142 4481 tenus
2193 4426 2568 4487 dissolvatur,
2600 4422 2699 4477 sed
2762 4423 3094 4488 competens
3143 4414 3227 4469 eis
3279 4412 3620 4484 pcnnitentia

1897 4556 1936 4618 Π
1975 4515 2525 4586 propterint’amiam
2557 4512 2642 4566 vel
2675 4509 2894 4581 peccati
2926 4505 3242 4567 maculam,
3274 4502 3324 4557 si
3383 4501 3527 4556 forte
3557 4499 3614 4554 in

1976 4606 1985 4618 Ι
2319 4608 2326 4618 ι
2513 4602 2521 4611 ⁸
2579 4605 2590 4618 ι
2637 4599 2876 4618 ,I:___-_.
2938 4594 3279 4618 ἔ..ξ....η...1.--ι

1974 4606 2079 4659 hac
2111 4622 2170 4659 re
2200 4602 2598 4658 contraxerint
2628 4599 2904 4669 aliquam,
2938 4594 3301 4664 injungatur.

2147 4721 2271 4775 CAP.
2306 4716 2624 4773 LXXXVII.
2656 4716 3042 4769 Juramentum
3077 4707 3432 4762 accusatoris.

2433 4825 2602 4879 Conc.
2642 4826 2807 4875 Rom.
2842 4817 2950 4873 sub
2982 4819 3150 4886 Greg.

2038 4944 2154 5013 (35,
2188 4960 2287 5013 qu.
2318 4944 2375 5010 6,
2408 4958 2457 4995 c.
2515 4940 2586 4993 De
2640 4935 2969 5008 parentela.)
3006 4938 3083 4987 De
3152 4925 3458 5002 parentela
3516 4923 3617 4980 illa

1972 5049 2149 5103 quam
2212 5032 2413 5084 dicunt
2439 5044 2568 5083 esse
2615 5027 2766 5080 inter
2797 5024 2972 5079 istum
3027 5026 3082 5075 et
3110 5019 3285 5073 istam
3313 5016 3442 5085 ejus
3474 5030 3616 5069 con-

1964 5100 2189 5192 jugem,
2225 5116 2511 5190 quidquid
2536 5115 2669 5168 inde
2701 5114 2817 5168 scis
2839 5116 2942 5167 aut
2973 5104 3191 5163 audisti
3216 5122 3248 5159 a
3269 5103 3387 5159 tuis
3408 5100 3616 5157 vicinis

1974 5214 2075 5264 aut
2104 5226 2137 5263 a
2166 5208 2284 5262 tuis
2325 5203 2761 5275 antiquioribus
2820 5195 3187 5268 propinquis,
3221 5193 3374 5263 quod
3404 5194 3464 5245 tu
3516 5206 3618 5260 per

1974 5298 2203 5353 nullum
2246 5295 2566 5366 ingenium,
2599 5307 2703 5345 nec
2758 5291 2993 5361 propter
3027 5297 3307 5347 amorem,
3343 5297 3447 5333 nec
3479 5296 3614 5350 pro-

1974 5394 2102 5459 pter
2134 5386 2425 5452 timorem,
2459 5389 2560 5437 aut
2604 5397 2702 5450 per
2736 5376 3062 5447 praemium,
3105 5376 3205 5425 aut
3234 5385 3336 5442 per
3366 5386 3616 5423 consan-

1972 5458 2316 5550 guinitatem
2350 5472 2565 5526 celabis
2592 5466 2931 5536 episcopum
2964 5467 3154 5530 tuum,
3189 5463 3290 5513 aut
3320 5459 3447 5528 ejus
3480 5458 3617 5513 mis-

1974 5549 2103 5622 sum
2124 5564 2217 5621 cui
2247 5563 2368 5618 haec
2392 5552 2949 5629 requirerejusserit
2971 5568 3041 5620 qu
3054 5549 3438 5618 undecunque
3464 5553 3516 5603 te
3545 5563 3611 5603 ex
