3936 6056
348 244 485 303 1303

1427 235 1495 287 D.
1537 231 1778 286 IVONIS
1815 228 2318 286 CARNOTENBIS
2356 231 2674 286 EPISCOPI

3634 225 3782 282 1304

346 369 458 424 hoc
506 360 990 435 interrogaverit:
1025 381 1053 410 «
1087 356 1176 413 Sic
1207 360 1263 413 te
1293 355 1449 412 Deus
1492 353 1750 424 adjuvet,
1781 355 1838 408 et
1867 351 1991 407 istae
2023 351 2078 418 Α
2108 351 2261 421 quod
2286 355 2348 406 tu
2372 368 2474 423 per
2498 351 2730 408 nullum
2759 349 3064 425 ingenium
3095 355 3154 408 te
3185 351 3448 408 sociabis
3479 351 3632 406 huic
3668 355 3788 406 tua:

347 459 689 513 sanctorum
721 448 1004 522 reliquis.
1041 468 1070 497 ››

564 570 697 626 CAP.
729 564 1072 625 LXXXVIII.
1103 563 1504 621 Juramentum
1535 558 1788 614 tertium.

424 687 538 760 (35,
562 679 930 758 q.6,c.lllud.)
963 677 1112 735 Illud
1145 678 1585 732 sacramentum
1610 673 1764 744 quod
1790 672 2003 742 istcju-

354 776 506 834 ravit
559 774 632 830 de
682 771 784 827 illa
842 766 1145 842 parentela
1187 781 1316 838 quas
1367 764 1522 819 inter
1571 762 1759 817 ﬁlium
1793 765 1849 816 et
1874 761 2002 831 ejus

358 865 674 937 cnnjugem
704 860 774 916 N.
827 859 1220 928 computatur,
1254 852 1410 925 quod
1443 855 1504 907 tu
1563 849 1708 905 illud
1732 850 2003 904 observa-

358 957 446 1015 bis
472 957 534 1010 in
595 955 886 1025 quantum
910 947 1072 1021 sapis
1130 950 1232 1002 aut
1285 942 1504 1000 audisti
1539 961 1551 998 :
1583 961 1608 993 ιι
1641 941 1735 996 Sic
1768 945 1821 995 te
1857 946 2004 995 Deus

360 1045 618 1114 adjuvet.
656 1061 685 1090 ››

361 1160 491 1216 CAP.
554 1155 862 1213 LXXXIX.
938 1151 1359 1206 Sacramentum
1415 1147 1479 1204 de
1537 1148 1842 1202 incestuoso
1900 1144 2010 1199 dis-

608 1226 774 1293 cidio,
799 1233 849 1281 et
867 1220 1339 1279 reconciliationis
1368 1221 1761 1289 iuramcnlum.

437 1346 550 1416 (35,
580 1343 710 1415 q.6,
734 1357 785 1396 c.
818 1339 894 1394 Ab
925 1339 1030 1394 ista
1085 1337 1310 1407 primo.)
1341 1336 1428 1390 Ab
1457 1334 1570 1390 isto
1603 1333 1696 1389 die
1725 1333 1783 1388 in
1843 1335 2017 1387 antea

2110 439 2559 510 consanguineae
2588 444 2682 508 N.,
2707 455 2842 496 cum
2866 455 2984 513 qua
3015 443 3219 495 contra
3240 437 3425 510 legem
3451 443 3514 494 et
3544 443 3786 494 rectam

2115 530 2615 589 Christianitatem
2646 537 2828 600 tuam,
2858 531 3210 588 adulterium
3231 536 3288 587 et
3316 532 3620 588 incestum
3651 548 3786 603 per-

2115 620 2381 690 petrasti,
2416 637 2520 676 nec
2545 621 2603 676 in
2623 621 2915 692 conjugio,
2949 636 3054 676 nec
3070 619 3132 676 in
3155 620 3447 676 adulterio
3471 619 3647 675 illam
3675 621 3786 674 tibi

2114 708 2386 776 sociabis,
2415 727 2519 766 nec
2550 727 2686 766 cum
2717 709 2818 766 illa
2839 710 2910 765 ad
2932 725 3108 764 unam
3143 725 3412 765 mensam
3445 708 3790 764 manduca-

2115 796 2229 862 bis,
2253 797 2364 852 nisi
2390 798 2534 854 forte
2553 799 2613 852 in
2645 798 2911 868 ecclesia,
2936 801 3038 854 aut
3064 797 3124 852 in
3147 797 3344 869 aliquo
3358 798 3604 869 publico
3629 797 3789 861 loco,

2117 885 2214 940 ubi
2241 885 2402 941 nulla
2433 887 2582 941 mala
2602 887 2862 958 suspicio
2888 886 3075 959 possit
3095 901 3248 953 esse,
3275 886 3428 942 etibi
3463 902 3674 942 coram
3706 891 3789 939 te-

2119 974 2307 1030 stibus
2338 975 2565 1031 idoneis
2599 993 2699 1046 pro
2729 980 2890 1031 certa
2934 975 3282 1031 necessitate
3329 974 3791 1047 colloquamini.

2118 1064 2233 1120 Nec
2265 1063 2436 1118 aliam
2466 1066 2776 1138 coujugem
2810 1064 3078 1137 accipies.
3111 1063 3226 1120 nisi
3250 1065 3392 1120 forte
3426 1071 3568 1138 post
3611 1081 3794 1136 pera-

2122 1159 2274 1209 ctum
2307 1153 2733 1226 pmnitentiam,
2759 1172 2885 1227 qua:
2908 1155 3014 1210 tibi
3033 1154 3172 1209 data
3202 1154 3379 1209 fuerit
3407 1155 3480 1209 ab
3501 1155 3792 1226 episcopo

2122 1246 2247 1311 tuo;
2278 1248 2379 1298 aut
2409 1243 2537 1314 ejus
2569 1243 2786 1299 misso:
2822 1267 2849 1294 «
2877 1243 2968 1300 Sic
2998 1248 3055 1299 te
3084 1244 3240 1300 Deus
3268 1245 3528 1316 adjuvet,
3566 1250 3628 1301 et
3661 1245 3789 1299 iste

2125 1337 2461 1389 sanctorum
2504 1333 2786 1405 reliquiae.

1481 1560 1580 1618 DE
1623 1556 2018 1617 GRADIBUS
2064 1554 2622 1616 COGNATIONUM
2636 1604 2648 1617 .

377 1677 504 1734 Cu».
537 1675 640 1731 XC.
677 1673 913 1729 Nomina
968 1669 1242 1741 graduum
1299 1665 1653 1741 superiorum
1709 1664 1823 1720 sive
1880 1663 2026 1734 infe-
2062 1665 2107 1730 Β
2139 1667 2343 1719 atsvus
2387 1664 2601 1731 atavis,
2633 1665 2785 1720 infra
2816 1665 3076 1738 adnepos
3125 1665 3415 1737 adneptis.
3441 1665 3519 1721 Ex
3553 1665 3800 1737 obliquo

697 1746 910 1799 riorum
939 1739 1054 1796 sive
1083 1757 1154 1796 ex
1184 1739 1356 1796 latere
1387 1739 1716 1794 viventium.

733 1831 944 1890 Isidor.
979 1831 1051 1886 de
1079 1846 1156 1884 vn
1194 1830 1360 1902 grad.
1391 1842 1670 1898 consang.

448 1943 560 2012 (35,
587 1957 646 2011 q.
680 1940 735 2009 5,
758 1955 808 1994 c.
858 1938 1050 1994 Primo
1103 1936 1328 2006 gradu.)
1364 1933 1554 1989 Primo
1613 1931 1799 2003 gradu
1855 1945 2028 2002 supe-

377 2030 517 2088 riori
575 2029 730 2084 linea
783 2025 1181 2095 continentur,
1215 2027 1380 2096 pater
1423 2027 1481 2079 et
1530 2025 1737 2087 mater,
1770 2017 2032 2075 inferiori

380 2119 539 2175 ﬁlius
569 2122 626 2173 et
659 2115 797 2172 filia.
831 2115 1056 2182 Quibus
1087 2113 1262 2169 nullae
1295 2113 1421 2168 aliis
1472 2127 1730 2182 personae
1767 2111 2032 2180 jungun-

379 2213 498 2265 tur.
537 2205 806 2262 Secundo
865 2204 1050 2276 gradu
1105 2201 1488 2258 continentur
1533 2197 1823 2271 superiori
1880 2196 2034 2251 linea

380 2313 528 2354 avus
551 2299 610 2352 et
636 2294 802 2362 avia;
835 2291 1118 2357 interiori,
1153 2307 1334 2362 nepos
1365 2293 1422 2346 et
1461 2285 1674 2360 neptis.
1712 2287 2035 2341 Interversa

384 2386 564 2442 frater
609 2386 669 2440 et
706 2398 893 2438 soror.
933 2382 1068 2448 Quae
1127 2395 1388 2452 personas
1446 2375 1841 2449 duplicantur.
1875 2375 2035 2429 Avus

385 2473 542 2531 enim
570 2477 629 2528 et
673 2471 804 2527 avia
833 2475 952 2525 tam
1004 2485 1072 2524 ex
1103 2473 1269 2540 patre
1295 2482 1476 2538 quam
1537 2481 1604 2521 ex
1665 2469 1852 2519 matre
1883 2462 2035 2519 acci-

385 2562 652 2636 piantur.
679 2559 816 2624 Quae
871 2573 1131 2631 personae
1164 2554 1549 2628 sequentibus
1583 2569 1810 2625 quoque
1840 2551 2034 2624 gradi-

386 2653 497 2708 bus
555 2648 829 2707 similiter
864 2663 967 2720 pro
1025 2645 1360 2702 substantia
1409 2659 1613 2699 earum
1667 2659 1795 2714 quis
1829 2641 1886 2695 in
1919 2657 2036 2710 quo

387 2741 574 2814 gradu
631 2737 992 2806 subsistunt,
1044 2735 1172 2806 ipso
1233 2733 1437 2789 ordine
1483 2731 1888 2803 duplicantur.
1921 2729 2034 2784 Illac

387 2844 646 2902 personis
668 2826 728 2882 in
759 2825 1014 2881 secundo
1047 2823 1251 2896 gradu,
1279 2823 1408 2877 ideo
1441 2819 1707 2893 duplices
1736 2817 2038 2891 appellan—

389 2923 508 2984 tur,
541 2915 682 2989 quia
705 2915 822 2969 duo
850 2913 937 2968 avi
969 2916 1130 2978 sunt,
1157 2914 1213 2966 et
1235 2916 1513 2982 paternus
1544 2914 1632 2964 est
1659 2912 1716 2963 et
1739 2911 2039 2962 maternus

391 3011 501 3062 est.
535 3008 680 3062 Item
739 3004 855 3058 duo
895 3017 1109 3074 genera
1166 3004 1443 3072 nepotum
1477 3003 1636 3067 sunt,
1669 2997 1790 3052 sive
1823 3012 1890 3051 ex
1921 2994 2039 3051 filio

395 3095 514 3150 sive
545 3110 615 3148 ex
643 3092 764 3147 filia
788 3089 1094 3162 procreati.
1120 3092 1315 3143 Frater
1345 3094 1401 3143 et
1431 3103 1593 3143 soror
1621 3103 1689 3142 ex
1709 3091 2042 3141 transverso

395 3181 674 3247 veniunt;
709 3179 763 3234 id
787 3184 877 3234 est
905 3183 1006 3232 aut
1031 3178 1209 3232 frater
1237 3175 1440 3246 patris,
1474 3180 1576 3230 aut
1605 3175 1784 3230 frater
1815 3173 2042 3242 matris,

401 3270 500 3342 qui
533 3272 636 3326 aut
686 3271 932 3340 patruus
963 3273 1065 3321 aut
1111 3263 1437 3320 avunculus
1470 3263 1826 3318 nominatur.
1852 3262 1961 3327 Qui
1991 3268 2047 3318 et

403 3359 519 3432 ipsi
549 3358 660 3414 hoc
690 3355 895 3413 ordine
925 3353 1328 3426 duplicantur.
1354 3351 1548 3409 Tertio
1587 3351 1773 3424 gradu
1804 3350 2048 3406 veniunt

402 3465 582 3520 supra
613 3461 883 3520 proavus,
913 3442 1184 3516 proavia;
1212 3442 1365 3497 infra
1387 3457 1698 3514 pronepos,
1723 3440 2044 3512 proneptis,

402 3538 480 3593 Ex
535 3535 776 3606 obliquo
837 3531 1036 3588 fratris
1066 3536 1126 3588 et
1180 3531 1397 3587 sororis
1432 3529 1587 3585 tiiius
1643 3527 1729 3584 vel
1768 3527 1906 3598 filia,
1941 3546 2045 3600 pa-

398 3632 591 3690 truus,
614 3621 880 3688 amita,id
900 3625 990 3676 est
1011 3619 1199 3692 patris
1228 3621 1404 3674 frater
1426 3623 1482 3674 et
1501 3635 1688 3683 soror,
1721 3617 2048 3673 avunculus

400 3715 735 3776 matertera,
766 3709 824 3764 id
882 3713 972 3764 est
1011 3709 1190 3763 frater
1238 3707 1445 3762 matris
1501 3711 1557 3761 ct
1615 3723 1798 3761 soror.
1833 3708 2048 3772 Quarto

397 3800 586 3874 gradu
615 3798 859 3853 veniunt
887 3813 1069 3868 supra
1099 3796 1320 3852 abavus
1349 3801 1404 3850 et
1435 3794 1662 3862 abavia,
1687 3794 1840 3849 infra
1870 3796 2048 3850 abne-

397 3906 500 3962 pos
530 3892 590 3944 et
619 3886 906 3958 abneptis.
933 3885 1008 3940 Ex
1032 3883 1272 3956 obliquo
1295 3882 1492 3938 fratris
1523 3888 1580 3938 et
1602 3882 1820 3938 sororis
1843 3899 2046 3954 nepos.

398 3979 590 4051 neptis
622 3973 927 4048 patruelis,
961 3975 1157 4039 frater,
1190 3989 1376 4038 soror,
1409 3970 1716 4044 patruelis,
1739 3970 1796 4026 id
1829 3976 1918 4027 est
1947 3989 2047 4043 pa-

396 4068 512 4124 trui
537 4065 696 4122 filius
725 4063 811 4120 vel
845 4063 984 4118 filia.
1019 4061 1442 4125 Consobrinus,
1476 4060 1848 4130 consobrina,
1869 4059 1928 4115 id
1959 4066 2050 4116 est

395 4154 670 4213 avunculi
733 4158 790 4209 et
857 4155 1186 4208 matertera:
1217 4149 1376 4204 filius
1413 4147 1500 4205 vel
1553 4148 1691 4204 lilia.
1724 4148 2044 4216 Amitinus,

395 4247 665 4312 amitina,
697 4245 755 4299 id
788 4247 879 4299 est
908 4241 1102 4298 amitae
1136 4239 1292 4296 filius
1326 4241 1411 4295 vel
1443 4240 1580 4296 tilia.
1615 4243 1874 4310 Itemque
1904 4257 2046 4295 con-

395 4336 615 4392 sobrini
638 4336 739 4408 qui
761 4350 830 4389 ex
849 4332 1078 4387 duobus
1104 4331 1406 4386 sororibus
1434 4335 1797 4397 nascuntur;
1825 4329 2042 4401 quibus

2143 1753 2348 1810 fratris
2406 1759 2464 1810 et
2501 1755 2740 1824 sororis,
2771 1772 3060 1829 pronepos
3093 1755 3394 1828 proneptis
3447 1757 3668 1811 fratres
3704 1774 3802 1828 pa-

2137 1841 2374 1914 trueles,
2408 1859 2638 1899 sorores
2671 1844 2972 1915 patruelis,
2997 1844 3249 1910 amitini,
3274 1843 3558 1911 amitinze,
3593 1862 3804 1901 conso-

2139 1931 2292 1986 brini
2343 1932 2730 2000 consobrinus,
2764 1932 2923 1988 ﬁlius
2976 1932 3062 1988 vel
3116 1933 3255 1988 filia.
3289 1935 3541 2006 Propius
3593 1950 3803 1989 conso-

2141 2020 2350 2076 brinus
2380 2021 2754 2091 consobrina,
2785 2021 2843 2076 id
2877 2029 2961 2078 est
2993 2023 3186 2095 patrui
3211 2021 3406 2094 magni
3439 2021 3640 2077 amitae
3677 2039 3805 2076 ma-

2141 2125 2290 2181 gnae.
2321 2109 2606 2164 Avunculi
2649 2109 2868 2183 magni,
2903 2116 3230 2167 matertera
3264 2127 3489 2184 magnae
3526 2111 3689 2166 ﬁlius
3720 2109 3806 2165 vel

2143 2197 2282 2253 filia.
2317 2197 2516 2263 Quivis
2565 2199 2846 2255 accrescit
2877 2205 3235 2272 propatruus
3267 2203 3326 2255 et
3385 2199 3702 2272 proamita.
3736 2190 3806 2252 Hi

2143 2289 2284 2341 sunt
2315 2287 2511 2358 proavi
2543 2288 2793 2343 materni
2825 2289 3002 2344 frater
3032 2293 3090 2344 et
3118 2306 3302 2356 soror,
3337 2287 3804 2361 proavunculus,

2145 2378 2593 2444 promatertera;
2627 2374 2686 2430 hi
2720 2380 2860 2431 sunt
2893 2375 3138 2448 proaviae
3183 2382 3440 2448 paternae
3489 2381 3806 2431 maternae-

2145 2479 2258 2534 que
2315 2463 2491 2519 frater
2521 2468 2579 2520 et
2635 2481 2800 2519 soror
2850 2465 3200 2537 proaviaque
3260 2465 3460 2532 magni
3522 2466 3805 2520 materni.

2147 2551 2276 2606 Ηωο
2295 2552 2517 2624 species
2543 2568 2644 2608 nec
2669 2553 2799 2607 aliis
2819 2554 3100 2625 gradibus
3123 2571 3301 2625 quam
3325 2553 3549 2626 scripta
3568 2559 3686 2620 est,
3711 2571 3809 2608 ucc

2147 2639 2278 2695 aliis
2334 2640 2631 2696 vocabulis
2689 2640 2972 2697 declarari
3033 2646 3240 2714 potest.
3277 2643 3447 2698 Sexto
3482 2643 3678 2714 gradu
3723 2659 3809 2697 ve-

2148 2730 2321 2784 niunt
2368 2747 2548 2800 supra
2579 2730 2826 2786 tritavus
2864 2731 3120 2788 tritavia.
3144 2731 3302 2788 Infra
3332 2731 3605 2802 trinepos
3637 2732 3810 2786 triac-

2148 2819 2375 2892 ptis.Ex
2405 2818 2646 2890 obliquo
2670 2819 2868 2875 fratris
2897 2823 2954 2875 et
2983 2823 3202 2876 sororis
3224 2821 3482 2892 adnepos
3505 2821 3813 2891 adneptis,

2149 2910 2378 2966 Fratres
2401 2907 2682 2980 patruelis
2705 2912 2762 2963 et
2791 2924 3019 2964 sorores
3043 2908 3371 2975 matruelis,
3402 2908 3640 2964 amitini
3670 2908 3811 2964 ami-

2149 2998 2308 3067 time,
2333 2996 2689 3065 consobrini,
2723 2996 3107 3053 consobrinus.
3141 2997 3338 3053 Patrui
3363 2997 3591 3070 magni,
3616 2999 3809 3054 amita:

2155 3102 2404 3158 magnae,
2436 3083 2707 3140 avunculi
2744 3084 2944 3157 magni
2975 3090 3298 3142 matertera:
3327 3103 3581 3158 magnas.
3619 3087 3809 3158 Nepos

2155 3174 2388 3247 nepotis
2419 3174 2707 3246 prOpioris
2737 3173 3074 3230 consobrini
3108 3174 3262 3232 filius
3293 3179 3350 3231 et
3381 3175 3502 3230 filia
3532 3176 3640 3247 qui
3674 3192 3810 3230 con-

2155 3262 2375 3320 sobrini
2393 3261 3011 3334 appellantur.Quibus
3031 3262 3292 3320 exlatere
3313 3270 3666 3321 accrescunt
3683 3281 3809 3337 pro-

2157 3350 2375 3424 patrui,
2409 3350 2816 3422 proavunculi,
2858 3357 3309 3423 promaterteras,
3343 3353 3504 3409 filius
3553 3353 3644 3409 vel
3693 3353 3809 3407 filia

2157 3441 2502 3512 adpatruus,
2537 3438 2812 3495 ademita.
2846 3439 2914 3495 Hi
2947 3447 3084 3496 sunt
3109 3441 3277 3496 abavi
3337 3441 3572 3514 paterni
3633 3442 3810 3495 frater

2157 3533 2212 3582 et
2269 3544 2453 3583 soror.
2486 3526 2922 3597 Abavunculus,
2955 3527 3371 3595 abmatertera,
3399 3527 3458 3582 bi
3517 3534 3664 3584 sunt
3707 3530 3807 3582 ab-

2157 3616 2296 3672 avite
2339 3621 2587 3688 paternae
2619 3620 3018 3687 maternusque
3041 3617 3220 3673 frater
3249 3622 3307 3672 et
3325 3634 3492 3674 soror
3522 3618 3806 3689 abavique

2161 3708 2429 3763 materni.
2463 3707 2591 3762 Haec
2623 3723 2858 3780 quoque
2889 3707 3190 3780 explanari
3221 3709 3477 3780 amplius
3511 3726 3630 3764 non
3680 3725 3804 3779 pos-

2157 3801 2299 3853 sunt
2337 3812 2514 3867 quam
2551 3796 2674 3867 ipse
2732 3801 2938 3851 auctor
2993 3795 3292 3852 disseruit.
3321 3797 3591 3868 Septimo
3624 3797 3803 3869 gradu

2159 3887 2254 3958 qui
2291 3893 2429 3940 sunt
2461 3885 2690 3956 cognati
2718 3891 2874 3940 recta
2894 3884 3068 3954 linea,
3090 3902 3272 3958 supra
3304 3887 3574 3958 infraque
3593 3887 3805 3960 priori-

2160 3977 2267 4030 bus
2327 3974 2577 4046 propriis
2614 3974 2953 4030 nominibus
3004 3992 3120 4030 non
3179 3975 3575 4047 appellantur,
3610 3977 3713 4032 sed
3748 3993 3809 4030 ex

2158 4071 2488 4120 transversa
2535 4062 2687 4116 linea
2737 4063 3116 4118 continentur
3173 4063 3392 4132 fratris,
3425 4065 3674 4129 sororis,
3709 4067 3808 4118 ad-

2161 4169 2338 4222 nepos
2395 4151 2686 4222 adneptis,
2721 4151 3057 4206 consobrini
3108 4150 3211 4205 filii
3265 4151 3515 4224 filiaeque
3578 4169 3804 4208 succes-

2156 4241 2360 4296 sionis.
2398 4239 2615 4295 Idcirco
2648 4241 2868 4310 gradus
2899 4257 2976 4294 vn
3015 4241 3317 4296 constituti
3349 4247 3512 4308 sunt,
3545 4243 3692 4313 quia
3721 4243 3803 4297 ul-

2155 4331 2338 4384 terius
2398 4344 2500 4401 per
2531 4345 2725 4384 rerum
2786 4333 3212 4395 naturam,nec
3269 4332 3805 4394 nominainveniri.

394 4424 637 4480 accessit
658 4399 912 4495 patruus
944 4435 1214 4491 magnus,
1249 4418 1430 4473 amita
1457 4434 1688 4489 magna,
1726 4418 1779 4472 id
1815 4399 1905 4474 est
1936 4435 2036 4489 pa-
2076 4399 2117 4461 D
2151 4435 2254 4473 nec
2288 4399 2584 4472 successio
2609 4415 2764 4472 ultra
2793 4417 3104 4490 propagari
3132 4423 3341 4490 potest.
3366 4417 3428 4474 In
3460 4418 3556 4475 bis
3579 4437 3658 4478 νη
3680 4437 3801 4493 gra-

393 4513 541 4569 terni
573 4511 662 4568 avi
695 4512 872 4565 frater
886 4515 945 4564 et
964 4525 1152 4572 soror,
1177 4507 1506 4563 avunculus
1531 4523 1804 4579 magnus,
1825 4513 2044 4562 mater-

391 4606 518 4658 tera
574 4616 808 4671 magna,
841 4598 897 4653 id
931 4601 1020 4653 est
1049 4596 1190 4652 aviae
1247 4601 1367 4651 tam
1405 4601 1659 4667 paterna:
1704 4612 1882 4666 quam
1918 4612 2046 4651 ma-

393 4693 573 4745 terne
606 4687 783 4743 frater
811 4690 868 4742 et
897 4701 1083 4741 soror.
1107 4683 1320 4747 Quinto
1353 4684 1539 4755 gradu
1571 4683 1816 4738 veniunt
1842 4699 2044 4754 supra,

2155 4507 2333 4563 dibus
2363 4506 2561 4561 omnia
2593 4505 3100 4576 propinquitatum
3135 4508 3374 4563 nomine
3404 4509 3802 4577 continentur,

2157 4595 2310 4650 ultra
2359 4611 2506 4666 quas
2539 4594 2802 4650 affinitas
2843 4594 3114 4666 inveniri,
3149 4613 3254 4652 nec
3284 4598 3584 4654 successio
3618 4605 3805 4669 potest

2155 4683 2411 4755 amplius
2443 4682 2775 4755 propagari.

1579 4891 1952 4984 LIBER
2023 4891 2615 4988 OCTAVUS.

1810 5152 1908 5211 DE
1955 5149 2392 5211 HOMICIDIO.

391 5272 525 5325 CAP.
562 5267 604 5323 I.
638 5267 718 5321 Ex
747 5263 926 5336 ofﬁcio
957 5278 1066 5318 non
1085 5268 1182 5386 es;
1218 5264 1504 5332 peccatum
1562 5260 1842 5315 hominem
1901 5261 2038 5315 occi-

1185 5347 1292 5386 ore.

1185 5347 1292 5386 ιΤϐ.

729 5427 976 5496 August,
1011 5423 1078 5478 ad
1117 5419 1420 5484 Publicol.,
1454 5436 1544 5491 cp.
1583 5421 1702 5474 154.

459 5532 574 5604 (23,
606 5547 664 5604 q.
697 5530 752 5601 5,
785 5545 836 5586 ο.
888 5531 960 5585 De
1014 5527 1317 5586 occidendis
1355 5525 1716 5598 hominibus.)
1748 5531 1829 5583 De
1887 5527 2040 5585 occi-

2151 5259 2358 5315 dendis
2409 5258 2749 5314 hominibus
2781 5276 2851 5314 ne
2883 5259 2954 5314 ab
3004 5259 3091 5315 eis
3127 5259 3442 5331 quisquam
3480 5261 3804 5328 occidatur,

2153 5366 2262 5404 non
2301 5348 2441 5403 mihi
2480 5347 2668 5420 placet
2697 5347 3034 5419 consilium,
3071 5349 3182 5405 nisi
3219 5349 3361 5406 forte
3387 5349 3468 5406 sit
3502 5353 3808 5422 n.iles,aut

2152 5437 2446 5510 publicum
2485 5438 2839 5494 relictionem
2874 5442 3088 5506 teneat,
3120 5446 3183 5495 ut
3214 5455 3326 5495 non
3360 5457 3466 5512 pro
3499 5457 3564 5497 se
3586 5441 3698 5498 hoc
3731 5443 3802 5497 fa-

2152 5525 2287 5594 ciat,
2321 5527 2418 5580 sed
2456 5542 2557 5598 pro
2615 5524 2748 5581 aliis
2779 5523 2866 5581 vel
2899 5541 3003 5598 pro
3033 5525 3288 5598 civitate,
3318 5527 3418 5582 ubi
3470 5527 3654 5586 etiam
3689 5529 3806 5603 ipse
