3986 6048
192 227 332 283 1305
382 186 387 193 ⁸

1470 204 1869 268 PANORMIA.
1886 228 1954 243 —-
1993 199 2126 253 LlB.
2167 193 2292 247 Vlll
2304 230 2316 243 .

3460 166 3598 222 1306

190 360 297 422 est,
335 360 572 426 accepta
598 349 865 423 legitime
895 350 1182 419 potestate
1205 343 1253 400 si
1275 343 1404 413 ejus
1425 336 1691 408 congruit
1716 348 1837 407 per-
1868 332 1922 397 Α
1952 340 2157 382 sonam
2191 337 2292 394 pro
2322 323 2582 388 tempore
2615 324 2887 382 expresse
2911 303 3203 426 jussj‘op‘e,
3235 299 3354 426 etv:
3399 300 3595 426 efutem

1799 420 1809 426 ·
1958 416 1970 426 ·
2200 411 2210 423 ο
2336 406 2460 426 Ἇ-ἳέι
2495 402 2587 426 _._:
2625 394 3014 426 ..ηε-..ζηιηηξηνη
3089 408 3117 426 Δ
3163 394 3215 426 at
3241 389 3297 426 in
3347 383 3461 426 ani
3521 383 3595 426 gi.

192 460 373 501 sonis.
407 440 515 507 Qui
546 420 684 496 vero
714 436 1080 510 repelluntur
1109 432 1306 505 aliquo
1337 435 1555 487 terrore
1585 442 1657 481 ne
1696 420 1849 478 male

202 534 443 597 faciant,
503 529 680 585 etiam
742 526 887 599 ipsis
946 526 1197 579 fortasse
1242 520 1462 592 aliquid
1520 515 1850 589 praestetur,

199 624 345 679 Hinc
386 625 581 676 autem
616 618 838 674 dictum
871 620 993 670 est:
1030 635 1059 664 «
1090 612 1215 667 Non
1249 610 1587 666 resistamus
1620 604 1795 671 malo,
1818 624 1845 653 ››

200 728 273 769 ne
306 728 414 766 nos
445 708 703 765 vindicta
731 704 998 771 delectet,
1032 718 1161 773 qua:
1191 699 1378 755 alieno
1401 696 1555 752 melo
1584 694 1849 750 animum

201 800 406 875 pascit,
438 816 556 854 non
588 800 653 852 ut
671 794 1090 851 correctionem
1111 790 1419 845 hominum
1442 784 1809 856 negligemus
1834 797 1847 847 ;

202 890 357 946 unde
388 905 502 943 non
534 902 669 942 reus
700 887 790 941 est
824 881 1030 938 mortis
1059 878 1279 944 alienae,
1305 875 1561 947 quicum
1586 888 1702 927 suae
1726 885 1853 940 pos-

202 977 455 1037 sessioni
490 989 792 1032 murorum
825 972 1115 1028 ambitum
1148 962 1626 1030 circumduxerit,
1659 960 1709 1015 si
1745 958 1849 1013 eli-

203 1069 337 1141 quis
387 1083 456 1123 ex
499 1066 765 1137 ipsorum
822 1078 933 1116 usu
980 1073 1295 1132 percussus
1339 1055 1606 1109 intereat.
1658 1050 1855 1119 Neque

204 1158 362 1216 enim
397 1172 534 1212 reus
567 1158 656 1210 est
680 1151 1047 1208 Christianus
1079 1148 1126 1203 si
1158 1149 1262 1203 bos
1294 1146 1423 1216 ejus
1474 1142 1734 1213 aliquem
1769 1139 1853 1193 t‘e-

207 1246 433 1311 riendo,
463 1242 555 1298 vel
587 1257 776 1315 equus
800 1236 1303 1303 celccmjaciendo
1323 1233 1580 1303 aliquem
1605 1228 1855 1284 occidat.

208 1336 332 1392 Aut
358 1334 489 1389 ideo
519 1348 635 1387 non
670 1331 883 1386 debent
914 1325 1377 1383 Christianorum
1410 1322 1585 1376 boves
1644 1316 1858 1371 habere

212 1439 457 1489 cornua,
493 1426 593 1476 aut
626 1435 816 1492 equus
849 1416 1123 1489 ungulas,
1158 1418 1261 1469 aut
1290 1427 1464 1468 canes
1496 1411 1719 1464 dentes.
1747 1407 1862 1460 Aut

212 1529 371 1579 vero,
404 1510 682 1582 quoniam
714 1506 932 1563 Paulus
980 1502 1283 1576 apostolus
1328 1499 1473 1556 satis
1519 1497 1658 1569 egit,
1708 1498 1770 1550 ut
1800 1495 1859 1548 in

214 1600 471 1657 tribunis
504 1598 774 1654 notitiam
808 1594 1087 1666 perferret
1118 1590 1365 1646 insidias
1398 1587 1512 1643 sibi
1533 1602 1711 1642 essea
1735 1583 1861 1654 qui-

215 1691 467 1746 busdam
520 1687 765 1759 perditis
812 1686 1186 1757 praeparatas,
1218 1685 1275 1736 et
1305 1679 1375 1734 ob
1424 1678 1534 1733 hoc
1582 1676 1861 1730 deducto-

216 1797 310 1836 res
341 1782 630 1849 acceperit
660 1779 940 1842 armatos,
976 1772 1022 1826 si
1056 1771 1115 1825 in
1148 1770 1276 1825 illos
1309 1766 1573 1823 scelerati
1594 1762 1865 1819 homines

216 1867 582 1931 incidissent,
618 1863 832 1918 Paulus
865 1862 924 1915 in
956 1860 1239 1915 effusione
1270 1855 1578 1927 sanguinis
1630 1852 1865 1906 illorum

219 1971 394 2013 suum
425 1954 645 2009 crimen
680 1967 891 2025 agnosr
914 1948 1074 2005 eret?
1105 1947 1292 2015 Absit,
1317 1950 1468 2000 utea
1485 1959 1610 2014 quae
1634 1944 1870 2011 propter

218 2046 440 2101 bonum
472 2051 570 2097 aut
595 2040 823 2095 licitum
854 2038 1105 2094 fecimus
1127 2040 1229 2090 aut
1247 2034 1555 2098 habemus,
1577 2027 1868 2100 siquidem

222 2150 327 2206 per
354 2132 464 2186 hoc
495 2135 705 2202 prmter
736 2133 997 2183 nostram
1028 2124 1388 2180 voluntatem
1424 2118 1699 2189 cuiquam
1734 2113 1868 2169 mali

222 2223 272 2278 si
306 2221 446 2293 quid
480 2218 774 2282 acciderit,
832 2215 1001 2272 nobis
1043 2209 1407 2284 imputetur!
1464 2206 1734 2277 Alioquin
1769 2219 1875 2259 nec

226 2292 579 2364 ferramenta
609 2303 929 2359 domestica
952 2306 1010 2357 et
1044 2298 1297 2372 agrestia
1333 2300 1473 2353 sunt
1492 2292 1780 2357 habenda,
1805 2306 1877 2345 ne

229 2397 364 2469 quis
394 2395 477 2450 eis
526 2393 613 2449 vel
664 2410 724 2448 se
771 2391 861 2446 vel
916 2390 1165 2446 alterum
1225 2387 1548 2441 interimat.
1610 2384 1679 2438 Et
1737 2380 1876 2452 quid

229 2487 400 2558 plura
432 2496 890 2540 commemorem
917 2496 1046 2535 cum
1077 2495 1145 2533 ea
1173 2473 1690 2533 commemorando
1714 2469 1881 2525 finire

230 2592 347 2630 non
380 2587 661 2645 possum:
696 2570 853 2642 quod
885 2574 975 2625 est
1031 2569 1087 2622 in
1138 2584 1250 2621 usu
1302 2563 1609 2619 hominum
1658 2560 1878 2615 bonum

230 2668 335 2720 aut
358 2663 611 2726 licitum,
646 2660 799 2714 unde
831 2675 946 2713 non
979 2657 1164 2728 possit
1195 2652 1484 2727 pernicies
1515 2648 1781 2721 irrogari,
1832 2648 1879 2702 si

227 2753 427 2825 ipsum
454 2750 629 2807 etiam
665 2749 948 2820 perimere
980 2744 1145 2802 nulla
1170 2744 1314 2815 legis
1346 2739 1690 2798 auctoritate
1750 2753 1883 2808 per-

232 2841 506 2897 mittitur.

233 2986 366 3040 CAP.
406 2982 473 3038 ll.
510 2981 615 3049 Qui
661 2981 763 3035 Deo
811 2982 1042 3035 auctore
1088 2977 1233 3033 bella
1263 2981 1565 3049 gesserunt,
1593 2978 1871 3049 praecepta

372 3071 481 3110 non
512 3047 801 3109 occidendi
836 3065 1192 3122 nequaquam
1225 3047 1554 3115 transgressi
1589 3048 1736 3098 sunt.

548 3162 792 3232 August.
824 3163 901 3214 De
928 3157 1078 3213 civit.
1111 3157 1230 3226 Dei,
1263 3155 1302 3211 l.
1337 3172 1372 3222 ι,
1407 3170 1456 3208 c.
1491 3153 1578 3207 17.

314 3285 425 3357 (23,
460 3301 514 3356 q.
546 3285 601 3355 5,
634 3302 684 3340 c.
739 3283 802 3339 Si
853 3298 964 3338 non
1010 3282 1180 3354 licet.)
1223 3282 1281 3339 Si
1315 3297 1430 3336 non
1479 3280 1616 3336 licet
1663 3277 1889 3349 privata

244 3378 533 3447 potestate
563 3374 736 3429 alicui
768 3373 1065 3429 hominem
1099 3370 1360 3428 occidere
1390 3369 1477 3424 vel
1518 3369 1888 3422 innocentem

242 3466 412 3534 cujus
443 3463 744 3520 occidendi
777 3462 1071 3518 licentiam
1106 3461 1195 3515 lex
1221 3458 1385 3514 nulla
1415 3456 1700 3520 concedit,
1753 3469 1889 3524 pro-

245 3556 395 3610 tecto
422 3554 597 3610 etiam
633 3553 729 3624 qui
762 3553 1023 3624 seipsum
1073 3550 1286 3606 occidit
1334 3548 1629 3603 homicida
1677 3550 1801 3612 est;
1836 3548 1893 3599 et

245 3648 406 3698 tanto
443 3644 505 3696 fit
536 3641 836 3696 nocentior
867 3656 998 3694 cum
1034 3654 1095 3694 se
1125 3637 1421 3704 occiderit,
1456 3640 1675 3707 quanto
1716 3633 1890 3688 inno-

244 3733 467 3787 centior
494 3731 553 3785 in
587 3745 650 3786 eo
684 3745 861 3785 causa
883 3728 1130 3800 fuitque
1152 3744 1214 3781 se
1233 3725 1615 3782 occidendum
1640 3722 1887 3794 putavit.

244 3823 387 3875 Item
421 3838 433 3875 :
471 3837 584 3875 non
616 3819 751 3873 licet
785 3817 1003 3874 homini
1036 3816 1143 3886 sei;
1165 3832 1297 3871 sum
1347 3814 1609 3869 occidere
1656 3828 1788 3867 cum
1829 3811 1889 3865 in

244 3928 311 3968 eo
370 3911 524 3982 quod
584 3910 866 3979 scriptum
926 3911 1051 3963 est:
1107 3911 1229 3964 Non
1280 3904 1482 3960 occides
1539 3904 1713 3975 (Exod
1772 3904 1890 3974 xx),

246 4000 391 4055 nihil
428 3999 637 4054 deinde
669 3998 888 4066 addito,
925 4012 1028 4051 nec
1058 3996 1184 4066 ipse
1217 3993 1419 4065 utique
1445 3993 1534 4048 cui
1558 3992 1894 4064 praecipitur

243 4089 612 4160 intelligatur
641 4091 938 4158 exceptus.
972 4087 1135 4150 Item,
1167 4084 1285 4139 Non
1314 4083 1540 4149 occides,
1575 4097 1680 4136 nec
1712 4085 1766 4135 te
1787 4097 1891 4135 nec

248 4181 519 4235 alterum.
554 4176 752 4244 Neque
784 4173 937 4228 enim
970 4173 1067 4242 qui
1113 4188 1175 4227 se
1224 4170 1458 4237 occidit,
1512 4170 1671 4225 aliud
1714 4185 1892 4239 quem

247 4265 545 4323 hominem
579 4263 807 4317 occidit.
843 4262 983 4315 Item
1011 4277 1022 4315 :
1049 4260 1342 4323 Quasdam
1366 4275 1503 4313 vero
1524 4258 1894 4329 exceptiones

246 4358 449 4412 eadem
484 4354 611 4425 ipsa
641 4351 839 4406 divine
874 4349 1006 4404 fecit
1035 4348 1395 4404 auctoritate.
1431 4348 1541 4402 Sed
1591 4347 1683 4401 his
1731 4363 1891 4402 exce-

1956 416 2082 487 ipse
2113 383 2213 484 qui
2254 383 2465 466 occidit
2490 402 2592 476 qui
2625 394 3017 455 ministerium
3049 383 3486 458 debetjubanti,
3521 383 3598 438 si-

1957 478 2056 560 cut
2106 478 2338 574 gladius
2391 489 2815 551 adminiculum
2863 482 3069 551 utenti,
3104 486 3161 536 et
3190 478 3319 531 ideo
3375 489 3599 544 nequa-

1956 563 2138 665 quam
2168 594 2370 647 contra
2397 586 2507 642 hoc
2535 582 2890 655 praeceptum
2914 573 3176 627 fecerunt
3196 566 3351 641 quod
3380 563 3600 619 dictum

1957 656 2082 740 est:
2118 682 2231 738 Non
2264 676 2523 744 occides,,
2558 672 2659 743 qui
2694 671 2803 723 Deo
2836 666 3071 720 auctore
3090 657 3244 713 bella
3272 656 3600 729 gesserunt,

1960 779 2061 830 aut
2084 784 2361 845 personas
2383 766 2652 837 gerentes
2673 755 2922 831 publicas
2945 746 3247 824 potestatis
3275 744 3601 800 secundum

1959 863 2113 932 leges
2163 861 2308 929 ejus,
2348 856 2456 910 hoc
2485 855 2594 918 est,
2645 843 2992 917 justissima)
3038 836 3283 893 rationis
3334 830 3601 904 imperio,

1961 920 2275 1009 sceleratos
2301 920 2492 1000 'morte
2511 938 2845 1012 punierunt.
2869 932 2939 986 Et
2970 926 3263 983 Abraham
3285 939 3397 976 non
3413 920 3605 1012 solum

1963 1058 2079 1097 non
2110 1043 2199 1095 est
2230 1034 2500 1106 culpatus
2532 1022 2893 1085 crudelitatis
2916 1017 3181 1081 crimine,
3204 1026 3405 1068 verum
3431 1008 3605 1063 etiam

1962 1131 2238 1186 laudatus
2265 1099 2354 1180 est
2386 1120 2620 1177 nomine
2654 1111 2887 1188 pietatis
2919 1106 3072 1180 quod
3096 1103 3281 1159 voluit
3303 1099 3487 1154 ﬁlium
3508 1112 3609 1150 ne-

1966 1234 2261 1292 quaquam
2287 1212 2565 1270 scclerete
2591 1205 2692 1262 sed
2725 1199 3059 1258 obcdienter
3083 1193 3363 1249 occidere.
3397 1188 3466 1240 Et
3490 1200 3613 1238 me-

1968 1275 2077 1366 rito
2107 1275 2393 1379 quaeritur
2424 1304 2619 1355 utrum
2654 1310 2755 1365 pro
2789 1293 2963 1362 jussu
3024 1283 3119 1339 Dei
3167 1279 3505 1378 habendum
3536 1275 3613 1329 sit

1970 1366 2363 1471 quod‘Jcphte
2395 1390 2575 1445 ﬁliam
2609 1401 2735 1456 quae
2760 1379 2905 1454 patri
2934 1373 3205 1435 occurrit,
3224 1366 3453 1435 occidit,
3479 1379 3612 1418 cum

1970 1454 2034 1543 se
2064 1487 2121 1540 id
2153 1485 2403 1539 vovisset
2432 1473 2882 1533 immolaturum
2925 1467 3039 1521 Deo
3090 1460 3242 1532 quod
3278 1456 3329 1512 ei
3362 1454 3615 1509 redeun-

1969 1575 2013 1631 ti
2067 1576 2137 1630 de
2197 1570 2391 1645 prmlio
2450 1564 2655 1622 victori
2714 1557 2994 1633 primitus
3065 1548 3438 1607 occurrisset.
3497 1541 3615 1596 Nec

1975 1667 2221 1721 Samson
2255 1660 2423 1715 aliter
2452 1658 2763 1712 excusatur
2792 1647 2947 1720 quod
2981 1643 3241 1714 seipsum
3293 1651 3427 1690 cum
3477 1630 3616 1685 hos-

1973 1761 2134 1817 tibus
2195 1752 2366 1808 ruine
2422 1749 2633 1802 domus
2692 1733 3006 1811 oppressit,
3064 1730 3177 1783 nisi
3246 1725 3380 1797 quia
3435 1718 3619 1791 Spiri-

1974 1808 2210 1906 tus-hoc
2233 1841 2497 1912 jusserat
2524 1808 2794 1896 latenter,
2829 1824 2927 1896 qui
2969 1837 3072 1894 per
3120 1818 3288 1873 illum
3340 1808 3623 1868 miracula

1976 1936 2246 1995 faciebat.

2175 1988 2321 2092 ergo
2352 2013 2606 2086 exceptis
2637 2025 2781 2081 quos
2812 2004 2901 2060 vel
2938 2002 3025 2056 lex
3047 2000 3211 2092 justa
3258 1988 3628 2090 generaliter,

1982 2076 2839 2185 vel—ipsejustitiafons-Deus
2884 2090 3070 2147 occidi
3113 2085 3302 2158 jubet,
3358 2076 3630 2185 quisquis

1982 2167 2279 2260 hominem
2338 2196 2423 2251 vel
2480 2193 2765 2261 seipsum,
2814 2183 2900 2237 vel
2955 2176 3281 2251 quemlibet
3332 2167 3630 2234 occiderit,

1986 2291 2295 2351 homicidii
2327 2284 2573 2343 crimine
2600 2276 2936 2336 innectitur.
2974 2272 3153 2326 Item:
3188 2265 3305 2320 Hoc
3355 2259 3631 2324 dicimus,

1988 2387 2097 2441 hoc
2131 2380 2452 2439 asserimus
2483 2375 2593 2428 hoc
2643 2366 2835 2423 modis
2881 2359 3157 2418 omnibus
3209 2350 3631 2424 approbemus,

1989 2474 2281 2531 neminem
2315 2469 2700 2539 spontaneam
2738 2458 2984 2511 mortem
3018 2446 3129 2503 sibi
3164 2444 3379 2498 inferre
3400 2438 3631 2503 debere,

1989 2564 2148 2623 velut
2181 2557 2454 2631 fugiendo
2488 2548 2787 2607 molestias
2821 2536 3169 2610 temporales
3204 2548 3273 2585 ne
3324 2527 3543 2631 incidat
3570 2523 3631 2577 in

1991 2611 2303 2728 perpetuis
2328 2663 2342 2713 ;
2368 2641 2661 2699 neminem
2692 2636 2928 2707 propter
2945 2627 3135 2681 aliena
3154 2621 3407 2693 peccata,
3437 2630 3507 2667 nc
3524 2611 3635 2665 hoc

1993 2711 2119 2817 ipso
2150 2735 2393 2809 incipiet
2424 2730 2635 2786 habere
2684 2718 3101 2796 gravissimum
3147 2711 3460 2817 peccatumt
3503 2716 3637 2817 p.110-

1992 2789 2228 2906 prrium;
2271 2789 2565 2881 neminem
2599 2816 2834 2888 propter
2880 2823 2988 2863 sua
3037 2803 3274 2874 peccata
3323 2789 3636 2867 praeterita,

2645 2905 2650 2906 ⁷
2841 2900 2874 2906 ἰ
3235 2892 3249 2906 ι
3302 2890 3362 2906 --ι
3418 2878 3636 2906 ..Αηηξκι

1994 2878 2230 2997 propter
2260 2932 2386 2989 quae
2412 2909 2599 2981 magis
2642 2905 2750 2959 hac
2798 2900 2921 2953 vita
2969 2909 3116 2991 opus
3153 2890 3385 2997 ‘estuut.
3418 2878 3645 2997 possint

1996 2967 2329 3086 pmriitendo
2356 2998 2588 3064 sanari;
2622 2990 2917 3050 neminem
2944 2980 3113 3056 quasi
3139 2971 3426 3034 desiderio
3442 2967 3644 3024 melio-

1998 3064 2078 3158 iis
2107 3100 2233 3153 vitae
2262 3112 2389 3167 quae
2423 3092 2555 3164 post
2585 3087 2834 3142 mortem
2866 3076 3156 3148 speretur,
3186 3064 3323 3138 quia
3367 3076 3496 3162 reos
3524 3072 3640 3113 suae

1998 3188 2225 3253 mortis,
2259 3149 2471 3243 melior,
2493 3180 2627 3251 post
2658 3174 2909 3229 mortem
2944 3164 3056 3217 vita
3088 3174 3200 3213 non
3234 3149 3495 3221 suscipit.

2512 3349 2644 3403 CAP.
2682 3342 2779 3396 ΙΙΙ.
2816 3341 2888 3392 De
2916 3337 3131 3390 eodem.

2395 3458 2724 3523 llieronym.
2755 3447 2815 3501 in
2847 3446 3079 3505 Jonem,
3109 3454 3159 3492 c.
3199 3435 3246 3487 1.

2071 3591 2183 3658 (23,
2219 3604 2272 3657 q.
2307 3586 2363 3651 5,
2400 3599 2447 3636 c.
2483 3580 2599 3634 Non
2630 3576 2708 3629 est
2753 3563 3047 3633 nostrum.)
3078 3559 3339 3658 Nonuc‘st
3381 3554 3645 3646 nostrum

2002 3637 2251 3733 murteo:
2274 3637 2556 3741 accipere,
2589 3661 2691 3717 sed
2725 3657 2948 3713 illatam
2969 3651 3040 3706 ab
3068 3647 3197 3703 aliis
3217 3644 3472 3699 libenter
3493 3637 3645 3693 exci-

2000 3782 2156 3839 pere.
2190 3762 2353 3817 Unde
2380 3729 2554 3813 etiam
2585 3752 2643 3806 in
2677 3738 3183 3821 persecutionibus
3214 3750 3330 3788 non
3351 3729 3486 3784 licet

2003 3814 2130 3928 prie
2165 3851 2347 3924 perire
2380 3861 2582 3908 manu,
2618 3841 2837 3908 absque
2869 3849 2934 3887 eo
2965 3828 3062 3883 ubi
3121 3824 3360 3881 castitas
3408 3814 3644 3889 pericli-

1999 3917 2180 4009 tatur,
2209 3939 2311 3997 sed
2344 3930 2689 4010 percutienti
2714 3924 2859 3982 colla
2888 3917 3254 3976 submittere.

2520 4102 2654 4156 CAP.
2693 4096 2784 4153 1V.
2822 4095 2889 4148 De
2920 4092 3131 4145 eodem.

2242 4218 2496 4286 August.
2528 4210 2597 4263 ad
2631 4200 3015 4262 Publicolam,
3047 4212 3135 4265 cp.
3169 4193 3222 4261 3,
3258 4207 3305 4244 c.
3344 4187 3395 4240 4.

2073 4344 2287 4398 Omnes
2319 4338 2477 4407 leges
2508 4340 2626 4388 tam
2661 4324 3070 4385 ecclesiastica:
3099 4332 3276 4390 quam
3310 4307 3647 4375 saeculares,

250 4446 363 4518 ptis
396 4408 544 4515 quos
575 4442 727 4497 Deus
762 4438 942 4494 occidi
968 4438 1135 4508 jubet
1170 4437 1296 4493 sine
1333 4437 1465 4492 date
1498 4436 1618 4504 lege
1658 4436 1727 4489 ad
1760 4452 1889 4506 pcr-
1928 4420 1969 4483 Ι)
2002 4433 2346 4491 effusionem
2382 4422 2629 4481 humani
2665 4416 2974 4488 sanguinis
3008 4408 3335 4483 prohibent.

1306 4758 1405 4817 DE
1452 4759 1548 4816 EO
1590 4756 1723 4823 QUI
1756 4753 2069 4814 CLERUM
2116 4747 2585 4813 INTERFICIT.

247 4919 378 4973 Car.
413 4921 480 4973 V.
514 4915 778 4970 Enormz’a
808 4912 1027 4982 ﬂagitia
1074 4926 1171 4980 per
1211 4908 1406 4965 saeculi
1438 4907 1667 4979 judices
1720 4907 1898 4961 corri-

951 4984 1202 5053 piantur.

323 5096 433 5167 (23,
466 5112 523 5166 q.
552 5096 606 5159 5,
638 5111 689 5148 c.
724 5093 861 5147 Sunt
890 5090 1189 5161 quaedam.)
1218 5094 1366 5143 Sunt
1414 5088 1682 5158 quaadam
1730 5102 1899 5140 cnor‘

252 5185 369 5241 mia
401 5184 641 5255 flagitia,
673 5199 802 5254 quae
835 5182 1027 5251 potius
1060 5195 1161 5249 per
1193 5178 1399 5232 mundi
1442 5177 1675 5248 judices
1721 5190 1899 5246 quem

252 5291 355 5346 per
383 5271 682 5327 antistites
712 5275 768 5324 et
797 5274 1050 5324 rectores
1110 5266 1495 5322 Ecclesiarum
1539 5264 1899 5335 judicantur.

252 5364 417 5418 Sicut
447 5376 578 5414 cum
612 5359 745 5429 quis
787 5357 1063 5411 interficit
1112 5354 1445 5424 pontificem
1490 5352 1900 5427 apostolicum,

250 5447 1035 5524 episcopum,presbyterum
1054 5445 1175 5500 sive
1195 5444 1531 5510 diaconum,
1558 5439 1902 5510 hujusmodi

252 5556 384 5598 rcos
414 5543 470 5595 et
500 5536 796 5609 principes
826 5533 1036 5590 mundi
1063 5533 1367 5588 damnant.
1417 5530 1566 5600 Ergo
1615 5544 1728 5584 non
1777 5528 1902 5585 sine

2008 4921 2184 4960 causa
2220 4908 2451 4973 portant
2476 4901 2761 4972 gladium,
2797 4894 2895 4966 qui
2929 4891 3070 4947 talia
3101 4906 3208 4944 sua
3239 4885 3465 4940 scelera
3498 4881 3653 4950 diju-

2009 4995 2226 5048 dicant.
2262 4998 2409 5046 Sunt
2438 4991 2590 5045 enim
2628 4986 2878 5041 maxime
2906 4977 3208 5037 constituti
3262 4978 3497 5044 propter
3548 4970 3653 5023 ho-

2010 5082 2277 5143 micidas,
2314 5085 2594 5150 raptores,
2633 5086 2693 5129 ut
2728 5074 2858 5129 illos
2909 5070 3207 5133 damnent,
3255 5068 3312 5115 ct
3350 5059 3496 5114 alios
3545 5073 3652 5112 suo

2010 5175 2219 5228 timore
2251 5186 2617 5240 compescere
2643 5168 2874 5221 faciant.

2011 5266 2142 5317 (ῖΑρ.
2177 5262 2272 5315 Vl.
2307 5260 2383 5315 Ad
2412 5258 2545 5330 quid
2575 5257 2892 5321 obligantur
2921 5248 3221 5319 presbyteri
3261 5245 3653 5311 interfectores.

2535 5344 2785 5416 Capitul.
2823 5341 2859 5394 l.
2890 5357 2940 5403 ν,
2975 5354 3025 5391 c.
3056 5338 3146 5390 20.

2084 5438 2407 5510 Presbyteri
2438 5437 2858 5495 interfectores,
2905 5424 3326 5496 compositione
3373 5420 3652 5494 episcopi.

2013 5530 2084 5584 ad
2115 5530 2286 5600 cujus
2317 5525 2654 5599 parochiam
2690 5517 3005 5592 pertinent,
3046 5513 3366 5571 solventur.
