3936 6056
333 155 477 212 1307

1413 161 1482 211 D.
1525 157 1768 211 IVONIS
1801 152 2297 209 CARNOTBNSIS
2331 149 2652 206 BPlSCOPI

3642 136 3828 191 1308

337 283 470 338 CAP.
509 281 620 340 VII.
655 287 770 338 Pao
798 282 1079 354 graduum
1109 283 1373 338 varietate
1399 281 1736 336 mulctentur
1755 277 1852 350 qui
1881 279 1985 333 εἰσι-
2012 285 2068 351 Α
2098 290 2222 332 rem
2281 290 2458 332 suum
2490 274 2698 346 per-dat
2741 275 2798 328 et
2824 269 3057 342 legibus
3087 273 3292 325 contra
3321 282 3505 339 quem
3538 264 3822 334 injuste

932 357 1078 411 rice:
1109 353 1379 412 occidunt.

832 442 1108 515 Capitul.,
1141 443 1180 499 1.
1214 459 1270 513 v,
1302 459 1351 498 c.
1383 443 1474 499 20.

405 560 518 632 (i7,
579 577 634 630 q.
695 563 745 630 1,
777 576 827 614 c.
863 560 970 627 Qui
1014 557 1356 628 subdiacon.)
1389 555 1497 623 Qui
1553 557 1985 612 subdiaconum

336 650 638 718 occiderit,
660 665 761 704 ccc
783 647 1000 704 solidos
1017 645 1810 718 componat;quidiaoonum,
1827 660 1983 712 cccc;

341 739 442 810 qui
475 738 875 810 presbyterum
902 753 916 805 ;
949 753 1056 805 oc;
1112 736 1213 808 qui
1243 736 1606 807 episcopum,
1639 751 1846 804 acccc;
1883 733 1984 806 qui

345 827 718 893 monachum,
751 843 904 882 cccc.

831 945 966 999 CAP.
1008 943 1158 997 VIII.
1192 943 1263 997 De
1293 942 1496 999 eodem.

416 1034 524 1104 (17,
560 1050 615 1105 q.
644 1033 697 1104 4,
729 1050 777 1088 c.
812 1035 928 1104 Qui
954 1033 1264 1103 occiderit.)
1285 1031 1389 1096 Qui
1414 1030 1690 1088 occiderit
1710 1031 1985 1087 clericum

344 1125 445 1178 aut
476 1122 848 1189 monachum,
878 1140 1041 1179 arma
1071 1122 1365 1194 relinquat
1393 1127 1449 1178 et
1471 1122 1585 1178 Deo
1609 1121 1665 1176 in
1691 1125 1988 1176 monaste-

344 1212 427 1268 rio
451 1211 665 1267 serviat
681 1211 910 1267 cunctis
932 1211 1140 1268 diebus
1159 1210 1282 1266 vitae
1307 1228 1446 1278 suis,
1469 1227 1775 1282 nunquam
1799 1226 1989 1266 rever-

346 1318 524 1357 eurus
557 1302 626 1356 ad
661 1301 963 1366 saeculum,
993 1305 1048 1355 et
1068 1317 1148 1357 vn
1171 1317 1357 1357 annos
1378 1299 1676 1372 publicam
1698 1299 1990 1372 paeniten-

344 1390 488 1446 tiam
521 1395 675 1463 agat.

352 1507 489 1564 CAP.
552 1508 651 1562 IX.
683 1508 1027 1590 “paena
1062 1506 1379 1590 plectendas
1419 1509 1774 1590 sitquiodio
1803 1517 1995 1566 etnon

671 1579 912 1650 justitiaz
941 1581 1055 1634 zelo
1086 1580 1363 1634 hominem
1391 1579 1668 1636 occiderit.

858 1677 1104 1750 Capitul.
1135 1681 1175 1733 l.
1203 1695 1258 1746 v,
1289 1696 1340 1734 c.
1375 1679 1496 1735 109.

421 1787 526 1853 Qui
561 1805 662 1860 per
694 1789 896 1844 odium
927 1789 1015 1845 vel
1047 1788 1269 1845 malum
1300 1789 1605 1861 ingenium
1637 1795 1694 1846 et
1722 1808 1839 1847 non
1870 1808 2000 1863 pro-

353 1877 781 1948 pterjustitiam
808 1878 1133 1934 faciendam
1149 1879 1447 1934 hominem
1464 1881 1795 1951 peremerit,
1811 1880 2000 1938 hono-

2095 363 2256 432 t‘ecit,
2289 363 2615 420 secundum
2648 376 2880 434 poenam
2912 375 3089 432 quam
3122 355 3344 423 intulit,
3383 353 3724 411 emendet.

2093 475 2222 528 CAP.
2257 471 2323 528 X.
2355 469 2544 526 Mortis
2573 468 2852 524 sententia
2882 468 2998 521 tata
3042 461 3385 520 exsecutioni
3413 476 3530 516 non
3558 457 3811 515 trada-

2507 551 2599 597 tur
2626 539 2742 596 nisi
2769 548 2888 611 post
2915 536 3186 608 tringinta
3217 534 3353 591 dies.

2249 631 2515 688 Cassiod.
2549 629 2778 703 prolog.
2813 627 3032 684 Hister.
3069 625 3203 697 trip.
3236 624 3275 677 ι.
3308 640 3388 692 1x,
3418 638 3470 676 c.
3504 619 3610 674 30.

2165 722 2268 777 Est
2324 719 2481 776 enim
2538 718 2630 774 lex
2657 714 3002 788 hujusmodi
3036 731 3049 770 :
3083 714 3404 784 Imperator
3433 709 3807 765 Gratianus

2094 808 2480 866 Valentianus
2510 812 2567 864 et
2595 804 2985 874 Theodosius,
3018 800 3290 874 Augusti,
3315 799 3592 854 Flaviano
3625 813 3802 868 prae-

2096 899 2242 954 fecto
2265 896 2521 969 praetorii
2544 894 2757 968 Illyrici
2781 910 2795 948 :
2825 913 2846 942 ι
2870 893 2929 948 Si
2949 890 3232 947 vindicari
3260 890 3317 944 in
3339 888 3583 958 aliquos
3601 901 3804 940 seve-

2098 987 2222 1044 rius
2254 992 2460 1042 contra
2495 989 2761 1041 nostram
2789 980 3273 1038 consuetudinem
3306 994 3407 1050 pro
3437 991 3658 1032 causa
3698 973 3804 1028 in-

2096 1077 2271 1146 tuitu,
2288 1075 2672 1147 jusserimus,
2695 1071 2978 1129 nolumus
2995 1068 3308 1126 eosstatim
3328 1067 3530 1122 subire
3552 1081 3800 1137 pcnnas

2099 1171 2202 1222 aut
2256 1166 2519 1236 excipere
2575 1164 2952 1227 sententiam,
2985 1159 3088 1216 sed
3119 1175 3219 1230 per
3248 1157 3374 1212 dies
3405 1172 3544 1220 xxx,
3577 1168 3796 1224 super

2100 1259 2351 1312 stratum
2383 1268 2586 1310 eorum
2618 1269 2747 1308 sors
2777 1255 2835 1307 et
2864 1251 3098 1306 fortuna
3124 1262 3414 1318 suspensa
3441 1243 3544 1298 sit.
3575 1265 3616 1292 »ι

2109 1365 2246 1418 CAP.
2295 1360 2389 1416 ΧΙ.
2421 1365 2545 1417 Non
2589 1363 2722 1414 sunt
2777 1355 3090 1425 homicidae,
3117 1353 3214 1426 qui
3241 1353 3502 1409 adversus
3533 1365 3792 1405 excom-

2243 1432 2581 1501 municatos,
2612 1429 2733 1486 zelo
2762 1429 2957 1484 matris
2987 1425 3255 1483 Ecclesiae
3282 1427 3620 1480 armantur.

2476 1521 2751 1579 Urbanus
2781 1519 2829 1575 ll
2858 1516 3162 1574 Gothirido
3193 1514 3375 1588 episc.

2176 1615 2287 1686 (25,
2325 1629 2380 1683 q.
2408 1612 2464 1680 5,
2511 1627 2561 1665 c.
2613 1604 3276 1675 Excommunicotorum.)
3308 1602 3429 1660 Non
3461 1599 3637 1656 enim
3677 1615 3790 1654 eos

2178 1664 2287 1686 \"r
2331 1664 2464 1683 Ἰπίι
2521 1664 2558 1665 κν
2715 1664 2750 1665 νν
3259 1664 3268 1675 ι

2033 1664 2076 1730 Β
2111 1701 2436 1758 homicidas
2466 1699 2830 1756 arbitrantur
2859 1713 3008 1769 quos
3039 1695 3320 1750 adversus
3350 1688 3790 1748 excommuni-

2109 1796 2269 1848 catos
2299 1789 2421 1846 zelo
2451 1787 2762 1845 Catholicae
2794 1785 3000 1843 matris
3029 1785 3325 1850 ardentes,
3354 1796 3565 1837 eorum
3589 1794 3788 1850 quos-

2110 1879 2253 1936 libet
2281 1879 2612 1936 trucidasse
2641 1876 2904 1948 contigit.

921 2100 1024 2182 DE
1069 2121 1165 2182 ΕΟ
1211 2121 1343 2192 QUI
1389 2121 1815 2184 PERCUSSIT
1862 2123 2266 2184 MULIEREM
2313 2123 2390 2184 IN
2435 2118 2704 2184 UTERO
2747 2115 3186 2179 HABENTEM.

361 2252 493 2303 CAP.
555 2246 676 2302 XII.
739 2245 852 2302 Non
905 2253 986 2303 est
1023 2247 1297 2304 homicida
1326 2249 1424 2320 qui
1451 2248 1701 2304 abortum
1725 2254 2005 2320 procurat,

632 2326 922 2390 antequam
952 2321 1142 2374 anima
1171 2322 1386 2391 corpori
1413 2321 1490 2376 sit
1517 2321 1731 2391 infusa.

722 2431 998 2498 August,
1030 2429 1106 2484 De
1135 2429 1439 2497 Quaestion.
1469 2427 1642 2486 Exod.

431 2549 541 2619 (3'2,
604 2565 660 2619 q.
694 2548 748 2613 2,
782 2565 832 2602 ς.
867 2547 1017 2616 Quod
1044 2549 1216 2618 vero.)
1247 2549 1409 2613 Quod
1444 2548 1495 2604 si
1526 2565 1638 2603 non
1691 2548 2003 2604 formatum

362 2636 736 2708 puerperium
774 2637 998 2710 Moyses
1032 2637 1119 2693 vel
1153 2637 1243 2692 lex
1273 2636 1465 2693 noluit
1496 2638 1568 2693 ad
1623 2637 2004 2693 homicidium

363 2725 673 2796 pertinere,
733 2725 990 2796 profecto
1049 2741 1154 2781 nec
1185 2725 1485 2782 hominem
1517 2725 1820 2798 deputavit
1850 2726 2004 2797 quod

367 2814 480 2868 tale
515 2813 571 2868 in
597 2819 758 2870 utero
781 2815 1003 2885 geritur
1029 2856 1042 2880 ,
1066 2813 1200 2869 hinc
1223 2814 1468 2886 quaestio
1490 2814 1559 2870 de
1582 2815 1774 2870 anima
1797 2814 2007 2886 agitari

365 2903 532 2958 solet.
557 2902 762 2958 Utrum
797 2903 1085 2974 quidquid
1121 2904 1436 2960 formatum
1465 2920 1579 2959 non
1611 2908 1721 2969 est,
1745 2919 1849 2959 nec
1879 2903 2010 2959 ani-

372 2997 594 3045 matum
629 2991 866 3062 quidem
897 2990 1088 3062 possit
1114 2990 1387 3064 intelligi,
1421 2997 1478 3048 et
1508 2991 1638 3048 ideo
1669 3009 1782 3049 non
1817 2993 1882 3047 fit
1904 2993 2010 3048 ho-

373 3078 698 3144 micidium,
734 3081 871 3150 quia
904 3095 1007 3134 nec
1039 3081 1436 3135 exanimatum
1463 3081 1576 3136 dici
1609 3087 1818 3152 potest,
1844 3081 1890 3137 si
1921 3083 2012 3137 ad-

370 3166 484 3221 huc
545 3168 802 3221 animam
853 3183 968 3222 non
1001 3167 1274 3222 habebat.
1311 3171 1474 3237 Item,
1509 3169 1558 3225 si
1589 3169 1734 3226 illud
1766 3172 2014 3228 informe

370 3256 744 3327 puerperium
764 3257 885 3325 jam
917 3255 1157 3328 quidem
1181 3257 1389 3322 fuerat,
1414 3259 1512 3313 sed
1544 3259 1734 3314 adhuc
1757 3262 2012 3331 quodam

371 3346 544 3400 modo
599 3344 928 3400 informiter
973 3343 1323 3415 animatum,
1372 3347 1652 3419 quoniam
1697 3365 1912 3422 magna
1943 3352 2014 3408 de

370 3434 567 3490 anima
595 3433 834 3505 quaestio
863 3438 972 3505 est,
997 3451 1113 3491 non
1135 3437 1225 3491 est
1245 3437 1660 3509 praecipitanda
1680 3438 2016 3497 indiscussa

371 3525 702 3579 temeritate
722 3524 1011 3580 sententia
1029 3541 1046 3592 ;
1064 3524 1194 3581 ideo
1216 3525 1305 3581 lex
1326 3525 1514 3583 noluit
1535 3529 1606 3583 ad
1630 3527 2015 3586 homicidium

372 3615 666 3686 pertinere
713 3613 854 3684 quia
901 3615 1169 3670 nundum
1201 3619 1395 3687 potest
1424 3616 1538 3672 dici
1570 3618 1770 3674 anima
1799 3619 1926 3675 viva
1956 3620 2016 3676 in

373 3717 612 3774 corpore
643 3703 799 3772 quod
832 3718 1010 3758 sensu
1043 3709 1222 3761 caret.

871 3817 1007 3873 CAP.
1037 3818 1184 3874 XllI.
1217 3822 1292 3875 De
1314 3820 1521 3876 eodem.

516 3917 763 3987 August.
795 3916 872 3972 De
901 3917 1102 3984 Quaest.
1139 3917 1246 3973 νει.
1276 3923 1330 3974 et
1358 3918 1488 3974 Νου.
1527 3920 1659 3976 Test.
1706 3936 1756 3978 ο.
1786 3921 1876 3979 38.

2117 2265 2344 2335 Itaque,
2378 2262 2590 2334 sinam
2623 2261 2874 2318 formato
2905 2256 3135 2331 corpori
3167 2256 3359 2322 datur,
3386 2270 3502 2309 non
3540 2254 3602 2308 in
3641 2269 3788 2309 con-

2115 2358 2283 2426 ceptu
2301 2351 2558 2424 corporis
2583 2350 2866 2416 nascitur,
2889 2364 3022 2404 cum
3045 2347 3270 2402 semine
3286 2343 3574 2399 derivata.
3601 2346 3786 2397 Nam.

2115 2443 2166 2499 si
2198 2459 2332 2499 cum
2364 2441 2589 2498 semine
2640 2444 2696 2495 et
2727 2438 2925 2494 anima
2951 2435 3144 2493 existit
3171 2433 3483 2496 exanimis,
3521 2437 3582 2488 et
3614 2431 3789 2486 mul-

2115 2537 2186 2589 tte
2219 2531 2426 2587 animae
2457 2528 2719 2602 quotidie
2749 2531 3017 2600 pereunt,
3049 2541 3183 2581 cum
3207 2539 3406 2579 semen
3436 2522 3604 2576 ﬂuxu
3629 2537 3792 2592 quo-

2117 2622 2249 2677 dam
2283 2637 2396 2677 non
2436 2619 2665 2691 proficit
2697 2616 3016 2674 nativitati.
3065 2615 3199 2680 Sed,
3234 2613 3279 2669 si
3305 2611 3553 2684 propius
3588 2611 3786 2682 respi-

2120 2709 2368 2780 ciamus,
2399 2708 2731 2763 videbimus
2761 2705 2902 2778 quid
2927 2704 3091 2775 sequi
3117 2703 3450 2758 debeamus.
3487 2699 3785 2755 Contem-

2122 2799 2354 2872 plemur
2409 2799 2694 2853 facturam
2728 2796 2884 2850 Adze.
2936 2798 3002 2849 In
3037 2793 3219 2848 Adam
3247 2791 3404 2846 enim
3435 2788 3784 2861 exemplum

2121 2889 2324 2944 datum
2357 2890 2468 2956 est,
2501 2891 2564 2941 ut
2596 2903 2662 2942 eo
2713 2883 3078 2956 intelligatur
3103 2881 3256 2955 quod
3284 2881 3410 2951 jam
3448 2879 3778 2934 formatum

2121 2993 2335 3048 corpus
2365 2974 2623 3032 animam
2650 2972 2892 3044 accepit.
2916 2971 3064 3028 Nam
3082 2973 3308 3043 poterat
3326 2968 3484 3024 Deus
3509 2968 3776 3023 animam

2120 3066 2261 3121 limo
2319 3072 2483 3120 terra:
2517 3062 2866 3130 admiscere,
2895 3065 2954 3116 et
2981 3060 3066 3116 sic
3099 3059 3350 3115 formare
3391 3074 3632 3128 corpus.
3669 3059 3776 3110 Sed

2121 3155 2346 3210 ratione
2379 3153 2811 3218 inﬁrmabatur,
2871 3149 3010 3220 quia
3042 3147 3298 3221 primum
3331 3145 3646 3217 Oportebat
3677 3147 3776 3199 do-

2122 3260 2286 3299 mum
2319 3241 2743 3314 compaginari,
2774 3242 2831 3294 et
2859 3239 2946 3294 sic
2975 3237 3363 3294 habitatorem
3385 3234 3616 3289 induci.
3639 3234 3774 3289 Ani-

2122 3351 2217 3390 ma
2267 3335 2420 3388 certe
2469 3329 2608 3402 quia
2653 3328 2899 3400 spiritus
2931 3331 3040 3398 est,
3081 3327 3141 3381 in
3173 3324 3328 3380 sicco
3357 3322 3630 3379 habitare
3663 3339 3774 3378 non

2124 3425 2336 3496 potest,
2369 3420 2499 3476 ideo
2527 3419 2588 3474 in
2611 3416 2902 3490 sanguine
2932 3417 3120 3472 fertur
3163 3413 3453 3471 habitare.
3486 3412 3637 3468 Cum
3666 3411 3773 3481 igi-

2123 3517 2224 3569 tur
2250 3511 2607 3567 lineamenta
2635 3511 2941 3579 compacta
2964 3521 3080 3562 non
3111 3503 3350 3574 fuerint,
3383 3501 3484 3558 ubi
3513 3501 3630 3558 erit
3649 3501 3771 3556 ani-

2126 3601 2271 3658 ma?

2621 3717 2759 3770 CAP.
2793 3711 2934 3768 XIV.
2971 3713 3045 3767 De
3071 3708 3276 3766 eodem.

2457 3819 2792 3894 Hieronym.
2826 3819 2899 3876 ad
2931 3817 3262 3891 Algasium,
3295 3831 3353 3886 q.
3389 3815 3441 3870 4.

2199 3958 2310 4030 (32,
2371 3973 2430 4028 q.
2488 3956 2544 4024 2,
2591 3970 2644 4012 c.
2675 3954 2852 4010 Sicuti
2878 3950 3135 4023 semina.)
3161 3948 3338 4005 Sicuti
3371 3947 3595 4004 semina
3629 3962 3772 4018 psu-

442 4033 559 4102 (32,
619 4049 676 4102 q.
726 4035 780 4102 2,
837 4049 886 4089 c.
937 4034 1183 4106 Moyses.)
1240 4034 1465 4107 Moyses
1492 4036 1767 4094 tradidit:
1799 4038 1856 4092 Si
1890 4039 2022 4110 quis
2130 4046 2297 4101 latim
2330 4045 2661 4101 formantur
2687 4041 2745 4097 in
2780 4045 2966 4107 utero,
2998 4043 3054 4095 et
3083 4037 3288 4094 tandiu
3323 4053 3437 4092 non
3471 4039 3772 4108 reputatur

375 4123 735 4226 percusserit
762 4123 1066 4226 mulierem
1101 4123 1156 4178 in
1193 4128 1356 4180 utero
1388 4125 1699 4183 habentem
1723 4132 1779 4184 et
1809 4130 2023 4184 aborti-
2051 4162 2096 4226 D
2129 4133 2511 4191 homicidium
2563 4131 2746 4187 donec
2793 4128 3080 4185 elementa
3111 4127 3373 4183 confecta
3403 4141 3546 4179 suas
3576 4122 3770 4192 imagi-

372 4228 510 4266 Vum
547 4212 779 4267 Γθοϐΐίΐε
814 4212 862 4268 εί
895 4213 1208 4268 formatum
1270 4214 1465 4279 fuerit,
1497 4216 1597 4270 det
1628 4217 1885 4273 animam
1919 4235 2020 4289 pro
2051 4212 2093 4226 ”
2132 4239 2237 4278 nes
2271 4223 2631 4293 menbraque
2665 4218 3011 4291 suscipiant,
3045 4217 3125 4271 ita
3156 4232 3367 4270 sensus
3394 4215 3619 4269 ratione
3648 4228 3765 4266 con~

376 4301 612 4367 anima;
647 4301 696 4355 si
730 4305 926 4356 autem
951 4301 1335 4358 informatum
1365 4303 1562 4370 fuerit,
1589 4306 1908 4362 mulctetur
1929 4324 2023 4380 pe-

377 4389 570 4451 cunia,
608 4395 671 4444 ut
703 4390 977 4460 probaret
1005 4407 1119 4446 non
1153 4406 1282 4447 esse
1311 4393 1570 4448 animam
1596 4399 1730 4450 ante
1748 4397 2020 4454 formam.

2133 4315 2361 4384 ceptus,
2420 4309 2534 4366 nisi
2567 4309 2625 4364 in
2659 4325 2836 4382 opera
2889 4305 3243 4379 proruperit,
3277 4304 3469 4359 adhuc
3501 4302 3560 4356 in
3583 4305 3769 4357 ventre

2135 4401 2443 4466 retinetur,
2475 4403 2532 4454 et
2561 4398 2673 4454 cito
2704 4397 2776 4453 ab
2806 4396 2974 4452 hoste
3003 4395 3171 4466 perit.

679 4631 997 4701 QUANDO
1043 4636 1513 4723 HOMICIDIUM
1562 4638 1683 4700 SIT
1727 4641 2140 4705 PECCATUM
2189 4646 2289 4704 ET
2332 4642 2648 4716 QUANDO
2691 4641 2882 4712 NON,
2929 4641 3027 4700 ΕΤ
3071 4639 3169 4697 DE
3215 4633 3468 4697 BELLO

1694 4736 1957 4799 LICITO
2000 4743 2102 4800 ΕΤ
2144 4740 2482 4802 ILLICITO

379 4856 514 4908 CAP.
572 4851 697 4907 XV.
759 4853 887 4922 Quae
943 4856 1504 4933 veritati_con_traria
1531 4862 1680 4926 sunt,
1711 4859 2028 4918 Christiani
2137 4879 2271 4919 cum
2305 4864 2424 4918 sint
2480 4861 2719 4933 utrique
2765 4858 3080 4917 Christiani
3117 4873 3234 4914 non
3267 4857 3484 4912 debent
3516 4858 3767 4927 persequi

941 4925 1198 4998 persequi
1233 4927 1448 4985 debent.

606 5014 879 5084 August,
904 5020 1117 5073 Contra
1145 5019 1410 5073 Crescon.
1446 5034 1660 5090 gram.,
1691 5020 1730 5076 l.
1764 5039 1805 5078 1.

2141 4953 2254 5007 nisi
2285 4952 2428 5008 vitia
2454 4951 2804 5008 Christianae
2837 4945 3131 5003 contraria
3158 4944 3410 5001 veritati.
3460 4946 3548 4999 An
3578 4960 3703 4999 vero
3729 4949 3765 4997 si

2137 5059 2253 5098 non
2287 5043 2736 5113 persequantur,
2759 5053 2874 5093 non
2897 5035 2982 5094 rei
3003 5034 3370 5108 negligentiae
3392 5033 3604 5089 merito
3626 5038 3762 5089 tene-

454 5132 566 5198 (25,
625 5147 682 5201 q.
744 5129 797 5195 4,
857 5143 908 5182 c.
970 5125 1223 5196 Quisquis
1299 5124 1691 5198 Christianus.)
1749 5127 2029 5200 Quisquis
2140 5130 2408 5186 buntur?

385 5219 754 5274 Christianus
813 5231 929 5272 non
964 5216 1235 5287 iniquum
1265 5217 1661 5285 persequitur,
1691 5217 1906 5274 Christi
1942 5223 2032 5274 est

385 5305 686 5362 inimicus.
717 5305 934 5359 Verum
967 5303 1133 5372 dicis,
1158 5303 1207 5359 si
1241 5319 1356 5357 non
1389 5301 1498 5358 hoc
1531 5304 1589 5360 in
1611 5304 1710 5360 illo
1729 5306 2030 5378 persequi-

389 5398 508 5462 tur,
542 5395 698 5466 quod
724 5391 958 5449 Christo
989 5397 1079 5447 est
1097 5391 1426 5450 inimicum.
1452 5391 1653 5462 Neque
1668 5393 1824 5450 enim
1850 5396 2033 5451 domi-

390 5496 499 5536 nus
560 5481 621 5537 in
677 5497 864 5548 servo,
923 5480 1180 5551 paterin
1211 5480 1357 5550 tilio,
1390 5480 1644 5538 maritus
1672 5479 1734 5539 in
1763 5482 2034 5557 conjuge,

2151 5238 2290 5293 CAP.
2320 5236 2466 5292 XVI.
2491 5233 3149 5316 Quemadmodum‘honio
3170 5229 3323 5286 debet
3343 5228 3581 5296 diligere
3599 5231 3769 5299 proxi-

2656 5322 2810 5361 mum
2841 5314 2986 5361 sicut
3015 5314 3257 5374 seipsum
3266 5343 3280 5356 .

2391 5394 2639 5467 Augusi.
2670 5395 2744 5450 ad
2767 5393 3088 5461 Macedon.,
3121 5407 3172 5447 ο.
3198 5390 3289 5445 52.

2215 5487 2329 5559 (23,
2387 5502 2446 5558 q.
2507 5489 2562 5555 Δ,
2595 5499 2647 5541 e.
2683 5481 2860 5540 Debet
2889 5481 3096 5554 homo.)
3123 5479 3303 5535 Debet
3353 5475 3533 5532 homo
3561 5474 3770 5547 diligere
