3936 6056
329 205 463 264 1311

329 435 446 475 non
472 417 645 473 timet
676 433 747 473 ne
772 415 1140 472 vulneratum
1170 414 1362 470 doleat
1391 416 1494 468 aut
1521 413 1900 469 exstinctum.

330 553 466 609 CAP.
499 550 696 608 XXVI.
758 549 1027 605 Catholici
1080 548 1344 604 adversus
1401 547 1684 605 haereticos
1740 565 1774 603 a
1826 551 1973 617 pote-

399 624 631 750 :tatibus
711 621 992 679 ordinatis
1067 620 1434 691 defensionem
1512 623 1741 692 possunt
1791 628 1978 691 postu-

423 711 540 752 are.

774 785 1021 853 August.
1053 781 1121 835 ad
1156 780 1536 836 Demetrium.

406 883 518 954 (23’
550 898 607 953 q.
639 882 692 948 3ν
728 897 777 936 ο,
846 852 1033 938 [ῥοπή
1084 879 1392 950 adversus.)
1450 879 1645 933 Nostri
1701 879 1979 934 adversus
2086 871 2212 910 cem
2245 860 2625 926 Bavarorum,
2679 857 2796 912 nisi
2857 856 2915 912 in
2952 857 3227 912 omnibus
3259 856 3558 910 obcdiret
3592 852 3796 908 eidem

335 941 654 1029 illicitasOet
682 941 940 1042 privatas
969 973 1293 1024 vestrorum
1327 941 1636 1023 violentias
1697 968 1868 1039 (quas
1920 972 1979 1023 et
2088 943 2425 1042 ξωρθτδίίξνί
2479 951 2560 1042 ξι-
2594 947 2894 1042 ﬁliisﬁliis
2921 949 2978 1001 οι
3003 945 3166 1042 εθξξίξ
3201 941 3792 1042 Ηδτξοίῖνυηλεξοοί

2081 1034 2379 1105 juraverat
2411 1037 2562 1108 patri
2589 1053 2696 1092 suo
2726 1036 2932 1107 Pipino
2963 1039 3018 1090 et
3049 1034 3200 1100 sibi;
3243 1034 3346 1105 qui
3379 1033 3430 1089 si
3468 1030 3688 1087 nollet
3749 1041 3797 1083 et

2089 1124 2395 1194 sanguinis
2425 1124 2628 1180 effusio
2660 1126 2843 1191 ﬁeret,
2877 1123 2961 1179 vel
2996 1124 3157 1179 aliud
3190 1122 3418 1195 aliquid
3453 1120 3646 1185 mali,
3689 1119 3791 1173 boc

2091 1231 2272 1286 supra
2303 1217 2574 1272 eumdem
2609 1217 2814 1271 ducem
2845 1223 2900 1269 et
2927 1215 3055 1285 ejus
3079 1213 3579 1286 consanguineos
3607 1217 3789 1275 esset,

2092 1308 2150 1359 et
2207 1306 2484 1376 praefatus
2540 1322 2660 1372 rex,
2701 1309 2759 1360 et
2815 1305 2906 1359 sui
2963 1304 3035 1358 ab
3093 1319 3161 1358 ea
3219 1303 3398 1374 culpa
3465 1302 3790 1356 immunes

335 1078 436 1117 vos
466 1059 546 1114 ibi
573 1059 672 1132 qui
704 1058 846 1114 talia
878 1058 1068 1114 facitis
1100 1057 1311 1114 doletis
1341 1062 1398 1113 et
1429 1057 1708 1130 gemitis),
1741 1075 1774 1112 a
1818 1063 1976 1130 pote-

337 1150 588 1204 statibus
619 1148 902 1204 ordinatis
936 1147 1216 1215 ultionem
1251 1153 1476 1220 petunt,
1510 1165 1626 1203 non
1658 1147 1812 1220 quod
1873 1147 1981 1204 bos

333 1242 783 1309 persequantur,
815 1237 913 1291 sed
947 1236 1085 1308 quia
1115 1253 1176 1292 se
1206 1236 1537 1292 defendant.

334 1367 470 1420 CAP.
503 1363 740 1418 XXVII.
777 1364 882 1417 Pro
918 1363 1242 1418 Sarracenis
1297 1379 1446 1433 papa
1495 1361 1652 1431 jubet
1713 1362 1984 1432 populum

477 1434 825 1505 congregari,
858 1443 911 1488 et
937 1433 1017 1490 eis
1043 1435 1117 1489 ad
1150 1433 1300 1489 littus
1324 1437 1497 1488 maris
1527 1449 1834 1488 occurrere.

561 1538 642 1593 Ex
673 1539 923 1609 Registr.
960 1537 1169 1592 Leonis
1204 1536 1298 1605 IV,
1331 1535 1584 1592 Ludovic
1613 1535 1755 1608 imp.

410 1655 524 1725 (23,
557 1671 613 1725 q.
644 1655 700 1719 8,
734 1671 784 1709 ο.
822 1654 1025 1724 Igitur,
1054 1653 1226 1725 cum.)
1261 1652 1463 1724 Igitur,
1495 1669 1626 1707 cum
1670 1668 1821 1724 saepe
1879 1652 1981 1706 ad-

339 1759 510 1801 versa
540 1742 882 1815 perveniant
911 1760 946 1798 a
984 1743 1438 1798 Sarracenorum
1457 1741 1727 1813 partibus
1760 1740 1990 1814 nuntia,

342 1833 584 1905 quidam
617 1833 675 1888 in
711 1833 1036 1888 Romanum
1072 1837 1305 1903 portum
1326 1832 1678 1886 Sarracenos
1701 1831 1850 1886 clam
1877 1831 1992 1886 fur-

341 1922 567 1992 timque
595 1921 865 1976 dicebant
895 1935 1024 1975 esse
1053 1925 1348 1975 venturos.
1384 1919 1488 1974 Pro
1538 1936 1653 1990 quo
1720 1925 1987 1975 nostrum

345 2009 686 2081 congregari
735 2009 1108 2080 praacipimus
1169 2008 1472 2080 populum,
1505 2009 1988 2081 maritimumque

344 2099 415 2154 ad
451 2098 616 2152 littus
649 2099 996 2154 descendere
1028 2097 1410 2166 decrevimus,
1443 2102 1498 2152 et
1528 2097 1746 2169 egressi
1780 2114 1988 2154 sumus

347 2189 543 2242 Roma.

344 2303 480 2360 CAP.
515 2302 755 2359 XXVIII.
791 2303 942 2360 Ultor
979 2303 1068 2357 sui
1120 2302 1303 2371 gregis
1359 2319 1504 2373 papa
1558 2302 1714 2358 debet
1765 2318 1878 2359 esse
1924 2319 1989 2358 ac

863 2377 1181 2447 prwcipuus
1215 2375 1465 2446 adjutor.

789 2464 901 2518 Leo
933 2463 1003 2519 IV
1038 2463 1303 2519 Ludovic.
1338 2463 1545 2535 imper.

417 2581 528 2652 (‘23,
564 2598 620 2654 q.
651 2584 704 2651 8,
733 2597 782 2636 c.
816 2581 968 2636 Scire
997 2582 1130 2652 vos.)
1187 2581 1344 2637 Scire
1395 2597 1496 2636 vos
1553 2584 1780 2651 Oportet
1831 2581 1983 2652 quod

349 2687 654 2742 nunquam
686 2671 757 2726 ab
790 2669 1086 2741 aliquibus
1119 2674 1352 2725 nostros
1412 2669 1679 2725 homines
1737 2669 1988 2726 sinimus

347 2759 620 2834 opprimi,
655 2760 780 2824 sed.
813 2761 862 2815 si
917 2759 1239 2814 necessitas
1288 2758 1409 2814 ulla
1465 2758 1802 2824 occurrerit,
1846 2774 1991 2829 prae-

341 2847 644 2906 sentialier
673 2848 1065 2915 vindicamus,
1104 2849 1239 2920 quia
1273 2848 1457 2903 nostri
1492 2847 1684 2920 gregis
1742 2846 1801 2902 in
1859 2863 1987 2902 om-

342 2939 520 2994 nibus
555 2937 773 2993 ultores
803 2953 935 2993 esse
964 2938 1246 2993 debemus
1277 2943 1331 2992 et
1359 2936 1630 3009 precipui
1663 2937 1983 3007 adjutores.

337 3055 472 3109 CAP.
503 3054 696 3110 XXIX.
729 3053 946 3110 Iudaeos
968 3069 1077 3108 non
1101 3053 1354 3108 debemus
1384 3053 1656 3124 persequi.
1712 3055 1806 3108 sed
1845 3051 1984 3106 Sar-
2015 3073 2058 3141 α

1036 3141 1259 3178 ναεεηοδ
1267 3163 1279 3177 ο

681 3211 962 3268 Alexaud.
999 3213 1046 3267 II
1072 3214 1362 3284 episcopis
1392 3213 1632 3284 Hispan.
1735 3229 1738 3232 '

410 3329 520 3396 (23,
553 3345 610 3400 q.
642 3328 697 3397 8,
725 3345 771 3382 e.
812 3327 1052 3400 Dispar.)
1086 3327 1292 3397 Dispar
1325 3329 1597 3384 nimirum
1629 3333 1719 3384 est
1747 3328 1979 3384 Judzeo-

338 3434 466 3472 rum
502 3422 558 3472 et
584 3419 1042 3474 Sarracenorum
1074 3434 1271 3474 causa.
1298 3418 1357 3474 In
1381 3417 1481 3472 illo
1501 3419 1656 3473 enim
1680 3419 1780 3490 qui
1812 3417 1982 3472 Chri-

336 3508 560 3563 stianos
590 3511 1045 3580 persequuntur,
1079 3513 1136 3562 et
1169 3523 1235 3561 ex
1267 3507 1516 3562 urbibus
1539 3512 1594 3562 et
1621 3507 1871 3579 prepriis
1893 3523 1983 3562 se-

335 3595 512 3651 dibus
547 3596 980 3667 pellunt,juste
1013 3601 1329 3668 pugnatur.
1386 3596 1448 3650 Ili
1509 3597 1709 3667 utique
1768 3596 1984 3652 servire

337 3685 524 3756 parati
547 3689 706 3752 sunt,
732 3685 1042 3754 quemdam
1059 3685 1234 3739 etiam
1260 3685 1602 3757 episcopum
1627 3701 1980 3758 synagogam

335 3787 538 3826 eorum
581 3773 879 3827 destruere
911 3771 1195 3828 volentem
1230 3773 1485 3829 cohibui.

338 3901 472 3951 CAP.
507 3896 677 3951 XXX.
712 3896 937 3970 (Sceleste
968 3913 1196 3970 regnum
1243 3914 1276 3950 a
1338 3898 1442 3970 Deo
1499 3898 1852 3970 consequitur
1892 3900 1990 3970 qui

554 3986 660 4040 pro
693 3967 1134 4024 Christianorum
1164 3969 1481 4040 defensione
1510 3967 1771 4024 moritur.

661 4075 933 4131 Nicolaus
967 4092 1100 4148 pap.
1159 4075 1432 4131 exercitui
1469 4080 1667 4132 Franc.

416 4195 535 4263 ('33,
573 4209 628 4264 q.
665 4193 719 4258 8,
751 4209 798 4248 c.
828 4191 1228 4262 Omnitimorc,
1262 4197 1318 4248 et
1356 4209 1413 4264 q.
1474 4194 1529 4260 5,
1589 4209 1640 4250 c.
1677 4193 1987 4262 Omnium.)

349 4282 518 4336 Omni
576 4281 786 4335 timore
818 4297 881 4335 ac
914 4285 1128 4336 terrore
1162 4281 1444 4353 deposito,
1477 4287 1677 4338 contra
1720 4282 1992 4338 inimicos

348 4375 562 4424 sanctae
596 4369 728 4424 fidei
754 4375 811 4424 et
840 4370 1205 4425 adversarios
1236 4371 1500 4425 omnium
1535 4371 1885 4441 religionum
1907 4371 1992 4426 vi-

348 4458 730 4529 rilitergagere
761 4459 1006 4513 studete.
1047 4459 1223 4514 Item:
1259 4459 1363 4514 Ubi
1400 4476 1580 4530 usque
1613 4461 1865 4531 majores
1892 4475 1992 4516 ve-
2025 4443 2071 4508 D

347 4546 453 4601 stri
505 4546 804 4616 publicum
840 4547 1507 4614 moveruntexcrcitum,
1541 4565 1774 4620 semper
1809 4548 1990 4605 victo-

351 4651 441 4688 res
474 4633 740 4701 existere,
775 4635 1055 4706 nullaque
1103 4635 1417 4691 multitudo
1475 4653 1750 4709 superare
1779 4639 1988 4708 potuit.

350 4723 473 4778 Non
506 4721 659 4778 enim
694 4723 1027 4778 audivimus
1057 4729 1119 4778 ut
1143 4723 1460 4795 aliquando
1508 4724 1636 4779 sine
1693 4725 1850 4779 fama
1905 4725 1992 4778 vi-

349 4814 542 4867 ctoria:
577 4813 789 4868 reversi
839 4813 1105 4867 fuissent.
1161 4813 1338 4870 Item:
1398 4813 1676 4868 Omnium
1733 4819 1992 4869 vestrum

350 4919 521 4958 nosse
541 4901 810 4959 volumus
833 4901 1202 4969 cbaritatem,
1221 4903 1494 4972 quoniam
1519 4903 1812 4975 quisquis,
1839 4905 1992 4975 quod

353 5009 464 5047 non
499 4997 768 5064 aptantes
798 4992 1072 5058 dicimus,
1108 4992 1160 5044 in
1197 4992 1304 5047 hoc
1335 4991 1466 5047 belli
1500 4993 1819 5048 certamine
1847 5008 1996 5047 mor-

346 5086 482 5136 tuus
519 5081 763 5135 fideliter
795 5081 986 5145 fuerit,
1022 5097 1198 5152 regna
1232 5081 1314 5134 illi
1347 5081 1605 5136 omlestia
1635 5081 1880 5136 minime
1903 5099 1995 5138 ne-

347 5171 664 5239 gabuntur.
699 5170 866 5223 Novit
898 5171 1051 5224 enim
1089 5170 1472 5239 Omnipotens
1505 5170 1548 5223 si
1603 5169 1847 5240 quilibet
1901 5188 1994 5226 ve-

351 5265 537 5313 strum
567 5261 871 5326 morietur,
918 5261 1068 5330 quod
1118 5276 1217 5329 pro
1273 5257 1517 5312 veritate
1578 5259 1708 5313 Iidei
1769 5264 1823 5314 et
1881 5259 1997 5314 sal-

350 5347 584 5402 vatione
615 5347 812 5418 patriae
848 5364 912 5403 ac
945 5348 1278 5403 defensione
1307 5345 1772 5402 Christianorum
1841 5365 1998 5404 mor-

352 5441 494 5489 tuus
525 5438 631 5490 est.
663 5436 794 5491 Ideo
826 5437 896 5491 ab
925 5453 990 5491 eo
1023 5437 1422 5507 praestolatum
1460 5438 1761 5505 praemium
1794 5453 1997 5493 conse-

352 5527 586 5594 quetur.

1407 205 1476 257 D.
1517 201 1757 257 IVONIB
1792 200 2292 257 CABNOTENSIS
2328 205 2647 262 EPISCOPI

329 329 583 386 cultrum
615 339 817 400 rapere
874 342 1054 398 puero
1113 342 1183 382 ne
1241 323 1444 380 audiat
1500 323 1851 396 plorantem,
1912 326 1970 380 et
1997 325 2048 393 Α
2081 327 2210 381 CAP.
2243 328 2447 401 XXXI.
2488 329 2782 385 Adrianus
2801 345 2951 401 papa
2989 329 3176 384 Bavar
3205 343 3368 384 orum
3427 326 3682 401 ducem
3731 342 3814 401 ex-

2153 400 2538 472 communicat,
2567 401 2682 456 nisi
2701 396 3093 472 juranientum
3120 407 3292 456 servet
3352 398 3524 471 quod
3583 396 3810 466 Pipino

2017 1702 2066 1767 B

2153 471 2439 542 prestitit.

2583 562 2660 617 Ex
2691 560 2979 617 Chronica
3028 562 3229 617 Franc.

2155 677 2448 734 Adrianus
2481 695 2650 751 papa,
2685 679 2742 734 in
2775 678 2867 733 die
2897 682 3100 734 sancto
3149 676 3408 742 Pascbae,
3475 678 3803 747 prasente

2085 763 2290 822 Carolo
2322 768 2675 840 imperatore
2710 768 3227 824 anatbematizavit
3255 767 3662 822 Tarmonem
3699 764 3804 816 du-

2093 1399 2310 1450 essent.

2097 1509 2229 1565 ΟΑΡ.
2266 1510 2482 1566 XXXII.
2518 1511 2722 1566 Contra
2777 1507 3157 1577 Langobardos
3209 1507 3474 1579 precibus
3537 1505 3788 1560 Adriani

2439 1597 2620 1654 papze,
2657 1582 2882 1639 Carolus
2907 1580 3113 1637 bellum
3143 1581 3400 1650 suscepit.

2343 1672 2424 1726 Ex
2456 1673 2610 1726 Gest.
2643 1671 2831 1726 Carul.
2863 1671 3051 1740 Magn.
3078 1669 3230 1738 juxt.
3263 1668 3509 1723 Alcuin.

2171 1760 2282 1831 (22,
2315 1777 2371 1831 q.
2396 1760 2450 1828 8,
2483 1776 2532 1815 c.
2564 1759 2836 1829 Hortatu.)
2868 1759 3108 1814 Hortatu
3143 1761 3200 1813 et
3229 1756 3513 1829 precibus
3565 1753 3781 1809 Adria-

2099 1847 2159 1902 ni
2191 1864 2351 1920 papa:
2385 1849 2660 1903 Romana?
2692 1847 2857 1903 urbis
2903 1846 3161 1919 episcopi
3201 1845 3564 1900 exhortatus
3600 1845 3786 1900 Caro-

2096 1935 2192 1992 lus
2221 1953 2340 2002 rex,
2373 1937 2591 1992 bellum
2625 1940 2826 1992 contra
2853 1935 3265 2008 Longobardos
3288 1935 3589 2004 suscepit.
3617 1932 3781 1996 Quod

2097 2025 2262 2098 prius
2277 2025 2514 2098 quidem
2537 2030 2595 2081 et
2611 2042 2645 2081 a
2666 2030 2830 2098 patre
2851 2026 3000 2095 ejus,
3026 2041 3176 2096 papa
3199 2022 3615 2095 supplicante,
3643 2038 3779 2076 cum

2095 2131 2311 2188 magna
2341 2115 2687 2171 difficultate
2718 2118 3057 2186 susceptum
3090 2117 3202 2169 est.

2095 2231 2228 2288 CAP.
2314 2232 2565 2287 XXXIII.
2633 2233 2804 2286 Furta
2882 2239 2931 2284 et

2758 2301 3085 2358 cohibenda.

2446 2402 2774 2475 Cyprianus
2802 2401 2860 2456 in
2894 2417 3027 2456 nov.
3062 2417 3196 2472 gen.
3229 2400 3399 2455 abus.

2168 2493 2281 2563 (23,
2313 2509 2364 2564 q.
2407 2493 2462 2560 5,
2518 2509 2568 2548 c.
2627 2493 2788 2560 Rex.)
2837 2492 2955 2546 Rex
3011 2491 3184 2545 debet
3233 2489 3391 2544 furta
3450 2488 3767 2556 cohibere,

2095 2581 2382 2640 adulteria
2409 2581 2638 2654 punire,
2668 2580 2880 2652 impios
2906 2580 2976 2636 de
3009 2585 3165 2636 terra
3213 2580 3476 2650 perdere,
3516 2578 3770 2649 parrici-

2095 2673 2200 2729 das
2231 2677 2289 2727 et
2319 2673 2582 2744 perjuros
2616 2687 2729 2725 non
2763 2669 2956 2725 sinere
2985 2669 3196 2733 vivere,
3230 2667 3382 2722 filios
3433 2683 3584 2721 suos
3650 2684 3766 2720 non

2095 2763 2288 2818 sinere
2321 2760 2499 2832 impie
2533 2776 2722 2832 agere.

2093 2879 2228 2936 CAP.
2263 2877 2496 2935 XXXIV.
2527 2878 2752 2934 Iustitia
2778 2878 2974 2948 plenus
3019 2877 3099 2948 est
3127 2874 3223 2945 qui
3259 2875 3506 2946 patriam
3572 2880 3768 2928 tuetur

2753 2946 2787 3002 ά
2818 2946 3092 3002 barbaris.

2529 3036 2900 3101 Ambrosius,
2932 3037 3006 3090 De
3042 3035 3186 3106 ofﬁc.
3220 3033 3321 3089 1.1.

2168 3129 2280 3202 (23,
2314 3145 2372 3199 q.
2415 3128 2467 3194 3,
2529 3143 2579 3181 c.
2640 3124 2968 3196 Fortitudo.)
3022 3123 3344 3187 Fortitudo,
3401 3138 3531 3193 qum
3592 3123 3687 3175 vel
3735 3140 3762 3174 ιι

2090 3219 2358 3277 barbaris
2388 3216 2443 3272 in
2473 3215 2624 3271 bello
2655 3214 2929 3286 patriam,
2958 3213 3047 3268 vel
3079 3212 3237 3268 domi
3267 3211 3533 3267 defendit
3592 3211 3760 3266 infir-

2089 3325 2236 3375 mos,
2272 3305 2356 3362 vel
2390 3324 2420 3362 a
2447 3304 2777 3360 latronibus
2809 3303 3020 3369 socios,
3058 3301 3229 3374 plena
3251 3301 3500 3371 justitiie
3533 3305 3650 3356 est.

2090 3420 2218 3477 CAP.
2251 3419 2481 3475 XXXV.
2513 3421 2632 3473 Non
2663 3427 2745 3473 est
2776 3434 2898 3473 reus
2928 3416 3273 3471 hommicidii
3329 3417 3426 3488 qui
3481 3419 3753 3488 potestati

2515 3489 2766 3546 obediens
2785 3490 3063 3544 hominem
3093 3488 3313 3544 occidit.

2517 3581 2764 3651 August.
2787 3581 2861 3633 De
2877 3578 3031 3634 civil.
3058 3579 3170 3644 Dei,
3204 3576 3244 3633 l.
3273 3594 3312 3632 ι.

2167 3697 2282 3769 (23,
2314 3713 2370 3768 q.
2403 3697 2460 3765 5,
2489 3712 2538 3753 ο.
2575 3695 2782 3767 Miles.)
2817 3694 2986 3750 Miles
3018 3711 3150 3749 cum
3180 3692 3460 3749 obediens
3482 3693 3759 3763 potestati

2100 3782 2208 3839 sub
2242 3800 2360 3856 qua
2387 3782 2649 3855 legitime
2679 3781 3036 3838 constitutus
3068 3786 3178 3847 est,
3237 3779 3538 3835 hominem
3600 3779 3757 3834 occi-

2101 3871 2273 3938 derit,
2307 3871 2470 3927 nulla
2501 3871 2754 3926 civitatis
2787 3888 2904 3926 sua:
2939 3869 3085 3941 lcge,
3121 3886 3256 3924 reus
3285 3874 3374 3924 est
3429 3868 3759 3937 homicidii,

2097 3961 2238 4030 imo,
2267 3959 2379 4015 nisi
2411 3959 2630 4025 fecerit,
2665 3974 2800 4014 reus
2831 3957 3060 4029 imperii
3103 3956 3316 4012 deserti
3373 3962 3553 4028 atque
3612 3973 3748 4010 con-

2099 4049 2304 4121 tempti
2333 4053 2441 4104 est.
2475 4049 2634 4112 Quod
2669 4047 2718 4102 si
2750 4065 2858 4102 sua
2907 4050 3113 4118 sponte
3172 4051 3350 4117 atque
3402 4046 3753 4100 auctoritate

2101 4137 2354 4205 fecisset,
2382 4137 2601 4192 crimen
2629 4136 2796 4192 etl'usi
2830 4133 3072 4190 humani
3096 4132 3404 4205 sanguinis
3431 4132 3754 4188 incidisset.

2101 4229 2321 4298 Itaque,
2352 4225 2505 4281 unde
2537 4224 2796 4296 punitur,
2829 4224 2876 4278 si
2905 4222 3406 4293 feceritinjussus,
3431 4220 3568 4275 inde
3594 4221 3757 4292 puni-

2103 4321 2286 4380 retur,
2319 4315 2431 4370 nisi
2468 4314 2914 4384 fcccritjussus.
2948 4311 3110 4375 Quod
3144 4311 3194 4366 si
3237 4311 3316 4365 ita
3366 4315 3455 4366 est
3503 4309 3752 4380 jubente

2101 4405 2473 4477 imperatore,
2508 4407 2729 4474 quanto
2757 4401 2945 4473 magis
2977 4401 3306 4472 imperante
3338 4400 3628 4455 Creatore.
3651 4399 3752 4462 Qui

2100 4511 2236 4567 ergo
2270 4494 2436 4549 audit
2467 4510 2579 4548 non
2633 4490 2804 4546 licere
2861 4489 3209 4558 occiderese,
3242 4488 3439 4553 faciat,
3479 4488 3526 4544 si
3575 4488 3757 4559 jussit

2102 4599 2273 4654 cujus
2304 4598 2416 4637 non
2449 4580 2778 4651 licetjussa
2798 4583 3210 4634 comtemnere.

2547 4700 2682 4751 CAP.
2716 4695 2962 4752 XXXVI.
3004 4695 3077 4750 De
3099 4695 3305 4750 eodem.

2475 4793 2746 4865 Pelagius
2778 4791 3018 4864 patricio
3047 4789 3381 4846 Valeriano.

2175 4911 2300 4966 Non
2349 4909 2724 4981 persequitur
2782 4907 2892 4962 nisi
2927 4906 3027 4978 qui
3061 4907 3129 4960 ad
3166 4905 3382 4960 malum
3443 4905 3622 4976 cogit.
3652 4905 3755 4968 Qui

2105 5016 2239 5055 vero
2267 4998 2354 5054 vel
2387 4999 2604 5054 factum
2642 4997 2810 5067 punit
2848 4995 2935 5050 vel
2999 4993 3266 5065 prohibet
3323 5010 3394 5048 ne
3455 4993 3579 5058 fiat,
3642 5011 3753 5048 non

2104 5088 2473 5161 persequitur
2503 5088 2633 5156 iste,
2667 5086 2764 5140 sed
2799 5084 3008 5156 diligit.
3043 5083 3186 5138 Nam
3221 5081 3306 5136 uti
3355 5081 3599 5152 quidam
3654 5100 3757 5154 pu-

2104 5181 2256 5244 tant,
2289 5177 2336 5232 si
2372 5193 2542 5231 nemo
2568 5180 2668 5229 aut
2699 5173 3108 5245 reprimendus
3135 5188 3167 5224 a
3189 5171 3368 5228 malo.
3419 5187 3522 5225 nec
3584 5178 3760 5226 retra-

2106 5265 2339 5320 hendus
2369 5266 2436 5318 ad
2473 5265 2689 5318 bonum
2723 5267 2833 5324 est,
2865 5261 3180 5323 humanas,
3214 5274 3278 5312 ac
3320 5257 3542 5312 divinas
3605 5258 3758 5329 leges

2108 5369 2348 5408 necesse
2377 5357 2465 5406 est
2495 5350 2784 5413 evacuari,
2811 5367 2938 5422 qum
2974 5353 3032 5402 et
3088 5347 3262 5401 malis
3319 5363 3577 5417 pmnam.
3613 5366 3756 5419 prie-

2110 5440 2434 5510 miajustis
2464 5440 2852 5494 constituunt.
2887 5437 3103 5492 Malum
3136 5439 3331 5490 autem
3375 5433 3642 5491 scbisma
3672 5444 3756 5491 est

2108 5528 2286 5585 etiam
2320 5545 2422 5601 per
2449 5533 2676 5584 exteras
2705 5529 3023 5599 potestates
3054 5523 3529 5596 opprimendum.

3675 179 3841 254 1312.1

3013 2231 3249 2284 crimina
3303 2245 3337 2283 α
3416 2244 3556 2298 rcge
3642 2233 3772 2282 sunt
3879 2214 3881 2244 ¹
