3986 6048
222 257 359 312 1313

1484 258 1884 313 ΡΔΝΟΒΜΙΔ.
1927 288 1994 297 -
2032 260 2166 313 LIB.
2208 262 2357 315 VIII.

3490 270 3627 325 1314

217 383 350 437 CAP.
386 381 661 461 XXXVII.
681 383 1022 461 _1_Vecess_ztatc
1053 382 1594 461 instantecl‘zam‘in
1624 382 1865 455 quadrae
1897 388 1950 454 Α
1984 388 2273 457 cerentur,
2307 389 2370 441 ut
2399 385 2718 457 abjieerent
2740 406 2921 458 arma,
2947 405 3124 461 seque
3148 391 3371 449 militiae
3392 396 3628 451 omnino

464 453 817 525 gesimalibus
836 453 1025 508 diebus
1057 453 1265 508 bellum
1297 454 1441 508 inire
1470 452 1616 509 licet.

492 541 767 597 Nicolaus
798 559 932 613 pap.
967 542 1037 596 ad
1067 541 1301 613 Bulgar.
1334 541 1590 597 consult.

291 632 403 703 (25,
432 647 487 702 q.
517 632 571 697 8,
606 647 655 686 c.
699 630 761 686 Si
788 630 993 703 nulla.)
1024 631 1083 686 Si
1117 630 1279 686 nulla
1310 636 1480 702 urget
1527 631 1873 697 necessitas,

221 738 336 776 non
366 720 559 776 solum
593 718 1111 791 quadragesimali,
1148 720 1249 775 sed
1281 720 1443 774 omni
1492 724 1755 791 tempore
1785 724 1876 776 est

221 828 253 864 a
287 809 498 880 preliis
529 807 968 863 abstinendum.
1000 809 1056 863 Si
1087 813 1283 863 autem
1316 808 1667 864 inevitabilis
1708 813 1877 881 urget

220 898 647 970 opportunitas,
682 913 787 951 nec
818 896 1317 968 quadragesimali
1353 901 1613 969 tempore
1634 913 1736 967 pro
1773 897 1875 952 de-

224 986 483 1042 fensione
512 990 631 1040 tam
660 1002 768 1040 sua
789 1002 968 1056 quam
994 985 1213 1057 patriae,
1248 1002 1349 1040 seu
1384 984 1580 1057 legum
1614 990 1878 1056 paterna-

222 1094 375 1147 rum,
410 1075 690 1131 bellorum
726 1074 926 1146 procul
958 1075 1137 1129 dubio
1170 1074 1584 1146 praeparationi
1615 1080 1704 1131 est
1744 1092 1876 1146 par-

225 1166 496 1231 cendum,
533 1180 603 1219 ne
633 1163 903 1218 videlicet
934 1163 1118 1219 Deum
1141 1164 1408 1219 videatur
1429 1163 1605 1220 homo
1628 1169 1876 1232 tentare,

226 1256 273 1310 si
308 1255 482 1310 habet
511 1253 666 1324 quod
702 1252 894 1323 faciat,
929 1257 982 1308 et
1016 1269 1139 1308 suae
1168 1269 1234 1307 ac
1267 1251 1500 1308 illorum
1531 1253 1707 1309 saluti
1739 1269 1877 1309 con-

227 1344 419 1400 sulere
442 1360 553 1398 non
578 1347 871 1414 procurat,
896 1347 953 1397 et
972 1346 1187 1397 sanctas
1205 1341 1504 1414 religionis
1529 1344 1879 1399 detrimenta

229 1451 341 1488 non
374 1436 678 1504 praecavet.

220 1536 352 1588 CAP.
386 1530 683 1586 XXXVIII.
734 1530 851 1585 Non
896 1529 1210 1671 pectcatﬁqiii
1258 1545 1327 1586 ex
1373 1532 1554 1602 ofﬁcio
1598 1539 1881 1588 nocentem

921 1619 978 1655 ιη
1011 1618 1070 1655 er
1112 1618 1162 1657 ει
1192 1645 1203 1657 .

921 1618 1203 1657 znternt‘u.

567 1694 815 1762 August.
849 1690 921 1745 De
953 1691 1113 1745 liber.
1145 1690 1370 1760 arbitr.,
1406 1690 1445 1745 ι.
1481 1708 1518 1745 ι.

298 1780 407 1850 (23,
442 1795 499 1850 q.
529 1777 583 1844 5,
617 1759 766 1832 οἶδέ
796 1777 1213 1848 homicidium.)
1262 1777 1321 1832 Si
1368 1776 1754 1833 homicidium
1796 1783 1882 1835 est
1912 1759 1958 1823 B

226 1868 529 1923 hominem
561 1867 847 1937 occidere,
885 1872 1074 1937 potest
1105 1865 1421 1938 aliquando
1454 1868 1715 1924 occidere
1754 1869 1882 1923 sine

226 1960 480 2029 peccato.
512 1960 654 2011 Nam
687 1960 744 2011 et
775 1954 943 2011 miles
996 1955 1247 2023 hostem,
1292 1956 1478 2029 judex
1526 1962 1583 2010 et
1615 1956 1883 2011 minister

226 2046 356 2115 ejus
388 2048 716 2109 nocentem,
741 2049 797 2099 et
826 2044 918 2099 cui
946 2044 1091 2099 lo:te
1115 2043 1293 2099 invito
1317 2048 1494 2115 atque
1521 2044 1880 2115 imprudenti

226 2133 410 2189 telum
442 2150 618 2189 manu
652 2132 887 2205 fugerit,
922 2149 1037 2187 non
1070 2131 1709 2205 mihivideturpeccare
1744 2150 1878 2190 cum

225 2223 525 2278 hominem
557 2223 851 2278 occidunt.
882 2221 1082 2292 Neque
1105 2222 1413 2288 assentior,
1450 2222 1549 2277 sed
1573 2221 1878 2278 homicidae

224 2311 325 2366 isti
360 2311 641 2383 appellari
674 2328 788 2367 non
823 2310 1033 2366 solent.
1068 2314 1211 2366 Item
1244 2310 1418 2365 militi
1460 2312 1705 2381 jubetur
1753 2311 1880 2383 lege

220 2407 284 2456 ut
316 2401 542 2457 hostem
576 2405 763 2456 necet.
806 2407 850 2454 A
886 2417 1000 2471 qua
1040 2399 1089 2455 si
1122 2416 1183 2455 se
1234 2400 1616 2466 excusaverit,
1668 2400 1738 2456 ab
1771 2401 1877 2455 im-

215 2496 483 2562 peratore
510 2507 599 2563 pce
618 2507 726 2545 nas
746 2489 875 2544 luit.
901 2490 1104 2544 Nonne
1133 2488 1279 2544 istas
1310 2489 1466 2560 leges
1496 2489 1749 2559 injustas
1778 2493 1879 2545 aut

220 2580 421 2651 potius
452 2579 647 2635 nullas
679 2578 868 2634 dicere
899 2578 1435 2633 audebimus?Nam
1460 2578 1607 2632 mihi
1638 2578 1728 2634 lex
1749 2595 1879 2635 esse

207 2687 324 2743 non
356 2668 585 2724 videtur
625 2685 752 2741 quae
775 2668 945 2738 justa
978 2684 1093 2722 non
1129 2667 1325 2722 fuerit.

211 2768 346 2822 CAP.
371 2766 613 2822 XXXIX.
672 2764 965 2822 Homicida
1014 2774 1091 2820 est
1141 2766 1242 2835 qui
1289 2773 1478 2835 sponte
1507 2766 1709 2821 occidit
1742 2782 1877 2837 quos

761 2838 932 2907 judex
953 2837 1109 2908 jubet
1131 2837 1329 2891 occidi.

546 2928 794 2998 August.
830 2927 1013 2993 Quaest
1044 2927 1102 2980 in
1134 2926 1333 2993 Exod,
1366 2942 1415 2980 c.
1446 2927 1535 2980 27.

287 3016 399 3088 ('25.
436 3032 495 3086 q.
531 3016 587 3085 5,
621 3032 670 3070 c.
705 3014 841 3069 Cum
889 3016 1165 3070 minister.
1200 3014 1344 3069 Cum
1399 3014 1672 3070 minister
1715 3016 1875 3088 judi-

215 3103 299 3159 cis
324 3103 601 3159 occiderit
632 3120 767 3159 eum
800 3119 974 3175 quem
999 3103 1179 3197 judex
1205 3104 1305 3197 vel
1342 3103 1431 3197 lex
1454 3104 1639 3175 jussit
1667 3105 1871 3161 occidi.
1903 3129 1946 3197 ο

214 3193 473 3264 profecto
507 3193 553 3248 si
587 3193 642 3247 id
676 3197 886 3265 sponte
918 3192 1112 3260 faciat,
1147 3192 1447 3248 homicida
1477 3198 1586 3261 est,
1619 3194 1792 3250 etiam
1823 3193 1873 3249 si

213 3299 343 3337 eum
376 3282 633 3352 occidat,
665 3300 839 3354 quem
874 3282 984 3338 scit
1035 3299 1067 3337 a
1092 3282 1294 3354 judice
1343 3283 1529 3339 occidi
1575 3284 1869 3342 debuisse.

318 3392 452 3447 CAP.
487 3392 607 3447 XL.
636 3394 780 3447 Bono
812 3391 1000 3472 animo
1030 3391 1218 3516 piﬁcia
1247 3391 1512 3449 vindicta:
1532 3403 1765 3462 possunt

910 3481 1025 3516 imo
1053 3480 1155 3516 eri.

910 3480 1155 3533 impleri.

533 3555 783 3622 August.
816 3551 1011 3617 Quwst.
1050 3552 1107 3604 in
1140 3550 1352 3621 Matth.,
1384 3549 1423 3605 l.
1466 3566 1550 3604 IlI.

278 3640 391 3711 (2.5,
427 3656 485 3710 q.
528 3640 585 3703 5,
638 3655 688 3693 c.
752 3638 948 3709 Ofﬁcia
994 3638 1278 3695 vindictz.
1340 3637 1546 3693 Officia
1601 3638 1868 3695 vindietm

210 3734 460 3800 possunt
492 3726 744 3799 implere
773 3726 922 3783 bono
971 3727 1191 3795 animo,
1240 3743 1354 3799 quo
1386 3728 1558 3782 modo
1596 3726 1707 3794 lex,
1753 3745 1869 3799 quo

212 3818 608 3889 modojudex.

715 3910 850 3963 CAP.
886 3906 1027 3960 XLI.
1050 3907 1122 3961 De
1152 3905 1355 3961 eodem.

536 3997 775 4066 August.
812 3994 1025 4057 Quaest.
1059 3994 1119 4049 in
1146 3994 1344 4061 Levit.,
1372 4010 1420 4049 e.
1452 3996 1541 4050 71.

282 4088 425 4139 Cum
450 4084 621 4139 homo
654 4083 761 4139 iste
784 4083 1094 4151 occiditur,
1120 4083 1212 4137 lex
1243 4098 1374 4136 eum
1396 4082 1629 4153 occidit,
1648 4100 1762 4139 non
1777 4088 1861 4138 tu.

210 4186 344 4240 CAP.
370 4183 547 4238 XLII.
610 4184 883 4251 Praecepta
935 4183 1227 4251 patientiae
1280 4182 1480 4236 virtute
1526 4181 1709 4237 animi
1754 4198 1864 4238 non

468 4253 839 4309 ostentatione
868 4252 1112 4323 corporis
1145 4251 1414 4307 servanda
1442 4259 1594 4309 sunt.

600 4342 966 4412 Augustinus
997 4342 1066 4396 ad
1103 4340 1468 4396 Marcellum.

276 4433 386 4504 (23,
422 4449 475 4502 q.
506 4434 557 4502 1,
591 4448 641 4487 e.
686 4433 941 4486 Paratus.
976 4430 1003 4503 ς
1040 4430 1424 4499 Corripiendo.
1459 4432 1477 4502 )
1524 4430 1583 4486 Si
1630 4436 1862 4488 terrena

206 4523 320 4577 ista
351 4520 681 4592 respublica
714 4525 1004 4592 pracepta
1056 4520 1387 4575 Christiana
1434 4520 1750 4588 custodiat,
1808 4524 1864 4576 et
1892 4504 1939 4569 Π

204 4611 335 4682 ipsa
364 4610 520 4665 bella
549 4610 675 4666 sine
706 4608 1109 4664 benevolentia
1141 4625 1254 4664 non
1304 4612 1602 4681 gerentur,
1655 4610 1753 4667 sed
1789 4610 1861 4665 ad

204 4700 442 4773 pietatis
466 4699 713 4771 justitice
748 4703 1013 4770 pacatam
1046 4698 1380 4754 societatem
1422 4698 1591 4754 victis
1631 4699 1862 4756 facilius

205 4789 568 4845 consulatur.
604 4793 776 4856 Nam,
808 4789 903 4843 cui
934 4788 1171 4843 licentia
1222 4786 1555 4857 iniquitatis
1595 4787 1860 4860 eripitur,

206 4878 411 4934 utilius
442 4878 714 4947 vincitur,
750 4877 1030 4949 quoniam
1064 4875 1212 4932 nihil
1238 4879 1327 4932 est
1357 4875 1649 4932 infelicius
1679 4877 1862 4933 felici-

205 4970 326 5022 tate
359 4967 749 5039 peccantium,
777 4983 894 5039 qua
939 4966 1185 5038 pcsnalis
1230 4965 1489 5021 nutritur
1535 4965 1862 5039 impunitas

206 5060 265 5111 et
294 5055 450 5112 mala
501 5055 794 5127 voluntas,
827 5056 985 5112 velut
1016 5056 1203 5113 hostis
1234 5055 1480 5112 interior
1526 5056 1860 5112 roboratur.

204 5145 391 5199 Item:
444 5145 896 5201 Misericorditer
943 5144 1122 5213 enim,
1171 5145 1223 5201 si
1256 5144 1380 5200 ﬁeri
1435 5148 1653 5216 posset,
1686 5145 1863 5201 etiam

204 5232 357 5290 bella
390 5238 666 5304 gerentur
692 5252 724 5289 a
756 5234 949 5301 bonis,
981 5239 1046 5289 ut
1073 5233 1401 5290 licentiosis
1433 5234 1862 5306 cupiditatibus

205 5324 447 5381 domitis
482 5325 602 5380 haec
652 5325 794 5381 vitia
836 5327 1238 5396 perderentur,
1272 5326 1583 5396 quaejusto
1614 5326 1863 5397 imperio

202 5418 289 5471 vel
320 5414 652 5486 exstirpari,
678 5415 762 5472 vel
786 5416 977 5487 puniri
1004 5416 1273 5470 debuero.
1291 5415 1435 5469 Nam
1462 5415 1510 5469 si
1532 5414 1865 5472 Christiana

204 5503 519 5575 disciplina
550 5504 747 5559 omnia
781 5504 935 5559 bella
964 5503 1246 5575 culparet,
1280 5502 1402 5558 haec
1431 5502 1625 5573 potius
1659 5503 1862 5560 militi-

208 5597 319 5652 bus
352 5593 662 5652 censilium
696 5593 905 5650 salutis
956 5592 1288 5665 petentibus
1320 5591 1379 5647 in
1420 5592 1731 5665 Evangelia
1772 5594 1861 5650 di-

1983 473 2415 530 subtraherent.
2448 476 2679 532 Dictum
2714 481 2803 533 est
2832 483 3024 535 autem
3040 480 3124 536 eis
3149 498 3161 536 :
3186 482 3473 538 Neminem
3498 500 3631 539 con-

1982 563 2280 629 cusseritis,
2300 565 2448 619 nulli
2492 566 2835 621 calumniam
2881 568 3141 637 feceritis.
3193 572 3446 642 Sufﬁciat
3482 573 3633 629 vobis

1983 653 2318 722 stipendium
2350 663 2587 709 vestrum
2618 656 2770 726 (Luc.
2806 660 2911 725 ιιι).
2949 657 3168 722 Quibus
3200 661 3502 732 proprium
3529 662 3632 718 sti-

1985 740 2266 810 pendium
2298 742 2567 799 suflieere
2598 744 2809 800 debere
2840 746 3136 818 praecepit,
3156 747 3405 805 militare
3435 750 3636 822 utique

1986 846 2103 885 non
2137 830 2463 901 prohibuit.

2457 922 2591 978 CAP.
2624 925 2824 979 XLIII.
2857 926 2932 980 De
2958 925 3163 981 eodem.

2370 1015 2617 1082 August.
2652 1014 2724 1067 ad
2758 1012 3010 1068 Bonifae.
3041 1015 3242 1071 comit.

2056 1098 2168 1170 (33,
2202 1115 2258 1170 q.
2290 1100 2345 1169 5,
2381 1116 2429 1155 c.
2486 1100 2712 1171 Ofﬁcia,
2756 1103 3051 1173 vindicta.)
3098 1104 3268 1159 Gravi
3311 1105 3381 1161 de
3438 1122 3637 1179 pugna

1988 1204 2352 1261 conquerens
2384 1189 2617 1246 dubites
2669 1191 2824 1260 nolo,
2858 1191 2999 1245 utile
3047 1192 3154 1247 tibi
3205 1193 3442 1266 tuisque
3488 1196 3637 1252 dabo

1990 1275 2329 1333 consilium.
2397 1277 2602 1349 Arripe
2654 1277 2928 1333 manibus
2986 1295 3173 1345 arma,
3233 1281 3419 1336 oratio
3469 1298 3640 1338 aures

1988 1364 2180 1436 pulset
2211 1365 2487 1431 auctoris,
2518 1365 2679 1436 quia,
2711 1368 2940 1435 quando
2964 1371 3279 1438 pugnatur,
3304 1368 3456 1424 Deus
3480 1386 3643 1442 aper-

1988 1454 2064 1509 tis
2095 1452 2255 1509 eeelis
2285 1458 2530 1525 spectat,
2567 1459 2624 1510 et
2651 1459 2877 1527 partem
2911 1472 3086 1528 quam
3118 1456 3360 1530 inspicit
3390 1459 3636 1529 justam,

1989 1541 2070 1599 ibi
2101 1543 2201 1599 dat
2229 1547 2286 1598 et
2315 1541 2597 1614 palmam.

2113 1646 2243 1699 CAP.
2279 1641 2469 1698 XLIV.
2505 1643 2711 1711 Quibus
2730 1642 2943 1699 dicatur
2969 1643 3222 1713 gladium
3251 1644 3513 1718 accipere.

2556 1733 2833 1804 August,
2864 1732 2903 1788 l.
2936 1750 3000 1803 ιι,
3034 1750 3086 1789 c.
3116 1737 3171 1791 2.

2059 1822 2172 1891 (25,
2196 1838 2253 1893 q.
2286 1824 2339 1890 4,
2374 1840 2424 1879 c.
2455 1824 2554 1879 Ille
2591 1823 2883 1894 gladium.)
2915 1824 3022 1887 Qui
3044 1823 3243 1895 gladio
3280 1842 3423 1881 usus
3466 1824 3642 1881 fuerit

1988 1912 2184 1983 gladio
2212 1914 2400 1969 cadet.
2436 1912 2538 1969 Ille
2586 1918 2784 1970 autem
2837 1913 3025 1969 utitur
3075 1914 3272 1986 gladio
3305 1914 3426 1986 qui,
3478 1914 3640 1971 nulla

1989 2000 2289 2071 superiore
2322 2017 2387 2056 ac
2418 2000 2682 2073 legitima
2711 2005 3019 2073 potestate,
3050 2001 3139 2058 vel
3164 2003 3408 2073 jubente
3438 2004 3525 2060 vel
3548 2020 3639 2059 eo-

1988 2094 2180 2160 gente,
2212 2090 2271 2145 in
2295 2089 2641 2162 sanguinem
2675 2091 2928 2164 alicujus
2956 2096 3241 2149 armatur.

1986 2197 2120 2253 CAP.
2149 2196 2308 2252 XLV.
2344 2199 2481 2266 Qum
2525 2206 2654 2254 sunt
2698 2200 2759 2254 in
2796 2186 2947 2255 bello
2979 2199 3111 2270 jure
3165 2201 3627 2273 reprehendenda.

2559 2290 2800 2361 August.
2834 2305 2902 2345 ex
2932 2291 3059 2345 eod.

2058 2378 2168 2445 (23,
2223 2393 2279 2447 q.
2332 2380 2383 2448 1,
2414 2394 2459 2433 c.
2505 2378 2655 2447 Quod
2700 2379 2982 2450 culpatur,
3044 2382 3071 2447 §
3120 2379 3246 2434 Sive
3292 2381 3452 2447 Deo.)
3506 2380 3634 2435 Sive

1985 2465 2102 2521 Deo
2134 2466 2256 2522 sive
2283 2465 2483 2538 aliquo
2515 2467 2778 2538 legitimo
2805 2466 3048 2538 imperio
3074 2467 3339 2537 jubente,
3374 2467 3524 2524 bella
3544 2484 3638 2540 ge-

1986 2554 2168 2609 renda
2200 2554 2608 2625 suscipiuntur
2654 2572 2689 2610 a
2716 2554 2889 2609 bonis
2936 2571 3067 2610 cum
3100 2554 3160 2610 in
3194 2571 3259 2611 eo
3290 2571 3487 2611 rerum
3528 2555 3637 2611 hu-

1988 2658 2298 2698 manarum
2331 2643 2535 2699 ordine
2566 2643 2972 2712 inveniuntur,
3007 2643 3107 2699 ubi
3139 2660 3238 2700 eos
3269 2644 3384 2700 tale
3414 2643 3636 2716 aliquid

1984 2732 2330 2801 veljubere,
2362 2732 2450 2788 vel
2482 2732 2541 2788 in
2590 2733 2809 2789 talibus
2838 2732 3073 2789 obedire
3122 2733 3262 2788 ordo
3302 2734 3465 2804 juste
3512 2734 3638 2805 ipse

1984 2821 2351 2893 constringit.
2384 2822 2657 2893 Alioquin
2687 2822 2941 2878 Joannes
2963 2838 3098 2877 cum
3147 2822 3219 2877 ad
3270 2838 3404 2877 cum
3428 2822 3634 2894 jbapti-

1983 2909 2241 2981 ptizandi
2271 2911 2487 2967 milites
2510 2910 2774 2965 venirent
2802 2910 3063 2966 dicentes
3090 2928 3102 2966 :
3155 2911 3219 2966 Et
3244 2927 3342 2966 nos
3371 2909 3504 2981 quid
3544 2912 3639 2981 fa-

1983 2999 2207 3067 ciemus,
2264 3002 2679 3072 responderet:
2722 3000 2893 3054 Arma
2938 3000 3182 3071 abjicite,
3242 3000 3509 3057 militiam
3559 3001 3637 3055 is-

1987 3097 2098 3145 tam
2122 3088 2381 3157 deserite,
2409 3088 2686 3144 neminem
2734 3091 3023 3159 percutite,
3072 3090 3405 3160 prosternite
3464 3088 3639 3145 nemi-

1982 3194 2107 3234 nem
2130 3179 2278 3247 (Luc.
2304 3179 2379 3249 3).
2414 3178 2525 3233 Sed
2559 3176 2659 3249 qui
2691 3177 2914 3233 sciebat
2961 3193 3061 3233 eos
3094 3177 3403 3233 militando
3454 3178 3643 3234 facere

1984 3285 2097 3324 non
2131 3283 2260 3323 esse
2312 3267 2663 3335 homicidas,
2710 3266 2811 3321 sed
2845 3266 3155 3323 ministros
3210 3267 3379 3339 legis,
3433 3272 3490 3322 et
3522 3284 3636 3322 non

1982 3358 2201 3413 ultores
2253 3358 2606 3427 injuriarum
2659 3373 2925 3424 suarum,
2988 3357 3087 3411 sed
3131 3356 3339 3411 salutis
3392 3356 3639 3427 publicae

1982 3447 2338 3510 defensores,
2374 3444 2680 3514 respondit
2729 3442 2845 3498 eis:
2904 3444 3190 3499 Neminem
3232 3444 3639 3513 concusseritis,

1978 3532 2191 3589 nemini
2209 3533 2557 3587 calumniam
2586 3531 2854 3603 feceritis,
2874 3532 3116 3603 sufﬁciat
3129 3532 3283 3587 vobis
3297 3533 3636 3603 stipendium

1975 3627 2219 3678 vestrum
2249 3621 2459 3693 (ibid.).
2494 3624 2679 3676 Item:
2732 3620 3048 3676 Dominum
3103 3625 3371 3677 nostrum
3425 3621 3630 3677 Jesum

1981 3710 2280 3766 Christum
2313 3710 2559 3766 audiant
2591 3709 2921 3778 Manichei,
2978 3710 3089 3767 hoc
3118 3710 3478 3783 stipendium
3531 3711 3633 3781 ju-

1985 3801 2219 3858 bentem
2244 3800 2407 3856 reddi
2435 3798 2672 3869 Caesari,
2703 3799 2858 3871 quod
2904 3799 3162 3856 Joannes
3194 3800 3337 3856 dicit
3363 3800 3635 3856 sufﬁcere

1977 3890 2173 3945 militi.
2208 3888 2463 3960 Reddite,
2491 3887 2710 3960 inquit,
2744 3903 2870 3959 quae
2901 3891 3029 3944 sunt
3060 3887 3298 3945 Cwsaris
3330 3887 3555 3959 Cmari,
3585 3893 3637 3944 et

1975 3985 2085 4036 Deo
2114 3996 2232 4052 quae
2260 3987 2389 4034 sunt
2436 3978 2535 4033 Dei
2567 3978 2784 4048 (Matth.
2834 3978 2994 4049 χχιι).
3043 3977 3128 4032 Ad
3180 3977 3289 4033 hoc
3319 3975 3475 4033 enim
3522 3976 3627 4031 tri-

1973 4069 2115 4124 buta
2145 4072 2497 4140 praestantur
2524 4066 2760 4136 Caesari,
2794 4070 2859 4121 ut
2888 4069 3124 4137 propter
3155 4064 3308 4121 bella
3357 4080 3626 4120 necessa-

1972 4159 2126 4213 rium
2153 4155 2361 4213 militis
2392 4155 2756 4227 stipendium
2789 4155 3137 4226 praebeatur.

2446 4253 2576 4308 CAP.
2611 4250 2811 4306 XLVI.
2838 4255 2916 4305 De
2943 4251 3152 4306 eodem.

2076 4344 2323 4416 August.
2355 4343 2570 4397 Contra
2601 4340 2800 4396 Faust.
2835 4338 3088 4395 Manich.
3112 4337 3150 4393 l.
3176 4355 3317 4405 xxn,
3351 4354 3401 4394 e.
3428 4339 3519 4392 74.

2041 4433 2152 4505 (23,
2186 4448 2243 4503 q.
2277 4433 2331 4497 1,
2364 4448 2413 4485 c.
2444 4429 2595 4497 Quod
2625 4429 2930 4501 culpatur.)
2960 4429 3099 4483 Item
3129 4428 3377 4484 interest
3399 4428 3629 4499 "quibus

1969 4521 2185 4593 causis,
2235 4520 2450 4592 quibus
2498 4517 2955 4575 auctoritatibus
3006 4517 3276 4573 homines
3321 4516 3477 4573 bella
3523 4534 3625 4588 ge-

1972 4613 2149 4668 renda
2179 4610 2521 4682 suscipiant.
2543 4610 2695 4665 Ordo
2725 4613 2923 4665 tamen
2947 4608 3045 4663 ille
3095 4606 3381 4663 naturalis
3412 4612 3628 4662 morta-

1972 4702 2116 4757 lium
2168 4700 2295 4772 paei
2330 4700 2744 4755 accomodatus
2776 4698 2883 4753 hoc
2917 4696 3125 4769 poscit,
3169 4700 3233 4752 ut
3262 4694 3629 4764 suscipiendi

1971 4790 2107 4847 belli
2149 4790 2467 4845 auctoritas
2515 4792 2691 4859 atque
2738 4785 3051 4842 consilium
3101 4802 3276 4856 penes
3333 4784 3628 4857 principes

1972 4880 2110 4937 sint.
2142 4877 2519 4950 Exsequendi
2553 4876 2939 4946 autemjussa
2970 4873 3178 4931 bellica
3223 4872 3628 4930 ministerium

1971 4969 2189 5026 milites
2220 4969 2472 5024 debeant
2503 4966 2632 5037 paci
2682 4964 2975 5037 salutique
3024 4961 3348 5021 communi.
3400 4959 3629 5016 Bellum

1972 5061 2167 5115 autem
2227 5057 2383 5129 quod
2441 5054 2760 5127 gerendum
2819 5053 2937 5109 Deo
2987 5056 3226 5109 auctore
3286 5048 3629 5121 suscipitur,

1973 5153 2129 5204 recte
2160 5145 2383 5217 suscipi
2408 5144 2674 5201 dubitare
2707 5143 2794 5199 fas
2818 5159 2935 5199 non
2970 5145 3081 5197 est.

2437 5233 2566 5290 CAP.
2598 5232 2819 5288 XLVII.
2848 5233 2923 5286 De
2949 5230 3163 5286 eodem.

2270 5324 2520 5396 August.
2551 5327 2756 5379 contra
2786 5320 3083 5386 eumdem,
3106 5323 3162 5374 et
3184 5318 3328 5374 ibid.

2046 5417 2155 5487 (23.
2191 5430 2245 5486 q.
2282 5415 2331 5483 1,
2385 5430 2433 5468 c.
2468 5412 2623 5481 Quod
2670 5411 3008 5479 culpatur,§
3055 5413 3178 5466 Non
3231 5407 3427 5475 enim.)
3484 5410 3628 5461 Cum

1973 5505 2063 5561 vir
2083 5506 2310 5575 justus,
2333 5501 2383 5557 si
2408 5502 2552 5557 forte
2583 5499 2695 5555 sub
2720 5514 2854 5569 rege
2879 5496 3118 5553 homine
3140 5496 3316 5552 etiam
3340 5495 3630 5567 sacrilego

1975 5594 2206 5664 militet,
2256 5594 2409 5649 recte
2441 5588 2631 5662 possit
2676 5586 2777 5644 illo
2818 5587 3067 5658 jubente
3112 5585 3352 5658 bellare,
3411 5584 3461 5641 si
3506 5583 3630 5641 vice
