3936 6056
1464 274 1531 323 D.
1575 267 1811 323 IVONIS
1845 266 2346 319 CARNOTENSIS
2382 266 2705 321 EPISCOPI
3749 262 3869 314 £316

384 280 526 334 1315

383 402 539 473 pacis
567 399 834 455 ordinem
882 412 1124 452 servans
1154 394 1247 449 cui
1299 393 1452 464 quod
1506 391 1751 461 jubetur
1795 388 1883 443 vel
1915 403 2031 442 non
2063 389 2117 455 Α
2144 389 2274 441 CAP.
2309 387 2417 445 LV.
2447 389 2563 444 Rex
2599 388 3067 471 gtadiumpprtat
3097 389 3230 459 quia
3260 388 3479 443 vindex
3517 395 3631 443 est
3676 397 3863 440 contra

381 506 511 547 esse
540 492 745 546 contra
777 487 876 542 Dei
912 488 1294 557 praeceptum,
1315 489 1539 537 certum
1572 483 1683 550 est,
1713 477 1801 535 vel
1835 480 2037 532 utrum
2538 548 2594 557 ω
2684 548 2693 557 .
2850 476 3093 557 iniquos.

384 584 613 637 certum
653 578 865 633 sitnon
894 547 984 631 est
1012 547 1201 642 ita,ut
1234 547 1483 627 fortasse
1515 547 1678 625 reum
1729 582 1925 639 regem
1958 567 2038 620 ται
2216 635 2263 642 __
2456 640 2463 642 ξ
2534 548 2871 642 Stephanus
2906 547 3179 642 Lot‘ha‘rio
3211 549 3396 621 episc.

383 668 499 723 ciat
528 666 811 737 iniquitas
840 661 1169 734 imperandi
1199 679 1211 729 ;
1272 660 1648 715 innocentem
1682 661 1878 713 autem
1927 652 2039 708 mi-
2161 724 2177 737 ι
2216 635 2567 737 Νοοιαυῖξδω
2600 638 2727 737 Si“?
2758 653 2938 693 θευεᾶ
2967 637 3231 737 gif‘djum
3276 641 3487 737 Ροῖῑξη
3520 653 3675 692 Telo
3726 637 3855 689 Viu-

382 757 548 812 litem
580 724 849 811 ostendat
876 724 1018 807 ordo
1050 724 1364 817 serviendi,
1396 754 1614 819 quanto
1640 746 1835 818 magis
1860 744 1918 799 in
1944 743 2037 798 ad.

2220 742 2253 779 x
2276 729 2367 780 est
2397 726 2555 781 enim
2584 734 2786 782 contra
2807 726 3288 799 omnesiniquos,
3315 731 3383 782 ut
3408 732 3689 782 terrore
3720 742 3853 781 con:-

385 842 813 900 ministratione
844 839 1152 905 bellorum,
1189 836 1668 893 innocentissimo
1708 835 2037 889 devertetur

2217 815 2356 870 imat
2407 831 2555 886 quos
2586 815 2790 889 nequit
2820 816 3104 885 corrigere
3136 817 3381 872 monitis
3442 815 3850 872 saiubribus.

386 934 507 1004 qui,
542 934 656 987 Deo
700 930 962 1000 jubente,
1002 903 1326 999 belligerat,
1372 941 1549 997 quem
1606 923 1758 979 male
1816 919 2037 992 aliquid

2216 903 2536 974 ggrediatur
2578 904 2763 975 igitur
2790 920 2996 960 secure
3044 922 3173 977 qua:
3225 910 3369 960 sunt
3416 905 3563 960 Deo
3608 904 3847 977 placita,

382 990 588 1092 {ubam
616 990 785 1075 net-no
816 1017 914 1089 qui
945 990 997 1072 εί
1039 990 1238 1085 εαξη,
1270 990 1536 1085 ίὲηὸταιι
1915 990 1931 992 ἢ
2145 992 2206 1045 In
2237 991 2396 1047 nullo
2425 990 2584 1049 enim
2617 994 2823 1049 Petrus
2871 995 3057 1049 aberit
3087 1010 3221 1049 cum
3253 1011 3362 1050 suo
3396 994 3692 1066 ancipiti
3732 998 3846 1063 gla-

385 1137 509 1189 Car.
561 1130 804 1189 XLVIII.
856 1132 973 1187 Non
1021 1129 1208 1185 solum
1260 1130 1529 1197 homines,
1587 1128 1678 1183 sed
1743 1125 2038 1183 contraria:

681 1202 1042 1275 fortitudines
1059 1207 1188 1256 sunt
1217 1201 1445 1256 ultrices
1474 1204 1580 1257 ira?
1613 1200 1739 1254 Dei.

791 1311 1122 1381 Hieronym.
1157 1326 1287 1381 sup.
1321 1308 1467 1364 Joel.
1496 1325 1542 1363 c.
1578 1326 1638 1362 Il.

459 1429 591 1498 (23).
626 1444 683 1500 q.
715 1427 769 1495 5,
830 1442 879 1480 c.
913 1427 1032 1481 Non
1076 1424 1302 1495 solum.)
1353 1423 1479 1479 Non
1527 1421 1719 1478 solum
1766 1421 2038 1476 homines

386 1517 642 1573 ministri
674 1519 814 1573 sunt
852 1519 909 1570 et
941 1514 1159 1569 ultores
1208 1514 1304 1567 irae
1356 1512 1479 1582 Dei,
1540 1511 1634 1567 his
1681 1511 1780 1582 qui
1812 1510 2037 1566 malum

383 1611 722 1677 operantur,
754 1604 909 1660 unde
940 1620 1055 1657 non
1090 1603 1216 1657 sine
1248 1618 1427 1658 causa
1476 1604 1713 1673 portant
1750 1598 2038 1672 gladium,

384 1697 484 1752 sed
520 1700 578 1751 et
607 1693 909 1751 contrariae
940 1691 1316 1748 fortitudines
1365 1707 1492 1764 quae
1547 1688 1919 1762 appellantur
1949 1688 2036 1743 fu-

384 1803 481 1842 ror
509 1790 569 1841 et
596 1786 686 1841 ira
714 1784 839 1842 Dei.

484 1905 620 1957 CAP.
652 1900 844 1957 XLIX.
870 1901 985 1969 Qui
1012 1897 1262 1952 crudeles
1282 1897 1517 1969 iugulat,
1550 1910 1667 1949 non
1695 1901 1774 1949 est
1800 1893 1931 1949 tali:

804 1968 993 2042 quatis
1008 1969 1351 2042 patientibus
1384 1968 1619 2023 videtur.

757 2079 1091 2150 Hiemnym.
1122 2093 1251 2147 sup.
1291 2075 1426 2131 Isai.
1458 2092 1511 2131 c.
1542 2091 1665 2130 xm.

450 2194 677 2266 (23,)q.
706 2195 763 2260 5,
796 2209 849 2248 c.
882 2194 996 2249 Non
1041 2194 1115 2247 est
1152 2189 1447 2260 crudelis.)
1492 2189 1615 2243 Non
1665 2189 1754 2241 est
1783 2182 2039 2239 crudelis

386 2283 484 2354 qui
519 2282 786 2338 crudeles
819 2281 1076 2353 jugulat,
1110 2280 1212 2335 sed
1238 2281 1375 2351 quia
1405 2276 1660 2334 crudelis
1683 2272 2038 2347 patientibus

384 2388 517 2428 esse
544 2372 797 2428 videtur.
828 2374 976 2426 Nam
997 2370 1146 2425 latro
1176 2383 1509 2440 suspensus
1541 2363 1784 2421 latibulo
1834 2361 2037 2417 crude-

386 2459 504 2517 lem
538 2464 705 2532 putat
726 2459 1011 2531 judicem.

386 2578 519 2633 CAP.
554 2574 611 2631 L.
647 2573 870 2631 Prodest
900 2573 1112 2700 latr-on;
1135 2572 1460 2699 {ig-ate
1513 2570 1612 2641 qui
1643 2567 1891 2624 membra
1919 2566 2039 2633 eius

1114 2662 1142 2700 e
1224 2662 1247 2699 ι
1274 2660 1309 2698 a
1339 2686 1350 2698 .

729 2736 1063 2807 Hieronym.
1097 2751 1227 2806 sup.
1261 2733 1546 2804 Sophron.
1578 2746 1631 2787 e.
1656 2747 1696 2786 ι.

460 2854 571 2923 (25,
606 2870 663 2925 q.
696 2853 751 2920 3,
784 2870 833 2908 c.
868 2852 929 2908 Si
958 2852 1126 2925 quis.)
1160 2850 1219 2908 Si
1254 2850 1387 2922 quis
1421 2847 1825 2905 fortitudinem
1852 2843 2035 2899 latro-

388 2942 479 2998 nis
510 2946 568 2997 et
598 2944 799 3014 piratae
830 2940 1089 3013 diripiat,
1123 2940 1508 3010 infirmosque
1540 2937 1766 3002 reddat,
1801 2934 2040 3007 prodest

384 3029 471 3085 illi
503 3046 612 3085 sua
638 3029 975 3085 inﬁrmitas.
1009 3027 1324 3084 Debilitata
1347 3028 1499 3082 enim
1526 3026 1791 3081 membra
1821 3022 2038 3095 quibus

386 3117 548 3189 prius
608 3134 724 3173 non
778 3118 929 3173 bene
978 3116 1292 3172 utebantur
1342 3114 1561 3171 amalo
1617 3128 1787 3185 Opere
1846 3127 2111 3203 cessa-C

384 3206 554 3262 bunL

386 3320 519 3381 CA9.
552 3320 644 3377 LI.
675 3318 925 3376 Minister
951 3326 1034 3375 est
1072 3320 1169 3391 Dei
1216 3320 1313 3391 qui
1363 3318 1536 3374 malos
1580 3318 1821 3390 percutit
1878 3317 1939 3371 in
1975 3330 2039 3373 eo

980 3390 1123 3465 quod
1148 3390 1289 3446 mali
1318 3393 1464 3445 sunt.

746 3500 1079 3571 Hieronym.
1105 3516 1239 3571 sup.
1266 3499 1504 3565 Ezech.,
1531 3497 1568 3553 l.
1602 3514 1679 3553 ιν.

457 3615 567 3684 (13,
601 3629 657 3684 q.
689 3614 744 3678 5,
772 3628 821 3666 c.
850 3612 966 3682 Qui
984 3614 1203 3683 maias.)
1226 3613 1339 3677 Qui
1376 3612 1562 3668 malos
1590 3610 1847 3684 percutit
1875 3611 1934 3665 in
1966 3628 2037 3667 eo

388 3704 541 3773 quod
576 3701 713 3755 mali
743 3706 908 3769 sunt,
936 3707 1002 3757 et
1034 3702 1209 3759 habet
1230 3720 1371 3757 vasa
1396 3701 1825 3757 interfectionis
1856 3705 1921 3755 ut
1944 3716 2040 3756 roc-

382 3790 539 3845 cidat
570 3791 874 3860 pessimos,
908 3791 1181 3847 minister
1210 3791 1444 3846 Domini
1475 3796 1587 3846 est.

378 3908 521 3962 CAP.
558 3907 675 3964 LII.
732 3906 848 3963 Non
900 3908 1075 3963 scelus
1133 3906 1383 4034 adgrauit
1413 3907 1605 3980 judex
1642 3907 1739 3979 qui
1790 3905 2042 3961 homines

1110 3996 1211 4034 vin
1298 4020 1312 4034 .

1110 3996 1291 4034 vium
1298 4020 1312 4035 .

632 4085 971 4158 Hieronym.
1006 4102 1138 4159 sup.
1162 4087 1347 4159 Epist.
1382 4087 1453 4143 ad
1487 4086 1613 4141 Gal.
1644 4102 1693 4141 c.
1726 4100 1783 4139 ν.

457 4176 569 4247 (23,
605 4191 663 4244 q.
695 4177 748 4243 5,
783 4193 833 4231 c.
864 4175 1086 4247 Judex,)
1118 4176 1306 4232 Judex
1338 4192 1453 4232 non
1502 4183 1589 4231 est
1620 4178 1827 4231 auctor
1855 4173 2037 4231 scele-

384 4264 463 4319 ris
498 4282 688 4336 neque
720 4265 989 4321 homines
1012 4265 1342 4321 vinciendo.

379 4380 504 4435 CAP.
544 4381 678 4437 LIII.
718 4382 834 4437 Non
857 4383 1191 4453 sanguinem
1235 4383 1471 4455 eﬂundit
1516 4384 1616 4455 αιιὶ
1652 4381 1957 4439 homicidas
1987 4387 2037 4437 et

946 4455 1238 4524 sacrilegos
1265 4454 1451 4524 punit.

709 4538 1041 4614 Hieronym.
1075 4558 1187 4612 sup
1217 4542 1462 4612 Jerem.,
1496 4559 1544 4597 c.
1577 4558 1713 4597 xxu.

447 4642 560 4714 (25,
596 4660 652 4715 q.
685 4644 740 4714 5,
770 4663 819 4701 c.
843 4646 1200 4719 Homicidas.)
1224 4647 1555 4705 Homicidas
1577 4652 1633 4702 et
1650 4648 1963 4719 sacrilegos
1981 4652 2038 4703 et

375 4731 725 4787 venenarios
756 4736 987 4803 punire,
1040 4754 1157 4793 non
1188 4743 1277 4794 est
1307 4736 1514 4793 effusio
1559 4737 1913 4813 sanguinis,‘
1934 4736 2035 4792 sed

372 4816 575 4891 legum
608 4818 1026 4878 ministerium.

664 4937 795 4991 Cu.
823 4936 954 4992 LIV.
990 4938 1151 5007 Quod
1176 4942 1249 4994 sit
1270 4940 1489 5009 justum
1520 4941 1743 4997 bellum.

720 5024 928 5081 Isidor.
961 5028 1267 5098 Etymotog.
1301 5027 1339 5082 l.
1372 5047 1531 5097 xvm,
1566 5046 1616 5084 c.
1644 5031 1703 5084 2.

453 5140 568 5208 (23,
598 5156 651 5209 q.
684 5141 738 5211 2,
766 5158 815 5196 c.
846 5146 1070 5198 Iustum
1121 5143 1372 5215 bellum.)
1396 5145 1635 5201 Justum
1688 5145 1905 5202 bellum
1950 5162 2041 5218 est

377 5228 529 5296 quod
552 5244 620 5281 ex
655 5228 845 5285 edicto
872 5232 1099 5303 geritur
1129 5232 1199 5287 de
1231 5232 1407 5287 rebus
1431 5236 1785 5305 repetendis,
1818 5240 1918 5291 aut
1940 5253 2039 5307 pro

379 5314 810 5386 pulsandorum
843 5320 1103 5377 hostium
1137 5336 1337 5377 causa.
1359 5320 1549 5376 Judex
1568 5323 1763 5379 dictus
1794 5329 1881 5379 est
1904 5326 2043 5396 quia

375 5406 472 5474 jus
502 5406 688 5462 dictat
710 5411 937 5480 populo
961 5412 1082 5467 sive
1104 5411 1259 5482 quod
1284 5412 1412 5482 jure
1440 5410 1753 5483 disceptet.
1776 5414 1915 5469 Jure
1940 5432 2041 5470 au-

372 5496 495 5546 tem
526 5494 878 5568 disceptare,
910 5506 1000 5555 est
1019 5502 1183 5569 juete
1206 5500 1491 5570 judicare.
1512 5505 1749 5557 Nonest
1766 5503 2042 5575 enimju-

372 5581 509 5647 dex,
533 5582 581 5638 si
614 5601 727 5640 non
762 5586 911 5643 ineo
935 5590 1171 5658 justitia
1200 5594 1310 5645 est.

2068 1758 2117 1824 Β
2148 1722 2280 1778 οη·
2316 1722 3071 1824 ιν¹¹·.ἱξίι.επ.έ;ιξ,τςίξξξέίιέξ

2148 1079 2264 1151 dio,
2296 1081 2347 1136 si
2374 1084 2570 1137 tamen
2603 1080 2803 1152 patria
2834 1082 3013 1137 saluti
3049 1082 3375 1138 consultat.

2640 1170 2778 1248 cap.
2813 1170 2955 1226 LVI.
2987 1172 3061 1228 De
3090 1173 3295 1227 eodem.

2747 1260 3046 1328 Pandect.,
3078 1260 3119 1316 1.
3142 1278 3180 1315 ι.

2217 1347 2386 1418 (Dist,
2422 1349 2473 1419 1,
2531 1365 2582 1403 c.
2627 1350 2723 1405 Ius
2779 1350 3083 1411 naturale;
3133 1349 3225 1405 1.1
3275 1354 3358 1405 De
3401 1358 3565 1406 sent.
3624 1366 3835 1404 excors.

2145 1438 2361 1507 ﬁVim.)
2398 1438 2531 1492 Vim
2591 1445 2765 1509 atque
2822 1438 3099 1508 injuriam
3157 1438 3631 1510 propulsemus.
3700 1438 3833 1493 Nam

2138 1526 2274 1596 jure
2307 1527 2413 1581 hoc
2443 1526 2603 1581 venit
2633 1531 2699 1582 ut
2727 1527 2887 1597 quod
2924 1528 3177 1598 quisque
3198 1528 3271 1583 ob
3295 1528 3563 1584 tutelam
3595 1532 3703 1584 sui
3728 1546 3837 1583 cor-

2149 1616 2304 1685 poris
2336 1616 2556 1685 fecerit,
2584 1616 2721 1686 jure
2752 1616 2962 1671 fecisse
2992 1616 3334 1671 testimetur.

3098 1722 3236 1849 aliis
3267 1724 3446 1779 Israel
3478 1727 3829 1797 negabatur.

3181 1796 3447 1849 carebant
3459 1841 3471 1849 .

2484 1800 2657 1866 atque
2685 1795 2806 1849 ideo
2825 1795 2979 1866 justo
3011 1795 3151 1850 bella
3179 1796 3471 1865 gerebant.

2488 1885 2734 1951 August.
2772 1883 2830 1937 in
2865 1884 3039 1938 Num.
3073 1900 3124 1938 c.
3160 1884 3248 1951 44,
3287 1901 3340 1956 q.
3375 1885 3473 1939 44.

2218 1972 2324 2040 (23,
2354 1988 2408 2041 q.
2441 1972 2496 2038 2,
2530 1987 2579 2027 c.
2634 1972 2950 2027 Notandum
2997 1973 3125 2043 est.)
3160 1975 3505 2029 Notandum
3564 1979 3665 2029 est
3700 1993 3829 2030 sane

2147 2060 2645 2131 quemadmodum
2670 2060 2834 2131 justa
2859 2060 3009 2115 bella
3031 2061 3423 2131 gerebantura
3455 2063 3616 2118 ﬁliis
3657 2065 3827 2119 Israel

2146 2155 2349 2203 contra
2377 2149 2766 2204 Amorrhaaos.
2806 2150 3081 2204 Innoxius
3115 2151 3271 2205 enim
3304 2152 3623 2207 transitus
3650 2171 3822 2226 nega-

2148 2239 2339 2300 batur,
2378 2237 2477 2309 qui
2504 2238 2639 2307 jure
2672 2241 2950 2294 humanre
3002 2239 3302 2294 societatis
3334 2241 3703 2312 aequissimo
3729 2260 3820 2309 pa-

2144 2329 2269 2380 tere
2300 2326 2569 2382 debebat.

2147 2414 2280 2469 CAP.
2316 2414 2504 2472 LVIII.
2534 2416 2642 2483 Qui
2686 2415 2826 2472 socii
2850 2432 2959 2470 non
2990 2416 3209 2489 repetiit
3258 2419 3566 2489 injuriam,
3612 2420 3815 2475 similis

2732 2493 2815 2542 est
2836 2489 2892 2542 ei
2918 2489 3014 2558 qui
3040 2488 3201 2559 facit.

2511 2576 2781 2632 Ambros.
2810 2577 2885 2631 De
2915 2576 3070 2647 Ofﬁc.
3106 2578 3144 2633 ι.
3176 2595 3215 2641 ι,
3248 2595 3299 2633 c.
3331 2580 3421 2633 36.

2217 2648 2329 2718 (23,
2364 2663 2420 2717 q.
2454 2648 2509 2715 3,
2543 2664 2591 2701 c.
2652 2649 2770 2703 Non
2815 2649 3152 2721 inferenda.)
3201 2650 3325 2705 Non
3350 2651 3678 2707 inferenda
3724 2654 3812 2706 sed

2147 2735 2494 2807 depellenda
2523 2735 2745 2806 injuria
2770 2736 2866 2793 lex
2894 2738 3128 2796 virtutis
3174 2743 3283 2799 est.
3336 2739 3442 2802 Qui
3479 2740 3651 2797 enim
3706 2758 3811 2795 non

2149 2824 2377 2896 repellit
2407 2824 2686 2896 injuriam
2706 2843 2742 2881 ι
2770 2827 2952 2895 socio,
2980 2829 3031 2883 si
3056 2831 3266 2899 potest,
3297 2833 3418 2883 tam
3452 2835 3549 2883 est
3586 2830 3647 2883 in
3684 2830 3812 2883 vitio

2147 2930 2324 2985 quam
2360 2913 2456 2969 ille
2490 2913 2591 2986 qui
2624 2914 2783 2970 facit.

2146 3023 2275 3078 CAP.
2309 3020 2444 3077 LIX.
2473 3021 2785 3093 Rexjatiter
2810 3022 2982 3106 servit
3032 3025 3183 3106 quia,
3209 3022 3363 3081 homo
3412 3034 3513 3095 est,
3567 3036 3624 3081 et
3649 3026 3813 3081 aliter

2801 3104 2933 3166 quia
2970 3110 3080 3150 rea:
3106 3104 3202 3151 est.

2541 3182 2784 3252 August.
2817 3182 2891 3236 ad
2922 3181 3180 3239 Bonifac.
3202 3182 3408 3237 comit.

2217 3269 2363 3335 Quid
2394 3269 2581 3326 distat
2608 3270 2765 3326 inter
2808 3271 3061 3327 Arianos
3114 3274 3175 3326 et
3211 3270 3602 3327 Donatistae?
3660 3276 3805 3340 Quo-

2151 3359 2321 3415 modo
2356 3374 2520 3431 reges
2572 3359 2839 3416 serviunt
2888 3360 3134 3417 Domino
3184 3361 3243 3416 in
3276 3361 3508 3429 timore,
3566 3361 3688 3418 nisi
3749 3380 3805 3416 ea

2150 3465 2278 3520 quze
2308 3451 2510 3504 contra
2538 3447 2769 3502 Domini
2793 3449 2969 3519 jussa
3013 3448 3283 3520 religiosa
3314 3450 3625 3503 severitate
3672 3468 3805 3521 pro-

2148 3538 2352 3593 hibent
2398 3544 2574 3608 atque
2624 3536 2980 3609 plectendo?
3022 3537 3208 3594 Aliter
3248 3538 3406 3593 enim
3434 3539 3627 3593 servit
3674 3540 3802 3609 quia

2146 3625 2319 3681 homo
2350 3630 2441 3682 est
2468 3625 2643 3682 aliter
2671 3626 2809 3696 quia
2838 3641 2937 3681 rex
2979 3632 3090 3682 est.
3120 3626 3269 3692 Quia
3300 3627 3473 3682 homo
3505 3633 3598 3682 est
3630 3632 3801 3683 servit

2146 3715 2390 3771 vivendo
2440 3714 2711 3783 ﬁdeliter,
2744 3714 2885 3786 quia
2933 3716 3108 3771 etiam
3157 3733 3257 3772 rex
3294 3721 3387 3772 est
3415 3718 3599 3772 servit
3652 3718 3801 3791 leges

2139 3807 2306 3877 justa
2336 3804 2762 3877 praecipientes,
2811 3809 2868 3860 et
2894 3805 3188 3861 contraria
3222 3805 3627 3877 prohibentes,
3668 3824 3800 3863 oon~

2146 3894 2399 3951 venienti
2434 3894 2625 3966 rigore
2657 3893 2997 3949 sanciendo.

2404 3985 2538 4040 CAP.
2572 3984 2693 4039 LX.
2726 3982 2973 4038 Militare
2998 4001 3114 4039 non
3144 3992 3224 4040 est
3250 3988 3553 4055 peresam.

2245 4078 2527 4147 August..
2553 4074 2625 4128 De
2652 4074 2805 4129 νυνι).
2842 4075 3074 4129 Domini
3102 4074 3165 4129 in
3186 4074 3375 4130 latth.
3404 4090 3588 4131 norm.
3622 4078 3715 4131 19.

2212 4163 2326 4233 (25,
2356 4178 2418 4233 q.
2459 4165 2503 4232 I,
2532 4177 2586 4219 c.
2618 4162 2913 4233 Militare.)
2948 4161 3200 4218 Militare
3226 4169 3457 4218 nonest
3494 4163 3795 4229 delictum,

2146 4253 2246 4307 sed
2281 4254 2520 4323 propter
2542 4252 2807 4323 praedam
2836 4251 3116 4321 militare,
3174 4258 3479 4322 peccatum
3528 4258 3645 4308 est.
3681 4254 3794 4311 Non

2148 4339 2799 4412 rempublicamigerere
2838 4340 3224 4396 criminosum
3256 4346 3386 4409 est;
3421 4341 3523 4395 sed
3557 4342 3689 4397 ideo
3709 4360 3793 4415 ge-

2145 4445 2271 4484 rere
2292 4428 2719 4500 rempublicam
2752 4433 2817 4483 ut
2835 4445 2955 4484 rem
2991 4429 3341 4484 familiarem
3362 4434 3422 4483 et
3443 4429 3677 4485 divitias
3708 4448 3794 4501 po-

2064 4508 2111 4572 9
2142 4519 2262 4574 tius
2291 4517 2915 4590 angens,videturesse
2936 4517 3294 4573 damnabile.
3320 4518 3625 4589 Propterea
3642 4521 3792 4573 enim

2144 4607 2500 4681 providenda
2541 4608 2808 4677 quadam
2868 4606 3266 4662 militantibus
3321 4612 3462 4661 sunt
3508 4608 3797 4678 stipendia

2142 4697 2708 4763 constituta,nedum
2732 4701 3011 4768 sumptus
3034 4696 3337 4766 queritur,
3365 4697 3561 4766 prada
3580 4714 3797 4766 gressa.

2144 4791 2261 4842 tur.
2296 4787 2440 4842 Item
2498 4785 2787 4841 Dominus
2840 4786 2967 4857 ipse
2998 4786 3177 4841 dixit:
3238 4785 3464 4841 Reddite
3501 4801 3630 4857 quae
3683 4802 3801 4848 sunt

2150 4877 2249 4931 Dei
2288 4875 2417 4944 Deo,
2448 4881 2655 4945 etquae
2680 4883 2811 4930 sunt
2858 4874 3093 4930 Caesaris
3138 4874 3352 4931 Caesari
3404 4875 3616 4941 (Matth.
3649 4878 3796 4946 1x").

2148 4965 2329 5035 Igitur
2358 4964 2517 5035 quod
2541 4963 2734 5019 Caesar
2752 4963 3037 5036 precipit,
3064 4964 3367 5022 ferendum
3386 4969 3505 5032 est,
3526 4966 3685 5036 quod
3703 4967 3799 5019 isn-

2150 5057 2335 5125 perat,
2368 5051 2740 5108 tolerandum
2784 5056 2912 5122 est;
2945 5053 3046 5107 sed
3099 5052 3167 5106 ﬁt
3212 5052 3615 5120 intolerabile,
3672 5055 3797 5109 dum

2148 5142 2401 5213 praedam
2430 5146 2733 5197 exactores
2779 5130 3184 5198 accumulant.
3221 5140 3363 5195 Rem
3422 5141 3801 5217 interrogave-

2150 5236 2291 5288 runt
2320 5231 2538 5288 milites
2567 5233 2857 5287 Joannem
2881 5232 3145 5287 dicentes
3172 5246 3186 5285 :
3212 5229 3371 5298 Quid
3398 5232 3676 5301 faciens
3690 5233 3802 5289 nos?
3874 5236 3877 5237 ⁷

2153 5323 2242 5378 Ait
2290 5321 2444 5377 illis:
2500 5321 2788 5376 Neminem
2834 5322 3190 5386 concutiat“,
3246 5336 3425 5391 neque
3470 5323 3803 5378 calumnias:

2151 5411 2399 5483 faciatis,
2426 5410 2522 5465 sed
2542 5412 2790 5467 contenti
2808 5416 2977 5467 estote
2994 5408 3289 5481 stipendiis
3310 5412 3503 5465 vestris
3527 5411 3800 5483 (Luc,.m}.

2152 5501 2248 5558 Sic
2278 5504 2475 5557 autem
2520 5516 2879 5573 cognoscere
2937 5515 3000 5556 se
3032 5498 3209 5554 debet
3253 5498 3449 5554 omnis
3499 5500 3681 5557 homo
3708 5503 3801 5572 qui

2156 5589 2397 5647 militat.
2458 5589 2584 5647 Non
2640 5590 2802 5647 enim
2849 5592 3083 5647 tantum
3142 5587 3211 5643 de
3272 5585 3365 5643 bis
3418 5588 3803 5647 militantibus
