3986 6048
447 246 585 304 1319
1529 241 1594 291 ι).
1638 236 1880 290 IVONIS
1914 233 2406 290 CARNOTENSIS
2441 239 2761 296 EPISCOPI
3716 243 3844 296 1320

444 372 862 448 pertinens.Ad
879 367 1330 435 oculos,scilicet
1351 365 1580 420 volatus
1599 361 1891 428 avium;ad
1917 375 2089 416 aures
2119 367 2173 435 Α
2201 360 2479 418 desideria
2526 366 2937 424 coacervabunt
2985 369 3096 424 sibi
3165 371 3461 451 magistro:
3518 372 3842 442 prurientes

450 482 554 520 vox
575 462 770 519 avium
812 458 1191 533 pythonissae,
1218 474 1248 512 ιι
1282 455 1541 528 Pythone
1579 450 1844 524 Apolline
1897 449 2085 516 dictae,
2195 452 2449 524 auribus,
2484 458 2592 510 eta
2625 457 2850 512 veritate
2880 457 3099 528 quidem
3142 449 3398 514 auditum
3454 465 3729 526 avertent,
3759 461 3841 515 ad

444 554 599 625 quod
626 552 676 608 is
699 557 902 607 auctor
923 545 1441 602 divinandifucrit.
1468 541 1758 612 Astrologi
1781 539 1920 594 dicti
1949 541 2088 594 sunt
2192 541 2414 610 fabulas
2472 547 2655 600 autem
2706 551 3096 603 convertentur
3145 548 3216 620 (II
3263 548 3396 603 Tim.
3449 549 3546 619 1v).
3620 549 3844 606 Onerati

441 660 506 699 co
539 642 694 714 quod
727 641 786 695 in
820 638 993 694 astris
1025 639 1409 707 augurantur.
1436 629 1791 688 Genetbliaci
1823 631 1962 684 sunt
1983 643 2084 699 ap-

442 730 665 804 pellati,
701 731 935 801 propter
970 724 1372 780 natalitiorum
1415 717 1915 777 considerationcs
1960 716 2080 804 die:

441 802 592 876 rum.
627 819 877 874 Geneses
926 814 1085 870 enim
1141 812 1448 868 hominum
1473 825 1576 882 per
1603 826 1684 864 xu
1740 807 1907 877 signa
1955 802 2083 860 coeli

433 905 1116 965 describuntsecundum
1131 919 1196 959 eo
1211 902 1366 974 quod
1379 916 1556 956 cursu
1570 898 1830 954 siderum
1845 910 2084 950 nascen-

433 998 581 1054 tium
605 1000 995 1064 mores,actus
1017 996 1074 1048 et
1094 996 1334 1048 eventus
1357 988 1669 1062 praedicere
1691 989 1996 1052 conantur,
2022 982 2080 1038 id

433 1092 520 1143 est
549 1084 708 1158 quali
740 1085 910 1158 signo
934 1082 1067 1154 quis
1092 1081 1457 1136 fueritnatus
1481 1081 1582 1133 aut
1613 1091 1786 1146 quem
1811 1074 2078 1128 eIfectum

434 1177 646 1232 habeat
675 1175 800 1230 vitae
837 1174 935 1244 qui
967 1171 1228 1227 nascitur
1255 1169 1316 1223 in
1366 1167 1468 1222 tali
1493 1171 1772 1237 tempore.
1809 1163 1873 1217 Hi
1904 1160 2078 1233 vulgo

432 1262 830 1320 mathematici
859 1261 1155 1328 dicuntur,
1194 1259 1363 1327 cujus
1408 1250 1847 1327 superstitionis
1891 1265 2077 1322 genus

430 1352 906 1409 constellationes
962 1349 1153 1405 Latini
1205 1350 1432 1410 vocant,
1487 1344 1543 1398 id
1605 1346 1693 1398 est
1745 1339 2075 1396 notationes

429 1442 692 1498 siderum
752 1440 1049 1512 quomodo
1101 1455 1162 1493 se
1206 1436 1444 1500 habent,
1479 1448 1612 1488 cum
1673 1429 1920 1501 quisque
1968 1443 2074 1482 na-

427 1532 634 1589 scitur.
1485 1567 1502 1584 .

499 1622 764 1676 Primum
825 1623 1021 1675 autem
1081 1632 1288 1689 genus,
1322 1615 1376 1670 id
1422 1622 1509 1668 est
1542 1608 1847 1666 stellarum
1894 1605 2072 1660 inter-

429 1714 624 1780 pretes
682 1708 836 1780 magi
895 1709 1334 1777 nuncupantur,
1367 1701 1522 1758 sicut
1579 1699 1650 1754 de
1706 1695 1801 1752 his
1858 1693 2073 1766 legitur

425 1799 483 1853 in
517 1797 825 1870 Evangelio
848 1797 948 1866 qui
973 1799 1178 1849 natum
1209 1791 1506 1848 Christum
1540 1785 2070 1850 annuntiaverunt;

425 1891 629 1959 postea
679 1887 789 1942 hoc
839 1885 1075 1940 nomine
1125 1881 1234 1938 soli
1291 1875 1688 1936 mathematici
1729 1873 1871 1930 dicti
1911 1875 2067 1926 sunt.

423 1974 603 2045 Cujus
634 1974 780 2030 artis
811 1972 1058 2028 scientia
1087 1986 1274 2042 usque
1297 1969 1368 2023 ad
1390 1963 1770 2037 Evangelium
1795 1959 1904 2016 fuit
1932 1975 2070 2014 con-

423 2079 610 2133 cessa,
644 2067 706 2119 ut
753 2061 979 2117 Christo
1011 2061 1164 2116 edito
1214 2075 1386 2114 nemo
1417 2073 1486 2112 ex
1528 2054 1663 2109 inde
1703 2050 2068 2106 nativitatem

426 2153 497 2208 de
555 2151 696 2208 coelo
741 2151 1174 2223 interpretetur.
1212 2146 1528 2217 Horoscopi
1587 2142 1726 2198 dicti
1779 2143 1940 2209 sunt,
1968 2135 2067 2209 qui

421 2241 597 2298 horas
629 2241 955 2297 nativitatis
987 2239 1294 2295 hominum
1324 2233 1700 2308 speculantur
1716 2227 2068 2285 dissimiliet

420 2331 652 2387 diverso
701 2332 841 2386 fato.
875 2327 1146 2400 Sortilegi
1178 2331 1321 2383 sunt
1355 2323 1456 2397 qui
1489 2323 1599 2378 sub
1652 2319 1888 2376 nomine
1920 2317 2064 2371 fictae

414 2420 718 2493 religionis
748 2436 848 2492 per
873 2419 1186 2492 quasdam,
1214 2432 1359 2487 quas
1386 2417 1724 2470 sanctorum
1748 2412 1938 2465 sortes
1969 2423 2059 2462 vo-

413 2516 572 2581 cant,
605 2510 982 2566 divinationis
1011 2507 1322 2565 scientiam
1372 2505 1742 2578 profitentur,
1777 2503 1879 2555 aut
1910 2513 2061 2570 qua-

411 2621 781 2676 rumcunque
829 2603 1273 2674 Scripturarum
1329 2595 1634 2654 sententiae
1693 2590 2060 2665 inspectione

411 2694 608 2750 futura
639 2695 981 2766 praedicunt.
1024 2692 1302 2749 Salitores
1333 2687 1518 2744 vocati
1562 2688 1722 2753 sunt,
1756 2682 1881 2754 qui,
1913 2681 2057 2736 dum

408 2783 492 2839 eis
538 2785 937 2840 membrorum
972 2796 1338 2855 quaecunque
1385 2781 1580 2850 partes
1629 2772 1914 2840 salierint,
1945 2769 2054 2825 ali-

411 2874 553 2945 quid
587 2873 702 2929 sibi
733 2873 939 2929 exinde
985 2885 1330 2944 prosperum
1358 2883 1458 2923 seu
1511 2864 1681 2921 triste
1733 2859 2053 2933 signiﬁcari

407 2963 746 3032 prmdicunt.

403 3080 532 3133 CAP.
590 3078 797 3133 LXVII.
844 3079 979 3146 Quae
1033 3091 1319 3146 magorum
1371 3071 1670 3146 praestigiis
1726 3069 1887 3139 ﬁunt,
1937 3081 2049 3120 non

663 3166 792 3204 vera
818 3149 910 3204 sed
936 3146 1290 3220 phantastica
1319 3159 1434 3200 esse
1449 3146 1776 3214 probantur.

881 3239 1129 3308 August.
1158 3237 1228 3291 De
1257 3235 1410 3289 civit.
1447 3233 1569 3286 Dei.

467 3354 578 3424 (26,
603 3370 656 3424 q.
689 3354 742 3421 5,
777 3369 827 3408 c.
864 3357 972 3409 Nec
992 3352 1217 3422 mirum,
1242 3350 1271 3424 §
1293 3349 1370 3405 Ad
1398 3347 1653 3419 haec).Ad
1677 3345 1801 3402 haec
1843 3343 2045 3400 omnia

399 3443 734 3514 supradicta
750 3441 1383 3514 pertinentetligaturaa
1399 3435 1847 3494 exsecrabilium
1868 3448 2047 3490 reme-

396 3532 784 3604 diorumque:
816 3550 910 3587 ars
942 3549 1058 3588 non
1077 3530 1448 3586 commendat
1471 3526 1962 3591 medicorum,seu
1983 3522 2043 3577 in

395 3622 954 3690 praecantationibus
968 3636 1068 3676 seu
1088 3620 1144 3674 in
1163 3613 1700 3674 characteribusvel
1720 3614 1778 3668 in
1802 3612 2042 3683 quibus-

393 3726 625 3781 cunque
639 3710 810 3764 rebus
823 3709 1252 3781 suspendendis
1265 3711 1438 3779 atque
1460 3702 1804 3778 ligandis.ln
1823 3701 2039 3773 quibus

392 3797 669 3852 omnibus
693 3815 788 3854 ars
819 3799 1148 3853 daemonum
1173 3801 1262 3852 est
1291 3812 1362 3850 ex
1377 3795 1632 3866 quadam
1657 3791 1931 3864 pestifera
1951 3806 2040 3845 so-

385 3885 591 3941 cietate
604 3886 909 3943 hominum
923 3885 1329 3959 etangelorum
1348 3883 1636 3939 malorum
1649 3879 2038 3937 exorta.Unde

384 3978 441 4028 et
469 3981 683 4031 cuncta
711 3976 950 4032 vitanda
989 3979 1132 4030 sunt
1153 3974 1506 4042 Christiano,
1529 3975 1586 4026 et
1607 3969 1765 4025 omni
1801 3967 2034 4040 penitus

2187 633 2430 698 peccatis
2458 631 2733 690 ducentur
2762 637 2934 691 variis
2969 637 3260 692 desideriis
3287 653 3502 710 semper
3546 637 3836 709 discentes,

2191 722 2248 773 et
2296 737 2581 793 nunquam
2609 723 2680 779 ad
2731 726 3023 782 scientiam
3051 727 3307 782 veritatis
3355 728 3732 798 pervenientes
3768 728 3840 800 (II

2141 826 2144 828 τ
2193 807 2328 864 Tim.
2378 811 2486 882 ιιι).
2550 813 3022 880 Quemadmodum
3074 825 3256 872 autem
3311 817 3511 872 Jannes
3565 824 3617 872 et
3671 817 3835 872 Mam-

2191 896 2312 953 bres
2359 902 2685 958 restiterunt
2713 903 2904 976 Moysi,
2938 906 3016 960 ita
3045 913 3097 961 et
3143 903 3242 961 isti
3269 905 3534 962 resistunt
3583 908 3832 975 veritati,

2189 987 2439 1044 homines
2491 994 2742 1064 corrupti
2793 997 2991 1061 mente,
3054 994 3277 1066 reprobi
3327 996 3477 1050 circa
3530 994 3718 1065 ﬁdem,
3747 996 3834 1051 sed

2187 1077 2338 1132 ultra
2386 1095 2492 1135 non
2549 1081 2857 1152 proﬁcient.
2908 1083 3240 1154 [nsipientia
3288 1099 3475 1139 eorum
3532 1083 3828 1155 mani/esto

2185 1167 2295 1222 erit
2349 1169 2628 1236 omnibus,
2685 1172 2828 1227 sicut
2884 1181 2940 1227 et
2998 1171 3231 1228 illorum
3257 1172 3371 1244 fuit
3429 1175 3500 1244 (Il
3557 1175 3697 1229 Tim.
3726 1175 3829 1245 ιιι).

2257 1273 2370 1331 Nec
2399 1274 2528 1332 ideo
2559 1277 2875 1349 quisquam
2908 1279 3144 1335 credere
3175 1280 3346 1336 debet
3376 1279 3672 1352 quoslibet
3701 1296 3826 1335 ma-

2183 1362 2330 1434 gicis
2384 1365 2608 1421 artibus
2661 1365 2885 1438 aliquid
2937 1367 3127 1423 facere
3175 1384 3344 1440 posse
3375 1368 3503 1424 sine
3535 1371 3821 1439 permissu

2182 1452 2307 1520 Dei,
2340 1455 2480 1526 quia
2527 1455 2727 1511 omnia
2757 1473 2882 1526 quae
2912 1457 3372 1529 ﬁuntautjusto
3397 1458 3624 1529 judicio
3655 1458 3824 1525 ﬁunt,

2182 1544 2284 1596 aut
2341 1543 2633 1614 permissu
2694 1562 2800 1601 suo
2845 1545 2926 1602 ita
2983 1547 3109 1602 ﬁeri
3165 1546 3328 1612 sinit,
3359 1548 3508 1618 quod
3570 1548 3829 1620 pradicti

2181 1631 2394 1702 magici
2426 1632 2706 1706 leguntur
2734 1633 2958 1690 similia
2997 1634 3204 1691 fecisse
3235 1635 3421 1708 Moysi
3469 1635 3570 1709 qui
3605 1637 3825 1710 virgam

2105 1736 2149 1801 Β
2181 1736 2350 1775 suam
2384 1723 2648 1793 projecit,
2681 1731 2735 1779 et
2764 1740 3037 1780 conversa
3065 1727 3157 1780 est
3185 1723 3244 1779 in
3276 1725 3614 1791 draconem,
3639 1728 3827 1799 proje-

2181 1824 2428 1882 cereque
2484 1811 2702 1884 singuli
2760 1812 2950 1884 virgas
2983 1830 3122 1869 suas
3181 1830 3311 1886 quae
3363 1830 3540 1869 versae
3590 1815 3828 1870 suntin

2181 1901 2496 1970 dracones;
2530 1904 2631 1958 sed
2693 1904 2986 1960 devoravit
3044 1905 3208 1977 virga
3263 1911 3457 1962 Aaron
3489 1906 3684 1980 virgas
3735 1923 3826 1963 eo-

2179 2006 2331 2046 rum.
2367 1992 2493 2049 Non
2534 2009 2671 2065 ergo
2721 1994 2959 2050 fuerunt
2997 1998 3289 2050 creatores
3347 1995 3694 2062 draconum,
3722 2013 3824 2052 nec

2178 2080 2334 2152 magi
2367 2097 2473 2136 nec
2498 2081 2689 2153 angeli
2721 2081 2861 2138 mali
2892 2083 3110 2155 quibus
3142 2083 3432 2141 ministris
3463 2084 3566 2140 illa
3613 2102 3826 2157 opera-

2175 2168 2412 2225 bantur.
2442 2171 2648 2226 Insunt
2705 2171 2862 2227 enim
2930 2172 3104 2228 rebus
3145 2175 3438 2244 corporeis
3495 2191 3599 2246 per
3632 2176 3832 2230 omnia

2175 2257 2486 2327 elementa,
2532 2261 2799 2332 quaedam
2857 2260 3094 2317 occultae
3155 2262 3484 2319 seminaria:
3545 2264 3825 2329 rationes,

2175 2348 2390 2419 quibus
2421 2365 2554 2404 cum
2583 2349 2719 2406 data
2759 2350 2934 2406 fuerit
2960 2350 3333 2422 oportunitas
3363 2352 3711 2424 temporalis
3738 2357 3820 2408 at-

2173 2453 2283 2508 que
2333 2437 2611 2505 causalis,
2645 2444 3038 2512 prorumpunt
3075 2439 3134 2494 in
3168 2441 3395 2512 species
3427 2441 3658 2497 debitas
3693 2443 3818 2497 suis

2173 2527 2365 2582 modis
2422 2531 2480 2582 et
2510 2527 2745 2595 finibus,
2780 2534 2838 2584 et
2882 2529 2968 2584 sic
2998 2545 3114 2584 non
3173 2529 3451 2585 dicuntur
3481 2531 3672 2602 angeli
3721 2533 3818 2604 qui

2169 2615 2286 2672 ista
2316 2616 2537 2672 faciunt
2558 2617 2904 2674 animalium
2924 2623 3249 2674 creatures:
3277 2619 3433 2675 sicut
3454 2635 3524 2675 ne
3547 2620 3815 2692 agricolae

2168 2709 2433 2778 segetum
2465 2711 2566 2762 aut
2597 2707 2871 2764 arborum
2903 2707 2994 2763 vel
3035 2724 3527 2780 quorumcumque
3565 2708 3624 2764 in
3660 2714 3815 2764 terra

2166 2796 2534 2867 gignentium
2565 2801 2856 2853 creatores
2905 2797 3140 2853 dicendi
3168 2804 3330 2865 sunt,
3363 2798 3633 2868 quamvis
3665 2816 3808 2870 prte-

2165 2884 2301 2939 bere
2332 2884 2595 2940 noverint
2624 2885 2904 2955 quasdam
2951 2884 3423 2957 opportunitates
3450 2885 3716 2941 visibiles
3756 2891 3811 2940 et

2163 2989 2372 3029 causas
2403 2977 2467 3029 ut
2513 2972 2611 3028 illa
2635 2979 2973 3030 nascantur.
3005 2975 3167 3038 Quod
3222 2979 3417 3030 autem
3447 2974 3546 3030 isti
3581 2974 3806 3030 faciunt

2160 3062 2486 3130 visibiliter,
2518 3062 2626 3119 hoc
2672 3063 2758 3118 illi
2814 3062 3207 3119 invisibiliter.
3262 3063 3416 3119 Deus
3470 3081 3609 3120 vero
3653 3081 3806 3120 unus

2159 3155 2385 3208 creator
2413 3155 2503 3207 est
2531 3152 2632 3224 qui
2658 3168 2869 3208 causas
2891 3152 3052 3224 ipsas
3080 3155 3139 3207 et
3165 3152 3422 3210 rationes
3456 3153 3806 3209 seminaries

2158 3241 2334 3297 rebus
2363 3241 2632 3298 inseruit.

2226 3348 2510 3403 Praeterea
2549 3347 2791 3419 quidam
2833 3349 3212 3421 quaerendum
3248 3353 3475 3421 putant,
3511 3350 3800 3421 quomodo

2155 3436 2460 3508 Scriptura
2487 3441 2685 3492 narret
2734 3435 3137 3509 pythonissam
3185 3439 3513 3493 Samuelem
3545 3437 3800 3510 prophe-

2151 3528 2273 3581 tam
2330 3526 2648 3581 suscitasse
2697 3525 2768 3582 ad
2827 3525 3180 3599 colloquium
3231 3525 3424 3582 Saulis
3453 3526 3790 3599 impiissimi

2149 3614 2324 3685 regis,
2357 3614 2407 3670 si
2457 3614 2770 3687 pythonica
2828 3615 3108 3670 divinatio
3141 3616 3324 3671 errori
3379 3617 3619 3687 magicae
3649 3615 3790 3670 artis

2145 3703 2482 3776 deputanda
2509 3703 2606 3760 sit.
2637 3703 2860 3767 Quibus
2887 3704 2969 3760 ita
3018 3704 3356 3777 responderi
3389 3708 3600 3776 potest,
3634 3704 3786 3761 indi-

2146 3809 2330 3866 gnum
2379 3793 2619 3849 omnino
2677 3791 2904 3848 facinus
2956 3809 3108 3862 esse,
3141 3793 3191 3850 si
3243 3794 3566 3850 secundum
3617 3795 3788 3849 verba

2145 3882 2400 3939 historiae
2446 3882 2893 3939 commendetur
2939 3898 3241 3939 assensus.
3283 3884 3586 3949 Quomodo
3651 3900 3784 3939 cum

2143 3976 2371 4044 poterat
2403 3972 2525 4027 ﬁeri
2558 3975 2622 4026 ut
2649 3969 2768 4027 arte
2793 3971 3020 4044 magica
3051 3971 3448 4028 attraheretur
3488 3973 3580 4031 vir
3614 3978 3671 4028 et
3693 3991 3790 4029 na-

2079 3109 2122 3179 C

382 4065 774 4120 exsecratione
808 4065 1170 4138 repudianda
1192 4066 1366 4134 atque
1398 4059 1751 4117 damnanda.
1778 4056 2034 4129 Auguria
2139 4060 2361 4117 tivitate
2390 4063 2631 4116 sanctus
2661 4064 2716 4116 et
2742 4058 2868 4116 vitae
2891 4059 3169 4132 operibus
3192 4061 3396 4131 justus
3420 4081 3434 4129 ;
3469 4066 3572 4117 aut
3601 4061 3652 4117 si
3676 4062 3786 4117 hoc

379 4159 574 4211 autem
595 4155 789 4210 avium
815 4155 1066 4227 Phryges
1090 4153 1261 4226 primi
1281 4146 2032 4218 invenerunt.Praestigium
2141 4153 2426 4206 attractus
2452 4153 2561 4218 est,
2593 4149 2948 4205 consensit?
2979 4149 3141 4216 Quod
3175 4154 3494 4223 utrumque
3535 4152 3610 4206 de
3667 4150 3786 4206 viro

378 4258 510 4299 vero
559 4244 881 4300 Mercurius
929 4243 1158 4315 primus
1187 4241 1402 4297 dicitur
1452 4238 1764 4296 invenisse.
1796 4235 2028 4292 Dictum
2131 4239 2294 4309 justo
2351 4238 2586 4294 credere
2655 4238 2966 4294 adversum
3055 4241 3163 4294 est.
3224 4239 3283 4295 Si
3330 4239 3490 4294 enim
3567 4238 3787 4295 invitus

382 4336 690 4387 estautem
714 4329 1604 4405 praestigiumquodprzestingat
1625 4327 1808 4382 aciem
1833 4325 2028 4381 oculo-
2137 4327 2428 4382 adductus
2483 4330 2574 4382 est
2632 4325 2864 4382 nullum
2923 4326 3270 4399 suﬁ'ragium
3320 4327 3499 4384 habet
3527 4329 3783 4399 justitia,

384 4436 534 4474 rum.
573 4422 879 4494 Haruspici
939 4427 1122 4476 artem
1157 4419 1375 4491 primus
1419 4416 1681 4473 Etruscis
1713 4414 2029 4470 tradidisse
2061 4487 2095 4494 _
2137 4416 2186 4472 si
2219 4420 2438 4487 autem;
2461 4416 2855 4486 voluntarius,
2888 4431 3214 4472 consensus
3263 4418 3465 4474 amisit
3509 4419 3783 4474 meritum

381 4507 601 4563 dicitur
634 4510 875 4582 quidam
910 4512 1113 4582 Fages,
1144 4508 1239 4564 hic
1269 4506 1555 4564 exanimis
1587 4503 2025 4576 haruspicinam
2058 4487 2104 4551 D
2136 4505 2464 4578 spirituale,
2523 4506 2677 4575 quod
2765 4505 2991 4574 positus
3044 4507 3102 4561 in
3165 4523 3340 4562 carne
3413 4507 3784 4579 quaesiverat,

378 4595 638 4663 dictavit,
671 4604 727 4653 et
776 4603 979 4670 postea
1029 4615 1143 4654 non
1177 4597 1469 4670 apparuit.
1496 4595 1642 4649 Nam
1693 4593 1907 4648 dicitur
1937 4592 2020 4646 fa-
2131 4595 2287 4666 quod
2343 4592 2510 4649 valde
2533 4593 2858 4649 absurdum
2917 4599 3030 4666 est,
3063 4596 3204 4666 quia
3247 4593 3385 4651 hinc
3430 4596 3530 4668 qui
3579 4597 3782 4668 justus

377 4683 580 4740 bulose
611 4691 810 4742 arante
860 4689 1116 4758 quodam
1167 4685 1386 4742 rustico
1419 4701 1486 4740 ex
1515 4682 1702 4755 glebis
1745 4680 2022 4737 exiluisse
2130 4683 2347 4739 recedit
2403 4686 2707 4754 permanet
2753 4683 2979 4754 justus.
3035 4684 3210 4740 Porro
3269 4690 3466 4741 autem
3527 4684 3638 4741 hoc
3691 4689 3782 4741 est

375 4777 432 4830 et
461 4773 896 4847 haruspicinam
930 4775 1203 4844 dictasse,
1238 4791 1355 4846 qua
1386 4773 1478 4828 die
1521 4776 1578 4828 et
1610 4773 1877 4826 mortuus
1908 4774 2016 4826 est.
2127 4771 2488 4845 prestigium
2517 4773 2768 4837 Satanae,
2802 4787 2939 4842 quo,
2971 4776 3037 4828 ut
3065 4772 3353 4844 pessimos
3385 4772 3567 4843 fallat,
3600 4773 3778 4830 etiam

375 4865 530 4929 Quos
562 4861 740 4919 libros
771 4863 1015 4919 Romani
1048 4879 1115 4918 ex
1135 4867 1378 4918 Etrusca
1407 4860 1688 4934 linguain
1724 4860 2019 4932 propriam
2125 4862 2313 4918 bonos
2368 4861 2429 4916 in
2505 4863 2794 4932 potestate
2868 4877 2931 4918 se
2984 4861 3200 4918 habere
3252 4861 3552 4933 conﬁngit.
3613 4863 3779 4927 Quod

374 4956 770 5009 mutaverunt.
808 4951 906 5008 His
928 4968 1065 5024 ergo
1085 4951 1373 5023 portentis
1406 4965 1508 5022 per
1537 4950 1868 5005 daemonum
1910 4947 2018 5004 fal-

370 5037 582 5096 laciam
616 5040 884 5096 illuditur
914 5038 1225 5096 curiositas
1258 5039 1536 5106 humana,
1563 5037 1797 5110 quando
1827 5036 1884 5092 id
1904 5037 2016 5093 im-

371 5129 692 5198 prudenter
704 5133 988 5203 appetunt
1011 5128 1161 5185 scire
1175 5128 1330 5200 quod
1347 5127 1509 5183 nulla
1530 5127 1754 5182 ratione
1777 5126 1861 5182 eis
1886 5142 2018 5182 con-

372 5217 517 5288 petit
547 5218 921 5292 investigare.
951 5223 1024 5275 At
1053 5218 1182 5274 ideo
1233 5217 1407 5273 datur
1437 5220 1694 5288 potestas
1752 5216 2015 5271 immun-

371 5305 462 5362 dis
522 5307 829 5379 spiritibus
859 5313 924 5364 ut
975 5324 1280 5380 perversos
1340 5305 1453 5362 sibi
1503 5309 1754 5376 captent,
1789 5305 1898 5360 hoc
1929 5312 2016 5362 est

371 5412 580 5464 pravos
611 5397 882 5456 homines
915 5399 1201 5454 seducant
1229 5396 1382 5464 illos,
1417 5395 1517 5466 qui
1549 5400 1837 5466 spernunt
1865 5396 2014 5452 veri-

370 5487 552 5540 tatem
584 5490 639 5542 et
661 5489 910 5543 credunt
941 5485 1268 5554 mendacio,
1299 5489 1356 5541 et
1379 5485 1549 5555 juxta
1581 5483 1743 5540 Pauli
1776 5489 2016 5543 senten-

371 5569 517 5626 tiam
543 5588 556 5625 :
579 5573 796 5630 Sanam
844 5575 1154 5630 doctrinam
1173 5590 1280 5630 non
1304 5572 1674 5646 sustinebunt,
1705 5573 1798 5630 sed
1817 5574 1887 5630 ad
1915 5591 2015 5630 sua

2125 4949 2436 5022 Apostolus
2467 4949 2621 5006 inter
2649 4953 2856 5006 caetera
2884 4950 3136 5007 ostendit
3173 4951 3409 5008 dicens:
3442 4955 3560 5022 Ipse
3613 4952 3779 5008 Sata-

2123 5055 2229 5096 nas
2283 5039 2646 5110 transﬁgurat
2686 5055 2745 5094 se
2773 5041 2833 5094 in
2889 5041 3153 5111 angelum
3197 5040 3336 5096 lucis
3394 5040 3464 5113 (II
3507 5041 3636 5098 Cor.
3676 5041 3777 5113 x1).

2126 5128 2198 5184 Ut
2227 5129 2385 5185 enim
2417 5143 2675 5185 errorem
2728 5128 2942 5185 faceret
2969 5128 3029 5184 in
3069 5145 3185 5201 quo
3234 5128 3683 5202 gloriﬁcaretur,
3719 5131 3776 5186 in

2125 5217 2327 5273 habitu
2360 5216 2466 5272 viri
2491 5215 2640 5288 justi
2666 5219 2724 5272 et
2755 5217 2992 5273 nomine
3021 5234 3085 5274 se
3115 5217 3480 5286 subornavit,
3515 5223 3580 5275 ut
3631 5217 3779 5274 nihil

2124 5307 2405 5380 proﬁcere
2461 5321 2626 5377 spem
2697 5322 2876 5378 quam
2934 5307 3332 5378 praedicabant
3388 5308 3491 5364 Dei
3551 5306 3778 5364 cultore

2126 5396 2494 5465 mentiretur,
2529 5395 2765 5466 quando
2790 5395 2929 5452 hinc
2968 5401 3247 5453 exeuntes
3271 5397 3469 5466 justos
3501 5397 3670 5452 finxit
3717 5398 3776 5451 in

2127 5502 2234 5542 sua
2281 5501 2412 5541 esse
2444 5487 2753 5556 potestate.
2787 5484 2900 5540 Sed
2951 5485 3060 5541 hoc
3091 5486 3379 5556 quosdam
3414 5485 3583 5553 fallit,
3618 5486 3777 5558 quod

2126 5576 2196 5630 de
2253 5576 2442 5631 morte
2487 5572 2682 5629 Saulis
2711 5578 2767 5630 et
2818 5573 2921 5630 Iilii
2966 5575 3097 5646 ejus
3157 5592 3271 5630 nou
3305 5575 3383 5631 sit
3442 5576 3731 5632 mentitas
3768 5591 3784 5630 :
