3986 6048
233 289 364 342 1321

1498 286 1897 339 PANORMIA.
1942 313 2007 322 —
2047 284 2179 337 LIB.
2222 286 2373 339 VIII.

3508 292 3646 347 1322

223 414 397 486 quasi
428 429 711 486 magnum
739 412 815 468 sit
844 412 1077 469 diabolo
1117 416 1251 468 ante
1299 428 1571 467 occasum
1627 415 1873 465 mortem
1906 412 1960 475 Α
1991 409 2217 479 dicunt,
2248 414 2350 465 aut
2380 425 2590 465 sanare
2620 410 2896 465 videntur
2923 411 3259 483 languidos,
3291 420 3393 470 aut
3440 416 3647 475 laedere

220 502 482 575 corporis
532 502 872 575 praevidere,
928 518 1063 557 cum
1114 502 1285 573 signa
1330 500 1598 572 quazdam
1649 499 1879 555 soleant
1989 513 2190 565 sanos,
2224 499 2381 569 quod
2417 498 2523 553 hoc
2554 498 2911 569 permissum
2962 499 3062 555 Dei
3114 502 3213 570 sit,
3264 508 3327 558 ut
3374 504 3487 575 ipsi
3540 506 3640 578 qui

220 608 501 663 apparere
535 591 841 647 morituris
870 592 1090 663 quippe
1117 608 1150 646 a
1179 590 1399 663 quibus
1444 589 1543 645 Dei
1594 584 1875 659 protectio

223 685 418 737 amota
446 680 698 736 videtur.
732 680 961 745 Quanto
993 679 1178 750 magis
1208 677 1442 735 diabolo
1473 691 1648 749 quem
1701 691 1876 746 ange-

1987 584 2109 641 haec
2140 587 2390 643 audiunt
2418 588 2509 643 vel
2541 588 2739 643 vident
2769 589 3039 659 probent,
3072 594 3129 645 et
3160 598 3442 662 appareat
3483 594 3640 666 quali

1985 676 2099 730 fide
2131 675 2369 744 eint,vel
2401 678 2705 733 devotione
2737 693 2876 749 erga
2907 683 3111 747 Deum,
3146 680 3302 737 sicut
3332 682 3390 736 in
3423 683 3636 740 Deuts-

222 772 335 831 lica
366 773 669 844 majestate
700 770 1019 828 sublimem
1047 770 1385 841 prophetica
1412 767 1649 823 oracula
1693 767 1874 821 fuisse
1984 765 2250 819 ronomio
2279 764 2494 837 legitur
2524 765 2754 838 Moyses
2785 766 2957 822 verbo
2988 767 3221 849 Domini
3263 771 3482 841 pepulo
3535 773 3637 829 Dei

224 866 537 919 testantur.
575 863 649 917 De
682 862 854 930 cujus
904 859 1311 930 magnitudine
1361 855 1679 929 Apostolus
1731 854 1809 909 ait
1854 870 1868 909 :

224 957 317 1005 Αη
350 952 617 1021 ignoratis
646 949 1004 1004 altitudinem
1032 947 1295 1003 Satanae?

292 1038 441 1103 Quid
471 1038 689 1093 mirum
719 1053 856 1109 ergo
882 1038 933 1093 si
964 1036 1375 1092 imminentem
1409 1050 1585 1106 prope
1618 1038 1867 1089 mortem

217 1127 409 1197 potuit
438 1127 774 1199 praevidere,
807 1142 943 1181 cum
976 1125 1084 1179 hoc
1115 1124 1193 1180 sit
1222 1124 1378 1179 unde
1411 1123 1580 1187 fallit,
1612 1128 1668 1177 et
1693 1138 1754 1177 se
1806 1121 1867 1175 in

214 1214 318 1270 Dei
349 1220 637 1287 potestate
666 1214 790 1283 vult
819 1213 1072 1269 adorari.
1105 1217 1252 1269 Nam
1297 1217 1463 1267 tanta
1509 1210 1866 1266 hebetudine

212 1302 457 1358 demens
490 1303 731 1358 effectus
761 1304 850 1357 est
876 1298 1107 1367 Saul,ut
1132 1300 1203 1354 ad
1236 1298 1645 1371 Pythonissam
1668 1296 1867 1352 confu-

211 1397 392 1461 geret.
425 1396 793 1462 Depravatus
822 1390 979 1444 enim
1015 1404 1194 1443 causa
1223 1387 1466 1460 peccati,
1511 1387 1580 1443 ad
1630 1386 1753 1441 hac
1802 1400 1864 1440 se

212 1480 485 1543 contulit,
520 1496 647 1552 quae
679 1480 1081 1534 damnaverat.
1113 1477 1217 1532 Sed
1252 1477 1300 1531 si
1331 1476 1463 1547 quis
1496 1480 1731 1546 propter
1773 1474 1862 1528 hi-

211 1570 453 1625 storiam
486 1574 545 1623 et
574 1585 643 1623 ea
673 1584 800 1640 quas
830 1566 1025 1623 verbis
1056 1568 1195 1621 sunt
1223 1581 1517 1637 expressa,
1552 1568 1716 1634 putet
1744 1580 1859 1618 non

212 1656 731 1730 prastermittenda,
768 1673 837 1711 ne
870 1657 1019 1712 ratio
1052 1654 1305 1710 historiae
1339 1654 1530 1709 inanis
1581 1653 1659 1708 sit
1706 1656 1860 1707 recte

210 1747 385 1802 faciet
416 1745 653 1818 quidem
684 1745 733 1800 si
766 1750 963 1835 tamen
996 1743 1240 1835 minime
1280 1740 1427 1835 illud
1480 1741 1551 1796 ad
1603 1740 1723 1835 veri
1757 1757 1856 1835 ra-
1886 1770 1934 1835 B

208 1836 333 1905 piat
362 1836 775 1903 rationem,sed
807 1834 878 1889 ad
912 1833 1103 1888 visum
1127 1836 1184 1886 et
1224 1829 1587 1886 intellectum
1638 1827 1852 1884 Saulis.

206 1924 405 1995 Neque
436 1923 591 1979 enim
625 1924 912 1994 reprobus
942 1923 1130 1977 factus
1160 1924 1389 1991 poterat
1418 1919 1632 1973 bonum
1682 1916 1853 1971 intel-

205 2012 426 2069 lectum
452 2010 1018 2067 babere.Historicus
1043 2015 1241 2065 autem
1266 2010 1521 2062 mentem
1545 2004 1735 2061 Saulis
1758 2004 1851 2059 ha-

203 2102 391 2158 bitum
423 2105 480 2156 et
510 2099 801 2156 Samuelis
835 2097 1116 2153 describit
1146 2115 1213 2153 ea
1243 2114 1371 2168 quia
1420 2096 1576 2150 dicta
1623 2099 1679 2148 et
1730 2094 1851 2147 visa

201 2194 344 2247 sunt
390 2190 741 2261 exprimens,
794 2185 1247 2258 praetermittens
1299 2185 1348 2239 si
1396 2200 1531 2239 vera
1581 2200 1654 2239 an
1706 2182 1853 2237 falsa

201 2280 341 2334 sint.
364 2279 533 2344 Quid,
570 2278 670 2346 ait,
698 2276 946 2332 audiens
978 2276 1033 2329 in
1067 2291 1178 2345 quo
1212 2273 1418 2328 habitu
1450 2276 1605 2326 esset
1634 2272 1849 2326 excita-

202 2369 344 2421 tus?
373 2364 685 2429 Intellexit,
718 2365 934 2435 inquit,
967 2363 1109 2417 hunc
1137 2378 1248 2417 esse
1274 2361 1579 2416 Samuelem
1627 2360 1673 2428 (ι
1722 2360 1849 2427 Reg.

202 2456 385 2525 xvm).
420 2454 567 2518 Quid
600 2470 728 2509 esse
765 2452 1114 2508 intellexerit
1162 2450 1383 2519 retulit,
1435 2457 1491 2504 et
1538 2448 1677 2518 quia
1708 2449 1852 2503 bene

206 2561 319 2599 non
356 2543 730 2611 intellexerit,
746 2549 949 2597 contra
978 2541 1341 2612 Scripturam
1374 2538 1554 2593 alium
1592 2535 1855 2592 adoravit

205 2649 381 2703 quam
410 2632 812 2697 Dominum,et
834 2634 1048 2701 putans
1069 2626 1400 2683 Samuelem
1431 2624 1690 2680 adoravit
1723 2625 1851 2679 dia-

202 2722 430 2787 bolum,
462 2727 527 2776 ut
557 2721 807 2775 fructum
842 2718 1082 2775 fallacias
1128 2734 1248 2773 suae
1297 2716 1537 2771 haberet
1584 2716 1850 2783 Satanas,

202 2812 313 2865 hoc
344 2811 499 2865 enim
532 2809 739 2863 nititur
771 2812 835 2862 ut
865 2808 1140 2863 adoretur
1168 2805 1331 2876 quasi
1364 2804 1540 2859 Deus.
1586 2803 1645 2858 Si
1694 2803 1849 2858 enim

200 2916 334 2955 vere
364 2896 600 2954 Samuel
632 2896 717 2952 illi
749 2896 1143 2968 apparuisset,
1160 2911 1275 2949 non
1312 2893 1513 2964 utique
1544 2892 1628 2948 vir
1648 2893 1850 2962 justus

201 2990 566 3062 permisisset
593 3005 655 3045 se
685 2988 911 3044 adorari
946 2986 1047 3058 qui
1076 2986 1491 3057 pradicaverat
1534 2983 1847 3038 Dominum

196 3079 391 3134 solum
423 3093 551 3133 esse
582 3076 972 3141 adorandum,
1000 3081 1059 3130 et
1088 3074 1377 3145 quomodo
1409 3072 1584 3128 homo
1615 3072 1713 3127 Dei
1746 3072 1843 3142 qui

196 3166 256 3220 in
288 3166 658 3237 refrigerium
692 3181 825 3219 cum
856 3163 1150 3218 Abraham
1182 3169 1327 3227 erat,
1357 3162 1587 3217 dicebat
1636 3161 1707 3215 ad
1762 3162 1844 3214 vi.

196 3270 327 3309 rum
360 3253 700 3325 pestilentia
732 3252 972 3322 dignum
1006 3252 1213 3307 ardore
1243 3250 1553 3321 gehennae:
1576 3250 1707 3305 Cras
1733 3265 1845 3305 me-

198 3358 326 3397 cum
354 3342 675 3411 eris?(ibid.)
706 3341 809 3397 His
840 3340 1071 3395 duobus
1103 3339 1290 3395 titulis
1323 3338 1710 3395 subtilitatem
1735 3337 1844 3393 fal-

198 3431 359 3486 laciae
394 3448 511 3486 sum
546 3430 809 3502 praavidit
837 3430 1204 3500 improvidus
1237 3428 1506 3493 Satanas,
1541 3429 1681 3497 quia
1710 3427 1846 3480 ado-

199 3520 314 3573 rari
348 3536 409 3573 se
442 3517 707 3588 permisit
738 3518 849 3571 sub
892 3515 1097 3570 habitu
1148 3520 1205 3569 et
1251 3514 1486 3569 nomine
1533 3512 1844 3580 Samuelis,

197 3610 403 3662 contra
432 3606 617 3676 legem
650 3608 707 3658 et
736 3604 927 3656 virum
962 3601 1211 3673 peccatis
1244 3616 1534 3671 pressum,
1562 3617 1694 3654 cum
1728 3618 1847 3655 ma-

197 3711 316 3767 gna
345 3693 627 3749 distantia
656 3694 1029 3764 peccatorum
1062 3690 1438 3760 etjustorum
1471 3690 1707 3759 sit,cum
1742 3690 1844 3745 Sa-

201 3780 743 3852 muelejustissimo
768 3780 1031 3834 futurum
1056 3779 1339 3834 mentitus
1362 3783 1469 3833 est.
1494 3778 1707 3834 Verum
1736 3795 1843 3850 po-

196 3878 310 3927 test
338 3871 522 3927 videri
554 3872 604 3926 si
633 3870 705 3924 de
750 3868 1039 3925 Samuelis
1089 3867 1323 3923 nomine
1372 3871 1655 3934 taceatur,
1707 3868 1846 3939 quia

196 3961 337 4017 Saul
361 3977 495 4017 cum
519 3958 751 4015 diabolo
775 3959 1011 4014 futurus
1031 3961 1174 4025 erat,
1210 3956 1280 4013 ad
1308 3972 1440 4012 eum
1461 3956 1617 4012 enim
1646 3961 1844 4013 trans-

199 4048 496 4120 migravit,
529 4062 703 4117 quem
734 4045 1018 4101 adoravit.

264 4138 502 4207 Semper
531 4150 668 4206 ergo
699 4134 969 4189 diabolus
1002 4134 1111 4188 sub
1144 4132 1429 4189 velamine
1460 4131 1668 4202 latens,
1713 4151 1843 4206 pro-

194 4225 280 4281 dit
309 4242 404 4293 se;
438 4226 577 4278 dum
610 4239 678 4279 ea
708 4222 986 4292 conﬁngit
1016 4238 1143 4293 quae
1166 4222 1423 4277 haereant
1452 4223 1716 4294 personis
1743 4240 1846 4295 per

196 4331 345 4385 quas
378 4312 576 4367 fallere
605 4311 831 4366 nititur.
866 4311 925 4366 Si
952 4316 1149 4367 autem
1181 4310 1549 4381 quibuslibet
1603 4311 1846 4383 opponit

196 4418 263 4457 ac
287 4401 461 4456 dicit:
487 4399 779 4471 quomodo
800 4400 1075 4455 eveniunt
1096 4399 1195 4453 illa
1218 4415 1347 4469 quae
1374 4399 1458 4453 illi
1482 4399 1663 4455 divini
1698 4418 1841 4472 prte-

1982 853 2328 924 praecepisse
2361 854 2440 909 ita
2470 855 2669 910 dicens
2688 871 2699 909 :
2718 854 2780 909 Si
2805 859 3060 911 surrexit
3092 858 3149 911 in
3182 860 3372 914 medio
3401 862 3487 915 tui
3509 877 3636 931 pro-

1974 944 2160 1012 pheta,
2189 945 2287 996 aut
2316 944 2411 1012 qui
2439 942 2585 997 dicat
2615 945 2895 998 somnium
2924 959 2980 998 se
3012 944 3211 1000 vidisse
3260 955 3310 1000 et
3350 948 3629 1017 praedixe-

1978 1031 2053 1084 rit
2080 1047 2303 1099 signum
2331 1047 2394 1085 ac
2432 1036 2758 1102 portentum
2803 1035 3046 1088 evenerit
3096 1034 3240 1104 quod
3290 1035 3503 1092 locutus
3556 1044 3634 1094 est

1977 1126 2029 1173 et
2057 1118 2263 1174 dixerit
2278 1136 2297 1180 ,'
2322 1142 2350 1169 ‹‹
2373 1121 2573 1175 Eamus
2601 1126 2652 1176 et
2680 1137 2978 1192 sequamur
3006 1123 3134 1178 deos
3162 1123 3391 1191 alienos,
3426 1130 3482 1180 et
3510 1144 3629 1181 ser-

1976 1209 2193 1263 viamus
2220 1210 2318 1277 eis,
2350 1225 2455 1265 non
2487 1209 2678 1265 audies
2712 1212 2875 1266 verba
2912 1210 3189 1283 prophetae
3239 1216 3334 1267 aut
3383 1218 3630 1271 somnia-

1972 1299 2107 1352 toris
2135 1299 2267 1368 quia
2294 1302 2474 1352 tentet
2505 1314 2594 1354 vos
2624 1299 2887 1354 Dominus
2919 1300 3055 1355 Deus
3094 1310 3291 1368 vester,
3340 1304 3393 1356 si
3434 1304 3627 1374 palam

1972 1387 2068 1455 ﬁat
2095 1392 2285 1442 utrum
2313 1388 2562 1457 diligatis
2591 1404 2719 1443 eum
2750 1405 2823 1443 an
2850 1404 2958 1444 non
2976 1392 3001 1441 .9
3030 1390 3087 1442 In
3120 1392 3230 1445 toto
3259 1390 3418 1447 corde
3464 1401 3519 1448 et
3564 1395 3624 1448 in

1971 1481 2089 1529 tota
2117 1477 2306 1530 anima
2352 1481 2530 1531 vestra
2575 1478 2869 1531 Dominum
2915 1481 3154 1532 vestrum
3199 1481 3525 1551 sequimini,
3574 1491 3625 1537 et

1969 1566 2153 1633 ipsum
2173 1568 2376 1633 timete,
2408 1569 2458 1620 et
2479 1566 2739 1620 mandata
2760 1567 2876 1635 ejus
2903 1567 3190 1631 custodite,
3225 1578 3276 1623 et
3307 1569 3495 1624 audite
3523 1585 3617 1625 vo-

1968 1669 2083 1707 cem
2108 1654 2280 1707 illius.
2330 1656 2437 1723 Ipsi
2483 1656 2740 1709 servietis
2785 1659 2839 1709 et
2887 1658 2993 1726 ipsi
3038 1656 3395 1711 adhaerebitis
3439 1658 3614 1729 (Deut.

1968 1748 2114 1808 xm).
2144 1760 2171 1792 ι
2211 1742 2318 1797 Ubi
2352 1759 2492 1798 sane
2520 1742 2769 1813 intelligi
2800 1744 3005 1812 voluit,
3030 1749 3088 1799 et
3118 1744 3219 1799 illa
3249 1761 3373 1816 quae
3406 1763 3439 1801 a
3468 1747 3612 1801 divi-

1967 1830 2246 1885 nantibus
2269 1847 2382 1885 non
2405 1832 2731 1885 secundum
2755 1831 2938 1886 Deum
2969 1832 3265 1897 dicuntur,
3301 1833 3350 1888 si
3383 1836 3613 1890 accide-

1963 1919 2082 1973 rint
2112 1936 2239 1990 quas
2271 1920 2582 1988 dicuntur;
2618 1937 2731 1975 non
2778 1927 2918 1975 sunt
2966 1921 3050 1975 sic
3106 1922 3467 1992 accipienda,
3520 1922 3609 1979 vel

1962 2008 2136 2063 etiam
2163 2009 2210 2063 si
2235 2008 2374 2063 ﬁant
2398 2025 2524 2080 quae
2547 2008 2965 2080 principiuntur
2984 2010 3055 2064 ab
3080 2010 3183 2077 eis,
3209 2014 3311 2065 aut
3340 2011 3610 2067 colantur

1962 2113 2088 2166 quae
2120 2096 2393 2151 coluntur
2422 2098 2493 2152 ab
2524 2098 2628 2153 eis.
2664 2098 2776 2153 Nec
2809 2102 3015 2168 printer
3044 2102 3390 2169 potestatem
3432 2117 3603 2157 suam

1960 2186 2216 2240 ostendit
2248 2186 2399 2241 Deus
2428 2202 2556 2241 esse
2586 2186 2737 2255 quod
2770 2188 3120 2259 contingunt
3148 2188 3279 2256 ista,
3301 2190 3399 2244 sed
3433 2190 3605 2260 quasi

1962 2280 2319 2346 quareretur
2345 2292 2449 2329 cur
2496 2291 2562 2329 ea
2614 2275 2929 2343 permittat,
2979 2293 3217 2331 causam
3268 2278 3609 2335 tentationis

1962 2363 2247 2434 exposuit,
2271 2364 2340 2418 ad
2373 2365 2844 2434 cognoscendum
2880 2364 3081 2434 utique
3111 2382 3314 2421 eorum
3346 2365 3611 2422 dilectio-

1963 2467 2094 2505 nem
2124 2456 2319 2505 utrum
2350 2468 2476 2506 eam
2510 2451 2761 2507 habeant
2792 2468 2928 2523 erga
2957 2453 3142 2507 Deum
3176 2456 3610 2528 suum.Cogno-

1963 2539 2243 2593 scendum
2275 2554 2408 2593 vero
2439 2538 2511 2593 ab
2544 2538 2687 2608 ipsis
2717 2539 2914 2609 potius
2945 2555 3120 2609 quam
3154 2540 3227 2595 ab
3258 2556 3325 2595 eo
3356 2542 3459 2613 qui
3500 2542 3612 2598 scit

1962 2627 2160 2681 omnia
2191 2631 2506 2697 antequam
2536 2627 2699 2681 fiant.

1960 2734 2093 2789 CAP.
2149 2734 2390 2788 LXVIII.
2454 2734 2589 2801 Quot
2647 2732 2817 2788 modis
2874 2735 3148 2790 damones
3203 2736 3400 2808 futura
3452 2752 3604 2808 prae-

2648 2808 2898 2861 noscunt.

2241 2897 2493 2965 August.
2526 2895 2602 2948 De
2629 2893 2861 2951 divinat.
2894 2895 3128 2953 damon.
3148 2937 3162 2964 ,
3188 2912 3235 2952 e.
3262 2896 3316 2953 3.

2030 2983 2139 3053 (26,
2172 2999 2228 3054 q.
2262 2983 2315 3052 4,
2367 3000 2417 3038 c.
2464 2983 2753 3038 Sciendum
2794 2984 2915 3055 est.)
2965 2984 3280 3041 Sciendum
3335 2989 3424 3041 est
3468 3003 3603 3044 vero

1958 3072 2106 3127 hanc
2156 3073 2485 3128 daemonum
2541 3088 2670 3127 esse
2720 3076 2985 3127 naturam
3040 3078 3106 3128 ut
3153 3075 3293 3129 aerii
3341 3076 3602 3147 corporis

1958 3178 2158 3227 sensu,
2178 3168 2543 3217 terrenorum
2575 3176 2886 3231 corporum
2920 3177 3160 3217 sensum
3194 3162 3360 3218 facile
3390 3179 3603 3235 praece-

1956 3250 2133 3317 dant;
2166 3248 2459 3306 celeritate
2488 3249 2663 3305 etiam
2696 3255 2930 3321 propter
2960 3252 3100 3307 aerii
3131 3252 3391 3323 corporis
3428 3269 3603 3324 supe-

1955 3340 2166 3395 riorem
2189 3339 2573 3393 mobilitatem
2608 3356 2725 3393 non
2756 3338 2948 3393 solum
2971 3357 3181 3394 cursus
3206 3342 3606 3411 quarumlibet

1956 3444 2149 3481 rerum
2178 3432 2240 3481 ut
2264 3428 2569 3481 hominum
2594 3426 2681 3480 vel
2706 3426 2985 3494 ferarum,
3006 3444 3207 3482 verum
3232 3428 3409 3483 etiam
3440 3430 3601 3484 vola-

1956 3521 2052 3569 tus
2074 3515 2268 3568 avium
2296 3512 2827 3583 incomparabiliter
2848 3514 3101 3569 vincant.
3119 3516 3343 3579 Quibus
3373 3518 3605 3573 duabus

1956 3604 2156 3668 rebus,
2189 3607 2472 3671 quantum
2497 3604 2569 3656 ad
2592 3618 2824 3656 aereum
2849 3619 3061 3674 corpus
3085 3605 3312 3676 attinet,
3348 3606 3597 3676 praaditi,

1956 3692 2064 3745 hoc
2096 3698 2183 3745 est
2212 3691 2481 3746 acumine
2513 3707 2723 3746 sensus
2755 3695 2810 3746 et
2841 3692 3134 3748 celeritate
3174 3699 3370 3749 motus
3420 3694 3603 3751 multo

1956 3786 2090 3834 ante
2116 3780 2346 3851 cognita
2369 3780 2761 3850 praenuntiant
2775 3780 2860 3836 vel
2886 3782 3163 3837 nuntiant
3185 3801 3309 3854 quas
3332 3783 3602 3839 homines

1955 3886 2057 3940 pro
2072 3885 2281 3924 sensus
2298 3869 2511 3924 terreni
2526 3870 2800 3925 tarditate
2816 3870 3120 3926 mirentur.
3146 3872 3406 3927 Accessit
3423 3872 3601 3927 etiam

1954 3958 2317 4013 daemonibus
2340 3974 2442 4029 per
2462 3963 2579 4012 tam
2606 3958 2843 4029 longum
2870 3963 3101 4030 tempus
3125 3976 3238 4030 quo
3263 3978 3464 4015 eorum
3488 3961 3601 4015 vita

1955 4047 2327 4119 protenditur
2358 4062 2553 4102 rerum
2585 4046 2757 4118 longe
2790 4047 2979 4117 major
3015 4048 3374 4117 experientia
3423 4065 3598 4118 quam

1954 4134 2495 4207 potesthominibus
2515 4139 2751 4206 propter
2766 4134 3106 4190 brevitatem
3124 4137 3253 4191 vitae
3277 4136 3597 4207 pervenire.

1952 4225 2059 4278 Per
2080 4223 2185 4279 has
2208 4223 2499 4278 efﬁcaciae
2518 4240 2663 4294 quas
2688 4225 2827 4278 aerii
2862 4224 3121 4295 corporis
3153 4232 3360 4279 natura
3394 4224 3603 4280 sortita

1952 4318 2184 4381 est,non
2219 4312 2406 4367 solum
2441 4311 2629 4367 multa
2660 4312 2857 4367 futura
2902 4313 3229 4384 priedicunt
3280 4315 3602 4380 daemones,

1953 4418 2151 4457 verum
2179 4401 2354 4455 etiam
2378 4401 2565 4455 multa
2588 4400 2734 4457 mira
2760 4402 2996 4457 faciunt.
3027 4404 3161 4468 Qum
3186 4402 3464 4473 quoniam
3498 4403 3601 4458 ho-

196 4490 400 4544 dicunt
432 4490 756 4557 futura,au.‘
788 4489 1081 4559 quomodo
1115 4491 1365 4559 possunt
1395 4488 1564 4559 aegris
1588 4491 1845 4560 praebere
1875 4489 1921 4553 D
1956 4492 2144 4545 mines
2167 4489 2355 4545 dicere
2377 4506 2442 4544 ac
2466 4490 2649 4544 facere
2672 4507 2783 4544 non
2809 4495 3077 4562 possunt,
3104 4508 3201 4546 eos
3225 4492 3434 4564 dignos
3467 4492 3602 4562 qui-

198 4577 504 4649 medelam,
536 4584 637 4633 aut
668 4577 829 4632 sanis
861 4576 1153 4633 immitere
1175 4576 1602 4649 aegritudinem,
1634 4578 1684 4633 si
1733 4578 1842 4633 ali-

193 4668 335 4740 quid
361 4667 591 4740 proprie
613 4666 847 4721 virtutis
879 4682 944 4721 ac
976 4665 1283 4737 potestatis
1319 4682 1433 4720 non
1463 4666 1702 4736 habent,
1736 4667 1844 4723 hoc

196 4776 231 4813 a
252 4758 420 4814 nobis
442 4756 682 4829 recipiat
713 4755 1255 4828 responsum,quod
1288 4755 1417 4811 ideo
1449 4757 1699 4828 quisque
1732 4775 1842 4813 non

193 4847 366 4902 debet
383 4845 469 4902 eis
491 4845 893 4916 credere,quia
914 4844 1231 4916 aliquando
1254 4844 1529 4901 eveniunt
1550 4862 1674 4917 quas
1697 4863 1845 4917 prce-

1953 4579 2087 4633 dam
2113 4577 2328 4649 quibus
2351 4577 2627 4645 serviant,
2650 4583 2706 4632 et
2726 4579 2940 4647 quibus
2963 4579 3214 4634 honores
3236 4580 3469 4635 divinos
3500 4581 3602 4635 de-

1955 4668 2164 4737 ferant,
2198 4666 2573 4735 arbitrantur,
2602 4666 2988 4738 investigante
3022 4667 3271 4723 maxime
3301 4668 3442 4722 vitio
3493 4686 3601 4723 cu-

1956 4756 2259 4821 riositatis,
2294 4760 2525 4827 propter
2574 4772 2827 4810 amorem
2879 4756 3173 4811 felicitatis
3218 4757 3375 4812 falsa:
3425 4761 3602 4826 atque

1956 4852 2199 4903 terrenae
2230 4848 2285 4899 et
2315 4843 2665 4899 excellentiaa
2698 4844 3060 4915 temporalis.

1579 5172 1681 5232 DE
1732 5170 2219 5232 SORTILEGIIS

198 5332 333 5388 CAP.
366 5328 547 5386 LXIX.
576 5330 647 5386 De
674 5329 759 5385 his
787 5327 885 5401 qui
911 5329 1163 5454 aggutriis
1191 5336 1245 5384 et
1274 5328 1706 5386 divinationibus
1736 5333 1845 5383 stu-

980 5416 1048 5454 en
1079 5440 1091 5454 .

980 5416 1091 5455 ent.

700 5491 869 5544 Conc.
905 5487 1139 5559 Agath.,
1171 5504 1219 5541 c.
1253 5489 1341 5542 42.

273 5600 387 5671 (26,
419 5614 477 5670 q.
508 5598 563 5667 5,
594 5596 979 5668 c.Atiquanti.)
1011 5594 1309 5667 Aliquanti
1339 5594 1533 5651 clerici
1564 5594 1684 5652 sive
1712 5596 1847 5652 laici

521 5725 606 5783 ΡΑ
623 5736 786 5782 ῑιιοι.
835 5721 1038 5781 CLXI.

1956 5329 2196 5385 student
2226 5327 2574 5399 auguriis,et
2602 5327 2712 5383 sub
2743 5324 2981 5381 nomine
3013 5324 3156 5379 ﬁctae
3180 5322 3482 5394 religionis
3503 5340 3604 5395 per

1955 5435 2054 5474 eas
2084 5434 2232 5488 quas
2264 5422 2601 5473 sanctorum
2633 5415 2869 5469 Patrum
2900 5418 3085 5468 sortes
3115 5418 3348 5478 vocant,
3372 5412 3600 5468 divina-

1956 5506 2134 5562 tionis
2180 5506 2485 5562 scientiam
2538 5504 2907 5573 proﬁtentur,
2955 5506 3057 5556 aut
3105 5517 3599 5572 quarumcunque

1958 5594 2384 5666 scripturarum
2416 5588 2777 5661 inspectione
2811 5590 3005 5643 futura
3043 5587 3431 5660 promittunt;
3482 5588 3605 5644 haec

3216 5713 3290 5774 42
