3936 6056
388 294 530 348 1323

1477 293 1542 342 D.
1591 287 1830 342 I‘v’ONlS
1865 290 2364 344 CARNOTENSIS
2403 290 2723 344 EPISCOPI

3703 289 3840 342 1⁸3⁸23

387 419 725 492 quicunque
756 415 1003 472 clericus
1036 418 1138 470 aut
1167 413 1354 469 laicus
1405 413 1667 469 detectus
1721 408 1895 467 fuerit
1953 412 2042 467 vel
2074 415 2127 480 Α
2159 412 2321 468 horis
2344 430 2476 469 cum
2501 414 2684 469 Diana
2709 429 3065 486 paganorum
3089 415 3197 470 dea
3214 412 3304 470 vel
3328 430 3467 470 cum
3492 414 3843 478 Herodiade

391 507 702 565 consulere
732 506 821 562 vel
853 506 1080 570 docere,
1117 503 1188 558 ab
1218 503 1476 558 Ecclesia
1523 501 1810 557 habeatur
1856 507 2046 557 extra-

394 615 564 655 neus.

395 691 532 744 CAP.
571 683 732 741 LXX.
760 684 889 741 Sors
915 682 1061 738 nihil
1108 679 1262 736 aliud
1311 687 1390 734 est
1441 695 1607 751 quam
1653 678 1950 746 divinatio,
1997 680 2048 732 et

805 755 1142 824 maleﬁcium
1169 768 1279 808 esse
1306 754 1641 807 decernitur.

764 846 875 900 Leo
907 843 982 898 IV
1015 840 1307 914 episcopis
1339 839 1674 896 Britannia.

467 937 578 1005 (25,
607 951 664 1006 q.
696 935 750 1003 5,
785 951 836 989 c.
887 931 1119 1001 Sortes.)
1174 935 1371 985 Sortes
1419 929 1636 1000 quibus
1683 945 1784 983 vos
1835 930 2046 982 cuncta

395 1027 453 1082 in
480 1023 690 1080 vestris
729 1021 1148 1078 discriminatis
1178 1017 1489 1090 provinciis
1514 1016 1656 1071 nihil
1681 1016 1839 1070 aliud
1866 1031 2044 1086 quam

393 1115 546 1186 quod
578 1113 778 1169 Patres
813 1113 1261 1174 damnaverunt,
1296 1107 1686 1162 divinationes
1717 1111 1775 1161 et
1825 1104 2045 1159 maleﬁ-

391 1205 546 1259 cium
579 1215 708 1256 esse
739 1199 1134 1254 decernimus.
1171 1195 1560 1259 Quamobrem
1594 1193 1866 1250 volumus
1914 1192 2047 1247 illas

391 1290 632 1347 omnino
657 1286 950 1352 damnari,
980 1291 1037 1340 et
1071 1285 1225 1339 ultra
1270 1284 1422 1339 inter
1469 1283 1834 1338 Christianos
1881 1280 2044 1335 volu-

397 1397 530 1435 mus
559 1377 870 1444 nominari,
903 1381 960 1430 et
989 1378 1052 1430 ut
1082 1372 1466 1429 abscindatur
1495 1372 1604 1427 sub
1653 1369 2046 1427 anathematis

397 1468 706 1525 interdicto
740 1464 1141 1539 prohibemus.

707 1556 842 1611 CAP.
878 1554 1061 1610 LXXI.
1101 1553 1532 1609 Vaticinatorum
1555 1567 1735 1622 paena.

887 1641 1136 1714 Capitul.
1166 1641 1206 1696 l.
1237 1657 1339 1709 vn,
1373 1657 1422 1695 c.
1455 1640 1544 1695 27.

470 1735 891 1792 Vaticinatores
911 1732 1012 1803 qui
1053 1747 1116 1788 se
1138 1732 1338 1786 futura
1358 1728 1712 1785 denuntiant
1733 1724 2046 1797 scire,caesi

401 1827 471 1882 de
501 1824 732 1880 civitate
753 1823 1076 1892 jactentur.

396 1933 530 1989 CAP.
563 1927 860 1986 LXXII.Ab
891 1923 1141 1980 Ecclesia
1169 1926 1456 1994 separetur
1485 1923 1738 1992 auguriis
1767 1928 1818 1978 et
1850 1921 2044 1975 incan-

897 1997 1194 2051 tationibus
1222 1995 1548 2050 deserviens.

864 2089 1036 2140 Conc.
1069 2083 1366 2155 Carthag.,
1401 2100 1448 2138 c.
1480 2083 1570 2137 79.

469 2179 580 2249 (26,
613 2192 671 2246 q.
702 2177 758 2242 5,
791 2191 840 2230 c.
875 2173 1188 2244 Auguriis.)
1218 2172 1494 2244 Auguriis
1522 2171 1610 2227 vel
1639 2169 2051 2226 incantationi-

399 2268 512 2322 bus
541 2265 892 2320 servientem
926 2281 959 2316 a
999 2265 1287 2316 conventu
1339 2259 1604 2314 Ecclesiae
1655 2259 2048 2329 separandum

401 2354 798 2426 praecipimus,
827 2349 1102 2406 similiter
1131 2353 1186 2404 et
1214 2349 1478 2404 Judaicis
1528 2346 2050 2419 superstitionibus

401 2444 487 2499 vel
523 2443 682 2498 feriis
714 2441 1124 2495 inherentem.

402 2533 539 2588 CAP.
571 2529 809 2586 LXXIII.
845 2527 1106 2596 Exemplo
1133 2528 1288 2583 Jonas
1317 2530 1365 2581 et
1395 2525 1616 2582 Malitia:
1645 2539 1752 2580 non
1783 2527 1860 2580 est
1887 2525 2050 2581 sorti-

813 2600 910 2656 bus
940 2598 1263 2673 differenter
1289 2597 1638 2653 credendum.

735 2690 1074 2760 Hieronym.
1109 2687 1180 2742 ad
1209 2686 1341 2743 Jon.
1378 2702 1567 2758 prop.,
1599 2701 1649 2739 c.
1681 2686 1731 2739 1.

472 2782 585 2853 (26,
619 2797 675 2852 q.
705 2779 763 2847 2,
797 2794 848 2835 c.
882 2780 1005 2834 Non
1035 2776 1303 2848 exempto,
1335 2779 1392 2831 et
1421 2791 1470 2829 c.
1503 2774 1621 2830 Non
1647 2773 1877 2844 statim.)
1926 2773 2050 2829 Non

405 2873 603 2929 statim
636 2869 918 2930 debemus
949 2865 1060 2922 sub
1090 2863 1352 2936 exemplo
1382 2863 1542 2920 Jones
1573 2862 1830 2920 sortibus
1863 2863 2053 2918 crede-

401 2959 577 3029 re,vel
602 2957 750 3014 illud
772 2957 843 3012 de
863 2955 1105 3011 Actibus
1128 2951 1524 3025 apostolorum
1551 2951 1686 3006 huic
1714 2951 2052 3006 testimonio

406 3047 702 3119 copulare,
737 3045 836 3100 ubi
869 3049 1027 3099 sorte
1056 3043 1117 3098 in
1149 3041 1480 3113 apostolum
1513 3039 1763 3095 Mathias
1794 3038 2051 3109 eligitur,

402 3151 536 3192 cum
562 3131 864 3206 privilegia
885 3130 1252 3202 singulorum
1278 3145 1392 3184 non
1416 3128 1645 3200 possint
1664 3127 1850 3200 legem
1868 3128 2052 3182 facere
2083 3142 2125 3209 ρ

406 3237 803 3280 communem.

408 3313 543 3370 CAP.
579 3308 814 3368 LXXIV.
846 3307 925 3363 Ad
953 3307 1246 3362 szwlaria
1293 3306 1548 3376 negotia,
1578 3304 1786 3374 {divina
1831 3305 2056 3360 oracula

896 3395 1007 3435 non
1033 3386 1163 3434 sunt
1193 3374 1570 3434 convertenda.

730 3472 978 3541 August.
1011 3467 1084 3522 ad
1110 3465 1376 3535 Januar.,
1409 3464 1575 3537 epist.
1612 3463 1733 3519 119.

483 3561 589 3629 (26,
623 3575 682 3630 q.
712 3558 769 3628 2,
801 3575 850 3612 c.
886 3557 962 3612 Hi
991 3555 1129 3627 qui.)
1163 3554 1231 3609 Hi
1263 3552 1363 3624 qui
1391 3553 1461 3607 de
1494 3551 1723 3623 paginis
1763 3548 2054 3623 evangeli-

409 3651 492 3705 cis
524 3653 714 3704 sortes
737 3643 1072 3716 legunt,etsi
1103 3641 1424 3712 optandum
1457 3643 1546 3696 est
1576 3644 1641 3695 ut
1671 3639 1742 3695 ad
1774 3639 1829 3693 id
1859 3637 2053 3711 potius

409 3738 626 3794 faciant
655 3749 832 3805 quam
864 3731 936 3786 ad
971 3730 1260 3786 daemonia
1289 3728 1652 3784 consulenda
1675 3732 2048 3792 concurrant,

406 3832 606 3883 tamen
635 3823 752 3878 ista
782 3821 926 3876 mihi
957 3818 1229 3891 dieplicet
1258 3819 1641 3886 consuetudo,
1691 3817 1761 3872 ad
1818 3816 2051 3887 negotia

403 3912 727 3983 saecularia,
746 3915 802 3966 et
818 3911 888 3966 ad
910 3909 1037 3964 vitae
1056 3907 1234 3977 hujus
1251 3905 1568 3962 vanitatem
1596 3904 1792 3960 divina
1814 3903 2049 3960 oracula

402 4003 545 4060 velle
576 4004 929 4058 convertere.

401 4111 530 4168 ΟΑΡ.
566 4106 790 4165 LXXV.
823 4105 1150 4174 Sortilegam
1177 4110 1228 4158 et
1267 4103 1538 4172 magicam
1585 4102 1765 4174 artem
1809 4101 2049 4172 episcopi

683 4180 934 4235 omnibus
964 4172 1139 4231 modis
1169 4175 1460 4230 eliminare
1488 4172 1760 4227 studeant.

912 4266 1083 4320 Conc.
1119 4269 1354 4334 Ancyr.,
1388 4278 1438 4317 c.
1475 4262 1526 4316 4.

469 4359 583 4432 (26,
615 4375 671 4430 q.
702 4357 758 4427 5,
791 4371 842 4411 c.
877 4352 1173 4424 EpiscOpi.)
1209 4351 1278 4406 Ut
1306 4348 1564 4422 episcOpi
1597 4351 1652 4404 et
1681 4362 1882 4403 eorum
1932 4346 2043 4401 mi-

396 4448 567 4504 nistri
590 4444 867 4502 omnibus
888 4441 1112 4497 viribus
1134 4440 1430 4496 elaborare
1462 4437 1829 4503 studeant,ut
1850 4435 2042 4507 perni-

2157 509 2213 556 et
2241 501 2555 558 innumera
2585 501 2966 556 multitudine
2997 502 3314 558 mulierum
3346 503 3642 573 equitare
3662 519 3850 577 super

2159 591 2444 662 quasdam
2479 591 2719 660 bestias,
2751 595 2808 646 et
2839 589 3026 645 multa
3055 595 3348 647 terrarum
3380 591 3593 663 spatia
3628 594 3844 649 intem-

2159 684 2336 750 pestas
2370 682 2556 735 noctis
2589 679 2824 734 silentio
2853 680 3124 746 transire,
3158 681 3401 751 ejusque
3442 681 3844 752 jussionibns

2155 767 2316 823 velut
2345 768 2594 823 domina:
2627 769 2863 840 obedire
2883 775 2940 823 et
2960 770 3131 824 certis
3154 771 3428 825 noctibus
3452 771 3530 824 ad
3557 772 3706 841 ejus
3731 789 3842 827 ser-

2155 857 2366 912 vitium
2399 859 2646 914 evocari.
2673 858 2783 913 Sed
2821 856 3045 912 utinam
3077 857 3163 913 hae
3196 857 3332 914 solm
3354 860 3412 914 in
3440 860 3717 928 perﬁdia
3737 877 3841 916 sua

2159 947 2490 1018 periissent,
2525 951 2581 1000 et
2615 964 2726 1000 non
2763 947 2982 1001 multos
3012 947 3069 1000 in
3101 947 3472 1002 inﬁdelitatis
3507 949 3837 1004 interitum

2157 1035 2594 1106 pertraxissent.
2630 1036 2776 1090 Nam
2803 1035 3116 1092 innumera
3145 1035 3468 1092 multitudo
3512 1037 3640 1092 hac
3695 1038 3838 1093 falsa

2155 1126 2433 1197 Opinione
2477 1126 2737 1194 decepta,
2791 1125 2913 1180 haec
2961 1141 3097 1180 vera
3135 1141 3264 1181 esse
3292 1126 3580 1192 credunt,
3618 1131 3683 1181 et
3713 1143 3838 1182 cre-

2156 1214 2348 1268 dendo
2379 1231 2412 1268 a
2442 1220 2599 1268 recta
2631 1214 2740 1268 ﬁde
2770 1213 3029 1281 deviant,
3063 1218 3119 1268 et
3151 1214 3207 1268 in
3238 1230 3502 1270 errorem
3558 1231 3834 1287 pagano-

2156 1318 2288 1356 rum
2310 1301 2852 1367 devolvuntur,cum
2880 1301 3099 1369 aliquid
3124 1302 3451 1358 divinitatis
3485 1307 3602 1358 aut.
3634 1307 3836 1359 numi-

2156 1391 2250 1446 nis
2281 1396 2443 1446 extra
2476 1406 2656 1445 unum
2696 1393 2872 1446 Deum
2907 1391 3289 1447 arbitrantur.
3324 1394 3728 1464 Quapropter
3753 1411 3834 1448 sa-

2132 1480 2420 1550 .cerdotes
2445 1494 2544 1551 per
2561 1480 2848 1535 Ecclesiae
2873 1479 2983 1536 sibi
3007 1480 3355 1536 commissas
3391 1480 3636 1553 populo
3677 1483 3829 1537 omni

2159 1568 2448 1625 instantia
2471 1569 2792 1640 praedicare
2812 1569 3028 1624 debent
3049 1573 3115 1623 ut
3136 1569 3405 1624 noverint
3425 1568 3560 1625 haec
3587 1573 3831 1625 omnino

2157 1657 2306 1714 falsa
2329 1672 2458 1714 esse
2479 1665 2531 1713 el
2557 1674 2670 1712 non
2695 1675 2727 1713 a
2748 1657 2964 1726 divino,
2999 1658 3099 1714 sed
3123 1674 3157 1713 a
3187 1657 3445 1729 maligno
3478 1658 3721 1731 spiritu
3752 1665 3829 1714 ta-

2155 1747 2232 1802 lia
2265 1747 2680 1818 phantasmata
2711 1747 3011 1802 mentibus
3043 1745 3369 1802 infidelium
3402 1748 3705 1818 irrogari.
3749 1750 3827 1804 Si-

2159 1835 2394 1908 quidem
2419 1834 2546 1906 ipse
2568 1835 2816 1891 Satanas
2838 1835 3201 1906 transﬁgurat
3220 1851 3278 1891 se
3295 1837 3359 1891 in
3387 1837 3680 1906 angelum
3704 1840 3829 1892 lucis

2161 1925 2231 1995 (II
2261 1924 2381 1978 Cor.
2414 1923 2496 1995 χι)
2525 1939 2660 1979 cum
2693 1929 2949 1979 mentem
2984 1924 3273 1996 cujusque
3304 1924 3701 1981 mulierculas
3746 1943 3825 1982 ce-

2159 2013 2328 2084 perit,
2359 2016 2417 2068 et
2446 2012 2595 2067 hanc
2621 2012 2733 2068 sibi
2764 2027 2869 2084 per
2913 2012 3321 2068 infidelitatem
3373 2014 3824 2086 subjugaverit,

2160 2101 2314 2157 illico
2342 2101 2726 2170 transﬁgurat
2755 2101 2814 2155 in
2848 2101 3212 2158 diversarum
3245 2118 3655 2173 personarum
3700 2120 3825 2176 spe-

2160 2190 2274 2245 cies
2303 2195 2480 2260 atque
2511 2189 2986 2257 similitudinem,
3019 2196 3077 2245 et
3105 2196 3363 2248 montem
3391 2208 3587 2262 quam
3645 2193 3827 2265 capti-

2159 2295 2290 2334 vam
2323 2283 2482 2334 tenet
2511 2279 2568 2334 in
2600 2279 2849 2335 somniis
2879 2278 3187 2348 deludens,
3222 2279 3396 2335 modo
3433 2279 3604 2348 lata,
3661 2283 3831 2337 modo

2159 2367 2372 2433 tristia,
2405 2368 2579 2423 modo
2611 2367 2900 2437 cognitas,
2936 2369 3108 2423 modo
3154 2368 3490 2438 incognitas
3543 2387 3832 2441 personas

2163 2457 2478 2511 ostendens
2512 2471 2613 2527 per
2645 2456 2809 2510 devia
2839 2471 3089 2527 quaeque
3119 2455 3380 2522 deducit,
3401 2460 3461 2511 et
3494 2472 3644 2513 cum
3677 2459 3835 2514 solus

2161 2545 2408 2616 spiritus
2439 2545 2550 2599 hoc
2582 2544 2805 2615 patitur
2835 2543 3238 2613 inﬁdelis,htec
3269 2561 3387 2599 non
3409 2544 3472 2599 in
3505 2547 3719 2603 animo
3740 2549 3828 2603 sed

2161 2638 2220 2689 et
2247 2633 2306 2688 in
2340 2649 2582 2705 corpore
2611 2633 2842 2688 evenire
2873 2633 3168 2704 opinatur.
3202 2633 3342 2697 Quis
3374 2634 3538 2690 enim
3572 2652 3698 2692 non
3740 2654 3828 2693 so-

2158 2723 2283 2779 lum
2316 2722 2376 2778 in
2408 2721 2658 2779 somniis
2689 2727 2748 2778 et
2778 2722 3084 2778 nocturnis
3124 2721 3509 2780 illusionibus
3547 2731 3726 2782 extra
3746 2743 3824 2782 se-

2161 2811 2356 2883 ipsum
2391 2811 2682 2878 educitur,
2727 2815 2785 2865 et
2835 2811 3022 2866 multa
3067 2811 3224 2866 videt
3269 2812 3653 2881 dormienda,
3707 2832 3824 2886 qua

2163 2915 2467 2972 nunquam
2493 2899 2708 2954 viderit
2737 2898 3080 2970 vigilando?
3111 2899 3389 2966 Quisnam
3425 2905 3547 2955 tam
3603 2903 3820 2958 stultus
3904 2945 3905 2956 χ

2162 2997 2210 3044 el
2245 2988 2422 3044 hebes
2466 2987 2544 3043 sit
2583 2987 2682 3059 qui
2734 2987 2852 3042 haec
2901 2987 3101 3043 omnia
3144 3004 3271 3060 quas
3317 2989 3378 3044 in
3427 2988 3558 3046 solo
3607 2991 3819 3063 spiritu
3904 3003 3905 3023 π

2163 3078 2394 3144 fiunt,et
2416 3076 2473 3131 in
2498 3092 2736 3148 corpore
2757 3076 3018 3132 accidere
3041 3077 3536 3133 arbitretur.Cum
3555 3079 3818 3136 Ezechiel

2502 3167 2713 3235 (Ezech.
2764 3165 2850 3235 III)
2897 3165 3153 3221 visiones
3203 3166 3435 3222 Domini
3489 3167 3552 3222 in
3607 3170 3817 3240 spiritu

2165 3272 2279 3310 non
2305 3255 2364 3308 in
2389 3271 2628 3326 corpore
2653 3253 2818 3323 vidit,
2842 3254 3173 3310 etJoannes
3194 3254 3499 3326 apostolus
3527 3259 3817 3328 Apocaly-

2163 3343 2285 3415 psis
2315 3346 2684 3399 sacramenta
2713 3343 2772 3397 in
2805 3342 3013 3415 spiritu
3048 3359 3163 3398 non
3194 3343 3254 3398 in
3287 3359 3532 3416 corpore
3563 3345 3720 3400 vidit
3768 3354 3816 3401 et

2164 3431 2406 3501 audivit,
2438 3431 2588 3487 sicut
2618 3431 2744 3503 ipse
2773 3431 2918 3487 dixit
2951 3447 2964 3486 :
2998 3431 3218 3501 Statim,
3249 3430 3461 3504 inquit,
3495 3434 3593 3504 fui
3625 3436 3688 3488 in
3716 3437 3815 3505 spi-

2161 3525 2282 3576 ritu
2313 3523 2492 3591 (Apoc.
2528 3522 2602 3592 1);
2635 3525 2692 3576 et
2720 3519 2937 3576 Paulus
2969 3537 3083 3577 non
3134 3521 3313 3576 audet
3359 3537 3423 3576 se
3473 3521 3680 3579 dicere
3728 3541 3809 3578 ra-

2161 3614 2328 3682 ptum
2361 3610 2421 3665 in
2454 3609 2736 3681 corpore?
2766 3610 2840 3678 (11
2871 3609 2990 3666 Cor.
3021 3609 3438 3681 xn).0mnibus
3467 3611 3680 3682 itaque
3711 3631 3809 3685 pu-

2160 3699 2310 3754 blice
2339 3698 2815 3754 annuntiandum
2847 3703 2956 3768 est,
2990 3700 3131 3768 quia
3161 3699 3303 3754 talia
3345 3704 3405 3754 et
3450 3700 3549 3755 his
3599 3701 3809 3756 similia

2159 3787 2544 3856 credit,ﬁdem
2572 3787 2779 3859 perdit,
2799 3791 2856 3842 et
2875 3787 2975 3858 qui
3003 3787 3177 3842 fidem
3204 3791 3420 3843 rectam
3450 3787 3513 3843 in
3551 3793 3671 3844 Deo
3704 3807 3804 3844 non

2157 3875 2352 3946 habet,
2382 3876 2477 3931 hic
2508 3893 2624 3932 non
2655 3882 2746 3931 est
2775 3875 2925 3945 ejus,
2960 3877 3059 3930 sed
3095 3874 3256 3930 illius
3288 3876 3347 3930 in
3379 3892 3557 3946 quem
3605 3879 3803 3945 credit,

2156 3964 2213 4020 id
2236 3969 2325 4020 est
2349 3963 2588 4019 diaboli.
2622 3963 2766 4019 Nam
2790 3964 2862 4018 de
2883 3963 3127 4019 Domino
3151 3968 3348 4020 nostro
3369 3963 3664 4035 scriptum
3689 3971 3802 4020 est:

2157 4053 2356 4108 Omnia
2374 4069 2475 4124 per
2494 4053 2672 4122 ipsum
2700 4056 2845 4122 facta
2883 4061 3012 4107 sunt
3044 4053 3226 4122 (Joan.
3259 4053 3324 4122 ι).
3356 4052 3647 4124 Quisquis
3678 4069 3803 4122 ergo

2155 4141 2374 4213 aliquid
2407 4141 2588 4196 credit
2620 4156 2790 4211 posse
2823 4140 3076 4211 fieri,aut
3106 4140 3364 4212 aliquam
3388 4148 3730 4197 creaturam
3753 4145 3802 4195 in

2156 4230 2370 4286 melius
2401 4234 2502 4286 aut
2531 4230 2588 4284 in
2621 4229 2880 4284 deterius
2911 4230 3212 4284 immutari
3241 4234 3345 4285 aut
3369 4231 3802 4298 transformari,

2155 4325 2255 4375 aut
2288 4319 2346 4375 in
2378 4318 2553 4374 aliam
2587 4318 2838 4390 speciem
2863 4318 2952 4374 vel
2974 4318 3428 4374 similitudinem
3449 4318 3801 4392 nisiabipso

2152 4412 2416 4464 Creatore
2449 4407 2547 4479 qui
2579 4407 2778 4462 omnia
2809 4407 3024 4463 fecerat
3049 4413 3106 4464 et
3134 4424 3236 4480 per
3265 4423 3440 4479 quem
3475 4409 3690 4465 omnia
3729 4409 3800 4462 fa.

397 4495 1012 4593 ciosum—et—
1039 4495 1336 4585 inventam
1368 4527 1703 4598 sortilegam
1735 4495 1792 4580 et
1821 4495 2044 4579 maleﬁ-

2164 4501 2245 4552 :ta
2274 4501 2434 4564 sunt,
2467 4495 2667 4568 procul
2701 4496 2882 4552 dubio
2912 4496 3167 4552 inﬁdelis
3199 4501 3310 4564 est,
3342 4501 3400 4552 et
3428 4513 3670 4568 pagano
3710 4497 3798 4552 de-

392 4627 542 4681 cium
577 4627 757 4678 artem
790 4621 1046 4694 poenitus
1081 4636 1146 4674 ex
1178 4616 1469 4689 parochiis
1501 4615 1624 4672 suis
1653 4613 1968 4682 eradicent,
1985 4615 2041 4667 et

393 4715 444 4771 si
473 4712 731 4784 aliquem
755 4710 946 4765 virum
982 4725 1046 4764 ac
1075 4707 1380 4762 mulierem
1413 4704 1821 4776 hujuscemodi
1854 4701 2038 4758 scele-

394 4802 477 4858 ris
500 4803 842 4857 sectatorem
875 4795 1478 4867 invenerint,turpiter
1497 4794 1945 4849 dehonestatum
1967 4792 2038 4845 de

396 4889 690 4965 parochiis
724 4886 846 4944 suis
878 4885 1132 4954 ejiciant.
1165 4884 1261 4938 Ait
1292 4884 1447 4938 enim
1481 4881 1780 4954 apostolus
1813 4898 1826 4934 :
1860 4882 2041 4936 Haere-

395 4983 569 5036 ticum
600 4979 875 5034 hominem
903 4977 1023 5044 post
1051 4974 1294 5043 primam
1325 4982 1374 5027 et
1401 4971 1697 5028 secundum
1747 4969 2037 5025 correctio-

399 5085 529 5124 nem
554 5067 764 5132 devita,
801 5065 984 5118 sciens
1029 5063 1158 5132 quia
1204 5062 1496 5115 subversas
1523 5067 1602 5114 est
1631 5059 1728 5128 qui
1774 5056 2042 5129 ejusmodi

391 5161 472 5213 est
525 5157 649 5227 (Tit.
706 5153 850 5224 vin).
905 5149 1180 5206 Subversi
1230 5156 1368 5203 sunt
1416 5153 1474 5203 et
1522 5165 1554 5202 a
1603 5145 1836 5202 diabolo
1885 5145 2040 5217 capti

390 5249 686 5311 tenentur,
720 5241 821 5312 qui
853 5239 1128 5295 derelicto
1159 5237 1427 5291 Creatore
1458 5252 1585 5301 suo,
1611 5253 1643 5290 a
1670 5235 1902 5290 diabolo
1933 5252 2040 5289 sua

392 5331 674 5402 suffragia
703 5334 1060 5402 quaerunt,et
1091 5327 1218 5382 ideo
1251 5342 1285 5381 a
1315 5324 1416 5379 tali
1449 5335 1606 5394 peste
1641 5324 1912 5378 mundari
1947 5325 2042 5378 de-

394 5425 491 5477 bet
521 5426 728 5476 sancta
759 5418 1035 5473 Ecclesia.
1085 5415 1228 5470 Illud
1281 5413 1436 5470 enim
1489 5429 1601 5466 non
1653 5413 2038 5468 omittendum

395 5512 552 5581 quod
585 5507 851 5578 quaedam
888 5505 1178 5559 sceleratae
1212 5503 1486 5558 mulieres
1518 5506 1670 5555 retro
1703 5508 1834 5572 post
1878 5508 2040 5557 Sata-

400 5614 537 5655 nam
570 5609 878 5659 converssa,
911 5594 1156 5648 credunt
1185 5608 1246 5648 se
1275 5597 1331 5646 et
1362 5591 1711 5662 profitentur
1742 5593 2043 5650 nocturnis

2152 4586 2350 4642 terior.

2147 4713 2278 4768 CAP.
2313 4709 2542 4766 LXXVI.
2577 4711 2776 4766 Mulier
2801 4709 3053 4779 maleﬁca
3098 4711 3276 4783 scopis
3305 4717 3564 4778 correcta,
3598 4727 3676 4767 ea:
3702 4727 3794 4783 pa-

2677 4783 2867 4837 rochia
2891 4783 3246 4853 proﬁciatur.

2655 4871 2829 4926 Conc.
2863 4871 3102 4944 Agath.,
3133 4889 3183 4928 c.
3217 4872 3271 4928 3.

2217 4978 2678 5048 Perquirendum
2711 4981 2799 5032 est
2829 4977 2876 5032 si
2907 4977 3105 5048 aliqua
3135 4976 3353 5034 femina
3383 4977 3482 5045 sit,
3515 4994 3651 5048 quae
3705 4993 3792 5049 per

2148 5067 2414 5137 quaedam
2448 5065 2731 5120 maleficia
2762 5069 2818 5120 et
2849 5065 3276 5122 incantationes
3329 5070 3558 5121 mentes
3612 5065 3792 5120 homi-

2151 5157 2286 5209 num
2315 5153 2625 5209 immulare
2654 5170 2713 5209 se
2745 5170 2916 5224 posse
2944 5154 3121 5225 dicat,
3153 5155 3332 5224 idem,
3366 5160 3432 5210 ut
3459 5155 3532 5209 de
3562 5155 3706 5211 odio
3740 5153 3788 5206 in

2149 5259 2406 5298 amorem
2441 5242 2524 5298 vel
2558 5243 2628 5296 de
2659 5259 2859 5297 amore
2886 5244 2944 5298 in
2972 5243 3171 5299 odium
3203 5247 3528 5311 convertat,
3551 5249 3620 5296 ut
3652 5244 3790 5297 bona

2150 5330 2453 5388 hominum
2478 5335 2582 5386 aut
2605 5331 2844 5386 damnet
2863 5335 2964 5386 aut
2984 5333 3294 5404 subripiat.
3317 5333 3386 5387 Et
3407 5331 3458 5386 si
3481 5331 3692 5402 aliqua
3710 5337 3782 5386 est

2151 5437 2277 5490 quis
2311 5419 2464 5475 dicat
2490 5436 2623 5474 cum
2657 5419 2988 5476 daemonum
3032 5421 3205 5477 turba
3251 5421 3310 5476 in
3362 5419 3782 5476 similtudinem

2153 5509 2416 5564 mulieris
2447 5509 2868 5564 transformata
2897 5510 3071 5565 certis
3104 5511 3374 5566 noctibus
3400 5511 3670 5580 equitare
3699 5524 3783 5563 su-

2151 5613 2253 5669 per
2281 5600 2569 5669 quasdam
2602 5601 2832 5656 bestias
2863 5603 2922 5654 et
2946 5599 3214 5655 ineorum
3248 5599 3548 5657 consortio
3597 5615 3779 5654 annu-
