3986 6048
225 259 370 313 1325

1504 259 1899 312 PANORMIA.
1944 285 2010 294 —
2050 258 2182 310 LIB.
2226 260 2373 311 VIII.

3504 266 3641 320 1326

226 394 513 440 meratam
540 396 671 438 esse
701 383 837 438 talis
886 383 1226 438 omnimodo
1268 383 1462 455 scopis
1516 385 1780 438 correcta
1808 397 1875 436 ex
1905 385 1957 448 Α
1988 380 2075 435 vel
2107 380 2263 450 quod
2292 381 2473 437 Jonas
2505 383 2789 455 prepheta
2821 387 3214 458 reprehensus
3245 388 3322 446 sit
3353 390 3637 458 sorte,in-

226 473 509 546 parochia
538 471 838 542 ejiciatur.

585 563 723 617 CAP.
765 558 1021 615 LXXVII.
1058 558 1214 632 Quid
1254 564 1331 615 est
1370 563 1531 616 sors?

656 649 973 722 Augustin.
997 648 1057 704 in
1081 647 1308 720 psalmo
1327 666 1458 704 xxx.

300 740 413 811 (26,
449 756 505 811 q.
538 740 594 808 2,
637 755 689 794 c.
720 738 850 795 Sors
880 754 988 794 non
1048 744 1129 794 est
1167 738 1431 809 aliquid.)
1482 738 1620 793 Sors
1651 752 1765 791 non
1796 737 1887 790 est

227 828 450 899 aliquid
474 827 636 896 mali,
661 828 761 884 sed
801 843 893 883 res
924 827 980 881 in
1024 827 1391 882 dubitatione
1424 826 1705 892 humana,
1741 823 1882 879 divi-

230 934 367 973 nam
397 917 668 973 indicans
698 916 1086 973 voluntatem.
1144 916 1287 973 Nam
1329 920 1386 971 et
1435 917 1622 971 sortes
1672 911 1883 969 misere

231 1007 489 1079 apostoli
522 1007 757 1078 quando
778 1006 964 1061 Judas
996 1004 1209 1060 tradito
1232 1004 1476 1060 Domino
1499 1003 1690 1075 periit,
1722 1008 1779 1058 et
1804 1002 1884 1058 si-

234 1100 332 1152 cut
362 1097 434 1152 de
464 1095 567 1153 illo
599 1095 888 1167 scriptum
911 1099 1020 1163 est,
1052 1094 1193 1149 abiit
1224 1094 1285 1149 in
1311 1094 1489 1150 locum
1520 1109 1640 1148 sum
1667 1093 1806 1162 (Act.
1843 1098 1885 1162 1)

228 1186 407 1258 coepit
437 1186 618 1257 quaeri
651 1184 785 1256 quis
810 1185 871 1239 in
903 1183 1098 1239 locum
1124 1184 1252 1254 ejus
1284 1183 1673 1239 ordinaretur.
1703 1181 1882 1237 Electi

230 1273 621 1346 suntjudicio
652 1274 936 1339 humano,
968 1276 1025 1328 et
1054 1272 1273 1328 electus
1304 1276 1394 1328 est
1424 1288 1579 1328 unus
1624 1272 1694 1327 de
1737 1272 1881 1327 duo-

232 1363 345 1419 bus
376 1362 599 1434 judicio
631 1362 855 1433 divino;
892 1362 965 1417 de
1012 1360 1244 1417 duobus
1276 1362 1430 1417 Deus
1460 1359 1766 1417 consultus
1796 1364 1887 1416 est

233 1468 553 1525 quemnam
588 1452 854 1523 ipsorum
884 1450 1059 1507 vellet
1080 1450 1438 1507 constituere
1469 1458 1519 1506 et
1547 1449 1742 1506 cecidit
1772 1466 1887 1507 sors

235 1557 403 1613 super
432 1540 714 1596 Mathiam
746 1539 959 1611 (ibid.).

228 1632 364 1686 CAP.
400 1628 687 1685 LXXVIII.
721 1629 988 1698 Exemplo
1012 1627 1237 1683 Mathiaz
1265 1644 1373 1683 non
1398 1637 1478 1685 est
1502 1628 1887 1699 indz'ﬁ'erenter

744 1700 986 1757 sortibus
1017 1699 1373 1756 crenendum.

610 1789 766 1846 Beda
797 1805 929 1861 sup.
963 1789 1090 1843 Act.
1123 1794 1337 1860 apost.,
1373 1804 1424 1855 c,
1456 1788 1507 1845 1.

306 1878 422 1951 (26,
452 1894 511 1950 q.
535 1878 593 1948 2,
626 1895 679 1934 c.
712 1879 826 1934 Non
858 1877 1149 1949 exemplo.)
1198 1876 1321 1932 Non
1356 1876 1621 1949 exemplo
1652 1876 1882 1935 Mathiae

1914 1755 1961 1820 B

1994 467 2331 524 differenter
2360 472 2618 527 sortibus
2650 477 2739 529 est
2768 476 3148 549 credendum,
3179 493 3315 535 cum
3336 478 3639 551 privilegia

1994 555 2388 629 singulorum,
2420 564 2485 614 ut
2513 559 2902 633 Hieronymus
2925 564 3026 635 ait,
3054 581 3427 622 communem
3449 566 3639 639 legem

1994 646 2186 702 facere
2216 647 2457 703 omnino
2500 665 2616 704 non
2650 651 2901 721 possint.
2936 654 3080 710 Item
3107 672 3120 711 :
3144 655 3201 710 Si
3243 656 3344 727 qui
3384 655 3640 712 necessi-

1992 738 2111 791 tate
2150 734 2347 807 aliqua
2380 737 2692 809 compulsi,
2723 739 2908 796 Deum
2933 746 3139 812 putant
3167 745 3425 800 sortibus
3447 760 3641 801 exem-

1994 823 2091 895 plo
2122 825 2522 895 apsotolorum
2572 843 2702 883 esse
2750 829 3205 898 consulendum,
3256 834 3487 889 videant
3533 833 3642 889 hos

1996 912 2158 985 ipsos
2188 914 2485 985 apostolos
2516 916 2752 972 nonnisi
2778 918 2835 973 in
2859 918 3206 975 collectione
3238 922 3490 978 fratrum
3539 922 3641 978 ﬂe-

1994 1007 2057 1057 tu
2089 1006 2145 1059 et
2174 1004 2447 1075 precibus
2480 1005 2553 1061 ad
2588 1010 2768 1063 Deum
2804 1008 2953 1063 fusis
2983 1011 3196 1081 egisse.

1993 1135 2128 1192 CAP.
2182 1137 2427 1193 LXXIX.
2481 1137 2802 1215 Christiana
2834 1146 2907 1215 et,
2936 1157 3066 1197 vera
3095 1144 3270 1214 pietas
3297 1145 3641 1215 planetarios

2511 1212 2762 1283 expellit,
2795 1217 2846 1267 et
2875 1212 3123 1270 damnat.

2377 1321 2652 1389 August,
2706 1318 3047 1393 Confession.
3093 1320 3131 1375 1.
3185 1339 3261 1378 ιν.

2066 1429 2176 1500 (26,
2210 1445 2267 1500 q.
2312 1433 2366 1495 2,
2418 1447 2467 1486 c.
2514 1431 2648 1488 Illos
2680 1434 3075 1507 planetarios.)
3123 1436 3257 1492 Illos
3288 1437 3644 1509 planetarios

1993 1533 2141 1590 quos
2171 1519 2623 1577 mathematicos
2653 1527 2884 1592 vocant,
2944 1524 3118 1595 plane
3177 1525 3485 1582 consulere
3529 1543 3644 1581 non

1993 1607 2537 1679 desistebam,quod
2569 1611 2737 1681 quasi
2774 1611 3007 1667 nullum
3029 1613 3113 1668 eis
3135 1613 3648 1682 sacriﬁcium,nul-

1994 1695 2065 1751 lae
2086 1711 2286 1767 preces
2308 1698 2377 1752 ad
2402 1697 2657 1768 aliquem
2681 1700 2956 1770 spiritum
2984 1701 3056 1757 ob
3080 1702 3500 1759 divinationem
3551 1704 3648 1759 di-

1992 1794 2365 1866 rigerentur;
2398 1797 2552 1866 quod
2583 1800 2781 1854 tamen
2812 1798 3146 1857 Christiana
3186 1804 3244 1857 et
3284 1817 3420 1859 vera
3456 1802 3647 1873 pietas

1996 1887 2422 1955 consequenter
2450 1884 2687 1957 expellit
2715 1889 2772 1943 et
2800 1887 3063 1944 damnat.

1106 2134 1209 2193 DE
1252 2133 1851 2197 OBSERVATIONE
1895 2138 2200 2200 DIERUM
2246 2142 2343 2201 ET
2389 2142 2771 2206 MENSIUM.

238 2260 372 2315 CAP.
432 2257 655 2314 LXXX.
717 2258 888 2313 Grave
931 2265 1216 2327 peccatum
1265 2264 1343 2312 est
1396 2258 1508 2313 dies
1575 2259 1887 2328 observare,

808 2345 1021 2384 menses
1050 2333 1101 2383 et
1128 2345 1320 2383 annos.

311 2419 421 2487 (26,
453 2435 510 2489 q.
540 2419 596 2487 7,
629 2434 678 2473 c.
715 2418 844 2486 Quis
891 2416 1283 2488 existimaret.)
1335 2416 1475 2483 Quis
1524 2418 1889 2475 existimaret

235 2521 414 2577 quam
438 2522 718 2579 magnum
744 2511 1045 2578 peccatum
1071 2506 1147 2562 sit
1164 2506 1291 2561 dies
1317 2507 1627 2562 observare
1650 2512 1883 2562 etmen-

234 2612 350 2665 ses,
405 2600 461 2650 et
501 2613 708 2665 annos,
740 2600 796 2650 et
841 2600 1126 2666 tempora,
1160 2596 1313 2650 sicut
1341 2599 1398 2650 et
1444 2595 1756 2651 observant
1785 2595 1883 2666 qui

239 2684 417 2740 certis
448 2684 676 2753 diebus,
701 2687 821 2740 sive
854 2683 1182 2754 mensibus,
1213 2683 1331 2739 sive
1363 2683 1539 2739 annis
1563 2683 1767 2739 volunt
1796 2684 1882 2740 vel

234 2771 443 2828 nolunt
468 2771 688 2844 aliquid
714 2772 1006 2840 inchoare,
1034 2788 1100 2827 eo
1134 2772 1315 2843 quod,
1345 2772 1671 2827 secundum
1702 2789 1882 2829 vanas

234 2862 533 2918 doctrinas
546 2861 984 2929 horum,fausta
1005 2860 1091 2916 vel
1106 2862 1367 2916 infausta
1384 2860 1721 2917 existiment
1734 2868 1880 2918 tem-

236 2950 519 3021 pora,nisi
542 2950 721 3022 hujus
738 2949 877 3007 mali
902 2949 1373 3022 magnitudinem
1403 2966 1471 3005 ex
1494 2949 1703 3006 timore
1724 2952 1879 3022 Apo-

240 3037 374 3093 stoli
402 3056 786 3110 pensaremus
813 3039 915 3111 qui
936 3038 1154 3095 talibus
1176 3039 1297 3094 ait:
1326 3040 1500 3094 Timeo
1529 3054 1621 3094 vos
1648 3055 1717 3095 ne
1738 3042 1882 3111 [orte

232 3127 363 3183 sine
391 3144 561 3185 causa
595 3128 969 3184 laboraverim
1000 3126 1060 3182 in
1089 3127 1243 3184 vobis
1272 3127 1417 3198 (Gal.
1451 3127 1549 3199 ιν).

690 3234 823 3291 CAP.
859 3234 1109 3290 LXXXI.
1142 3236 1217 3290 De
1244 3234 1452 3290 eodem.

664 3325 912 3393 August.
946 3325 1016 3379 ad
1049 3324 1314 3392 Januar.,
1347 3323 1385 3380 l.
1424 3325 1473 3380 1.

306 3413 417 3485 (26,
443 3430 500 3485 q.
532 3415 588 3484 7,
620 3430 671 3469 c.
704 3415 821 3470 Non
852 3412 1167 3480 observetis,
1208 3416 1266 3468 et
1298 3413 1430 3479 Quis
1484 3411 1885 3483 existimaret.)

233 3503 355 3558 Hoc
380 3502 553 3573 culpa
572 3501 1071 3572 Apostolus,cum
1114 3499 1344 3555 dicit:«
1387 3504 1507 3554 Non
1550 3499 1889 3569 proficiscar

235 3590 374 3661 quia
405 3589 696 3660 posterius
732 3596 838 3657 est,
873 3592 976 3643 aut
1029 3587 1169 3659 quia
1214 3586 1297 3641 ita
1347 3602 1409 3641 se
1462 3585 1638 3642 habet
1670 3588 1886 3658 positio

233 3678 526 3749 siderum,
574 3694 691 3732 non
750 3691 919 3748 agam
952 3675 1011 3730 in
1044 3674 1152 3729 hoc
1185 3688 1385 3729 mense
1437 3674 1882 3745 commercium,

235 3767 375 3838 quia
404 3767 515 3823 ista
537 3765 707 3821 stella
729 3764 874 3821 mihi
904 3762 986 3819 ait
1008 3779 1298 3832 mensem,
1321 3762 1407 3818 vel
1432 3779 1603 3837 agam
1631 3763 1769 3835 quia
1789 3781 1884 3820 su-

234 3855 421 3929 scepit
451 3871 732 3912 mensem.
767 3854 891 3910 Non
924 3852 1202 3927 plantabo
1233 3852 1461 3909 vineam
1493 3853 1552 3908 in
1584 3852 1695 3909 hoc
1726 3870 1881 3910 anno

2000 2262 2139 2333 quia
2170 2262 2466 2320 bissextus
2498 2270 2605 2321 est.
2639 2286 2665 2317 ν
2692 2266 2819 2322 Non
2844 2272 3042 2324 autem
3083 2268 3379 2340 quispiam
3412 2269 3648 2341 sapiens

1996 2351 2320 2406 arbitratur
2349 2355 2750 2411 observatores
2772 2362 3103 2428 temporum
3128 2357 3645 2429 reprehendendos

1995 2439 2092 2509 qui
2122 2440 2326 2495 dicunt
2352 2457 2366 2496 :
2396 2442 2570 2498 «Non
2598 2444 2936 2515 proficiscar
2978 2445 3148 2501 hodie
3203 2447 3344 2518 quia
3378 2446 3642 2504 hibernae

1996 2532 2135 2582 sunt
2168 2527 2452 2599 reliquiae,
2482 2535 2583 2585 aut
2614 2536 2847 2603 tempus
2880 2534 3234 2605 seminandi,
3266 2535 3405 2606 quia
3435 2534 3642 2591 imbri-

1996 2616 2109 2671 bus
2143 2617 2593 2675 autumnalibus
2624 2624 2778 2676 terra
2810 2622 3025 2678 satiata
3055 2628 3167 2691 est,
3196 2624 3287 2679 vcl
3319 2625 3417 2696 qui
3467 2625 3647 2681 fortes

1993 2705 2064 2758 ad
2099 2704 2396 2762 naturales
2428 2709 2666 2764 eftectus
2696 2710 2851 2766 circa
2881 2716 3107 2767 motum
3139 2712 3286 2768 seris
3317 2714 3389 2768 ad
3412 2714 3645 2770 varian-

1994 2791 2100 2847 das
2133 2798 2465 2864 temporum
2498 2795 2811 2866 qualitates
2838 2798 2894 2853 in
2921 2800 3179 2856 siderum
3203 2801 3650 2860 ordinatissime

1992 2881 2371 2938 conversione
2400 2884 2585 2939 notati
2617 2890 2777 2942 sunt.

1992 3004 2126 3060 CAP.
2161 3005 2429 3081 LXXXII.
2460 3008 2774 3081 Sortilegus
2802 3013 3092 3068 Paschalis
3122 3014 3190 3069 ab
3220 3014 3646 3072 archidiacona-

2066 3084 2124 3132 tu
2147 3077 2455 3160 deponitur
2479 3077 2705 3153 prapter
2734 3083 3137 3141 incantationes
3174 3094 3227 3142 ct
3270 3088 3481 3144 luculos
3508 3104 3644 3160 quos

2069 3150 2299 3205 colebat.

2564 3222 2643 3277 Ex
2680 3223 2782 3281 lib.
2817 3225 3081 3282 Pontific.

2077 3326 2372 3383 Paschalis
2404 3346 2518 3384 non
2550 3335 2684 3400 post
2709 3332 2966 3387 multum
2998 3335 3284 3405 temporis
3332 3335 3403 3390 ab
3452 3336 3645 3392 officio

2000 3414 2535 3485 archidiaconatus,
2566 3423 2807 3489 propter
2855 3419 3085 3491 aliquas
3128 3422 3557 3480 incantationes
3587 3428 3647 3481 et

1997 3500 2229 3557 luculos
2259 3520 2405 3573 quos
2438 3503 2687 3576 colebat,
2718 3506 2807 3562 vel
2831 3513 3021 3564 sortes
3042 3526 3190 3580 quas
3216 3527 3350 3566 cum
3395 3511 3528 3568 aliis
3558 3529 3647 3568 re-

1996 3591 2360 3660 spectoribus
2410 3594 2700 3649 tractabat
2758 3595 2857 3651 Dei
2923 3597 3193 3668 beatique
3242 3600 3642 3671 apostolorum

1995 3678 2280 3749 principis
2329 3680 2746 3740 interveniente
2785 3684 3015 3754 judicio
3070 3688 3333 3759 privatus
3375 3693 3465 3745 est
3517 3694 3573 3746 et
3611 3708 3646 3747 a

1994 3768 2198 3839 Sergio
2230 3769 2288 3823 in
2324 3770 2683 3827 monasterio
2732 3777 3001 3829 retrusus
3035 3780 3166 3845 post
3212 3777 3644 3848 quiquennium

1992 3872 2108 3928 pra:
2139 3856 2333 3913 cordis
2363 3857 2583 3914 duritia
2612 3858 2988 3932 impmnitens
3012 3862 3327 3920 defunctus
3359 3868 3472 3920 est.

1207 4106 1310 4164 DE
1352 4104 1824 4168 JURAMENTO
1867 4107 2121 4168 LICITO
2164 4108 2264 4168 ET
2308 4108 2669 4171 ILLICITO.

234 4234 373 4288 CAP.
410 4229 706 4287 LXXXIII.
757 4232 1138 4307 Juramentum
1183 4244 1285 4301 pro
1325 4229 1535 4301 [aedere
1584 4229 1737 4302 pacis
1802 4239 1881 4288 est
1908 4233 1955 4298 D
1986 4237 2222 4304 ceptum
2267 4234 2363 4288 Dei
2398 4234 2622 4303 juratio
2654 4250 2785 4305 quas
2816 4253 2849 4290 a
2883 4236 3036 4291 malo
3069 4252 3184 4292 non
3209 4237 3471 4306 jurantis
3525 4242 3639 4307 est,

907 4300 1211 4370 agendum.

695 4411 871 4463 Conc.
906 4406 1092 4462 Tolet.
1124 4423 1247 4471 vm,
1280 4423 1329 4462 c.
1363 4408 1420 4461 2.

306 4512 415 4585 (2'2,
450 4530 508 4585 q.
545 4514 595 4581 1,
627 4530 676 4570 c.
713 4513 927 4585 Omne.)
957 4513 1142 4569 Omne
1173 4513 1328 4585 quod
1359 4512 1419 4567 in
1453 4513 1617 4585 pacis
1666 4514 1882 4571 findere

232 4602 410 4670 venit,
443 4606 582 4657 tunc
614 4603 859 4659 solidius
890 4602 1180 4669 consistit,
1215 4618 1349 4658 cum
1393 4602 1716 4672 juramenli
1773 4604 1883 4660 hoc

234 4690 679 4761 interpositione
701 4692 1030 4747 roboratur.
1058 4692 1165 4745 Sed
1189 4692 1245 4743 et
1261 4705 1433 4745 omne
1456 4691 1611 4762 quod
1655 4692 1882 4749 animos

235 4779 561 4835 amicorum
593 4778 887 4848 conciliat,
934 4784 1075 4833 tunc
1109 4777 1346 4833 fidelius
1388 4780 1581 4846 durat,
1614 4796 1749 4835 cum
1779 4796 1880 4837 eos

234 4867 588 4922 sacramenti
608 4866 841 4922 vincula
878 4866 1081 4938 ligant.
1113 4866 1299 4921 Omne
1330 4865 1487 4922 enim
1520 4869 1678 4938 quod
1713 4871 1880 4927 testis

235 4954 610 5026 astipulatur,
634 4956 828 5011 verius
845 4959 1095 5020 constat,
1118 4970 1253 5009 cum
1286 4954 1536 5025 adjectio
1560 4956 1880 5026 jurationis

236 5043 512 5100 afﬁrmat.
538 5045 700 5110 Quod
726 5044 834 5100 etsi
860 5044 1023 5099 testis
1046 5043 1301 5114 deficiat,
1343 5043 1680 5102 innocentis
1701 5047 1878 5104 fidem

236 5130 786 5203 solajurisjurando
819 5133 1035 5189 taxatio
1067 5130 1425 5188 manifestat.
1796 5148 1805 5157 '

232 5269 368 5321 CAP.
408 5265 698 5324 LXXXIV.
729 5265 944 5324 Juratio
976 5282 1091 5319 non
1113 5272 1189 5320 est
1209 5266 1577 5335 prohibenda,
1615 5284 1714 5322 nec
1751 5274 1875 5325 tan-

675 5355 842 5410 quam
872 5338 1072 5393 bonum
1101 5337 1427 5408 appetenda.

573 5447 820 5517 August.
853 5460 985 5515 sup.
1018 5442 1203 5514 Epist.
1235 5443 1308 5497 ad
1343 5442 1529 5500 Galat.

218 5552 225 5559 ’
305 5560 419 5628 (22,
454 5576 510 5632 q.
548 5561 600 5629 1,
631 5577 682 5615 c.
713 5562 828 5617 Non
856 5564 935 5616 est
963 5557 1201 5629 contra.)
1227 5557 1351 5613 Non
1377 5564 1465 5614 est
1502 5564 1705 5617 contra
1734 5580 1876 5634 pras-

1991 4321 2091 4376 sed
2117 4320 2405 4377 increduli
2439 4339 2473 4378 a
2501 4339 2617 4393 quo
2641 4324 2847 4394 jurare
2878 4324 3129 4396 cogitur.
3166 4324 3311 4381 Nam
3342 4325 3437 4381 hic
3467 4326 3639 4383 intel-

1993 4409 2200 4481 ligitur
2250 4411 2335 4466 ita
2382 4412 2696 4467 Dominum
2756 4412 3130 4484 prohibuisse
3188 4430 3222 4468 a
3269 4414 3545 4484 jurando,
3580 4421 3646 4472 ut

1994 4503 2279 4568 quantum
2316 4499 2372 4553 in
2403 4498 2530 4570 ipso
2562 4506 2651 4556 est
2690 4501 2963 4571 quisquis
2994 4506 3084 4557 est
3117 4519 3232 4556 non
3262 4503 3424 4573 juret
3448 4520 3461 4559 :
3486 4505 3643 4576 quod

1996 4586 2166 4642 multi
2200 4588 2422 4643 faciunt
2452 4605 2612 4644 more
2642 4590 2925 4644 habentes
2948 4590 3334 4661 jurationem,
3356 4596 3639 4664 tanquam

1994 4692 2273 4748 magnum
2302 4675 2541 4749 aliquod
2567 4683 2669 4732 aut
2690 4694 2888 4733 suave.
2919 4683 3062 4733 Nam
3098 4680 3299 4752 utique
3327 4684 3640 4754 Apostolus

1992 4770 2230 4821 noverat
2262 4772 2616 4837 praeceptum
2669 4767 2924 4835 Domini,
2964 4769 3186 4838 Juravit
3234 4774 3453 4825 tamen.
3514 4772 3635 4825 Non

1990 4854 2145 4909 enim
2179 4853 2453 4909 audiendi
2486 4858 2625 4908 sunt
2654 4855 2755 4925 qui
2788 4854 2896 4910 has
2919 4856 3252 4925 jurationes
3283 4874 3398 4913 non
3432 4863 3640 4927 putant

1989 4958 2137 4997 esse.
2174 4941 2320 5005 Quid
2371 4944 2527 4997 enim
2576 4944 2646 4998 de
2678 4942 2777 4998 illa
2826 4944 3041 5000 faciant
3076 4962 3088 4999 :
3123 4945 3382 5012 Quotidie
3430 4949 3639 5003 morior

1987 5047 2086 5101 per
2115 5034 2349 5085 vestram
2387 5031 2642 5100 gloriam,
2691 5035 2893 5101 fratres
2922 5050 3085 5104 quam
3117 5034 3284 5087 habeo
3316 5032 3374 5087 in
3425 5034 3636 5091 Christo

1988 5121 2107 5175 Jesu
2145 5121 2375 5174 Domino
2406 5129 2590 5174 nostro
2619 5122 2665 5191 (I
2696 5121 2814 5177 Cor.
2844 5127 2958 5190 xv),
2993 5137 3167 5191 quam
3212 5121 3410 5176 Graeca
3440 5140 3635 5179 exem-

1989 5208 2179 5280 plaria
2229 5208 2776 5265 manifestissimum
2819 5209 3179 5279 jurationem
3221 5226 3350 5266 esse
3394 5214 3634 5269 convin-

1991 5302 2151 5353 cunt.
2185 5298 2479 5360 Quantum
2515 5314 2653 5369 ergo
2686 5299 2745 5351 in
2779 5298 2906 5367 ipso
2939 5302 3049 5365 est,
3076 5314 3190 5353 non
3215 5300 3635 5373 juratAposto-

1991 5386 2121 5455 lus;
2156 5386 2535 5457 prohibemur
2565 5386 2721 5442 enim
2746 5386 2942 5455 iurare
2977 5386 3297 5458 cupiditate
3329 5396 3429 5444 aut
3452 5392 3632 5447 dilec-

1987 5474 2146 5531 tione
2169 5475 2429 5545 jurandi,
2464 5474 2735 5547 quamvis
2766 5473 3341 5544 enimjuramentum
3373 5480 3632 5551 amplius

1986 5569 2282 5636 estquam
2336 5567 2446 5627 Est,
2507 5566 2619 5623 est;
2676 5578 2808 5629 non,
2863 5579 2996 5624 non:
3027 5569 3084 5620 et
3116 5565 3244 5621 ideo
3289 5585 3322 5623 a
3369 5570 3515 5624 malo
3556 5577 3633 5627 est
