3986 6048
221 257 243 313 1
254 257 362 312 329

1496 259 1893 314 PANORMIA.
1935 282 2001 295 --
2042 258 2175 312 LIB.
2216 260 2367 314 VIII.

3496 264 3636 321 1330

215 376 351 434 CAP.
385 375 575 432 XCVI.
605 378 729 456 Non
757 378 839 456 est
868 374 1216 456 appellanda,
1236 375 1517 456 ﬁdesque
1566 378 1637 433 ad
1679 392 1868 447 pecea-
1898 377 1950 443 Α
1982 376 2162 432 menti
2196 381 2391 433 tamen
2419 380 2909 452 contemplatione
2942 380 3183 449 faciunt,
3218 398 3333 453 quo
3365 400 3617 456 spopon-

593 453 718 502 tum
773 446 1094 515 faciendum
1147 445 1483 503 admittitur.

662 538 910 606 August.
944 536 1017 589 De
1046 537 1180 590 bono
1202 540 1425 608 conjug.

284 628 395 697 (22.
432 642 488 698 q.
525 626 578 694 4,
611 641 661 680 c.
695 624 755 679 Si
784 624 853 679 ad
881 626 1211 696 peccatum.)
1243 626 1300 680 Si
1326 627 1395 681 ad
1430 629 1731 698 peccatum
1762 628 1862 682 ad-

218 716 569 771 mittendum
602 713 917 769 adhibetur
945 714 1110 779 fides,
1136 714 1351 769 mirum
1391 715 1440 769 si
1482 716 1624 769 ﬁdes
1652 717 1863 771 admit-

1978 464 2209 520 derunt.
2243 466 2407 521 Sicut
2431 468 2501 523 de
2527 471 2754 524 Herode
2774 486 2951 540 supra
2982 469 3469 543 scripsimus,qui
3503 474 3620 528 sal-

1975 553 2169 609 tatrici
2200 557 2453 625 turpiter
2483 558 2790 627 praemium
2826 558 3118 628 promisit,
3153 558 3468 615 crudeliter
3507 562 3619 616 sol-

1975 641 2075 696 vit.
2110 642 2301 713 Turpe
2323 648 2411 699 est
2441 646 2593 715 quod
2629 661 2875 715 regnum
2910 663 3011 716 pro
3034 646 3340 702 saltatione
3374 652 3620 719 promit-

1975 729 2138 784 titur.
2202 732 2462 799 Crudele,
2498 734 2651 804 quod
2688 750 2847 788 mors
2898 734 3190 804 prophetae
3229 737 3620 808 jurisjurandi

210 810 389 901 fatur,
421 812 826 901 ξρνυωβαωξη
860 802 1421 901 (ἰξιεξίίεουηίίυθὲίῖ,
1468 803 1515 901 εξ
1562 807 1618 858 9t
1657 808 1865 901 .900“?
1974 818 2252 891 religione
2282 802 2712 885 daturQuanto
2734 802 3469 901 tplerabiliustalevfuisset
3491 842 3618 897 per-

209 892 398 983 Ῐρνθθέφ
434 893 517 961 ﬁt:
541 892 631 964 Ι)θᾶ
646 908 713 947 “5
733 890 817 983 ﬁt,
852 890 973 983 _n_i3i
997 906 1129 945 cum
1156 895 1460 983 ΡΓοΡξθτθδ
1483 892 1773 947 deserit-UP
1803 896 1867 947 ut
1966 890 2191 978 jurium
2225 916 2613 978 sacramento,
2649 912 2697 964 si
2733 890 2928 966 tamen
2956 911 3278 981 perjurium
3301 890 3508 983 posset
3529 915 3616 969 di-

212 982 281 1036 ad
316 982 490 1036 fidem
524 997 719 1037 veram
753 978 1200 1052 legitimumque
1232 980 1523 1049 redeatur,
1560 985 1621 1037 ut
1662 997 1863 1052 pecca-

210 1077 339 1126 tum
372 1071 721 1126 emendatur
748 1068 1071 1125 voluntatis
1102 1069 1388 1141 pravitate
1422 1075 1711 1141 correpta,
1740 1074 1864 1125 tan-

214 1176 390 1231 quam
420 1160 468 1215 si
502 1159 633 1231 quis
666 1175 801 1214 cum
849 1157 1151 1214 hominem
1200 1158 1362 1214 solus
1392 1158 1716 1229 exspoliare
1748 1176 1861 1215 non

215 1249 404 1319 possit
436 1248 697 1304 inveniat
730 1248 957 1303 socium
997 1247 1345 1317 iniquitatis,
1380 1252 1436 1303 et
1466 1264 1598 1303 cum
1648 1264 1714 1303 eo
1761 1264 1860 1319 pa-

213 1339 488 1407 ciscatur,
522 1343 588 1393 ut
618 1336 799 1392 simul
831 1336 888 1391 id
923 1335 1161 1404 faciant,
1192 1336 1569 1408 spoliumque
1600 1338 1863 1408 partian-

213 1431 328 1493 tur,
357 1427 510 1497 quod
545 1426 803 1483 facinore
847 1424 1166 1481 commisso
1200 1430 1387 1480 totum
1420 1425 1583 1482 solus
1614 1427 1862 1497 auferat,

210 1515 367 1570 dolet
405 1515 643 1587 quidem
702 1513 800 1570 ille
849 1515 1023 1570 fidem
1083 1514 1196 1570 sibi
1246 1518 1534 1570 servatam
1589 1532 1704 1570 non
1737 1531 1863 1571 esse

212 1604 616 1676 conqueritur.
651 1603 859 1659 Verum
883 1603 943 1658 in
977 1603 1105 1675 ipsa
1135 1620 1240 1659 sua
1284 1603 1521 1674 querela
1570 1604 1743 1659 debet
1771 1621 1861 1659 co-

211 1693 398 1765 gitare
440 1691 635 1764 potius
667 1692 725 1746 in
759 1692 910 1748 bona
940 1692 1059 1747 vita
1105 1692 1285 1747 fuisse
1334 1693 1686 1747 servandum
1734 1692 1858 1764 ipse

212 1783 484 1837 humanas
519 1781 806 1848 societati,
831 1798 902 1837 ne
925 1782 1119 1853 praeda
1151 1781 1357 1853 iniqua
1377 1799 1445 1837 ex
1468 1782 1720 1838 hominae
1756 1782 1858 1836 tie-

212 1875 321 1937 ret,
355 1870 404 1926 si
438 1870 615 1926 sentit
646 1886 824 1942 quam
856 1870 1063 1941 iniqua
1093 1870 1207 1925 sibi
1239 1871 1294 1926 in
1330 1870 1551 1941 peccati
1584 1870 1861 1926 societate

214 1964 448 2015 servata
481 1976 595 2014 non
629 1959 821 2015 fuerit.
859 1958 961 2014 Ille
980 1958 1198 2030 quippe
1231 1959 1541 2031 utrobique
1574 1960 1858 2031 perﬁdus,

215 2048 474 2120 profecto
505 2047 843 2103 sceleratior
868 2048 1230 2118 judicandus
1261 2051 1369 2104 est.

206 2154 342 2210 CAP.
376 2154 592 2211 XCVII.
627 2155 685 2209 Si
710 2163 996 2226 propterea
1013 2154 1143 2224 ﬁdes
1172 2171 1283 2209 non
1311 2159 1565 2210 servatur
1584 2163 1644 2210 ul
1667 2154 1735 2210 ad
1768 2155 1857 2211 b0-

430 2243 565 2282 num
596 2228 844 2291 redeant,
877 2242 985 2281 non
1018 2226 1134 2280 ideo
1165 2226 1368 2281 violari
1398 2226 1629 2281 dicitur.

598 2319 843 2385 August.
878 2315 958 2368 Ex
990 2315 1119 2369 eod.
1168 2314 1294 2383 lib.,
1329 2332 1378 2369 c.
1412 2315 1464 2369 4.

276 2403 389 2471 (22,
424 2419 480 2473 q.
518 2402 570 2472 4,
604 2419 653 2456 c.
686 2401 931 2471 Mulier.)
966 2402 1132 2470 Item,
1168 2401 1379 2456 mulier
1408 2402 1478 2468 si,
1514 2402 1623 2456 {ide
1654 2403 1857 2471 conju-

207 2490 323 2564 gali
354 2490 590 2559 violata,
623 2490 798 2545 fidem
831 2493 1021 2545 servet
1052 2490 1336 2560 adultero,
1371 2491 1573 2562 utique
1596 2489 1750 2545 mala
1772 2494 1860 2545 est

206 2580 309 2635 sed
344 2579 393 2634 si
424 2596 531 2635 nec
563 2578 851 2649 adultero,
885 2579 1049 2650 pejor
1065 2582 1172 2633 est.
1202 2578 1377 2634 Porro
1413 2579 1464 2633 si
1496 2596 1625 2634 eam
1650 2579 1857 2651 ﬂagitii

206 2668 510 2740 pmniteat,
542 2671 598 2723 et
629 2668 698 2723 ad
734 2668 1061 2723 castitatem
1097 2667 1329 2726 rediens
1361 2667 1859 2739 conjugalem,pa-

205 2762 296 2813 cta
327 2774 393 2813 ac
426 2757 643 2828 placita
694 2755 1026 2811 adulterina
1058 2756 1376 2825 rescindat,
1432 2757 1615 2811 miror
1645 2756 1695 2812 si
1727 2772 1856 2811 eam

211 2845 345 2901 fidei
377 2844 732 2901 violatricem
768 2844 854 2900 vel
882 2844 1008 2916 ipse
1038 2844 1267 2901 adulter
1296 2845 1605 2916 putaverit.

206 2933 345 2989 CAP.
399 2933 632 2990 XCVIII.
687 2934 956 2991 Illicitum
1012 2934 1386 3059 Luramenlum
1443 2949 1554 2989 non
1608 2942 1685 2990 est
1740 2950 1855 2989 ser-

902 3022 1005 3059 van
1050 3023 1163 3059 um.

902 3022 1163 3060 vanaum.

742 3094 959 3166 Synod.
992 3111 1095 3160 vu,
1120 3097 1233 3149 act.
1268 3095 1319 3147 4.

279 3183 396 3253 (22,
457 3199 509 3253 q.
578 3184 628 3252 4,
688 3199 737 3237 c.
797 3182 1077 3252 Joannes.)
1134 3182 1393 3237 Joannes
1442 3181 1858 3254 apocrisiarius

1972 997 2046 1057 ci.
2079 998 2233 1068 quod
2265 998 2463 1054 ebrius
2495 999 2648 1054 inter
2676 999 2809 1054 vina
2832 1000 3157 1068 juraverat,
3191 1002 3341 1071 quod
3376 1005 3432 1055 et
3453 1002 3617 1072 jura-

1971 1087 2067 1140 tus
2108 1085 2261 1141 inter
2299 1087 2642 1142 saltantium
2692 1088 2902 1143 choros
2953 1088 3324 1160 promiserat,
3371 1089 3621 1146 infertur
3724 1134 3731 1139 .

1970 1172 2133 1229 disco
2165 1175 2463 1246 propheta:
2495 1180 2673 1248 caput
2704 1181 2762 1231 et
2790 1176 2898 1232 hoc
2929 1175 3283 1231 aestimatum
3337 1182 3427 1232 est
3481 1178 3615 1234 fidei

1971 1278 2100 1319 esse
2123 1266 2269 1335 quod
2304 1265 2577 1321 amicitiae
2610 1266 2738 1321 fuit.

2090 1370 2226 1428 CAP.
2260 1372 2373 1427 CII.
2409 1373 2522 1427 Non
2550 1371 2738 1427 omnia
2765 1372 3041 1442 promissa
3070 1373 3327 1429 solvenda
3358 1382 3505 1430 siml.

2305 1461 2572 1517 Ambros.
2608 1462 2679 1515 De
2700 1462 2869 1531 ofﬂa,
2904 1462 2941 1515 Ι.
2975 1478 3062 1527 m,
3099 1478 3148 1517 c.
3186 1463 3271 1516 12.

2039 1550 2149 1619 (22,
2175 1565 2231 1618 q.
2263 1551 2315 1620 4,
2340 1567 2388 1605 c.
2423 1551 2539 1605 Non
2573 1550 2847 1621 Semper.)
2898 1551 3022 1607 Non
3058 1566 3291 1621 semper
3320 1551 3616 1623 promissa

1967 1638 2166 1692 omnia
2191 1637 2471 1693 solvenda
2500 1643 2660 1695 sunt.
2696 1639 2975 1709 Denique,
3008 1640 3133 1712 ipse
3177 1640 3459 1695 Dominus
3505 1641 3617 1695 fre-

1892 1743 1936 1806 B
1968 1732 2216 1797 quenter
2246 1731 2439 1782 mutat
2498 1744 2665 1783 suam
2720 1729 3074 1784 sententiam
3108 1728 3264 1784 sicut
3318 1728 3618 1800 Scriptura

1970 1814 2211 1869 indicat.

1968 1921 2104 1976 CAP.
2140 1920 2280 1976 CIII.
2317 1922 2449 1977 Ante
2478 1922 2844 1977 rationabiles
2875 1937 3050 1976 annos
3081 1922 3263 1994 aliqui
3291 1940 3401 1979 non
3422 1940 3616 1995 cogan-

2618 1998 2709 2047 tur
2727 1995 2949 2064 jurare.

2501 2083 2753 2153 Capitul.
2785 2083 2824 2137 l.
2858 2100 2896 2148 ι,
2941 2099 2990 2138 c.
3021 2083 3075 2136 9.

2041 2172 2149 2237 ('22,
2184 2187 2238 2241 q.
2272 2171 2328 2241 5,
2360 2187 2409 2226 c.
2445 2172 2719 2241 Parvuli.)
2754 2171 2979 2227 Parvuli
3001 2171 3101 2242 qui
3124 2171 3250 2228 sine
3274 2172 3609 2229 rationabili

1966 2264 2130 2315 astate
2154 2265 2313 2325 sunt,
2347 2277 2460 2314 non
2494 2267 2781 2331 cogantur
2826 2262 3046 2330 jurare,
3067 2266 3123 2315 et
3152 2262 3251 2332 qui
3279 2261 3460 2316 semel
3485 2278 3609 2331 pcr-

1960 2349 2196 2419 juratus
2220 2349 2410 2414 fuerit,
2436 2366 2541 2404 nec
2564 2350 2729 2403 testis
2761 2350 2839 2403 sit
2856 2354 2987 2420 post
3008 2350 3149 2416 haec,
3175 2366 3277 2404 nec
3299 2351 3369 2404 ad
3412 2367 3606 2405 sacra-

1968 2443 2230 2493 mentum
2263 2438 2520 2503 accedat,
2554 2454 2659 2491 nec
2692 2437 2749 2490 in
2784 2454 2892 2493 sua
2923 2454 3102 2493 causa
3150 2437 3237 2492 vel
3270 2438 3325 2492 in
3367 2438 3609 2493 alterius

1959 2527 2191 2596 jurator
2219 2526 2449 2581 existat.

1964 2636 2097 2687 CAP.
2135 2632 2270 2687 CVI.
2306 2632 2438 2687 Ante
2457 2648 2573 2695 11x,
2624 2649 2854 2701 annum,
2900 2632 3090 2686 nullus
3128 2634 3326 2702 jurare
3362 2637 3610 2699 cogatur.

2180 2720 2486 2775 Cornelius
2517 2737 2649 2791 pap.
2682 2720 2739 2774 in
2773 2737 2936 2775 conc.
2962 2719 3222 2786 Eliberit,
3256 2736 3306 2775 c.
3337 2722 3395 2774 5.

2039 2808 2151 2878 (22,
2184 2824 2241 2879 q.
2273 2811 2329 2873 5,
2361 2824 2412 2862 ο.
2450 2807 2666 2876 Pueri.)
2716 2808 2883 2864 Pueri
2946 2811 3079 2863 ante
3127 2823 3222 2862 xiv
3266 2823 3453 2862 annos
3498 2824 3613 2862 non

1965 2900 2251 2967 cogantur
2274 2897 2502 2967 jurare.

2460 2985 2591 3040 CAP.
2627 2984 2737 3038 CV.
2771 2985 2845 3039 De
2873 2984 3076 3039 eodem.

2422 3074 2594 3128 Cone.
2657 3072 2943 3136 Eliberit.,
3009 3089 3058 3128 c.
3112 3073 3166 3127 3.

2041 3164 2151 3232 (22,
2187 3179 2243 3232 q.
2277 3163 2332 3226 5,
2365 3178 2414 3216 c.
2448 3164 2635 3217 Pueri.
2693 3165 2721 3231 §
2768 3164 3006 3224 Puella;
3063 3166 3121 3217 ct
3178 3163 3267 3227 32,
3324 3179 3379 3233 q.
3441 3164 3497 3231 2,
3560 3178 3611 3225 c,

207 3270 582 3327 orientalium
614 3270 844 3326 sedium
879 3271 1062 3326 dixit:
1096 3270 1393 3343 significat
1441 3288 1633 3327 sermo
1676 3271 1860 3343 patris

1986 3252 2208 3319 llulier.)
2237 3252 2294 3306 Si
2332 3251 2525 3322 puella
2556 3253 2669 3308 sita
2700 3252 2759 3339 in
2792 3250 3001 3322 puerili
3033 3255 3200 3306 aetate
3232 3251 3291 3305 in
3323 3251 3496 3306 domo
3516 3268 3610 3322 pa-

206 3360 389 3415 nostri
421 3359 736 3432 Sophronii
759 3361 913 3431 quod
940 3360 1152 3415 melius
1175 3361 1253 3415 sit
1272 3362 1573 3429 jurantem
1603 3361 1862 3431 perjura-

1970 3342 2078 3395 tris
2108 3340 2406 3394 nesciente
2439 3356 2499 3393 se
2513 3332 2854 3407 juramento
2886 3338 3320 3402 constrinxerit,
3355 3344 3413 3393 et
3440 3339 3489 3392 si
3512 3356 3608 3411 pa-

207 3464 288 3519 re,
347 3425 524 3521 quam
574 3425 921 3505 conservare
970 3425 1406 3503 sacramentum
1462 3449 1521 3503 in
1574 3425 1857 3503 fractione
1967 3432 2056 3482 te”
2085 3436 2145 3481 υί
2174 3427 2677 3521 ἓίδλξίηξδυάίθτξίν
2713 3425 3082 3521 φοξηιξίῇάίκίίν
3116 3430 3248 3521 νοῖέ
3274 3428 3404 3521 Pilis
3435 3428 3605 3495 eti“-

208 3542 550 3593 sanctarum
585 3536 939 3607 imaginum,
993 3536 1104 3590 hoc
1160 3539 1353 3590 autem
1415 3535 1667 3591 dicimus
1720 3535 1855 3607 quia

210 3626 456 3697 quidam
488 3641 551 3680 se
581 3627 949 3680 sacramento
981 3625 1284 3677 excusant.

674 3711 809 3767 CAP.
842 3709 1031 3766 XCIX.
1083 3711 1155 3764 De
1182 3708 1388 3764 eodem.

727 3798 812 3854 Th
822 3815 973 3853 aras.
1011 3796 1329 3869 patriarch.

280 3890 392 3958 (22,
425 3904 481 3960 q.
516 3889 569 3953 4,
615 3904 665 3943 c.
718 3886 1064 3959 Tharasius.)
1095 3885 1241 3953 Quia
1302 3889 1462 3956 pater
1492 3885 1860 3957 Sophronius

1968 3518 2235 3570 ramenta
2265 3513 2430 3569 irrita
2459 3519 2650 3579 erunt,
2685 3518 2741 3568 et
2772 3513 3003 3568 facilius
3020 3513 3454 3569 emendabitur.

2475 3604 2607 3658 CAP.
2634 3602 2768 3656 CVI.
2798 3603 2869 3657 De
2891 3602 3097 3658 eodem.

2418 3692 2590 3747 Conc.
2651 3689 2972 3758 Aureliam,
3030 3707 3079 3746 c.
3135 3692 3193 3746 2.

2037 3781 2445 3835 Juramentum
2470 3784 2526 3834 et
2557 3779 2705 3845 filias,
2742 3779 3035 3834 nesciente
3064 3784 3228 3852 patre
3257 3784 3315 3836 et
3342 3784 3476 3836 vota
3497 3796 3611 3836 mo-

1969 3869 2163 3937 nachi,
2199 3869 2497 3924 nesciente
2552 3868 2782 3935 abbate,
2814 3869 3229 3937 etjuramenta
3260 3868 3424 3935 pueri
3447 3868 3613 3925 irrita

208 3982 445 4034 noverat
473 3976 796 4033 bonitatem
833 3976 953 4045 Dei,
976 3980 1284 4048 propterea
1314 3975 1644 4049 transgredi
1675 3974 1861 4031 voluit
1968 3963 2133 4012 θυηῗ·

213 4066 459 4139 impium
494 4068 955 4121 sacramentum.

742 4156 871 4207 CAP.
907 4152 968 4208 C.
1006 4156 1085 4207 De
1116 4151 1319 4207 eodem.

913 4242 993 4297 Ex
1025 4242 1157 4297 eod.

2468 4048 2599 4100 CAP.
2629 4045 2790 4100 CVII.
2815 4046 2892 4099 De
2909 4045 3115 4099 eodem.

2191 4138 2440 4205 August.
2475 4134 2534 4187 in
2565 4132 2773 4188 decoll.
2806 4134 2975 4189 Joan.
3010 4133 3173 4203 Bapt.
3210 4149 3389 4189 serm.

2037 4224 2097 4278 Si
2129 4222 2261 4293 quis
2292 4221 2688 4293 provocaverit
2718 4224 2774 4276 te
2806 4222 2877 4276 ad
2902 4222 3263 4292 jurationem
3296 4227 3362 4278 ut
3384 4224 3529 4279 forte
3564 4224 3616 4280 si

279 4331 393 4401 (22’
425 4346 484 4402 q.
518 4331 573 4397 4,
608 4346 659 4400 ο,
687 4330 941 4395 Thura,”
967 4328 1305 4401 gsecundw
1330 4329 1586 4385 Herodes
1609 4330 1863 4385 servavit
1968 4311 2052 4368 sic
2083 4311 2195 4367 sibi
2221 4311 2759 4367 aestimetsatisfieri
2780 4327 2950 4402 posse
2971 4310 3349 4402 sijuraveris,
3375 4312 3445 4368 de
3484 4313 3613 4384 ipsa

204 4422 610 4491 juramentum
641 4422 698 4474 et
744 4418 934 4490 periit.
988 4418 1193 4473 Petrus
1242 4418 1475 4490 negavit
1521 4436 1653 4474 cum
1696 4419 1858 4489 jura-

1970 4418 2031 4456 re
2062 4417 2239 4473 quam
2292 4405 2464 4472 putas
2494 4404 2551 4455 te
2582 4400 3006 4467 commississe,
3040 4416 3105 4455 ac
3154 4400 3380 4471 fecisse,
3431 4418 3608 4473 quam

216 4464 610 4490 Ι“““¹’⁵“ν⁵⁹““⁶⁶⁴
642 4464 697 4474 ν’
745 4464 934 4490 ι’νυη·
989 4464 1193 4473 “'"""
1242 4464 1475 4490 ""'O"'"'
1523 4464 1653 4474 ""'“‘
1696 4464 1834 4489 0""

216 4513 407 4563 mento
437 4511 494 4562 et
522 4523 839 4562 conversus
899 4506 1075 4571 ﬂevit,
1110 4511 1167 4561 et
1225 4506 1481 4562 salvatus
1536 4512 1643 4563 est.
1674 4508 1859 4564 Omne

1986 4488 2209 4545 'orsilan
2244 4506 2357 4545 non
2391 4489 2599 4558 fecisti,
2633 4506 2703 4544 ne
2748 4492 3048 4543 remoneat
3076 4487 3137 4542 in
3166 4504 3232 4543 eo
3281 4488 3406 4546 loco
3454 4491 3609 4547 mala

212 4596 369 4651 enim
402 4597 592 4651 bonus
627 4596 778 4650 Deus
806 4595 1094 4666 indulget,
1139 4593 1187 4648 si
1238 4595 1371 4664 quis
1412 4611 1480 4649 ex
1526 4600 1645 4651 toto
1690 4597 1862 4652 corde

215 4686 511 4756 pceniteat,
566 4687 772 4740 sancta
825 4683 1086 4755 synodus
1127 4683 1311 4737 dixit:
1342 4704 1368 4733 «
1401 4684 1497 4739 Sic
1546 4686 1713 4739 docet
1756 4702 1863 4741 nos

210 4773 568 4845 Scriptura.»
600 4774 741 4827 Item
768 4770 1079 4827 :Leontius
1102 4771 1321 4825 Photias
1337 4772 1647 4845 episcOpus
1669 4773 1814 4827 dixit
1846 4794 1860 4841 ;

212 4864 509 4934 Scriptum
542 4865 631 4917 est
673 4879 684 4916 :
731 4882 759 4911 «
793 4863 1201 4916 Juramentum
1228 4862 1476 4915 mendax
1515 4879 1625 4917 non
1650 4862 1863 4933 diliga-

215 4952 307 5007 tis.
332 4972 355 5001 ι)
390 4952 515 5015 Qua
545 4952 614 5005 de
642 4966 821 5006 causa
847 4954 1116 5005 nostrum
1157 4950 1562 5019 juramentum
1614 4951 1863 5006 mendax

213 5039 577 5106 dissolvitur,
609 5039 779 5112 quasi
805 5038 1029 5093 nullam
1066 5037 1286 5093 habens
1313 5038 1608 5095 virtutem.

212 5134 345 5186 CAP.
381 5127 471 5182 CI.
515 5127 885 5183 Tolerabilius
929 5134 1005 5201 est
1040 5128 1421 5198 juramentum
1472 5145 1579 5185 non
1632 5129 1864 5201 implere

607 5216 776 5271 quam
807 5198 951 5270 quod
981 5207 1138 5269 turpe
1165 5208 1244 5253 est
1264 5202 1467 5269 facere.

557 5288 823 5344 Ambros.
863 5288 935 5343 De
961 5287 1131 5357 allia,
1161 5286 1199 5340 l.
1234 5303 1318 5353 ιιι,
1353 5304 1401 5342 c.
1436 5288 1521 5344 12.

287 5375 400 5447 (22,
435 5392 491 5447 q.
524 5381 575 5444 4,
611 5394 659 5432 c.
700 5375 1097 5447 Unusquisque,
1129 5376 1156 5439 §
1187 5375 1388 5446 δωρεὴ)
1420 5379 1580 5448 Saepe
1604 5376 1863 5448 plerique

216 5466 632 5538 constringunt
674 5483 736 5521 se
778 5464 1173 5537 Jurisjurandi
1221 5470 1609 5533 sacramento,
1640 5472 1697 5522 et
1728 5483 1860 5522 cum

216 5553 330 5626 ipsi
365 5556 742 5625 cognoverint
772 5553 1228 5625 promittendum
1265 5571 1380 5610 non
1432 5554 1631 5621 fuisse,
1666 5573 1859 5611 sacra-

1970 4576 2657 4649 suspicio,sijuraveris,
2692 4580 2752 4631 tu
2799 4593 2912 4631 non
2942 4576 3023 4630 sic
3066 4592 3270 4647 peccas
3317 4581 3609 4648 quomodo

1970 4666 2068 4722 ille
2098 4666 2199 4737 qui
2228 4672 2285 4721 te
2315 4665 2733 4737 provocaverit.
2756 4665 2900 4719 Item
2923 4681 2934 4719 :
2957 4664 3014 4718 Si
3033 4665 3104 4720 ab
3126 4665 3239 4721 alio
3265 4674 3611 4737 provocatus

1971 4755 2176 4821 fueris,
2206 4755 2276 4810 ab
2308 4755 2498 4826 ipsius
2540 4753 2693 4809 malo
2724 4753 2834 4809 erit
2863 4754 3016 4823 quod
3046 4755 3235 4824 juras,
3279 4772 3392 4811 non
3425 4774 3457 4812 a
3488 4762 3612 4813 tuo.

1973 4862 2107 4917 CAP.
2134 4861 2320 4917 CVIII.
2355 4860 2695 4933 Homicidam
2726 4859 2918 4929 vineit,
2938 4858 3045 4933 qui
3072 4859 3251 4916 sciens
3299 4861 3374 4915 ad
3421 4863 3616 4933 perju-

2565 4931 2717 4986 rium
2742 4930 3044 5003 compellit

2360 5023 2607 5092 August.
2640 5020 2705 5076 de
2731 5019 2925 5087 sant-is,
2961 5035 3136 5075 serm.
3169 5020 3223 5074 2.

2044 5110 2156 5180 (22,
2189 5126 2241 5180 q.
2272 5111 2327 5177 5,
2362 5127 2411 5165 c.
2434 5111 2539 5165 Ille
2567 5110 2702 5182 qui.)
2731 5108 2829 5165 Ille
2854 5108 3028 5163 homo
3052 5107 3152 5178 qui
3199 5106 3380 5164 alium
3414 5127 3616 5182 provo-

1973 5203 2065 5253 cat
2095 5199 2165 5253 ad
2193 5199 2570 5266 jurationem,
2594 5202 2649 5254 et
2670 5197 2927 5253 sciteum
2953 5196 3402 5266 lalsumjurare,
3434 5199 3616 5255 vincit

1973 5287 2346 5357 homicidam,
2381 5288 2520 5360 quia
2568 5285 2862 5343 homicida
2906 5299 3117 5355 corpus
3147 5285 3452 5342 occisurus
3500 5291 3608 5359 est,

1972 5375 2069 5431 ille
2099 5377 2381 5444 animam,
2414 5377 2532 5431 imo
2551 5377 2698 5430 duas
2721 5373 2972 5437 animas,
2995 5376 3051 5426 et
3068 5373 3195 5441 ejus
3218 5376 3610 5446 quemjurare

1974 5465 2306 5537 provocavit
2336 5470 2394 5521 et
2426 5482 2617 5521 suam.
2652 5464 2779 5517 Scis
2824 5476 3025 5515 verum
3075 5478 3205 5517 esse
3252 5465 3406 5535 quod
3440 5465 3607 5537 dicis,

1974 5555 2183 5612 falsum
2219 5571 2347 5612 esse
2370 5554 2522 5626 quod
2548 5550 3111 5620 dicitills,etjurare
3142 5551 3614 5624 compellis.Ecce
