3936 6056
402 209 537 265 1331

1490 212 1559 262 D.
1603 208 1847 262 IVONIS
1881 204 2378 262 CARNOTENSIS
2414 205 2732 259 EPISCOPI

3702 203 3855 257 1332

391 336 411 405 j
438 338 595 404 urat,
628 333 910 406 perjurat,
934 349 1064 389 ecce
1105 333 1273 404 perit,
1316 330 1458 403 quid
1494 329 1807 387 invenisti?
1843 330 1966 384 Imo
2004 330 2063 384 et
2088 330 2143 396 Α
2175 330 2369 385 tamen
2402 327 2554 400 pluit
2584 327 2690 395 ibi,
2716 328 2817 383 sed
2848 326 2945 383 ille
2976 326 3184 397 nescit,
3209 329 3267 381 et
3283 330 3452 398 putat
3478 343 3603 383 non
3640 326 3849 399 pluis-

401 429 463 478 tu
494 423 723 495 peristi,
757 423 896 494 quia
921 423 992 477 de
1021 422 1179 477 illius
1210 426 1393 476 morte
1424 420 1637 476 satiare
1666 418 1925 474 voluisti.

397 512 531 569 CAP.
556 512 701 569 CIX.
737 511 841 568 Cui
868 511 939 567 sit
956 510 1328 636 judicand‘um
1350 509 1582 581 falsum,
1604 508 1744 582 quod
1765 509 1833 563 ab
1853 505 2048 578 aliqua

1092 598 1220 636 mra
1251 599 1338 636 ur.

1092 598 1338 649 7ura¢ur.

821 673 1066 743 August.
1122 670 1322 738 Quaest.
1368 670 1427 723 in
1458 668 1626 724 Leuit.

469 761 721 833 (22,q.5,
738 777 784 817 ο.
804 760 1174 831 Hocvidctur.)
1199 759 1316 833 Hoc
1340 760 1571 814 videtur
1591 757 1784 812 dicere
1806 770 2047 828 peccare

397 832 720 916 hominem,
738 865 851 920 quo
874 832 1327 919 audientejufat
1355 846 1571 919 aliquis
1595 844 1834 913 falsum,
1857 848 1915 900 et
1936 844 2045 899 scit

392 955 527 996 eum
551 939 982 1009 falsumjurare
996 942 1053 993 et
1078 942 1247 993 tacet.
1275 938 1438 992 Tunc
1462 940 1663 992 autem
1690 935 1800 989 scit
1834 933 1979 1003 ﬁeri,
1996 933 2045 989 si

391 1031 519 1099 ejus
543 1026 624 1083 rei
654 1028 725 1083 de
747 1044 863 1098 qua
885 1028 1124 1098 juratur
1148 1026 1319 1081 testis
1374 1025 1503 1080 fuit.
1556 1026 1668 1079 Aut
1690 1024 1895 1079 videns
1944 1026 2046 1077 aut

389 1117 661 1173 conscius
693 1116 825 1182 fuit,
856 1115 914 1170 id
948 1120 1037 1171 est
1058 1115 1255 1187 aliquo
1281 1115 1455 1169 modo
1475 1112 1763 1185 cognovit,
1786 1116 1886 1167 aut
1906 1128 2041 1167 ocu-

390 1206 464 1262 lis
490 1206 614 1261 suis
637 1205 969 1276 conspexit,
995 1210 1095 1259 aut
1118 1203 1217 1260 ille
1260 1204 1385 1275 ipse
1423 1202 1761 1274 quijuravit
1778 1201 1860 1255 illi
1892 1200 2044 1255 indi-

391 1294 568 1361 cavit;
604 1294 685 1349 ita
715 1293 873 1349 enim
908 1294 1096 1364 potuit
1124 1309 1254 1348 esse
1296 1291 1548 1347 consciis
1577 1290 1911 1362 irrogando,
1943 1290 2043 1344 sed

394 1383 548 1437 inter
575 1383 851 1437 timorem
883 1381 1063 1453 hujus
1100 1382 1343 1453 peccati,
1372 1390 1425 1436 et
1453 1380 1726 1435 timorem
1763 1377 2044 1450 perditio-

395 1472 489 1527 nis
519 1470 851 1537 hominum,
888 1487 999 1525 non
1036 1487 1215 1542 parva
1244 1470 1442 1525 existit
1472 1468 1816 1540 plerumque
1861 1471 2045 1523 tenta-

391 1560 493 1616 tio.
519 1560 845 1615 Possumus
876 1558 1031 1613 enim
1066 1564 1333 1629 paratum
1368 1560 1439 1613 ad
1475 1557 1799 1630 perjurium
1841 1556 2041 1610 admo-

394 1650 587 1704 nendo
613 1648 701 1703 vel
728 1647 1088 1716 prohibendo
1112 1665 1145 1703 a
1172 1652 1286 1703 tam
1312 1647 1471 1719 gravi
1498 1650 1730 1719 peccato
1754 1660 2038 1700 revocare.

390 1738 499 1794 Sed
524 1737 573 1793 si
609 1753 723 1791 non
756 1737 1031 1804 audierit,
1054 1742 1111 1791 et
1140 1753 1334 1791 coram
1366 1736 1539 1791 nobis
1558 1737 1629 1790 de
1654 1751 1713 1789 re
1737 1750 1913 1805 quam
1942 1750 2043 1787 no-

394 1826 659 1882 verimus
702 1824 1239 1895 falsumjuraverit,
1290 1829 1486 1879 utrum
1538 1823 1940 1895 prohibendus
1968 1822 2042 1877 sit

394 1916 663 1988 proditus
694 1914 870 1968 etiam
906 1914 954 1969 si
989 1914 1045 1968 in
1079 1913 1189 1968 hoc
1240 1913 1567 1986 periculum
1602 1912 1805 1967 mortis
1838 1913 2039 1967 incur-

392 2007 504 2070 rat,
541 2000 891 2056 difficillima
922 2002 1168 2073 quaastio
1200 2007 1307 2057 est.
1341 2002 1452 2057 Sed
1497 2001 1637 2073 quia
1674 2001 1767 2055 hic
1800 2016 1913 2054 non
1942 2016 2037 2053 ex-

390 2090 609 2163 pressit
638 2090 730 2145 cui
762 2090 871 2146 hoc
911 2091 1234 2145 indicatum
1267 2096 1376 2161 est,
1412 2096 1611 2146 utrum
1644 2089 1729 2144 illi
1760 2089 1852 2143 cui
1879 2090 2042 2159 jura-

393 2184 507 2249 tur,
540 2194 614 2233 an
645 2178 933 2235 sacerdoti
960 2180 1049 2234 vel
1084 2179 1359 2250 cuipiam,
1398 2180 1500 2251 qui
1538 2196 1650 2233 non
1685 2177 1870 2232 solum
1904 2193 2038 2231 eum

393 2268 667 2340 persequi
700 2285 813 2323 non
846 2272 1055 2340 potest,
1082 2270 1313 2324 videtur
1361 2269 1506 2323 mihi
1561 2269 1713 2340 quod
1743 2284 1805 2324 se
1837 2268 1895 2322 in
1931 2267 2041 2321 hoc

393 2357 582 2413 solvat
604 2374 638 2412 a
664 2357 881 2428 peccati
910 2357 1144 2412 vinculo
1176 2358 1224 2412 si
1250 2359 1468 2413 indicet
1485 2358 1704 2413 talibus
1726 2358 1827 2429 qui
1854 2356 2041 2428 magis

398 2448 653 2517 possunt
677 2445 956 2516 prodesse
986 2462 1165 2517 quam
1212 2446 1418 2501 obesse
1467 2444 1746 2517 perjurio,
1800 2444 1921 2499 sive
1969 2442 2042 2498 ad

396 2534 811 2605 corrigendum
828 2550 983 2603 eum,
1012 2534 1131 2589 sive
1145 2535 1215 2589 ad
1241 2538 1423 2589 Deum
1447 2551 1548 2606 pro
1572 2550 1637 2589 eo
1662 2532 2040 2604 placandum,

394 2623 496 2678 sed
523 2626 579 2679 et
607 2622 734 2693 ipse
766 2622 1155 2677 confessionis
1187 2622 1463 2679 adhibeat
1486 2622 1859 2677 medicinam.

390 2711 529 2767 CAP.
563 2709 673 2767 CX.
706 2712 825 2766 Non
844 2719 1030 2781 peccat
1077 2713 1174 2793 qui
1214 2710 1597 2781 juramentum
1637 2710 1810 2765 nescit
1834 2709 2043 2780 falsum

1135 2798 1322 2836 urare.

1111 2799 1322 2850 jurare.

897 2856 1175 2924 August,
1217 2855 1290 2909 De
1330 2854 1543 2924 pcriur.

461 2941 575 3011 (22,
608 2956 667 3011 q.
709 2941 765 3011 5,
810 2957 860 2997 c.
899 2941 1003 3009 Qui
1049 2941 1272 3012 exigit.)
1304 2942 1411 3008 Qui
1461 2941 2040 3013 exigitjurationem,

392 3028 647 3083 multum
681 3030 942 3098 interest,
977 3030 1024 3085 si
1050 3031 1238 3086 nescit
1261 3030 1427 3084 illum
1457 3033 1659 3101 jurare
1699 3029 1934 3099 falsum,
1968 3046 2040 3085 an

398 3117 529 3171 scit.
564 3116 623 3170 Si
654 3116 811 3171 enim
843 3118 1053 3185 nescit,
1084 3122 1141 3172 et
1170 3119 1301 3173 ideo
1324 3119 1511 3173 dixit:
1542 3142 1567 3168 ‹‹
1599 3118 1741 3172 Jura
1774 3118 1940 3185 mihi,
1975 3122 2040 3173 ut

396 3205 542 3259 fides
572 3203 623 3259 ei
656 3204 752 3273 sit,
767 3226 795 3253 ››
813 3221 927 3259 non
943 3206 1126 3261 audeo
1140 3206 1333 3262 dicere
1350 3223 1478 3262 esse
1504 3211 2037 3277 peccatum,tamen

396 3292 658 3348 humana
683 3293 930 3348 tentatio
962 3298 1066 3349 est.
1102 3294 1161 3349 Si
1194 3302 1392 3349 autem
1444 3294 1602 3350 novit
1631 3312 1765 3349 eum
1810 3295 2036 3365 fecisse,

396 3382 445 3437 si
478 3382 587 3437 scit
616 3398 750 3438 eum
784 3382 1011 3448 fecisse,
1063 3383 1212 3440 vidit
1242 3384 1471 3453 fecisse,
1515 3390 1571 3440 et
1620 3384 1774 3455 cogit
1813 3384 2036 3454 jurare,

395 3469 689 3525 homicida
716 3474 823 3525 est.
858 3470 957 3525 Ille
990 3472 1147 3525 enim
1184 3488 1245 3527 se
1274 3489 1378 3527 suo
1404 3472 1661 3543 perjurio
1712 3472 2033 3541 interimit;

391 3559 493 3613 aed
516 3558 627 3613 iste
647 3575 889 3613 manum
912 3558 1321 3615 interﬁcientis
1343 3565 1400 3615 et
1414 3562 1490 3615 im
1499 3560 1781 3633 pressitet
1798 3561 2032 3631 pressit.

392 3646 528 3702 CAP.
563 3647 705 3700 CXI.
739 3648 815 3701 De
843 3662 903 3702 eo
934 3647 1033 3717 qui
1052 3648 1211 3718 jurat
1234 3650 1441 3719 falsum
1464 3650 1604 3720 quod
1640 3654 1798 3719 putat
1825 3666 2031 3706 verum.

666 3734 934 3806 August,
965 3737 1036 3790 De
1060 3738 1212 3792 nerb.
1243 3738 1419 3806 Apost.
1452 3754 1629 3793 serm.
1663 3739 1753 3794 28.

459 3822 753 3893 (22,q.2,c.
774 3824 1069 3894 Homines.)
1093 3825 1370 3881 Homines
1393 3828 1549 3881 enim
1572 3826 2031 3897 falsumjurant,

386 3910 475 3966 vel
508 3927 642 3965 cum
676 3910 908 3975 fallunt,
934 3913 1021 3967 vel
1057 3930 1191 3967 cum
1213 3914 1517 3982 falluntur,
1549 3920 1648 3969 aut
1671 3921 1841 3986 putat
1859 3916 2031 3971 homo

385 4016 586 4055 verum
618 4016 747 4056 esse
778 4003 933 4072 quod
970 4000 1182 4057 falsum
1220 4007 1329 4070 est,
1363 4008 1420 4059 et
1465 4008 1683 4059 temere
1717 4005 1899 4075 jurat,
1931 4010 2033 4060 aut

386 4088 515 4155 scit,
538 4092 637 4143 aut
661 4094 831 4160 putat
862 4090 1077 4146 falsum
1102 4106 1251 4157 esse,
1278 4097 1333 4147 et
1354 4096 1552 4148 tamen
1576 4109 1679 4164 pro
1701 4094 2029 4164 verojurat,

387 4181 444 4232 et
475 4176 866 4233 nihilominus
900 4195 1032 4234 cum
1070 4179 1288 4235 scelere
1327 4182 1511 4251 jurat.
1565 4182 1792 4238 Distant
1832 4187 2028 4239 autem

384 4264 499 4320 ista
530 4266 810 4337 perjuria,
832 4283 957 4337 quas
999 4268 1114 4323 duo
1145 4270 1597 4325 commemoravi
1625 4286 1637 4326 :
1671 4270 1830 4326 Facit
1860 4270 2027 4328 illum

371 4353 578 4424 jurare
609 4354 748 4425 quia
774 4371 978 4411 verum
1013 4362 1181 4428 putat
1201 4374 1329 4414 esse
1354 4376 1455 4430 pro
1474 4360 1786 4430 quojurat.
1810 4360 2027 4417 Verum

383 4445 552 4512 putat
582 4457 732 4509 esse,
764 4448 822 4499 et
852 4448 1046 4501 tamen
1085 4446 1298 4502 falsum
1339 4451 1449 4503 est.
1510 4447 1653 4503 Nam
1714 4465 1781 4503 ex
1833 4449 2028 4506 animo
2061 4434 2106 4500 Ι)

384 4529 497 4584 isto
522 4531 804 4601 perjurat,
837 4532 1061 4588 fallitur
1077 4534 1189 4601 hic,
1216 4552 1318 4605 pro
1340 4553 1474 4591 vero
1515 4537 1692 4592 habet
1736 4539 1890 4608 quod
1924 4538 2029 4593 fal-

381 4633 514 4672 sum
547 4623 653 4673 est.
687 4619 810 4675 Non
843 4638 946 4691 pro
980 4639 1040 4677 re
1074 4622 1217 4678 falsa
1250 4624 1811 4696 sciensjurationem
1836 4626 2024 4697 impo-

380 4706 485 4762 nit.
521 4706 605 4762 Da
625 4706 826 4764 alium:
853 4709 961 4765 scit
982 4710 1195 4767 falsum
1228 4728 1376 4779 esse,
1410 4719 1465 4769 et
1486 4713 1627 4769 dicit
1669 4730 1868 4769 verum
1899 4730 2029 4770 esse

371 4797 536 4864 jurat
590 4800 871 4867 tanquam
932 4816 1134 4854 verum
1168 4801 1265 4867 sit,
1300 4804 1453 4872 quod
1490 4803 1600 4857 scit
1631 4802 1843 4857 falsum
1876 4820 2024 4859 esse.

385 4885 609 4941 Videtis
641 4903 820 4957 quam
854 4886 969 4944 ista
1000 4888 1078 4943 sit
1108 4889 1485 4946 destestanda
1517 4891 1727 4962 bellua,
1760 4898 1819 4947 et
1849 4892 1919 4948 de
1937 4909 2024 4948 re-

2157 433 2240 483 se,
2273 419 2547 488 perjurus
2578 421 2686 472 est.
2723 416 2973 472 Interest
3023 416 3528 487 quemadmodum
3574 414 3850 471 verbum

2156 507 2435 578 procedat
2465 522 2534 561 ex
2565 506 2785 562 animo.
2816 506 2997 562 Ream
3036 504 3303 577 linguam
3334 521 3448 560 non
3485 504 3663 574 facit,
3721 505 3846 560 nisi

2154 609 2254 650 rea
2287 611 2476 650 mens.

2225 688 2356 739 CAP.
2392 682 2562 741 CXII.
2596 685 2671 740 Dc
2697 700 2756 739 eo
2787 684 2885 755 qui
2911 684 3218 740 calliditate
3241 683 3535 740 verborum
3557 684 3764 755 jurat.

2546 774 2753 829 Isidor.
2786 775 3030 830 Sentent.
3063 773 3103 829 l.
3137 790 3199 841 ιι,
3234 791 3285 829 c.
3318 775 3410 838 26,

2229 864 2343 935 (22,
2378 880 2437 935 q.
2462 864 2518 930 5,
2551 881 2601 919 c.
2642 865 2971 936 Quijurat.)
3021 864 3380 935 Quacunque
3431 866 3560 918 arte
3621 862 3841 917 verbo-

2156 969 2289 1007 rum
2321 953 2573 1024 quisque
2593 954 2776 1024 juret,
2795 959 2947 1009 Deus
2976 957 3173 1008 tamen
3197 954 3298 1025 qui
3329 952 3732 1008 conscientia
3754 960 3837 1006 te-

2156 1040 2266 1097 stis
2288 1046 2397 1112 est,
2424 1043 2505 1097 ita
2538 1043 2645 1097 hoc
2668 1043 2894 1114 accepit
2915 1042 3071 1097 sicut
3091 1041 3188 1097 ille
3213 1042 3302 1097 cui
3320 1042 3568 1112 juratur
3600 1040 3836 1095 intelli-

2153 1130 2258 1201 git.
2291 1131 2612 1203 Dupliciter
2642 1137 2837 1186 autem
2871 1148 3005 1187 reus
3037 1130 3266 1202 est,qui
3290 1147 3423 1186 cum
3453 1146 3695 1185 nomen
3722 1130 3829 1184 Do-

2155 1219 2296 1274 mini
2328 1221 2385 1273 in
2420 1237 2634 1275 vanum
2667 1221 2920 1275 assumit
2947 1228 3001 1275 et
3031 1221 3367 1291 proximum
3397 1218 3536 1274 dolo
3571 1219 3770 1290 capit.

2222 1309 2356 1364 CAP.
2392 1309 2575 1364 CXIII.
2609 1311 2725 1365 Non
2756 1309 2945 1365 omnia
2969 1308 3245 1381 promissa
3285 1307 3552 1365 solvenda
3589 1317 3760 1363 sunt.

2400 1398 2627 1468 Isidor.,
2661 1402 2743 1453 Dc
2770 1413 2980 1453 summo
3013 1400 3175 1462 bono,
3205 1396 3245 1452 l.
3276 1414 3335 1466 ιι,
3369 1413 3418 1451 c.
3460 1397 3557 1451 31.

2224 1487 2337 1557 (22,
2372 1503 2427 1558 q.
2461 1488 2514 1557 4,
2547 1503 2596 1542 c.
2628 1488 2747 1542 Non
2797 1490 2875 1542 est
2922 1487 3370 1556 observandum.)
3399 1485 3533 1541 Non
3586 1489 3693 1541 est
3722 1485 3824 1539 ob-

2152 1577 2506 1630 servandum
2539 1580 2973 1631 sacramentum
3007 1591 3123 1646 quo
3158 1574 3378 1629 malum
3403 1574 3659 1629 incaute
3694 1589 3823 1644 per-

2074 1704 2119 1768 B
2152 1665 2427 1733 mittitur,
2471 1664 2670 1732 veluti,
2703 1664 2753 1719 si
2792 1663 3088 1736 quispiam
3121 1662 3399 1719 adultera
3447 1667 3818 1735 perpetuam

2149 1768 2282 1807 cum
2318 1768 2384 1808 ea
2408 1752 2790 1824 permanendi
2813 1753 2989 1808 fidem
3014 1752 3380 1824 polliceatur.
3407 1751 3823 1807 Tolerabilius

2148 1845 2237 1897 est
2266 1842 2421 1897 enim
2458 1858 2571 1897 non
2602 1841 2845 1913 implere
2873 1845 3331 1904 sacramentum,
3366 1856 3551 1912 quam
3589 1857 3825 1913 perma-

2149 1947 2285 1986 nere
2317 1931 2375 1985 in
2404 1932 2593 2002 stupri
2628 1931 2875 2003 ﬂagitio.

2148 2018 2282 2074 CAP.
2316 2018 2501 2074 CXIV.
2532 2021 2731 2075 Jurare
2763 2020 2878 2090 Dei,
2920 2022 2974 2074 et
3000 2019 3326 2089 panitentia
3354 2018 3455 2074 Dei
3497 2018 3647 2090 quid
3676 2020 3811 2074 sint.

2709 2091 2791 2146 Ex
2821 2089 2994 2146 dictis
3026 2091 3230 2145 Isidor.

2218 2179 2426 2235 Jurare
2455 2179 2557 2235 Dei
2589 2183 2679 2235 est
2710 2179 2811 2234 illa
2836 2178 3200 2249 providentia
3247 2194 3376 2249 quas
3419 2179 3652 2235 statuit
3708 2196 3816 2234 non

2148 2266 2393 2323 evellere
2425 2272 2665 2323 statuta.
2692 2267 3039 2323 Pcenitentia
3058 2267 3151 2322 Dei
3183 2270 3273 2323 est
3295 2281 3492 2322 rerum
3519 2268 3807 2333 mutatio,

2149 2355 2273 2410 Non
2306 2356 2587 2426 pmnitere
2618 2362 2840 2426 autem,
2875 2360 3102 2412 statuta
3136 2372 3252 2413 non
3284 2370 3564 2411 revocare
3620 2360 3693 2410 ut
3742 2361 3823 2411 est

2157 2443 2304 2499 illud
2344 2462 2356 2500 :
2389 2446 2639 2515 Juravit,
2671 2455 2862 2501 etnon
2899 2445 3188 2517 paenitebit
3238 2461 3363 2500 eum
3406 2445 3589 2509 (Psal.
3644 2444 3819 2515 CIX};

2151 2540 2209 2591 et
2236 2551 2363 2607 quae
2392 2535 2611 2605 juravit
2644 2551 2758 2589 non
2792 2534 3066 2591 mutabit.

2150 2624 2281 2681 CAP.
2315 2624 2477 2681 CXV.
2536 2626 2735 2680 Jurare
2780 2640 2885 2697 per;
2921 2624 3090 2678 Deum
3127 2626 3202 2679 est
3236 2623 3331 2693 jus
3376 2623 3485 2678 Deo
3534 2622 3811 2679 reddere.

2244 2717 2490 2785 August.
2524 2729 2705 2768 serm.
2737 2713 2813 2767 De
2841 2710 3121 2783 periurio,
3154 2711 3409 2767 Primam
3444 2712 3601 2780 lect.,
3628 2717 3747 2768 etc.

2221 2800 2501 2872 Quisquis
2532 2804 2590 2857 et
2620 2800 2783 2873 pravi
2814 2804 2871 2856 et
2928 2800 3187 2873 perversi
3223 2800 3436 2868 cordis,
3480 2801 3533 2858 si
3586 2802 3764 2859 dicas
3798 2823 3811 2857 :

2150 2892 2258 2947 Per
2287 2890 2494 2957 Deum,
2520 2891 2726 2960 juras;
2777 2889 2825 2945 si
2858 2889 3019 2946 dicas
3054 2907 3066 2946 :
3100 2890 3289 2947 Testis
3327 2894 3416 2947 est
3462 2892 3649 2961 Deus,
3705 2910 3815 2948 nor.

2144 2981 2335 3051 juras.
2372 2978 2519 3044 Quid
2554 2978 2733 3051 enim,
2765 2996 2868 3051 per
2890 2983 3096 3049 Deum,
3129 2979 3241 3035 nisi
3265 2980 3458 3035 Testis
3484 2984 3582 3035 est
3615 2980 3817 3037 Deus?

2073 3070 2115 3137 C
2158 3070 2265 3124 Aut
2294 3069 2459 3140 quid,
2483 3068 2676 3124 Testis
2706 3073 2795 3123 est
2825 3067 2981 3123 Deus
3014 3068 3126 3123 nisi
3151 3068 3258 3124 Per
3282 3068 3499 3124 Deum?
3514 3070 3677 3131 Quid
3714 3086 3811 3124 au-

2150 3162 2267 3213 tem
2294 3158 2617 3227 estjurare,
2654 3156 2765 3211 nisi
2787 3157 2883 3226 jus
2922 3161 3036 3213 Deo
3059 3156 3345 3213 reddere?
3373 3157 3681 3220 Quoniam
3717 3176 3813 3231 per

2149 3245 2400 3300 salutem
2432 3248 2593 3299 tuam
2621 3246 2810 3315 juras,
2836 3245 2938 3316 jus
2984 3245 3123 3302 ﬁliis
3170 3246 3290 3301 tuis
3328 3247 3530 3315 redde,
3567 3249 3807 3317 quando

2148 3350 2252 3405 per
2282 3334 2435 3390 filios
2478 3338 2613 3389 tuos
2637 3334 2829 3403 juras.
2871 3334 2994 3397 Quo
3024 3338 3219 3390 autem
3244 3336 3345 3406 jus
3364 3335 3665 3391 debemus
3712 3354 3802 3392 sa-

2147 3422 2277 3487 luti,
2314 3422 2449 3477 ﬁliis
2474 3423 2713 3491 nostris,
2740 3423 2857 3478 Deo
2890 3427 3109 3489 nostro,
3157 3423 3273 3479 nisi
3312 3424 3650 3495 cbaritatis,
3706 3443 3804 3481 ve-

2147 3511 2335 3567 ritatis
2366 3516 2421 3566 et
2452 3527 2568 3566 non
2600 3510 2890 3567 falsitatis.
2947 3513 3197 3569 Maxime
3255 3517 3453 3568 autem
3503 3529 3650 3569 cum
3702 3531 3804 3587 per

2143 3600 2327 3655 Deum
2360 3601 2447 3668 fit,
2471 3600 2599 3672 ipsa
2629 3603 2717 3656 est
2748 3617 2881 3656 vera
2905 3600 3148 3671 juratio.
3181 3600 3329 3666 Quia
3370 3605 3429 3657 et
3458 3618 3605 3659 cum
3666 3603 3804 3658 dicit

2144 3690 2418 3760 quisque,
2452 3694 2559 3745 Per
2597 3706 2787 3745 meam
2820 3689 3095 3760 salutem,
3148 3689 3398 3746 salutem
3456 3708 3637 3746 suam
3689 3693 3801 3747 Deo
3886 3756 3887 3765 χ

2144 3777 2384 3848 obligat.
2416 3778 2656 3843 Quando
2688 3795 2793 3850 per
2822 3778 2975 3835 filios
3024 3795 3185 3850 suos,
3237 3780 3599 3851 oppignerat
3649 3780 3800 3836 filios

2142 3882 2283 3922 suos
2310 3867 2445 3938 Deo,
2482 3871 2545 3922 ut
2574 3866 2684 3922 hoc
2713 3868 2910 3923 veniat
2931 3867 2990 3923 in
3012 3872 3189 3940 caput
3221 3884 3427 3924 eorum
3462 3870 3628 3940 quod
3686 3874 3800 3925 exit
3884 3880 3885 3917 ι

2142 3956 2213 4012 de
2238 3972 2335 4012 ore
2366 3955 2573 4028 ipsius.
2607 3957 2667 4011 Si
2697 3973 2898 4012 verum
2930 3962 3038 4026 est,
3072 3973 3301 4025 verum;
3338 3957 3387 4013 si
3420 3957 3674 4023 falsum,
3704 3958 3798 4013 lal~

2140 4062 2297 4102 sum.
2330 4046 2471 4101 Cum
2505 4061 2641 4117 ergo
2674 4063 2777 4118 per
2806 4045 2956 4102 ﬁlios
2982 4046 3070 4103 vel
3096 4051 3272 4118 caput
3300 4063 3500 4111 suum,
3566 4047 3659 4103 vel
3706 4066 3796 4104 sa-

2140 4133 2321 4189 lutem
2352 4151 2521 4190 suam
2552 4135 2803 4205 quisque
2845 4136 3208 4206 jurationem
3242 4135 3585 4204 nominans,
3620 4137 3795 4207 quid-
3880 4188 3881 4223 ὴ

2141 4223 2279 4294 quid
2312 4222 2594 4291 nominat,
2628 4222 2869 4295 obligat.
2902 4225 3130 4289 Quanto
3171 4224 3359 4296 magis
3413 4226 3659 4296 quando
3696 4226 3793 4295 ju-

2140 4315 2230 4365 rat
2260 4328 2362 4383 per
2391 4312 2583 4381 ipsum
2618 4311 2835 4367 Deum!

2138 4400 2269 4455 CAP.
2305 4400 2492 4455 CXVI.
2524 4401 2798 4471 Perjurus
2826 4409 2925 4483 est,
2957 4401 3055 4483 qui
3076 4417 3246 4474 super
3288 4401 3549 4472 lapidem
3588 4403 3795 4471 falsum

2378 4543 2627 4615 August.
2661 4544 2737 4599 De
2764 4478 3207 4617 vergitrflpostol.
3241 4559 3419 4601 serm.
3451 4545 3546 4599 28.

2209 4632 2321 4702 (22,
2356 4649 2413 4702 q.
2462 4633 2515 4698 5,
2595 4648 2644 4687 c.
2696 4633 2828 4688 Ecce
2884 4633 3054 4704 dico.)
3112 4635 3258 4690 Ecce
3315 4633 3446 4689 dico
3505 4634 3786 4690 charitati
3874 4640 3875 4681 ι

2136 4725 2358 4775 vestrae.
2490 4720 2801 4833 quiLsuper
2834 4721 3087 4793 lapidem
3130 4722 3342 4777 falsum
3375 4724 3546 4793 jurat
3598 4726 3792 4795 perju-

2138 4826 2234 4833 _.__
2268 4817 2349 4833 --ι
2461 4809 2567 4833 ...1-
2648 4825 2707 4833 -,
2747 4810 2865 4833 λε--
2905 4810 3033 4833 ---ε-
3067 4811 3234 4833 _--..:
3263 4810 3427 4833 -.:-_
3467 4812 3521 4833 ε-
3567 4811 3676 4833 tu
3708 4813 3773 4833 u

2138 4826 2236 4865 rus
2263 4817 2371 4865 est.
2409 4808 2571 4865 Unde
2602 4808 2710 4865 hoc
2743 4810 2869 4866 dico
2901 4810 3041 4882 quia
3067 4811 3237 4866 multi
3258 4810 3433 4867 etiam
3467 4812 3530 4865 in
3567 4811 3683 4868 hoc
3708 4813 3793 4867 fal-

2132 4897 2355 4966 luntur,
2388 4904 2447 4987 et
2476 4902 2683 4987 putant
2712 4898 2849 4969 quia
2877 4898 3023 4953 nihil
3073 4903 3161 4953 est
3214 4916 3316 4969 per
3353 4900 3515 4970 quod
3560 4902 3790 4971 jurant,
3870 4892 3871 4987 ἦ

378 4973 489 5029 bus
515 4974 793 5031 humanis
817 4976 1283 5032 exterminanda.
1313 4978 1453 5042 Quis
1480 4980 1635 5035 enim
1662 4979 1782 5035 fieri
1815 4980 2025 5037 voluit?
2134 5002 2248 5041 non
2283 5002 2343 5042 se
2375 4983 2621 5041 crimine
2678 4988 2863 5043 teneri
2916 4987 3187 5059 perjurii,
3219 5004 3463 5060 prorsus
3512 4992 3787 5062 perjurus

374 5062 874 5120 Omneshomines
890 5066 1032 5121 talia
1053 5066 1437 5122 detestantur.
1475 5072 1583 5123 Fac
1607 5069 1790 5123 alium
1816 5084 1830 5125 :
1856 5075 2024 5140 putat
2131 5081 2239 5143 est,
2273 5075 2409 5146 quia
2442 5092 2544 5146 per
2569 5074 2626 5129 id
2659 5077 2811 5146 quod
2847 5081 3119 5132 sanctum
3166 5094 3278 5132 non
3322 5082 3519 5149 putas,
3573 5080 3783 5135 falsum

370 5149 586 5205 falsum
610 5168 739 5207 esse
761 5156 819 5207 et
838 5153 1003 5217 jurat
1024 5158 1309 5226 tanquam
1332 5171 1530 5211 verum
1554 5157 2020 5227 sit,forteverum
2121 5165 2313 5234 juras,
2358 5164 2498 5219 situ
2559 5162 2705 5218 illud
2754 5169 3026 5221 sanctum
3082 5182 3199 5221 non
3252 5170 3447 5237 putas,
3508 5174 3784 5225 sanctum

366 5244 455 5329 est
473 5239 647 5294 Verbi
698 5242 919 5311 gratia,
965 5241 1396 5314 utintelligatis
1431 5260 1442 5297 :
1481 5243 1709 5301 Pluitin
1734 5245 1833 5301 illo
1870 5245 2018 5303 loco.
2129 5242 2296 5325 putat
2321 5253 2413 5308 cui
2439 5253 2627 5323 juras.
2662 5256 2787 5308 Non
2820 5254 2978 5309 enim
3012 5255 3592 5326 quandojuras,tibi
3620 5258 3784 5329 jura:

372 5327 703 5418 Interrogas
735 5329 1036 5385 hominem
1071 5336 1128 5387 et
1160 5332 1460 5404 respondit
1481 5332 1722 5403 pluisse,
1748 5338 1804 5390 et
1836 5335 1904 5390 ad
1926 5352 2018 5390 nco
2128 5347 2231 5397 aut
2261 5341 2437 5413 lapidi
2460 5342 2652 5411 juras,
2686 5343 2785 5397 sed
2821 5342 3084 5413 proximo
3112 5344 3283 5414 juras
3337 5343 3572 5400 homini
3622 5327 3782 5418 jura:

366 5415 593 5503 gotium
615 5417 776 5472 illius
808 5420 1085 5489 competit
1111 5421 1361 5485 uldicat,
1395 5419 1570 5491 pluit,
1596 5422 1695 5477 sed
1724 5427 2016 5493 putatnon
2127 5436 2259 5486 ante
2290 5430 2564 5502 lapidem.
2600 5430 2711 5485 Sed
2742 5431 3012 5503 nunquid
3047 5448 3163 5488 non
3194 5437 3330 5489 ante
3360 5432 3552 5490 Deum
3573 5434 3604 5490 ?
3626 5415 3773 5492 “Non

368 5501 611 5571 pluisse.
644 5504 869 5560 Dicitur
897 5507 1056 5562 enim
1087 5524 1216 5563 vere
1240 5510 1411 5579 pluit,
1445 5524 1576 5565 vere
1624 5514 1680 5565 et
1720 5510 1905 5582 jurat,
1959 5517 2017 5571 et
2125 5520 2180 5573 te
2211 5501 2376 5573 audit
2403 5516 2553 5589 lapis
2584 5501 2946 5589 loquentem,
2980 5520 3082 5576 sed
3122 5520 3297 5591 punit
3343 5519 3503 5579 Deus
3557 5526 3619 5579 te
3680 5524 3775 5579 fal-
