3986 6048
236 212 376 268 1333

1506 209 1906 266 PANORMIA.
1950 236 2015 247 —
2053 210 2184 263 LIB.
2229 211 2376 263 VIII.

3507 206 3645 262 1334

230 339 469 395 lentem.
503 342 648 395 ltem
683 355 697 395 :
735 339 913 397 Ream
944 338 1209 412 linguam
1255 354 1373 393 non
1422 335 1559 393 facit
1618 334 1729 389 nisi
1785 349 1883 389 rea
1909 332 1965 399 Α
1994 332 2294 403 perjurare
2327 334 2758 404 compellimur,
2787 334 3114 389 Creatorem
3160 331 3397 403 quidem
3453 332 3641 389 offen-

236 445 425 484 mens.

1996 420 2333 493 dimus,sed
2368 439 2473 478 nos
2502 423 2907 477 tantummodo
2932 421 3474 477 maculamus.Cum
3506 438 3638 478 vero

225 534 361 590 CAP.
403 535 626 591 CXVII.
656 537 803 591 Licet
824 536 913 589 uti
930 534 1035 603 ﬁde
1050 534 1169 603 ejus
1213 534 1312 603 qui
1333 541 1393 588 ut
1429 547 1550 587 eam
1586 538 1869 597 servetmei

1997 510 2163 564 noxia
2192 510 2482 582 promissa
2512 510 2961 582 complemus,et
2994 510 3094 565 Dei
3145 512 3319 581 jussa
3376 514 3638 566 contem-

816 606 1093 662 daemonia
1123 603 1303 677 iurat.

548 697 797 766 August.
831 696 902 749 ad
946 693 1254 758 Publicol.,
1288 708 1375 763 ep.
1410 694 1529 746 154.

298 786 410 854 (22,
446 800 503 857 q.
532 784 1054 854 I,c.Movet.)Movet
1085 788 1140 838 te
1173 788 1372 836 utrum
1408 782 1537 850 ejus
1566 780 1676 834 ﬁde
1711 783 1884 833 uten-

229 875 373 930 dum
401 875 498 944 sit,
540 874 639 943 qui
673 878 737 928 ut
766 889 896 927 eam
929 875 1143 938 servet,
1172 887 1271 942 per
1303 868 1596 925 daemonia
1646 868 1879 938 jurave-

230 965 326 1019 rit.
364 963 467 1019 Ubi
500 966 553 1018 te
584 962 712 1017 volo
736 962 900 1033 prius
931 959 1329 1028 considerare,
1364 963 1565 1012 utrum
1613 956 1661 1010 si
1721 956 1881 1026 quis-

232 1052 388 1125 piam
424 1066 526 1122 per
540 1052 679 1106 deos
701 1049 880 1106 falsos
889 1051 913 1120 j
924 1048 1184 1104 uraverit
1206 1063 1268 1103 se
1287 1046 1462 1102 ﬁdem
1488 1049 1880 1113 servaturum,

231 1147 288 1197 et
311 1157 441 1197 eam
471 1155 586 1195 non
611 1138 1073 1208 servaverit,non
1086 1137 1193 1193 tibi
1214 1137 1447 1192 videtur
1468 1136 1560 1191 bis
1585 1133 1875 1206 peccasse!

232 1231 293 1285 Si
324 1230 480 1286 enim
513 1228 614 1284 tali
637 1228 936 1299 juratione
957 1226 1312 1297 promissam
1346 1228 1603 1281 servaret
1654 1224 1829 1278 ﬁdem
1861 1242 1875 1290 ;

228 1319 359 1375 ideo
392 1324 586 1373 tamen
612 1315 1429 1389 peccassejudicaretur,quia
1454 1330 1554 1385 per
1574 1312 1717 1369 tales
1740 1314 1880 1367 deos

221 1406 630 1480 juravit.lllud
652 1410 849 1463 autem
870 1420 1043 1462 nemo
1068 1402 1878 1476 reprehenderet,quiaﬁdem

230 1494 658 1553 servavit.Num
688 1512 822 1551 vero
850 1496 988 1566 quia
1012 1494 1237 1565 juravit
1270 1510 1372 1565 per
1401 1508 1546 1562 quos
1603 1508 1717 1545 non
1776 1491 1875 1545 de-

230 1586 379 1651 buit,
411 1590 468 1641 et
490 1590 697 1641 contra
721 1584 1043 1656 pollicitam
1076 1583 1251 1637 ﬁdem
1284 1580 1601 1651 fecit,quod
1635 1596 1751 1635 non
1775 1580 1873 1633 de-

232 1673 479 1743 buit,his
512 1674 717 1745 utique
750 1673 1099 1745 peceavit,ac
1132 1687 1234 1742 per
1264 1670 1376 1725 hoc
1414 1670 1517 1740 qui
1548 1668 1734 1723 utitur
1763 1666 1876 1721 fide

232 1760 396 1816 illius
428 1776 600 1831 quem
621 1763 1087 1831 constatjurasse
1110 1759 1370 1831 perDeos
1394 1757 1669 1813 falsos.Et
1692 1756 1875 1810 utitur

232 1866 349 1906 non
382 1850 453 1905 ad
486 1849 729 1916 malum,
752 1851 852 1905 sed
886 1850 957 1905 ad
990 1849 1217 1904 licitum
1253 1852 1309 1903 et
1339 1848 1703 1915 bonum,non
1736 1861 1873 1916 pec-

229 1944 359 1996 cato
389 1939 549 1994 illius
578 1956 641 1995 se
672 1939 855 1995 sociat
885 1938 986 2010 qui
1021 1938 1310 1993 daemonia
1332 1935 1555 2007 juravit
1584 1935 1685 1990 sed
1719 1934 1870 1989 bono

228 2032 398 2101 pacto
414 2029 542 2098 ejus
575 2044 690 2100 quo
711 2028 887 2083 ﬁdem
916 2029 1391 2098 servavit.Neque
1414 2026 1507 2080 hic
1530 2040 1657 2080 eam
1693 2024 1867 2078 ﬁdem

225 2117 354 2173 dico
388 2116 606 2171 servari
633 2134 747 2185 qua
766 2116 970 2171 ﬁdeles
995 2121 1294 2182 vocantur,
1346 2114 1445 2186 qui
1498 2113 1870 2184 baptizantur

221 2205 282 2259 in
315 2204 566 2261 Christo.
592 2204 695 2261 Illa
716 2206 873 2261 enim
890 2207 1060 2277 longe
1082 2213 1167 2261 est
1188 2202 1867 2275 alialongequediscreta

224 2311 258 2349 a
288 2294 399 2349 ﬁde
421 2295 815 2350 humanorum
841 2294 1187 2366 placitorum
1211 2298 1387 2364 atque
1409 2296 1712 2364 pactorum
1729 2291 1865 2348 .Ve-

220 2387 558 2438 rumtamen
592 2384 719 2437 sine
746 2383 869 2438 ulla
898 2384 1260 2437 dubitatione
1286 2382 1483 2436 minus
1524 2380 1745 2435 malum
1779 2384 1868 2434 est

224 2488 327 2544 per
357 2472 496 2528 deos
530 2472 707 2527 falsos
732 2473 935 2542 jurare
964 2471 1267 2540 veraciter,
1312 2486 1486 2541 quam
1522 2486 1624 2540 per
1679 2468 1864 2522 Deum

222 2578 423 2616 verum
449 2559 752 2617 fallaciter.
778 2563 1003 2626 Quanto
1033 2559 1092 2615 id
1122 2575 1224 2630 per
1242 2559 1648 2630 quodjuratur
1679 2557 1867 2627 magis

224 2655 498 2705 sanctum
531 2656 640 2721 est,
669 2654 831 2705 tanto
863 2650 1053 2722 magis
1077 2654 1166 2705 est
1227 2646 1455 2720 pcenale
1514 2646 1863 2717 perjurium.

220 2738 350 2795 Alia
380 2738 621 2808 quaestio
653 2743 743 2794 est
774 2744 971 2793 utrum
993 2756 1106 2793 non
1141 2740 1340 2809 peccet
1389 2736 1489 2807 qui
1524 2752 1626 2808 per
1685 2733 1867 2790 falsos

221 2830 371 2885 Deos
402 2828 737 2899 sibijurare
770 2828 927 2894 facit,
963 2827 1106 2899 quia
1138 2826 1235 2883 ille
1267 2826 1367 2898 qui
1399 2827 1449 2882 ei
1494 2826 1679 2895 jurat,
1705 2825 1868 2894 jurat

227 2933 328 2989 per
358 2916 535 2973 falsos
568 2918 708 2973 deos
740 2934 888 2991 quos
910 2916 1068 2973 colit.
1093 2916 1197 2972 Cui
1252 2914 1562 2986 quaestioni
1620 2918 1869 2986 possunt

225 3008 340 3062 ista
369 3007 709 3063 testimonia
730 3006 1195 3079 suﬁ‘ragari,quaa
1217 3006 1341 3077 ipse
1364 3003 1869 3059 commemorastis

228 3096 299 3150 de
336 3096 527 3152 Laban
560 3100 617 3151 et
646 3096 1005 3161 Abimelech,
1063 3095 1113 3150 si
1172 3099 1366 3149 tamen
1399 3092 1733 3149 Abimelech
1767 3108 1871 3165 per

226 3189 373 3241 Deos
402 3202 539 3241 suos
565 3184 806 3256 juravit,
840 3183 994 3239 sicut
1024 3183 1217 3238 Laban
1250 3200 1352 3255 per
1383 3183 1531 3238 Deos
1564 3199 1703 3238 suos
1763 3187 1868 3237 So-

223 3273 361 3329 chot
384 3273 472 3328 vel
505 3274 756 3329 Nachor.

222 3384 353 3435 CAP.
396 3380 636 3436 CXVIII.
669 3382 1050 3435 Juramentum
1080 3394 1184 3450 quo
1228 3378 1442 3448 aliquid
1472 3379 1687 3433 incaute
1739 3392 1866 3447 pro-

694 3452 942 3506 mittitur
962 3461 1037 3507 est
1058 3450 1410 3505 servandum.

223 3542 305 3596 Ex
333 3542 542 3596 decret.
577 3540 805 3595 Sother.
841 3556 973 3609 pap.
1000 3538 1154 3609 0.73;
1200 3538 1353 3591 Beda
1383 3536 1589 3591 infest.
1653 3534 1860 3590 decoll.

864 3610 1035 3663 Joan.
1062 3608 1221 3676 Bapt.

294 3717 407 3787 (22,
436 3732 493 3787 q.
529 3717 579 3782 1,
614 3732 662 3770 c.
686 3715 747 3771 Si
775 3713 1011 3785 aliquid.
1038 3713 1118 3782 (Si
1144 3711 1364 3783 aliquid
1396 3712 1542 3768 forte
1571 3710 1864 3777 incautius

222 3824 327 3861 nos
357 3807 595 3875 jurasse
627 3803 1103 3875 contigeritquod
1128 3802 1499 3857 observatum
1534 3802 1589 3856 in
1607 3801 1863 3873 pejorem

1996 598 2216 669 nimus,
2249 604 2304 655 et
2335 600 2616 671 proximis
2648 600 2830 672 impia
2860 599 3201 655 crudelitate
3243 616 3524 655 uocemus
3582 602 3639 654 et

1996 704 2104 742 nos
2135 688 2296 757 ipsos
2328 688 2640 744 crudeliori
2674 688 2874 744 mortis
2908 688 3101 759 gladio
3135 687 3639 744 trucidamus.Hic

1993 777 2145 830 enim
2172 777 2389 847 duplici
2422 776 2730 848 culparum
2767 776 2880 831 telo
2914 776 3278 848 perimimur.

2081 896 2215 949 CAP.
2247 896 2422 950 CXX.
2460 895 2523 951 Ut
2552 911 2585 948 a
2606 896 2819 965 jejunis
2839 894 3167 963 juramenta
3196 898 3551 963 praestentur.

2563 984 2870 1039 Cornelius
2902 1000 3069 1054 papa.

2061 1090 2171 1161 (22,
2207 1105 2263 1161 q.
2288 1092 2418 1157 5,c.
2482 1091 2588 1157 Qui
2643 1092 2705 1145 in
2752 1089 3014 1160 sanctis.)
3054 1090 3161 1154 Qui
3196 1090 3252 1145 in
3277 1090 3494 1145 sanctis
3543 1090 3641 1147 ha-

1988 1179 2087 1234 bet
2110 1180 2335 1249 jurare,
2370 1179 2481 1235 hoc
2506 1181 2754 1251 jejunus
2779 1180 2954 1234 faciat
2985 1194 3120 1234 cum
3140 1178 3301 1234 omni
3334 1178 3641 1235 honestate

1988 1272 2045 1323 et
2072 1268 2285 1324 timore
2317 1269 2440 1323 Dei.

2287 1370 2424 1422 CAP.
2457 1365 2643 1423 CXXI.
2680 1365 2911 1434 Quando
2941 1366 3013 1420 sit
3021 1366 3351 1435 furandum.

2351 1458 2521 1510 Cone.
2556 1455 2711 1525 apud
2741 1459 2799 1509 S.
2830 1454 3088 1509 Medard.
3116 1454 3300 1509 habit.

2056 1561 2170 1632 (22,
2206 1578 2265 1633 q.
2294 1562 2349 1627 5,
2383 1578 2431 1615 c.
2493 1560 2782 1631 Decrevit.)
2842 1564 2916 1615 Et
2964 1561 3083 1615 haec
3106 1564 3311 1615 sancta
3370 1561 3636 1632 synodus

1986 1650 2256 1717 decrevit,
2292 1649 2404 1704 nisi
2434 1666 2576 1720 pace
2609 1650 2896 1716 facienda,
2922 1654 2988 1703 ut
3041 1648 3247 1705 ﬁdeles
3297 1665 3503 1705 omnes
3563 1650 3633 1704 ad

1987 1746 2357 1796 sacramenta
2377 1739 2571 1810 jejuni
2605 1739 2907 1794 accedant.

2093 1839 2226 1893 CAP.
2262 1837 2489 1893 CXXII.
2516 1838 2651 1904 Quae
2680 1838 2739 1891 in
2763 1837 3039 1905 ﬁdelitate
3067 1844 3199 1889 sunt
3231 1835 3522 1890 servanda.

2385 1930 2463 1980 Ex
2495 1926 2669 1997 epist.
2703 1923 3006 1980 Philibert.
3038 1923 3218 1996 episc.

2051 2036 2163 2107 (22,
2189 2050 2244 2104 q.
2276 2034 2331 2098 5,
2355 2049 2404 2087 c.
2438 2033 2513 2087 De
2539 2030 2771 2102 [orma.)
2802 2030 2881 2084 De
2914 2029 3103 2084 forma
3156 2028 3459 2084 ﬁdelitatis
3520 2029 3631 2084 ali—

1979 2126 2116 2196 quid
2150 2124 2405 2179 scribere
2440 2123 2722 2190 monitus,
2755 2121 2875 2176 haec
2904 2121 3068 2175 vobis
3099 2137 3223 2191 quis
3268 2121 3624 2192 frequenter,

1977 2214 2226 2269 breviter
2254 2212 2626 2268 exlibrorum
2649 2210 2995 2267 auctoritate
3024 2208 3355 2272 notavi.Qui
3383 2210 3621 2266 domino

1975 2320 2083 2359 suo
2136 2302 2474 2359 ﬁdelitatem
2528 2303 2711 2370 jurat,
2761 2299 2871 2355 ista
2902 2315 3002 2354 sex
3044 2298 3103 2353 in
3128 2299 3410 2353 memoria
3448 2299 3620 2354 debet

1976 2392 2227 2446 habere:
2266 2390 2585 2455 Incolume,
2619 2393 2833 2442 tutum.
2868 2387 3205 2455 honestum,
3232 2386 3393 2452 utile,
3428 2387 3615 2457 facile,

1976 2479 2274 2551 possibile.
2299 2478 2591 2533 Incolume
2612 2476 2979 2543 videlicet,ne
3011 2475 3088 2530 sit
3110 2475 3170 2529 in
3202 2476 3483 2531 damnum
3508 2478 3617 2531 do-

1979 2569 2137 2624 mino
2168 2584 2274 2623 suo
2305 2568 2375 2622 de
2404 2582 2645 2637 corpore
2666 2570 3096 2632 suo;tutum.ne
3129 2564 3207 2619 sit
3239 2564 3289 2620 ei
3322 2565 3617 2621 daamnum

1976 2658 2047 2712 de
2067 2660 2289 2711 secreto
2321 2673 2450 2723 suo,
2482 2654 2567 2709 vel
2600 2655 2670 2709 de
2704 2652 3131 2708 munitionibus
3163 2653 3289 2708 suis
3322 2669 3421 2725 per
3470 2670 3619 2725 quas

1976 2762 2105 2803 esse
2126 2750 2290 2801 tutus
2324 2748 2547 2817 potest;
2579 2743 2916 2811 honestum,
2950 2759 3022 2797 ne
3053 2742 3130 2797 sit
3160 2742 3210 2797 ei
3245 2743 3300 2797 in
3334 2744 3617 2798 damnum

1978 2838 2049 2891 de
2073 2834 2307 2906 justitia
2337 2851 2464 2901 sua,
2499 2832 2589 2886 vel
2622 2833 2691 2887 de
2722 2832 2852 2887 aliis
2883 2832 3079 2887 causis
3110 2848 3236 2903 qua:
3268 2833 3339 2887 ad
3400 2832 3617 2886 hones-

1976 2929 2157 2980 tatem
2190 2924 2316 2993 ejus
2342 2921 2629 2993 pertinerc
2659 2919 3124 2987 videntur;utile,
3152 2937 3221 2975 ne
3251 2920 3328 2976 sit
3357 2920 3416 2974 in
3450 2921 3619 2975 dam-

1983 3030 2125 3067 num
2158 3013 2228 3066 de
2259 3011 2384 3066 suis
2416 3008 2913 3082 possessionibus:
2944 3008 3110 3064 facile
3132 3008 3221 3064 vel
3243 3008 3624 3080 possibile,ne

1983 3102 2038 3156 id
2075 3102 2297 3156 bonum
2332 3100 2487 3172 quod
2522 3098 2799 3153 dominus
2830 3114 2975 3152 suus
2998 3096 3199 3152 leviter
3231 3098 3424 3153 facere
3456 3101 3622 3169 pote-

1980 3190 2267 3257 rat,faeiat
2297 3190 2346 3243 ei
2373 3188 2633 3255 difﬁcile,
2667 3202 2811 3242 neve
2836 3187 2893 3240 id
2930 3185 3082 3256 quod
3135 3186 3417 3257 possibile
3474 3190 3617 3251 erat,

1977 3281 2184 3335 reddat
2205 3279 2255 3334 ei
2280 3275 2648 3349 impossibile
2670 3279 2732 3330 ut
2760 3272 2951 3329 ﬁdelis
2982 3273 3105 3329 haec
3136 3278 3491 3329 nocumenta
3522 3291 3615 3329 ca-

1974 3374 2122 3433 veat,
2146 3369 2376 3437 justum
2408 3370 2639 3431 est;non
2671 3362 2826 3417 enim
2859 3361 3079 3417 sufﬁcit
3098 3362 3389 3416 abstinere
3411 3379 3443 3415 a
3465 3363 3618 3417 malo

1977 3457 2089 3511 nisi
2115 3457 2213 3509 liat
2243 3454 2395 3523 quod
2431 3454 2650 3506 bonum
2682 3449 3000 3503 est.Restat
3027 3448 3209 3519 igitur
3265 3448 3321 3503 in
3372 3449 3466 3505 his
3518 3467 3617 3505 sex

1973 3541 2328 3615 supradictis
2356 3538 2671 3595 consilium
2702 3541 2758 3592 et
2782 3536 3063 3592 auxilium
3082 3537 3321 3593 domino
3343 3554 3449 3593 suo
3472 3555 3615 3610 pra:-

1974 3636 2087 3688 stet
2117 3631 2165 3687 si
2195 3629 2479 3685 beneﬁcio
2511 3628 2726 3699 dignus
2757 3626 2937 3679 videri
2967 3628 3093 3680 vult
3119 3630 3175 3680 et
3233 3626 3433 3691 salvus
3488 3644 3618 3684 esse

1974 3723 2045 3777 de
2075 3719 2355 3776 ﬁdelitate
2394 3734 2570 3788 quam
2596 3714 3128 3786 juravit.Dominus
3160 3731 3396 3788 quoque
3457 3716 3613 3772 ﬁdeli

1975 3827 2080 3866 suo
2104 3811 2160 3863 in
2194 3809 2285 3863 his
2307 3808 2586 3862 omnibus
2612 3805 2796 3859 vicem
2821 3804 3062 3859 reddere
3085 3805 3277 3875 debet,
3312 3810 3369 3860 et
3398 3806 3448 3862 si
3503 3823 3618 3862 non

213 3900 425 3967 vergat
455 3894 674 3949 exitum
708 3892 854 3947 illud
886 3891 1134 3946 consilio
1159 3890 1473 3947 salubriori
1508 3891 1861 3945 mutandum

215 3984 554 4041 noverimus
576 4000 642 4038 ac
674 3982 863 4053 magis
893 3981 1151 4036 instante
1186 3980 1529 4037 necessitate
1560 3981 1861 4052 perjuran-

217 4076 358 4129 dum
389 4072 579 4138 nobis,
638 4088 810 4142 quam
865 4086 967 4141 pro
1017 4070 1253 4124 vitando
1307 4070 1586 4141 perjurio,
1618 4070 1676 4124 in
1701 4068 1861 4129 aliud

218 4163 441 4217 crimen
474 4175 602 4215 esse
635 4160 1069 4215 divertendum.

1972 3896 2408 3965 fecerit,merito
2440 3893 2775 3950 censebitur
2807 3893 3142 3959 maleﬁdus,
3172 3894 3325 3949 sicut
3364 3893 3462 3951 ille
3522 3896 3621 3966 qui

1972 3989 2030 4044 in
2063 4003 2265 4043 eorum
2300 3983 2774 4057 praevaricatione
2805 3981 2894 4036 vel
2927 3981 3215 4050 faciendo,
3251 3982 3339 4036 vel
3370 3998 3616 4037 consen-

1970 4078 2168 4134 tiendo
2226 4073 2630 4146 deprehensus
2690 4071 2889 4141 fuerit,
2949 4070 3207 4142 perﬁdus
3249 4074 3305 4126 et
3344 4071 3617 4142 perjurus

1977 4166 2109 4222 erit.

218 4270 349 4325 CAP.
382 4266 575 4324 CXIX.
609 4266 787 4321 Minus
846 4266 1057 4392 mcdzlum
1104 4264 1167 4392 dte
1220 4266 1429 4321 duobus
1463 4268 1628 4323 malis
1658 4268 1863 4337 eligen-

932 4354 1033 4391 um
1064 4353 1119 4392 es
1150 4379 1163 4391 .

932 4353 1033 4391 ium
1064 4353 1163 4392 εει.

759 4425 931 4482 Cone.
962 4426 1173 4491 Tolet.,
1206 4441 1255 4479 c.
1279 4430 1333 4480 2.
1892 4418 1940 4482 D

295 4516 465 4590 (Dist.
503 4516 590 4582 12,
622 4533 671 4571 c.
707 4516 821 4569 Duo
850 4514 1053 4585 mala.)
1088 4514 1211 4570 Duo
1246 4515 1399 4570 mala
1451 4515 1586 4571 licet
1624 4518 1864 4574 omnino

222 4606 565 4663 cautissime
596 4603 1330 4675 sintprzecavenda,tamen
1357 4604 1406 4658 si
1429 4607 1749 4662 necessitas
1774 4624 1869 4679 pe-

224 4696 393 4751 riculi
425 4712 493 4751 ex
524 4694 617 4750 his
651 4710 830 4749 unum
866 4696 1201 4763 perpetrare
1233 4692 1661 4765 compulerit,id
1693 4697 1865 4752 debe-

226 4802 360 4841 mus
392 4785 677 4840 resolvere
709 4782 864 4855 quod
890 4781 1103 4837 minori
1129 4798 1305 4837 sensu
1324 4782 1865 4855 nosciturobligari.
1977 4783 2227 4845 rilatem,
2256 4777 2576 4849 judicium,
2600 4780 2774 4847 atque
2796 4774 3121 4846 justitiam.
3155 4775 3213 4831 Si
3240 4776 3352 4831 ista
3399 4775 3619 4831 defece-

221 4873 371 4938 Quid
403 4877 598 4928 autem
631 4872 817 4927 levius
846 4888 915 4927 ex
944 4870 1036 4925 his
1063 4870 1275 4940 quidve
1295 4870 1529 4941 gravius
1550 4887 1618 4925 ex
1650 4871 1743 4927 his
1766 4872 1867 4939 sit,
1978 4872 2113 4938 rint,
2173 4882 2547 4938 nequaquam
2593 4865 2999 4934 juramentum
3059 4862 3186 4934 erit,
3236 4864 3333 4919 sed
3423 4863 3619 4933 perju-

224 4980 381 5033 purie
412 4961 659 5017 rationis
682 4960 951 5016 acumine
981 4957 1435 5031 investigemus;
1462 4960 1674 5017 etenim
1724 4962 1866 5017 dum
1978 4959 2157 5015 rium.

1971 4283 2106 4339 CAP.
2140 4278 2380 4337 CXXIII.
2416 4279 2555 4347 Quos
2601 4275 2759 4402 debet:
2802 4275 3006 4331 habere
3061 4274 3284 4331 comites
3321 4276 3617 4346 periuran-

2764 4364 2876 4402 um.

2764 4364 2876 4403 um.

2023 4462 2359 4532 Ilieronym.
2393 4474 2512 4529 sup.
2546 4458 2836 4532 Jererpxc.
2869 4472 2944 4525 ιν,
2978 4453 3016 4509 l.
3050 4470 3092 4508 ιι
3120 4469 3132 4507 :
3166 4454 3459 4523 Ambros,
3494 4455 3567 4509 De

2048 4606 2160 4677 (22,
2195 4620 2251 4673 q.
2278 4604 2335 4668 2,
2367 4617 2416 4655 c.
2466 4527 3069 4668 Animagg’gt‘endum.)
3129 4595 3615 4653 Animadverten-

1977 4696 2117 4751 dum
2142 4695 2229 4748 est
2260 4692 2417 4761 quod
2445 4687 2871 4759 jusjurandum
2904 4685 3013 4751 has
3042 4686 3219 4742 habet
3250 4685 3616 4742 comiteszve-

1639 5217 1742 5277 DE
1786 5214 2213 5277 MENDACIO.

406 5346 541 5402 CAP.
585 5344 823 5401 CXXIV.
861 5344 994 5412 Quot
1022 5345 1152 5398 sunt
1171 5358 1372 5413 genera
1394 5346 1689 5401 mendacii.
1980 5343 2229 5417 capitale
2262 5337 2634 5395 mendacium
2657 5340 2713 5391 et
2734 5336 2900 5405 longe
2919 5332 3447 5405 fugiendum,quod
3469 5333 3534 5389 ﬁt
3564 5332 3621 5389 in

623 5439 873 5505 August.
900 5434 972 5488 De
989 5432 1265 5498 merulea,
1306 5449 1354 5487 c.
1388 5434 1473 5488 14.
1981 5434 2246 5490 doctrina
2278 5425 2675 5501 religionis,ad
2699 5423 2854 5495 quod
2888 5421 3255 5477 mendacium
3291 5420 3455 5477 nulla
3484 5438 3622 5477 con-

300 5528 412 5598 (22,
447 5544 500 5595 (ι.
531 5526 587 5593 2,
622 5541 673 5590 c,
726 5526 978 5580 Primum
1031 5526 1109 5578 est
1164 5522 1446 5593 capitale.)
1482 5522 1737 5578 Primum
1784 5528 1874 5580 est
1983 5523 2204 5577 ditione
2237 5520 2554 5591 quisquam
2589 5512 2761 5567 debet
2811 5510 3047 5567 adduci.
3086 5511 3444 5581 Secundum,
3478 5512 3526 5567 si
3560 5520 3625 5567 ut
