3986 6048
229 178 252 231 1
266 176 372 231 337
1507 175 1803 230 ΡΑΝΘΒΜ

2076 176 2185 229 ᾲΙΒ.
2223 176 2348 229 VIII
2356 213 2368 226 .
3508 185 3650 240 1338

231 299 603 354 manifestum
661 301 751 354 est
807 315 921 353 non
972 314 1100 354 esse
1148 299 1529 369 culpandum,
1561 296 1873 367 aliquando
1906 298 1954 363 Α
1988 296 2154 365 dicit,
2191 313 2306 352 non
2339 313 2541 352 verum
2575 296 2738 365 dicit,
2771 299 3041 370 quamvis
3082 315 3285 357 verum
3317 302 3654 363 inveniatur

235 404 438 444 verum
467 390 679 458 tacere,
713 387 923 443 falsum
957 392 1152 443 autem
1187 387 1403 459 dicere,
1435 404 1550 443 non
1592 385 1889 441 invenitur
1995 400 2125 440 esse
2158 387 2310 456 quod
2344 384 2505 455 dicit,
2528 401 2631 441 nec
2663 385 2781 441 ullo
2814 390 2983 443 modo
3007 388 3154 444 liber
3176 394 3266 444 est
3287 408 3320 445 a
3346 394 3650 451 mendacio

234 493 579 533 concessum
611 477 855 532 sanctis.
1997 473 2096 544 qui
2130 489 2228 528 ore
2262 474 2531 528 nesciens
2561 491 2763 529 verum
2796 474 3077 546 loquitur,
3104 479 3296 533 sciens
3330 485 3525 537 autem
3559 500 3651 539 vo-

482 614 487 619 ,
681 565 815 619 ΟΑΡ,
851 565 1100 621 CXXXI,
1132 566 1204 620 De
1232 565 1437 621 eodem.
1994 561 2218 616 luntate
2248 562 2545 617 mentitur.
2573 564 2754 619 Item:
2787 564 2849 617 In
2882 564 3146 636 ipsarum
3179 568 3647 627 consideratione

303 654 536 710 Falsum
564 653 758 709 dicere
793 653 940 708 nulli
974 654 1127 723 licet,
1163 653 1481 725 aliquando
1530 656 1723 708 autem
1777 651 1886 707 ali-
1996 666 2188 704 rerum
2232 667 2360 721 qua)
2411 651 2689 706 dicuntur
2738 655 2969 706 tantum
3022 653 3265 710 interest
3313 673 3429 727 qua
3474 657 3534 712 in
3589 676 3648 715 re

226 743 369 814 quid
403 747 595 798 tacere
622 742 740 798 veri
772 742 914 797 utile
941 746 1050 799 est.
1994 737 2245 809 quisque
2278 738 2522 809 fallitur,
2554 740 2640 793 vel
2674 739 3013 809 mentiatur,
3050 746 3117 795 ut
3145 759 3279 798 cum
3314 744 3435 799 falli
3469 763 3648 819 quam

227 856 360 906 CAP.
394 849 669 906 CXXXII.
703 848 855 904 Falli
882 851 944 903 in
975 850 1062 905 his
1089 864 1214 921 qua?
1243 849 1313 904 ad
1344 848 1508 917 ﬁdem
1554 864 1664 903 non
1713 850 1883 918 perti-
1993 826 2230 921 ωὲη-δίνί
2256 827 2454 921 [Pinus
2485 829 2563 882 δίί
2596 829 2841 897 malum,
2862 834 3148 921 Quantum
3176 832 3427 902 Ρονίίηθῖ
3448 836 3517 890 ad
3546 835 3649 892 h0-

365 929 525 993 nent,
556 929 651 977 aut
697 922 917 976 nullum
948 928 1045 977 aut
1075 914 1306 993 parvum
1337 914 1414 975 es:
1440 914 1737 992 peccatum}
1992 915 2171 969 minis
2201 914 2583 985 voluntatem,
2616 921 2812 971 tamen
2861 917 3030 989 longe
3061 919 3139 974 sit
3168 921 3555 991 tolerabilius,
3591 928 3649 980 in

637 1014 919 1081 August.,
952 1010 1263 1075 Enehirid.,
1296 1026 1345 1066 c.
1378 1012 1473 1065 21.
1992 1020 2118 1075 qua
2152 1020 2184 1058 a
2215 1003 2495 1075 religione
2520 1008 2659 1060 sunt
2686 1006 2954 1076 sejuncta
2985 1008 3248 1074 mentiri,
3273 1024 3448 1080 quam
3474 1012 3532 1066 in
3554 1013 3647 1070 his

297 1100 407 1168 (22,
441 1116 497 1169 ᾳ,
530 1100 584 1168 2,
620 1116 669 1153 ο,
703 1101 765 1154 ιη
797 1099 1043 1171 quibus.)
1065 1104 1131 1154 In
1162 1098 1376 1169 quibus
1408 1098 1584 1153 rebus
1615 1096 1762 1153 nihil
1792 1096 1881 1151 in-
1991 1093 2117 1148 sine
2148 1109 2399 1165 quorum
2450 1094 2658 1150 notitia
2688 1094 2774 1149 vel
2811 1096 2921 1150 {ide
2953 1096 3107 1152 Deus
3140 1097 3250 1152 coli
3284 1115 3396 1154 non
3432 1106 3644 1172 potest,

229 1188 497 1243 lerestad
518 1188 943 1259 capessendum
960 1203 1204 1258 regnum
1231 1187 1541 1241 Deiutrum
1568 1186 1883 1240 credantur
1990 1180 2134 1236 falli.
2174 1183 2352 1236 Item:
2406 1182 2589 1237 Homo
2617 1183 2716 1254 qui
2749 1200 2865 1237 non
2916 1183 3106 1239 solum
3156 1188 3392 1256 quando
3440 1204 3643 1245 verum

224 1295 296 1332 an
340 1293 480 1346 non,
514 1279 571 1331 et
618 1280 818 1330 utrum
870 1290 1004 1331 vera
1055 1279 1357 1346 putentur,
1387 1292 1459 1330 an
1492 1274 1661 1342 falsa,
1694 1273 1753 1328 in
1786 1274 1880 1330 his
1988 1286 2117 1325 esse
2148 1270 2261 1325 scit
2290 1271 2446 1341 quod
2478 1271 2609 1339 scit,
2631 1272 2733 1327 sed
2767 1271 2944 1327 etiam
2979 1275 3212 1344 quando
3244 1274 3370 1347 ipse
3403 1283 3559 1332 errat
3589 1283 3647 1334 et

221 1382 438 1432 errare,
470 1364 528 1419 id
559 1368 650 1420 est
680 1362 838 1419 aliud
890 1381 993 1435 pro
1039 1364 1152 1420 alio
1198 1370 1424 1436 putare,
1460 1380 1573 1419 non
1605 1367 1696 1419 est
1726 1362 1880 1418 arbi-
1987 1358 2233 1427 fallitur,
2266 1360 2419 1414 sicut
2449 1359 2644 1427 homo,
2680 1360 2789 1415 hoc
2823 1362 2985 1416 debet
3019 1362 3203 1435 loqui,
3238 1365 3392 1436 quod
3448 1366 3645 1422 animo

223 1454 502 1508 trandum
533 1469 661 1507 esse
693 1456 998 1523 peccatum
1027 1470 1039 1508 :
1074 1458 1176 1507 aut
1207 1453 1253 1508 si
1284 1460 1373 1509 est
1404 1452 1718 1507 minimum
1750 1468 1879 1507 esse
1988 1448 2155 1519 gerit,
2190 1448 2309 1503 sive
2342 1447 2487 1503 illud
2523 1465 2723 1504 verum
2757 1450 2833 1504 sit
2864 1454 2922 1505 et
2952 1454 3208 1522 putetur,
3243 1458 3299 1508 et
3345 1471 3458 1509 non
3513 1456 3641 1511 scil.

219 1548 400 1612 atque
432 1540 818 1597 levissimum.
1988 1536 2189 1592 Omnis
2220 1542 2415 1592 autem
2449 1538 2549 1609 qui
2584 1539 2885 1604 mentitur,
2918 1544 3121 1595 contra
3155 1542 3209 1598 id
3244 1545 3398 1613 quod
3447 1544 3645 1601 animo

641 1631 772 1685 Cap.
808 1629 1111 1687 CXXXIII,
1149 1635 1223 1686 De
1254 1630 1458 1686 eodem.
1718 1654 1725 1663 ι
1909 1668 1957 1732 Β
1988 1626 2166 1679 sentit
2195 1624 2480 1696 loquitur,
2511 1626 2813 1682 voluntate
2846 1627 3106 1684 fallendi.

610 1723 861 1792 August.
895 1735 965 1775 ex
993 1720 1121 1775 eod.
1155 1719 1193 1774 l.
1228 1729 1336 1775 etc.
1371 1719 1498 1774 eod.
1727 1805 1743 1811 _
1910 1719 1956 1732 ”
1990 1733 2117 1786 CAP,
2152 1732 2184 1786 C

2071 1749 2117 1786 ι).
2152 1731 2436 1786 CXXXIV.
2469 1733 2732 1811 Mentitur
2761 1736 2858 1811 qui
2888 1751 3079 1790 verum
3125 1736 3262 1792 dicit
3305 1737 3449 1810 quod
3476 1742 3645 1811 putat

299 1808 410 1879 (22,
443 1824 498 1877 q.
531 1824 581 1863 c.
616 1808 888 1876 Homines,
922 1812 1054 1863 etc.
1088 1809 1164 1863 De
1195 1824 1255 1863 eo
1286 1808 1383 1880 qui
1412 1808 1665 1878 falsum.)
1697 1805 1879 1860 Nemo
2698 1805 2927 1875 falsum.

226 1914 369 1952 sane
427 1897 718 1953 mentiens
769 1897 1134 1968 judicaudus
1184 1902 1293 1963 est,
1323 1896 1425 1968 qui
1473 1896 1615 1951 dicit
1660 1893 1877 1949 falsum
2059 1891 2335 1946 Nonnulli
2365 1891 2583 1948 habent
2613 1893 2917 1949 veritatem
2961 1895 3021 1949 in
3070 1895 3262 1963 labiis,
3296 1900 3352 1951 et
3382 1897 3441 1951 in
3476 1900 3649 1955 corde

225 1986 383 2055 quod
419 1990 588 2057 putat
617 2003 842 2051 verum,
875 1986 1157 2057 quoniam
1198 1990 1485 2057 quantum
1514 1985 1574 2039 in
1604 1984 1731 2055 ipso
1765 1988 1875 2049 est,
1988 1996 2103 2034 non
2136 1979 2656 2052 habent,tanquam
2693 1983 2741 2037 si
2773 1983 2907 2053 quis
2940 1983 3140 2040 dolose
3170 1986 3445 2042 ostendat
3467 1986 3641 2054 viam,

223 2073 319 2129 ille
352 2090 465 2128 non
498 2074 800 2141 mentitur,
828 2091 942 2130 non
975 2073 1124 2129 fallit
1149 2074 1298 2146 ipse,
1332 2074 1433 2128 sed
1473 2072 1718 2128 fallitur.
1751 2072 1876 2127 Non
1988 2071 2178 2125 sciens
2210 2069 2269 2123 in
2302 2086 2369 2124 ea
2401 2086 2530 2125 esse
2561 2071 2841 2143 latrones,
2872 2076 2927 2128 et
2960 2073 3116 2128 dicat
3149 2090 3161 2129 :
3214 2074 3273 2130 Si
3321 2074 3431 2131 hac
3482 2076 3643 2145 ieris,

222 2162 421 2233 itaque
472 2163 766 2219 mendacii
817 2164 1168 2219 temeritatis
1212 2164 1551 2235 arguendus
1598 2165 1706 2231 est,
1738 2161 1879 2232 quia
1986 2174 2226 2213 securus
2259 2158 2371 2214 eris
2402 2177 2436 2215 a
2468 2158 2816 2230 latronibus,
2852 2166 2906 2217 et
2938 2162 3242 2234 contingat
3269 2167 3331 2218 ut
3362 2180 3493 2220 vere
3526 2182 3640 2220 non

222 2251 370 2305 falsa
401 2251 677 2306 incautus
705 2252 913 2320 credit,
947 2268 1011 2305 ac
1045 2270 1147 2322 pro
1177 2252 1330 2306 veris
1360 2251 1536 2306 habet
1565 2248 1878 2321 potiusque
1989 2247 2363 2303 inveniantur
2394 2248 2672 2306 latrones.
2704 2250 2916 2306 Verum
2979 2251 3077 2307 ille
3136 2252 3371 2308 locutus
3403 2258 3507 2322 est,
3542 2256 3639 2310 sed

218 2338 568 2402 cccntrario,
602 2342 886 2410 quantum
922 2338 980 2392 in
1011 2338 1140 2409 ipso
1171 2344 1283 2408 est,
1318 2338 1415 2393 ille
1460 2339 1744 2393 mentitur
1775 2336 1874 2408 qui
1986 2353 2099 2390 non
2135 2336 2193 2390 in
2226 2337 2398 2391 corde
2429 2354 2555 2393 suo.
2588 2338 2761 2392 Aliud
2797 2339 2952 2393 enim
2988 2340 3259 2410 putabat,
3286 2345 3343 2396 et
3374 2341 3640 2397 nesciens

219 2425 366 2479 dicit
392 2442 592 2481 verum
626 2427 779 2497 quod
812 2431 981 2498 putat
1014 2426 1250 2481 falsum.
1285 2428 1579 2491 Quantum
1611 2426 1765 2482 enim
1804 2427 1874 2479 ad
1984 2440 2190 2479 verum
2248 2425 2410 2479 dixit.
2446 2427 2593 2497 Ergo
2651 2443 2857 2498 parum
2906 2431 2995 2483 est
3048 2444 3247 2484 verum
3308 2428 3488 2502 loqui,
3525 2430 3641 2485 nisi

221 2514 491 2570 animum
523 2515 651 2585 ejus
682 2514 956 2587 pertinet,
989 2517 1127 2587 quia
1172 2532 1285 2571 non
1338 2514 1492 2588 quod
1541 2514 1739 2584 sentit,
1768 2514 1876 2569 hoc
1984 2512 2159 2568 etiam
2190 2512 2249 2567 in
2282 2514 2454 2569 corde
2483 2513 2559 2569 ita
2593 2515 2688 2570 sit.

1387 2819 1490 2878 DE
1534 2815 1975 2879 ELECTIONE
2020 2816 2458 2878 PONTIFICIS

221 2950 356 3006 C.\p.
390 2951 649 3009 CXXXV.
682 2954 981 3025 Imperator
1015 2955 1109 3025 jus
1156 2953 1314 3009 habet
1362 2951 1604 3021 eligendi
1646 2950 1869 3023 pontiﬁ-
1903 2950 1945 3016 C
1984 2949 2315 3020 exemplum
2349 2950 2504 3007 beati
2530 2952 2769 3008 Adriani
2799 2953 3130 3026 apostolicae
3164 2954 3322 3011 sedis
3352 2954 3641 3027 episcopi,

978 3041 1110 3080 cem.
1187 3113 1195 3114 ί
1464 3112 1475 3114 _
1984 3037 2103 3108 qui,
2132 3038 2368 3094 domino
2399 3038 2600 3096 Carolo
2632 3043 3109 3099 victoriosissimo
3134 3044 3251 3114 regi
3281 3044 3637 3098 Francorum

590 3114 671 3167 Ex
704 3112 911 3203 synod.
942 3130 1063 3182 VIII,
1094 3114 1153 3168 in
1183 3113 1327 3169 hist.
1361 3112 1501 3169 €00].
1980 3129 2036 3180 et
2070 3126 2611 3198 Lcngobardorum,
2644 3130 2991 3200 patriciatus
3023 3112 3373 3202 dignitatem
3408 3148 3471 3187 ac
3502 3149 3638 3203 apo-

294 3201 456 3270 (DiSt-
488 3201 581 3269 63:
615 3218 663 3258 οι
696 3202 1032 3274 Αιίνίαηαδο)
1070 3204 1363 3258 Adrianus
1397 3219 1545 3273 Papa
1574 3205 1873 3257 Romam”
1982 3214 2197 3270 stolicte
2230 3216 2388 3272 sedis
2420 3218 2847 3273 ordinationem
2880 3222 2936 3273 et
2967 3201 3375 3275 investituram
3414 3201 3637 3289 episco-

218 3290 413 3345 vrnire
443 3290 716 3347 Carolum
742 3292 814 3346 ad
838 3291 1231 3347 defendendas
1254 3308 1345 3348 res
1367 3291 1635 3347 Ecclesiae
1665 3294 1867 3362 postu-
1981 3320 2191 3373 porum
2217 3305 2524 3359 concessit,
2550 3306 2668 3374 Ego
2696 3322 2929 3376 quoque
2950 3307 3081 3371 Leo,
3107 3324 3310 3361 servus
3332 3324 3635 3362 servorum

221 3377 377 3433 lavit.
414 3379 654 3435 Οεῑοὶιιε
684 3397 815 3436 νει-ο
846 3381 1085 3436 Romam
1134 3381 1395 3445 veniens,
1429 3379 1666 3450 Papiam
1700 3378 1871 3432 ObSE-
2128 3391 2461 3461 episcopus.
2498 3407 2629 3445 cum
2681 3398 2889 3445 cuncto
2938 3393 3088 3446 clero
3139 3408 3206 3448 ac
3256 3394 3468 3465 populo
3522 3395 3637 3448 Ro-

218 3467 323 3534 dit,
356 3467 554 3538 ibique
592 3467 796 3523 relicto
828 3468 1084 3523 exercitu
1119 3468 1175 3521 in
1209 3470 1414 3521 sancta
1444 3465 1792 3521 resurrectio

2063 3494 2175 3544 mo,
2210 3478 2627 3532 constituimus
2676 3483 2732 3532 et
2775 3479 3223 3534 corroboramus
3274 3486 3330 3535 et
3379 3498 3481 3552 per
3534 3499 3637 3536 ηο-

218 3554 291 3608 ab
324 3555 576 3609 Adriano
611 3572 761 3627 papa
794 3556 990 3610 Romae
1039 3554 1358 3610 honoriﬁce
1405 3557 1715 3625 susceptus
1760 3556 1868 3607 θεῖν
1982 3568 2164 3620 stram
2197 3564 2578 3636 apostolicam
2604 3566 2983 3622 concedimus
3014 3568 3638 3640 auctoritatem,atque

223 3644 356 3697 I’ost
386 3646 646 3698 sanctam
671 3659 803 3698 vero
828 3644 1317 3699 resurrectionem
1342 3659 1607 3698 reversus
1631 3641 1869 3714 Papiam
1980 3652 2270 3723 largimur
2326 3654 2564 3709 domino
2616 3654 2811 3709 Ottoni
2844 3655 3054 3726 primo,
3111 3657 3233 3729 regi
3284 3658 3637 3713 Teutonico-

218 3732 372 3801 cepit
404 3731 767 3788 Desiderium
812 3748 1028 3804 regem,
1062 3733 1272 3789 deinde
1302 3736 1546 3787 Romam
1578 3747 1792 3787 reversi

2056 3758 2132 3807 m,
2162 3742 2408 3812 ejusque
2438 3743 2881 3798 successoribus
2911 3742 3091 3813 hujus
3145 3744 3306 3816 regni
3356 3744 3539 3799 Italia:
3573 3745 3630 3800 in

219 3820 525 3874 constituit
555 3821 634 3875 ibi
668 3822 957 3893 synodum
992 3837 1125 3877 cum
1157 3821 1411 3875 Adriano
1468 3836 1640 3893 papa,
1674 3819 1732 3874 in
1765 3836 1868 3890 pa-
1980 3829 2625 3902 perpetuum,eligendi
2650 3831 2987 3886 facultatem
3022 3848 3422 3887 successorem
3459 3836 3637 3904 atque

219 3909 540 3964 triarchatu
569 3910 948 3965 Lateranensi
996 3912 1053 3964 in
1100 3910 1345 3965 ecclesia
1377 3909 1570 3964 Sancti
1603 3908 1868 3965 Salvato-
1979 3934 2220 3973 summa;
2267 3919 2421 3974 sedis
2470 3919 2804 3990 apostolica;
2837 3920 3169 3991 pontiﬁcem
3205 3921 3535 3988 ordinandi,
3570 3939 3635 3976 ac

219 3997 317 4052 ris.
352 4001 485 4063 Quae
518 4000 779 4070 synodus
812 3999 1100 4055 celebrata
1148 4004 1258 4065 est,
1296 4016 1329 4053 a
1374 4015 1502 4054 CLIII
1555 3997 1867 4069 episcopis,
1976 4022 2081 4077 per
2107 4006 2212 4062 hoc
2243 4006 2713 4079 archiepiscopos
2764 4025 2863 4064 seu
2914 4009 3246 4079 episc0pos,
3290 4013 3353 4062 ut
3400 4009 3513 4079 ipsi
3566 4012 3637 4065 ab

218 4084 510 4155 religiosis
542 4091 599 4141 et
627 4087 960 4142 abbatibus.
998 4087 1282 4141 Adrianus
1315 4092 1510 4142 autem
1543 4104 1696 4158 papa
1733 4102 1867 4140 cum
1978 4110 2044 4149 eo
2074 4094 2483 4151 investituram
2517 4097 2843 4167 suscipiant
2865 4102 2921 4150 et
2942 4097 3640 4159 consecrationem,unde

219 4173 490 4228 universa
521 4175 743 4246 synodo
774 4175 1147 4229 tradiderunt
1166 4175 1367 4229 Carolo
1390 4177 1491 4244 jus
1521 4181 1578 4231 et
1612 4180 1867 4246 potesta-
1979 4183 2212 4249 debent,
2238 4186 2494 4255 exceptis
2526 4184 2618 4238 his
2652 4201 2799 4255 quos
2830 4185 3153 4257 imperator
3182 4185 3561 4257 pontificibus
3583 4192 3640 4241 et

218 4270 331 4317 tem
366 4262 621 4334 eligendi
672 4263 1031 4331 pontificem,
1064 4268 1120 4317 et
1149 4263 1456 4319 ordinandi
1490 4264 1865 4335 apostolicam
1900 4312 1946 4376 Β
1979 4271 2435 4343 archiepiscopis
2467 4273 2785 4341 concessit;
2821 4278 2882 4329 ut
2914 4290 3086 4329 nemo
3120 4274 3398 4345 deinceps
3428 4276 3633 4346 cujus-

218 4351 412 4376 ...‘JAM
468 4350 818 4376 Πζμ-..ζιηιιι-
859 4367 1087 4376 η.--..--.-.
1115 4353 1544 4376 _-1_:-_-L-L_-_
1571 4353 1612 4376 ,Ξ
1643 4370 1844 4376 --μ---
2290 4361 2324 4376 II
2417 4361 2449 4376 ι.
2505 4362 2539 4376 ,ο
2646 4368 2653 4376 .
2757 4363 2793 4376 ιιι
2846 4363 2854 4372 -
2935 4363 2968 4376 -.
3022 4363 3056 4376 ,ι
3164 4363 3195 4376 ιο
3340 4363 3379 4376 α·
3485 4363 3496 4376 ι

216 4351 436 4403 sedem.
468 4350 822 4422 Dignitatem
856 4367 1089 4422 quoque
1114 4353 1545 4423 patriarchatus
1566 4353 1613 4408 ei
1638 4370 1868 4410 conces-
1900 4350 1946 4376 υ
1981 4376 2213 4430 cunque
2270 4361 2576 4430 dignitatis
2607 4368 2663 4417 et
2696 4363 3093 4433 religiositatis
3125 4363 3381 4435 eligendi
3415 4363 3499 4419 vel
3535 4382 3634 4435 ρας

216 4441 439 4493 serunt.
473 4439 720 4510 Insuper
750 4439 1221 4511 archiepiscopos
1270 4457 1373 4512 per
1421 4441 1686 4513 singulas
1737 4460 1866 4513 pro-
1979 4450 2216 4505 tricium
2246 4449 2331 4504 vel
2364 4450 2697 4521 pontiﬁcem
2731 4468 2974 4506 summae
2999 4452 3156 4506 sedis
3180 4450 3515 4521 apostolicae
3536 4462 3638 4508 aut

213 4527 435 4583 vincies
455 4528 527 4583 ab
550 4545 616 4583 eo
638 4529 1036 4585 investituram
1090 4530 1352 4600 accipere
1381 4530 1673 4597 definivit;
1698 4535 1753 4584 et
1783 4536 1865 4597 ut,
1980 4553 2395 4608 quemcunque-
2424 4538 2764 4609 episcopum
2799 4539 3111 4592 ordinandi
3144 4538 3356 4593 habeat
3390 4539 3633 4595 faculta-

218 4616 329 4671 r.isi
359 4633 392 4671 a
424 4633 557 4689 rege
591 4617 864 4672 laudetur
894 4623 951 4671 et
981 4618 1680 4690 investiaturepiscopus,
1707 4636 1738 4673 a
1771 4636 1868 4673 ne-
1979 4633 2093 4680 tem
2117 4626 2340 4698 absque
2363 4625 3421 4697 consensuipsiusimperatoris,quod
3438 4633 3634 4683 tamen

217 4706 374 4761 mine
404 4710 804 4776 consecretur,
837 4710 895 4760 et
934 4706 1271 4777 quicunque
1302 4710 1503 4761 contra
1533 4708 1642 4762 hoc
1671 4709 1867 4762 decre-
1978 4715 2201 4786 absque
2247 4716 2403 4770 omni
2458 4716 2704 4786 pecunia
2754 4715 2874 4781 fiat,
2909 4720 2971 4769 ut
3000 4721 3057 4770 et
3084 4714 3208 4786 ipse
3239 4716 3317 4770 sit
3351 4717 3632 4786 patricius

216 4798 340 4849 tum
374 4798 571 4866 ageret
604 4794 1002 4850 anathematis
1030 4794 1264 4849 vinculo
1296 4794 1615 4866 innodavit,
1650 4801 1704 4851 et
1751 4796 1863 4851 nisi
1976 4807 2032 4856 et
2060 4820 2193 4870 rex;
2229 4804 2379 4871 quod
2412 4802 2463 4857 si
2494 4820 2527 4857 a
2556 4803 2706 4859 clero
2736 4806 2792 4859 et
2822 4820 2855 4858 a
2886 4801 3098 4875 populo
3132 4803 3350 4875 aliquis
3381 4804 3631 4873 eligatur

215 4883 607 4955 resipisceret,
641 4884 795 4939 bona
825 4886 952 4953 ejus
984 4882 1271 4956 publicari
1304 4884 1596 4956 praecepit.
1974 4892 2306 4964 episcOpus,
2339 4893 2453 4948 nisi
2487 4910 2520 4948 a
2549 4894 2884 4965 supradicto
2916 4893 3187 4951 laudetur
3218 4909 3351 4963 rege
3383 4897 3440 4948 et
3472 4893 3629 4948 inve-

286 4990 423 5047 CAP.
458 4991 747 5047 CXXXVI.
787 4993 994 5049 Flauio
1027 4992 1261 5048 Romani
1287 4991 1566 5061 ponii/im};
1597 4993 1676 5048 ad
1694 4995 1793 5065 jus
1973 4981 2202 5046 stiatur,
2236 4998 2350 5036 non
2384 4989 2775 5039 consecretur.
2806 4983 2866 5038 Si
2907 4983 3039 5054 quis
3071 4986 3275 5037 contra
3306 4981 3457 5036 hanc
3490 4998 3629 5053 apo-

708 5066 952 5134 pertinet
984 5065 1363 5135 imperatoris.
1973 5069 2241 5125 stolicam
2274 5071 2682 5125 auctoritatem
2735 5070 2956 5142 aliquid
3012 5069 3307 5139 moliatur,
3343 5069 3501 5125 hunc
3532 5087 3630 5125 ex-

881 5153 993 5208 Leo
1028 5169 1199 5224 papa.
1972 5157 2488 5213 ocmmunieationi
2525 5158 2830 5228 subjacere
2857 5158 3316 5224 decrevimus,et
3339 5158 3451 5213 nisi
3487 5159 3629 5213 resi-

281 5238 451 5309 (Dist.
482 5240 573 5308 63,
608 5256 656 5295 c.
691 5242 753 5296 In
777 5242 992 5311 synod.)
1026 5242 1140 5296 Leo
1173 5258 1319 5312 papa
1351 5241 1411 5295 in
1444 5241 1664 5313 synodo
1721 5258 1857 5297 con-
1972 5245 2182 5317 puerit,
2223 5246 2281 5300 in
2337 5246 2699 5303 irrevocabili
2748 5246 2951 5301 exsilio
3001 5245 3213 5316 puniri,
3250 5245 3339 5302 vel
3399 5247 3631 5302 ultimis

211 5333 449 5401 gregata
505 5333 701 5384 Romae
747 5329 806 5384 in
854 5328 1099 5385 ecclesia
1158 5328 1356 5384 Sancti
1414 5330 1727 5385 Salvatoris
1785 5334 1855 5387 ad
1971 5332 2275 5405 suppliciis
2308 5335 2490 5391 feriri.
2526 5338 2732 5390 Amen.

1882 5516 1955 5530 ἀθ
