3936 6056
350 211 489 265 1339

1430 213 1503 263 D.
1552 207 1792 262 IVONIS
1827 203 2341 260 CARNOTENSISI
2361 200 2682 258 EPISCOPI

3647 196 3793 251 1340

855 404 988 475 QUI
1034 403 1263 476 LIBRI,
1312 403 1410 462 ET
1455 401 1614 471 QUO
1657 397 2036 460 TEMPORE
2080 397 2257 458 SINT
2303 395 2668 467 LEGENDI,
2714 394 2792 454 IN
2838 393 3239 455 ECCLESIA.

923 535 1054 590 CAP.
1088 533 1413 590 CXXXVII.

414 649 479 701 In
505 641 954 716 Septuagesima
979 645 1270 710 cantatur,
1296 641 1355 694 In
1373 638 1683 710 principio,
1706 640 1764 692 et
1783 635 1999 707 legitur

345 731 778 790 Pentateuchus
802 730 978 802 Moysi
999 746 1186 800 usque
1201 729 1270 783 ad
1292 728 1625 800 passionem
1640 723 1999 781 Domini.Se-

345 822 699 895 ptuagesima
713 821 865 874 enim
883 819 1276 891 captivitatem
1292 816 1606 888 Babylonis
1620 813 1996 887 significat,id

345 917 436 968 est
459 908 910 975 confusionis,in
936 924 1053 978 qua
1076 907 1457 970 sumus,dum
1485 906 1545 958 in
1569 904 1791 958 mundo
1815 901 2000 972 capti-

343 999 649 1064 vamur,de
662 1014 697 1069 q
710 1014 783 1052 ua
795 1001 1074 1051 exeuntes
1087 994 1442 1050 debemusad
1457 991 1777 1050 Jerusalem
1789 991 2000 1056 redire,

347 1087 405 1140 id
423 1085 596 1140 estad
613 1085 857 1139 domum
879 1083 1062 1155 pacis,
1083 1083 1236 1137 unde
1249 1079 1519 1137 diabolus
1533 1097 1638 1135 nos
1652 1077 1960 1151 captivavit
1984 1094 1998 1144 ;

347 1175 616 1247 quamvis
643 1174 800 1228 enim
823 1172 1176 1244 captivitatis
1210 1176 1418 1226 nostrae
1452 1186 1683 1241 semper
1713 1182 2002 1223 memores

344 1280 473 1319 esse
497 1262 804 1328 debemus,
828 1259 1163 1333 specialiter
1186 1264 1382 1314 tamen
1408 1258 1464 1312 in
1491 1258 1581 1312 bis
1604 1258 1810 1312 diebus
1834 1271 2001 1326 opor-

347 1356 447 1419 tet,
471 1352 689 1423 quibus
729 1349 983 1421 legimus
1015 1354 1072 1404 et
1101 1355 1410 1404 cantamus
1442 1348 1512 1402 de
1543 1346 1872 1416 abjectione
1903 1361 2005 1414 pa-

347 1441 457 1496 tris
491 1440 675 1496 nostri
706 1441 890 1494 Adam
923 1440 994 1494 de
1027 1438 1322 1510 paradiso,
1353 1441 1411 1492 et
1454 1437 1525 1490 de
1578 1432 1836 1506 periculo
1886 1433 2006 1488 Noe

347 1529 410 1584 in
442 1528 684 1597 diluvio,
719 1529 790 1582 de
821 1527 1115 1582 Abraham
1151 1526 1251 1598 qui
1283 1525 1458 1580 exivit
1487 1525 1556 1580 de
1585 1528 1744 1578 terra
1787 1539 1914 1591 sua,
1947 1525 2006 1576 et

350 1619 422 1673 de
452 1616 799 1687 hujusmodi
831 1615 1152 1671 laboribus.
1184 1615 1344 1670 Sicut
1371 1613 1526 1670 enim
1557 1613 1740 1667 Adam
1763 1611 1822 1666 in
1842 1627 2004 1665 exor-

349 1706 444 1763 dio
475 1705 683 1761 mundi
716 1705 907 1760 factus
938 1709 1048 1773 est,
1073 1705 1158 1760 sic
1187 1709 1243 1759 et
1274 1704 1331 1758 in
1364 1701 1651 1774 principio
1684 1701 1818 1755 anni
1845 1702 1901 1754 et
1917 1713 2006 1753 ec-

349 1794 664 1852 clesiastici
697 1793 873 1849 ofﬁcii
905 1793 976 1849 de
1008 1793 1107 1848 illo
1138 1793 1328 1865 legere
1360 1797 1418 1846 et
1449 1796 1686 1846 cantare
1731 1787 2005 1861 proponi-

2020 529 2076 595 Α
2105 528 2373 584 tientius.
2395 529 2440 582 Λ
2461 526 2739 583 Kalendis
2770 524 3036 581 Octobris
3059 540 3246 596 usque
3273 492 3345 580 ad
3365 523 3789 579 Novembr-em

2106 616 2382 690 leguntur
2412 617 2547 672 libri
2581 615 3049 671 Machabaaorum
3067 617 3124 670 et
3146 617 3421 670 cantatur
3445 613 3790 684 Adaperial.

2109 708 2223 762 Iste
2253 711 2494 762 octavus
2524 703 3043 772 mensis,la:titiam
3069 703 3220 774 signi
3232 703 3364 758 ﬁcat
3381 719 3519 758 resu
3532 703 3795 756 rrectio-

2109 795 2376 867 nis,quia
2398 795 2551 850 sicut
2578 793 2763 848 Judaei
2799 792 2982 848 ﬁnitis
3014 791 3230 864 praeliis
3261 795 3318 847 et
3350 789 3585 860 templo
3617 791 3794 846 resti-

2107 888 2256 950 tuto,
2276 884 2334 938 in
2358 882 2596 955 hymnis
2626 885 2682 936 et
2711 881 3185 936 confessionibus
3217 880 3670 936 benedicebant
3694 884 3798 934 Do-

2111 974 2359 1039 minum,
2393 972 2476 1027 sic
2517 975 2574 1026 et
2621 970 2681 1025 in
2733 970 3180 1026 resurrectionis
3210 970 3417 1042 gloria.
3453 970 3798 1025 destructis

2112 1060 2328 1132 praeliis
2359 1058 2598 1127 diaboli,
2629 1057 2818 1114 sancti
2848 1063 2904 1113 et
2927 1057 3076 1129 justi
3126 1058 3184 1112 in
3235 1057 3502 1113 Domino.
3542 1057 3709 1127 Ergo
3765 1074 3796 1110 a

2111 1148 2384 1204 Kalendis
2405 1148 2748 1203 Novembris
2775 1164 2960 1218 usque
2987 1148 3056 1202 ad
3086 1147 3404 1202 Adventum
3432 1145 3688 1201 Domini
3719 1145 3796 1199 Ie-

2111 1238 2268 1310 gitur
2297 1236 2578 1303 Ezechiel,
2605 1236 2825 1303 Daniel,
2852 1240 2908 1291 et
2929 1253 3009 1290 xu
3032 1235 3327 1307 prOphetae
3359 1250 3497 1290 cum
3536 1247 3792 1304 respon'

2112 1326 2306 1396 soriis,
2345 1327 2474 1382 Vidi
2499 1326 2782 1381 dominum
2803 1345 2825 1389 ,·
2865 1324 3123 1381 Ezechiel
3155 1324 3310 1380 enim
3342 1323 3492 1378 vidit
3522 1328 3795 1394 quatuor

2113 1413 2414 1478 animalia,
2456 1412 2514 1467 id
2544 1417 2632 1468 est
2662 1417 2919 1483 quatuor
2949 1411 3366 1482 evangelistas,
3404 1410 3505 1482 qui
3541 1410 3790 1466 Domini

2113 1502 2499 1569 nativitatem,
2531 1501 2890 1572 passionem,
2923 1499 3434 1568 resurrectionem,
3467 1498 3783 1555 ascensio-

2115 1608 2271 1656 nem,
2293 1595 2427 1661 etc.,
2447 1591 2741 1645 mundum
2771 1589 3119 1644 docuerunt.
3149 1587 3346 1643 Daniel
3378 1603 3629 1660 quoque
3651 1605 3785 1642 ven-

2113 1685 2313 1736 turum
2344 1679 2659 1735 Dominum
2703 1677 2974 1750 praedixit
3019 1677 3256 1733 dicens:
3307 1677 3665 1748 Aspiciebam
3729 1679 3781 1731 in

2112 1772 2257 1838 visu,
2288 1773 2397 1823 etc.
2430 1770 2597 1835 (Dan.
2630 1769 2756 1837 vn.)
2785 1765 3069 1822 Similiter
3105 1770 3161 1821 et
3209 1764 3307 1820 alii
3338 1765 3645 1837 prophetae
3680 1783 3783 1820 na-

351 1901 508 1940 mus.
544 1889 590 1937 A
624 1882 898 1954 passione
929 1881 1161 1938 Domini
1195 1853 1384 1952 usque
1414 1879 1476 1934 in
1514 1853 1750 1934 Pascha.
1793 1853 2008 1949 legitur
2038 1894 2085 1958 B
2115 1857 2400 1958 “ltum-1m
2448 1855 2766 1958 Ποξῦίωξω
2818 1855 3231 1958 Ρξωάῖκεῐξυηξν
3264 1857 3320 1908 εἴ
3347 1853 3477 1958 ide?
3509 1853 3609 1958 Pi.
3648 1858 3786 1958 εῑξίθ

352 1971 660 2038 Jeremias,
693 1971 972 2042 quoniam
1020 1968 1428 2040 Redemptoris
1457 1967 1642 2022 nostri
1676 1965 2007 2037 passionem

355 2059 487 2130 ipsa
517 2063 720 2129 aperta
751 2057 1169 2113 lamentatione
1218 2056 1611 2128 praesignavit.
1659 2055 1743 2109 Ab
1792 2052 2011 2109 octavis

358 2147 591 2203 Pascha:
623 2146 902 2218 leguntur
924 2149 1097 2201 Actus
1122 2144 1517 2216 apostolorum
1537 2143 1872 2214 quindecim
1896 2141 2012 2197 die-

359 2236 494 2300 bus,
516 2241 573 2291 et
602 2239 874 2290 cantatur
896 2233 1298 2305 Apocalypsis,
1323 2234 1380 2288 id
1411 2238 1500 2287 est
1528 2233 1734 2302 Dignus
1775 2235 1872 2286 est.
1907 2231 2009 2284 Do-

354 2326 526 2379 mine.
561 2323 846 2387 Quoniam
876 2323 1030 2394 quod
1064 2326 1268 2377 sancto
1298 2320 1507 2377 Joanni
1547 2319 1858 2375 revelatum
1888 2322 2011 2374 erat

357 2413 428 2467 de
462 2416 648 2467 morte
678 2411 824 2482 Agni
850 2411 960 2467 hoc
992 2410 1239 2482 apostoli
1289 2410 1771 2481 praedicaverunt.
1807 2408 2012 2463 Postea

355 2501 634 2573 leguntur
650 2500 926 2572 Epistolas
950 2500 1245 2556 canonica:
1277 2515 1462 2570 usque
1493 2499 1563 2553 ad
1594 2497 2010 2553 Ascensionem

354 2590 612 2657 Domini,
644 2595 701 2645 et
731 2590 1077 2646 decantatur
1107 2590 1178 2644 de
1211 2587 1476 2660 psalmis,
1509 2588 1568 2643 Si
1615 2588 1837 2656 oblitus,
1872 2586 2012 2658 quia

359 2679 536 2734 David
569 2678 938 2751 prophetavit
970 2677 1301 2750 passionem
1336 2675 1569 2732 Domini
1601 2691 1775 2747 quam
1809 2673 2012 2747 praedi-

359 2772 570 2823 carunt
598 2766 871 2836 apostoli.
901 2767 982 2821 Ab
1012 2767 1366 2821 Ascensione
1416 2780 1601 2836 usque
1630 2765 1703 2819 ad
1736 2768 2009 2818 Penteco-

355 2861 484 2912 sten
510 2861 782 2912 cantatur
803 2857 872 2911 de
894 2855 1061 2918 festo,
1086 2855 1185 2910 sed
1213 2851 1592 2926 Apocalypsis
1615 2851 1850 2924 legitur,
1870 2850 2012 2923 quia

361 2944 650 3000 revelatus
681 2951 772 3000 est
799 2960 928 2999 esse
962 2943 1061 3000 Dei
1093 2942 1293 3011 Filius,
1327 2959 1461 2998 cum
1493 2942 1564 2997 ad
1597 2941 1772 2997 ccelos
1803 2956 2009 2996 ascen-

354 3034 538 3102 deret,
564 3034 791 3088 cunctis
818 3031 1179 3099 videntibus,
1207 3036 1266 3087 et
1296 3030 1484 3086 multa
1505 3048 1636 3104 qua:
1658 3035 1793 3086 ante
1813 3029 2013 3085 clausa

358 3123 620 3186 fuerunt,
654 3121 726 3175 ab
760 3119 860 3174 illa
893 3119 983 3174 die
1013 3123 1264 3175 revelata
1297 3124 1633 3190 patuerunt.
1666 3119 1751 3174 Ab
1794 3119 2013 3174 octavis

355 3210 728 3264 Pentecostes
773 3224 959 3278 usque
1018 3207 1088 3262 ad
1139 3207 1424 3260 Kalendas
1456 3207 1702 3276 Augusti
1737 3205 2012 3277 leguntur

354 3297 489 3350 libri
522 3299 768 3365 Regum,
801 3300 860 3350 et
911 3299 1182 3350 cantatur
1231 3299 1372 3349 Deus
1420 3295 1684 3349 omnium.
1719 3295 2005 3360 Quoniam

353 3385 509 3440 sicut
538 3383 673 3438 Saul
705 3387 761 3437 et
794 3384 971 3438 David
1001 3387 1058 3438 et
1083 3383 1179 3438 alii
1213 3399 1314 3455 pro
1348 3383 1472 3456 lege
1493 3400 1601 3439 sua
1623 3389 1825 3439 contra
1855 3384 2007 3440 Allo-

356 3472 561 3546 phylos
592 3476 647 3528 et
677 3472 906 3528 Goliath
940 3477 1369 3544 pugnaverunt,
1401 3474 1486 3529 sic
1515 3477 1571 3528 et
1596 3490 1702 3530 nos
1719 3477 1852 3545 post
1873 3478 2010 3530 Pen-

355 3566 636 3626 tecosten,
656 3561 713 3616 id
737 3565 825 3617 est
846 3566 1164 3632 postquam
1185 3561 1621 3632 susceperimus
1637 3563 1852 3618 donum
1879 3562 2008 3635 Spi-

359 3651 508 3706 ritus
540 3650 728 3705 sancti
760 3649 818 3704 in
851 3649 1167 3720 baptismo,
1201 3665 1462 3722 pugnare
1494 3649 1776 3706 debemus
1807 3656 2010 3707 contra

357 3739 496 3793 vitia
529 3741 585 3792 et
615 3738 930 3794 daemones.
967 3737 1129 3793 Unde
1159 3737 1512 3809 Apostolus:
1564 3741 1682 3794 Non
1728 3746 1807 3795 est
1853 3743 2010 3797 nobis

359 3827 676 3882 colluctatio
706 3825 968 3881 adversus
996 3841 1221 3881 carnem
1249 3831 1299 3882 et
1330 3828 1680 3897 sanguinem,
1702 3827 1794 3882 sed
1821 3827 2012 3884 adver-

360 3932 454 3971 sus
478 3916 678 3970 mundi
704 3920 936 3971 rectores
967 3916 1322 3971 tenebrarum
1356 3915 1578 3985 harum,
1609 3925 1799 3972 contra
1844 3919 2011 3989 spiri-

359 4004 550 4060 tualia
578 4006 838 4075 nequities
871 4004 928 4059 in
955 4004 1262 4060 caelestibus
1292 4005 1518 4076 (Ephes.
1553 4005 1653 4075 γι).

433 4095 479 4148 Α
496 4092 774 4149 Kalendis
799 4093 1045 4166 Augusti
1059 4108 1244 4165 usque
1259 4094 1330 4148 ad
1347 4093 1640 4150 Kalendas
1655 4095 2014 4166 Septembris

363 4182 581 4254 legitur
607 4187 664 4238 et
693 4186 964 4238 cantatur
1009 4181 1306 4250 Salomon,
1341 4182 1398 4237 id
1427 4187 1517 4238 est
1547 4183 1848 4255 Sapientia
1876 4200 2011 4240 cum

363 4270 773 4342 responsoriis,
805 4273 868 4326 In
896 4272 1196 4343 principio,
1226 4275 1530 4342 Augustus
1561 4276 1762 4328 sextus
1793 4274 2014 4330 mensis

359 4363 448 4412 est
479 4363 536 4413 et
567 4357 796 4414 calidus
844 4363 900 4414 et
939 4359 1076 4414 anni
1120 4359 1372 4414 medius.
1407 4359 1472 4414 In
1504 4363 1669 4415 sexta
1698 4364 1866 4416 mtate
1897 4378 2014 4434 qua

361 4446 646 4503 Dominus
695 4447 872 4518 venit,
905 4448 1188 4504 debemus
1218 4447 1453 4519 quidem
1488 4455 1723 4520 propter
1751 4451 1881 4521 ejus
1913 4469 2010 4507 sa-

362 4535 643 4606 pientiam
667 4536 879 4604 vivere,
904 4537 1184 4609 quoniam
1211 4537 1415 4593 audita
1433 4543 1542 4604 est,
1567 4539 1717 4594 inter
1746 4557 1852 4595 nos
1882 4541 2013 4612 ipsa

362 4623 673 4695 sapientia,
694 4641 820 4696 quae
852 4642 920 4682 ex
949 4643 1047 4682 ore
1077 4626 1367 4683 Altissimi
1399 4627 1634 4698 prodiit,
1667 4629 1821 4685 unde
1843 4634 1898 4685 et
1919 4646 2018 4686 cor
2046 4618 2094 4684 Ι)

361 4712 625 4769 hominis
674 4715 993 4786 concaleat,
1026 4725 1082 4771 et
1112 4717 1170 4771 in
1203 4716 1330 4787 ejus
1362 4717 1742 4775 meditatione
1771 4721 2013 4776 exarde-

364 4805 507 4858 scat.
533 4801 822 4868 Quoniam
850 4803 1004 4858 Deus
1035 4803 1230 4876 ignem
1259 4805 1419 4861 venit
1448 4804 1678 4863 mittere
1708 4807 1767 4862 in
1798 4811 2014 4865 terram

361 4893 515 4963 (Luc.
548 4893 652 4962 ιι),
685 4889 770 4946 vel
802 4891 943 4963 quia
974 4893 1335 4962 immediate,
1368 4900 1433 4950 ut
1482 4896 1735 4968 quisque
1767 4897 1838 4953 ab
1868 4903 2014 4954 aestu

357 4982 637 5038 vitiorum
669 4980 1070 5051 succenditur,
1100 4983 1290 5054 magis
1321 4985 1528 5041 debeat
1555 4992 1694 5042 tunc
1726 4987 2016 5060 sapientia

362 5071 601 5143 pollere,
627 5071 728 5128 ubi
759 5075 924 5128 tanto
959 5070 1282 5142 sapientius
1311 5078 1402 5129 est
1432 5076 2014 5149 cavendum,quanto

363 5159 500 5232 plus
529 5160 683 5217 valet
714 5161 900 5217 aetatis
931 5159 1207 5233 perfectio
1239 5161 1311 5216 ad
1345 5163 1764 5221 resistendum.
1799 5168 1862 5222 In
1911 5172 2012 5223 Se-

362 5250 617 5320 ptembri
649 5250 864 5322 legitur
892 5254 951 5306 et
981 5252 1254 5307 cantatur
1282 5248 1353 5305 de
1384 5250 1516 5316 Job,
1549 5253 1750 5325 Tobia,
1783 5255 2014 5326 Esther,

361 5341 588 5396 Judith.
625 5340 690 5394 lli
741 5344 880 5396 sunt
933 5340 1035 5412 qui
1083 5339 1279 5395 omnia
1310 5340 1550 5396 adversa
1579 5343 2012 5402 sustinuerunt.

363 5429 458 5484 Sic
489 5434 544 5484 et
577 5446 682 5486 nos
711 5429 771 5484 in
803 5429 1058 5501 septima
1088 5433 1254 5484 {etate
1302 5445 1420 5502 qua
1467 5432 1726 5487 mundus
1754 5433 2011 5505 ﬁnietur,

367 5517 607 5572 adversa
637 5533 886 5590 quasque
914 5518 1197 5574 debemus
1228 5535 1333 5590 pro
1365 5518 1608 5576 Domino
1642 5519 1886 5579 tolerare
1916 5540 2016 5595 pa-

2119 1947 2434 2002 adventum
2492 1945 2619 2014 ejus
2679 1944 2976 2016 leguntur,
3010 1944 3150 2015 quia
3197 1943 3322 2014 ipse
3371 1946 3460 1998 est
3509 1942 3790 1998 Salvator

2121 2033 2324 2088 mundi
2379 2049 2553 2105 quem
2604 2033 2971 2088 nasciturum
3020 2031 3505 2104 praedicaverunt.
3538 2031 3629 2085 Ab
3670 2032 3787 2086 Ad-

2117 2127 2295 2178 ventu
2327 2137 2515 2194 usque
2549 2123 2619 2178 ad
2653 2121 2857 2178 Natale
2880 2120 3314 2192 legiturlsaias,
3337 2119 3436 2192 qui
3461 2124 3689 2189 quanto
3715 2121 3788 2174 de

2119 2211 2367 2267 Domino
2393 2210 2758 2284 prophetavit
2789 2210 3098 2280 urbanius,
3129 2213 3295 2265 tanto
3319 2209 3618 2264 nativitati
3651 2211 3781 2280 ejus

2117 2300 2334 2372 legitur
2361 2299 2707 2372 proximius.
2730 2300 2814 2355 Ab
2837 2298 3056 2356 octavis
3087 2297 3322 2354 Domini
3355 2314 3542 2369 usque
3567 2299 3643 2352 ad
3680 2299 3784 2354 Se-

2120 2389 2575 2462 ptuagesimam,
2598 2389 2874 2460 leguntur
2894 2387 3163 2460 Epistolas
3185 2386 3348 2441 Pauli
3371 2403 3509 2441 cum
3533 2403 3782 2457 respon-

2119 2478 2299 2546 sorio,
2332 2480 2582 2545 Domine,
2614 2495 2684 2533 ne
2711 2479 2769 2533 in
2798 2480 3008 2548 furore,
3040 2476 3319 2548 quoniam
3379 2475 3533 2546 quod
3592 2475 3776 2532 David

2119 2567 2507 2642 prophetavit,
2539 2566 2851 2638 Apostolus
2883 2565 3247 2622 concorditer
3277 2564 3640 2637 praedicavit.

2763 2696 3035 2751 CAPITUL.
3069 2695 3116 2744 Ι.

2118 2783 2251 2840 CAP.
2301 2781 2638 2839 CXXXVIII.
2690 2783 2766 2837 De
2807 2780 3264 2907 εἷῖεῗέέἒιοηίαηι
3294 2778 3380 2834 vel
3429 2778 3577 2834 alias
3630 2779 3777 2834 male

2707 2945 2879 2997 Conc.
2912 2940 3177 2998 Cabilon.

2191 3033 2360 3105 (Dist.
2390 3037 2511 3104 l,q.
2530 3033 2582 3100 1,
2599 3048 2648 3086 c.
2665 3031 2725 3086 Si
2744 3032 2868 3102 quis
2883 3047 2988 3102 per
3003 3028 3348 3102 pecuniam.)
3363 3029 3697 3085 Statuimus
3716 3032 3780 3084 ut

2121 3125 2170 3180 si
2202 3122 2337 3194 quis
2361 3121 2689 3177 Simoniace
2719 3120 3027 3176 ordinatus
3057 3119 3130 3174 ab
3163 3117 3354 3174 ofﬁcio
3387 3119 3630 3175 omnino
3679 3135 3777 3174 ca-

2121 3213 2242 3278 dat,
2265 3211 2421 3282 quod
2443 3209 2645 3265 illicite
2667 3206 3002 3278 usurpavit;
3030 3207 3117 3262 vel
3140 3206 3348 3272 siquis
3373 3207 3776 3278 prehendam,

2121 3297 2210 3353 vel
2263 3299 2611 3368 prioratum,
2640 3295 2731 3350 vel
2777 3295 3174 3363 diaconatum,
3207 3298 3312 3350 aut
3348 3294 3656 3364 honorem,
3688 3295 3773 3350 vel

2116 3385 2539 3460 promotionem
2572 3384 2832 3457 aliquam
2862 3383 3344 3449 ecclesiasticam,
3379 3388 3583 3456 utpote
3612 3384 3774 3439 chri-

2115 3475 2338 3543 sma,id
2360 3478 2450 3532 est
2465 3474 2657 3530 oleum
2675 3477 2949 3531 sanctum
2971 3473 3469 3529 consecrationem
3496 3472 3773 3528 altarium

2115 3564 2204 3622 vel
2251 3563 2632 3620 ecclesiarum
2688 3561 3115 3618 interveniente
3169 3560 3512 3617 exsecrabili
3567 3561 3772 3617 ardore

2118 3653 2370 3710 avaritia;
2393 3669 2496 3724 per
2527 3652 2836 3723 pecuniam
2868 3650 3206 3722 acquisivit,
3238 3650 3459 3706 honore
3489 3649 3648 3706 male
3677 3667 3772 3706 ac-

2119 3741 2338 3815 quisito
2370 3747 2596 3809 careat;
2632 3745 2689 3795 et
2712 3743 2940 3811 emptor
2978 3744 3154 3810 atque
3203 3737 3474 3794 venditor
3503 3743 3562 3793 et
3593 3738 3774 3794 inter-

2119 3837 2320 3889 ventor
2349 3835 2489 3887 nota
2519 3827 3212 3900 infamiae-percellantur,
3236 3832 3294 3882 et
3324 3841 3430 3882 nec
3460 3843 3567 3898 pro
3600 3832 3773 3899 pastu

2121 3935 2226 3976 nec
2255 3920 2366 3975 sub
2407 3921 2650 3974 obtentu
2699 3917 2953 3988 alicujus
3002 3914 3452 3971 consuetudinis
3495 3919 3636 3970 ante
3689 3914 3775 3970 vel

2121 4012 2254 4081 post
2282 4026 2316 4064 a
2345 4023 2642 4080 quoquam
2666 4006 2888 4077 aliquid
2911 4005 3197 4078 exigatur,
3210 4003 3297 4060 vel
3321 4004 3447 4076 ipse
3468 4004 3611 4060 dare
3632 4021 3776 4076 pre-

2120 4102 2337 4164 sumat,
2359 4097 2638 4168 quoniam
2661 4095 3058 4150 Simoniacum
3081 4098 3189 4163 est,
3213 4093 3315 4149 sed
3338 4092 3522 4148 libere
3555 4100 3608 4147 et
3641 4094 3773 4148 abs-

2121 4201 2235 4257 que
2265 4182 2683 4240 imminutione
2713 4180 2914 4253 aliqua
2935 4181 3181 4236 collecta
3201 4179 3312 4236 sibi
3335 4180 3627 4253 dignitate
3651 4197 3781 4252 per-

2121 4275 2370 4330 fruatur.

2760 4357 3018 4415 ΟΑΡιτω..
3059 4358 3126 4414 ΙΙ.

2119 4453 2258 4510 CAP.
2284 4450 2572 4508 CXXXIX.
2604 4450 2645 4504 Α
2675 4463 2774 4505 suo
2803 4450 3052 4520 episcopo
3108 4448 3641 4520 exepmmunicatus,
3675 4463 3784 4502 non

2580 4529 2658 4577 est
2689 4522 2756 4575 ab
2787 4517 2908 4576 alio
2939 4517 3306 4590 recipiendus.

2682 4610 2764 4665 Ex
2794 4625 2957 4666 conc.
2991 4608 3218 4663 eodem.

2199 4721 2274 4790 (2,
2307 4734 2363 4789 q.
2396 4718 2451 4786 3,
2483 4734 2532 4773 c.
2568 4715 2628 4772 Si
2657 4715 2822 4787 quis.)
2852 4717 2890 4770 A
2920 4713 3048 4769 suis
3096 4711 3390 4784 episcopis
3436 4726 3782 4767 excommu-

2123 4810 2350 4864 nicatos
2379 4808 2452 4862 ab
2483 4805 2614 4862 aliis
2645 4804 2866 4876 suscipi
2922 4802 3165 4858 omnino
3225 4801 3630 4874 prohibemus.
3675 4799 3783 4864 Qui

2124 4903 2320 4954 autem
2351 4894 2874 4960 excommunicato,
2910 4895 3228 4963 antequam
3259 4891 3331 4946 ab
3379 4905 3446 4944 eo
3493 4893 3598 4959 qui
3646 4903 3778 4944 eum

2122 4982 2733 5050 excommunicaverit,
2767 4981 3127 5051 absolvatur,
3160 4978 3598 5035 communicare
3633 4993 3780 5050 prai-

2123 5075 2471 5148 sumpserit,
2502 5073 2628 5146 pari
2660 5070 2952 5128 sententia
2979 5072 3250 5125 teneatur
3274 5067 3586 5124 obnoxius.

2745 5177 3015 5233 CAPITUL.
3051 5175 3150 5231 III.

2122 5271 2256 5327 CAP.
2290 5271 2450 5328 CXL.
2483 5269 2656 5324 Extra
2685 5266 2874 5323 domos
2901 5265 3024 5320 sine
3054 5263 3283 5335 proprio
3340 5265 3545 5320 ornatu
3593 5277 3777 5319 sacer-

2620 5339 2769 5395 dotes
2801 5354 2909 5394 non
2952 5337 3280 5408 appareant.

2696 5429 2998 5483 Innocent.
3031 5440 3203 5497 papa.

2193 5521 2310 5592 (2t,
2361 5535 2420 5591 q.
2480 5519 2533 5587 4,
2592 5534 2642 5573 c.
2699 5514 3112 5586 Prwcipimus.)
3167 5510 3548 5583 Praecipimus
3602 5511 3773 5568 etiam
