3986 6048
247 217 375 272 1341

1514 221 1910 276 ΡΔΝΟΒΜΙΔ.
1951 248 2021 259 -
2058 222 2190 273 LIB.
2230 222 2375 276 VIII.

3512 226 3651 283 1342

241 341 394 414 quod
422 345 540 396 tam
560 341 822 413 episcopi
858 358 1036 413 quam
1074 341 1269 398 clerici
1304 342 1361 397 in
1395 347 1553 399 statu
1586 343 1801 399 mentis
1832 346 1888 398 et
1917 343 1969 409 Α
2003 342 2369 398 detestabilis
2400 343 2943 417 inolevit,quoniam
2976 345 3246 402 monachi
3276 352 3333 403 et
3355 348 3651 420 regulares

244 432 301 486 in
336 430 604 502 corporis
629 430 835 486 habitu
868 431 985 486 Deo
1018 438 1068 485 et
1100 431 1444 488 hominibus
1494 433 1721 505 placere
1768 437 1893 487 stu-

241 521 442 587 deant,
476 524 533 575 et
564 536 754 591 neque
786 520 845 574 in
879 520 1309 592 superﬂuitate,
1342 522 1620 591 scissura,
1655 527 1756 576 aut
1798 538 1890 576 co-

234 607 357 664 lore
384 608 663 673 vestium,
694 624 884 679 neque
915 608 975 663 in
1006 612 1273 675 tonsura,
1323 610 1701 677 intuentium,
1754 625 1890 681 quo-

234 714 366 753 rum
402 698 589 753 forma
639 701 696 752 et
748 697 1081 769 exemplum
1132 713 1263 754 esse
1312 699 1548 765 debent,
1598 700 1893 754 offendant

235 790 559 859 aspectum,
593 787 693 842 sed
727 786 925 857 potius
957 787 1099 857 quid
1130 804 1332 843 eorum
1366 790 1565 843 deceat
1608 788 1888 843 sanctita-

229 882 368 942 tem,
402 877 575 947 quisi
600 876 808 932 moniti
830 878 904 931 ab
925 877 1220 948 episcopis
1244 878 1546 933 emendari
1572 876 1886 942 noluerint,

231 965 645 1022 ecclesiasticis
676 968 914 1021 careant
945 966 1272 1023 beneficiis.

855 1097 1125 1154 CAPITUL.
1160 1098 1255 1153 IV.

228 1188 360 1244 ΟΑρ.
394 1187 575 1244 CXLI.
610 1188 1183 1244 Excommunicantur
1213 1188 1350 1243 laici
1390 1188 1485 1259 qui
1531 1189 1886 1243 morientium

508 1262 887 1332 episcoporum
917 1260 1121 1315 audent
1154 1260 1299 1316 bona
1329 1260 1589 1332 diripere.

846 1368 1151 1422 Innocent.
1185 1367 1255 1423 II.

294 1476 408 1542 (12.
445 1492 502 1547 q.
529 1476 583 1543 2,
618 1491 669 1530 c.
704 1473 894 1545 Illud.)
927 1474 1078 1528 Illud
1112 1478 1309 1529 autem
1343 1474 1496 1545 quod
1546 1474 1604 1528 in
1652 1471 1883 1528 Chalce-

222 1564 471 1620 donensi
499 1580 665 1619 sacro
698 1562 1085 1618 eonstitutum
1114 1567 1203 1618 est
1232 1561 1882 1632 eoneilio,irrefragabi~

223 1652 359 1708 liter
388 1652 721 1709 conservari
755 1651 1157 1723 praeipimus,
1192 1656 1259 1706 ut
1288 1650 1557 1707 videlicet
1595 1650 1879 1705 deceden-

220 1742 371 1796 tium
406 1742 559 1797 bona
589 1741 1002 1813 episcoporum
1039 1758 1071 1796 a
1102 1740 1264 1796 nullo
1296 1740 1537 1795 omnino
1576 1738 1880 1794 hominum

220 1830 601 1901 diripiantur,
628 1831 728 1886 sed
755 1831 826 1886 ad
852 1846 1000 1901 opus
1025 1828 1295 1885 Ecclesia
1318 1833 1375 1885 et
1399 1828 1758 1885 successoris
1790 1826 1884 1881 sui

223 1919 280 1973 in
312 1918 497 1973 libera
527 1918 815 1974 ieconomi
850 1918 937 1974 vel
970 1918 1317 1974 clericorum
1351 1922 1694 1974 remaneant
1721 1920 1879 1987 pote-

222 2012 397 2063 state.
432 2006 633 2062 Cesset
656 2006 839 2079 igitur
868 2006 971 2063 illa
1002 2005 1368 2063 detestabilis
1420 2010 1475 2061 et
1523 2023 1674 2061 sava
1717 2020 1881 2075 rapa-

220 2094 388 2151 citas.
422 2096 481 2151 Si
512 2096 647 2166 quis
676 2100 874 2152 autem
912 2096 1019 2152 hoc
1070 2102 1360 2153 attentare
1413 2094 1878 2167 praesumpserit.

217 2185 811 2241 eXcommunicationi
841 2186 1167 2255 subjaceat.

855 2308 1121 2364 CAPITUL.
1159 2313 1203 2361 V
1216 2348 1228 2362 .

212 2396 347 2452 CAP.
380 2395 597 2453 CXLII.
633 2396 825 2467 Ofﬁcio
854 2405 1017 2467 atque
1048 2396 1305 2457 beneﬁcio
1356 2401 1539 2453 careat
1588 2396 1871 2453 subdiaco-

796 2485 902 2523 nus
930 2470 987 2523 si
1014 2470 1288 2538 nupserit.

855 2575 1134 2629 Innocent
1164 2572 1236 2630 II.

286 2688 453 2759 (Dist.
484 2690 575 2759 28,
608 2705 658 2744 c.
693 2689 1093 2759 Decernimus.)
1126 2688 1507 2744 Deeernimus
1550 2691 1617 2742 ut
1665 2686 1721 2742 hi
1768 2686 1867 2758 qui

216 2777 275 2831 in
305 2776 508 2833 ordine
530 2777 875 2833 diaconatus
906 2777 993 2832 vel
1024 2794 1203 2849 supra
1232 2793 1438 2832 uxores
1468 2777 1738 2831 duxerint
1768 2780 1870 2831 aut

215 2864 578 2921 concubinas
613 2865 927 2921 habuerint
956 2865 1149 2921 ofﬁcio
1175 2870 1233 2920 et
1260 2864 1655 2920 ecclesiastico
1694 2866 1865 2920 bene-

214 2954 347 3011 ﬁcio
383 2958 641 3010 careant.
672 2958 819 3011 Cum
848 2954 1005 3010 enim
1059 2953 1173 3026 ipsi
1222 2953 1507 3025 templum
1555 2953 1678 3021 Dei,
1728 2970 1866 3009 vasa

214 3042 469 3109 Domini,
500 3042 823 3098 sacrarium
861 3042 1111 3113 Spiritus
1152 3042 1341 3097 sancti
1373 3042 1623 3096 debeant
1651 3057 1779 3096 esse
1809 3045 1864 3096 et
1894 3066 1937 3135 α

211 3131 349 3197 diei,
368 3130 680 3203 indignum
708 3134 799 3185 est
820 3146 919 3185 eos
939 3130 1237 3185 cubilibus
1259 3134 1315 3185 et
1339 3129 1733 3185 immunditiis
1765 3130 1862 3185 de-

209 3219 448 3277 servire.
478 3220 563 3275 Ad
596 3220 704 3275 hoc
737 3220 1234 3291 praedecessorum
1275 3222 1610 3276 nostrorum
1645 3219 1861 3291 Grego-

211 3307 281 3363 rii
307 3308 563 3380 septimi,
610 3308 823 3365 Urbani
848 3313 905 3364 et
925 3308 1222 3365 Paschalis
1248 3311 1643 3365 Romanorum
1676 3308 1863 3380 ponti-

212 3398 389 3452 ficum
420 3398 683 3470 vestigiis
714 3398 1091 3468 inharentes,
1125 3397 1521 3470 praeipimus,
1556 3402 1620 3452 ut
1661 3396 1860 3452 nullus

210 3502 413 3543 eorum
446 3488 658 3543 missas
687 3488 908 3549 audiat,
936 3502 1188 3558 quorum
1221 3502 1431 3542 uxores
1459 3486 1549 3541 vel
1581 3486 1860 3541 concubi-

211 3591 320 3629 nas
352 3574 662 3646 populares
692 3574 1027 3646 cognoverit
1058 3574 1292 3629 habere.

212 3696 342 3751 CAP.
374 3694 612 3751 CXLIII.
648 3695 770 3749 Post
816 3697 1119 3766 professum
1165 3694 1567 3749 continentiam
1616 3696 1861 3766 quisquis

533 3781 761 3820 uxorem
791 3766 1014 3821 duxerit
1040 3766 1111 3821 ab
1142 3781 1214 3822 ea
1240 3774 1539 3837 separetur.

837 3872 1132 3927 Innocent.
1168 3872 1237 3927 II.

281 3979 394 4049 (27,
426 3995 482 4048 q.
520 3978 568 4047 1,
602 3993 655 4032 c.
693 3979 756 4034 Ut
786 3982 969 4033 autem
1000 3978 1134 4049 lex.)
1179 3977 1252 4033 Ut
1300 3977 1498 4034 anima
1545 3977 1636 4034 lex
1682 3979 1862 4033 conti-

214 4066 421 4122 nentia
464 4070 519 4121 et
569 4072 677 4120 Deo
733 4065 966 4136 placens
1019 4066 1395 4122 munditiain
1445 4066 1859 4123 ecclesiasticis

213 4155 479 4228 personis
510 4158 566 4208 et
597 4155 781 4209 sacris
834 4155 1137 4209 ordinibus
1187 4155 1487 4225 dilatetur,
1540 4156 1859 4211 statuimus

209 4250 501 4316 quatenus
520 4242 1405 4315 episcopi,presbyteri,diaconi
1437 4244 1524 4300 vel
1556 4244 1862 4302 subdiaco-

210 4334 290 4402 ni,
312 4333 611 4404 regulares
632 4330 895 4386 canonici
918 4336 974 4386 et
991 4332 1287 4399 monachi,
1316 4338 1491 4403 atque
1508 4336 1770 4388 conversi
1804 4338 1861 4389 et

212 4422 459 4494 professi
492 4420 591 4491 qui
626 4423 898 4476 sanetum
931 4422 1434 4492 transgredientes
1469 4422 1857 4494 propositum,
1890 4430 1938 4495 Ι)

214 4527 419 4567 uxores
463 4508 738 4581 copulare
790 4508 903 4563 sibi
955 4511 1427 4581 prasumperint,
1478 4515 1859 4583 separentur;

215 4598 561 4670 bujusmodi
592 4613 851 4667 namque
883 4597 1316 4669 cepulationem
1350 4600 1628 4670 quoniam
1661 4606 1863 4656 contra

208 4685 667 4744 ecclesiasticam
710 4683 975 4757 regulam
1028 4690 1259 4741 constat
1307 4703 1435 4743 esse
1477 4693 1858 4758 contractam,

207 4776 647 4833 matrimonium
684 4790 797 4828 non
832 4790 958 4830 esse
989 4775 1427 4847 eensemus;qui
1458 4775 1631 4831 etiam
1665 4778 1737 4832 ab
1768 4776 1860 4831 in-

203 4866 390 4920 vicem
424 4862 678 4936 separati
706 4866 869 4934 sunt,
902 4880 1007 4935 pro
1050 4864 1229 4919 tantis
1280 4866 1617 4920 excessibus
1660 4866 1859 4920 condi-

203 4970 380 5026 gnam
414 4953 816 5025 paenitentiam
851 4951 1321 5025 agant.‘.dipsum
1356 4970 1589 5026 quoque
1620 4955 1689 5009 de
1720 4972 1859 5011 san-

203 5042 647 5098 ctimonialibus
678 5041 914 5098 feminis
946 5042 995 5098 si
1025 5042 1198 5115 (quod
1245 5044 1400 5100 absit
1420 5043 1458 5116 ι)
1509 5044 1728 5100 nubere
1778 5049 1859 5100 at-

207 5130 588 5197 tentaverint,
620 5131 1017 5186 decernimus.

834 5267 1093 5319 ΟΑΡιτω..
1124 5264 1221 5320 VI.

202 5350 335 5428 CAP.
368 5349 594 5428 CXLIV.
625 5350 758 5408 Juri
785 5350 942 5428 civili
989 5355 1039 5407 et
1096 5353 1388 5428 medicinae
1431 5370 1651 5428 operam
1699 5355 1853 5428 dare,

302 5423 653 5477 interdicitur
682 5424 963 5477 monachis
991 5432 1041 5478 et
1063 5427 1355 5481 canonicis
1386 5423 1752 5497 regularibus.

279 5529 459 5585 Prava
492 5534 684 5585 autem
736 5530 1119 5601 consuetudo,
1172 5534 1346 5602 prout
1393 5533 1747 5606 accepimus,
1797 5540 1853 5593 et

2003 431 2269 486 canonici
2298 438 2431 503 post
2462 438 2803 504 susceptum
2835 434 3101 489 habitum
3131 441 3187 489 et
3229 437 3650 507 professionem

2003 520 2237 589 factam,
2258 526 2453 591 spreta
2486 522 2773 577 bonorum
2805 524 3221 594 magistrorum
3256 526 3562 596 Augustini
3594 532 3653 583 et

2002 608 2300 664 Benedicti
2332 609 2569 681 Regula,
2605 609 2762 682 leges
2791 612 3142 683 temporales
3173 618 3232 669 et
3270 615 3646 684 medicinam,

1999 698 2186 769 gratia
2213 698 2358 753 lucri
2394 699 2755 770 temporalis,
2791 700 3123 755 addiscunt.
3158 702 3425 757 Avaritia
3478 720 3645 760 nam-

2000 804 2112 859 que
2140 788 2408 843 flammis
2456 790 2710 857 accensi,
2763 807 2825 845 se
2873 795 3152 861 patronos
3200 808 3509 848 causarum
3562 795 3644 848 fa-

1999 876 2183 940 ciunt,
2216 893 2350 931 cum
2386 878 2736 950 psalmodiis
2767 884 2823 934 et
2853 879 3089 951 hymnis
3119 896 3325 935 vacare
3374 883 3644 952 debeant,

1998 966 2269 1037 gloriosae
2325 969 2482 1022 vocis
2542 968 2747 1023 conﬁsi
2808 968 3155 1035 munimine,
3222 968 3642 1041 allegationum

1997 1070 2241 1109 suarum
2274 1056 2551 1111 varietate
2575 1057 2806 1126 justum
2840 1062 2894 1111 et
2926 1058 3240 1127 injustum,
3292 1058 3492 1129 fasque
3542 1076 3647 1115 ne-

1996 1142 2202 1212 fasque
2261 1145 2645 1199 confundunt.
2701 1147 3071 1200 Attestantur
3119 1160 3253 1201 vero
3310 1146 3646 1217 imperiales

1996 1232 2450 1288 constitutiones
2507 1233 2857 1301 absurdum,
2912 1233 3029 1288 imo
3087 1251 3216 1290 esse
3265 1236 3644 1306 opprobrium

1995 1320 2244 1389 clericis,
2279 1321 2329 1376 si
2372 1322 2593 1393 peritos
2642 1339 2702 1377 se
2750 1339 2879 1378 esse
2925 1322 3107 1377 velint
3154 1324 3645 1395 disceptationum

1994 1410 2348 1477 forensium;
2382 1411 2720 1482 bujusmodi
2757 1416 3139 1467 temeratores
3169 1414 3420 1483 graviter
3442 1414 3647 1468 ferien-

1995 1499 2100 1554 dos
2131 1498 2453 1570 apostolica
2483 1500 2829 1555 auctoritate
2862 1500 3378 1572 deeernimus.lpsi
3412 1518 3646 1573 quoque

1993 1588 2255 1661 neglecta
2286 1589 2611 1644 animarum
2662 1606 2803 1644 cura
2853 1589 3221 1660 propositum
3271 1590 3497 1645 ordinis
3548 1591 3642 1645 sui

1994 1675 2331 1732 nullatenus
2390 1678 2781 1745 attendentes,
2824 1694 2928 1749 pro
2986 1678 3337 1733 detestanda
3395 1679 3645 1749 pecunia

1991 1766 2300 1821 sanitatem
2349 1766 2712 1836 pollicentes,
2763 1765 3157 1821 humanorum
3218 1783 3531 1838 corporum
3581 1782 3644 1822 se

1990 1854 2211 1909 faciunt
2238 1859 2558 1909 curatores.
2592 1857 2852 1925 Cumque
2885 1854 3219 1925 impudicus
3271 1854 3477 1910 oculus
3528 1856 3641 1909 im-

1988 1941 2186 2013 pudici
2213 1942 2403 1998 cordis
2434 1942 2510 1997 sit
2538 1943 2803 2009 nuntius,
2838 1942 2939 1997 illa
2970 1943 3040 1999 de
3070 1943 3281 2013 quibus
3314 1942 3474 2014 loqui
3508 1960 3639 2015 per-

1987 2030 2245 2085 timescit
2273 2031 2573 2101 honestas,
2625 2049 2739 2087 non
2786 2032 2957 2086 debet
3005 2030 3209 2102 religio
3260 2035 3633 2102 pertractare.

1987 2119 2059 2174 Ut
2090 2135 2226 2192 ergo
2258 2120 2622 2176 monasticus
2645 2125 2702 2175 et
2732 2119 3050 2175 canonicus
3082 2121 3194 2176 Deo
3226 2120 3461 2192 placens
3491 2121 3633 2177 ordo

1982 2208 2043 2264 in
2073 2213 2276 2265 sancto
2308 2210 2605 2282 proposito
2654 2208 3066 2265 inviolabiliter
3112 2213 3507 2276 conservetur,
3560 2225 3634 2263 ne

1982 2297 2091 2353 hoc
2152 2297 2398 2353 ulterius
2457 2302 2865 2368 prasumatur,
2910 2297 3227 2369 apostolica
3284 2298 3628 2353 auctoritate

1981 2386 2413 2442 interdicimus.
2433 2386 2703 2457 Episcopi
2736 2392 2929 2441 autem
2964 2390 3018 2441 et
3048 2386 3287 2441 abbates
3317 2390 3373 2441 et
3405 2385 3626 2457 priores

1980 2478 2153 2529 tanta
2181 2475 2515 2530 enormitati
2547 2476 2981 2530 consentientes
3012 2478 3069 2529 et
3098 2491 3211 2529 non
3245 2474 3627 2547 corrigentes,

1979 2562 2233 2634 propriis
2263 2563 2589 2618 honoribus
2620 2562 2937 2632 priventur,
2957 2566 3013 2618 et
3043 2580 3076 2618 a
3105 2562 3412 2618 liminibus
3444 2562 3627 2617 Eccle-

1977 2650 2075 2707 sia
2108 2655 2504 2706 coerceantur.

2064 2795 2196 2851 CAP.
2231 2794 2440 2851 CXLV.
2474 2796 2712 2851 Decimae
2740 2812 2775 2849 a
2807 2795 2971 2850 laicis
3002 2810 3111 2851 non
3135 2794 3544 2866 possideantur.

2604 2913 2840 2981 Gregor.
2876 2910 2990 2966 VII.

2048 3052 2159 3120 (t6,
2193 3067 2249 3123 q.
2280 3052 2334 3118 7,
2362 3068 2411 3106 c.
2447 3050 2737 3123 Decimas.)
2772 3051 3038 3108 Decimas
3072 3068 3305 3124 quoque
3350 3053 3627 3109 ecclesia-

1975 3157 2106 3195 rum
2140 3156 2284 3211 quas
2317 3139 2374 3194 in
2400 3157 2571 3196 usum
2608 3140 2840 3211 pietatis
2863 3157 3172 3197 concessas
3204 3158 3335 3198 esse
3354 3142 3633 3197 canonica

1972 3230 2339 3285 demonstrat
2366 3230 2743 3295 auctoritas,a
2764 3228 2929 3284 laicis
2962 3231 3249 3299 possideri
3282 3231 3632 3286 auctoritate

1971 3317 2291 3390 apostolica
2322 3318 2726 3388 prohibemus.
2760 3318 2893 3373 Sive
2922 3318 3075 3373 enim
3109 3320 3179 3373 ab
3213 3318 3627 3389 episeopis,vel

1972 3424 2005 3461 a
2034 3407 2273 3477 regibus
2304 3406 2391 3459 vel
2423 3404 2785 3474 quibuslibet
2812 3407 3079 3475 personis
3126 3422 3225 3461 eas
3273 3408 3625 3477 acceperint,

1973 3494 2087 3548 nisi
2116 3492 2386 3548 Ecclesia
2419 3492 2874 3560 reddiderint,se
2903 3492 3192 3565 sacrilegii
3216 3493 3436 3549 crimen
3470 3512 3625 3549 com-

1973 3583 2225 3647 mittere,
2258 3587 2315 3636 et
2345 3580 2669 3652 periculum
2703 3586 2931 3638 aterna
2979 3582 3375 3638 damnationis
3423 3584 3623 3638 incur-

1972 3687 2097 3726 rere
2116 3670 2321 3726 sciant.
2346 3670 2727 3741 Pracipimus
2760 3674 2825 3725 ut
2845 3670 3022 3725 etiam
3044 3670 3173 3726 laici
3198 3671 3298 3743 qui
3330 3670 3622 3727 Ecclesiae

1972 3764 2191 3825 tenent,
2225 3763 2326 3813 aut
2354 3774 2452 3813 eas
2479 3757 2772 3829 episcopis
2804 3758 3141 3825 restituant,
3165 3764 3264 3814 aut
3286 3775 3617 3815 excommu-

1971 3847 2284 3903 nicationis
2315 3848 2680 3917 subjaeeant.

2565 3989 2836 4044 CAPITUL.
2880 3989 3019 4046 VIII.

1968 4098 2103 4153 CAP.
2138 4095 2375 4167 CXLVI.
2405 4096 2603 4151 Nullus
2634 4097 2691 4149 in
2723 4097 3101 4166 praposilum,
3133 4096 3217 4151 vel
3256 4096 3618 4167 archiepisco-

2037 4186 2191 4240 pum,
2248 4166 2341 4223 vel
2399 4167 2980 4240 archipresbyterum,_
3016 4168 3096 4222 vel
3149 4166 3619 4239 archidiacbnum,

2038 4238 2156 4296 nisi
2180 4240 2462 4311 presbyter
2486 4239 2565 4293 vel
2595 4238 2859 4296 diacOnus
2882 4238 3189 4295 ordinetur.

2040 4373 2208 4445 (Dist.
2241 4374 2332 4442 60,
2388 4389 2437 4428 c.
2495 4374 2867 4441 lnnovamus.)
2916 4372 3267 4427 lnnovamus
3317 4375 3516 4428 autem
3564 4375 3622 4428 et

1972 4462 2344 4536 pracipimus
2378 4466 2443 4516 ut
2473 4462 2673 4516 nullus
2705 4462 2762 4516 in
2798 4460 3277 4517 archidiaconum
3311 4460 3395 4516 vel
3447 4462 3619 4517 deca-

1973 4568 2116 4607 num
2149 4550 2263 4607 nisi
2295 4551 2578 4606 diaconus
2609 4550 2697 4604 vel
2728 4550 3033 4621 presbyter
3063 4550 3386 4606 ordinetur.
3416 4550 3618 4607 Archi-

1971 4641 2257 4697 diaconus
2287 4656 2442 4709 vero,
2476 4638 2561 4692 vel
2596 4640 2825 4704 decani,
2858 4638 2946 4693 vel
2979 4639 3299 4710 prapositi,
3333 4639 3434 4711 qui
3464 4640 3619 4695 infra

1972 4731 2207 4787 ordines
2239 4729 2697 4802 pranominatos
2727 4728 3067 4796 existunt,si
3099 4728 3499 4785 inobedientes
3532 4746 3620 4784 or-

1971 4821 2160 4876 dinari
2192 4818 2653 4889 contempserint
2702 4817 2922 4873 honore
2972 4822 3243 4889 suscepto
3292 4818 3615 4888 priventur.

1974 4909 2354 4966 Prohibemus
2386 4908 2561 4962 etiam
2597 4922 2667 4961 ne
2701 4905 3169 4962 adolescentibus
3202 4905 3288 4961 vel
3330 4905 3481 4959 infra
3530 4922 3618 4959 sa-

1970 5016 2099 5055 cros
2129 4997 2365 5053 ordines
2397 4995 2735 5067 positis,sed
2763 4995 2862 5066 qui
2894 4995 3176 5067 pudicitia
3204 4998 3262 5048 et
3294 4993 3499 5047 merito
3530 4992 3618 5057 vi,-

1968 5092 2037 5143 ta
2070 5086 2420 5152 clarescunt,
2447 5083 2706 5156 praedicti
2738 5085 3136 5139 concedantur
3167 5082 3439 5137 honores.
3469 5082 3617 5136 Pra-

1968 5176 2222 5250 cipimus
2253 5179 2318 5230 ut
2348 5173 2758 5246 unusquisque
2804 5174 3176 5229 sacerdotum
3226 5171 3319 5227 cui
3365 5170 3617 5228 facultas

1968 5267 2064 5333 sit,
2084 5266 2263 5322 unius
2290 5268 2599 5319 contentus
2629 5264 2705 5319 sit
2734 5261 3010 5328 ecclesia;
3032 5260 3407 5332 pracipimus
3437 5260 3612 5315 etiam

1966 5362 2033 5413 ut
2062 5370 2427 5427 unaquaque
2456 5352 2721 5417 ecclesia,
2757 5350 2807 5406 si
2843 5348 3090 5405 facultas
3140 5349 3424 5421 suppetit,
3476 5364 3613 5420 pro-

1966 5445 2159 5518 prium
2193 5444 2405 5500 habeat
2435 5441 2819 5498 sacerdotem.
