3986 6048
386 201 524 258 1343

973 321 1236 378 CAPITUL.
1257 283 1428 375 lVIIl.

373 437 507 492 CAP'
539 431 798 490 CXLVII.
833 429 1038 485 Statuit
1073 434 1331 496 tempora
1375 435 1713 498 treugarum,
1745 435 1797 482 et
1840 443 2026 498 poenas

441 504 810 561 violantium.
852 503 915 556 Et
933 514 1186 572 personae
1205 501 1295 554 hic
1314 497 1623 556 numerata:
1649 497 1849 570 plena
1867 514 2024 554 secu-

445 580 610 633 ritate
637 575 876 643 gaudent
907 583 1152 643 tempore
1178 587 1414 641 guerrw.

446 681 617 754 (Dist.
648 682 738 750 60,
773 678 943 745 ibid.;
978 678 1150 732 Extra
1181 677 1262 732 De
1294 685 1492 746 treug.,
1525 680 1614 730 etc
1648 717 1660 730 .
1696 675 1757 730 Si
1785 675 1950 746 quis.)

448 804 823 876 Praecipimus
847 801 1021 858 etiam
1048 805 1114 856 ut
1137 799 1702 873 presbyteri,clerici,
1726 798 2020 867 monachi,

378 894 1046 967 peregrini,mercatores
1076 895 1136 945 et
1167 889 1367 946 rustici
1397 895 1604 944 euntes
1631 893 1689 943 et
1720 889 2024 943 redeuntes

377 985 435 1039 in
463 981 825 1054 agricultura
853 980 1192 1049 existentes,
1225 983 1283 1034 et
1314 977 1586 1034 animalia
1621 994 1753 1032 cum
1805 978 2022 1049 quibus

376 1075 575 1128 aratur
603 1075 661 1126 et
691 1069 913 1125 semina
944 1072 1180 1139 portant
1210 1068 1280 1121 ad
1311 1083 1540 1138 agrum,
1573 1070 1629 1122 et
1677 1081 1812 1122 oves
1860 1066 2020 1121 omni

373 1166 636 1232 tempore
666 1175 879 1214 securae
920 1157 1058 1213 sint.
1107 1156 1394 1228 Treugam
1444 1159 1639 1211 autem
1690 1156 1762 1211 ab
1811 1172 2020 1211 occasu

373 1249 515 1306 solis
548 1250 606 1304 in
638 1251 849 1321 quarta
880 1248 1045 1317 feria,
1083 1262 1268 1318 usque
1301 1245 1370 1300 ad
1405 1249 1596 1300 ortum
1628 1244 1769 1300 solis
1819 1245 1875 1298 in
1927 1260 2021 1300 se-

372 1339 564 1396 cunda
596 1338 758 1407 feria,
788 1340 845 1391 et
874 1337 944 1392 ab
975 1337 1239 1392 Adventu
1272 1333 1502 1390 Domini
1533 1351 1718 1406 usque
1756 1334 1827 1389 ad
1879 1334 2021 1404 Epi-

375 1427 606 1501 phanize
638 1429 984 1492 octavam,et
1015 1442 1047 1480 a
1077 1423 1520 1496 Septuagesima
1551 1439 1738 1494 usque
1769 1422 1838 1476 ad
1873 1427 2024 1477 octa-

371 1533 502 1572 vam
536 1518 906 1571 Pentecostes
935 1512 1009 1568 ab
1040 1511 1316 1567 omnibus
1347 1509 1758 1566 inviolabiliter
1803 1509 2019 1564 servari

375 1604 764 1679 pracipimus.
793 1603 849 1657 Si
876 1603 1009 1673 quis
1031 1605 1225 1656 autem
1249 1605 1514 1670 treugam
1541 1600 1807 1671 frangere
1831 1602 2020 1653 tenta—

374 1691 914 1764 verit,anathemati
949 1691 1272 1761 subjaceat,
1297 1694 1354 1744 et
1385 1688 1586 1744 nullus
1615 1688 2021 1760 episcoporum
2055 1687 2101 1752 Β

373 1783 544 1839 illum
575 1781 872 1838 absolvere
904 1783 1243 1852 praesumat,
1277 1779 1389 1834 nisi
1423 1778 1628 1833 mortis
1676 1777 2022 1832 imminente

373 1870 660 1943 periculo,
682 1871 868 1926 donec
898 1867 1216 1941 apostolico
1249 1866 1583 1938 conspectui
1617 1870 2022 1938 praesentetur,

374 1966 432 2016 et
459 1961 589 2032 ejus
622 1959 966 2014 mandatum
1001 1956 1304 2028 suscipiat.
1339 1955 1504 2022 Quod
1537 1955 1584 2010 si
1635 1956 1768 2026 quis
1817 1971 2020 2010 eorum

376 2053 644 2104 mortuus
688 2045 884 2112 fuerit,
936 2045 1208 2117 quamvis
1258 2045 1308 2099 ei
1340 2044 1603 2116 poscenti
1637 2049 1694 2098 et
1723 2044 2022 2115 pmnitenti

375 2136 655 2192 viaticum
692 2152 806 2190 non
841 2137 1107 2205 negetur,
1143 2132 1540 2189 ecclesiastica
1587 2137 1782 2188 tamen
1833 2140 2026 2188 careat

377 2224 701 2297 sepultura.
728 2223 779 2277 Si
807 2224 939 2294 quis
963 2227 1156 2278 autem
1183 2228 1444 2292 treugam
1472 2221 1736 2292 frangere
1763 2225 2025 2277 tentave-

375 2314 614 2385 rit,post
634 2311 864 2366 tertiam
889 2310 1427 2381 commonitionem,
1447 2309 1494 2365 si
1519 2327 1628 2364 non
1655 2310 2024 2379 satisfecerit,

377 2401 690 2474 episcopus
720 2417 866 2455 suus
899 2399 1248 2455 sententiam
1294 2399 1915 2455 excommunicationis
1965 2399 2023 2455 in

375 2507 513 2547 cum
547 2490 745 2560 dictet,
777 2493 835 2545 et
865 2489 1143 2561 scriptam
1177 2487 1384 2544 vicinis
1436 2487 1726 2560 episcopis
1775 2489 2024 2546 nuntiet.

374 2578 796 2652 Episcoporum
841 2582 1038 2633 autem
1093 2577 1294 2632 nullus
1342 2577 1914 2634 excommunicatum
1964 2579 2026 2634 in

375 2667 971 2725 communicationem
1005 2666 1308 2737 suscipiat,
1329 2665 1446 2720 imo
1478 2665 1757 2737 scriptam
1785 2671 2026 2722 senten-

378 2757 520 2812 tiam
553 2757 803 2828 quisque
834 2755 1160 2811 conﬁrmet.
1191 2755 1251 2810 Si
1284 2755 1420 2827 quis
1445 2758 1641 2811 autem
1672 2754 1783 2811 hoc
1814 2755 2026 2811 violare

379 2845 844 2918 prtesumpserit,
871 2843 1093 2900 ordinis
1129 2843 1221 2899 sui
1271 2843 1528 2916 periculo
1572 2843 1920 2915 subjacebit,
1970 2848 2028 2900 et

379 2935 654 3008 quoniam
684 2935 974 3006 funiculus
1005 2934 1213 3004 triplex
1235 2933 1469 3005 difﬁcile
1498 2935 1777 3006 rumpitur
1823 2934 2022 3004 (Eccle.

379 3026 478 3095 ιν),
507 3023 882 3095 praecipimus
912 3026 977 3078 ut
1005 3021 1284 3094 episcopi,
1311 3023 1382 3078 ad
1417 3021 1606 3078 solum
1643 3027 1820 3078 Deum
1849 3027 1905 3079 et
1933 3040 2024 3078 sa-

376 3113 556 3168 lutem
581 3113 780 3184 populi
805 3112 1086 3166 habentes
1110 3111 1624 3182 respectum,omni
1643 3112 2028 3184 trepidatione

375 3201 642 3272 deposita
671 3201 741 3256 ad
769 3215 969 3272 pacem
1000 3194 1243 3254 ﬁrmiter
1275 3201 1587 3255 tenendam
1616 3205 1887 3256 mutuum
1913 3200 2026 3254 sibi

376 3289 684 3344 consilium
725 3293 784 3344 et
833 3287 1115 3343 auxilium
1169 3288 1485 3359 praebeant,
1537 3303 1728 3358 neque
1778 3288 2028 3358 alicujus

377 3376 638 3433 amicitia
667 3375 753 3432 vel
785 3376 918 3432 odio
950 3375 1396 3448 paetermittant,
1427 3374 1515 3430 vcl
1547 3375 1597 3431 si
1629 3375 1762 3448 quis
1811 3375 1870 3430 in
1921 3375 2030 3433 hoc

380 3466 475 3520 Dei
509 3481 682 3537 opere
713 3465 978 3536 trepidus
1016 3463 1288 3521 inventus
1321 3465 1512 3535 fuerit,
1562 3465 1843 3520 damnum
1894 3482 2028 3536 pro-

381 3554 518 3626 pria
548 3552 854 3626 dignitatis
885 3553 1168 3609 incurrat.

1003 3687 1270 3742 CAPI'rUL.
1305 3687 1405 3742 IX.

382 3795 512 3849 CAP.
546 3793 826 3850 CXLVIII.
861 3793 1098 3847 Militum
1125 3792 1396 3848 nundinae
1420 3793 1490 3848 ad
1532 3809 1668 3865 quas
1720 3810 1788 3849 ea
1836 3795 2030 3850 condi-

452 3873 534 3920 cto
564 3865 790 3920 veniunt
818 3866 1087 3919 certaturi
1112 3865 1182 3918 ad
1211 3867 1632 3920 ostentationem
1664 3866 1870 3922 virium
1896 3883 2029 3922 sua-

452 3952 578 3991 rum
605 3938 971 3992 damnantur.

459 4059 839 4116 Detestabiles
860 4063 1056 4116 autem
1079 4059 1213 4115 illas
1235 4059 1533 4114 nundinas
1564 4059 1622 4114 in
1655 4060 1868 4130 quibus
1891 4061 2034 4117 mili-

383 4153 472 4204 tes
503 4165 569 4204 ex
596 4149 865 4204 condicto
897 4148 1206 4204 convenire
1234 4149 1445 4218 solent,
1478 4153 1535 4203 et
1565 4149 1635 4204 ad
1685 4151 2030 4206 ostentatio-

384 4252 518 4292 nem
542 4237 753 4292 virium
779 4254 1018 4293 suarum
1043 4242 1100 4293 et
1122 4237 1374 4292 audacia:
1400 4242 1618 4294 temere
1638 4239 2030 4310 congrediun-

383 4329 499 4391 tur,
533 4327 689 4382 unde
715 4331 934 4382 mortes
964 4326 1270 4382 hominum
1303 4334 1356 4380 et
1385 4326 1720 4382 animarum
1775 4328 2033 4400 pericula

1017 201 1086 252 D.
1126 197 1369 254 IVONIS
1404 196 1904 252 CARNOTENSIS
1940 196 2259 253 EPISCOPI
2296 200 2694 257 PANOBMIA.
2726 233 2795 244 --
2829 208 2960 260 LIB.
2999 207 3148 262 VIII.

3653 211 3802 266 1344

2053 323 2108 388 Α
2139 322 2483 380 imminente
2510 325 2794 399 periculo)
2844 330 3030 386 donec
3077 333 3400 404 apostolico
3447 341 3805 408 conspectui

2137 417 2545 485 prasentetur,
2578 420 2634 472 et
2662 418 2790 487 ejus
2821 421 3170 477 mandatum
3199 424 3510 496 suscipiat.

2760 541 3026 599 CAPITUL.
3063 549 3159 600 XI.

2339 630 2470 684 CAP.
2504 628 2614 686 CL.
2646 632 2814 688 Nemo
2838 633 2906 688 ab
2937 635 3159 690 ecclesia
3201 636 3579 694 abstrahatur.

2205 734 2316 805 (17,
2351 752 2406 806 q.
2443 735 2495 804 4,
2529 753 2578 807 c,
2613 739 2914 809 Deﬁnivit.)
2945 741 3327 814 Praecipimus
3356 745 3531 802 etiam
3574 751 3643 802 ut
3691 763 3802 803 eos

2133 823 2235 893 qui
2266 823 2324 878 in
2355 825 2661 881 ecclesiam
2693 827 2781 882 vel
2816 829 2874 883 in
2920 832 3320 887 casmeterium
3371 836 3803 906 confugerunt,

2134 911 2334 968 nullus
2364 916 2603 971 omnino
2637 932 2878 973 manum
2916 919 3233 976 immittere
3262 924 3492 980 audeat.
3526 925 3698 989 Quod
3750 927 3806 981 si

2133 1001 2352 1072 fecerit,
2384 1004 2946 1062 excommunicetur.

2753 1113 3007 1173 CAPITUL.
3046 1114 3165 1170 XII.

2132 1194 2266 1252 CAP.
2300 1196 2429 1276 CLI.
2483 1199 2725 1255 Ecclesia
2777 1203 2874 1276 Dei
2913 1204 2982 1258 ad
3029 1207 3120 1259 sui
3166 1209 3435 1276 regimen,
3485 1209 3792 1276 sapientes,

2345 1269 2597 1326 honestos
2627 1276 2678 1325 et
2709 1275 2991 1344 religiosos
3019 1269 3269 1345 exposcit
3295 1269 3563 1335 homines:

2203 1375 2604 1432 Indubitatum
2638 1382 2747 1449 est,
2779 1381 2917 1451 quia
2944 1382 3180 1438 ordines
3207 1383 3616 1454 ecclesiastici,
3651 1405 3797 1442 sau-

2132 1463 2324 1532 guinis
2358 1481 2472 1520 non
2507 1473 2666 1530 sunt,
2700 1469 2801 1522 sed
2837 1471 3062 1538 meriti;
3099 1476 3156 1526 et
3207 1473 3463 1529 Ecclesia
3516 1474 3620 1530 Dei
3674 1492 3792 1530 non

2131 1552 2647 1626 hazreditariojure
2668 1555 2920 1628 aliquem
2948 1561 3273 1616 secundum
3303 1579 3535 1618 carnem
3559 1581 3798 1620 succes-

2132 1659 2318 1698 sorem
2351 1648 2661 1715 exspectat,
2695 1646 2795 1700 sed
2829 1648 2898 1702 ad
2934 1648 3023 1702 sui
3058 1649 3315 1720 regimen
3347 1655 3404 1706 et
3452 1652 3790 1708 officiorum

2131 1747 2373 1787 suorum
2407 1733 2908 1803 dispensationem
2951 1736 3229 1794 honestas
3278 1743 3335 1795 et
3382 1741 3687 1812 sapientes
3736 1747 3796 1798 et

2129 1820 2434 1892 religiosas
2466 1838 2743 1894 personas
2771 1825 3052 1896 exposcit.

2132 1929 2265 1984 CAP.
2306 1929 2462 1986 CLII.
2514 1933 3079 2007 Quodecctcsiastica
3129 1937 3386 2007 beneﬁcia
3431 1955 3541 1995 non
3584 1939 3788 1995 debent

2520 2005 2652 2074 jure
2682 2004 3039 2062 haereditario
3069 2004 3371 2065 vindicari.

2622 2095 2996 2150 Innocentius
3030 2113 3179 2168 papa
3210 2098 3277 2153 II.

2205 2197 2280 2267 (8,
2333 2213 2390 2269 q.
2447 2199 2498 2263 1,
2546 2215 2594 2256 c.
2646 2201 3002 2272 Apostolica.)
3045 2203 3380 2275 Apostolica
3437 2207 3790 2262 auctoritate

2134 2286 2518 2360 prohibemus
2549 2305 2620 2344 ne
2650 2288 2782 2361 quis
2812 2290 3111 2362 ecclesias,
3143 2295 3508 2364 praebendas,
3560 2314 3788 2370 praepo-

2135 2376 2373 2443 situras,
2408 2377 2682 2448 capellas,
2735 2384 2837 2433 aut
2881 2379 3080 2452 aliqua
3126 2381 3524 2440 ecclesiastica
3570 2386 3791 2452 officis,

2135 2463 2502 2520 hereditario
2527 2467 2660 2538 jure
2689 2466 2984 2523 vindicare
3014 2474 3114 2525 aut
3145 2472 3512 2544 expostulare
3560 2491 3792 2546 praesu-

2137 2558 2278 2609 mat.
2311 2553 2476 2617 Quod
2503 2554 2552 2609 si
2581 2554 2716 2625 quis
2768 2556 3070 2628 improbus
3113 2563 3215 2615 aut
3262 2561 3603 2618 ambitionis
3651 2581 3794 2620 reus

2135 2645 2421 2696 attentare
2453 2646 2790 2714 praesumat,
2825 2643 3022 2700 debita
3050 2661 3224 2715 pmna
3270 2647 3682 2717 mulctabitur,
3733 2655 3792 2705 et

2135 2728 2448 2803 postulatis
2478 2729 2717 2787 carebit.

2729 2837 2989 2895 CAPITUL.
3034 2839 3181 2897 XIII.

2134 2926 2265 2983 CAP.
2325 2924 2508 2982 CLIII.
2570 2926 3001 3006 Conjunctiones‘
3027 2933 3562 3006 consanguineorum
3594 2941 3645 2990 et
3696 2935 3794 3006 jus

2515 3001 2844 3054 canonicum
2873 3008 2925 3056 et
2950 3003 3112 3056 civile
3139 3001 3423 3059 damnant.

2209 3105 2358 3160 Sane
2415 3105 2861 3176 conjunctiones
2915 3109 3482 3180 consanguineorum
3546 3113 3792 3168 omnino

2137 3192 2888 3264 prohibemus,hujusmodi
2923 3213 3178 3268 namque
3210 3198 3640 3271 incestus,quia
3661 3203 3790 3272 jam

2137 3283 2276 3352 fere,
2307 3281 2652 3337 stimulante
2683 3284 2914 3355 generis
2945 3285 3188 3341 humani
3223 3286 3481 3354 inimico,
3515 3290 3574 3344 in
3609 3307 3787 3346 usum

2138 3387 2343 3427 versus
2370 3375 2479 3438 est,
2511 3375 2847 3428 sanctorum
2881 3373 3114 3430 Patrum
3165 3376 3432 3431 instituta
3478 3383 3536 3433 et
3587 3395 3790 3435 sacro-

2138 3465 2341 3516 sancta
2370 3459 2697 3516 detestatur
2723 3462 3002 3519 Ecclesia.
3039 3468 3218 3537 Leges
3250 3465 3423 3521 etiam
3456 3467 3654 3522 saeculi
3688 3469 3791 3524 tali

2139 3548 2522 3604 contubernio
2554 3554 2724 3606 natos
2754 3551 3003 3608 infames
3035 3555 3438 3627 pronuntiant,
3471 3560 3527 3612 et
3561 3557 3635 3612 ab
3674 3556 3790 3612 hae-

2138 3637 2384 3694 reditate
2414 3637 2726 3710 repellunt.

2732 3734 2993 3786 CAPITUL.
3039 3734 3188 3784 XIV.

2139 3815 2274 3871 CAP.
2307 3815 2486 3871 CLIV.
2517 3817 2710 3899 Domus
2738 3819 3055 3886 incendens,
3085 3823 3272 3899 gratia
3300 3822 3387 3876 vel
3431 3821 3556 3878 odio
3609 3823 3794 3880 alicu-

2618 3893 2736 3959 jus,
2767 3893 3294 3947 excommunicetur.
3399 3902 3404 3906 '

2208 3993 2321 4064 (23,
2355 4009 2410 4064 q.
2445 3995 2497 4059 8,
2529 4011 2578 4050 c.
2614 3995 2963 4068 Pessimam.)
3015 3998 3338 4054 Pessimam
3393 3999 3692 4071 siquidem
3745 4009 3801 4059 et

2139 4081 2493 4138 horrendam
2525 4083 2928 4140 incendiorum
2964 4087 3269 4156 malitiam,
3304 4089 3650 4146 auctoritate
3696 4092 3798 4148 Dei

2139 4174 2196 4226 et
2226 4171 2526 4226 beatorum
2566 4172 2716 4226 Petri
2747 4179 2803 4229 et
2831 4175 2996 4230 Pauli
3031 4175 3371 4232 omnimodo
3411 4177 3796 4250 detestamur,

2139 4263 2197 4314 et
2219 4259 2647 4326 interdicimus;
2670 4260 2791 4316 haec
2813 4263 3024 4318 etenim
3047 4263 3229 4334 pestis
3250 4271 3308 4320 et
3332 4266 3575 4322 vastitas
3607 4267 3798 4324 hosti-

2138 4346 2213 4402 lis
2279 4363 2486 4403 omnes
2555 4347 2700 4403 alias
2752 4350 3214 4422 depraedationes
3267 4359 3599 4426 exsuperat,
3668 4372 3797 4428 qua

381 4431 542 4514 ξαερῆ
590 4415 954 4514 Proveniant.
1006 4413 1349 4514 οξιξιξῖωοάο
1412 4415 1534 4514 fieri
1600 4415 2029 4514 interdicimus
2065 4420 2110 4485 D
2141 4441 2430 4506 quantum
2464 4437 2675 4508 populo
2708 4413 2917 4494 Deisit
2949 4441 3256 4510 damnosa,
3288 4446 3347 4497 et
3376 4413 3793 4514 quantum‘de-

383 4502 545 4565 Quod
578 4501 628 4556 si
659 4503 791 4571 quis
821 4519 1022 4558 eorum
1056 4503 1272 4558 ibidem
1306 4507 1574 4558 mortuus
1607 4503 2028 4576 fuerit,quam-

383 4589 470 4644 vis
501 4589 550 4644 ei
587 4591 848 4660 poscenti
881 4600 936 4646 et
967 4591 1272 4662 pmnitenti
1303 4591 1583 4647 viaticum
1617 4609 1731 4648 non
1764 4599 2029 4666 negetur,

383 4676 782 4735 ecclesiastica
811 4683 1011 4735 tamen
1044 4683 1239 4736 careat
1268 4679 1592 4752 sepultura.

1020 4840 1286 4897 CAPITUL.
1333 4845 1403 4897 Χ.

390 4945 522 5000 CAP.
557 4944 792 5001 CXLIX.
826 4946 938 5015 Qui
964 4943 1235 4999 clericum
1262 4949 1609 5016 percusserit,
1657 4954 2036 5008 excommuni-

457 5021 631 5087 cetur,
663 5027 714 5073 et
743 5034 856 5072 non
885 5019 997 5073 nisi
1026 5034 1060 5072 a
1091 5018 1330 5072 Romano
1358 5021 1612 5090 pontiﬁce
1639 5022 1979 5079 absolvatur.

457 5141 568 5210 (17,
603 5156 660 5211 q.
696 5141 746 5205 4,
782 5157 832 5194 c.
862 5143 922 5199 Si
953 5143 1075 5214 quis
1104 5141 1408 5213 suadente.)
1442 5143 1610 5210 Item,
1641 5143 1862 5216 placuit
1892 5151 1956 5203 ut
1989 5147 2038 5204 si

391 5228 549 5300 quis,
581 5230 869 5286 suadente
900 5231 1152 5301 diabolo,
1190 5231 1342 5286 hunc
1373 5232 1665 5305 sacrilegii
1698 5239 1922 5290 reatum
1954 5237 2040 5291 in-

390 5319 660 5388 currerit,
695 5319 850 5391 quod
875 5319 931 5374 in
957 5320 1233 5376 clericum
1258 5319 1344 5375 vel
1372 5321 1725 5376 monachum
1758 5323 2041 5382 violentas

2139 4525 2480 4580 trimentum
2517 4527 2834 4583 animabus
2864 4532 2920 4584 et
2950 4530 3294 4600 corporibus
3335 4531 3547 4587 inferat
3595 4533 3795 4590 nullus

2139 4612 2841 4688 ignorat.Assurgendum
2873 4623 2964 4672 est
2994 4617 3175 4690 igitur
3203 4624 3262 4675 et
3281 4621 3442 4676 omni
3493 4623 3663 4678 modo
3715 4623 3796 4679 la-

2143 4702 2494 4772 borandum,
2529 4708 2595 4758 ut
2627 4708 2790 4760 tanta
2820 4703 3015 4761 clades
3047 4710 3104 4761 et
3138 4711 3306 4764 tanta
3353 4709 3644 4780 pernicies
3693 4730 3796 4783 pro

2146 4791 2335 4847 salute
2359 4791 2553 4864 populi
2579 4793 2906 4849 eradicetur
2927 4800 2985 4850 et
3005 4795 3379 4868 exstirpetur.
3409 4797 3467 4852 Si
3493 4800 3629 4870 quis
3661 4817 3798 4874 ergo

2147 4883 2280 4953 post
2313 4879 2484 4950 hujus
2515 4886 2728 4937 nostrae
2773 4883 3213 4940 constitutionis
3265 4886 3797 4958 promulgationem

2148 4967 2303 5024 malo
2335 4970 2551 5038 studio,
2585 4971 2703 5028 sive
2735 4972 2889 5044 odio,
2925 4974 3045 5029 sive
3074 4973 3355 5043 vindicta,
3403 4975 3569 5047 ignes
3620 4995 3799 5052 appo-

2148 5057 2354 5124 suerit,
2387 5057 2471 5112 vel
2506 5061 2716 5132 apponi
2751 5061 2973 5126 fecerit,
3006 5066 3060 5117 et
3115 5063 3553 5135 appositoribus
3604 5069 3795 5123 consi-

2149 5150 2296 5206 lium
2328 5150 2582 5206 scienter
2611 5156 2668 5206 et
2698 5151 2982 5208 auxilium
3013 5153 3304 5220 tribuerit,
3336 5159 3802 5216 excommunice~

2149 5244 2280 5308 tur;
2313 5244 2370 5294 et
2399 5241 2447 5294 sl
2480 5239 2877 5297 incendiarius
2907 5247 3175 5299 mortuus
3207 5243 3802 5316 fuerit,ecclesiastica

2152 5332 2345 5385 careat
2375 5329 2810 5400 sepultura,nec
2833 5331 3169 5388 absolvatur
3190 5333 3302 5389 nisi
3327 5333 3492 5406 prius
3513 5337 3796 5394 damnum

390 5423 602 5463 manus
652 5407 942 5480 injscerit,
989 5409 1346 5465 anathemati
1398 5408 1720 5480 subiaceat,
1755 5416 1811 5467 et
1843 5413 2044 5472 nullus
2154 5418 2246 5474 cui
2279 5417 2502 5485 intulit,
2536 5421 2861 5476 secundum
2895 5421 3253 5490 facultatem,
3289 5423 3580 5495 restituat,
3633 5431 3692 5482 et
3738 5442 3800 5484 se

391 5495 798 5566 episcoporum
823 5497 1123 5555 absolvere
1144 5501 1460 5570 prtesumat
1486 5495 1676 5567 illum,
1701 5500 1814 5556 nisi
1839 5505 2046 5562 mortis
2154 5507 2402 5564 ulterius
2429 5508 2844 5578 emendaverit,
2876 5513 2985 5566 etc.
