3986 6048
178 165 331 226 1409

237 293 681 357 Metropolitanus
705 293 761 341 in
797 292 1119 357 suﬁ’raganei
1152 290 1430 352 provincia
1461 289 1597 338 nihil
1628 289 1831 352 absque

179 359 302 423 ejus
322 355 546 423 consilio
578 361 717 419 agat,
748 370 871 423 cap.
904 356 987 415 29,
1016 355 1107 423 lib.
1136 367 1204 404 iv.

241 414 901 470 Ministrorum‘confiissio
923 414 1032 466 non
1049 418 1117 465 sit
1145 418 1368 473 extorta,
1391 414 1482 464 sed
1506 417 1822 478 spontanca,

178 498 293 533 can.
329 486 435 533 H8.
466 484 558 531 lib.
588 495 656 531 iv.

282 520 293 530 .
329 498 349 530 ι
390 498 415 531 δ
466 498 558 531 iin.
588 498 656 531 iv.

242 498 663 607 Mettiopolitanis
684 547 736 607 et
756 539 1828 607 comprovincialibusiepiscpporumcau-

176 622 261 657 sas
284 602 465 656 audire
489 609 608 655 licet
628 606 720 653 sed
740 619 848 653 non
873 602 1115 659 deﬁnire,
1136 618 1251 664 cap.
1269 605 1377 660 134,
1396 604 1500 659 135,
1524 604 1631 663 136,
1652 602 1741 651 111).
1758 616 1825 652 ιγ.

240 670 299 718 In
333 670 729 717 matrimonium
762 670 1024 717 incestum
1055 668 1145 729 qui
1172 666 1513 722 contraxerit,
1551 671 1602 714 et
1635 665 1830 729 liberos

178 747 242 781 ex
268 731 435 795 priori
457 732 721 795 legitimos
752 744 857 795 non
893 727 1291 795 habuerit,__suis
1312 727 1756 795 privetur_bon_i_s,
1778 732 1831 776 et

179 790 282 845 dos
308 796 496 843 incesti
512 790 851 859 'matrimonii
884 793 1009 841 ﬁsco
1040 790 1359 859 vindicetur,
1397 805 1515 859 cap.
1547 790 1624 859 57,
1656 791 1745 859 lib.
1777 804 1829 839 γ.

244 860 413 905 Mores
444 857 684 905 diuturni
726 869 992 904 consensu
1031 852 1295 903 utentium
1331 852 1611 915 approbati
1654 854 1829 915 legem

180 921 472 984 imitantur,
493 932 622 984 cap.
653 918 732 977 59,
762 918 936 984 lib._v.
1258 976 1288 984 Α,
1350 975 1359 984 ,

245 975 629 1046 Μιιιεᾶὶοὶίοιιῖε)
648 975 965 1046 sententiam
984 992 1103 1046 cum
1122 975 1409 1046 sanctiviri
1428 975 1709 1046 proferunt
1722 988 1832 1024 non

178 1045 245 1093 ad
275 1045 413 1092 hanc
442 1058 505 1092 ex
537 1049 662 1092 voto
693 1042 932 1101 ultionis,
966 1042 1057 1091 sed
1091 1055 1153 1089 ex
1181 1040 1404 1103 justitiae
1435 1040 1679 1089 examine
1706 1052 1834 1101 pro-

178 1111 457 1168 rumpunt,
487 1121 600 1167 cap.
632 1105 710 1165 82,
743 1105 831 1154 lib.
864 1118 913 1152 γ.

242 1163 585 1218 Maledictum
617 1163 887 1229 Scriptura
917 1178 1068 1229 sacra
1095 1164 1307 1229 duobus
1350 1163 1522 1212 modis
1542 1167 1829 1229 memorat,

179 1231 327 1296 aliud
361 1232 505 1296 quod
535 1225 817 1296 approbat,
851 1234 902 1278 et
931 1227 1074 1296 aliud
1098 1227 1500 1296 quodndamnat,
1531 1225 1781 1296 ibidem.”

244 1290 511 1342 Miseratio
543 1290 837 1355 apostolica
867 1291 1084 1339 veniam
1119 1290 1258 1339 solet
1286 1293 1538 1352 praestare
1560 1290 1832 1348 correctis,

182 1370 300 1413 cap.
339 1356 445 1413 104,
480 1356 571 1404 lib.
604 1368 649 1403 γ.

289 1392 300 1403 .
399 1371 426 1402 -Ξ
560 1391 571 1402 .
638 1390 649 1402 .

247 1371 562 1467 glislei'a’biliii
584 1371 664 1465 eVst
688 1414 932 1468 insanire,
955 1415 997 1462 si
1019 1414 1160 1463 ﬁlius
1180 1417 1402 1475 patrem,
1420 1411 1711 1475 discipulus
1731 1426 1835 1461 ma-

181 1480 408 1552 gistrum
430 1479 529 1529 sibi
549 1483 773 1552 conetur
798 1478 1103 1552 subjugare,
1127 1474 1837 1552 etiniquispbligationibus

183 1538 331 1592 illum
356 1556 466 1592 sum
499 1539 747 1605 potestati
772 1538 1053 1605 subjicere,
1086 1553 1117 1587 a
1147 1552 1254 1601 quo
1276 1539 1567 1605 creditnon
1588 1538 1835 1605 solumip

184 1612 345 1661 terra,
382 1605 474 1655 sed
500 1600 579 1653 'in
614 1605 747 1653 caelo
798 1600 1057 1665 se'ligari
1105 1600 1262 1665 posse
1312 1606 1361 1651 et
1395 1601 1544 1658 solvi,
1577 1614 1695 1663 cap.
1726 1600 1833 1660 108,

183 1669 274 1718 lib.
311 1682 358 1716 γ.

249 1729 471 1780 Mortuis
488 1727 884 1777 communicare
904 1738 1012 1774 non
1026 1738 1311 1785 possumus
1323 1724 1519 1788 quibus
1533 1724 1839 1775 viventibus

186 1806 299 1842 non
331 1791 864 1849 communicavimus,
897 1802 1010 1849 cap.
1046 1790 1132 1836 118
1166 1792 1217 1836 et
1250 1787 1357 1846 136,
1387 1787 1478 1836 lib.
1507 1801 1557 1835 γ.

250 1854 647 1903 Matrimonium
680 1857 759 1901 est
788 1853 885 1899 viri
925 1851 1270 1913 mulierisque
1304 1850 1614 1913 conjunctio
1644 1849 1838 1898 indivi-

186 1918 347 1967 duam
380 1918 502 1965 vitae
532 1913 976 1964 consuetudinem
1011 1911 1313 1969 continens,
1345 1911 1460 1974 ca'p.
1498 1916 1543 1970 1,
1581 1911 1672 1960 lib.
1703 1925 1773 1961 VI.

251 1980 329 2045 Ad
352 1977 748 2045 matrimonium
778 1990 883 2045 non
903 1976 1135 2045 pertinet
1151 1974 1241 2023 illa
1258 1975 1448 2045 mulier
1460 1988 1585 2045 pum
1602 1988 1706 2036 qua
1729 1988 1837 2024 non

191 2042 492 2092 celebratur
519 2041 758 2104 nuptiale
791 2037 1165 2104 ministerium,
1198 2052 1313 2099 cap.
1350 2039 1425 2104 23,
1456 2037 1548 2104 lib.
1580 2051 1652 2084 γι.

252 2098 849 2164 Matrimonio'legitimo
868 2101 1166 2164 copulatur,
1186 2114 1305 2162 quin
1326 2098 1442 2149 viro
1465 2098 1684 2149 habenti
1706 2112 1837 2149 con-

194 2166 448 2216 cubinam
482 2163 723 2224 traditur,
756 2179 872 2226 cap.
904 2164 982 2220 35,
1013 2163 1103 2212 lib.
1138 2176 1206 2226 vi.

255 2229 652 2279 Matrimonium
683 2224 978 2290 legitimum
1009 2230 1106 2287 est,
1136 2224 1281 2275 inter
1308 2224 1553 2275 libertam
1586 2228 1638 2274 et
1666 2229 1839 2289 patro-

192 2305 344 2349 num,
376 2305 492 2352 cap.
524 2293 601 2346 31,
637 2291 728 2338 lib.
759 2303 825 2338 γι.

255 2348 652 2401 Matrimonium
687 2350 1001 2398 contrahere
1032 2348 1156 2397 licet
1185 2363 1357 2409 servo,
1391 2363 1506 2411 cap.
1534 2349 1613 2404 38.
1648 2349 1737 2398 lib.
1769 2364 1835 2399 γι.

189 2441 255 2452 -
285 2415 463 2464 Manet
482 2416 622 2463 inter
644 2426 826 2461 servos
847 2424 981 2474 quos
1002 2411 1250 2460 dominus
1271 2425 1454 2460 eorum
1482 2411 1839 2475 conjunxerit,

195 2492 305 2526 uno
335 2491 518 2526 eorum
551 2476 734 2536 libero,
760 2480 946 2538 postea
977 2477 1029 2522 et
1059 2475 1227 2523 altero
1257 2487 1408 2523 servo
1427 2481 1699 2535 manente,
1722 2489 1838 2537 cap.

189 2540 251 2589 39
282 2544 334 2589 et
366 2541 441 2595 10,
477 2540 573 2588 lib.
606 2553 669 2588 γι.

254 2603 594 2651 Matrimonia
625 2612 902 2648 servorum
946 2595 1184 2661 legitime
1224 2597 1379 2655 facta,
1423 2612 1605 2648 eorum
1637 2596 1841 2647 domini

189 2678 301 2714 non
339 2668 563 2727 possunt
593 2664 858 2717 dirimere,
892 2674 1006 2771 cap.
1034 2662 1113 2715 40,
1146 2660 1231 2709 lib.
1264 2673 1333 2709 γι.

255 2727 653 2771 Matrimonium
675 2730 753 2771 est
772 2725 909 2771 inter
923 2724 955 2771 li
997 2736 1147 2771 erum
1167 2731 1218 2771 et
1232 2737 1333 2771 anc

255 2722 653 2775 Matrimonium
675 2730 753 2772 est
772 2725 909 2772 inter
923 2722 1147 2771 liberum
1167 2731 1218 2771 et
1232 2722 1479 2771 ancillam
1500 2736 1658 2785 quam
1676 2724 1841 2772 scive-

190 2795 274 2837 rat
298 2803 412 2837 esse
448 2789 624 2847 talem,
660 2792 711 2835 et
729 2785 1146 2848 collaudaverat,
1179 2800 1294 2848 cap.
1317 2787 1393 2846 41,
1423 2786 1514 2834 lib.
1545 2798 1614 2835 γι.
1636 2812 1694 2820 -
1722 2786 1840 2835 Non

192 2856 272 2900 est
304 2853 445 2900 inter
475 2850 707 2899 liberum
742 2847 1017 2896 hominem
1064 2861 1155 2895 seu
1189 2847 1484 2911 ingenuum
1516 2852 1567 2896 et
1592 2848 1839 2897 ancillam

192 2928 354 2976 quam
382 2912 682 2962 nesciverat
704 2925 819 2959 esse
839 2912 1015 2976 talem,
1036 2910 1078 2976 si
1101 2924 1215 2958 eam
1236 2910 1499 2959 redimere
1518 2924 1625 2959 non
1650 2916 1837 2972 potest,

191 2972 400 3024 ibidem.
420 3002 477 3010 —
499 2976 586 3023 Est
605 2975 747 3022 inter
767 2972 1045 3035 mulierem
1065 2973 1349 3031 ingenuam
1372 2978 1423 3022 et
1445 2986 1657 3021 servum
1679 2987 1839 3035 quem

193 3037 400 3086 sciebat
420 3052 532 3086 esse
556 3038 736 3097 talem,
756 3049 872 3097 cap.
894 3036 971 3093 42,
996 3034 1086 3097 lib.
1109 3046 1176 3082 γι.
1197 3060 1261 3071 -
1280 3035 1487 3084 Inducit
1508 3034 1840 3084 consuetudo

195 3104 260 3149 ad
292 3101 513 3148 liberam
546 3096 838 3152 mulierem,
873 3111 989 3158 cap.
1023 3096 1103 3155 48,
1132 3097 1221 3145 lib.
1252 3111 1320 3147 γι.

257 3163 622 3211 Meretricibus
651 3162 771 3208 licet
800 3157 1075 3221 meliOrem
1100 3160 1258 3208 vitam
1292 3157 1484 3221 eligere
1520 3160 1726 3208 etiamsi
1752 3160 1839 3221 ju-

195 3224 433 3333 is'gvelant
454 3239 508 3273 se
531 3226 583 3271 in
602 3223 688 3272 tali
709 3224 939 3285 pessima
959 3220 1291 3284 professione
1305 3236 1703 3285 permansurae,
1722 3220 1839 3286 cap.

259 3322 271 3333 .
329 3300 341 3333 ι
391 3323 399 3330 .
434 3300 499 3333 γι.

194 3288 271 3340 58,
310 3288 399 3333 lib.
434 3300 499 3333 γι.

195 3348 504 3458 l_bMeretrix
541 3351 621 3396 est
649 3359 768 3410 quin
817 3345 1105 3394 multorum
1137 3349 1281 3409 patet
1328 3345 1559 3405 libidini,
1613 3363 1730 3411 cap.
1761 3352 1838 3405 68,

212 3425 225 3457 i
272 3446 283 3457 .
315 3424 381 3458 vi.

212 3424 283 3458 ID.
315 3424 381 3458 γι.

259 3472 454 3520 Matres
484 3469 865 3533 qucetutelam
908 3468 1137 3516 ﬁliorum
1187 3469 1385 3517 habere
1428 3470 1618 3533 volunt
1659 3469 1844 3533 jurent

194 3537 343 3597 prius
379 3547 432 3580 se
457 3531 522 3580 ad
556 3532 692 3597 alias
718 3531 932 3597 nuptias
958 3543 1065 3597 non
1094 3536 1367 3584 venturas,
1399 3543 1514 3597 cap.
1547 3531 1747 3597 69,ﬁ_lib.
1773 3546 1840 3580 γι.

262 3598 453 3643 Matres
482 3607 600 3655 quas
630 3593 729 3639 alia
760 3592 1105 3655 matrimonia!
1124 3597 1330 3653 optant,
1380 3595 1570 3641 tutelas
1612 3593 1843 3642 ﬁliorum

197 3652 573 3706 administrare
608 3668 716 3702 non
745 3654 962 3710 debent,
993 3652 1202 3701 ibidem.

259 3720 448 3770 Mulier
478 3717 570 3766 illa
601 3717 813 3764 infamis
844 3714 959 3772 erit,
988 3729 1107 3778 quae
1142 3720 1350 3765 mortuo
1382 3716 1571 3765 marito
1602 3717 1841 3766 nondum

196 3782 374 3830 annali
402 3782 573 3844 spatio
605 3784 834 3844 peracto,
869 3778 933 3844 ad
971 3778 1233 3844 secundas
1250 3779 1439 3844 transit
1460 3780 1691 3844 unptias,
1724 3795 1843 3842 cap.

193 3844 274 3904 70,
308 3844 397 3893 lib.
427 3839 489 3891 γι.
516 3870 573 3878 -
595 3842 721 3899 Quae
745 3855 805 3888 ex
832 3839 996 3902 priori
1026 3842 1216 3889 marito
1242 3840 1377 3889 ﬁlios
1399 3854 1507 3889 non
1534 3839 1711 3900 habet,
1733 3839 1844 3891 non

195 3908 296 3955 erit
326 3905 545 3954 infamis
577 3906 735 3951 etiam
768 3904 826 3971 ei.
859 3904 1097 3971 secundo
1127 3904 1311 3971 nubat2
1338 3904 1580 3952 nondum
1619 3910 1843 3971 peracto

195 3983 338 4016 anno
363 3973 481 4029 post
503 3970 727 4029 mortem
750 3965 959 4029 prioris,
984 3965 1409 4024 ibidem—Quae
1432 3967 1669 4029 secundo
1691 3967 1847 4016 nubit

195 4027 487 4093 privilegiis
523 4027 714 4093 prioris
743 4028 1050 4093 maritinon
1074 4032 1279 4093 utatur,
1314 4042 1428 4093 cap.
1451 4028 1530 4083 71,
1569 4028 1661 4077 lib.
1694 4043 1846 4078 vi.—

196 4043 487 4093 priviiegiis
523 4043 714 4092 prioris
743 4043 917 4075 mariti
941 4043 1050 4075 non
1082 4043 1279 4084 utatur,
1314 4043 1428 4138 cap
1461 4043 1530 4083 ιι,
1569 4043 1661 4077 iin.
1694 4043 1763 4078 vi.
1784 4054 1845 4065 —

196 4093 324 4158 Quae
347 4092 566 4158 tutelam
592 4090 822 4158 ﬁlipriim
843 4089 1020 4158 habet,
1044 4089 1170 4158 si‘ad
1192 4104 1351 4158 secun
1398 4104 1455 4139 as
1471 4094 1686 4153 nuptias
1708 4097 1845 4140 tran-

196 4157 299 4204 sire
335 4154 461 4208 vult,
488 4152 637 4216 prius
659 4152 777 4199 ﬁliis
796 4154 917 4216 suis
940 4152 1310 4216 impuberibus
1340 4152 1570 4216 tutorem
1604 4159 1770 4216 petat,
1793 4159 1846 4203 et

195 4214 676 4279 administrationis
705 4215 967 4262 rationem
1008 4214 1215 4279 reddat,
1252 4221 1308 4279 _et
1338 4215 1585 4279 debitum
1607 4214 1667 4263 ‘si
1699 4216 1842 4279 quod

194 4280 397 4328 habent
419 4278 704 4342 persolvat,
728 4281 780 4342 et
798 4280 981 4342 postea
998 4277 1166 4342 nubat
1180 4276 1265 4342 cui
1282 4277 1422 4335 velit,
1438 4292 1551 4339 cap.
1570 4278 1650 4342 72,
1664 4276 1754 4326 lib.
1774 4293 1840 4327 γι.

259 4337 533 4389 Mulierem
558 4338 648 4402 qui
674 4337 834 4386 velari
858 4339 1176 4400 permiserit,
1196 4340 1349 4388 aliam
1368 4354 1475 4389 non
1492 4337 1737 4402 accipiat,
1750 4348 1842 4390 sed

194 4402 440 4451 similiter
460 4406 826 4457 convertatur,
862 4415 975 4463 cap.
1012 4403 1089 4463 82,
1122 4402 1211 4450 lib.
1248 4416 1314 4450 γι.

256 4466 444 4515 Mulier
464 4478 583 4527 qua:
605 4466 719 4511 viro
741 4477 839 4527 suo
862 4462 1293 4527 infcaptivitatem
1321 4464 1499 4527 ducto,
1522 4464 1624 4512 alio
1649 4478 1843 4527 nupse-

194 4533 291 4586 rat,
326 4525 625 4576 revertente
656 4525 816 4586 priori
860 4525 935 4572 illi
974 4528 1269 4587 copuletur,
1302 4539 1413 4586 cap.
1446 4526 1523 4582 86,
1558 4528 1645 4576 lib.
1679 4525 1748 4577 vi.
1782 4553 1846 4565 —-

194 4592 324 4649 Quae
348 4590 437 4638 alii
460 4586 707 4651 nupserit
730 4592 926 4649 putans
939 4586 1112 4651 virum
1134 4603 1290 4637 suum
1316 4590 1369 4636 in
1393 4588 1531 4651 bello
1553 4594 1841 4646 mortuum,

194 4648 283 4701 illo
316 4648 596 4711 redeunte,
626 4651 689 4697 ad
724 4648 844 4712 eum
870 4648 1078 4712 cogitur
1109 4652 1298 4707 redire,
1334 4666 1446 4712 cap.
1484 4650 1561 4705 87,
1595 4654 1652 4699 88
1685 4656 1737 4699 et
1765 4655 1841 4709 89,

193 4714 287 4764 lib.
307 4729 372 4763 vt.
391 4741 449 4749 —
464 4710 1148 4774 Nec’culpabilisjudicetur
1168 4718 1211 4760 et
1235 4710 1518 4775 antequam
1539 4713 1693 4762 alieni
1708 4714 1845 4775 juris

190 4790 452 4839 pervasor
482 4776 762 4839 habeatur,
789 4776 879 4835 qui
900 4787 1182 4839 personam
1199 4775 1402 4839 iniejus
1424 4776 1597 4823 mariti
1625 4778 1713 4838 qui
1731 4777 1843 4839 jam

192 4836 302 4888 non
321 4853 435 4887 esse
458 4836 1153 4897 aestimabaturmssumpsit,
1167 4836 1843 4887 ibidem—Dimittendum

193 4906 246 4950 et
274 4898 599 4962 inculpabile
624 4898 976 4962 judicandum
1000 4903 1080 4947 est
1100 4900 1240 4962 quod
1264 4901 1553 4949 necessitas
1574 4900 1769 4958 intulit,
1793 4906 1845 4951 et

188 4960 582 5013 restituendum
614 4960 755 5023 quod
790 4960 921 5009 ﬁdes
949 4960 1140 5022 poscit,
1174 4961 1388 5011 ibidem.

254 5025 352 5082 Qui
388 5024 787 5074 matrimonium
812 5024 930 5071 sani
952 5027 1335 5073 contraxerunt
1365 5025 1431 5073 ob
1453 5023 1675 5072 multam
1699 5023 1844 5072 inﬁr-

194 5087 430 5154 mitatem
447 5092 535 5154 aut
553 5086 1401 5154 niembroniimpbtruncationem
1416 5100 1601 5136 eorum
1618 5092 1845 5149 possunt

191 5150 326 5198 solvi
358 5150 624 5211 conjugis,
659 5162 774 5211 cap.
807 5151 882 5203 93,
924 5148 1015 5196 lib.
1046 5162 1115 5211 vi.

255 5212 440 5259 Mulier
457 5208 640 5259 'ﬁdelis
668 5210 871 5258 habens
888 5211 1061 5273 Avirum
1087 5210 1369 5273 inﬁdelem,
1394 5216 1446 5261 et
1466 5208 1554 5259 hic
1575 5211 1843 5273 consentit

190 5273 431 5322 habitare
460 5287 579 5321 cum
608 5272 713 5329 illa,
739 5285 845 5320 non
870 5271 1103 5335 dimittat
1136 5274 1301 5330 illum,
1336 5271 1449 5335 cap.
1474 5276 1554 5326 94.
1585 5272 1675 5320 111).
1708 5286 1776 5335 vi.

255 5336 418 5384 Multa
433 5341 560 5384 sunt
578 5335 823 5384 facienda
839 5347 947 5383 non
965 5334 1189 5397 jubente
1212 5337 1343 5397 lege,
1366 5334 1461 5385 sed
1483 5334 1656 5384 libera
1675 5334 1842 5383 chari-

187 5401 315 5461 tate,
342 5403 393 5447 et
410 5398 592 5446 eadem
626 5397 836 5461 suntin
866 5398 1063 5461 nostris
1093 5397 1282 5446 officiis
1304 5399 1560 5461 gratiora,
1576 5410 1838 5461 quaecum

188 5410 315 5453 tate,
342 5410 393 5447 et
410 5410 592 5446 eadem
626 5410 751 5445 sunt
781 5410 836 5443 in
866 5410 1063 5445 nostris
1093 5410 1282 5446 cinciis
1304 5410 1552 5461 gratiora,
1578 5410 1695 5507 quae
1720 5410 1838 5445 cum

188 5459 373 5527 liceret
392 5461 556 5527 pubis
594 5473 705 5508 non
754 5458 1081 5527 impepdere,
1119 5465 1298 5509 tamen
1332 5474 1491 5509 causa
1534 5460 1586 5507 di
1613 5458 1840 5508 actionis

187 5522 569 5584 impendimus,
601 5536 715 5583 cap.
748 5520 858 5577 100,
892 5520 984 5569 lib.
1016 5535 1082 5569 γι.

251 5582 645 5634 Matrimonium
667 5582 935 5633 consensu
955 5584 1305 5641 contrahitur,
1327 5598 1424 5633 nec
1445 5582 1740 5632 invalidum
1762 5583 1839 5642 ﬁt,

190 5648 319 5711 quia
344 5647 679 5711 consuetudo
708 5645 900 5711 patriai
924 5659 1034 5711 non
1066 5652 1323 5711 servatur,
1356 5661 1473 5709 cap.
1507 5646 1617 5707 102,
1647 5645 1737 5695 lib.
1772 5660 1835 5696 γι.

250 5711 332 5760 Ad
364 5708 765 5761 matrimonium
787 5708 983 5759 sufﬁcit
1004 5709 1146 5759 solus
1175 5724 1361 5760 eorum
1390 5708 1684 5759 censensus
1704 5722 1835 5772 quo-

1427 157 1668 218 INDEX
1708 158 1785 216 ΙΝ
1835 155 2333 218 PANORMIAM.

3437 171 3595 230 1410

1941 301 2059 359 rum
2092 287 2157 337 de
2207 290 2681 359 coniunctionibus
2717 292 3045 359 _agitur,_qui
3090 294 3235 359 solus
3264 295 3309 344 si
3341 297 3597 359 defuerit,

1940 354 2343 462 pgpei‘labompia
2363 366 2485 401 cum
2508 354 2624 415 ipso
2647 354 2790 404 coitu
2813 354 3079 406 celebrata
3104 357 3446 420 frustrantur,
3475 354 3593 425 cap:

2040 450 2051 474 ,
2091 449 2182 461 ...η
2223 449 2285 462 τ..

2003 475 2548 550 Matrimonium‘non
2582 478 2707 550 facit
2736 480 2926 550 coitus,
2956 481 3047 531 sed
3079 483 3345 543 voluntas,
3369 485 3597 550 Chryso-

1941 542 2115 601 stomo
2153 552 2349 599 magno
2380 545 2664 589 attestante
2689 555 2701 601 ;
2731 542 2937 589 ibidem.

1942 600 2492 711 rblnvmatrimonium
2516 604 2667 652 nulla
2690 600 2864 652 invita
2884 608 2963 653 est
2990 607 3309 669 copulanda,
3345 624 3458 672 cap.
3486 612 3594 673 109,

1962 677 1975 710 ι
2022 698 2033 708 .
2101 678 2134 711 ι.

1962 677 2033 711 ll).
2067 677 2134 711 γι.

2005 723 2406 774 Matrimonium
2438 739 2555 790 non
2582 731 2679 783 est,
2714 726 2757 775 si
2786 729 2904 790 quis
2929 742 3049 777 cum
3083 745 3237 781 serva
3267 737 3597 784 contraxerit

1942 800 2098 850 quam
2140 790 2361 849 putabat
2402 803 2517 852 esse
2547 789 2783 850 liberam,
2807 789 2933 852 'cap.
2970 796 3075 848 110,
3109 792 3200 842 lib.
3239 808 3312 843 vi.
3338 822 3401 832 —
3428 798 3596 846 Vitiat

1943 849 2092 913 error
2121 849 2463 907 conditionis,
2497 866 2610 913 cap.
2653 849 2892 912 110,7lib.
2916 869 2985 903 γι.

2004 911 2252 961 Maritum
2273 914 2364 975 qui
2382 911 2599 976 propter
2614 911 3035 965 imbecillitatem
3055 919 3355 968 naturalem
3375 921 3438 969 ad
3459 921 3595 970 duos

1945 975 2231 1042 continuos
2248 989 2420 1024 annos
2432 990 2550 1024 cum
2565 991 2734 1042 uxore
2751 977 2896 1028 coire
2915 993 3023 1030 non
3044 981 3197 1036 valet,
3215 988 3388 1042 potest
3404 984 3596 1033 mulier

1945 1037 2250 1098 repudiare,
2284 1052 2397 1099 cap.
2425 1042 2531 1099 113,
2562 1039 2652 1087 lib.
2686 1053 2752 1088 γι.

2009 1099 2200 1148 Mulier
2227 1113 2345 1161 quia
2373 1102 2658 1164 conjuncta
2688 1101 3030 1152 matrimonio
3062 1105 3253 1165 probat
3282 1106 3455 1155 virum
3483 1122 3591 1156 nou

1945 1174 2511 1274 ppsssetsfiggppfcere
2541 1166 2839 1223 carnaliter,
2871 1167 3097 1229 accipiat
3133 1168 3315 1225 alium,
3347 1184 3461 1232 cap.
3488 1174 3592 1225 111.

2075 1238 2101 1272 e
2251 1260 2263 1274 .
2319 1240 2330 1272 ι
2375 1261 2387 1272 .
2422 1240 2487 1274 γι.

1948 1228 2037 1274 115
2075 1229 2126 1272 et
2158 1229 2263 1280 118,
2297 1228 2387 1273 lib.
2422 1240 2487 1274 γι.

2008 1286 2282 1353 Maleﬁciis
2306 1287 2574 1353 impeditis
2596 1302 2662 1336 ne
2694 1289 2835 1353 coire
2858 1291 3065 1352 possint
3085 1292 3437 1353 orationibus,
3463 1295 3593 1343 elec-

1948 1350 2188 1412 mosynis
2221 1357 2273 1398 et
2313 1350 2537 1412 jejuniis
2578 1350 2974 1401 suveniendum
3005 1359 3101 1411 est,
3134 1361 3185 1402 et
3216 1368 3326 1403 non
3356 1350 3593 1407 maleﬁca

1948 1417 2080 1467 arte,
2117 1425 2233 1473 cap.
2266 1412 2373 1470 111,
2409 1414 2498 1461 lib.
2530 1426 2598 1460 Vl.

2010 1475 2198 1538 Mulier
2227 1475 2267 1538 si
2300 1476 2427 1524 dicit
2459 1477 2601 1538 quod
2627 1475 2712 1538 vir
2733 1489 2837 1524 non
2867 1477 3060 1525 coisset
3079 1492 3200 1526 cum
3225 1493 3307 1538 ea,
3339 1484 3393 1528 et
3423 1481 3500 1529 vir
3521 1482 3595 1531 ait

1947 1536 2089 1605 quod
2109 1537 2205 1605 sic,
2224 1535 2280 1584 in
2311 1535 2536 1605 veritate
2558 1535 2657 1585 viri
2680 1539 2955 1601 consistat,
2977 1539 3105 1603 quia
3125 1542 3204 1590 vir
3227 1535 3388 1605 caput
3409 1545 3596 1595 mulie-

1946 1601 2019 1647 ris
2052 1603 2149 1659 est,
2184 1613 2301 1661 cap.
2341 1600 2445 1659 119,
2481 1600 2573 1647 lib.
2606 1614 2676 1648 γι.

2009 1663 2342 1771 βέεἷβέτίοεω
2374 1661 2463 1726 qui
2494 1665 2703 1721 retinet,
2737 1664 2918 1713 fatuus
2943 1668 2995 1713 et
3026 1663 3263 1729 injustus
3292 1671 3388 1724 est,
3422 1682 3538 1732 cap.
3566 1669 3597 1718 7

2056 1759 2070 1771 .
2123 1738 2137 1771 ι
2183 1738 2305 1771 .νιι.

1948 1731 2001 1772 et
2025 1731 2070 1780 8,
2104 1731 2193 1771 lib.
2221 1738 2305 1772 γιι.

2009 1786 2123 1852 Non
2144 1787 2514 1852 mmchaberis,
2531 1787 2582 1835 id
2596 1790 2675 1835 est
2686 1801 2752 1852 ne
2765 1789 3044 1852 quisquam
3058 1795 3177 1852 post
3190 1792 3593 1843 matrimonium

1948 1848 2611 1960 gliipifepguis'misceatur
2640 1850 2707 1898 ad
2737 1848 3375 1914 eiplendam'libidinem,
3394 1870 3509 1919 cap.
3534 1860 3593 1907 23

2030 1945 2039 1957 .
2094 1948 2106 1960 .
2159 1926 2171 1959 i
2216 1948 2227 1958 .
2261 1926 2306 1960 γι
2336 1948 2349 1960 .

1949 1917 2002 1959 et
2030 1917 2106 1960 51.
2140 1917 2227 1960 lib.
2261 1924 2349 1960 γιι.

2373 1978 2453 2022 est
2480 1973 2618 2023 facta
2647 1975 2712 2024 ad
2744 1975 3034 2039 imaginem
3068 1978 3180 2037 Dei,
3211 1977 3304 2027 sed
3352 1981 3451 2039 vir,
3478 1995 3596 2043 cap.

2015 2073 2027 2090 ,
2061 2050 2149 2085 ιιι).
2179 2050 2264 2085 γιι.

2012 2097 2204 2165 Mulier
2220 2098 2459 2165 subjecta
2479 2103 2558 2147 est
2571 2099 2690 2165 _viro
2712 2100 2766 2147 in
2788 2100 3057 2157 omnibus,
3075 2114 3174 2165 nec
3194 2100 3384 2151 docere
3406 2108 3596 2165 potest,

1951 2174 2048 2225 nec
2075 2162 2231 2210 ﬁdem
2262 2160 2407 2218 dare,
2439 2175 2538 2209 nec
2560 2160 2826 2223 judicare,
2860 2177 2976 2225 cap.
3007 2167 3084 2224 49,
3107 2163 3198 2211 lib.
3231 2177 3320 2213 γι).
3342 2160 3598 2215 -Ὄθὺθι

1950 2224 2125 2289 velare
2147 2229 2306 2289 caput
2327 2237 2499 2279 suum,
2519 2225 2643 2289 quia
2664 2238 2773 2289 non
2796 2228 2875 2273 est
2894 2224 3069 2289 imago
3096 2227 3199 2283 Dei,
3228 2228 3319 2275 sed
3343 2232 3400 2277 ut
3422 2234 3597 2277 osten-

1951 2287 2109 2335 datur
2139 2286 2395 2348 subjecta,
2427 2300 2540 2344 cap.
2572 2286 2649 2342 51,
2682 2286 2773 2336 lib.
2808 2301 2893 2336 vii.

2015 2350 2109 2411 Per
2140 2351 2413 2398 mulierem
2446 2348 2693 2396 inchoata
2727 2353 2810 2398 est
2838 2349 3224 2411 praevaricatio,
3253 2350 3462 2401 ibidem.

2012 2410 2236 2461 Mortem
2267 2426 2374 2459 non
2400 2416 2478 2458 est
2505 2417 2748 2459 nostrum
2770 2410 3032 2473 accipere,
3057 2414 3147 2461 sed
3173 2413 3369 2463 illatam
3390 2415 3455 2464 ab
3480 2416 3597 2464 aliis

1952 2472 2183 2521 libenter
2213 2474 2478 2534 excipere,
2508 2487 2628 2534 cap.
2661 2476 2705 2529 3,
2738 2476 2829 2521 lib.
2868 2472 2972 2523 viil.

2015 2534 2200 2584 Mortis
2238 2535 2504 2584 sententia
2549 2538 2674 2590 lata,
2704 2537 3035 2585 exsecutioni
3078 2550 3186 2585 non
3223 2538 3462 2588 tradatur
3492 2539 3595 2588 nisi

1954 2604 2076 2660 post
2102 2600 2319 2660 triginta
2348 2600 2478 2657 dies,
2507 2612 2624 2660 cap.
2659 2602 2732 2653 10,
2767 2599 2857 2647 lib.
2890 2612 3003 2648 γιιι.

2013 2660 2312 2709 Misericors
2333 2674 2440 2707 non
2465 2666 2560 2721 est,
2583 2662 2670 2722 qui
2693 2662 2832 2709 vitiis
2854 2661 3153 2710 nutriendis
3174 2662 3342 2724 parcit
3363 2667 3413 2711 et
3436 2664 3597 2724 favet,

1951 2735 2019 2771 ne
2051 2725 2306 2787 consistet
2334 2724 2673 2787 peccantium
2704 2724 3052 2787 voluntatem,
3086 2739 3200 2787 cap.
3241 2725 3312 2785 15,
3346 2726 3436 2773 lib.
3479 2741 3591 2775 γιιι.

2014 2784 2245 2849 Militare
2272 2783 2379 2849 non
2412 2783 2683 2849 prohibuit
2711 2786 2904 2848 quibus
2948 2783 3221 2849 propritim
3267 2783 3593 2849 stipendium

1952 2848 2195 2896 sufﬁcere
2221 2847 2414 2896 debere
2450 2846 2859 2909 praecepitfcap.
2893 2846 2969 2904 42,
3004 2846 3079 2903 45,
3110 2848 3200 2896 lib.
3232 2846 3347 2899 γιιι.

2011 2909 2182 2979 Malos
2210 2911 2302 2973 qui
2332 2909 2560 2979 percutit
2588 2912 2641 2958 in
2673 2924 2737 2958 eo
2767 2912 2907 2974 quod
2930 2912 3055 2960 mali
3076 2917 3202 2960 sunt
3230 2912 3471 2961 minister
3491 2914 3594 2963 Do-

1952 2972 2080 3020 mini
2113 2978 2208 3033 est,
2228 2972 2355 3033 ’cap.
2392 2976 2467 3027 51,
2500 2972 2593 3020 lib.
2624 2986 2736 3021 γιιι.

2015 3035 2236 3083 Militare
2260 3048 2367 3082 non
2389 3040 2470 3083 est
2484 3036 2752 3099 delictum,
2772 3034 2863 3083 sed
2881 3038 3096 3098 propter
3112 3035 3349 3099 praedam
3366 3035 3592 3086 militare

1951 3103 2228 3159 peccatum
2261 3102 2355 3157 est,
2388 3111 2503 3158 cap.
2536 3096 2614 3153 60,
2648 3096 2740 3145 lib.
2770 3111 2886 3145 γιιι.

2014 3158 2366 3208 Militantibus
2383 3159 2625 3221 quadam
2643 3159 3045 3221 suntstipendia
3062 3160 3366 3219 constituta,
3382 3174 3448 3210 ne
3467 3162 3593 3209 dum

1953 3230 2198 3284 sumptus
2222 3220 2496 3283 quaeritur,
2530 3224 2713 3280 praeda
2742 3220 3030 3283 grassetur,
3058 3222 3269 3271 ibidem.

2013 3286 2283 3341 Militibus,
2307 3286 2708 3345 protectoribus,
2734 3287 3043 3346 cunctisque
3062 3286 3358 3333 rectoribus
3376 3284 3597 3347 quicun-

1953 3360 2055 3407 que
2104 3349 2202 3394 sibi
2251 3347 2517 3407 stipendia
2572 3347 2782 3406 publice
2816 3347 3032 3407 decreta
3077 3349 3442 3407 consequitur,
3486 3347 3600 3396 haec

1952 3405 2775 3471 Joannisnseiitentiapotestdici,
2791 3405 3059 3454 neminem
3072 3405 3407 3471 concutiatis,
3424 3422 3598 3471 neque

1954 3469 2282 3579 caluuépialnti)
2298 3468 2519 3528 faciatis;
2537 3469 2629 3516 sed
2648 3471 2886 3517 contenti
2905 3474 3070 3518 estote
3090 3470 3372 3532 stipendiis
3392 3468 3596 3529 vestiis,

1954 3545 2069 3579 can.
2165 3567 2177 3579 .
2227 3546 2243 3578 ι
2291 3544 2448 3578 ,γιιι.

1954 3545 2069 3587 cap.
2101 3536 2177 3587 60,
2210 3529 2301 3579 lib.
2334 3544 2448 3578 viii.

2058 3567 2069 3578 .
2101 3545 2158 3580 ou
2210 3545 2301 3579 ιιι).
2334 3545 2448 3578 γιιι.

2016 3545 2089 3641 Ba
2112 3567 2393 3658 Am’agorum
2425 3592 2709 3658 priestigiis
2738 3605 2803 3640 an
2841 3606 2965 3641 vera
2994 3592 3116 3654 sint,
3148 3593 3230 3643 vel
3257 3594 3598 3658 phantastica

1952 3669 2071 3719 quae
2102 3654 2321 3709 faciunt,
2355 3654 2576 3719 cap.“65,
2616 3654 2706 3703 lib.
2738 3669 2855 3719 viii.

2016 3720 2232 3779 Magicis
2262 3714 2544 3783 prasstigiis
2573 3730 2691 3783 quas
2737 3717 2888 3783 ﬁunt,
2908 3714 3104 3783 potius
3134 3717 3412 3780 ﬁnguntur
3440 3733 3599 3783 quam

1955 3778 2138 3829 eorum
2171 3780 2392 3827 veritate
2424 3781 2810 3840 compleantur,
2842 3778 3052 3827 ibidem.

2015 3842 2156 3905 Magi
2186 3847 2312 3890 sunt
2332 3842 2421 3902 qui
2442 3843 2599 3905 vulgo
2622 3841 2846 3905 maleﬁci
2871 3842 2938 3905 Ofb
2962 3842 3259 3905 facinorum
3283 3843 3603 3905 magnitudi-

1956 3919 2076 3953 nem
2104 3882 2507 3965 ziniuncupdntur,
2534 3882 2747 3951 libidem.
2793 3930 2851 3940 —
2886 3902 3153 3952 Permissu
3194 3903 3307 3959 Dei.
3341 3882 3603 3955 cfementa

1956 3966 2287 4027 concutiunt,
2324 3967 2541 4014 turbant
2576 3972 2779 4014 mentes
2818 3966 3095 4015 hominum
3127 3967 3304 4015 minus
3328 3968 3601 4016 conﬁden-

1956 4029 2090 4078 tium
2125 4030 2175 4077 in
2203 4032 2306 4077 Deo
2337 4042 2398 4076 ac
2418 4042 2535 4075 sine
2558 4028 2664 4075 ullo
2684 4029 2878 4077 veneni
2902 4029 3094 4077 haustu
3118 4030 3371 4078 violentia
3391 4034 3601 4079 tantum

1956 4091 2207 4141 carminis
2238 4092 2569 4145 interimunt,
2600 4090 2811 4139 ibidem.
2838 4116 2903 4126 —
2931 4092 3273 4140 [)aamonibus
3308 4092 3486 4140 accitis
3515 4107 3603 4140 au-

1956 4155 2089 4203 dent
2113 4154 2368 4203 ventilare
2395 4159 2451 4201 ut
2483 4166 2832 4214 quoscunque
2857 4167 2983 4201 suos
3014 4154 3277 4215 perimant
3304 4154 3459 4203 malis
3482 4154 3603 4203 arti-

1956 4218 2058 4267 bus
2090 4215 2352 4275 inimicos,
2384 4215 2592 4262 ibidem.
2621 4239 2684 4251 —
2712 4215 2986 4278 Sanguine
3018 4221 3259 4275 utuntur,
3293 4222 3341 4264 et
3372 4215 3604 4266 victimis

1958 4293 2100 4341 saepe
2131 4279 2451 4340 contingunt
2481 4291 2704 4341 corpora
2729 4283 3082 4339 mortuorum,
3111 4293 3225 4341 cap.
3253 4278 3333 4333 65,
3364 4279 3455 4327 lib.
3486 4293 3600 4328 γιιι.

2020 4295 2029 4327 Β
2072 4295 2100 4328 8
2131 4295 2451 4340 οοΠῑιῠευιιι
2481 4295 2704 4338 corpora
2729 4295 3082 4339 mortuorum,
3111 4295 3225 4341 cap.
3253 4295 3333 4333 Οἱ),
3366 4295 3455 4327 ιιι).
3486 4295 3600 4328 γιιι.

2020 4295 2147 4398 (gum
2177 4354 2449 4404 magorum
2475 4338 2925 4404 praestigiisﬁunt
2954 4355 3061 4389 non
3095 4355 3219 4389 vera
3248 4343 3338 4389 sed
3371 4341 3605 4404 phanta-

1959 4404 2091 4452 stica
2123 4418 2237 4452 esse
2272 4401 2584 4464 probantur,
2614 4415 2727 4463 cap.
2764 4402 2841 4459 67,
2868 4403 2955 4451 lib.
2988 4418 3101 4452 γιιι.

2019 4463 2295 4527 Magorum
2318 4463 2579 4527 portentis
2611 4478 2704 4526 per
2729 4466 3039 4527 daemonum
3075 4464 3333 4512 fallaciam
3364 4463 3605 4515 illuditur

1959 4525 2235 4577 curiositas
2250 4525 2483 4590 humana
2495 4525 2711 4590 quando
2725 4525 2775 4573 id
2794 4528 3161 4590 imprudenter
3176 4533 3435 4590 appetunt
3447 4527 3600 4586 scire,

1958 4592 2101 4649 quod
2133 4591 2283 4639 nulla
2315 4586 2525 4638 ratione
2551 4586 2627 4637 eis
2658 4586 2911 4650 competit
2933 4586 3273 4650 investigare,
3304 4588 3513 4638 ibidem.
3538 4616 3604 4627 —

1956 4656 2019 4703 Et
2054 4656 2173 4702 ideo
2198 4656 2356 4714 datur
2384 4655 2618 4713 potestas
2640 4651 2930 4699 immundis
2950 4651 3225 4713 spiritibus
3248 4655 3304 4699 ut
3324 4666 3604 4714 perversos

1956 4718 2055 4765 sibi
2085 4720 2313 4777 captent,
2338 4713 2437 4778 hoc
2458 4718 2557 4772 est,
2579 4727 2772 4774 pravos
2795 4714 3038 4762 homines
3066 4713 3343 4778 seducant,
3367 4715 3485 4764 illos
3507 4716 3601 4778 qui

1954 4776 2216 4841 spernunt
2242 4777 2517 4841 veritatem
2552 4780 2605 4823 et
2633 4778 2857 4841 credunt
2887 4778 3181 4841 mendacio,
3210 4776 3423 4827 ibidem.

2016 4842 2227 4901 Stryges
2239 4838 2487 4887 mulieres
2498 4836 2778 4902 nocturnis
2795 4837 3134 4888 illusionibus
3154 4845 3401 4902 putantes
3419 4844 3471 4889 et
3483 4852 3600 4901 pro-

1954 4900 2164 4951 ﬁtentes
2184 4916 2238 4949 se
2260 4902 2537 4962 equitare,
2558 4903 2611 4948 et
2632 4900 2794 4952 multa
2818 4907 2977 4950 noctu
2996 4900 3254 4951 terrarum
3277 4902 3446 4961 spatia
3474 4900 3599 4962 per-

1952 4965 2198 5025 transire,
2230 4964 2556 5025 damnantur
2585 4967 2637 5011 et
2665 4969 2997 5023 execrantur,
3020 4979 3134 5024 cap.
3167 4963 3243 5017 75,
3262 4965 3338 5017 76,
3364 4962 3457 5011 lib.
3479 4977 3596 5010 viii.

1952 5053 2015 5063 —
2033 5024 2321 5075 Innumera
2343 5024 2628 5073 multitudo
2657 5025 2757 5074 hac
2786 5026 2917 5075 falsa
2947 5027 3199 5087 opinione
3217 5026 3460 5085 decepta,
3484 5025 3599 5075 hinc

1956 5104 2076 5138 vera
2097 5103 2210 5138 esse
2231 5087 2473 5143 credunt,
2498 5092 2551 5135 et
2571 5089 2834 5137 credendo
2866 5103 2896 5136 a
2918 5086 3060 5135 recta
3082 5087 3183 5134 ﬁde
3214 5086 3447 5147 deviant,
3471 5092 3521 5135 et
3545 5089 3597 5136 in

1952 5166 2185 5200 errorem
2206 5163 2537 5213 paganorum
2557 5149 2930 5207 devolvuntur,
2947 5163 3065 5213 cum
3084 5148 3284 5209 aliquid
3303 5148 3600 5213 divinitatis

1952 5223 2043 5262 aut
2071 5211 2310 5262 numinis
2340 5218 2489 5261 extra
2528 5226 2692 5260 unum
2726 5214 2889 5260 Deum
2922 5212 3263 5269 arbitrantur,
3293 5211 3503 5259 ibidem.
3535 5238 3598 5249 —

1951 5277 2266 5326 Sacerdotes
2316 5288 2410 5337 per
2450 5275 2704 5324 ecclesias
2733 5274 2832 5322 sibi
2882 5272 3194 5337 commissas
3223 5273 3420 5337 populo
3447 5276 3595 5337 omni

1952 5339 2209 5388 instantia
2228 5335 2517 5400 praedicare
2536 5338 2749 5400 debent,
2772 5341 2829 5383 ut
2859 5336 3108 5400 noverint
3131 5336 3244 5400 haec
3265 5335 3447 5400 omnia
3464 5336 3601 5400 falsa

1953 5415 2085 5458 esse,
2109 5406 2160 5450 et
2188 5396 2297 5450 non
2328 5414 2358 5448 a
2387 5399 2586 5461 divino,
2617 5396 2717 5461 sed
2748 5411 2778 5444 a
2807 5398 3039 5461 maligno
3062 5397 3250 5461 spiritu
3285 5396 3414 5447 talia
3432 5399 3602 5461 phan-

1951 5468 2181 5513 tasmata
2206 5462 2474 5513 mentibus
2503 5459 2800 5522 inﬁdelium
2831 5458 3073 5522 irrogari,
3096 5458 3311 5511 ibidem.

2013 5526 2201 5577 Mulier
2218 5526 2463 5581 inﬁdelis,
2479 5536 2541 5569 cu
2553 5535 2599 5568 m
2620 5520 2763 5569 solus
2779 5520 2997 5586 spiritus
3014 5522 3113 5571 hoc
3128 5523 3343 5586 patitur,
3358 5521 3474 5572 haec
3489 5536 3598 5573 non

1950 5591 2145 5644 animo,
2178 5591 2267 5636 sed
2303 5591 2354 5636 in
2382 5597 2604 5644 corpore
2636 5585 2851 5647 evenire
2883 5584 3151 5647 opinatur,
3184 5585 3395 5634 ibidem.

2009 5652 2207 5719 Mulier
2226 5664 2352 5719 quis
2364 5650 2570 5719 mentes
2590 5644 2867 5719 hominum
2889 5644 2944 5719 se
2967 5646 3249 5718 immutare
3268 5662 3424 5719 posse
3445 5647 3596 5707 dicit,

1949 5720 2041 5764 aut
2069 5729 2159 5765 eas
2180 5710 2391 5764 de‘odio
2412 5710 2467 5759 in
2499 5722 2751 5767 amorem,
2774 5714 2866 5761 aut
2890 5710 2955 5761 de
2975 5724 3157 5762 amore
3180 5710 3234 5760 in
3260 5710 3441 5761 odium
3464 5723 3595 5760 con-
