3990 6218
849 385 852 388 ,
1025 383 1032 386 .
1821 375 2924 386 οΜ--υ-ρ
2939 377 2944 380 -
2960 375 3070 384 ————
3081 375 3088 382 ι
3106 375 3260 386 ..α-..-

520 375 690 434 ﬁ.
699 423 714 429 .-
736 377 778 428 Ισο-
795 376 799 418 i
831 373 2830 431 *V‘EviEV-‘wmﬁ-ﬁﬁﬂm“a
2843 421 2947 430 --ν-
3007 419 3084 430 “νο

1275 816 2750 1024 BESSABION
2770 818 3021 1023 IS

1726 1177 2206 1240 'CARDINALIS
2244 1180 2534 1243 ΝΙΩᾹΞΝΙ

512 1375 1043 1535 “TA,
1099 1371 1788 1488 REBUS
1843 1367 2642 1527 GESTIS,
2715 1365 3742 1525 sunmus,

1490 1651 2632 1770 COMMENTARIUS
2716 1630 2749 1661 ’

893 2098 1390 2148 ΕωΝεΝΤΙεδιΜο
1434 2103 1510 2150 AC
1551 2101 2096 2147 REVERENDISSIMO
2133 2100 2405 2148 PRINCIP!
2447 2104 2469 2144 .1

1778 2101 2096 2147 ENDISSIMO
2133 2100 2405 2148 PRINCIP!
2447 2099 2721 2146 JOSEPHO
2766 2098 2982 2143 ΜΑΒΙΔΞ
3025 2098 3354 2142 CASTELLIO

560 2243 772 2292 τιτυω
815 2247 865 2290 s.
910 2248 1123 2292 nam
1163 2249 1565 2294 Paeseyreno
1607 2219 1946 2293 omnium
1988 2251 2065 2293 ET
2111 2252 2136 2293 s

2111 2251 2319 2294 SACRB
2359 2247 2666 2293 CONGREG.
2718 2248 2797 2290 DE
2839 2248 3103 2293 PROPAG.
3161 2249 3304 2290 FIDE
3347 2247 3681 2291 PREFECT'

1545 2395 1846 2441 ALOYSIUS
1890 2393 2232 2440 BANDINIUS
2275 2393 2706 2437 FELICITATEM.

581 2524 765 2601 Saepe
806 2525 1202 2604 multumque
1234 2541 1470 2605 anceps
1500 2524 1622 2600 fui,
1669 2525 2012 2588 cardinalis
2039 2523 2451 2604 amplissime,
2480 2528 2696 2584 utrum
2730 2520 2842 2581 tibi
2879 2519 3169 2581 libellum
3203 2517 3374 2580 hunc
3414 2535 3624 2580 meum
3657 2518 3754 2579 of-

503 2619 734 2682 ferrem
770 2624 1263 2703 tuoquejudicio
1298 2640 1548 2686 summo
1588 2624 1918 2702 probatum
1959 2624 2128 2702 typis
2163 2622 2583 2701 evulgandum
2616 2622 3113 2684 committerem.
3156 2620 3437 2681 Verebar
3467 2620 3637 2679 enim
3674 2636 3752 2678 ne

501 2721 906 2798 importunus
937 2723 1136 2801 magis
1168 2739 1359 2802 quam
1399 2724 1724 2786 ofﬁciosus
1752 2741 1983 2797 essem,
2020 2725 2077 2784 si
2117 2731 2253 2786 tuas
2283 2724 2510 2785 multas
2549 2721 2999 2800 occupationes
3037 2727 3097 2780 et
3127 2719 3335 2780 studia
3370 2718 3750 2797 gravissima

504 2815 1000 2898 interpellarem,
1037 2823 1271 2900 quibus
1301 2820 1494 2884 efﬁcis
1527 2831 1592 2884 ut
1625 2823 1732 2902 qui
1778 2823 2078 2886 virtutem
2133 2824 2345 2886 colunt
2389 2840 2580 2885 unum
2611 2829 2670 2884 te
2707 2822 2984 2884 maxime
3028 2822 3318 2886 omnium
3352 2821 3752 2884 admirentur

495 2939 574 2983 ac
608 2923 883 2985 laudent.
919 2925 1055 2985 Duo
1089 2925 1242 2986 mihi
1273 2934 1481 2988 tamen
1511 2927 1791 2988 audendi
1847 2943 2240 3007 omnemque
2281 2927 2777 3007 suspensionem
2812 2944 2882 2988 ac
2931 2942 3170 2987 moram
3207 2925 3640 3002 abrumpendi
3687 2926 3751 2985 in

501 3041 691 3086 causa
730 3026 926 3089 fuere.
961 3027 1234 3089 Primum
1297 3027 1660 3092 humanitas
1699 3039 1802 3092 tua
1849 3029 2218 3110 singularis,
2254 3048 2396 3111 quae
2444 3031 2603 3094 nihil
2633 3047 2899 3111 parvum
2933 3030 3172 3091 fastidit
3223 3036 3754 3109 aspernaturque,

505 3127 616 3188 sed
651 3142 906 3205 magnas
942 3128 1182 3205 ingenii
1225 3145 1380 3208 opes
1409 3137 1476 3190 ut
1514 3129 1772 3208 plurimi
1797 3131 1971 3206 facit,
2015 3131 2107 3193 sic
2144 3131 2428 3194 modicas
2460 3139 2817 3210 tenuesque
2851 3146 2969 3192 suo
3005 3129 3190 3192 habet
3222 3132 3290 3192 in
3327 3133 3530 3208 pretio
3558 3138 3752 3210 atque
3784 3130 3786 3133 ’

504 3225 546 3286 h
571 3246 780 3301 more;
814 3229 1044 3290 deinde
1076 3228 1296 3303 alium,
1335 3230 1507 3309 quod
1539 3231 1725 3293 video
1757 3230 2079 3292 neminem
2116 3231 2222 3308 qui
2258 3229 2521 3309 prapius
2559 3230 2814 3306 vestigia
2848 3237 3107 3308 premat
3134 3246 3509 3307 morumque
3537 3248 3755 3293 exem-

510 3332 609 3407 pla
647 3331 929 3392 imitetur
960 3330 1358 3392 celeberrimi
1393 3329 1696 3392 antistitis
1747 3332 1924 3411 cujus
1965 3348 2062 3393 res
2100 3340 2307 3410 gestas
2338 3337 2398 3392 et
2431 3331 2613 3392 vitam
2647 3331 3061 3393 illustrandas
3085 3333 3359 3409 suscepi.
3404 3333 3744 3412 Equidem,

502 3439 572 3493 ut
599 3431 702 3492 ille
736 3449 802 3492 se
841 3436 1036 3491 totum
1086 3431 1168 3494 ad
1223 3431 1525 3494 Ecclesia:
1549 3433 1746 3494 decus
1773 3439 1837 3493 et
1878 3432 1968 3492 rei
2005 3431 2376 3494 Christianae
2409 3432 2663 3496 tutelam
2685 3432 3075 3510 composuit,
3113 3431 3222 3506 ita,
3268 3435 3560 3495 omnium
3595 3451 3749 3496 seu-

505 3532 720 3606 tentia,
753 3541 816 3592 tu
851 3545 1112 3609 quoque
1149 3530 1415 3607 vigilias,
1449 3548 1657 3604 curas,
1691 3530 1939 3591 labores
1977 3531 2041 3590 in
2073 3529 2192 3594 hoc
2239 3533 2426 3595 unice
2460 3533 2778 3612 impendis
2809 3540 2876 3594 ut
2912 3531 3094 3594 Sedis
3126 3533 3506 3610 Apostolicae
3538 3535 3748 3613 digni-

503 3637 624 3704 tas,
661 3640 748 3693 tot
787 3646 1099 3692 concussa
1147 3629 1470 3707 procellis,
1501 3630 1566 3691 in
1598 3645 1715 3692 suo
1749 3629 1948 3708 gradu
1983 3632 2315 3706 consistat,
2355 3639 2553 3711 utque
2586 3632 2829 3710 religio,
2867 3648 3055 3711 quam
3091 3641 3314 3695 nostro
3348 3634 3468 3697 hoc
3506 3639 3745 3698 saeculo

506 3731 775 3793 novandi
809 3727 1048 3803 cupido
1080 3725 1694 3806 p8eudophilosupbi
1741 3727 1999 3807 quidam
2045 3736 2230 3807 atque
2263 3729 2534 3807 improbi
2568 3730 2865 3792 homines
2905 3732 3245 3808 lacessunt,
3276 3751 3402 3796 non
3436 3735 3627 3798 modo
3651 3737 3752 3798 in-

506 3843 663 3897 tacta
697 3837 1076 3910 permaneat,
1105 3831 1212 3892 sed
1255 3829 1620 3909 longinquis
1651 3829 1837 3892 etiam
1873 3830 1938 3891 in
1970 3831 2154 3892 terris
2187 3837 2247 3892 et
2278 3849 2480 3911 usque
2506 3832 2584 3894 ad
2623 3841 2943 3894 extremos
2971 3835 3202 3897 Oceani
3231 3837 3474 3900 accolas
3499 3837 3750 3901 felicius

505 3939 816 4016 germinet
846 3936 1159 4015 latiusque
1191 3933 1476 3994 virescat.
1509 3931 1594 3992 De
1620 3937 1710 3992 tot
1741 3931 2076 3992 virtutibus
2106 3948 2252 4010 quae
2280 3931 2392 3993 tibi
2415 3933 2772 3994 uberrimos
2810 3933 3026 4010 gloriae
3057 3935 3444 4016 fructusjam
3471 3942 3746 4018 pariunt,

513 4038 667 4117 quid
705 4036 1044 4114 proferam,
1075 4047 1318 4112 quaeso,
1353 4029 1523 4108 quod
1561 4027 1708 4090 huic
1740 4028 1921 4090 διωδθ
1949 4030 2232 4106 ignotum
2267 4047 2384 4092 nec
2438 4031 2622 4108 plane
2655 4038 3055 4108 perspectum
3105 4033 3184 4094 sit
3225 4036 3411 4098 urbi?
3460 4040 3753 4101 Tuamne

504 4150 998 4198 commemorem
1032 4133 1094 4193 in
1130 4135 1329 4192 Deum
1367 4130 1692 4208 pietatem,
1733 4135 1794 4191 et
1821 4131 2083 4192 eﬂ'usam
2147 4131 2213 4192 in
2259 4131 2519 4194 miseros
2561 4139 2622 4194 et
2652 4138 2911 4212 egentes
2964 4138 3091 4194 tam
3129 4137 3360 4199 multos
3397 4137 3741 4202 liberalita-

502 4235 666 4297 tem?
696 4240 786 4296 An
820 4253 964 4296 vero
998 4233 1396 4313 prudentiam
1431 4229 1750 4315 extollam,
1798 4230 2219 4308 integritatem
2281 4239 2340 4293 et
2389 4233 2759 4294 modestiam
2823 4234 2955 4296 viro
2998 4237 3434 4300 ecclesiastico
3467 4240 3746 4319 dignam,

502 4353 628 4412 qua
661 4335 934 4397 lautitias
967 4350 1186 4396 omnes
1211 4349 1284 4392 ac
1309 4330 1424 4392 aevi
1471 4330 1731 4391 delicias
1762 4337 1879 4391 ate
1912 4334 2096 4408 longe
2147 4333 2403 4411 tuisque
2445 4332 2684 4394 mdibus
2716 4333 3072 4396 eliminatas
3101 4337 3572 4415 conspicimus?
3605 4342 3747 4404 Dies

506 4435 654 4496 mihi
689 4436 877 4497 citius
905 4452 1091 4514 quam
1135 4433 1336 4495 laudis
1368 4432 1632 4493 materia
1663 4431 1938 4506 deficiat,
1969 4432 2018 4493 si
2071 4439 2376 4512 quantum
2405 4434 2710 4496 doctrinm
2766 4436 2994 4498 merito
3025 4438 3284 4500 excellis
3315 4446 3502 4520 atque
3551 4444 3747 4505 animi

506 4538 866 4614 praestantia
909 4536 1090 4597 velim
1128 4550 1519 4612 percurrere,
1565 4549 1681 4594 nec
1724 4532 1844 4594 mei
1886 4539 2122 4606 partem
2178 4533 2466 4613 obsequii
2511 4535 2836 4597 silentium
2887 4537 3266 4600 existimem.
3303 4541 3453 4614 Quae
3489 4560 3632 4604 cum
3668 4547 3753 4606 ita

503 4637 651 4709 sint,
685 4653 801 4698 m'o
828 4641 909 4708 te,
952 4637 1246 4713 princeps
1280 4632 1803 4704 eminentissime,
1847 4639 1914 4693 ut
1952 4650 2075 4712 qua
2108 4632 2499 4712 benignitate
2555 4653 2653 4698 me
2709 4637 3010 4717 prosequi
3059 4639 3282 4702 solitus
3315 4658 3404 4718 es,
3437 4645 3657 4706 eadem
3690 4660 3752 4708 et

503 4737 674 4800 hunc
704 4739 1008 4816 ingenioli
1035 4738 1156 4799 mei
1188 4735 1382 4798 fetum
1417 4736 1696 4815 excipias
1722 4743 1959 4815 tuoque
1997 4736 2346 4814 patrocinio
2381 4736 2590 4800 faveas
2619 4745 2810 4820 atque
2833 4748 3172 4804 sustentes.
3212 4744 3279 4805 ω
3318 4744 3474 4806 mihi
3505 4746 3557 4807 si
3592 4765 3750 4826 prm-

504 4852 657 4916 stas,
690 4852 751 4904 et
783 4859 893 4920 pro
927 4853 1034 4904 tuo
1061 4843 1291 4905 eximio
1329 4842 1522 4904 facies
1560 4844 1626 4903 in
1673 4857 1804 4904 rem
1865 4840 2230 4902 litterariam
2263 4841 2499 4916 studio,
2532 4843 2787 4924 tuisque
2820 4845 3236 4924 amplissimis
3269 4846 3332 4908 in
3370 4865 3470 4910 me
3503 4848 3745 4912 beneﬁ-

504 4949 618 5010 ciis
643 4964 872 5009 novum
912 4947 1083 5010 hunc
1114 4946 1440 5010 cumulum
1477 4953 1670 5026 atque
1701 4950 2142 5008 ornamentum
2172 4942 2506 5023 adjunges.

583 5115 822 5183 Romae,
855 5128 931 5173 cx
969 5111 1210 5174 aedibus
1243 5129 1436 5174 sacrae
1462 5111 1686 5190 Congr.
1744 5111 1829 5173 De
1884 5124 2143 5190 prOpag.
2183 5110 2328 5184 tiile,
2377 5112 2581 5188 pridie
2634 5115 2792 5200 Non.
2838 5117 3100 5194 Augusti
3141 5117 3309 5177 1777.

570 5302 634 5366 (θ)
660 5299 822 5350 Roma:
849 5301 982 5353 1777.
1018 5303 1084 5356 4°.

834 5775 1098 5836 PATRuL.
1159 5767 1273 5828 Gn.
1318 5764 1526 5828 CLXI.
3320 5793 3362 5837 α

236 5864 524 6184 θ’θῖ
