3990 6218
242 321 332 362 lIII

241 432 530 506 optatum
565 426 629 486 in
679 423 924 506 Urbem
961 424 1240 488 reditum
1275 428 1490 506 aliquo
1522 427 1644 488 sibi
1679 443 1822 490 cum

242 501 495 565 honore
527 513 723 584 atque
761 503 1200 566 emolumento
1236 501 1549 570 conficiat.

326 606 356 636 α
394 584 774 667 _Campan_us
807 599 1037 667 magno
1081 584 1447 646 Bessarioni
1501 585 1672 648 card.
1725 602 1831 667 pa-

245 683 268 711 -
329 661 625 725 triarchze
665 663 922 724 Nicaeno
959 661 1022 721 S.
1726 661 1741 667 '
1819 675 1836 682 '

329 763 359 794 ε
416 741 509 802 Ad
547 740 724 801 illam
774 739 1217 802 incredibilem
1269 758 1336 803 ac
1375 741 1652 804 divinam
1709 761 1833 805 ma-

329 819 739 900 gnitudinem
786 819 1043 900 laudum
1099 825 1352 882 tuarum
1392 821 1521 884 haec
1570 839 1830 900 quoque

330 897 597 984 accedit_
631 898 804 984 quod
862 896 1186 984 neminem
1238 915 1462 984 eorum
1521 896 1683 984 quos
1727 896 1826 963 vel

336 974 539 1055 semel
568 973 770 1055 fueris
799 974 1134 1052 amplexus
1176 976 1235 1055 in
1274 978 1516 1055 abjecto
1543 973 1682 1039 esse
1723 996 1827 1053 pa-

333 1053 514 1123 teris,
565 1053 968 1130 gloriamque
1025 1053 1325 1116 eximiam
1354 1053 1363 1055 ’
1394 1073 1615 1117 censes
1659 1074 1830 1120 com-

332 1131 664 1213 municare
721 1133 1068 1213 fortunam,
1127 1139 1188 1191 et
1227 1140 1468 1194 tantum
1535 1143 1828 1213 prtestare

334 1211 709 1270 hominibus
768 1209 992 1288 auxilii
1041 1218 1348 1287 quantum
1375 1229 1441 1271 es
1467 1209 1827 1288 assecutus,

333 1288 760 1366 conterreque
816 1287 964 1350 aliis
1027 1289 1310 1366 ingenita
1391 1289 1830 1354 beneficientia

244 1389 272 1418 ι
323 1367 648 1444 quidquid
687 1367 918 1446 virtute
942 1374 1048 1446 tua
1082 1367 1299 1446 divina
1325 1377 1516 1446 atque
1546 1371 1834 1432 eminen-

245 1468 273 1498 ι
331 1446 589 1504 tissime
653 1445 1011 1525 peperisti,
1070 1445 1316 1525 dignus
1396 1445 1677 1525 profecto
1765 1449 1828 1510 in

247 1550 272 1577 ιι
327 1541 531 1599 quem
565 1530 650 1582 tot
680 1523 919 1584 fuerint
956 1523 1264 1585 divinitus
1300 1523 1620 1588 cumulata
1656 1543 1836 1589 orna-

247 1626 274 1654 ι
329 1603 707 1683 menta,gui
751 1611 1280 1683 ornarecaateros
1344 1621 1675 1683 nunquam
1728 1606 1834 1668 de-

250 1704 278 1734 a
329 1681 549 1741 sieris.
580 1681 814 1762 Etcum
857 1681 947 1739 sis
978 1680 1118 1762 ipse
1167 1680 1546 1744 muneribus
1575 1683 1654 1745 iis
1687 1701 1832 1762 qua)

251 1783 277 1810 ε
329 1775 556 1840 parare
601 1759 945 1840 quisquam
983 1759 1220 1840 virtute
1252 1770 1442 1840 atque
1511 1759 1829 1826 industria

252 1861 278 1892 ι
329 1838 561 1915 possit,
619 1837 986 1898 mortalium
1046 1837 1356 1902 omnium
1380 1840 1720 1912 maximus,
1762 1842 1827 1902 in

253 1938 280 1969 ι
327 1933 406 1996 eo
434 1923 602 1976 tuam
644 1915 1150 1996 magnitudinem
1192 1919 1537 1996 repositam
1573 1919 1836 1982 arbitra-

256 2019 280 2048 ι
331 1994 421 2054 ris
455 2001 519 2055 ut
555 1995 830 2076 maxime
857 1997 1063 2076 prosis
1100 1994 1367 2076 caeteris.
1404 1996 1568 2076 Qum
1596 2013 1745 2076 spes
1770 1999 1829 2076 Asi

260 2096 286 2128 ε
335 2074 696 2134 communis
729 2083 825 2133 est
873 2073 1196 2152 omnibus,
1256 2074 1412 2152 quid
1446 2073 1829 2151 ipse—mihi

265 2175 290 2206 ιι
337 2153 516 2234 de__te
551 2153 964 2234 persuadeam
1009 2151 1212 2234 facile
1253 2151 1828 2234 intelligis,__quem

257 2254 284 2282 α
340 2229 497 2288 mihi
530 2229 620 2292 vel
659 2231 908 2293 fortuna
943 2247 1080 2293 mea
1120 2231 1215 2292 vel
1270 2229 1672 2295 incredibilis
1711 2233 1832 2295 bu-

254 2335 277 2360 α
331 2310 602 2369 manitas
636 2317 742 2370 tua
769 2308 979 2387 potius
1003 2309 1390 2374 conciliavit.
1413 2312 1582 2384 Quid
1616 2319 1830 2376 autem

254 2413 277 2440 ι
329 2402 506 2468 nunc
537 2391 892 2468 expetam?
924 2389 1133 2450 Unum
1183 2399 1278 2451 est
1318 2390 1715 2468 praecipuum
1769 2398 1833 2452 et

252 2490 277 2520 ι
327 2465 568 2546 solum.
623 2467 826 2546 Cupio
878 2474 983 2527 tua
1029 2484 1223 2546 Opera
1259 2465 1335 2532 in—
1370 2465 1614 2530 Italiam
1648 2485 1831 2530 revo-

254 2569 278 2596 ε
331 2544 510 2615 cari,
560 2545 670 2605 sed
705 2561 781 2605 eo
834 2546 1024 2606 modo
1077 2544 1151 2606 ut
1209 2547 1448 2608 accitus
1492 2547 1567 2607 ad
1621 2547 1830 2607 locum

327 2623 618 2704 aliquem
675 2624 1041 2704 dignitatis.
1079 2641 1234 2687 non
1271 2635 1569 2704 tanquam
1608 2625 1832 2687 reduc-

329 2711 437 2761 tus
469 2702 550 2760 ab
575 2701 802 2763 exsilio
833 2702 1070 2762 videar.
1100 2704 1169 2762 Id
1213 2703 1367 2764 mihi
1401 2701 1696 2780 prtestare
1728 2719 1830 2768 so-

329 2781 440 2838 lus
471 2787 676 2860 etpro
702 2781 1138 2857 magnitudine
1160 2791 1261 2843 tua
1296 2792 1474 2859 potes
1495 2791 1556 2844 et
1582 2799 1691 2860 pro
1719 2800 1830 2846 na-

329 2867 475 2918 tura
518 2859 1176 2938 debes.Quamobrem
1209 2876 1322 2922 oro
1350 2870 1408 2921 te
1444 2879 1554 2938 per
1584 2859 1825 2924 numen

257 2963 281 2988 ι
336 2938 506 2996 illud
559 2937 665 3008 9],
710 2939 881 3014 genii
928 2937 1046 3008 tui,
1083 2941 1255 3016 quod
1293 2937 1531 3004 ideo’te
1567 2939 1831 3018 protulit

332 3025 403 3077 ut
437 3032 613 3075 esses
651 3019 709 3076 in
746 3034 935 3088 quem
971 3033 1165 3076 unum
1198 3026 1571 3080 ornamenta
1614 3018 1828 3080 omnia

331 3111 482 3170 quae
539 3095 820 3176 universi
888 3113 1111 3172 capere
1167 3096 1462 3158 mortales
1517 3105 1827 3176 possunt,

331 3172 848 3255 cumularentur,
885 3182 987 3234 tua
1027 3183 1308 3252 utOpera
1353 3172 1831 3255 quamprimum

253 3275 282 3306 ε
338 3254 402 3311 in
439 3251 683 3332 Italiam
753 3267 1037 3317 revocer.
1098 3251 1480 3331 aecepturus
1530 3251 1833 3332 quaecun-

260 3355 287 3383 ε
339 3348 470 3411 que
528 3329 682 3389 mihi
742 3332 1087 3411 obtigerint
1135 3332 1200 3392 in
1254 3329 1568 3411 reliquam
1614 3333 1829 3404 vitam,

257 3431 286 3464 ι
336 3408 626 3470 fortunas
658 3409 1046 3471 etbeneﬁcia
1073 3421 1202 3472 tua.
1240 3408 1415 3474 Vale.
1456 3434 1483 3466 ιο

879 3532 1215 3592 LXXVIII.

341 3646 490 3706 Haec
521 3645 684 3706 inter
723 3646 1056 3724 inopinata
1113 3665 1285 3710 mors
1331 3649 1620 3720 Paulum,
1651 3653 1830 3712 aetate

255 3741 330 3786 ac
379 3725 619 3785 viribus
664 3725 873 3786 adhuc
924 3725 1260 3787 ﬂorentem
1322 3726 1625 3796 abstulit,
1683 3745 1828 3790 cum

259 3805 554 3864 nondum
614 3803 952 3878 septimum
1007 3806 1409 3880 pontiﬁcatus
1435 3821 1671 3866 annum
1713 3824 1828 3868 ex-

259 3880 522 3962 plesset.
583 3881 856 3962 Funebri
909 3899 1134 3960 pompa
1175 3886 1254 3944 de
1289 3900 1464 3945 ntere
1524 3895 1771 3962 peracta
1811 3937 1827 3962 ,

261 3958 684 4038 Patribusque
721 3960 884 4022 inter
917 3979 987 4022 se
1025 3958 1546 4023 consultantibus
1573 3958 1825 4026 cuinam

263 4037 663 4124 potissimum
722 4039 1025 4124 Ecclesi_m_
1072 4043 1364 4124 regenda
1403 4059 1616 4102 curam
1658 4061 1830 4124 com-

264 4121 606 4197 mitterent,
644 4136 863 4193 parum
916 4121 1120 4181 abfuit
1162 4121 1320 4197 quin
1379 4137 1609 4197 paucas
1659 4123 1826 4185 intra

263 4192 448 4254 horas
507 4192 827 4259 Marinum
866 4216 1093 4260 omnes
1133 4192 1264 4260 uno
1309 4192 1420 4261 ore
1469 4200 1824 4276 pontificem

263 4276 726 4337 renuntiarent.
762 4281 837 4336 At
879 4293 1124 4337 morum
1167 4280 1463 4338 sanctitas
1493 4277 1822 4340 animique

262 4356 610 4438 constantia
639 4401 656 4424 ,
697 4373 819 4438 qua
854 4356 1138 4438 Latinum
1191 4356 1575 4438 cardinalem
1603 4358 1684 4417 de
1713 4356 1826 4418 Ur—

263 4433 471 4501 sinis,
526 4434 845 4514 nonnulla
910 4433 1032 4514 sibi
1111 4435 1379 4514 suisque
1434 4435 1822 4510 ﬂagitantem

265 4515 613 4588 commoda,
643 4513 903 4588 repulit,
937 4511 1049 4573 hac
1072 4511 1432 4574 etiam'vice
1468 4529 1596 4574 rem
1631 4521 1821 4575 totam

268 4587 558 4662 turbavit,
588 4587 852 4662 aliaque
890 4591 1212 4652 transtulit
1262 4593 1521 4653 illorum
1574 4593 1824 4654 animos

266 4664 370 4749 qui
399 4665 628 4749 Ursino
657 4664 1080 4730 adhaerebant.
1122 4671 1268 4749 Haec
1299 4670 1450 4732 mihi
1477 4687 1666 4744 causa
1697 4687 1826 4731 ma-

269 4748 361 4812 gis
394 4748 709 4827 probatur
745 4763 936 4827 quam
979 4748 1145 4808 Jovii
1207 4749 1481 4811 narratio
1531 4750 1641 4827 qui
1695 4749 1819 4823 ait,

274 4823 518 4898 yenisse
562 4826 638 4886 ad
693 4823 906 4898 illum,
947 4844 1091 4887 cum
1124 4827 1378 4897 abditus
1427 4827 1492 4890 in
1526 4823 1822 4890 cubiculo

269 4896 437 4993 foret,
481 4911 607 4963 tres
642 4896 898 4993 magnae
937 4904 1333 4993 auctoritatis
1364 4906 1720 4993 cardinales
1756 4915 1823 4970 ut

270 4983 552 5039 omnium
589 4983 851 5048 nomine
889 4984 1246 5057 pontiﬁcem
1292 4983 1678 5056 salutarent;
1715 5003 1821 5046 veo

268 5070 399 5141 rum
433 5058 746 5142 a_Perotto
779 5061 1092 5123 cohibitos
1129 5061 1555 5142 repulsosque
1587 5063 1815 5140 fuisse,

266 5138 372 5216 qui
431 5138 664 5216 dixerit
721 5145 1107 5216 parcendum
1150 5138 1399 5202 Nicaeae
1452 5138 1604 5202 tunc
1638 5138 1816 5204 lucu;

267 5209 494 5296 branli;
542 5235 624 5296 ex
688 5209 819 5296 q'uo
885 5219 1117 5278 factum
1156 5228 1220 5280 ut
1279 5229 1444 5280 retro
1502 5225 1814 5282 abeuntes

266 5284 615 5376 baae_verba
677 5284 807 5376 η’οη
853 5298 992 5376 sine
1047 5299 1371 5376 stomacho
1400 5307 1590 5376 atque
1647 5299 1816 5358 indi-

264 5371 556 5440 gnatione
607 5374 1029 5454 protulerint:
1066 5375 1395 5454 Ergodnec
1454 5371 1813 5454 prensanti,

263 5462 366 5532 nec
399 5455 654 5532 roganti
689 5453 934 5532 quidem
973 5452 1208 5514 summa
1238 5452 1522 5532 dignitas
1556 5457 1675 5516 erit
1717 5458 1816 5515 in-

265 5525 582 5613 eulcanda,
606 5544 675 5613 iu
699 5525 843 5590 eum
877 5550 905 5591 e
936 5532 1078 5591 calo
1112 5525 1421 5613 stt/fra'gia
1449 5544 1762 5613 exspectet
1790 5577 1808 5610 ,

267 5607 543 5684 superbis
581 5609 822 5692 demum
867 5629 940 5692 ac
980 5607 1230 5692 stolidis
1261 5607 1654 5692 jdniloriGus
1704 5607 1817 5691 pa?

264 5697 524 5750 reamur.
573 5691 653 5749 At
687 5691 847 5749 bona
885 5689 1048 5749 Iovii
1115 5689 1279 5765 lace,
1319 5692 1466 5768 quis
1525 5689 1809 5772 unquam

266 5765 506 5829 credat.
577 5767 946 5829 Perottum.
1010 5709 1265 5829 solertis
1325 5769 1548 5829 iudicii
1607 5775 1807 5829 virum

266 5765 506 5842 credat,
577 5767 946 5846 Perottum,
1010 5765 1265 5832 solertis
1325 5765 1548 5844 iudicii
1607 5765 1807 5836 virum

245 840 270 868 Ι

244 920 270 948 (ί

248 997 276 1026 α

247 1074 277 1105 ι

249 1153 276 1183 α

246 1233 272 1260 α

250 1308 279 1340 α

1225 307 1526 374 ALOYSII
1572 307 1719 374 BAN
1731 307 1804 374 Dl
1820 313 1930 373 Nll
1979 304 2622 376 COMMENTARIUS.
3436 317 3520 364 sz

1951 427 2197 506 diuque
2249 427 2498 489 artibus
2563 422 2729 506 aulae
2790 424 3204 506 innutritum,
3263 437 3372 506 aut
3443 445 3514 489 ea

1948 504 2232 584 nescisse
2265 522 2413 584 qua)
2444 513 2574 566 tum
2613 504 3045 584 agitabantur,
3086 516 3196 567 aut
3252 505 3515 568 minime

1945 583 2170 662 saltem
2204 582 2451 645 cavisse
2485 601 2589 656 ne,
2624 582 2736 660 spe
2761 582 2980 662 adhuc
3004 584 3267 662 integra,
3299 601 3520 660 super-

1942 659 2062 724 bim
2100 669 2314 726 notam
2355 672 2624 739 patrono
2665 659 2858 740 atque
2907 660 3127 723 odium
3146 659 3518 724 'conﬂaret?

2489 790 2599 863 93
2660 784 2953 845 Lxxn.

2020 898 2108 958 Ita
2142 897 2476 962 Bessarion
2510 941 2527 970 ,
2563 897 2702 978 sive
2732 896 3004 978 fortunae
3038 897 3304 978 injuria,
3380 900 3514 963 sive

1941 973 2276 1040 hominum
2308 978 2493 1053 culpa
2521 1021 2536 1044 ,
2570 977 2685 1054 qui
2727 973 2968 1038 tantum
3001 977 3061 1037 ei
3094 973 3294 1040 decus
3349 979 3515 1039 invi-

1941 1055 2136 1128 dere,
2208 1053 2603 1132 supremum’
2643 1053 2857 1116 amisit
2913 1055 3290 1130 prmsulatus
3347 1057 3517 1120 fasti-

1941 1131 2144 1210 gium,
2177 1131 2348 1210 quOd
2404 1133 2559 1210 ipsa:
2596 1141 2764 1194 trans
2803 1133 2990 1210 Alpes
3023 1135 3245 1210 positu)
3291 1141 3512 1210 gentes

1942 1208 2082 1291 ejus
2107 1208 2325 1274 deberi
2360 1208 2710 1273 virtutibus
2754 1208 3195 1291 pradicet—bant.
3253 1208 3340 1277 De
3385 1230 3508 1290 qua

1945 1290 2012 1348 re
2068 1307 2283 1366 operae
2343 1291 2619 1366 pretium
2683 1296 2779 1351 est
2835 1290 3225 1366 Campanum
3285 1309 3512 1352 rursus

1942 1367 2167 1446 audire
2212 1369 2277 1430 in
2310 1385 2381 1429 ea
2432 1385 2621 1446 quam
2679 1367 2935 1446 scripsit
2994 1374 3067 1428 ad
3106 1369 3509 1430 Calderinum

1945 1445 2273 1534 praefatum
2307 1445 2605 1534 epistola,
2645 1445 2833 1506 simul
2870 1463 2939 1506 ac
2967 1463 3190 1534 rumor
3224 1451 3300 1508 de
3333 1447 3511 1534 Pauli

1943 1523 2120 1584 obitu
2157 1525 2325 1586 inter
2355 1526 2706 1586 Germanos
2742 1525 3124 1599 percrebuit.

2026 1624 2054 1658 α
2104 1605 2463 1681 Campanus
2497 1603 2798 1674 Domitio,
2832 1612 3058 1664 secret.
3085 1603 3509 1678 Bessarionis,

1944 1702 1972 1735 α
2022 1681 2316 1744 salutem.

2023 1784 2052 1817 α
2100 1761 2335 1822 Censes
2370 1777 2599 1822 ausum
2655 1776 2754 1821 me
2817 1759 3166 1838 quidquam
3230 1761 3512 1823 scribere

1944 1859 1970 1891 α
2023 1839 2174 1900 divo
2210 1847 2426 1901 nostro
2449 1842 2478 1898 ?
2523 1843 2658 1902 Non
2689 1855 2830 1899 sum
2859 1856 3096 1912 ausus;
3136 1847 3301 1900 tanta
3332 1840 3512 1900 illius

1943 1938 1971 1968 α
2023 1918 2336 1994 majestas,
2381 1927 2547 1980 tanta
2615 1935 2756 1980 mea
2821 1917 3225 1980 observantia
3261 1928 3380 1987 est,
3439 1928 3510 1981 ut

1943 2019 1969 2050 α
2020 1999 2211 2058 etiam
2262 1996 2326 2057 in
2362 1997 2702 2058 Germania
2743 2003 3033 2076 agentem
3091 2015 3188 2076 me
3248 2005 3509 2060 terreat.

1943 2095 1972 2132 α
2028 2078 2096 2135 Et
2133 2076 2314 2153 plane
2342 2076 2505 2138 nihil
2537 2076 2740 2138 habeo
2765 2075 2936 2152 quod
2960 2075 3230 2137 scribam
3257 2093 3271 2148 ;
3299 2077 3511 2138 omnia

1941 2175 1972 2208 α
2032 2153 2122 2215 illi
2183 2171 2294 2229 per
2358 2155 2635 2232 legatum
2681 2153 3144 2233 significantur.
3212 2155 3510 2233 Ingerere

1940 2255 1974 2286 α
2025 2249 2122 2293 me
2157 2233 2345 2293 tantis
2400 2234 2590 2294 rebus
2620 2280 2636 2306 ,
2705 2241 2829 2292 tam
2889 2232 3176 2310 arcanis,
3216 2232 3334 2293 nec
3376 2235 3516 2310 pul-

1943 2335 1973 2366 α
2021 2313 2246 2372 chrum
2304 2327 2424 2371 nec
2475 2319 2682 2371 tutum
2727 2316 2848 2370 est.
2903 2309 2958 2368 Ο
3001 2311 3240 2370 utinam
3271 2311 3284 2369 l
3318 2309 3517 2371 o’uti-

1943 2412 1972 2443 α
2022 2388 2209 2449 nam!
2244 2404 2282 2449 ο
2317 2387 2596 2450 utinam!
2648 2388 2796 2459 Sed,
2857 2387 2942 2446 mi
3011 2387 3264 2456 Domiti,
3305 2403 3515 2463 operm

1943 2489 1974 2521 ‹‹
2028 2467 2302 2542 pretium
2361 2468 2478 2526 erit
2550 2467 2786 2544 videre
2823 2480 3008 2542 quam
3051 2481 3221 2526 curm
3258 2468 3514 2544 superis

1943 2568 1972 2599 α
2021 2545 2230 2606 simus
2267 2544 2632 2606 Christiani.
2693 2543 2871 2606 Salva
2901 2559 3002 2604 res
3039 2552 3136 2603 est
3191 2544 3242 2603 si
3280 2543 3506 2607 Bessa-

1940 2646 1972 2679 κ
2024 2623 2294 2695 rionem,
2332 2632 2400 2684 ut
2426 2632 2520 2685 est
2552 2623 2856 2685 omnibus
2890 2620 2954 2681 in
2999 2622 3190 2683 rebus
3227 2639 3385 2700 quas
3415 2641 3516 2685 ca-

1942 2725 1973 2757 «
2028 2719 2174 2777 pere
2235 2702 2574 2780 ingenium
2632 2700 2983 2780 humanum
3043 2703 3274 2777 possit,
3324 2700 3516 2780 longe

1943 2805 1973 2837 α
2026 2779 2369 2853 maximus,
2418 2781 2504 2841 ita
2538 2787 2599 2842 et
2641 2779 2830 2841 titulo
2871 2794 3131 2857 quoque
3171 2779 3517 2840 maximum

1943 2885 1970 2915 ιι
2021 2858 2368 2938 faciemus;
2403 2859 2688 2938 alioquin
2731 2857 2929 2918 dubio
2985 2867 3172 2938 vento
3207 2860 3370 2938 initer
3401 2857 3520 2918 llu-

1945 2962 1974 2994 «
2025 2947 2163 2999 ctus
2198 2935 2592 3011 navigamus.
2628 2939 2724 2996 'I‘u
2759 2951 2909 2996 vero
2941 2945 2998 2996 te
3023 2935 3221 3011 erige.
3263 2935 3517 2998 Utinam

1943 3041 1973 3072 α
2022 3019 2311 3078 adessem
2343 3015 2576 3090 lQuid.
2656 3015 2937 3092 inquies.
2999 3015 3371 3084 Clamarem,
3419 3016 3520 3076 in-

1945 3120 1974 3151 «
2021 3113 2354 3174 surgerem
2380 3139 2394 3162 .
2429 3092 2838 3174 vociferarem
2866 3133 2882 3163 ,
2915 3110 2994 3174 ne
3027 3110 3096 3152 se
3157 3094 3514 3169 perderent,

1945 3202 1971 3230 α
2022 3191 2102 3236 ne
2138 3169 2516 3252 religionem
2560 3171 2751 3252 unico
2783 3169 2952 3252 quod
3004 3179 3302 3252 superest
3356 3188 3516 3252 prte-

1945 3279 1972 3308 α
2021 3254 2192 3315 sidio
2227 3247 2623 3315 fraudarem.
2676 3247 2862 3312 Illum
2900 3247 3143 3320 Graaci,
3183 3247 3362 3308 illum
3409 3251 3518 3310 La-

1943 3355 1975 3388 α
2024 3331 2167 3403 tini,
2198 3332 2384 3392 illum
2440 3329 2787 3402 Pannonia,
2827 3327 3006 3390 illum
3046 3343 3199 3390 voce
3236 3343 3356 3388 una
3390 3335 3513 3390 tota

1942 3435 1972 3466 α
2022 3410 2363 3472 Germania
2426 3408 2722 3487 postulat.
2765 3410 2901 3481 Qua
2957 3407 3168 3487 laetitia
3215 3405 3510 3487 affectum

1944 3513 1973 3544 α
2023 3505 2124 3549 me
2154 3504 2381 3550 censes
2428 3485 2576 3549 cum
2633 3487 2872 3548 nudius
2915 3486 3145 3546 tertius
3177 3486 3385 3544 clarus
3418 3485 3515 3544 vir

1943 3592 1973 3623 ι(
2021 3567 2359 3636 Narcisus,
2423 3573 2639 3626 orator
2686 3565 2857 3644 regis
2900 3563 3280 3644 Ferdinanidi
3341 3565 3509 3644 apud

1944 3671 1971 3702 α
2023 3647 2358 3718 (Ζωεδι-εω,
2393 3645 2564 3705 inter
2594 3641 2908 3705 orandum
2942 3653 3166 3722 quater
3203 3641 3520 3702 Bessario-

1943 3749 1972 3782 α
2023 3741 2168 3785 nem
2211 3723 2569 3786 nominaret
2607 3731 2774 3783 tanta
2811 3739 2956 3784 cum
2997 3723 3180 3783 laude
3212 3731 3512 3786 quantam

1941 3828 1970 3859 α
2015 3810 2126 3866 aut
2158 3800 2378 3862 nullus
2429 3799 2792 3860 mortalium
2837 3809 2945 3860 aut
2993 3800 3170 3862 solus
3221 3799 3514 3860 Bessario

1941 3907 1969 3938 α
2019 3887 2325 3945 meretur.
2360 3881 2455 3939 Tu
2493 3878 2574 3938 de
2603 3877 2804 3955 Gallis
2854 3895 2932 3938 ne
2980 3878 3206 3955 cogita.
3245 3877 3422 3945 Vale,
3455 3887 3516 3936 et

1940 3985 1969 4016 α
2021 3962 2072 4022 si
2117 3958 2274 4039 quid
2304 3973 2528 4020 curare
2576 3954 2825 4039 absenti
2865 3954 3134 4016 honoris
3186 3959 3294 4016 aut
3334 3970 3510 4016 com—

1941 4065 1968 4096 α
2021 4034 2189 4101 modi
2217 4045 2420 4119 potes,
2456 4051 2534 4096 ne
2561 4034 2837 4112 neglige.
2876 4057 2905 4088 ι

2550 4156 2661 4241 ea
2693 4160 2884 4222 Lxx.

2021 4275 2216 4358 Paulo
2246 4274 2680 4358 [Icardinalis
2728 4271 3110 4358 Franciscus.
3150 4269 3514 4358 ἕρδοι-ειη,

1941 4355 2195 4418 natione
2246 4355 2462 4429 Ligur,
2497 4353 2622 4418 sub
2657 4352 2915 4416 nomine
2953 4347 3228 4429 SixtiIV
3263 4365 3518 4429 succes-

1937 4437 2043 4495 sit.
2083 4426 2530 4493 Minoritarum
2567 4429 2829 4492 familia;
2861 4445 3090 4490 nomen
3125 4427 3222 4488 hic
3255 4426 3512 4488 dederat

1933 4530 1967 4575 a
2024 4510 2251 4590 primis
2306 4509 2751 4590 adolescentize
2813 4505 3252 4590 temporibus,
3321 4503 3512 4582 eique

1939 4582 2236 4653 Nic-tenus
2294 4588 2376 4647 ob
2414 4587 2660 4670 ingenii
2714 4586 2965 4648 laudem
3029 4584 3186 4670 adeo
3225 4582 3514 4670 impense

1933 4669 2196 4740 faverat,
2235 4675 2305 4728 ut
2359 4684 2434 4728 eo
2495 4662 2818 4726 adnitente
2865 4679 2990 4723 non
3041 4662 3283 4722 ordinis
3327 4664 3514 4740 modo

1936 4747 2136 4828 totius
2184 4737 2664 4824 przel'ecturam,
2701 4743 2809 4828 sed
2862 4737 3512 4828 etiam_ca_rdinalatus

1933 4817 2248 4905 honorem
2305 4840 2445 4884 mox
2489 4817 2658 4905 esset
2704 4822 2998 4900 adeptus.
3049 4817 3166 4879 Sed
3209 4817 3510 4905 beneﬁcia

1933 4904 2067 4968 11836
2099 4919 2348 4979 magna,
2385 4907 2453 4963 ut
2508 4894 2889 4979 plerumque
2953 4894 3253 4959 usuvenit
3281 4937 3297 4967 ,
3331 4894 3511 4979 levis

1936 5001 2062 5048 una
2099 4971 2576 5043 otIe'nsiuncu'la
2605 4971 2862 5050 delevit,
2901 4983 3040 5050 post
3084 4971 3511 5052 quantillum

1930 5063 2149 5126 Sixtus
2185 5057 2355 5140 haud
2395 5057 2734 5140 mquesibi
2766 5070 3032 5140 pronum
3069 5050 3139 5114 ac
3171 5050 3413 5140 facilem
3447 5053 3511 5112 in

1931 5137 2265 5218 electionis
2305 5135 2560 5218 negotio
2588 5131 2924 5218 intellexit.
2964 5131 3186 5207 Itaque
3213 5131 3335 5218 sub
3377 5131 3510 5218 ipsa

1932 5207 2503 5297 regnidprimordia
2564 5231 2706 5274 cum
2763 5211 3147 5297 declarasset
3170 5207 3334 5297 _nih_i_l
3378 5207 3511 5268 suis

1931 5285 2092 5358 votis
2127 5285 2255 5376 jam
2293 5293 2624 5376 reliquum
2666 5308 2807 5353 esse
2839 5305 3025 5368 quam
3084 5285 3252 5376 bello
3275 5288 3513 5376 Turcas

1927 5369 2285 5454 asperrimo
2326 5369 2626 5450 persequi
2663 5413 2678 5442 ,
2735 5383 3122 5454 omnemque
3165 5369 3231 5454 in
3264 5374 3508 5454 i-ehtaui

1929 5441 2226 5532 praeclara
2257 5441 2435 5512 suam
2465 5441 2724 5532 operam
2758 5463 2828 5508 ac
2856 5441 3154 5532 studium
3175 5441 3510 5532 obtulisset

1931 5520 2294 5609 Bessarion.
2343 5537 2412 5609 ut
2469 5520 2670 5609 virum
2721 5540 3043 5609 summum
3081 5520 3335 5609 sibique
3378 5522 3505 5600 jam

1927 5626 2185 5690 gravem
2244 5605 2499 5690 longius
2538 5604 2616 5690 anb
2649 5605 2794 5690 aula
2847 5605 3226 5690 removeret,
3260 5604 3316 5658 ei
3369 5617 3513 5676 per—

1928 5680 2161 5769 cupide
2183 5704 2267 5769 ac
2305 5680 2514 5769 statim
2549 5683 2854 5769 Gallicam
2897 5680 3277 5769 legationem
3329 5694 3508 5769 com~

1936 5757 2130 5832 misit.
2166 5763 2400 5828 Oneris
2444 5761 2766 5826 immensi
2828 5757 2983 5823 bwc'
3015 5757 3215 5822 moles
3269 5757 3504 5818 nedum
