3990 6218
428 310 561 353 LXIII

431 412 756 467 eliianorum
807 410 976 482 praed.
1022 410 1324 467 animarum
1367 411 1525 467 saluti
1569 412 1748 466 valeat
1783 412 2018 468 salubri-

434 514 518 560 ter
544 503 867 574 provideri,
898 518 963 559 ae
1000 517 1200 559 mensae
1222 503 1537 571 capitularis
1564 502 1725 559 dictae
1756 504 2009 570 basilica},

433 597 479 650 si
527 608 635 666 qua
685 596 778 659 sit,
824 594 1118 660 fructuum,
1173 593 1479 649 reddituum
1533 607 1597 649 ac
1637 603 2004 664 proventuum

428 702 586 742 veros
651 687 868 743 valores
924 700 1135 740 annuos
1182 685 1537 755 praesentibus
1581 702 1678 756 pro
1735 685 2011 758 expressis

425 779 708 843 habentes,
763 779 868 832 tuis
914 778 970 832 in
1015 779 1116 832 hac
1143 787 1295 846 parte
1320 779 1813 849 supplicationibus
1852 779 2011 834 incli-

428 868 561 934 nati,
610 867 1089 936 circumspectioni
1137 879 1241 924 “1:2
1277 870 1604 925 auctoritate
1654 880 1839 925 nostra
1875 885 2010 940 pra:-

425 960 592 1023 dicta,
639 961 1027 1015 canonicornm
1073 969 1126 1017 et
1162 962 1574 1031 prmliendarum
1610 979 1893 1019 numerum
1942 964 2008 1017 ad

427 1064 721 1104 numerum
767 1060 1008 1120 quatuor
1060 1053 1349 1108 reducendi
1382 1069 1445 1109 ac
1468 1056 1742 1110 statuendi
1779 1063 1832 1110 et
1852 1056 2008 1110 ordi-

426 1141 625 1207 nandi,
682 1143 826 1211 quod
880 1154 1134 1200 vacantes
1191 1145 1470 1214 praedicti,
1529 1156 1580 1199 et
1635 1155 1748 1202 tres
1795 1147 1885 1201 alii
1960 1149 2005 1202 si

421 1243 624 1288 vacant
655 1234 721 1288 ad
757 1249 1019 1304 praesens,
1052 1236 1136 1291 vel
1179 1252 1315 1306 quos
1346 1230 1522 1308 primo
1548 1253 1745 1293 vacare
1766 1240 2009 1306 contige-

424 1323 514 1388 rit,
547 1325 799 1393 personis
830 1324 883 1378 in
918 1327 1235 1382 sacerdotio
1283 1328 1591 1385 constitutis
1616 1344 1735 1399 qure
1761 1331 1899 1398 apud
1924 1320 2027 1384 di-l

423 1424 565 1469 ctam
615 1416 896 1484 basilicam
938 1419 1307 1485 personaliter
1347 1420 1589 1475 residere
1633 1421 1820 1491 illiqne
1845 1422 1896 1475 in
1926 1423 2006 1475 di-

420 1503 566 1560 vinis
613 1504 924 1573 huiusmodi
994 1507 1270 1562 deservire
1327 1522 1392 1564 ac
1447 1524 1634 1564 curam
1692 1510 2002 1576 praedictam

420 1608 608 1658 gerere
637 1604 691 1649 et
713 1610 969 1650 exercere
992 1596 1253 1651 continuo
1273 1606 1580 1652 teneantur.
1609 1596 1856 1666 Alioquin
1886 1612 1991 1652 non

422 1686 719 1742 residentes
767 1697 819 1742 et
878 1703 980 1742 non
1026 1685 1419 1753 deservientes,
1469 1704 1534 1743 ac
1578 1704 1763 1744 curam
1819 1689 2002 1758 hujus-

421 1778 562 1832 modi
613 1794 718 1834 non
765 1788 1102 1842 exercentes,
1151 1789 1210 1833 ut
1249 1779 1557 1848 praefertur,
1584 1780 1999 1835 canonicatibus

418 1877 473 1920 et
499 1868 803 1935 prtcbcndis
834 1885 926 1938 per
949 1884 1043 1923 eos
1068 1869 1305 1923 obtentis
1338 1871 1610 1939 praebetis
1637 1872 1831 1940 privati
1872 1872 2000 1936 sint,

420 1958 604 2028 illique
643 1976 839 2016 vacare
883 1971 1208 2017 censeantur
1236 1976 1300 2016 eo
1329 1962 1464 2030 ipso,
1501 1962 1566 2017 de
1593 1970 1788 2016 caetero
1815 1976 2006 2031 perpe-

418 2051 530 2107 tuis
576 2052 774 2107 l'uturis
824 2054 1160 2123 temporibus
1212 2052 1603 2117 conferantur,
1655 2067 1717 2107 ac
1768 2054 2006 2123 reliquos

416 2158 485 2198 ex
518 2143 736 2212 ,eisdem
782 2145 1195 2200 canonicatibus
1238 2156 1292 2199 et
1345 2146 1650 2215 praebendis
1697 2162 1859 2216 quam
1887 2149 2003 2217 pri-

416 2250 564 2290 mum
631 2235 748 2290 illos
814 2236 976 2291 simul
1029 2236 1111 2301 vel
1160 2237 1471 2291 successive
1515 2251 1611 2307 per
1642 2252 1853 2292 cessum
1911 2248 2004 2293 aut

416 2328 700 2382 decessum
752 2327 871 2383 illos
919 2328 1332 2396 obtinentium,
1400 2343 1499 2383 seu
1555 2329 1675 2385 aliis
1722 2330 2005 2399 quibusvis

414 2416 590 2473 modis
635 2432 831 2474 vacare
868 2418 1188 2490 contigerit,
1222 2419 1434 2475 etiamsi
1478 2434 1669 2475 omnes
1707 2422 2004 2476 canonica-

415 2518 504 2564 tus
553 2517 609 2565 et
652 2509 952 2578 praebenda:
1007 2511 1092 2565 vel
1127 2525 1319 2567 eorum
1367 2509 1534 2581 aliqui
1564 2512 1875 2582 specialiter
1907 2527 2002 2568 seu

410 2601 743 2670 generaliter
798 2602 1139 2669 dispositioni
1187 2605 1499 2674 apostolicae
1548 2606 1807 2660 reservati
1852 2605 2004 2660 essi-

413 2701 589 2763 stapt,
618 2693 985 2761 supprimendi
1018 2695 1234 2764 penitus
1265 2706 1320 2749 et
1350 2696 1752 2767 exstinguendi;
1785 2711 1849 2752 ac
1876 2698 2004 2752 sub-

413 2794 705 2852 sequenter
735 2792 928 2848 terras,
949 2784 1096 2853 jura,
1121 2786 1494 2856 possessiones
1516 2797 1570 2840 et
1592 2787 1730 2842 bona
1754 2802 2004 2858 suppres.

412 2888 597 2928 sorum
647 2867 1063 2930 eattonicatunm
1116 2885 1169 2931 et
1223 2878 1639 2949 prmbcndarum
1696 2879 2002 2951 hujusmodi

411 2966 568 3044 dicta:
625 2982 852 3032 mensae,
905 2970 951 3023 si
1000 2984 1103 3039 qua
1139 2971 1248 3037 sit,
1281 2970 1521 3041 alioquin
1551 2973 1617 3026 de
1648 2987 1785 3027 nova
1817 2989 1913 3042 per
1953 2984 2003 3030 te

411 3058 759 3114 instituenda:
798 3075 893 3130 pro
927 3060 1263 3130 quotidianis
1315 3062 1791 3121 distributionibus
1856 3066 1998 3121 inter

411 3152 709 3207 canonicos
733 3162 784 3207 et
817 3153 1128 3220 capellavins
1153 3155 1396 3225 ejusdem
1430 3155 1669 3212 basilicae
1699 3157 1751 3211 in
1779 3157 1867 3212 illa
1894 3156 1985 3213 di-

342 3270 357 3282 σ
411 3244 552 3298 vinis
585 3242 778 3299 olliciis
802 3244 1192 3300 interessentes
1218 3247 1609 3303 distribuendis
1637 3264 1760 3303 cum
1790 3264 1984 3304 eorum

413 3337 700 3399 fructibus,
749 3336 1048 3391 redditibus
1099 3352 1162 3391 ac
1199 3340 1579 3407 proventibus,
1610 3334 1998 3413 aliisquejuri-

410 3427 516 3483 hus
546 3435 600 3485 et
628 3428 976 3496 pertinentiis
1012 3430 1129 3483 suis
1157 3429 1207 3482 in
1244 3438 1571 3499 perpetuum
1601 3430 1845 3502 uniendi,
1888 3448 1992 3489 an-

412 3522 686 3585 nectcndi,
718 3521 1020 3591 applicandi
1076 3532 1129 3576 et
1179 3524 1554 3593 approbandi,
1608 3541 1820 3581 necnon
1851 3532 1995 3597 quod

413 3612 657 3678 interim,
679 3626 965 3682 quousque
987 3612 1228 3666 reductio
1263 3620 1318 3667 et
1346 3612 1449 3667 alia
1484 3615 1791 3685 praemissa.
1827 3617 1871 3672 si
1898 3632 1996 3686 per

413 3711 468 3755 te
512 3700 662 3767 fient,
717 3700 956 3755 debitum
1009 3701 1308 3756 sortiantur
1354 3700 1628 3770 eﬂ'ectum,
1674 3706 1900 3776 quilibet
1929 3723 1993 3762 ex

414 3789 577 3844 dictis
600 3789 879 3844 canonicis
910 3791 1050 3859 apud
1080 3789 1359 3860 praefatam
1401 3792 1684 3848 basilicam
1716 3811 1819 3849 non
1854 3798 1995 3850 resi-

415 3881 699 3946 dentibus,
752 3891 805 3936 et
849 3881 902 3935 in
956 3880 1044 3935 illa
1076 3882 1272 3936 divinis
1309 3880 1502 3940 umciis
1530 3884 1845 3956 hujusmodi
1885 3905 1991 3942 non

421 3975 874 4029 interessentibus
901 3989 1064 4029 unam
1097 3976 1361 4031 duntaxat
1392 3979 1679 4047 percipiat,
1722 3981 1829 4033 alia
1864 3996 1994 4035 vero

421 4067 687 4123 medietas
724 4081 943 4121 suorum
1000 4070 1414 4125 canonicatuum
1476 4071 1633 4141 117
1664 4082 1717 4127 et
1750 4075 1997 4143 praeben-

412 4163 604 4214 darum
636 4159 947 4229 hujnsmodi
978 4159 1136 4214 dictae
1163 4176 1363 4216 mensa:
1388 4177 1489 4231 pro
1515 4163 1996 4220 distributionibus

412 4249 654 4320 prmlatis
675 4251 1024 4321 assignetur,
1052 4254 1306 4322 quodque
1342 4254 1523 4308 nullus
1564 4268 1630 4309 ex
1671 4256 1875 4312 eisdem
1907 4274 1999 4311 ca-

412 4342 625 4398 nonicis
650 4344 715 4397 de
741 4342 1015 4411 praedictis
1045 4358 1139 4420 seu
1169 4344 1292 4399 aliis
1315 4345 1806 4402 distributionibus
1826 4350 1997 4420 ipsius

411 4433 669 4501 basilicae,
701 4435 913 4489 etiamsi
965 4418 1154 4489 illa'in
1198 4436 1568 4493 oblationibus
1614 4454 1707 4494 seu
1734 4418 1859 4495 aliis
1878 4443 1999 4510 qui-

409 4525 733 4595 huscunque
774 4527 1099 4590 consistant,
1133 4542 1231 4597 pro
1275 4530 1575 4583 resldentia
1615 4545 1709 4586 seu
1763 4531 2000 4587 interi-s-

412 4619 589 4675 seutia
635 4618 867 4687 alicujus
908 4618 1015 4672 diei
1043 4618 1245 4688 aliquid
1275 4619 1556 4689 percipere
1585 4622 1777 4691 possit,
1812 4624 1914 4677 nisi
1942 4625 1996 4680 in

412 4708 603 4764 eadem
657 4708 881 4761 basilica
924 4722 1020 4775 per
1065 4718 1234 4762 tntum
1260 4723 1462 4764 annum
1496 4712 1845 4768 residentiam
1876 4730 1999 4785 per-

413 4800 654 4858 sonalem
701 4800 895 4856 fecerit
941 4811 996 4854 et
1039 4801 1093 4855 in
1129 4815 1192 4856 ea
1239 4802 1436 4858 divinis
1470 4803 1781 4873 hujusntodi
1834 4808 1999 4863 inter-

414 4893 603 4957 fuerit,
629 4905 693 4946 ac
726 4891 913 4945 omnia
944 4900 999 4945 et
1030 4890 1241 4960 singula
1279 4891 1384 4947 alia
1420 4893 1564 4949 circa
1597 4898 1878 4966 praemissa
1903 4914 1998 4954 ne-

414 4984 658 5040 eessaria
679 5023 694 5050 ,
733 4998 831 5039 seu
862 4983 1277 5053 quomodolibct
1310 4995 1616 5054 opportuna
1642 5026 1657 5052 ,
1694 4990 1993 5056 statuendi,

415 5077 726 5142 ordinandi,
753 5078 1100 5141 decernendi,
1131 5077 1361 5133 faciendi
1388 5089 1445 5133 et
1469 5082 1800 5152 exsequendi
1824 5098 1840 5149 ;
1868 5095 1999 5138 con-

420 5169 747 5225 tradictores
782 5184 1000 5240 quoque
1040 5184 1136 5239 per
1168 5184 1455 5226 censuram
1486 5173 1912 5230 ecclesiasticam
1942 5184 1998 5230 et

416 5264 522 5318 alia
574 5261 715 5334 juris
756 5264 1019 5329 remedia,
1064 5265 1428 5335 appellatione
1486 5268 1809 5338 postposita,
1848 5284 1999 5323 com-

415 5351 676 5428 peséendi
728 5358 944 5429 plenam
971 5367 1027 5413 et
1071 5357 1298 5414 liberam
1340 5360 1665 5415 auctoritate
1701 5363 1999 5430 apostolica

419 5460 608 5505 tenore
662 5450 1012 5519 praesentium
1054 5442 1423 5507 concedimus
1472 5451 1784 5508 facultatem
1826 5471 1841 5509 :
1888 5470 1998 5510 non

415 5541 765 5597 obstantibus
797 5525 1214 5613 quibuscunque
1242 5543 1729 5600 constitutionibus
1763 5555 1818 5601 et
1850 5548 2001 5602 ordi-

415 5629 732 5707 nationibus
784 5631 1138 5700 apostolicis,
1194 5648 1260 5690 ac
1316 5637 1476 5691 dieue
1534 5637 1782 5694 basilica:
1844 5640 1999 5710 jura-

413 5720 1091 5791 mento,‘conlirmatione
1130 5729 1471 5799 apostolica,
1526 5727 1608 5787 vel
1660 5730 1850 5802 quavis
1902 5731 1995 5788 lir-

1219 296 1317 357 DE
1354 297 1535 361 VITA
1572 295 1670 356 ΕΤ
1711 296 1968 359 REBUS
2001 294 2274 359 GESTIS
2310 298 2816 363 BESSAR-IONIS

3572 310 3699 353 Lm

2124 414 2309 470 unitate
2361 415 2463 469 alia
2516 414 2833 478 roboratis,
2900 412 3127 469 statutis
3178 420 3234 468 et
3287 414 3697 468 consuetudini-

2119 506 2221 561 bus
2240 545 2257 568 ,
2308 507 2522 563 etiamsi
2577 508 2645 562 de
2688 506 2799 564 illis
2828 521 3131 576 eorumque
3162 504 3290 560 totis
3320 504 3602 563 tenoribus
3631 505 3699 560 de

2120 594 2286 650 verbo
2345 598 2414 651 ad
2479 597 2701 652 verbum
2755 597 2808 651 in
2853 594 3210 666 praesentibus
3259 594 3508 650 habenda
3562 593 3699 649 foret

2121 688 2343 751 mentio,
2388 687 2588 757 quibus
2629 687 2903 751 omnibus,
2941 685 3076 740 alias
3111 684 3165 738 in
3200 697 3301 738 suo
3341 683 3540 738 robore
3572 696 3698 752 per-

2119 779 2411 844 mansnris,
2462 776 2730 847 derogare
2782 776 3116 832 intendimus
3158 784 3212 830 et
3253 773 3575 843 derogamus
3603 787 3699 843 per

2118 877 2446 939 praesentes,
2492 870 2813 940 privilegiis,
2867 868 3057 940 gratiis
3087 876 3142 922 et
3188 865 3412 928 indultis
3458 863 3527 919 de
3578 876 3699 933 per-

2117 960 2380 1028 cipiendis
2424 961 2689 1016 fructibus
2736 963 2790 1016 in
2842 961 3086 1015 ahsmia
3132 958 3435 1029 praesertim
3465 957 3697 1026 patriar-

2117 1049 2354 1115 cliauum
2409 1049 2766 1104 ecclesiarum
2823 1052 2888 1105 de
2943 1051 3083 1105 dicta
3125 1050 3256 1104 urbe
3297 1047 3581 1103 canonicis
3601 1060 3697 1115 pro

2120 1145 2358 1203 tempore
2406 1123 2795 1194 exsistentibus
2851 1155 2948 1209 per
2999 1139 3183 1195 sedem
3235 1139 3593 1211 apostolicam
3638 1137 3694 1191 in

2117 1227 2299 1294 specie
2349 1242 2443 1283 seu
2475 1229 2527 1283 in
2562 1244 2760 1300 genere
2789 1231 3087 1297 concessis,
3113 1230 3439 1300 caeterisque
3473 1239 3698 1285 contra-

2118 1318 2213 1372 riis
2260 1319 2696 1389 quibuscunqne.
2730 1322 2838 1375 Aut
2860 1320 2902 1373 si
2940 1319 3106 1388 aliqui
3140 1318 3437 1388 apostolica
3466 1316 3551 1371 vel
3588 1316 3694 1371 alia

2116 1411 2309 1479 quavis
2348 1412 2676 1467 auctoritate
2724 1412 2778 1465 in
2819 1410 2966 1483 dicta
3018 1410 3241 1465 basilica
3295 1410 3346 1463 in
3396 1409 3693 1463 canonicos

2115 1501 2223 1557 sint
2255 1505 2483 1573 recepti,
2517 1504 2600 1559 vel
2633 1514 2693 1558 ut
2727 1503 3058 1574 recipiantur
3098 1503 3378 1568 insistant,
3410 1514 3505 1556 seu
3528 1513 3694 1570 super

2115 1594 2511 1661 provisionibus
2558 1596 2662 1651 sibi
2742 1594 3006 1650 faciendis
3060 1595 3129 1650 de
3173 1594 3584 1650 canonicatibus
3637 1602 3692 1647 et

2113 1685 2419 1752 praebendis
2467 1685 2634 1756 ipsius
2669 1685 2907 1741 basilica:
2933 1685 3220 1757 speciales,
3251 1685 3334 1737 vel
3369 1683 3488 1737 aliis
3521 1684 3689 1737 bene-

2115 1775 2253 1831 liciis
2283 1777 2676 1833 ecclesiasticis
2712 1779 2762 1832 in
2797 1778 2903 1832 illis
2949 1778 3194 1849 partibus
3221 1777 3502 1845 generales
3531 1777 3691 1831 dicta:

2113 1869 2257 1923 setis
2284 1868 2362 1922 vel
2392 1867 2689 1940 legatorum
2718 1870 3062 1939 impetrarint
3088 1869 3319 1934 litteras,
3350 1868 3565 1924 etiamsi
3592 1882 3689 1937 per

2112 1973 2208 2015 cas
2252 1961 2317 2012 ad
2372 1960 2774 2024 inbibitionem,
2833 1960 3257 2016 reservatiooem
3298 1970 3353 2017 et
3385 1961 3686 2035 decretum,

2113 2051 2193 2106 vel
2246 2051 2367 2107 aliis
2401 2052 2802 2122 quomodolibct
2840 2053 2910 2107 sit
2942 2053 3258 2120 provisum;
3287 2068 3423 2124 quas
3461 2055 3680 2124 quidem

2114 2134 2322 2196 litteras
2365 2148 2422 2195 et
2468 2147 2754 2209 processus
2795 2140 3009 2196 habitos
3042 2156 3137 2211 per
3167 2140 3421 2204 easdem‘.
3477 2151 3685 2198 necnon

2103 2246 2449 2304 quaecunque
2481 2232 2605 2286 inde
2645 2240 2854 2297 secuta,
2878 2234 2944 2289 ad
2977 2232 3329 2289 canonicatus
3359 2243 3412 2288 et
3434 2235 3687 2304 praeben-

2114 2327 2214 2380 das
2271 2322 2578 2394 huiusmodi
2635 2325 2885 2381 volumus
2930 2341 3037 2381 non
3079 2325 3319 2392 extendi,
3349 2325 3443 2380 sed
3478 2326 3684 2380 nullum

2113 2431 2208 2485 per
2237 2416 2338 2471 hoc
2377 2417 2458 2472 eis
2509 2417 2702 2488 quoad,
2740 2418 3137 2475 assecutionem
3183 2419 3598 2475 canonicatuum
3631 2430 3686 2477 et

2113 2510 2520 2577 praebendarum
2578 2519 2674 2564 aut
2727 2510 3114 2565 beneficiorum
3155 2510 3385 2567 aliorum
3430 2511 3687 2582 prtrjudi-

2112 2599 2257 2653 cium
2312 2599 2607 2669 generari;
2678 2615 2893 2656 necnon
2955 2602 3287 2671 quibuslibet
3349 2601 3470 2659 aliis
3520 2602 3689 2673 privi-

2114 2691 2269 2760 legiis
2293 2731 2308 2754 ,
2348 2690 2697 2762 indulgentiis
2730 2702 2782 2748 et
2829 2693 3025 2748 litteris
3059 2694 3373 2763 apostolicis
3410 2694 3685 2763 generali-

2113 2784 2212 2836 bus
2259 2780 2343 2836 vel
2382 2780 2708 2849 specialibus
2759 2796 3212 2851 quurumcunque
3260 2790 3510 2836 tenorum
3535 2782 3685 2836 exsi-

2110 2880 2288 2939 Stant,
2325 2887 2420 2942 per
2449 2886 2568 2942 quae
2598 2871 2960 2943 praesentibus
2989 2884 3097 2928 non
3125 2876 3387 2941 expressa
3424 2871 3508 2925 vel
3543 2882 3687 2925 tota-

2110 2965 2236 3021 liter
2285 2980 2389 3021 non
2443 2964 2649 3019 inserta
2703 2964 2930 3019 effectus
2975 2976 3162 3018 earum
3213 2960 3463 3031 impediri
3510 2962 3686 3015 valeat

2111 3054 2515 3126 quomodolibct
2555 3052 2638 3108 vel
2683 3050 2912 3118 dili‘erri,
2946 3060 2999 3105 et
3030 3055 3096 3107 de
3119 3051 3317 3120 quibus
3345 3065 3686 3120 quorumque

2112 3149 2242 3203 tutis
2276 3145 2557 3202 lenonibus
2604 3140 2853 3200 habenda
2881 3144 2948 3199 sit
2990 3143 3043 3197 in
3079 3143 3280 3198 nostris
3311 3143 3506 3198 litteris
3535 3158 3685 3198 men-

2113 3240 2186 3295 tio
2208 3238 2480 3309 specialis.
2510 3237 2621 3293 Nos
2654 3236 2801 3292 enim
2827 3250 2893 3291 ex
2923 3249 3063 3290 nunc
3095 3234 3310 3290 irritum
3338 3234 3684 3291 decernimus

2109 3345 2159 3389 et
2202 3332 2381 3399 inane,
2432 3332 2475 3385 si
2510 3345 2669 3386 secus
2702 3343 2865 3400 super
2896 3328 2966 3384 iis
2988 3343 3021 3382 a
3051 3327 3212 3398 118
3241 3341 3516 3398 quoquam
3552 3342 3687 3398 qua-

2112 3427 2191 3480 vis
2244 3424 2587 3499 auctoritate,
2636 3422 2874 3478 scienter
2918 3419 3005 3477 vel
3054 3421 3369 3488 ignoranter
3398 3420 3685 3491 contigerit

2108 3520 2435 3588 attemptari.

2180 3612 2370 3665 Datum
2415 3608 2600 3663 Itonia:
2643 3607 2786 3678 apud
2833 3605 2893 3662 S.
2943 3605 3187 3672 Petrum,
3235 3620 3378 3664 anno
3407 3606 3679 3663 lncarnat.

2108 3701 2399 3756 Dominica:
2463 3699 2748 3753 millesimo
2782 3697 3331 3769 [quadringentesimo
3379 3700 3680 3769 quadrage—

2107 3796 2246 3849 simo
2303 3792 2497 3854 tertio,
2558 3806 2610 3845 XI
2663 3790 2785 3847 Kal.
2841 3788 3058 3859 Martii,
3100 3792 3461 3862 pontiﬁcatus
3512 3789 3680 3848 nostri

2106 3899 2251 3940 anno
2284 3900 2399 3938 Illi.

2107 4072 2324 4127 Statum
2354 4081 2399 4126 et
2445 4072 2806 4126 ordinationes
2842 4069 3092 4140 Ecclesia:
3121 4066 3221 4125 SS.
3255 4067 3369 4125 XII
3399 4068 3684 4140 Apostolo—

2702 4158 2817 4195 rum
2847 4142 2909 4192 de
2951 4139 3106 4195 Urbe.

2177 4259 2487 4322 Bessarion,
2514 4256 2864 4312 miseratione
2912 4254 3098 4311 divina
3132 4253 3235 4311 SS.
3269 4252 3367 4312 XII
3395 4258 3681 4327 Apostolo-

2108 4367 2224 4407 rmn
2290 4352 2355 4407 de
2407 4349 2551 4405 Urbe
2601 4354 2778 4420 presb.
2828 4348 3078 4415 cardin.,
3131 4349 3350 4405 dilectis
3408 4349 3677 4420 nobisin

2105 4443 2324 4500 Cbristo
2372 4444 2628 4514 capitulo,
2667 4441 2942 4497 canonicis
2987 4451 3042 4495 et
3087 4441 3380 4511 capellanis
3409 4441 3565 4496 dicta:
3590 4455 3686 4496 ec-

2108 4534 2284 4591 clesiae
2311 4534 2536 4589 salutem
2571 4534 2623 4588 in
2659 4531 2770 4589 Deo
2800 4532 3207 4603 sempiternam.

2179 4627 2446 4695 Quoniam
2481 4623 2743 4681 effrenata
2776 4623 3051 4679 hominum
3094 4623 3362 4693 cupiditas
3404 4634 3458 4679 et
3491 4623 3690 4686 noxius

2106 4720 2395 4792 appetitus,
2444 4732 2660 4789 semper
2707 4718 2774 4771 ad
2825 4716 3025 4771 malum
3096 4731 3191 4772 sua
3231 4716 3493 4771 labilitate
3519 4715 3687 4769 decli-

2110 4827 2266 4877 nans,
2320 4810 2420 4865 nisi
2466 4811 2567 4865 sub
2616 4809 2760 4880 juris
2799 4816 2852 4864 et
2901 4807 3129 4864 rationis
3173 4811 3354 4879 regula
3395 4805 3681 4871 limitetur,

2108 4917 2274 4973 prava
2334 4902 2568 4972 quadam
2619 4900 2880 4955 abusione
2938 4908 2995 4954 et
3041 4898 3347 4968 corruptela
3406 4897 3544 4952 bene
3603 4897 3687 4949 vi-

2107 4994 2263 5050 vendi
2286 4993 2494 5065 justum
2523 4991 2768 5047 ordinem
2798 4990 3121 5060 corrumpit,
3154 4992 3337 5059 sicque
3368 4990 3567 5059 passim
3600 4988 3687 5043 di-

2107 5088 2229 5143 vina
2275 5086 2479 5157 pariter
2520 5093 2576 5139 et
2615 5083 2854 5137 humana
2901 5083 3152 5137 instituta
3184 5082 3494 5151 tequissinia
3524 5083 3686 5150 depe-

2104 5188 2268 5249 reunt
2295 5197 2310 5235 :
2341 5174 2832 5244 idcirco,volentes
2864 5175 2931 5228 ad
2965 5173 3224 5228 honorem
3255 5184 3310 5226 et
3340 5171 3555 5228 laudem
3592 5174 3684 5226 Al-

2109 5273 2336 5340 tissiiui,
2394 5272 2637 5331 omnium
2695 5268 3004 5336 Creatoris,
3056 5266 3420 5338 apostolorum
3471 5282 3688 5339 quoque

2106 5363 2339 5435 Philippi
2383 5373 2439 5418 et
2486 5362 2699 5428 Jacobi,
2731 5375 2963 5431 quorum
3004 5373 3246 5430 corpora
3284 5358 3338 5414 iu
3372 5359 3558 5417 eadem
3594 5375 3688 5416 ec-

2107 5456 2273 5512 clesia
2324 5454 2601 5509 recondita
2648 5460 2795 5516 sunt,
2830 5459 2883 5508 et
2915 5451 3147 5505 aliorum
3175 5450 3551 5522 apostolorum
3581 5453 3686 5502 sub

2107 5562 2338 5619 quorum
2389 5544 2701 5601 nominibus
2754 5545 2894 5600 dicta
2943 5542 3177 5599 ecclesia
3216 5548 3530 5597 consecrata
3578 5550 3685 5603 εει,

2107 5654 2313 5710 proque
2371 5637 2723 5706 ampliatione
2789 5635 2957 5691 divini
3010 5634 3189 5690 cultus
3254 5631 3563 5702 respicere,
3619 5643 3690 5685 ac

2109 5732 2270 5792 etiam
2305 5748 2372 5790 ex
2401 5731 2581 5788 debito
2623 5729 2799 5788 nostri
2828 5729 2991 5801 tituli,
3037 5742 3145 5819 quo
3171 5726 3348 5784 eidem
3382 5721 3689 5798 praesiden-
