3990 6218
280 301 379 345 ιιν

272 416 354 463 tes
387 407 636 464 ecclesiae
659 407 727 464 ad
771 409 824 464 id
879 425 979 466 nos
1013 414 1401 480 cOgnoscimus
1434 417 1724 484 obligatos,
1757 419 1840 471 itt-

272 501 588 570 frascriptas
643 501 914 558 edidimus
965 518 1131 573 super
1172 505 1556 563 reformatione
1607 509 1844 577 praelate

267 593 507 648 ecclesia:
535 608 601 648 ac
623 595 998 649 ministrorum
1025 596 1142 666 ejus
1165 599 1580 654 consntutiones
1605 601 1846 668 etheforo

267 686 539 740 mationes
574 696 681 740 tam
723 687 1090 756 spiritualium
1138 705 1298 758 quam
1331 693 1727 762 temporalium.
1764 696 1845 750 Ad

269 791 364 830 eas
422 779 606 845 igitur,
663 779 757 831 lilii
785 779 993 845 dilecti,
1028 781 1289 836 inclinate
1320 785 1650 839 unanimiter
1685 802 1846 842 aures

269 881 504 934 vestras,
561 871 814 928 adhibete
871 876 1312 943 promptitudinis
1349 877 1704 946 intellectum,
1735 881 1849 936 col-

272 962 500 1031 ligentes
549 964 818 1019 seminum
869 968 1075 1023 fructus
1118 983 1258 1038 quos
1289 971 1342 1024 in
1368 986 1498 1041 agro
1527 982 1720 1027 vestra:
1753 976 1846 1026 de-

269 1053 502 1108 votionis
555 1057 893 1124 providentia
954 1069 1181 1126 paterna
1238 1066 1584 1130 eonSpetgit,
1641 1066 1845 1119 sicca

269 1145 467 1199 culturi
513 1147 697 1201 studio
733 1149 996 1216 diligenti,
1036 1153 1180 1220 quod
1216 1169 1404 1224 sparsa
1443 1155 1847 1210 fruetificentet

267 1239 482 1304 operosi
524 1237 724 1294 laboris
748 1235 1022 1309 speratam
1047 1243 1334 1298 utilitatem
1374 1249 1702 1302 conducant.
1741 1247 1845 1302 Eas

267 1327 435 1392 igitur
469 1329 772 1396 huiusmodi
806 1333 1231 1388 constitutiones
1267 1344 1320 1391 et
1352 1337 1720 1391 ordinationes
1754 1353 1845 1392 vo-

263 1401 352 1472 bis
392 1429 449 1472 et
493 1422 716 1475 cuilibet
748 1432 984 1478 vestrum
1021 1427 1120 1480 sub
1150 1429 1323 1496 pomis
1355 1431 1404 1482 in
1437 1430 1501 1483 iis
1535 1432 1844 1486 constitutis

263 1512 551 1566 observari
579 1516 918 1582 praecipimus
948 1529 1002 1571 et
1028 1519 1364 1575 mandamus.

468 1645 547 1698 De
587 1664 800 1702 numero
831 1651 1201 1706 canonicorum
1247 1666 1295 1706 et
1325 1655 1630 1710 residentia.

337 1781 396 1834 In
449 1782 640 1850 primis
670 1785 887 1854 quidem
925 1789 1217 1843 statuimus
1255 1799 1308 1845 et
1335 1792 1668 1856 ordinamus,
1700 1793 1841 1863 quod

268 1873 321 1926 in
369 1875 509 1928 dicta
539 1876 770 1931 ecclesia
814 1880 1089 1946 perpetuis
1133 1879 1330 1936 futuris
1365 1884 1696 1952 temporibus
1731 1887 1841 1941 sint

270 1974 322 2018 et
353 1981 474 2020 csse
502 1966 740 2020 debeant
769 1979 1000 2036 quatuor
1029 1971 1278 2025 canonici
1315 1973 1647 2040 praebendati
1697 1977 1840 2031 dun-
1864 1995 1872 2004 ·

275 2068 436 2120 taxat,
490 2057 647 2124 juxta
703 2060 1152 2115 constitutionem
1193 2075 1245 2116 et
1294 2064 1694 2122 ordinatione":
1744 2067 1837 2121 fel.

277 2151 478 2202 record.
535 2149 768 2219 Eugenii
822 2167 969 2220 papae
1013 2151 1101 2220 IV,
1155 2165 1312 2224 prout
1355 2156 1407 2211 in
1447 2157 1615 2225 ipsius
1644 2159 1842 2215 litteris

276 2237 435 2308 119
473 2254 636 2308 super
672 2241 797 2295 inde
833 2242 1094 2299 confectis
1124 2245 1336 2312 plenius
1368 2249 1698 2302 continetur.
1735 2249 1839 2316 Qui

272 2331 484 2398 quidem
517 2341 753 2400 quatuor
786 2335 1050 2402 canonici,
1079 2338 1170 2405 qui
1203 2351 1303 2406 pro
1337 2346 1579 2407 tempore
1609 2339 1834 2406 fuerint,

272 2428 556 2475 teneantur
608 2430 662 2477 et
694 2423 922 2478 debeant
967 2425 1021 2479 in
1061 2426 1205 2480 dicta
1246 2429 1474 2483 ecclesia
1505 2430 1744 2484 residere
1775 2444 1841 2486 ac

269 2525 592 2568 nocturnam
638 2515 771 2570 inibi
804 2517 1150 2572 residentiam
1187 2535 1280 2588 per
1309 2531 1478 2574 totum
1519 2536 1721 2576 annum
1751 2522 1836 2576 in-

268 2616 477 2674 tegrum
521 2621 553 2661 a
627 2605 858 2662 Kalend.
906 2612 1110 2666 mensis
1142 2608 1414 2678 Octobris,
1447 2624 1500 2668 et
1530 2615 1840 2670 successive

265 2700 616 2768 ulsequitnr,
639 2701 898 2756 continuo
928 2701 1142 2768 facere;
1175 2704 1427 2774 quodque
1453 2705 1498 2760 si
1530 2707 1835 2776 bujusmodi

263 2791 616 2846 residentiatn
671 2793 1009 2862 integraliter
1054 2809 1159 2849 non
1203 2794 1458 2863 fecerint,
1505 2799 1598 2854 sed
1625 2814 1720 2868 per
1744 2815 1838 2854 sex

268 2894 477 2937 tantum
523 2899 738 2938 menses
784 2888 1256 2954 perum-laverint,
1313 2900 1420 2943 tres
1453 2889 1684 2945 florettos
1727 2890 1836 2944 llo-

265 2991 492 3042 manas;
543 2979 634 3044 qui
689 2991 818 3030 vero
868 2977 1127 3048 integram
1191 2980 1534 3035 residentiam
1593 2983 1837 3050 perfece-

265 3070 372 3120 rint
401 3083 501 3136 per
552 3077 722 3122 telum
772 3083 998 3133 annum,
1047 3085 1141 3124 sex
1190 3069 1427 3127 florenos
1473 3075 1722 3128 similiter
1771 3076 1837 3130 de

267 3160 649 3213 communibus
676 3161 918 3215 ecclesia:
946 3162 1293 3230 proventibus
1311 3178 1338 3216 a
1363 3167 1662 3219 camerario
1680 3167 1836 3222 dictae

269 3253 515 3305 ecclesia.-
562 3253 653 3320 qui
719 3252 882 3307 fuerit
927 3268 1024 3320 pro
1079 3263 1319 3324 tempore
1373 3257 1710 3325 percipiant;
1773 3274 1838 3314 ac

270 3346 355 3412 qui
412 3345 591 3398 minus
623 3360 716 3399 sex
757 3346 1034 3400 mensibus
1065 3349 1484 3415 pernoctaverit,
1532 3350 1633 3402 nisi
1681 3351 1836 3404 infir-

273 3435 454 3487 mitate
510 3441 605 3487 aut
657 3434 764 3488 alia
814 3435 1056 3504 legitima
1103 3451 1268 3492 causa
1312 3437 1471 3492 fuerit
1519 3441 1833 3510 impeditus,

272 3526 405 3578 nihil
432 3527 656 3581 omnino
686 3527 969 3597 percipiat.
999 3527 1054 3582 Si
1082 3544 1211 3584 vero
1232 3530 1425 3600 aliquis
1446 3534 1834 3589 canonicorum

273 3631 368 3686 per
412 3633 609 3671 annmn
657 3619 918 3688 integrum
970 3621 1321 3677 residentiam
1358 3639 1464 3678 non
1499 3625 1710 3691 fecerit,
1745 3642 1837 3681 ca-

275 3707 527 3761 ttonicatu
567 3707 802 3777 praefata:
851 3711 1104 3767 ecclesiae
1146 3714 1219 3766 sit
1256 3714 1370 3782 ipso
1401 3715 1541 3771 facto
1567 3719 1833 3784 privatus,

274 3799 346 3850 ita
373 3798 517 3866 quod
551 3814 628 3875 ex‘
643 3809 749 3854 tum
778 3802 922 3857 dicto
955 3818 1096 3858 anno
1121 3803 1328 3873 elapso,
1362 3808 1467 3862 nisi
1500 3809 1564 3862 de
1597 3808 1835 3875 legitimo

275 3872 655 3955 impediment'o
686 3893 1030 3958 constiterit,
1070 3872 1228 3950 liceat
1267 3898 1526 3952 cardinali
1573 3915 1670 3968 pro
1703 3913 1838 3955 tem-

273 3994 399 4049 pore
453 3982 758 4047 exsistenti,
799 4000 892 4040 seu
940 3991 1098 4041 etiam
1141 3988 1344 4044 vicario
1370 3993 1750 4046 canonicatum
1781 4000 1836 4046 et

275 4073 612 4140 prmbendam
659 4092 764 4131 non
815 4079 1103 4135 residentis
1175 4082 1426 4137 canonici
1456 4083 1547 4138 alii
1603 4085 1672 4140 de
1711 4086 1834 4155 jure

273 4164 540 4228 conferre,
569 4183 668 4222 nec
691 4172 990 4239 superioris
1029 4175 1205 4243 aliqua
1231 4174 1369 4242 juris
1399 4175 1714 4233 solemnitas
1740 4185 1834 4232 aut

273 4263 532 4313 sententia
565 4263 882 4330 privationis
917 4274 970 4319 et
1000 4267 1355 4322 declaratoria
1388 4270 1724 4338 requiratur.

277 4372 344 4426 De
371 4377 676 4442 juramento
735 4378 974 4430 canonici
1022 4395 1122 4432 non
1182 4381 1459 4436 residentis
1491 4391 1539 4435 et
1598 4384 1834 4440 absentia

613 4447 946 4515 puntillanda
977 4464 1070 4516 per
1108 4453 1479 4504 camerarinm.

335 4558 488 4626 Item,
529 4575 597 4613 ne
629 4559 682 4614 in
720 4562 1084 4629 pernoctando
1120 4562 1270 4618 fraus
1305 4564 1482 4634 aliqua
1528 4569 1835 4622 committa-

272 4652 425 4704 turin
463 4663 762 4721 posterum,
800 4654 1091 4709 statuimus
1122 4664 1174 4710 et
1197 4656 1516 4713 ordinamus
1541 4661 1683 4728 quod
1721 4662 1833 4716 sin-

272 4742 404 4808 gulis
429 4744 640 4798 duobus
685 4744 960 4799 mensibus
1009 4745 1236 4815 quilibet
1272 4748 1564 4804 canonicus
1589 4759 1836 4805 teneatur

275 4841 323 4884 et
353 4832 542 4887 debeat
574 4833 629 4888 in
651 4835 898 4888 manibus
927 4835 1130 4903 praefati
1159 4836 1342 4891 vicarii
1371 4839 1666 4894 cardinalis
1698 4855 1833 4906 pra:—

273 4925 490 4977 sentiatn
517 4939 613 4979 seu
633 4925 951 4979 absentiam
991 4941 1144 4981 suam
1177 4938 1496 4984 nocturnam
1538 4930 1718 4984 medio
1750 4931 1830 5002 ju-

274 5025 509 5071 ramento
555 5031 846 5084 accusare,
887 5027 944 5072 et
1001 5019 1341 5074 camerarius
1395 5019 1553 5074 dictae
1587 5023 1831 5076 ecclesia!

275 5104 408 5158 iilam
440 5107 494 5160 in
550 5107 688 5162 libro
713 5122 813 5162 suo
839 5117 1104 5162 annotare
1137 5119 1188 5163 et
1212 5109 1522 5164 describere
1544 5121 1830 5179 teneatur;

274 5198 339 5251 ita
369 5200 506 5269 quod
537 5201 805 5271 completo
838 5217 984 5257 anno
1012 5202 1315 5256 residentiaa
1363 5203 1633 5272 praedicta:
1662 5205 1834 5274 possit

272 5288 333 5344 de
384 5294 667 5360 praesentia
691 5304 746 5348 et
767 5293 1009 5350 absentia
1045 5295 1289 5348 canonici
1353 5305 1626 5350 constare.

270 5427 338 5482 De
368 5431 570 5484 duabus
601 5431 772 5485 missis
814 5431 1052 5484 dicendis
1112 5432 1344 5499 quotidie
1372 5428 1375 5431 ’
1400 5449 1492 5502 per
1530 5437 1830 5492 canonicos.

335 5547 483 5610 item,
517 5547 808 5603 statuimus
839 5558 894 5602 et
926 5549 1242 5603 ordinamus
1276 5551 1415 5618 quod
1440 5551 1568 5605 dicti
1594 5564 1832 5620 quatuor

264 5622 504 5694 canonici
534 5649 828 5694 teneantur
852 5646 914 5695 ad
944 5642 1125 5697 minus
1154 5644 1413 5712 qualibet‘
1437 5645 1526 5698 die
1553 5644 1831 5700 celebrare

263 5728 390 5786 duas
419 5731 616 5786 missas
641 5732 941 5790 secundum
972 5743 1098 5788 nota
1124 5748 1139 5798 ;
1167 5742 1220 5788 ct
1249 5734 1293 5790 si
1321 5733 1622 5790 defecerint
1670 5735 1828 5803 quili-

917 296 1215 358 ALOYSII
1260 299 1612 361 BANDlNll
1656 303 2284 372 COMMENTARIUS.
2310 335 2381 346 —
2419 310 2823 375 APPENDIX.

3392 331 3519 374 ιιν·

1957 425 2042 475 bet
2067 423 2321 478 deficiens
2348 425 2604 492 puniatur
2633 441 2732 495 pro
2761 425 2998 494 qualibet
3029 428 3195 486 missa
3245 431 3296 486 in
3332 434 3489 491 bolen
3509 464 3524 476 -

1952 513 2095 567 diuis
2125 515 2296 568 tribus
2328 518 2392 568 de
2428 517 2539 570 suis
2565 515 2834 571 fructibus
2883 533 2974 587 per
3006 523 3364 578 camerarium
3426 527 3520 594 qui

1951 616 2048 670 pro
2105 615 2343 673 tempore
2397 605 2562 659 fuerit
2625 607 2970 662 deducendis.
3030 607 3290 667 Volumus
3345 623 3524 671 tamen

1949 691 2088 758 quod
2115 696 2446 749 camerarius
2480 698 2764 764 provideat
2821 699 2887 752 de
2927 705 3310 759 communibus
3340 707 3514 762 eccle-

1951 785 2048 836 siae
2073 784 2342 851 pecuniis,
2375 801 2442 840 ne
2471 787 2523 839 in
2557 788 2754 843 divinis
2777 789 3003 844 ecclesia
3032 791 3084 844 in
3109 795 3212 848 hoc
3232 796 3525 852 detrimen-

1951 881 2060 924 tum
2085 871 2304 940 aliquod
2329 877 2586 943 patiatur.

1954 984 2111 1052 120
2148 983 2223 1037 De
2248 985 2376 1039 hora
2418 987 2827 1068 Vesperartmtet
2845 995 3103 1049 Matutino
3137 998 3189 1051 in
3221 998 3522 1068 duplicibus

2643 1062 2817 1128 festis.

2020 1164 2176 1226 Item.
2209 1170 2498 1224 statuimus
2527 1181 2584 1225 et
2619 1175 2933 1230 ordinamus
2981 1180 3125 1246 quod
3160 1182 3210 1234 in
3249 1184 3518 1238 festivita-

1949 1257 2088 1311 tibus
2119 1269 2172 1313 et
2208 1260 2506 1317 Dominicis
2537 1264 2724 1319 diebus
2752 1267 2875 1323 dicti
2901 1281 3135 1340 quatuor
3164 1276 3410 1329 canonici
3437 1287 3518 1330 te-

1949 1361 2321 1406 neanturcum
2355 1365 2477 1409 nota
2515 1369 2736 1414 cantare
2768 1360 3034 1431 Vesperas
3070 1367 3354 1434 utriusque
3387 1368 3518 1433 diei,

1945 1440 2142 1510 vigiliae
2185 1453 2239 1496 et
2271 1441 2606 1512 festivitatis,
2643 1463 2706 1503 ac
2739 1453 3059 1508 matutinum
3095 1463 3148 1507 et
3184 1447 3399 1510 missat'n
3424 1473 3438 1520 ;
3465 1465 3522 1511 et

1947 1532 1994 1584 si
2021 1534 2466 1599 contrafecerint,
2499 1539 2726 1607 quilibet
2748 1544 2944 1599 absens
2972 1545 3222 1612 puniatur
3257 1563 3353 1616 pro
3383 1564 3522 1618 qua-

1946 1622 2076 1677 libet
2108 1626 2361 1681 horarum
2399 1629 2707 1699 bujusmodi
2747 1635 2798 1688 in
2834 1652 2939 1690 uno
2965 1637 3266 1709 bolengeno
3293 1657 3414 1696 cum
3440 1642 3523 1695 di-

1945 1715 2131 1781 midio;
2155 1719 2319 1774 missa
2348 1737 2474 1776 vero
2516 1725 2568 1777 in
2597 1725 2913 1796 bolengenis
2948 1740 3201 1798 quatuor,
3228 1732 3332 1786 nisi
3356 1732 3519 1785 fuerit

1945 1801 2190 1862 infirmus
2217 1824 2310 1862 seu
2349 1811 2400 1864 in
2435 1813 2590 1867 lactis
2613 1816 2857 1871 ecclesia:
2891 1830 3209 1888 occupatus,
3264 1823 3337 1875 ita
3369 1823 3517 1892 quod

1945 1897 2234 1956 infirmitas
2263 1904 2336 1957 sit
2361 1906 2582 1960 evidens
2613 1908 2794 1963 taliter
2826 1912 2968 1979 quod
3006 1929 3112 1966 non
3158 1916 3331 1981 possit
3363 1917 3514 1971 exire

1942 1987 2163 2043 domum
2187 2006 2296 2046 sua:
2329 1996 2698 2065 habitationis,
2729 2011 2819 2053 aut
2865 2018 3050 2071 parutn
3087 2016 3237 2058 extra
3267 2009 3518 2062 ambula-

1945 2097 2023 2148 re,
2048 2099 2142 2139 seu
2172 2089 2469 2151 secundum
2503 2093 2888 2149 discretionem
2921 2097 3107 2152 vicarii
3131 2097 3512 2167 judicandmn.

1944 2173 2202 2234 Volumus
2235 2189 2432 2249 tamen,
2466 2185 2608 2253 quod
2640 2202 2778 2241 unus
2823 2189 3063 2256 ipsorum
3101 2192 3267 2247 faciat
3327 2205 3517 2251 canto-

1943 2265 2076 2319 riam
2104 2268 2155 2320 in
2185 2273 2458 2343 prta-dictis
2485 2276 2634 2328 horis
2667 2292 2788 2331 cum
2817 2281 3207 2347 superpr-lliceo
3235 2301 3250 2350 ;
3291 2286 3338 2336 in
3365 2288 3516 2340 lt-Sll-

1941 2356 2360 2417 vitalibus-vero
2383 2365 2677 2434 majoribus
2711 2366 3020 2437 duplicibus
3050 2388 3174 2426 cum
3229 2377 3441 2442 pivialc.

1942 2469 2020 2526 De
2050 2471 2284 2529 habendo
2311 2476 2583 2553 capellano
2609 2482 2896 2553 sumptibus
2931 2487 3327 2553 canonicorum,
3359 2498 3406 2543 ct
3430 2507 3517 2545 ec-

2331 2546 2489 2600 clesia
2519 2546 2861 2604 custodienda
2895 2570 2988 2624 per
3018 2571 3126 2609 eos.

2010 2659 2166 2728 Item,
2192 2666 2479 2720 statuimus
2508 2676 2562 2721 et
2591 2668 2911 2726 ordinamus
2937 2675 3080 2740 quod
3111 2674 3239 2728 dieti
3276 2685 3513 2744 quatuor

1942 2753 2186 2807 canonici
2219 2756 2481 2813 continuo
2508 2760 2773 2816 retineant
2804 2777 2969 2817 unum
3021 2765 3301 2820 honestum
3330 2771 3514 2839 capel-

1941 2838 2122 2896 lanum
2157 2844 2248 2912 qui
2283 2861 2480 2903 canere
2509 2851 2648 2904 sciat
2681 2861 2900 2907 cautum
2928 2855 3166 2923 planum,
3194 2867 3248 2912 et
3313 2859 3370 2914 in
3397 2838 3516 2915 om-

1899 2983 1908 2989 .
1940 2933 2098 2990 uibus
2131 2936 2278 2991 horis
2314 2939 2365 2992 in
2393 2941 2646 3006 ecclesia,
2689 2943 2833 2998 sicut
2870 2947 2960 3000 alii
2994 2950 3263 3016 canooici,
3325 2952 3516 3008 deser-

1939 3026 2068 3081 viat.
2106 3027 2246 3084 Etsi
2279 3032 2687 3100 contt‘afccerit,
2744 3036 2797 3090 in
2865 3054 2973 3093 uno
3027 3041 3335 3113 bolengeno
3394 3046 3513 3100 vice

1939 3120 2179 3188 qualibet
2209 3123 2488 3190 puniatur.
2517 3123 2777 3182 Volumus
2809 3139 2982 3183 tamen
3013 3133 3158 3200 quod
3186 3136 3313 3190 dicti
3340 3151 3510 3192 cano-

1940 3209 2046 3264 nici
2078 3211 2166 3279 qui
2203 3212 2270 3264 ibi
2296 3215 2711 3283 pernoctabunt,
2747 3220 2890 3272 omni
2918 3233 3041 3274 sero
3063 3223 3313 3280 claudere
3340 3229 3516 3284 eccle-

1939 3301 2073 3355 siam
2098 3310 2402 3358 teneantur.
2431 3305 2555 3360 Etsi
2575 3308 3016 3376 contrafecerint,
3043 3312 3094 3366 in
3125 3330 3340 3382 poenam
3369 3334 3509 3388 qua-

1941 3400 2064 3445 tuor
2090 3393 2511 3464 bolengenorum
2542 3399 2805 3466 incurrat,
2846 3401 2961 3456 vice
2997 3404 3257 3473 qualibet,
3316 3409 3414 3476 qui
3451 3410 3506 3465 in

1939 3483 2123 3538 eadem
2150 3486 2432 3555 culpabilis
2457 3486 2637 3544 fuerit.

2244 3597 2322 3652 De
2347 3599 2616 3657 honestate
2649 3607 2908 3662 servanda
2942 3611 2995 3664 in
3018 3612 3195 3669 choro.

2008 3710 2160 3779 Item,
2201 3715 2494 3773 statuimus
2514 3729 2566 3772 et
2591 3720 2912 3779 ordinamus
2941 3729 3086 3795 quod
3115 3731 3364 3788 canonici
3403 3733 3500 3804 qui

1940 3814 2234 3872 praesentes
2261 3819 2422 3860 erunt
2451 3808 2503 3862 in
2540 3811 2733 3879 choro,
2769 3813 2899 3868 dum
2949 3819 3320 3876 celebrabitur
3367 3824 3512 3880 divi-

1937 3911 2067 3948 num
2103 3895 2365 3961 ofﬁcium,
2397 3908 2540 3951 stent
2563 3914 2688 3953 cum
2714 3903 2944 3956 maxima
2991 3907 3273 3965 honestate
3306 3921 3361 3965 et
3380 3911 3512 3968 abs-

1937 4001 2042 4054 que
2068 3986 2170 4040 alia
2201 3987 2674 4055 confabulatione;
2713 4001 2767 4046 et
2810 3994 3074 4051 medietas
3127 4000 3371 4066 ipsorum
3431 4003 3507 4056 sit

1937 4080 2004 4132 ab
2058 4095 2161 4132 una
2220 4093 2373 4150 parte
2432 4085 2608 4146 chori,
2662 4086 2767 4139 alia
2798 4100 2928 4140 vero
2955 4093 3021 4142 ab
3045 4089 3190 4146 alia:
3224 4107 3398 4160 neque
3433 4094 3504 4150 ab

1938 4185 2042 4224 una
2065 4183 2218 4240 parte
2245 4174 2396 4229 ebori
2420 4179 2486 4230 ad
2507 4177 2668 4231 aliam
2697 4180 2993 4243 discurrat,
3029 4191 3124 4236 aut
3152 4185 3219 4238 ab
3250 4184 3377 4241 inde
3413 4202 3504 4243 re-

1937 4263 2128 4318 cedere
2147 4264 2226 4320 vel
2254 4267 2404 4321 abire
2426 4280 2739 4337 praesumat,
2767 4273 2870 4326 nisi
2897 4275 3202 4332 necessitas
3225 4277 3511 4338 immineat

1938 4355 2182 4424 corporis
2213 4357 2299 4412 vel
2331 4362 2606 4428 negOtium
2632 4365 2902 4418 ecclesiae.
2937 4365 3000 4419 Et
3022 4367 3066 4422 si
3092 4369 3362 4438 quispiam
3421 4371 3508 4426 fe-

1939 4447 2078 4500 cerit
2111 4449 2370 4504 adversus
2403 4467 2466 4506 ea
2507 4453 2725 4522 aliquod
2761 4455 3100 4524 indecorum,
3135 4461 3314 4530 quoad
3357 4460 3506 4518 illam

1938 4539 2159 4595 missam
2184 4543 2269 4596 vel
2300 4542 2488 4599 horam
2521 4560 2619 4614 pro
2641 4548 2865 4602 absente
2889 4549 3102 4616 penitus
3143 4552 3432 4607 habeatur.

1941 4670 2094 4741 121
2131 4672 2203 4727 De
2238 4675 2718 4754 administratione
2743 4691 3199 4737 sacramentorum
3261 4685 3502 4754 facienda

2413 4763 2506 4815 per
2533 4751 2807 4803 canonicos
2858 4753 3048 4807 solum.

2007 4855 2162 4922 ltem,
2197 4861 2485 4916 statuimus
2508 4873 2562 4918 et
2584 4865 2899 4920 ordinamus
2935 4870 3077 4937 quod
3111 4871 3238 4925 dicti
3267 4880 3502 4941 quatuor

1937 4952 2183 5005 eanoniei
2209 4953 2444 5007 habeant
2475 4955 3006 5013 administrationem
3035 4961 3304 5028 parochia‘.
3326 4965 3502 5018 eccle-

1937 5042 2062 5110 site;
2091 5055 2145 5099 et
2171 5046 2313 5114 quod
2341 5047 2523 5102 nullus
2552 5050 2864 5118 capellanus
2893 5067 2990 5106 seu
3026 5054 3202 5121 aliqua
3232 5053 3334 5108 alia
3385 5070 3507 5124 per-

1940 5149 2074 5188 sona
2105 5151 2163 5190 se
2204 5137 2258 5190 in
2295 5137 2415 5206 ejus
2445 5153 2577 5194 cura
2607 5141 2790 5210 aliquo
2832 5141 2994 5198 modo
3026 5144 3252 5198 misceat
3313 5146 3413 5200 nisi
3449 5148 3501 5202 in

1937 5241 2066 5280 casu
2092 5228 2448 5295 necessitatis,
2487 5232 2569 5285 vel
2603 5234 2670 5288 de
2697 5246 2953 5303 expressa
2989 5233 3208 5290 licentia
3244 5236 3498 5292 cardina-

1937 5317 2024 5385 lis,
2061 5320 2144 5375 vel
2167 5321 2281 5391 ejus
2303 5322 2514 5389 vicarii,
2574 5340 2670 5380 seu
2703 5328 3114 5384 canonicorum.

1939 5453 2013 5510 De
2067 5457 2236 5510 missis
2295 5456 2529 5528 dicendis
2597 5475 2686 5526 per
2753 5461 3052 5528 capellanos
3107 5465 3355 5522 habentes
3415 5483 3508 5524 ca-

2285 5527 2453 5590 pellas
2477 5529 2620 5583 intra
2651 5527 2839 5600 carpas
2869 5535 3119 5590 ecclesiae.

2007 5637 2163 5705 ltem,
2193 5638 2441 5694 volumus
2479 5643 2621 5710 quod
2644 5644 2912 5713 capellani
2945 5649 3037 5718 qui
3066 5650 3119 5704 in
3149 5650 3298 5707 dicta
3325 5649 3504 5720 eccle-

1942 5733 2024 5787 sia
2052 5730 2285 5801 capellas
2316 5731 2534 5802 habent,
2574 5748 2703 5792 suas
2744 5737 2939 5798 missas
2968 5740 3245 5799 celebrent
3284 5742 3508 5798 statutis
