3990 6218
443 277 594 334 uvis

437 362 654 459 diebus,
686 399 778 447 aut
809 388 1074 448 celebrari
1107 387 1309 446 faciant
1333 403 1431 472 per
1469 389 1692 446 idoneos
1711 385 2010 444 secundum

438 479 814 538 fundationem
836 489 893 538 et
934 480 1186 539 ordinem
1231 490 1588 552 patronorum
1645 476 2015 547 capellarum;

438 583 494 631 et
526 573 572 630 si
611 573 1060 643 contrafecerint,
1112 573 1356 643 qualibet
1403 572 1523 627 vice
1580 571 1633 627 in
1689 568 2015 642 bolengenis

438 669 614 726 tribus
638 669 956 740 puniantur.

398 851 400 854 ν
440 783 518 841 De
547 781 1432 856 lampadibusaccendendisante
1470 781 1645 856 altare
1703 780 1881 849 majus
1928 794 2020 849 per

754 853 1082 923 capellanunt
1138 855 1353 920 capella:
1381 852 1443 910 S.
1467 852 1700 907 Themis.

504 969 977 1036 ltem,statnimus
1024 977 1080 1023 et
1129 967 1454 1023 ordinamus
1505 967 1651 1037 quod
1707 963 2019 1035 capellauus

387 1047 394 1056 ’
436 1064 659 1134 capella:
698 1061 756 1116 S.
799 1061 1042 1124 Thomte,
1065 1061 1187 1115 sitae
1222 1060 1276 1114 in
1311 1059 1454 1114 dicta
1480 1057 1732 1120 ecclesia,
1785 1056 1878 1126 qui
1943 1063 2020 1108 tc-

435 1165 595 1211 netur
647 1169 710 1209 ex
775 1162 1101 1208 testamento
1155 1151 1360 1220 quond.
1427 1148 1661 1204 Mancini
1718 1143 2018 1200 accendere

433 1246 744 1315 sumptibus
762 1244 981 1315 capellae
1012 1244 1150 1299 duas
1184 1243 1464 1313 lampades
1512 1251 1644 1295 ante
1672 1239 1852 1308 majus
1885 1236 2018 1290 alta-

434 1355 518 1406 re,
546 1355 668 1410 qua:
696 1337 788 1393 diu
818 1346 1088 1407 noctuque
1121 1337 1316 1391 ardere
1347 1335 1563 1400 debent,
1603 1334 1676 1387 ita
1697 1331 2013 1400 diligentem

434 1433 488 1488 in
528 1433 836 1504 hujnsmodi
875 1431 1241 1486 luminaribus
1272 1445 1332 1484 se
1358 1427 1639 1491 exhibeat,
1672 1425 1815 1494 quod
1868 1421 2016 1478 nulla

435 1527 596 1591 hora,
622 1517 732 1580 nisi
761 1539 890 1578 casn
918 1523 1166 1588 fortuito,
1201 1521 1545 1592 reperiantur
1584 1520 1870 1574 exstincta:
1902 1533 1918 1582 ;
1964 1522 2020 1568 et

443 1619 490 1674 si
520 1616 926 1681 contrafccerit,
978 1617 1096 1670 vice
1135 1615 1376 1681 qualibet
1419 1612 1676 1679 puniatur
1707 1623 1807 1679 pro
1837 1605 2014 1677 quali-

435 1710 522 1764 bet
547 1709 795 1778 lampade
822 1709 874 1760 in
904 1708 1220 1776 bolcngenis
1245 1705 1480 1760 duobus.
1517 1704 1584 1758 Et
1609 1703 1676 1757 de
1706 1702 1810 1755 hoc
1837 1708 2013 1755 stetur

436 1801 582 1857 dicto
611 1800 925 1863 earnerarii,
949 1814 1042 1854 seu
1073 1799 1216 1852 alius
1255 1799 1500 1851 honeSta:
1529 1807 1800 1864 persontr,
1840 1792 2018 1846 medio

429 1895 768 1964 juramento.
802 1891 868 1945 Et
901 1891 945 1947 si
977 1890 1296 1959 capellanus
1328 1889 1430 1943 huc
1484 1886 1669 1942 facere
1723 1897 2019 1940 recusave-

432 1986 528 2051 rit,
547 1986 789 2040 vicarius
804 1983 1100 2039 cardinalis
1122 1991 1372 2038 teneatur
1396 1981 1654 2035 ordinare
1677 1981 1816 2048 quod
1840 1977 2014 2033 dictas

432 2077 711 2146 lampades
739 2077 1002 2130 accendat
1028 2087 1154 2128 cum
1184 2074 1375 2127 eadem
1405 2085 1564 2140 poena
1598 2069 1867 2139 apposita.

643 2204 722 2259 De
762 2203 1012 2258 electione
1051 2203 1338 2256 canterarii
1397 2210 1444 2255 et
1471 2202 1584 2271 ejus
1615 2200 1802 2274 ofﬁcio.

502 2317 660 2383 ltem,
691 2317 984 2372 statuimus
1017 2324 1071 2372 et
1095 2315 1415 2371 ordinamus
1445 2314 1594 2385 quod
1639 2313 1788 2368 omni
1842 2328 2010 2378 anno,

431 2410 486 2464 in
517 2405 783 2463 Kalendis
819 2408 1092 2472 Januarii,
1130 2407 1360 2478 eligatur
1391 2422 1486 2477 per
1537 2407 1803 2462 vicarium
1879 2421 2018 2478 prac-

431 2501 557 2557 fataa
611 2501 858 2557 ecclesia:
917 2505 1218 2558 canonicus
1275 2518 1414 2558 unus
1466 2518 1531 2558 ex
1590 2503 1870 2558 canonicis
1922 2503 2014 2572 qui

427 2597 761 2649 camerarius
836 2604 1230 2674 nuncupetur,
1319 2604 1444 2649 ante
1552 2593 1708 2665 cujus
1789 2595 2017 2651 electio-

429 2701 556 2743 nem
623 2687 820 2756 singuli
891 2686 1142 2742 canonici
1206 2695 1494 2742 teneantur
1523 2688 1575 2741 in
1634 2688 1883 2742 manibus
1937 2689 2018 2743 vi-

428 2777 564 2835 carii
591 2777 780 2850 jurare
809 2777 952 2848 quod
981 2779 1183 2848 cligent
1224 2779 1504 2835 meliorem
1533 2790 1587 2834 et
1613 2781 1785 2850 magis
1829 2781 2015 2837 utilio-

429 2885 544 2926 rem
579 2871 648 2926 ad
697 2870 1009 2939 praediolum
1077 2870 1236 2940 122
1319 2869 1556 2925 cilicium
1621 2871 2014 2926 exercendum.

427 2961 732 3018 Prmdictus
765 2971 946 3018 autem
971 2962 1308 3018 eamcrarius
1341 2961 1423 3017 sic
1460 2961 1668 3017 electus
1700 2977 1888 3019 onmes
1933 2981 2019 3019 rc-

430 3055 579 3111 ditus
605 3064 660 3111 et
680 3066 975 3125 proventus
1007 3055 1168 3110 dictae
1192 3053 1438 3110 ecclesiae
1469 3055 1775 3125 recipiatet
1807 3056 2015 3111 descri-

427 3148 546 3214 bat,
578 3157 634 3204 et
665 3149 731 3205 de
764 3149 894 3220 ipsis
925 3146 1270 3203 administret
1303 3147 1586 3216 aequaliter
1614 3149 1898 3204 canonicis
1934 3164 2018 3204 re-

427 3241 732 3299 sidentibus
756 3251 810 3296 et
837 3242 890 3296 in
925 3240 1156 3296 ecclesia
1188 3239 1583 3306 servientibus,
1613 3249 1672 3294 ut
1720 3255 1881 3310 supra
1921 3255 2016 3294 no-

433 3344 606 3392 tatum
631 3345 715 3392 est
742 3335 797 3391 iu
832 3350 953 3406 cap.
983 3335 1048 3390 de
1076 3334 1370 3390 residentis
1424 3342 1478 3388 et
1512 3333 1567 3388 in
1621 3347 1736 3404 seq.
1774 3347 1897 3403 cap.
1949 3333 2016 3388 de

429 3428 614 3484 divina
649 3428 948 3492 servitute;
973 3437 1026 3482 et
1053 3440 1246 3483 omnes
1289 3426 1427 3482 alias
1459 3440 1731 3496 expensas
1765 3427 2012 3482 ecclesiae

429 3521 598 3576 faciat
634 3519 864 3576 lideliter
900 3534 1070 3590 usque
1095 3519 1164 3575 ad
1203 3533 1403 3573 annum
1438 3534 1628 3573 unum.
1682 3518 1747 3572 Et
1782 3519 2013 3590 singulis

429 3613 640 3670 duobus
665 3612 943 3669 mensibus
973 3619 1222 3667 teneatur
1244 3625 1430 3666 coram
1467 3612 1672 3667 vicario
1705 3619 1760 3669 et
1790 3605 2016 3668 canoni-

431 3706 514 3762 cis
565 3707 799 3762 reddere
845 3705 1114 3761 rationem
1168 3706 1240 3762 de
1295 3705 1906 3764 oumibusintroitibus
1961 3717 2014 3763 et

430 3799 670 3855 exitibus
699 3798 855 3855 dictae
883 3799 1152 3864 ecclesiae,
1186 3813 1251 3854 ac
1278 3800 1439 3854 etiam
1465 3798 1532 3855 de
1561 3800 1832 3868 noctibus,
1864 3801 2014 3856 horis

430 3901 488 3947 et
515 3891 705 3947 missis
732 3906 829 3962 per
867 3891 1166 3946 canonicos
1193 3891 1502 3961 pra-dictos,
1542 3903 1705 3962 prout
1765 3894 2012 3961 superius

430 3993 680 4040 notatum
710 3994 815 4041 est.
842 3983 897 4038 ln
932 3984 1037 4041 line
1070 4000 1199 4041 vero
1239 3985 1365 4040 anni
1422 3985 1504 4041 sui
1557 3984 1740 4051 oliicii,
1789 3995 1899 4038 tam
1945 3983 2045 4064 de.

387 4121 389 4124 .
432 4077 666 4147 receptis
697 4092 862 4147 quam
895 4077 962 4132 de
990 4078 1266 4148 expensis,
1298 4086 1352 4131 ct
1374 4077 1705 4148 generaliter
1735 4076 1800 4131 de
1827 4076 2010 4130 omni-

430 4171 532 4226 bus
547 4170 942 4224 administratis
965 4184 1060 4238 per
1082 4184 1207 4225 eum
1235 4169 1535 4238 plenariam
1585 4170 1852 4224 rationem
1885 4173 2010 4224 red-

430 4265 559 4319 dere
588 4272 885 4329 teneatur;
951 4269 1008 4316 et
1058 4262 1102 4315 si
1160 4260 1364 4331 aliquid
1405 4261 1760 4331 superfuerit,
1827 4277 2007 4317 coram

429 4357 710 4428 vicariogt
737 4356 1002 4425 capitulo,
1064 4369 1205 4409 novo
1235 4355 1541 4410 camerario
1591 4355 1731 4412 infra
1779 4356 2010 4426 quinde-

428 4451 536 4504 cim
567 4449 682 4504 dies
713 4459 1002 4518 postquam
1045 4448 1112 4504 de
1137 4448 1411 4519 prmdiCtis
1472 4450 1737 4503 rationem
1788 4448 2007 4514 fecerit,

434 4543 538 4598 hoc
567 4542 914 4612 consignare,
943 4541 1099 4607 alias,
1123 4541 1308 4611 elapso
1335 4540 1568 4594 termino
1591 4541 1643 4594 in
1673 4553 1884 4611 pinnam
1909 4541 2009 4596 du-

429 4634 503 4704 pli
541 4635 656 4702 ipso
685 4635 826 4689 facto
853 4635 1117 4687 incurrat.
1154 4632 1218 4686 Et
1250 4648 1314 4686 nc
1361 4633 1692 4688 camerarius
1722 4634 1841 4688 sine
1867 4649 2008 4689 mer.

433 4730 570 4782 cctle
594 4729 824 4790 laboret,
859 4743 956 4794 pro
983 4726 1204 4795 aliquali
1239 4739 1335 4780 sua
1365 4726 1613 4779 mercede
1635 4724 1838 4779 laboris
1874 4723 2004 4778 reci-

431 4821 598 4891 cipiat
627 4820 694 4876 de
724 4820 990 4875 fructibus
1020 4817 1263 4873 CCClt‘SliP
1287 4815 1492 4870 solidos
1531 4816 1714 4872 decem
1744 4831 1840 4886 pro
1870 4831 2006 4886 quo-

431 4912 560 4968 libet
591 4929 795 4969 mense.

564 5048 788 5104 Delibro
811 5045 1090 5100 camerarii
1118 5055 1166 5099 ct
1217 5043 1361 5112 [aliis
1391 5043 1676 5097 scribendis
1701 5045 1755 5096 in
1788 5059 1873 5100 eo.

503 5188 657 5253 Item,
694 5187 984 5243 statuimus
1010 5195 1062 5240 ct
1094 5187 1409 5240 ordinamus
1433 5182 1580 5254 quod
1614 5182 1790 5238 dictus
1827 5195 2008 5237 came-

434 5281 608 5336 rarius
647 5288 1080 5333 tcneaturnt-mm
1110 5277 1305 5332 librum
1363 5276 1542 5331 facere
1591 5275 1646 5330 in
1697 5292 1802 5344 quo
1851 5274 2011 5330 fallas

432 5393 526 5431 seu
555 5374 827 5429 abscntias
856 5372 1238 5428 canonicorum
1274 5379 1327 5424 et
1356 5369 1762 5440 capellanorum
1800 5364 2007 5421 descri-

431 5472 560 5526 bere
590 5477 646 5523 et
671 5477 936 5522 annotare
968 5474 1239 5528 teneatur,
1291 5477 1390 5518 nec
1432 5476 1537 5515 nun
1573 5459 1848 5514 absentiae
1878 5474 2010 5512 nuc-

431 5559 564 5612 tinnt
590 5555 924 5621 earumdem,
975 5568 1038 5609 ac
1069 5552 1137 5607 de
1165 5549 1461 5622 praemissis
1499 5563 1682 5604 toram
1713 5549 1917 5603 vicario
1957 5557 2011 5602 et

431 5649 708 5708 canonicis
736 5649 893 5705 dicta:
912 5647 1159 5705 ecclesiae
1190 5645 1422 5702 reddere
1439 5645 1716 5701 calculum
1743 5654 1796 5700 et
1837 5643 2002 5698 ratio-

429 5761 576 5818 nem,
617 5749 770 5808 nulla
803 5745 990 5805 fraude
1017 5745 1437 5810 interveniente,
1477 5741 1578 5800 sub
1605 5754 1762 5811 praua
1819 5739 2006 5810 priva-

1279 278 1378 340 DE
1418 277 1599 343 VITA
1641 277 1739 337 ΕΤ
1776 273 2034 336 REBUS
2073 272 2350 335 GESTIS
2388 272 2897 335 BESSARIONIS

3542 287 3708 330 LXVlll

2134 385 2300 442 tionis
2333 384 2493 441 ollieii
2526 401 2592 443 ac
2618 388 2842 458 praestiti
2865 383 3192 456 jnramenti,‘
3217 385 3538 456 adjicicutes
3565 391 3712 461 quod

2130 477 2164 531 ii
2199 477 2290 548 qui
2325 492 2430 534 non
2465 480 2712 534 venerint
2747 479 2798 533 in
2832 479 3074 534 secundo
3104 478 3314 548 psalmo
3346 476 3712 548 Vcspcrarum

2127 579 2181 623 et
2203 569 2477 634 matutini,
2506 571 2632 626 etin
2661 571 2826 627 missa
2855 573 2982 626 dum
3007 573 3296 644 presbyter
3329 572 3521 642 incipit
3565 571 3700 627 Glo-

2127 663 2211 717 ria
2249 663 2304 716 in
2329 664 2572 731 excelsis,
2602 680 2699 720 seu
2725 666 2878 720 linito
2899 664 3062 734 Kyrie
3091 663 3309 730 eleison,
3373 666 3714 728 camerarius

2129 756 2180 810 iu
2219 756 2518 812 continenti
2551 759 2669 813 sine
2702 759 2884 828 aliqua
2920 758 3180 815 dilatione
3214 769 3443 816 annotet
3477 760 3532 816 in
3574 761 3713 818 libro

2125 848 2228 902 sub
2259 863 2423 918 pceua
2456 858 2713 929 contenta
2743 851 2993 919 superius
3017 851 3071 906 in
3107 851 3212 909 isto
3246 852 3510 923 capitulo.

2321 983 2400 1038 De
2433 986 2744 1055 quotidiana
2770 985 3160 1042 distributionis
3194 989 3513 1059 quantitate.

2199 1122 2355 1189 ltem,
2385 1123 2480 1193 qui
2529 1125 2722 1179 altario
2774 1125 2944 1181 servit
3002 1129 3069 1181 de
3098 1125 3293 1182 altario
3319 1127 3504 1182 vivere
3530 1126 3708 1183 debet.

2130 1213 2433 1270 Statuimns
2465 1214 2609 1285 quod
2635 1217 2877 1286 praedicti
2912 1218 3156 1274 canonici
3208 1218 3445 1273 habeant
3474 1219 3708 1274 cotidia-

2127 1319 2224 1360 nas
2262 1305 2674 1364 distributiones
2729 1311 2797 1364 de
2857 1309 3125 1366 fructibus
3167 1309 3326 1366 dictae
3372 1311 3615 1367 ecclesia:
3657 1312 3712 1367 in

2128 1396 2272 1452 hunc
2329 1398 2567 1465 modum,
2626 1399 2896 1467 videlicet,
2941 1401 3086 1469 quod
3130 1385 3361 1470 quilibet
3409 1403 3710 1458 canonicus

2125 1488 2370 1557 qualibet
2393 1489 2482 1543 die
2522 1491 2720 1545 habeat
2745 1490 3073 1562 bolengenos
3104 1500 3254 1559 tres;
3313 1491 3370 1547 in
3401 1477 3709 1563 duplicibus

2126 1593 2256 1634 vero
2287 1579 2810 1647 ctDominicalibus,
2845 1583 3111 1652 quinque,
3140 1583 3366 1652 quilibet
3400 1597 3497 1652 pro
3570 1598 3709 1654 qua-

2126 1669 2258 1726 libet
2283 1671 2440 1744 123
2481 1673 2593 1737 die,
2642 1675 2686 1728 si
2720 1689 2957 1743 praesens
2985 1674 3224 1730 fueritin
3249 1675 3580 1745 supradictis
3611 1675 3707 1731 ho-

2125 1763 2226 1832 ris,
2261 1767 2490 1833 proutin
2517 1764 2754 1836 capitulo
2781 1767 3036 1836 superius
3064 1776 3310 1822 notatum
3353 1777 3460 1823 est.

2125 1899 2201 1955 De
2225 1902 2488 1958 solutione
2540 1903 2786 1975 facienda
2820 1922 2912 1973 per
2963 1921 3122 1962 novos
3163 1907 3449 1962 canonicos
3500 1907 3555 1962 in
3618 1908 3708 1963 in-

2810 1993 3016 2047 gressu.

2196 2085 2670 2150 ltem,statuimus
2727 2099 2780 2145 et
2847 2089 3172 2148 ordinamus
3222 2095 3363 2162 quod
3409 2104 3700 2166 antequam

2123 2178 2370 2233 canonici
2405 2179 2473 2233 de
2502 2194 2642 2234 novo
2675 2181 3012 2250 recipiantur
3042 2185 3093 2237 in
3136 2184 3279 2239 dicta
3313 2184 3568 2249 ecclesia,
3602 2201 3702 2256 pro

2127 2271 2455 2336 paramentis
2495 2279 2550 2326 et
2577 2273 2913 2330 ornamentis
2964 2274 3126 2330 dictat
3178 2275 3422 2332 ecclesia:
3488 2277 3705 2334 solvere

2124 2359 2358 2417 flurenos
2393 2363 2674 2419 Romanos
2719 2374 2842 2420 octo
2876 2368 3177 2424 camerario
3211 2378 3521 2440 teneantur,
3567 2387 3704 2442 quos

2125 2451 2237 2521 ipse
2267 2455 2605 2511 camerarius
2641 2456 2692 2511 in
2730 2456 2892 2513 dictis
2947 2461 3300 2529 paramentis,
3334 2477 3498 2534 quam
3543 2465 3704 2520 citius

2126 2543 2348 2614 poterit,
2380 2555 2704 2602 convertere
2737 2555 2986 2602 teneatur
3019 2549 3117 2604 sub
3148 2563 3307 2618 ptena
3357 2552 3584 2621 praestiti
3611 2552 3704 2621 ju-

2123 2637 2379 2702 ramenti,
2402 2638 2505 2692 nisi
2530 2639 2825 2694 cardinalis
2845 2641 2926 2696 vel
2943 2641 3060 2710 ejus
3084 2641 3321 2698 vicarius
3338 2643 3391 2697 in
3412 2644 3703 2714 speciali-tn

2123 2727 2412 2783 utilitatem
2436 2731 2518 2784 vel
2547 2733 2925 2788 necessitatem
2953 2724 3197 2790 ecclesia:
3217 2734 3384 2805 ipsam
3414 2739 3704 2806 pecuniam

2123 2821 2340 2878 duxerit
2371 2825 2817 2882 convertendam.

2127 2942 2199 2995 De
2217 2941 2524 3011 juramento
2553 2946 2858 3012 prtcstando
2881 2961 2973 3012 per
3013 2963 3171 3001 novos
3199 2948 3478 3003 canonicos
3507 2948 3571 3003 de
3593 2965 3707 3003 ser-

2547 3016 2729 3068 vandis
2772 3019 2990 3071 statutis
3023 3019 3276 3073 ecclesias

2194 3126 2350 3192 Item,
2381 3129 2672 3184 statuimus
2705 3133 3098 3188 etortlinamus
3120 3133 3265 3203 quod
3295 3133 3519 3203 quilibet
3543 3118 3708 3191 cauo-

2125 3219 2368 3274 nicorum
2400 3220 2744 3290 recipiendus
2768 3221 2823 3276 in
2853 3223 3000 3278 dicta
3037 3224 3288 3292 ecclesia,
3341 3226 3395 3279 in
3451 3229 3704 3282 manibus

2121 3311 2312 3364 vicarii
2339 3319 2558 3381 praestet
2590 3311 2963 3381 juramcntum
2993 3313 3057 3366 de
3086 3313 3447 3371 observandis
3481 3325 3703 3374 statutis

2121 3415 2175 3458 et
2205 3403 2695 3460 consuetudinibus
2725 3405 2973 3461 ecclesiae
3003 3417 3342 3480 memoratae.

2125 3518 2198 3574 De
2218 3519 2405 3589 quibus
2435 3520 2744 3576 mulieribus
2773 3524 3097 3590 permittitur
3135 3527 3402 3582 canonicis
3459 3540 3511 3583 ut
3539 3529 3714 3586 inter-

2508 3594 2636 3644 dum
2670 3594 2863 3646 intrent
2901 3594 3082 3648 domos
3105 3612 3307 3652 eorum.

2191 3706 2346 3770 Item,
2399 3705 2690 3760 statuimus
2749 3707 2913 3776 quod.
2951 3709 3130 3766 nullus
3188 3714 3485 3770 canonicus
3533 3723 3699 3771 tantae

2123 3797 2447 3853 temeritatis
2476 3807 2529 3853 et
2558 3798 2801 3855 audacia:
2831 3801 2906 3856 sit
2932 3805 3075 3872 quod
3107 3804 3162 3859 in
3196 3806 3428 3862 cameris
3453 3808 3697 3878 ipsorum

2119 3885 2354 3955 aliquam
2385 3887 2666 3943 mulierem
2701 3903 3016 3961 suspectam
3059 3895 3276 3962 amicat,
3304 3897 3407 3952 nisi
3443 3907 3694 3964 matrem,

2119 3994 2362 4036 sororem
2401 3992 2490 4035 aut
2523 3982 2771 4051 amitam,
2806 3985 3193 4053 intromittere,
3223 3999 3275 4042 et
3310 3989 3416 4044 hoc
3454 3990 3524 4046 de
3553 4008 3701 4056 rare,

2121 4087 2297 4142 neque
2350 4085 2635 4144 receptare
2691 4077 2928 4147 aliquem
2987 4080 3312 4134 homicidam
3377 4082 3462 4137 vel
3515 4083 3702 4155 aliquo

2117 4167 2328 4222 enormi
2371 4167 2601 4224 crimine
2653 4169 2988 4224 diﬂ‘amatum
3019 4211 3035 4236 ,
3096 4172 3196 4228 sub
3260 4188 3420 4244 pwna
3468 4177 3700 4234 arbitrio

2121 4259 2218 4314 Dni
2247 4260 2546 4317 cardinalis
2575 4261 2659 4316 vel
2680 4262 2798 4332 ejus
2831 4262 3040 4320 vicarii.

2188 4372 2267 4428 De
2293 4374 2564 4444 capellano
2596 4375 2686 4444 qui
2715 4376 2873 4444 fuerit
2925 4377 3110 4433 absens
3142 4397 3234 4448 per
3267 4398 3468 4438 menses
3498 4394 3624 4441 tres.

2191 4488 2340 4556 item,
2387 4489 2681 4546 statuimus
2733 4499 2786 4545 et
2837 4490 3157 4548 ordinamus
3195 4497 3339 4566 quod
3371 4499 3416 4555 si
3449 4503 3570 4570 quis
3605 4519 3697 4558 ca-

2115 4581 2366 4650 pellauns
2404 4581 2609 4649 absque
2663 4581 2880 4636 licentia
2923 4584 3221 4641 cardinalis
3261 4589 3342 4644 vel
3371 4592 3489 4663 ejus
3508 4593 3695 4650 vicarii

2117 4690 2176 4728 se
2211 4675 2600 4740 abscntavet'it,
2647 4685 2700 4728 et
2752 4675 2891 4729 infra
2945 4678 3109 4732 trium
3152 4683 3424 4737 mensium
3459 4689 3693 4752 spatium

2118 4783 2223 4820 non
2253 4766 2472 4820 redierit
2503 4767 2567 4820 ad
2590 4767 2874 4821 ecclesiam
2900 4770 3231 4838 pratlibatam
3256 4773 3321 4829 ad
3351 4777 3696 4832 serviendum

2117 4861 2356 4930 capellae,
2385 4870 2586 4914 extunc
2634 4877 2727 4931 per
2744 4860 2979 4917 edictum
3016 4865 3286 4934 publicum
3320 4867 3373 4922 in
3401 4867 3574 4923 choro
3601 4886 3697 4927 ec-

2116 4954 2315 5017 clesirc,
2343 4953 2471 5008 dum
2507 4953 2794 5008 missarum
2820 4955 3080 5011 solemnia
3114 4960 3482 5026 celebrantur,
3507 4962 3694 5033 publi-

2117 5048 2450 5114 candum,et
2487 5057 2672 5116 postea
2707 5049 2758 5102 in
2789 5050 2958 5118 portis
3006 5051 3246 5119 ejusdem
3297 5055 3539 5112 ecclesiae
3577 5056 3696 5114 alli-

2117 5143 2348 5212 gendum
2381 5143 2447 5197 ad
2475 5145 2814 5197 serviendum
2853 5153 3177 5201 revocetur:
3206 5157 3256 5202 et
3286 5149 3331 5203 si
3365 5148 3507 5204 infra
3545 5167 3698 5206 Ineu-

2116 5250 2230 5290 sem
2257 5235 2419 5289 alium
2448 5250 2475 5289 a
2497 5246 2741 5305 tempore
2767 5237 2926 5309 124
2949 5239 3226 5294 citationis
3245 5241 3552 5311 hujusmodi
3580 5261 3688 5299 nan

2118 5327 2537 5397 redicrit,justo
2591 5329 2976 5399 impedimento
3035 5345 3308 5400 cessante,
3360 5351 3456 5405 per
3514 5338 3692 5408 ipsum

2117 5421 2728 5492 vicariunrcapellania
2761 5438 2858 5478 sua
2895 5425 3099 5495 absque
3135 5427 3398 5498 aliajuris
3436 5431 3698 5487 solemni-

2119 5523 2227 5567 tatc
2260 5513 2500 5582 privetur
2532 5520 2586 5567 et
2614 5513 2753 5567 alius
2783 5529 2882 5569 suo
2917 5515 3038 5571 loco
3063 5518 3447 5574 substituatur.

2118 5625 2190 5680 De
2221 5625 2492 5680 audiendis
2521 5625 2948 5681 accusationibus
2966 5628 3267 5698 [clientium
3288 5646 3380 5698 per
3409 5631 3686 5687 vicarium.

2195 5738 2352 5806 Item,
2390 5739 2679 5809 statuimus
2725 5749 2779 5798 et
2828 5742 3141 5800 ordinamus
3181 5742 3325 5813 quod
3360 5742 3592 5799 vicarius
3619 5749 3710 5798 te-
