3990 6218
282 419 404 459 LXIX

279 527 467 573 neatur
501 519 838 590 singulorum
869 523 961 595 qui
1010 539 1070 580 se
1121 540 1384 595 excusare
1416 530 1712 596 voluerint,
1755 539 1844 586 aut

277 613 565 679 potuerint,
585 616 965 672 excusationes
990 619 1180 674 audire
1212 621 1439 691 singulis
1465 623 1675 678 duobus
1699 640 1849 678 men-

278 704 446 769 sibus,
475 708 860 764 excusationes
891 710 1162 781 legitimas
1194 713 1503 781 admittere,
1540 715 1710 785 ipsius
1753 717 1845 785 qui

275 809 331 849 se
354 806 572 851 excusat
608 799 785 854 medio
807 799 1141 870 jurantento.

271 930 346 988 De
373 932 702 1001 [naeralibus
765 953 883 1006 qutc
938 940 1148 995 veniant
1199 943 1268 995 ad
1314 961 1501 999 manus
1536 949 1838 1002 camerarii.

333 1047 486 1116 item,
529 1051 826 1106 statuimus
871 1053 1016 1121 quod
1051 1059 1227 1113 omnis
1253 1075 1394 1114 cera:
1425 1063 1704 1130 quantitas
1737 1063 1838 1117 ob-

264 1142 485 1195 veniens
507 1142 757 1198 ecclesia:
788 1160 856 1198 ex
885 1150 1164 1215 exsequiis
1193 1150 1594 1218 defunctorum,
1626 1153 1836 1209 omnis-

261 1245 362 1300 que
400 1233 626 1298 pecunia
656 1236 868 1290 ratione
896 1238 1024 1302 soli,
1054 1243 1274 1295 veniant
1305 1243 1373 1297 ad
1423 1260 1616 1300 manus
1647 1259 1832 1300 eame-

260 1323 382 1377 rarii
407 1338 509 1392 pro
541 1325 784 1380 candelis
815 1331 987 1384 cereis
1021 1329 1074 1384 in
1123 1329 1265 1386 festo
1295 1333 1689 1402 purilicationis
1717 1335 1834 1406 glo-

254 1413 410 1469 riosae
435 1413 675 1485 Virginis
694 1415 898 1484 Mariae,
919 1434 984 1474 ac
1005 1421 1168 1477 etiam
1200 1439 1296 1493 pro
1321 1425 1443 1480 aliis
1471 1426 1830 1485 luminaribus

251 1507 575 1575 opportunis
598 1509 647 1560 in
675 1507 820 1562 dicta
852 1511 1104 1568 ecclesia.
1137 1514 1203 1570 Et
1249 1516 1294 1570 si
1352 1517 1571 1586 aliquod
1606 1533 1829 1588 supere-

251 1601 337 1663 rit,
364 1600 518 1653 inter
546 1609 838 1668 prieseutes
873 1602 928 1657 in
978 1603 1142 1662 dictis
1195 1609 1469 1679 exsequiis
1527 1609 1826 1666 distribua-

250 1703 348 1746 Iﬂf.

251 1805 319 1861 De
345 1807 719 1866 distributione
769 1813 823 1868 in
878 1814 1049 1869 locum
1086 1816 1316 1871 absentis
1349 1817 1588 1871 canonici
1622 1820 1700 1873 vel
1731 1835 1823 1874 ca-

930 1889 1148 1954 pellani.

314 1992 376 2047 Et
404 2011 479 2051 ne
507 1996 656 2053 circa
711 1998 878 2053 divini
930 2000 1109 2055 cultus
1138 2001 1529 2059 exhibitionem
1556 2005 1698 2062 dicta
1729 2023 1820 2064 ec-

253 2084 403 2140 clesia
456 2087 727 2144 defectum
781 2090 1012 2160 aliquem
1050 2093 1309 2161 patiatur,
1338 2097 1627 2153 statuimus
1672 2104 1815 2169 quod

253 2176 293 2229 si
340 2179 557 2245 quando
617 2181 912 2234 canonicos
957 2182 1041 2235 vel
1089 2182 1402 2250 capellanus
1426 2188 1715 2255 contigerit
1746 2191 1816 2244 ab

243 2269 463 2325 ecclesia
499 2272 798 2339 absentari,
839 2280 957 2341 post
989 2273 1057 2329 15
1090 2274 1204 2330 dies
1237 2274 1472 2331 vicarius
1502 2279 1570 2333 de
1614 2280 1815 2334 substi-

243 2368 342 2416 tuto
387 2365 678 2432 provideat
725 2365 821 2435 qui
872 2367 990 2421 loco
1037 2367 1281 2423 absentis
1334 2369 1578 2426 ecclesiae
1609 2373 1691 2427 vel
1721 2387 1809 2427 ca-

238 2454 376 2523 pella:
427 2457 747 2524 deserviat;
780 2459 873 2528 qui
919 2458 1244 2514 substitutus
1279 2475 1471 2516 omnes
1490 2475 1544 2516 et
1568 2465 1809 2535 singulas

236 2546 354 2600 dicti
407 2548 670 2602 canonici
708 2549 793 2603 vel
843 2551 1111 2618 eapellaui
1171 2552 1605 2622 distributiones,
1664 2558 1808 2612 sicut

232 2651 354 2705 Ipse,
378 2637 430 2692 si
467 2640 837 2708 personaliter
865 2641 1177 2727 intereSSet,
1212 2643 1494 2712 percipiat.

227 2749 298 2808 De
327 2754 490 2808 rebus
542 2753 823 2808 mobilibus
865 2755 1099 2810 ecclesia’
1132 2773 1234 2812 non
1276 2759 1670 2820 commodandis
1694 2767 1803 2822 sine

789 2827 996 2879 licentia
1036 2829 1242 2882 vicarii.

287 2934 443 3001 Item,
467 2936 765 2993 statuimus
791 2940 933 3010 quod
963 2939 1143 2996 nullus
1174 2945 1473 3002 canonicos
1502 2964 1678 3020 neque
1706 2965 1799 3006 ca-

225 3031 484 3084 merarius
535 3030 819 3099 reliquias,
859 3046 1089 3101 pannos,
1119 3033 1323 3103 .librOs,
1363 3052 1678 3105 paramenta
1717 3045 1798 3098 \el

221 3121 314 3173 alia
354 3137 518 3177 sacra
565 3138 711 3190 vasa,
762 3137 852 3178 aut
884 3137 1224 3195 ornamenta,
1277 3144 1372 3184 seu
1407 3141 1691 3202 argentum
1728 3137 1794 3190 ad

219 3215 454 3268 divinum
489 3214 700 3268 cultum
729 3216 977 3272 ecclesia:
1022 3219 1280 3287 deputata
1311 3233 1465 3277 extra
1507 3225 1793 3280 ecclesiam

217 3306 368 3361 alicui
429 3308 788 3362 commodare
847 3309 956 3363 ullo
1008 3313 1166 3366 modo
1211 3324 1523 3383 prauumat,
1574 3317 1792 3371 licentia

219 3397 308 3453 lini
359 3400 661 3453 cardinalis
720 3397 810 3456 vel
858 3401 974 3471 ejus
1031 3404 1218 3459 vicarii
1279 3422 1383 3458 non
1441 3408 1681 3463 obtenta.
1728 3409 1792 3462 Et

214 3491 429 3559 quando
465 3492 535 3544 de
565 3491 787 3546 licentia
839 3493 1042 3562 pra-fati
1092 3494 1277 3550 vicarii
1327 3498 1636 3568 contigerit,
1675 3507 1790 3554 tum

210 3584 550 3638 camerarius
602 3584 798 3638 debeat
829 3585 883 3638 in
917 3602 1017 3640 suo
1067 3587 1207 3642 libro
1254 3590 1519 3644 adnotare
1550 3593 1780 3660 portito-

208 3688 337 3739 res;
377 3683 433 3729 et
469 3674 517 3728 si
573 3684 766 3730 contra
821 3676 1029 3743 fecerit,
1067 3679 1325 3748 puniatur
1381 3683 1605 3736 arbitrio
1643 3685 1792 3738 vica-

207 3764 291 3818 rii.

206 3875 360 3946 125
386 3875 484 3958 ,οε
505 3878 800 3958 ⁶ιἰξδίιιεηςὶςι
837 3882 1081 3958 facienda
1111 3886 1299 3940 iterum
1329 3904 1489 3958 usque
1530 3892 1654 3943 dum
1683 3892 1787 3946 sint

305 3948 518 4001 reducti
553 3953 790 4004 canonici
818 3948 887 4006 ad
922 3970 1198 4009 numerum
1253 3948 1700 4028 quatérnarium-

268 4062 424 4130 Item,
462 4064 614 4131 quod
649 4067 946 4121 secundum
998 4077 1262 4125 Statutum
1302 4081 1355 4127 et
1415 4076 1785 4132 ordinationes

202 4154 404 4218 νηΐωί
463 4157 572 4210 Dni
619 4156 846 4228 Eugenii
879 4176 1141 4225 numerus
1194 4168 1579 4222 canonicorum
1614 4171 1685 4224 sit
1716 4176 1780 4226 ad

200 4259 428 4316 quatuor
461 4249 734 4305 duntaxat
787 4254 1062 4318 redactus,
1089 4271 1156 4310 tte
1199 4259 1423 4326 praefata
1464 4260 1694 4321 ecclesia
1728 4266 1780 4316 in

200 4340 389 4395 divinis
421 4339 840 4396 incommodum
875 4343 1090 4400 interim
1125 4349 1382 4416 patiatur,
1410 4353 1699 4406 statuimus
1729 4363 1782 4408 et

199 4431 525 4486 ordinamus
569 4434 714 4501 quod
763 4435 1006 4490 canonici
1045 4438 1133 4506 qui
1161 4453 1190 4491 a
1219 4441 1340 4494 data
1371 4441 1672 4497 litterarum
1699 4445 1780 4498 di-

1764 4529 1826 4543 -ι

199 4525 260 4576 cti
295 4523 395 4577 Dni
431 4524 669 4593 Eugenii
723 4524 861 4579 citra
897 4527 950 4580 in
985 4527 1130 4582 dicta
1169 4530 1400 4587 ecclesia
1429 4534 1634 4604 recepti
1665 4529 1780 4592 fuel

201 4614 316 4681 rint,
345 4631 452 4670 nec
482 4633 593 4671 non
626 4617 894 4686 capellani
930 4621 1022 4689 qui
1055 4621 1174 4675 vice
1221 4623 1524 4680 absentium
1559 4631 1778 4685 canoniv

200 4718 375 4758 corum
407 4705 600 4760 divina
623 4711 918 4763 secundum
945 4708 1231 4780 deputatas
1254 4714 1332 4768 eis
1353 4717 1630 4785 portiones
1652 4734 1780 4788 sup-

199 4793 334 4860 plere
366 4804 672 4850 teneantur
710 4813 775 4853 ac
802 4799 1058 4865 debeant,
1101 4819 1164 4856 ex
1200 4811 1327 4859 tunc
1352 4821 1380 4860 a
1408 4808 1776 4876 publicatione

198 4888 547 4949 pnesentimn
591 4896 945 4957 statutorum,
979 4895 1278 4948 secundum
1331 4897 1638 4966 lmjnsmodi
1677 4915 1774 4954 no-

193 4987 326 5032 stras
365 4980 761 5038 ordinationes
809 4992 864 5037 et
915 4993 1139 5052 statuta,
1171 4989 1220 5041 in
1277 4990 1498 5056 prafata
1544 4991 1772 5048 ecclesia

193 5082 518 5134 pernoctare
543 5085 598 5128 et
641 5075 919 5131 deservire
952 5080 1234 5133 nocturnis
1276 5084 1484 5150 pariter
1538 5094 1591 5138 et
1625 5086 1772 5138 diur-

188 5162 266 5216 nis
291 5165 492 5220 oliiciis
516 5168 748 5221 debeant
777 5168 832 5222 in
882 5171 1135 5224 omnibus
1175 5181 1228 5224 et
1275 5189 1369 5241 per
1412 5176 1595 5229 omnia
1629 5191 1692 5232 ac
1723 5178 1768 5232 si

191 5257 480 5319 pra-dictus
507 5273 765 5312 numerus
798 5270 945 5315 esset
980 5261 1220 5330 plenarie
1253 5265 1599 5334 adimpletus.

542 5369 620 5424 De
652 5371 915 5427 oblatione
944 5373 1135 5428 altaris
1168 5376 1410 5445 majoris.

249 5480 560 5550 Adjieimus
588 5500 803 5556 quoque
856 5488 923 5544 de
970 5490 1336 5547 oblationibus
1371 5496 1590 5567 majoris
1625 5500 1763 5554 alta.

190 5572 258 5626 ris
303 5577 487 5644 ipsius
516 5580 785 5644 ecclesiae,
819 5581 1071 5634 videlicet
1099 5597 1128 5635 a
1159 5584 1345 5639 decem
1381 5589 1569 5643 solidis
1619 5591 1758 5647 infra

190 5666 457 5732 capellani
490 5670 645 5723 dicta:
672 5671 937 5738 ccclesia:,
967 5675 1061 5743 qui
1101 5690 1196 5745 pro
1248 5682 1526 5737 canonicis
1559 5685 1757 5740 absen-

191 5753 320 5809 tibus
363 5773 518 5812 nunc
552 5759 887 5830 deserviunt,
926 5767 1252 5836 participare
1286 5771 1542 5844 debeant,
1599 5792 1755 5846 prout

188 5851 428 5905 canonici
465 5855 554 5915 Ipsi
588 5857 910 5914 participant

935 412 1236 474 A-LOYSII
1275 413 1635 478 BANDINII
1674 419 2304 490 COMMENTARIUS.
2347 456 2417 470 -
2450 435 2859 507 APPENDIX.

3429 469 3534 514 ιικ

2071 537 2148 594 De
2175 539 2422 611 lampade
2455 533 2787 609 accendenda
2831 568 2952 614 ante
2995 578 3181 634 carpas
3207 567 3427 661 Christi.

2036 653 2336 724 Adjicimus
2371 660 2595 733 insuper
2617 682 2858 738 quoque,
2896 678 3040 743 quod
3071 691 3410 750 camerarius
3453 696 3539 752 di-

1955 751 2054 799 ctae
2104 748 2348 805 ecclesia:
2381 751 2449 808 de
2473 755 2739 815 fructibus
2785 762 2957 833 ipsius
2995 773 3238 834 ecclesiae
3286 748 3536 846 teneatur

1955 840 2250 894 accendere
2279 841 2591 933 lampadem.
2610 865 2738 908 ante
2751 870 2944 928 corpus
2964 863 3164 923 Christi
3197 872 3323 929 dum
3348 840 3531 940 divina

1950 928 2330 1000 celebrantur;
2361 948 2414 991 et
2441 937 2487 992 si
2519 930 2928 1018 contrafecerit,
2981 955 3033 1010 in
3087 959 3396 1036 boleugenis
3429 928 3529 1029 tri:

1949 1018 2049 1074 bus
2078 1024 2316 1092 qualibet
2344 1027 2459 1085 vice
2498 1035 2774 1104 puniatur,
2806 1050 2859 1096 et
2901 1053 3076 1104 stetur
3119 1018 3525 1122 dictorcanoni-

1945 1125 2157 1180 corum,
2195 1117 2373 1173 medio
2396 1119 2729 1190 juramento.

2676 1288 2766 1346 Ill.

1941 1383 2099 1467 Βηίζα
2131 1406 2234 1460 qua
2271 1391 2536 1466 Eugenius
2557 1401 2640 1458 IV
2662 1410 2927 1469 cardinali
2959 1417 3282 1494 Beasarioni,
3320 1441 3370 1484 et
3399 1445 3520 1500 pou

2009 1473 2122 1500 (me
2163 1474 2381 1500 nrnrlnon
2438 1469 2684 1500 Ιιι.-;1;-..
2718 1479 2791 1500 on
2853 1484 2955 1500 υ..
3004 1491 3016 1500 .
3190 1497 3198 1500 .

2009 1469 2809 1565 illitam-arctam
2840 1469 3374 1565 Χ
3399 1469 3517 1557 "£55:

2125 1531 2135 1542 .
2726 1531 2735 1532 ,
2762 1531 2808 1535 .,-
2840 1531 2948 1542 --.-
2981 1531 3374 1565 ..γνσιυιυιαηιο
3431 1531 3517 1557 τσ-

2251 1534 2620 1630 ᾼηάςςω,
2652 1561 2759 1603 una
2792 1571 2912 1611 cum
2947 1563 3188 1620 domibus
3239 1581 3287 1622 et
3350 1574 3518 1630 [tortis

2008 1600 2076 1650 ad
2103 1617 2219 1656 eam
2247 1600 2650 1678 pertinentibus,
2672 1600 2932 1682 coitcveifii.

2007 1731 2280 1805 Eugenius
2331 1744 2639 1820 cpiscopus,
2693 1770 2885 1818 servus
2942 1781 3226 1830 servorum
3266 1776 3385 1846 Dei,
3440 1783 3509 1839 ad

1924 1820 2166 1936 fultura!"
2208 1833 2282 1886 rei
2331 1847 2674 1900 memoriam.
2717 1847 2842 1908 Illas
2878 1856 3164 1923 potissirne
3214 1821 3510 1936 petitiones

1932 1915 1996 1969 ad
2049 1923 2415 1982 exauditionis
2470 1935 2699 2000 gratiam
2749 1940 3120 2006 favorabiliter
3167 1915 3507 2027 admittimus

1929 2021 2025 2076 per
2054 2027 2205 2122 qua:
2229 2025 2485 2080 venerab.
2507 2026 2736 2087 fratrum
2772 2047 3082 2097 nostrorum
3119 2047 3280 2122 126
3305 2052 3364 2106 S.
3394 2021 3505 2110 llo;

1927 2117 2104 2160 mana:
2162 2107 2422 2169 Ecclesia:
2491 2123 2852 2183 cardinalium
2911 2107 3505 2213 comtnodo‘vsperatur

1925 2201 2087 2293 atque
2108 2199 2371 2267 profectui
2407 2209 2704 2276 provideri.
2728 2215 2890 2285 Sane,
2909 2223 3054 2278 sicut
3085 2229 3242 2286 nobis
3273 2199 3501 2293 dilectus

1923 2284 2066 2341 Iilius
2095 2299 2282 2346 n0ster
2335 2293 2646 2368 Bessarion,
2684 2284 2924 2366 basilica:
2961 2312 3052 2368 ΧΠ
3085 2284 3494 2394 Αροέι.ᾞιῖέέιῐ

1918 2379 2067 2433 card.
2101 2421 2116 2441 ,
2150 2398 2321 2454 nuper
2348 2401 2620 2458 exponere
2639 2401 2874 2469 curavit,
2899 2408 3131 2466 ecclesia
3157 2411 3214 2469 S.
3237 2379 3496 2488 Andreae,

1919 2469 2021 2525 sita
2061 2473 2112 2527 in
2149 2477 2230 2530 via
2268 2478 2518 2550 Ergatica
2566 2489 2633 2544 de
2683 2489 2849 2562 Urbe,
2897 2511 3017 2567 quae
3052 2503 3179 2558 olim
3223 2469 3496 2568 tnonaste:

1917 2565 2055 2618 rium
2080 2571 2395 2628 monialiunt
2425 2591 2546 2633 esse
2576 2581 2806 2653 solebat,
2841 2599 2894 2642 et
2916 2565 3043 2659 post
3078 2598 3492 2659 translationem

1914 2658 2229 2716 monialium
2275 2663 2586 2736 hujusmodi
2637 2675 2706 2730 ab
2765 2678 2910 2748 inde,
2929 2658 3062 2738 cum
3093 2691 3365 2757 quondam
3388 2693 3491 2751 ba-

1912 2749 2266 2810 bitationibus
2296 2760 2610 2818 monialium
2637 2780 2704 2822 ac
2737 2772 2902 2826 certis
2939 2775 3192 2836 domibus
3223 2789 3492 2844 censuali-

1911 2837 2013 2894 bns
2042 2843 2218 2898 eidem
2243 2848 2488 2907 ecclesia:
2515 2857 2785 2928 contiguis
2810 2863 2925 2920 sive
2955 2867 3356 2943 adjacentibus,
3388 2896 3488 2935 nec

1910 2942 2014 2982 non
2041 2932 2232 2999 hortis,
2268 2936 2557 2999 bortalitiis
2584 2960 2649 3000 ac
2674 2947 2888 3018 juribus
2913 2965 2965 3010 et
2996 2932 3490 3027 pertinentiis'suis

1909 3026 2238 3119 monasterio
2270 3029 2325 3083 S‘.
2362 3031 2657 3093 Clementis
2695 3041 2764 3096 de
2807 3043 2948 3101 dicta
2983 3047 3144 3119 Urbe,
3179 3058 3388 3114 ordinis
3423 3026 3484 3118 δέ

1905 3105 2210 3178 Jeronymi,
2231 3118 2329 3173 sub
2361 3122 2524 3177 certis
2546 3126 2709 3184 modo
2732 3141 2782 3186 et
2809 3131 2981 3191 forma
3006 3105 3330 3204 auctoritate
3356 3165 3486 3223 apo-

1907 3201 2094 3223 -nAl3A-
2147 3221 2166 3223 -ν
2221 3207 2253 3223 ⁸-
2368 3220 2376 3223 -
2414 3211 2425 3222 ⁸

1905 3201 2100 3257 stoliea
2144 3207 2290 3263 unita
2329 3220 2383 3264 et
2413 3211 2761 3286 incorporata
2814 3229 3044 3298 exstitit,
3093 3239 3328 3296 totaliter
3373 3201 3487 3302 dis-

1903 3306 2160 3362 cooperta
2207 3311 2261 3354 et
2299 3303 2598 3376 desu-ncta,
2627 3326 2690 3367 ac
2727 3315 3090 3380 habitationes
3135 3343 3345 3388 necnon
3382 3337 3481 3392 do-

1905 3398 2025 3439 mus
2061 3392 2331 3456 praedicta:
2361 3393 2630 3466 pleraeque
2649 3405 2880 3463 ruinosa
2908 3426 2923 3477 ;
2957 3428 3020 3468 ac
3050 3430 3315 3486 praeterea
3345 3427 3481 3483 dile-

1903 3479 2005 3534 ctis
2053 3479 2181 3537 (iliis
2233 3485 2400 3555 priori
2460 3499 2514 3543 et
2569 3492 2828 3557 fratribus
2882 3504 3011 3561 dicti
3050 3479 3473 3576 iuonasteriis.

1900 3570 2192 3630 Clementis
2226 3579 2402 3636 minus
2444 3583 2603 3641 utiles
2631 3599 2684 3642 et
2708 3602 3074 3658 accommoda:
3100 3603 3214 3661 fore
3239 3625 3478 3668 noscun-

1901 3671 2006 3717 tur.
2037 3665 2173 3721 Cum
2206 3682 2412 3738 autem,
2442 3674 2583 3731 sicut
2609 3684 2942 3755 accepimus,
2971 3697 3230 3769 ecclesia,
3257 3703 3476 3764 habita-

1900 3757 2075 3812 tiones
2101 3768 2155 3813 tt
2193 3761 2386 3818 domus
2426 3769 2696 3835 praedicta:
2727 3775 2882 3844 juxta
2911 3785 3138 3844 domum
3167 3757 3278 3848 sua:
3321 3796 3472 3854 babi-

1898 3849 2119 3906 tationis
2145 3853 2260 3908 sive
2304 3861 2611 3918 residentia:
2645 3868 2973 3939 consistant,
3004 3892 3067 3930 ac
3109 3880 3473 3944 habitationes

1895 3951 1948 3995 et
1999 3943 2190 4002 domus
2240 3951 2529 4023 pradictae,
2575 3972 2697 4027 quae
2759 3964 3000 4033 quinque
3070 3987 3293 4030 numero
3347 3991 3477 4034 sunt

1895 4038 2028 4092 citra
2055 4039 2194 4093 viam
2230 4045 2296 4097 ad
2333 4043 2470 4101 latus
2503 4049 2835 4108 occidentale
2865 4056 3103 4136 situatae,
3140 4063 3314 4121 cidem
3350 4083 3472 4124 car-

1894 4131 2056 4185 dinali
2094 4148 2191 4202 pro
2233 4151 2328 4190 sua
2361 4139 2412 4193 itt
2461 4142 2539 4195 eis
2574 4144 2889 4202 collocanda
2929 4131 3140 4208 inutilia
3173 4157 3465 4224 plurimum

1894 4227 2214 4282 necessaria:
2253 4232 2540 4302 exsistant,
2589 4236 2816 4308 ipseque
2853 4243 3148 4302 cardinalis
3176 4249 3222 4303 si
3257 4251 3469 4310 habita-

1893 4315 2068 4372 tiones
2093 4328 2145 4372 ct
2175 4322 2408 4393 quinque
2433 4327 2626 4382 domus
2656 4331 2959 4401 bujusmoii
2985 4340 3032 4392 ei
3071 4344 3463 4414 concedantur,

1890 4419 1982 4461 eas
2032 4424 2191 4477 posse
2238 4422 2398 4470 tenus
2456 4433 2710 4488 reparare
2739 4433 2793 4478 et
2829 4437 3137 4488 restaurare
3164 4434 3411 4494 intendat
3445 4460 3460 4495 :

1889 4514 1989 4555 nos
2016 4501 2212 4567 quibus
2244 4519 2366 4560 ven.
2403 4507 2574 4565 frater
2603 4526 2788 4570 noster
2816 4516 3146 4579 Franciscus
3175 4529 3460 4600 episcopus

1889 4589 2223 4663 Portuettsis,
2283 4596 2340 4651 S.
2406 4598 2564 4656 Rom.
2615 4604 2760 4660 Eccl.
2801 4612 3309 4684 vicecancellarius,
3371 4627 3460 4679 cui

1887 4691 1945 4736 ut
2017 4699 2078 4739 se
2115 4701 2280 4756 super
2333 4694 2629 4759 praemissis
2689 4698 3010 4759 informarct
3063 4711 3457 4778 cominisittms,

1887 4771 2200 4830 relationem
2237 4777 2368 4833 fecit
2409 4780 2642 4851 ﬂdelem,
2672 4789 2872 4858 quique
2907 4807 3002 4862 per
3037 4793 3342 4866 hujusmodi
3378 4771 3460 4853 in;

1883 4864 2259 4922 formationem
2293 4870 2366 4924 ita
2396 4888 2536 4940 esse,
2561 4891 2612 4929 et
2645 4882 2784 4946 qttutl
2819 4883 2870 4935 in
2927 4886 3011 4940 bis
3045 4864 3282 4956 ipsorum
3312 4894 3458 4962 priu—

1885 4971 2003 5012 rum
2031 4967 2086 5012 et
2129 4959 2359 5018 fratrum
2391 4980 2682 5036 evpressus
2715 4978 2951 5030 :lCCt‘SSll
2983 4993 3258 5048 assensus,
3296 4987 3452 5040 inve.

1882 5049 2083 5117 nimus,
2120 5051 2287 5122 ipsius
2337 5057 2628 5116 eardinalis
2660 5063 2710 5116 in
2744 5066 2844 5120 hac
2893 5079 3047 5137 parte
3077 5075 3329 5140 precibus
3371 5078 3454 5132 in-

1879 5142 2087 5208 clinati,
2137 5147 2439 5216 hujusmodi
2495 5155 2801 5222 ecclesiam,
2854 5176 2951 5216 nec
3006 5179 3115 5219 non
3176 5171 3451 5237 quondam

1879 5235 2243 5295 habitationes
2286 5244 2625 5311 monis-lium,
2663 5263 2723 5304 ac
2779 5254 3023 5324 quinque
3061 5235 3258 5317 domus
3314 5278 3451 5327 pne-

1875 5329 2054 5385 dictas
2088 5346 2208 5386 cum
2249 5335 2424 5392 hortis
2477 5348 2532 5393 et
2572 5341 2861 5412 hortglitiis
2893 5361 2957 5402 ac
2988 5349 3202 5416 juribus
3236 5363 3291 5408 et
3329 5372 3450 5423 μοι-ο

1878 5422 2120 5478 tinentiis
2183 5429 2499 5497 pimznissis,
2553 5434 2656 5502 ipsi
2720 5439 3008 5505 caidittali,
3061 5443 3240 5510 quoad
3295 5448 3453 5502 vixe-

1876 5512 1965 5580 rit,
2011 5525 2065 5567 et
2116 5530 2236 5582 post
2283 5522 2400 5589 ejus
2430 5525 2737 5590 decessum,
2784 5529 3023 5588 basilica:
3071 5533 3170 5591 Xll
3217 5540 3445 5609 Aposto-

1871 5605 2047 5658 lorum
2096 5609 2405 5678 hnjnsmodi
2453 5620 2778 5676 auctoritate
2832 5627 3130 5693 apostolica
3181 5605 3445 5701 perpetuo

1870 5699 2223 5766 applicantes,
2255 5709 2688 5778 appropriantus,
2736 5713 3061 5786 deputamus
3093 5731 3147 5777 et
3200 5725 3446 5796 assigna-

1871 5803 2026 5855 mns;
2080 5790 2151 5845 ita
2186 5798 2328 5864 quod
2365 5799 2619 5858 liccatcx
2675 5822 2818 5862 nunc
2873 5812 3135 5868 cardinali
3184 5821 3443 5886 pr.edictn

1873 5898 1965 5950 pcr
2003 5899 2058 5939 sc
2091 5889 2170 5942 vel
2211 5905 2308 5958 per
2342 5891 2504 5948 alium
2551 5911 2646 5952 seu
2706 5901 2862 5968 alios,
2895 5907 3178 5964 ecclesiam
3231 5909 3444 5964 habita-
