3990 6218
469 369 596 413 LXX]

469 473 646 527 tiones
683 480 736 524 et
797 470 1040 541 quinque
1100 471 1294 524 domus
1351 468 1604 537 praelatas
1658 484 1782 524 cum
1840 471 2037 537 hortis,

467 560 759 618 horfalitiis
788 573 840 616 et
882 562 1002 616 aliis
1068 577 1230 630 supra
1280 561 1442 614 dictis
1474 561 1798 616 auctoritate
1830 564 2043 630 propria

467 652 637 707 libere
672 652 1075 722 apprehendere
1107 667 1168 704 ac
1199 651 1320 706 illas
1360 652 1665 706 inhabitare
1709 668 1803 706 seu
1833 653 2046 706 inhabi-

467 747 572 802 tari
604 746 802 808 facere,
833 747 1077 812 aliasque
1118 745 1183 799 de
1213 744 1293 800 eis
1327 744 1619 812 disponere
1651 755 1704 799 et
1753 745 2036 809 ordinare,

467 839 697 905 alicujus
722 852 886 906 super
925 837 1026 892 hoc
1056 836 1274 891 licentia
1334 835 1562 891 minime
1594 837 1851 905 requisita
1885 853 1899 890 :
1937 853 2041 888 non

466 929 807 983 obstantibus
840 928 1036 982 litteris
1066 928 1282 981 unionis
1312 929 1645 983 monasterio
1669 928 1725 982 S.
1748 929 2042 981 (Iletncn'is

467 1021 621 1074 facta:
657 1019 966 1089 hujusmodi
1019 1035 1084 1073 ac
1137 1021 1192 1074 in
1232 1018 1310 1074 eis
1351 1020 1648 1086 contentis,
1681 1036 1743 1074 ac
1771 1022 2044 1074 constitu-

469 1111 704 1167 tionibus
762 1111 1076 1180 apostolicis
1151 1113 1472 1182 caiterisqtte
1527 1112 1821 1168 ccutrariis
1883 1114 2040 1183 127

411 1193 431 1278 )
463 1204 902 1272 quibuscunque.

538 1295 679 1349 Nulli
707 1312 834 1364 ergo
862 1296 1139 1347 hominum
1178 1294 1336 1348 liccat
1393 1295 1533 1350 lianc
1559 1295 1811 1364 paginam
1846 1305 2044 1350 nostra:

466 1386 865 1456 applicationis,
925 1386 1406 1455 appropriatiouis,
1443 1387 1814 1455 deputatiouis
1860 1395 1913 1440 et
1952 1401 2042 1438 as-

469 1478 791 1549 siguationis
836 1478 1136 1548 infringere
1168 1477 1250 1531 vel
1307 1479 1355 1532 ci
1393 1493 1525 1531 ausu
1573 1479 1867 1531 temerario
1917 1493 2045 1531 con-

469 1571 652 1624 traire.
687 1571 742 1625 Si
777 1571 899 1639 quis
933 1580 1109 1624 autem
1153 1570 1255 1624 hoc
1308 1579 1634 1638 attemptare
1673 1584 2037 1639 praesumpse-

465 1665 556 1731 rit,
593 1664 1014 1733 indignationem
1059 1663 1446 1731 omnipotentis
1497 1663 1587 1716 Dei
1619 1671 1672 1716 et
1735 1660 1839 1715 BD.
1895 1662 2036 1716 l’ctri

465 1767 514 1811 et
554 1757 704 1811 Pauli
739 1757 1109 1827 apostolorum
1140 1754 1255 1825 ejus
1285 1770 1344 1809 se
1398 1754 1612 1810 noverit
1667 1756 2048 1809 iucursurum.

540 1849 729 1902 Datum
785 1849 970 1903 [lernae
1023 1847 1162 1916 apud
1220 1849 1278 1901 S.
1313 1845 1530 1902 Petrum
1567 1861 1709 1900 anno
1769 1830 2038 1902 incuruat.

464 1937 680 1993 Dmuini
730 1938 887 2004 1446,
930 1953 1023 1993 vtu
1063 1936 1174 1992 kal.
1233 1945 1380 2009 Sept.
1415 1978 1430 2002 ,
1463 1936 1807 2006 pontiﬁcatus
1870 1935 2040 1991 nostri

466 2041 610 2083 anno
645 2042 752 2081 XVI.

1215 2141 1304 2197 IV.

463 2259 626 2316 Bulla
657 2257 1018 2310 exstinctionis
1047 2254 1396 2308 clericatuum
1425 2255 1484 2309 S.
1515 2253 1704 2308 Maria‘
1729 2256 1782 2307 in
1813 2253 2034 2319 Campo,

533 2329 593 2384 S.
627 2326 838 2380 Nicolai
865 2327 928 2379 de
956 2324 1238 2388 Columna,
1270 2341 1330 2378 uc
1361 2322 1421 2378 S.
1457 2324 1712 2392 Sylvestri
1744 2325 1809 2378 de
1841 2329 2037 2377 Arcto-

533 2400 696 2460 ninis,
723 2406 770 2451 et
805 2397 1092 2465 applicatio
1147 2394 1413 2459 fructuum
1441 2395 1722 2448 rectoribus
1745 2405 1792 2448 et
1819 2409 2039 2463 repara-

533 2469 664 2522 tioni
703 2468 966 2520 dictarunt
1006 2465 1374 2517 ecclesiarum.

533 2584 789 2639 Nicolaus
815 2580 1120 2651 episcopus,
1148 2592 1340 2632 servus
1382 2591 1662 2632 servorum
1701 2577 1813 2643 Dei,
1844 2577 2042 2633 dilecto

464 2677 578 2732 ﬁlio
601 2674 832 2731 Jobanni
864 2671 1182 2728 Gundisalvi
1219 2670 1286 2725 de
1336 2670 1500 2734 Deza,
1547 2671 1932 2726 archidiacono
1975 2672 2044 2726 de

463 2767 781 2826 Baroncelle
820 2767 875 2820 in
906 2763 1140 2820 ecclesia
1169 2763 1393 2818 Aurien.
1425 2800 1441 2828 ,
1477 2762 1708 2818 salutem
1738 2773 1792 2817 et
1823 2773 2040 2832 aposto-

462 2865 624 2920 licam
649 2858 1110 2916 benedictionem.

526 2951 814 3018 Quoniam,
838 2948 962 3002 dum
983 2945 1336 3001 ecclesiarum
1355 2953 1406 3000 et
1425 2943 1784 2999 ecclesiastica
1795 2960 1907 2999 rum
1924 2960 2045 3015 per-

463 3059 718 3104 sonarum
738 3038 1176 3112 opportunitates
1195 3038 1543 3091 etcommoda
1563 3038 1942 3107 temporalium
1964 3054 2045 3094 re-

464 3152 583 3192 rum
613 3135 843 3189 tenuitas
865 3129 1076 3194 minuit,
1110 3128 1317 3181 illarum
1340 3128 1804 3184 vilescitdeceutia
1829 3137 1883 3183 et
1907 3129 2044 3184 divi-

463 3245 564 3284 nus
577 3227 749 3282 cultus
766 3223 818 3280 in
837 3225 997 3278 domo
1013 3220 1220 3275 Domini
1241 3220 1432 3274 desinit
1447 3221 1714 3284 exerceri,
1734 3221 2045 3290 apostolica:

461 3322 527 3374 ad
559 3321 661 3374 hoc
709 3333 812 3373 non
845 3315 1064 3385 indigne
1103 3311 1412 3369 extenditur
1441 3313 1760 3379 provisionis
1783 3327 1966 3380 opera,
1987 3322 2046 3368 ut

462 3405 1083 3482 liujusmodidispettdiis
1119 3420 1212 3474 per
1240 3404 1477 3458 remedia
1507 3405 1716 3456 occurri
1754 3408 1929 3459 valeat
1950 3421 2046 3476 op.

461 3502 912 3575 portuna.Nuper
941 3495 1205 3566 siquidem
1235 3496 1465 3550 dilectus
1493 3494 1633 3550 ﬁlius
1656 3505 1835 3551 noster
1857 3497 2045 3553 Bessa-

463 3599 604 3663 rion,
627 3598 710 3650 tit.
747 3595 981 3649 basilica:
1000 3591 1097 3646 SS.
1116 3588 1209 3644 Xll
1228 3590 1418 3660 Apost.
1441 3589 1621 3659 presb.
1659 3591 1833 3654 card.,
1858 3606 2042 3648 coram

462 3689 618 3743 nobis
633 3685 884 3757 expOsuit
909 3685 1070 3754 quod,
1096 3681 1218 3736 licet
1237 3682 1289 3734 in
1317 3682 1730 3751 quampluribus
1752 3685 2039 3752 parochia-

460 3781 603 3835 lihus
636 3779 884 3834 ecclesiis
915 3777 979 3831 de
1005 3775 1154 3830 Urbe
1180 3775 1247 3829 ab
1288 3774 1526 3844 ipsarum
1570 3774 1886 3832 luudatioue
1943 3793 2043 3846 pro

459 3872 626 3928 divini
657 3871 836 3934 qutus
862 3866 1274 3923 honmiﬁcentia
1330 3876 1384 3922 ct
1444 3877 1735 3937 augmento
1787 3869 2041 3924 nonnulla

458 3973 716 4037 perpetua
748 3961 1031 4026 beneﬁcia,
1064 3959 1352 4014 clericatus
1397 3970 1735 4027 nuncupata,
1770 3974 1865 4028 pro
1901 3977 2039 4014 tton-

457 4058 622 4112 nullis
653 4056 868 4111 clericis
895 4056 984 4125 qui
1016 4053 1322 4109 rectoribus
1355 4066 1546 4107 earum
1576 4067 1674 4122 pro
1713 4062 1956 4123 tempore
1982 4055 2034 4108 in

456 4150 656 4205 divinis
691 4146 896 4204 Oﬁiciis
926 4156 980 4202 et
998 4145 1180 4201 Missis
1208 4144 1504 4212 deservire,
1567 4145 1786 4214 pulsare
1820 4161 2040 4214 campa-

453 4259 575 4309 nas,
603 4241 855 4297 claudere
893 4239 1175 4309 etaperire
1202 4237 1464 4294 ecclesias
1489 4246 1545 4292 et
1577 4237 1680 4291 alia
1715 4237 1793 4291 eis
1823 4238 2039 4293 incum-

455 4337 638 4390 l.cntia
683 4342 1006 4402 supportare
1043 4331 1325 4395 deberent,
1371 4331 1572 4398 quique
1597 4329 1767 4397 aaqui's
1830 4331 2036 4399 portio-

455 4435 612 4482 nibus
646 4443 769 4482 cum
807 4424 1112 4481 rectoribus
1139 4424 1408 4480 dictarem
1443 4423 2033 4479 ecclesiarumillarum

455 4527 688 4586 lructus,
745 4519 946 4573 reditus
1002 4527 1058 4572 et
1113 4525 1407 4587 proventus
1457 4514 1723 4585 praedicti,
1773 4521 2034 4572 cauSamc

455 4625 755 4681 temporum
789 4608 1013 4675 malitia,
1053 4609 1185 4661 adeo
1213 4605 1390 4663 elfecti
1427 4615 1553 4660 sunt
1621 4615 1809 4662 tenues
1838 4615 1890 4662 et
1919 4609 2035 4662 exi—

450 4703 552 4768 les,
581 4703 725 4772 quod
756 4709 974 4770 propter
1023 4701 1262 4770 ipsorum
1297 4697 1646 4766 exiguitatem
1681 4709 1921 4753 rectores
1975 4708 2032 4754 et

448 4795 630 4852 clerici
670 4793 878 4866 pra-fati
917 4806 976 4846 se
1006 4805 1070 4845 ex
1128 4790 1235 4844 illis
1265 4789 1553 4844 commode
1612 4799 1922 4844 suetcntare
1975 4798 2030 4845 et

447 4890 550 4942 alia
580 4889 658 4944 eis
688 4902 785 4957 pro
817 4896 1064 4954 tempore
1095 4881 1461 4937 incumbentia
1511 4896 1673 4936 onera
1705 4893 2028 4952 supportare

445 4982 729 5048 commode
765 4993 870 5032 non
896 4985 1155 5047 possunt;
1185 4991 1246 5027 ac
1269 4974 1398 5030 dicti
1427 4976 1608 5032 clerici
1644 4977 1734 5046 qui
1769 4978 1820 5030 in
1864 4976 2025 5031 exhi-

445 5071 652 5126 bitione
684 5069 970 5124 ministerii
1001 5077 1056 5122 ct
1100 5069 1444 5124 servitiorum
1476 5069 1637 5138 128
1703 5069 2023 5139 hujusmodi

443 5179 502 5217 se
533 5162 764 5218 reddunt
814 5161 1102 5234 plurimum
1138 5160 1489 5231 negligentes,
1546 5165 1772 5224 fructus,
1820 5161 2024 5216 reditus

443 5267 496 5311 ct
517 5265 812 5326 proventus
854 5255 1140 5326 prmdictos
1175 5256 1354 5326 minus
1377 5256 1558 5310 debite
1586 5255 1750 5308 etiam
1782 5270 1888 5307 non
1927 5258 2022 5307 de-

441 5345 730 5402 serviendo
755 5347 1080 5416 percipiunt,
1113 5325 1297 5415 sicque
1328 5346 1470 5400 cedit
1505 5345 1558 5399 iu
1609 5345 1806 5399 divina:
1854 5345 2025 5414 maje-

438 5438 598 5496 szatis
625 5439 886 5495 oll'ensam
908 5441 1050 5510 quod
1084 5438 1152 5494 ad
1177 5440 1295 5510 ejus
1318 5439 1534 5494 laudent
1558 5449 1611 5493 et
1638 5439 1902 5492 dictarum
1932 5452 2023 5491 ec-

439 5535 728 5590 clesiarum
755 5534 1004 5589 decorem
1037 5533 1216 5588 fuerat
1263 5531 1513 5600 primitus
1557 5530 1886 5585 institutum.
1951 5528 2021 5583 Et

439 5627 583 5682 sicut
615 5627 755 5683 idem
789 5625 1080 5680 cardinalis
1113 5623 1277 5678 nobis
1308 5623 1473 5678 etiam
1538 5637 1809 5692 exponere
1858 5639 2021 5678 cura-

437 5718 531 5785 vit,
562 5719 606 5774 si
636 5719 687 5774 in
713 5717 944 5789 singulis
977 5709 1034 5774 S.
1063 5714 1244 5769 Mat-ire
1273 5713 1326 5767 iu
1360 5714 1579 5784 Catnpo,
1621 5715 1775 5784 cujus
1803 5716 2009 5784 decem;

435 5814 491 5872 S.
514 5809 716 5871 Nicolai
751 5811 812 5873 de
838 5809 1128 5879 Columna,
1158 5806 1308 5878 cujus
1337 5805 1591 5864 similiter
1615 5805 1822 5876 decem,
1850 5823 1914 5864 ac

1306 355 1403 415 DE
1442 354 1620 415 VlTA
1666 353 1763 414 ET
1808 354 2060 416 REBUS
2100 355 2392 417 GESTlS‘
2426 354 2937 417 BESSARIONIS

3592 357 3732 399 ιιιιι

2157 471 2416 544 Sylrestri
2451 474 2516 528 de
2549 470 2858 528 Arciouinis
2889 462 3294 538 parocliialibus
3321 460 3566 519 ecclesiis
3593 474 3649 519 et
3671 465 3737 520 de

2157 552 2305 622 Urbe
2336 565 2576 635 przelatae
2609 563 2847 620 basilica:
2900 557 3213 615 immediate
3265 553 3552 623 subjectis,
3588 557 3739 624 cujus

2152 659 2459 729 quindecim
2494 657 2617 712 ﬂor.
2639 658 2757 709 auri
2777 655 2844 708 de
2865 667 3081 708 camera
3117 648 3453 720 singularum
3475 646 3734 703 videlicet

2152 761 2397 804 rectores
2431 757 2485 801 et
2517 748 2749 802 clericos
2772 748 3012 815 ipsarum
3042 756 3141 812 pro
3167 747 3418 808 tempore
3463 738 3735 792 exsisten-

2156 852 2235 896 tes
2297 838 2725 908 contingentium
2780 835 3086 905 portionum
3152 831 3384 892 fructus,
3447 828 3653 882 reditus
3687 839 3738 883 et

2153 943 2469 1013 proventus,
2499 931 2792 987 secundum
2822 941 3163 984 communem
3188 924 3624 985 aestimationem,
3646 937 3736 975 va-

2152 1032 2318 1087 lorem
2350 1046 2610 1092 annuum,
2645 1038 2704 1082 ut
2740 1026 3028 1090 asseritur,
3055 1039 3162 1078 non
3201 1023 3491 1085 excedunt,
3522 1017 3733 1088 singula

2153 1134 2410 1194 perpetua
2459 1121 2724 1176 beneﬁcia
2759 1120 3048 1175 clericatus
3078 1123 3383 1183 nuncupata
3426 1111 3733 1180 lmjusmodi

2153 1225 2313 1283 prout
2346 1215 2398 1268 in
2433 1213 2706 1268 nonuullis
2730 1212 2852 1266 aliis
2874 1207 3281 1281 parochialibus
3301 1205 3550 1260 ecclesiis
3575 1203 3736 1255 dicta:

2151 1306 2304 1360 urbis
2338 1321 2430 1374 per
2462 1305 2724 1374 quosdam
2753 1303 3031 1356 Romanos
3057 1299 3344 1370 pontiﬁces
3368 1297 3736 1363 praedecesso-

2152 1413 2239 1452 res
2275 1407 2489 1452 nostros
2523 1413 2618 1466 pro
2648 1394 2856 1451 salubri
2917 1392 3162 1463 ipsarum
3196 1389 3558 1444 ecclesiarum
3591 1393 3736 1440 statu

2152 1489 2354 1546 factum
2410 1489 2580 1545 fuisse
2616 1487 2976 1559 dignoscitur,
3034 1482 3507 1554 snpprimerentur
3536 1490 3592 1534 et
3641 1493 3736 1532 ex-

2150 1583 2577 1653 stinguerentur,
2614 1596 2679 1635 ac
2714 1580 2863 1650 ipsos
2894 1578 3124 1632 clericos
3147 1573 3580 1644 contingentium
3611 1585 3736 1638 por-

2153 1675 2360 1730 tionum
2415 1673 2650 1738 fructus,
2713 1671 2936 1735 reditus,
2992 1675 3308 1738 proventus,
3353 1663 3735 1735 possesSiones

2151 1776 2208 1822 et
2235 1766 2374 1822 bona
2419 1765 2761 1837 portionibus
2796 1774 3033 1820 rectores
3063 1759 3315 1832 praefatos
3371 1755 3736 1826 contingenti-

2153 1860 2254 1914 bus
2310 1867 2571 1928 perpetuo
2632 1856 3063 1926 applicarentur,
3129 1853 3608 1920 iucorporareutur
3681 1855 3736 1900 et

2152 1960 2597 2013 annecterentur,
2635 1947 2766 2002 idin
2795 1962 2901 2001 non
2937 1945 3206 1999 modicum
3247 1941 3614 2012 subjectarum
3647 1952 3734 1991 ec—

2151 2039 2441 2094 clesiarum
2476 2044 2531 2093 et
2552 2043 2826 2090 rectorum
2865 2034 2918 2088 iu
2971 2031 3266 2103 praemissis
3325 2030 3541 2085 cederet
3593 2027 3735 2082 leva-

2153 2145 2297 2184 men.

2219 2222 2397 2285 Quare
2427 2233 2524 2288 pro
2554 2225 2707 2286 parte
2735 2216 2862 2270 dicti
2903 2215 3240 2271 Bessariouis
3290 2211 3608 2280 cardinalis,
3638 2227 3729 2265 as-

2160 2313 2395 2367 serentis
2421 2327 2481 2367 se
2517 2310 2720 2366 dictam
2766 2308 3068 2376 basilicam,
3112 2324 3232 2378 qua:
3256 2308 3446 2362 titulus
3478 2306 3558 2362 sui
3611 2319 3733 2358 car-

2151 2403 2426 2458 dinalatus
2448 2402 2680 2464 exsistit,
2728 2416 2827 2470 pro
2861 2407 3012 2469 parte
3033 2399 3385 2462 reformasse,
3420 2398 3474 2451 in
3505 2410 3569 2452 ea
3599 2396 3734 2450 divi-

2153 2511 2277 2549 uum
2326 2495 2527 2549 cultum
2579 2494 2796 2566 apxisse
2849 2501 2902 2544 et
2962 2507 3062 2561 pro
3105 2506 3265 2560 posse
3309 2489 3597 2560 adaugere,
3631 2502 3732 2542 nec

2152 2601 2257 2640 non
2291 2583 2546 2654 przel'atas
2586 2584 2861 2654 subjectae
2907 2583 3171 2639 ecclesias
3199 2582 3511 2637 reformare
3559 2581 3734 2634 inten-

2149 2678 2225 2734 sis
2253 2677 2536 2732 desideriis
2569 2677 2846 2740 allectare,
2876 2676 3032 2729 nobis
3076 2675 3178 2727 fuit
3211 2673 3490 2728 humiliter
3527 2671 3733 2740 suppli-

2149 2779 2331 2823 catum
2371 2776 2425 2822 ut
2463 2783 2626 2836 super
2661 2767 2746 2821 his
2803 2773 3108 2833 Opportune
3145 2764 3426 2834 providere
3467 2763 3534 2817 de
3581 2762 3734 2816 beni-

2157 2860 2364 2931 gnitate
2411 2858 2708 2928 apostolica
2757 2858 3125 2925 dignarentur.
3171 2855 3278 2922 Nos
3316 2856 3501 2925 igitur,
3534 2855 3628 2926 qui
3664 2856 3732 2909 de

2149 2952 2444 3022 praemissis
2488 2965 2693 3006 certam
2745 2949 2992 3005 notitiam
3052 2966 3160 3004 nou
3215 2947 3503 3011 habemus,
3548 2945 3731 3018 hujus-

2151 3048 2296 3101 modi
2358 3043 2846 3115 supplicationibus
2909 3043 3196 3106 inclinati,
3258 3041 3568 3096 discretioni
3626 3049 3771 3106 illth

2132 3120 2245 3209 'per
2286 3138 2582 3208 apostolica
2627 3139 2828 3204 scripta
2893 3137 3213 3191 mandamus
3266 3145 3534 3206 quatenus
3567 3137 3635 3202 si,
3676 3144 3730 3189 et

2153 3241 2460 3303 postquam,
2491 3246 2654 3300 super
2684 3246 2790 3300 quo
2819 3240 2964 3283 tuam
2997 3229 3384 3284 conscientiam
3409 3243 3724 3290 oneramus,

2154 3326 2338 3381 tibide
2385 3325 2679 3394 prtemissis
2730 3323 2967 3392 legitime
3016 3322 3360 3388 constiterit,
3407 3322 3729 3376 auctoritate

2151 3413 2447 3484 apostolica
2497 3424 2707 3469 statuas
2746 3423 2802 3468 et
2837 3412 3105 3469 decernas
3135 3414 3278 3483 quod
3320 3414 3498 3466 omnia
3532 3423 3586 3467 et
3615 3413 3727 3465 siu-

2152 3507 2271 3577 gula
2326 3506 2652 3571 oblationes,
2709 3502 2996 3568 loneralia,
3046 3505 3400 3560 obventioiies
3433 3513 3487 3559 et
3517 3505 3726 3558 eiuolu-

2153 3607 2332 3651 menta
2364 3599 2413 3652 iu
2441 3597 2602 3651 dictis
2648 3596 2909 3665 subjectis
2945 3597 3192 3651 ecclesiis
3218 3612 3315 3666 pro
3351 3606 3590 3666 tempore
3627 3598 3725 3649 oh-

2154 3689 2446 3752 venientia,
2475 3704 2575 3743 nec
2605 3704 2712 3742 non
2745 3703 2848 3742 una
2881 3704 2947 3744 ex
2977 3698 3125 3752 tunc,
3161 3689 3264 3743 alia
3298 3705 3425 3744 vero
3457 3689 3726 3743 medietas

2151 3788 2392 3836 omnium
2440 3791 2494 3835 et
2564 3781 2898 3850 singularum
2975 3781 3284 3852 portionum
3347 3781 3724 3851 praedictarum

2150 3876 2368 3929 eosdem
2401 3873 2628 3930 clericos
2681 3875 3107 3944 contingentium
3132 3916 3146 3937 ,
3197 3889 3357 3944 quam
3393 3873 3628 3942 primum
3659 3873 3728 3926 il-

2151 3957 2322 4019 lorum
2351 3966 2612 4021 beneﬁcia
2647 3965 2956 4034 hujusmodi
3004 3981 3101 4035 per
3127 3966 3367 4032 ipsorum
3395 3967 3724 4017 clericorum

2149 4072 2336 4113 cessus
2385 4060 2465 4113 vel
2507 4061 2794 4125 decessus,
2843 4068 2937 4111 aut
2973 4056 3204 4126 alicujus
3243 4053 3490 4109 beneﬁcii
3542 4062 3725 4112 ecr'e-

2149 4151 2356 4205 siastici
2401 4166 2494 4205 seu
2529 4152 2830 4219 aliquorum
2880 4147 3266 4204 beneﬁciorum
3323 4146 3723 4203 ecclesiastico-

2149 4255 2267 4294 rum
2305 4241 2664 4302 assecutioue,
2703 4239 2858 4308 cujus
2889 4253 2985 4292 seu
3018 4252 3248 4308 quormn
3297 4235 3527 4305 fructus,
3579 4238 3723 4292 redi-

2147 4342 2232 4387 tas
2280 4348 2344 4388 ac
2399 4339 2691 4401 proventus
2749 4331 3111 4398 mquivalcant
3171 4329 3483 4394 fructibus,
3560 4331 3722 4399 129

2142 4427 2409 4480 reditibus
2467 4435 2521 4479 et
2582 4423 2938 4494 proventibus
3010 4423 3316 4491 portionutn
3394 4421 3719 4475 clericorum

2142 4520 2542 4588 praedictorum,
2593 4531 2712 4586 qua:
2788 4515 2988 4570 fuerint
3054 4514 3273 4584 paciﬁca
3317 4515 3572 4580 assecuti,
3623 4529 3718 4567 St'll

2141 4611 2337 4680 aliquis
2378 4626 2564 4665 eorum
2623 4609 2786 4665 fuerit
2832 4610 3057 4678 paciﬁce
3109 4617 3393 4664 assecutus
3418 4623 3510 4676 per
3555 4623 3720 4674 quas-

2137 4720 2354 4774 cunque
2398 4703 2795 4770 assccutiones,
2850 4702 3108 4758 beneﬁcia
3149 4700 3456 4770 hujusmodi
3485 4702 3724 4753 auctori-

2137 4806 2246 4853 tate
2275 4796 2495 4866 przet'ata
2534 4807 2719 4853 tenore
2752 4797 3096 4864 praesentium
3129 4809 3323 4848 vacare
3352 4794 3719 4859 decernimus,

2134 4907 2228 4947 seu
2287 4892 2421 4946 alias
2471 4891 2692 4958 quasvis
2741 4889 3089 4943 dimissiones
3133 4901 3332 4942 vacare
3401 4889 3714 4954 contigerit,

2136 4991 2293 5054 prout
2323 4984 2435 5054 ipsa
2475 4984 2733 5036 henclicia
2764 4981 3033 5035 vacabunt
3059 4994 3122 5034 ex
3154 4989 3280 5032 tunc
3305 4978 3553 5031 in‘antca
3587 4991 3714 5044 per-

2136 5076 2314 5147 petuis
2358 5075 2715 5145 temporibus,
2747 5072 3086 5142 portionibus
3118 5082 3387 5125 rcctormu
3421 5068 3715 5138 prazdicto-

2138 5185 2252 5222 rum
2285 5168 2646 5238 applicentur,
2688 5168 2942 5220 uniautur
2975 5173 3030 5217 et
3067 5163 3231 5217 etiam
3271 5161 3717 5228 incorporcntur,

2134 5262 2206 5317 ita
2261 5262 2403 5331 qttod
2464 5261 2622 5313 liceat.
2696 5258 2934 5327 praelatis
3006 5254 3312 5310 rectoribus
3363 5251 3603 5305 omnium
3663 5259 3723 5304 ct

2135 5353 2472 5423 singulorum
2523 5352 2878 5413 olzlatiouum,
2925 5347 3273 5407 luueralium,
3327 5346 3715 5398 obventiouum

2136 5456 2188 5500 et
2240 5447 2752 5509 cmolumeutorutu,
2803 5458 2902 5496 nec
2955 5457 3060 5494 non
3115 5441 3472 5494 mediotatum
3511 5437 3718 5506 portio-

2137 5553 2260 5591 umu
2324 5535 2642 5589 clericorum
2699 5533 3082 5603 praedictorum
3156 5533 3596 5598 quamprimum,
3655 5536 3718 5580 ttt

2133 5626 2498 5696 praemittitur,
2530 5639 2626 5694 per
2659 5639 2845 5679 cessus
2871 5624 2952 5678 vel
3000 5623 3280 5686 decessus,
3315 5628 3406 5673 aut
3439 5619 3718 5673 assensio-

2134 5731 2228 5770 nes
2265 5716 2572 5784 hujusmodi
2603 5715 2685 5769 vel
2721 5715 2881 5768 aliter
2909 5728 3102 5767 vacare
3134 5711 3446 5779 contigerit,
3485 5711 3714 5775 lructus,

2136 5810 2340 5866 reditus
2373 5819 2425 5864 et
2475 5819 2764 5909 proventus
2793 5808 3090 5879 percipere,
3138 5815 3190 5859 et
3229 5803 3348 5876 illos
3384 5803 3434 5859 iu
3463 5803 3578 5858 suis
3618 5816 3720 5872 pro
