3990 6218
307 363 472 406 LXXIII

306 946 619 1014 apostolicis
677 952 999 1024 ceterisque
1080 962 1381 1019 contrariis
1441 966 1886 1042 quibuseunque.

302 1035 415 1088 Aut
439 1036 487 1090 si
517 1038 685 1108 aliqui
720 1056 887 1112 super
923 1048 1332 1115 provisio-ibus
1383 1052 1488 1114 sibi
1521 1035 1789 1122 faciendis
1824 1069 1893 1125 de

306 1128 618 1197 huiusmodi
654 1134 740 1189 vel
768 1137 892 1193 aliis
922 1140 1208 1201 beneficiis
1251 1149 1645 1212 ecclesiasticis
1687 1160 1740 1213 in
1784 1161 1894 1219 illis

301 1225 551 1289 partibus
603 1230 872 1299 speciales
918 1234 999 1288 vel
1051 1241 1337 1304 generales
1391 1250 1705 1315 apostolica:
1747 1257 1895 1312 sedis

303 1315 388 1370 vel
439 1317 744 1388 legatorum
793 1324 913 1394 ejus
964 1327 1173 1387 litteras
1198 1333 1635 1406 impetraverint,
1664 1348 1884 1404 etiamsi

297 1426 398 1479 per
427 1425 526 1469 eas
551 1414 620 1466 ad
643 1413 1018 1485 inltihitiones,
1049 1428 1472 1485 reservatiouem
1497 1445 1549 1487 et
1572 1435 1874 1504 decretum,

299 1502 387 1556 vel
421 1504 565 1560 aiias
592 1508 997 1575 quomodolibct
1022 1515 1095 1568 sit
1121 1532 1461 1589 processum,
1498 1541 1634 1594 quas
1660 1502 1878 1596 quidem

298 1596 517 1651 litteras
565 1608 619 1652 et
664 1616 955 1669 processus
1004 1610 1169 1663 etiam
1233 1628 1332 1682 pro
1381 1626 1626 1688 tempore
1674 1623 1891 1682 habitas

299 1704 400 1760 per
443 1691 690 1756 easdem,
739 1706 796 1751 et
853 1712 1191 1772 quacunque
1237 1704 1602 1779 inde’sccuta,
1650 1715 1717 1769 ad
1743 1713 1887 1771 dicta

296 1783 565 1838 beneﬁcia
632 1786 887 1844 volumus
937 1808 1043 1846 non
1100 1794 1348 1862 extendi,
1400 1803 1493 1856 sed
1550 1807 1753 1862 nullum
1791 1825 1887 1879 per

299 1870 404 1925 hoc
426 1871 511 1926 eis
539 1876 720 1942 quoad
756 1880 1158 1938 assecutioncm
1208 1887 1437 1944 aliorum
1497 1870 1883 1956 beneﬁciorum

297 1964 672 2031 pra-judicium
730 1974 1024 2041 generari,
1063 1985 1117 2030 ct
1166 1980 1500 2048 quibuslibet
1553 1990 1878 2060 privilegiis,

298 2055 650 2126 indulgentiis
686 2076 750 2116 ac
796 2063 992 2123 litteris
1039 2074 1361 2138 apostolicis
1422 2084 1776 2148 generalibus
1801 2088 1883 2143 vel

295 2149 650 2216 Specialibns,
682 2169 1134 2233 quormncunquc
1191 2176 1439 2234 tenerum
1470 2175 1755 2241 exsistant,
1788 2194 1884 2246 per

293 2259 415 2311 qna:
442 2249 805 2315 praesentibus
827 2268 935 2309 non
968 2272 1224 2327 expressa
1260 2264 1342 2317 vel
1397 2267 1636 2322 totaliter
1664 2285 1769 2324 non
1802 2273 1884 2326 in-

290 2349 437 2393 serta
472 2340 699 2399 effectus
724 2360 915 2401 earum
965 2351 1210 2421 impediri
1246 2356 1422 2412 valeat
1447 2363 1878 2430 qnomodolibct,

291 2431 372 2488 vel
409 2432 643 2505 diﬂ'erri,
666 2446 722 2493 et
750 2439 820 2495 de
850 2442 1046 2513 quibus
1066 2462 1416 2518 gnarumque
1436 2453 1563 2508 tutis
1596 2457 1876 2513 tenoribus

290 2529 357 2580 de
391 2528 568 2604 verbo
609 2532 677 2584 ad
720 2533 947 2590 verbum
985 2537 1232 2594 habenda
1262 2543 1423 2622 sit.in
1457 2549 1656 2600 nostris
1687 2548 1880 2606 litteris

285 2620 498 2674 mentio
514 2624 792 2691 specialis.
816 2625 1073 2685 Volumus
1109 2644 1285 2688 autem
1319 2620 1464 2706 quod
1496 2653 1561 2692 ex
1597 2655 1739 2696 nunc
1764 2642 1877 2696 sin-

277 2713 388 2778 culi
444 2712 718 2771 dictarum
780 2721 1150 2789 subjectarnm
1221 2728 1576 2785 ecclesiarum
1638 2741 1875 2792 rectores

282 2821 461 2860 unum
496 2808 753 2866 clericum
777 2815 869 2883 qui
896 2816 1003 2872 illis
1026 2817 1079 2871 in
1106 2820 1284 2874 missis
1307 2829 1361 2877 et
1392 2822 1513 2879 aliis
1537 2824 1732 2882 divinis
1762 2827 1879 2882 otii-

281 2898 384 2954 ciis
419 2901 714 2970 deserviat,
745 2918 1005 2977 perpetuo
1042 2914 1276 2968 retinere
1322 2929 1386 2969 ac
1416 2918 1464 2972 ei
1497 2918 1623 2972 vitae
1649 2934 1875 2977 necessa

284 2990 362 3043 ria
402 2993 720 3050 ministrare
741 2978 1047 3057 teneantur.
1069 3002 1177 3059 Nos
1207 3008 1350 3060 enim
1377 3023 1442 3062 ex
1481 3025 1621 3065 nunc
1655 3013 1873 3068 irritum

276 3085 635 3144 decernimus
688 3086 747 3146 et
802 3092 983 3160 inane,
1043 3095 1090 3152 si
1146 3113 1308 3155 secus
1366 3116 1530 3172 super
1565 3104 1707 3161 bisa
1742 3123 1877 3177 quo-

274 3196 452 3247 quam
497 3184 691 3251 quavis
743 3188 1070 3247 auctoritate
1124 3194 1363 3251 scienter
1423 3198 1506 3252 vel
1560 3199 1877 3270 ignoranter

281 3272 586 3341 contigerit
611 3280 950 3346 attemptari.

348 3366 550 3421 Datum
600 3368 784 3426 Romae
842 3376 980 3443 apud
1022 3376 1079 3431 S.
1120 3378 1361 3448 Petrum,
1407 3398 1550 3441 anno
1595 3387 1870 3443 incarnat.

273 3456 498 3515 00min.
531 3462 695 3526 1447,
724 3466 798 3520 id.
831 3465 1030 3536 Martii,
1069 3474 1417 3541 pontificatus
1459 3483 1630 3534 nostri
1654 3479 1796 3536 anno
1830 3499 1871 3538 ι.

943 3607 1105 3683 130
1143 3611 1208 3666 V-

274 3686 567 3782 Bnllerii
595 3690 677 3782 Ii,
709 3711 813 3763 qua
840 3702 1125 3782 committit
1149 3703 1378 3782 i‘v'icolao
1411 3712 1557 3763 arclt.
1589 3712 1869 3782 Sipontino

347 3758 766 3846 id'i‘natonlion‘t
791 3767 944 3821 card.
977 3769 1333 3846 Bessarionis,
1360 3791 1415 3832 ut
1455 3758 1729 3839 basilicum
1761 3788 1868 3846 SS.

345 3826 480 3923 {If
548 3833 938 3923 Apostolorum,
1004 3844 1201 3923 auratis
1248 3826 1367 3901 inde
1428 3857 1736 3923 canonicis,

344 3898 585 3955 Fratres
618 3904 907 3961 Mmoritas
926 3898 1259 3981 transferat.

342 4014 484 4072 Pius
519 4019 829 4092 episcopus,
885 4040 1075 4082 servus
1129 4043 1412 4087 servorum
1452 4036 1566 4105 Dei,
1591 4054 1713 4095 ven.
1751 4041 1860 4097 fra-

266 4107 339 4161 tri
403 4105 655 4174 Nicolao,
712 4115 1128 4189 archiepiscopo
1178 4123 1486 4193 Sipontino,
1538 4131 1769 4188 salutem
1812 4146 1866 4192 et

265 4200 644 4267 apostolicam
681 4206 1138 4268 benedictionem.

334 4294 513 4353 Sedis
540 4300 848 4366 apostolicm
882 4305 1221 4361 providentia
1276 4311 1698 4387 circumspecta,
1756 4322 1860 4386 Ec-

262 4388 569 4443 cicsiarum
619 4393 860 4446 omnium
908 4397 1144 4452 debitam
1175 4418 1360 4459 curam
1397 4422 1612 4475 gerens,
1644 4415 1862 4470 assidue

261 4484 463 4552 vigilat
496 4495 552 4538 et
595 4500 657 4540 se
707 4489 966 4545 continue
1016 4495 1195 4549 reddit
1228 4508 1493 4555 attentam
1529 4515 1586 4558 nt
1617 4509 1862 4564 ccclcsitc

261 4577 424 4646 ipsae,
456 4592 581 4646 qua:
622 4580 817 4636 domus
862 4592 988 4639 sunt
1039 4589 1303 4647 orationis
1341 4591 1391 4647 in
1430 4595 1611 4665 terris,
1644 4614 1739 4669 per
1779 4603 1863 4657 di-

263 4671 530 4724 vinorum
581 4671 884 4729 ciliciorum
931 4677 1334 4739 observantiam
1384 4688 1542 4760 digna
1576 4692 1864 4751 devotione

261 4772 317 4815 et
385 4766 519 4819 fidei
569 4771 872 4825 reverentia
924 4788 952 4826 a
1001 4773 1460 4836 Christiiidelibus
1514 4796 1858 4856 venerentur,

262 4866 315 4908 et
349 4858 563 4926 quibus
599 4861 848 4916 subtrahi
897 4867 1162 4935 conspicit
1196 4868 1434 4926 divinum
1492 4876 1731 4943 cultum,
1758 4881 1865 4936 huc

262 4947 563 5001 brachium
601 4954 887 5017 potestatis
936 4957 1180 5013 extendit
1232 4968 1289 5016 ut
1323 4962 1389 5016 ad
1434 4963 1528 5018 Dei
1565 4966 1779 5022 laudent
1811 4981 1865 5027 et

260 5039 518 5095 fidelium
550 5046 854 5098 animarum
887 5049 1112 5103 salutem
1140 5052 1192 5107 in
1219 5054 1596 5125 spiritualibns
1626 5066 1864 5120 maxime

261 5132 429 5202 dirigi
474 5135 695 5191 valeant
754 5147 803 5192 et
848 5144 1056 5210 augeri.
1110 5145 1251 5201 Sane
1312 5165 1486 5216 nupcr
1537 5169 1656 5208 wn.
1698 5157 1865 5216 frater

260 5225 593 5293 Bcssarion,
625 5232 918 5303 episcopus
944 5235 1305 5302 Tusvnlmns.
1332 5243 1569 5302 basilicae
1603 5247 1693 5303 ΧΗ
1717 5250 1867 5322 Apo-

260 5322 538 5376 stolorum
560 5325 624 5380 de
647 5325 789 5382 Urbe
810 5340 1100 5400 perpetuus
1127 5333 1308 5390 admin
1333 5347 1383 5393 st
1406 5349 1557 5404 'at'ir,
1579 5346 1647 5397 ab
1669 5348 1862 5403 eadem

260 5413 399 5469 sede
424 5418 913 5484 deputatus,nobis
934 5428 1183 5494 exposuit
1203 5432 1341 5496 quod
1368 5430 1588 5500 prmfata
1614 5435 1861 5507 basilica,

263 5521 438 5574 quam
498 5507 591 5562 diu
646 5520 936 5581 antequam
987 5517 1052 5569 ad
1092 5518 1461 5587 episcopatum
1513 5539 1862 5594 promovere-

266 5612 357 5653 tur
391 5601 451 5653 in
499 5604 586 5655 sui
637 5604 1006 5661 cardinalatus
1041 5611 1404 5678 paruehialem
1443 5616 1661 5676 titulum
1714 5625 1857 5678 obti-

265 5700 488 5758 nuerat,
523 5710 666 5749 nunc
696 5711 829 5750 vero
860 5698 913 5753 in
945 5703 1323 5759 commendato
1371 5708 1600 5776 obtinet,
1637 5726 1859 5784 propter

265 5786 619 5843 devotionem
647 5790 908 5859 fidelium,
945 5805 1051 5851 tam
1092 5798 1290 5854 civium
1323 5814 1486 5871 quam
1526 5805 1848 5877 forensium,

266 5891 377 5931 non
414 5892 604 5944 parum
639 5884 797 5941 baLct
830 5888 1112 5946 hominum
1142 5907 1494 5964 concursum,
1525 5901 1614 5970 qui
1652 5902 1839 5962 basili-

985 370 1292 441 ALOYSII
1335 384 1698 451 BANDlNlI
1730 390 1875 454 COM

1980 395 2372 479 ENTARIUS‘.
2412 439 2482 455 ’³
2508 419 2914 490 ΑΡΡΕΝΒΙΧ.

307 472 508 537 tribus,
530 484 588 531 et
611 491 712 547 pro
742 491 935 551 quarta
962 491 1214 556 partibus
1265 496 1318 553 in
1358 500 1625 559 dicturum
1651 507 1917 563 ecclesia-

308 579 428 621 rum
484 573 835 639 reparatione
884 593 1227 655 convertere,
1261 592 1635 667 cujuscunque
1686 599 1905 657 licentia

306 665 541 734 desuper
566 666 877 728 nullatenus
908 677 1192 747 requisita,
1217 682 1475 755 dictaque
1497 665 1760 746 beneficia
1777 706 1907 764 sup-

305 774 493 829 pressa
529 772 584 816 et
619 764 889 821 exstincta
907 768 1015 825 sint
1038 780 1094 826 et
1124 788 1251 831 esse
1275 778 1494 846 penitus
1523 795 1899 842 censeantur:

309 868 415 908 non
458 853 802 913 obstantibus
865 862 1349 924 constitutionibus
1385 881 1439 925 et
1461 874 1902 938 ordinationibus

3429 450 3592 494 LXXIV

2025 530 2143 575 eam
2193 530 2505 595 praedictam
2550 537 2773 598 visitare
2823 552 2878 599 et
2922 546 3120 607 missas
3164 565 3226 606 ac
3271 552 3375 608 alia
3413 558 3592 615 divina

2013 615 2185 675 cilicia
2221 623 2354 679 inibi
2388 630 2578 685 audire
2612 648 3040 709 consueverunt,
3075 652 3133 699 et
3158 648 3299 714 quod
3334 647 3459 705 licet
3489 668 3593 706 nu-

2007 726 2192 769 merus
2224 720 2613 780 canonicornm
2644 727 2817 797 ipsius
2872 734 3144 804 ecclesiae,
3179 739 3269 808 qui
3305 742 3436 798 olim
3467 756 3593 800 octo

2002 817 2126 860 esse
2159 822 2583 881 consueverant,
2611 834 2706 888 per
2735 821 2825 878 fel.
2860 839 2969 881 rec.
3004 826 3303 898 Eugenium
3332 832 3420 897 ιν,
3452 854 3591 905 pra:-

2004 897 2344 958 dccessoretn
2388 918 2661 979 nostrum,
2710 915 2777 970 ad
2820 915 2992 985 ipsius
3022 897 3266 991 episcopi
3309 930 3584 997 supplica-

2004 994 2227 1066 tionem,
2291 1002 2358 1056 ad
2412 1020 2697 1062 numerum
2755 1021 2996 1080 quatuor
3050 1018 3436 1075 canonicormn
3488 1038 3584 1092 per

1997 1100 2213 1143 cessum
2272 1093 2357 1148 vel
2403 1095 2689 1155 decessum
2746 1102 3003 1163 reductus
3046 1106 3229 1176 fuerit,
3279 1111 3344 1165 ad
3392 1112 3495 1170 hoc
3523 1124 3585 1169 ut

1998 1181 2242 1250 praedicti
2307 1196 2544 1257 quatuor
2604 1194 2854 1250 canonici
2910 1196 3126 1256 facilius
3150 1183 3223 1256 se
3269 1212 3580 1261 sustentare

1995 1282 2049 1327 et
2087 1274 2140 1328 in
2171 1275 2315 1333 dicta
2356 1278 2576 1339 basilica
2612 1286 2962 1344 residentiam
3018 1290 3199 1348 facere
3225 1308 3291 1348 ac
3313 1296 3363 1350 ei
3401 1296 3454 1350 in
3497 1299 3582 1365 di-

2002 1365 2144 1421 vinis
2200 1370 2459 1428 cuntinne
2524 1374 2804 1434 deservire
2858 1394 3097 1450 possent.
3131 1382 3265 1440 Cum
3299 1397 3478 1444 autem
3524 1391 3577 1445 id

1993 1464 2208 1528 tempus
2254 1465 2433 1519 nullus
2484 1480 2550 1521 ex
2611 1473 2893 1528 canonicis
2946 1476 2998 1529 in
3047 1491 3109 1531 ea
3171 1479 3455 1543 resideret,
3516 1499 3581 1539 ac

1996 1566 2140 1608 unus
2181 1565 2388 1611 tantum
2424 1561 2743 1629 capellanns
2774 1566 2995 1624 nomine
3051 1572 3296 1626 omnium
3332 1575 3576 1644 ipsormn

1989 1644 2378 1704 canonicornm
2436 1652 2489 1706 in
2538 1669 2602 1709 ea
2655 1656 2979 1726 deserviret,
3039 1661 3420 1727 nihilominus.
3467 1684 3574 1723 non

1989 1733 2238 1794 obstante
2266 1742 2582 1800 reduetioue
2604 1746 2912 1816 huiusmodi
2940 1761 2994 1808 et
3019 1753 3141 1809 aliis
3168 1758 3423 1813 remediis
3451 1776 3572 1829 quae

1990 1826 2104 1895 ipse
2137 1822 2424 1903 episc0pus
2454 1838 2716 1894 adbibere
2743 1844 3000 1901 continue
3032 1857 3263 1903 conatus
3290 1849 3413 1914 fuit,
3454 1869 3573 1905 mo-

1987 1906 2143 1972 dicns
2174 1921 2258 1975 vel
2278 1923 2431 1990 quasi
2463 1927 2650 1984 nullus
2677 1929 2729 1983 in
2765 1946 2827 1987 ea
2850 1944 3100 1991 servatur
3127 1939 3309 1994 cultus
3333 1941 3574 2009 divinus,

1985 1998 2040 2060 et
2062 2007 2149 2064 vix
2181 2010 2292 2067 duo
2319 2029 2387 2068 ex
2420 2015 2583 2072 dictis
2620 2024 2903 2079 canonicis
2959 2028 3051 2095 qni
3089 2046 3233 2100 nunc
3263 2032 3330 2086 ad
3378 2049 3573 2089 nume-

1987 2115 2103 2156 rum
2134 2118 2228 2159 sex
2259 2109 2470 2164 reducti
2498 2121 2648 2176 sunt,
2684 2113 2818 2171 inibi
2855 2119 3094 2175 resident
3119 2162 3140 2188 ,
3162 2121 3375 2193 ipsique
3402 2141 3570 2180 cano.

1986 2195 2190 2251 nici'ad
2231 2200 2474 2256 divinum
2508 2204 2742 2261 officium
2788 2210 3122 2270 sufﬁcientes
3170 2225 3273 2273 ant
3318 2218 3569 2287 dispositi

1984 2276 2091 2341 non
2119 2290 2412 2356 exsistunt,
2471 2293 2587 2363 ipsa
2620 2314 2841 2369 quoque
2888 2302 3112 2360 basilica
3152 2306 3208 2361 in
3239 2309 3354 2362 suis
3391 2311 3563 2365 sediti-

1982 2379 2082 2433 ciis
2116 2382 2344 2439 nimium
2395 2386 2549 2458 131
2599 2399 2682 2444 est
2713 2392 2957 2463 collapsa
2982 2406 3039 2449 et
3084 2397 3249 2453 etiam
3292 2402 3512 2457 ruinosa
3547 2421 3564 2470 ;

1981 2476 2237 2544 quodque
2295 2478 2439 2535 idem
2491 2483 2783 2555 episcopus
2839 2488 3153 2556 praedictam
3178 2491 3459 2548 basilicam
3490 2496 3564 2555 ad

1982 2567 2266 2637 religiosos
2323 2573 2630 2640 transferri,
2680 2586 2736 2634 et
2781 2578 2834 2634 in
2890 2595 2951 2636 ea
2998 2591 3077 2638 tot
3124 2582 3323 2641 fratres
3356 2588 3564 2647 ordinis

1980 2656 2272 2731 Blinorum,
2301 2679 2532 2733 quorum
2564 2685 2704 2724 unus
2742 2671 2817 2727 sit
2851 2674 3203 2743 guardianus,
3236 2680 3329 2748 qui
3367 2696 3554 2735 curam

1976 2753 2213 2811 aliormn
2262 2757 2492 2816 fratrum
2548 2761 2767 2832 habeat,
2820 2775 2876 2822 et
2915 2768 2982 2823 ad
3035 2783 3223 2826 curam
3253 2774 3557 2830 animarum

1980 2832 2034 2902 in
2080 2848 2220 2905 dicta
2269 2851 2492 2908 basilica
2543 2856 2780 2928 aliquem
2820 2860 3196 2933 presbyterum
3244 2868 3561 2923 saecularem

1978 2940 2046 2995 de
2099 2958 2366 3002 consensu
2429 2951 2749 3020 cardinalis,
2794 2954 2888 3024 qui
2943 2972 3041 3024 pro
3092 2965 3334 3029 tempore
3379 2961 3562 3027 fuerit,

1978 3035 2240 3105 deputare
2287 3043 2476 3111 possit,
2528 3046 2704 3099 creari
2754 3056 2809 3101 et
2857 3048 3066 3107 institui
3128 3061 3260 3120 quot
3302 3065 3561 3123 poterunt

1975 3143 2041 3184 ex
2093 3130 2265 3200 ipsius
2313 3135 2557 3192 ecclesia:
2619 3139 2890 3198 fructibus
2941 3159 3182 3217 congrue
3236 3152 3558 3217 sustentari,

1976 3223 2248 3280 desiderat
2277 3227 2592 3287 etalIectat.
2627 3232 2805 3301 Quare
2826 3250 2922 3307 pro
2947 3247 3098 3307 parte
3148 3239 3278 3296 dicti
3316 3242 3562 3312 episcopi

1977 3316 2135 3373 nobis
2160 3318 2263 3375 fuit
2289 3322 2569 3378 humiliter
2591 3327 2955 3397 supplicatum
2983 3338 3060 3398 ut,
3093 3347 3214 3388 cum
3241 3346 3558 3403 procurator

1975 3411 2242 3480 generalis
2299 3414 2430 3469 dict.
2485 3415 2713 3472 fratrum
2764 3419 2818 3475 in
2848 3421 2992 3476 dicta
3025 3423 3161 3480 urbe
3192 3426 3256 3479 sit
3290 3443 3556 3496 praesens,

1972 3510 2028 3556 et
2065 3502 2131 3557 ad
2166 3504 2529 3576 receptionem
2577 3508 2736 3565 dicta:
2764 3513 3012 3570 ecclesiae
3051 3525 3299 3584 paratum
3330 3534 3389 3575 se
3415 3520 3556 3576 olfe-

1975 3604 2077 3658 rat.
2099 3596 2391 3669 pluresque
2412 3601 2754 3669 parochiales
2790 3605 3050 3665 ecclesias
3066 3607 3133 3663 de
3150 3609 3292 3665 dicta
3309 3610 3442 3667 urbe
3459 3628 3557 3680 per

1974 3688 2288 3759 huiusmodi
2324 3692 2611 3763 religiosos
2645 3696 2755 3751 sint
2785 3698 2959 3753 solitae
3004 3702 3322 3770 gubernari,
3347 3705 3552 3761 dictam

1971 3779 2249 3836 basilicam
2312 3783 2380 3839 ad
2426 3784 2735 3855 huiusmodi
2789 3791 3079 3859 religiosos
3129 3796 3443 3863 transferri,
3494 3807 3554 3854 et

1971 3874 2168 3929 ibidetn
2213 3875 2409 3931 fratres
2438 3880 2613 3935 creari
2636 3889 2689 3936 et
2714 3882 2922 3939 institui
2954 3888 3267 3954 praedictos,
3303 3891 3378 3945 ita
3404 3892 3558 3961 quod.

1970 3964 2179 4021 fructus
2201 3977 2255 4023 et
2281 3980 2574 4035 proventus
2598 3973 2956 4029 canonicatns
2999 3985 3052 4031 et
3085 3981 3389 4045 prmbenda:
3417 3997 3558 4051 quos

1970 4060 2084 4127 ipse
2138 4062 2425 4131 episcopus
2470 4074 2523 4119 et
2577 4063 2991 4123 administrator
3035 4071 3269 4138 obtinet,
3323 4088 3390 4128 ac
3445 4076 3560 4130 alib

1967 4152 2209 4221 ejusdem
2251 4153 2492 4211 basilica:
2519 4157 2825 4215 cardinales
2847 4161 3096 4216 obtinere
3123 4178 3548 4231 consueverunt,

1968 4258 2068 4296 nec.
2121 4260 2226 4300 non
2276 4246 2484 4303 fructus
2524 4258 2577 4303 et
2615 4250 2821 4303 reditus
2859 4266 3176 4310 communes
3225 4256 3290 4310 ad
3346 4257 3551 4313 dictant

1968 4336 2243 4392 basilicam
2273 4340 2656 4407 prorenientes
2685 4357 2747 4397 ex
2787 4360 2955 4411 nunc,
2985 4348 3301 4405 cedentibus
3335 4365 3466 4405 vero
3497 4361 3554 4406 et

1965 4425 2355 4485 decedentibus
2384 4430 2517 4499 ipsis
2544 4432 2706 4489 dictis
2734 4450 2827 4490 sex
2868 4438 3147 4494 canonicis
3180 4450 3236 4496 et
3268 4442 3391 4496 aliis
3424 4458 3550 4511 pre-

1965 4519 2222 4593 sbyteris,
2275 4533 2329 4578 et
2358 4524 2594 4595 clericis,
2628 4531 2898 4599 perpetuis
2946 4533 3305 4592 beneficiariis
3361 4538 3415 4592 in
3453 4553 3549 4592 ea-

1965 4618 2087 4671 dem
2115 4617 2358 4684 basilica,
2393 4617 2474 4671 vel
2509 4634 2642 4674 suos
2674 4623 3026 4679 cauonicatus
3053 4636 3104 4681 et
3140 4628 3461 4697 praebendas
3479 4648 3543 4687 ac

1964 4708 2226 4764 beneficia
2259 4711 2665 4781 quomodolibct
2712 4714 3133 4784 dimittentibus,
3184 4722 3375 4791 reliqui
3424 4739 3543 4778 om-

1966 4816 2064 4857 nes
2098 4801 2325 4871 fructus,
2365 4805 2572 4859 reditus
2599 4815 2654 4860 ct
2701 4818 2995 4876 proventus
3036 4811 3345 4883 bnjnsmodi
3377 4831 3544 4870 canu-

1969 4895 2270 4964 nieatunm,
2314 4896 2723 4965 przebcndarum
2755 4909 2809 4954 et
2843 4901 3253 4970 beneficiorum,
3279 4922 3344 4963 ac
3376 4911 3540 4964 etiam

1966 4990 2343 5059 possessiones
2371 5000 2425 5046 et
2454 4991 2590 5046 bona
2625 5009 2962 5066 qnazcnnque
2995 4998 3063 5052 ad
3094 5000 3267 5054 dictos
3313 5006 3543 5060 canoni-

1968 5095 2061 5135 cos
2089 5091 2141 5135 et
2184 5090 2473 5151 perpetuos
2500 5083 2853 5142 beneﬁciatos
2888 5089 3095 5144 ratione
3122 5105 3344 5147 suorum
3375 5111 3539 5151 cano-

1968 5171 2249 5225 nicatunm
2282 5181 2335 5228 et
2376 5175 2787 5243 prmlicndarnm
2828 5194 2893 5233 ac
2936 5179 3322 5239 beneficiorum
3357 5187 3547 5257 huius-

1968 5262 2111 5316 modi
2154 5264 2475 5332 pertinentia
2524 5270 2796 5336 praedictis
2831 5271 3091 5331 fratribus
3123 5287 3177 5333 et
3220 5294 3409 5335 eorum
3458 5299 3549 5335 or-

1964 5352 2077 5406 dini
2115 5355 2476 5424 applicentur.
2510 5360 2575 5414 de
2613 5358 2946 5433 benignitate
2992 5372 3294 5438 apoStolica
3327 5375 3546 5429 manda.

1968 5461 2170 5503 l'ClllllS.

2034 5538 2142 5596 Nos
2180 5540 2384 5612 itaque,
2422 5543 2731 5615 huiusmodi
2765 5552 3252 5621 supplicationibus
3278 5559 3545 5629 inclinati,

1962 5632 2284 5688 fraternitati
2332 5645 2434 5691 tua:
2458 5651 2554 5705 per
2595 5641 2890 5708 apostolica
2941 5646 3143 5717 scripta
3198 5653 3544 5719 mandamus,

1959 5735 2232 5792 quatenus
2286 5727 2492 5783 dictam
2536 5731 2811 5789 basilicam
2863 5740 3192 5798 auctoritate
3243 5747 3544 5812 apostolica

1958 5816 2024 5868 ad
2080 5817 2388 5887 huiusmodi
2442 5822 2726 5892 religiosos
2772 5828 3101 5896 transferas,
3143 5843 3196 5888 et
3234 5836 3432 5892 ibidem
3466 5848 3549 5893 tat

1966 5925 2031 5965 ex
2070 5910 2380 5982 huiusmodi
2409 5914 2675 5977 fratribus
2701 5918 3003 5994 Minorum,
3045 5941 3275 5997 quorum
3305 5945 3443 5987 unus
3474 5933 3556 5987 sit.
