3990 6218
416 345 554 388 LXXV

413 447 765 516 guardianus,
799 449 888 517 qtti
924 466 1090 505 unum
1142 453 1517 524 presbyterum
1565 456 1876 510 szccularem
1911 457 1976 510 ad

410 555 599 592 curam
638 542 939 597 animarum
969 546 1033 597 de
1081 558 1348 598 consensu
1392 546 1682 600 cardinalis
1731 549 1988 615 deputare

412 633 586 700 possit
617 640 668 686 et
725 634 934 697 valeat,
975 636 1066 702 qui
1117 637 1469 705 parochianis
1502 640 1774 694 ministret
1811 642 1984 696 eccle-

409 725 628 779 siastica
661 736 1020 789 sacramenta,
1056 727 1250 780 ibidem
1281 728 1565 797 instituas,
1594 742 1720 798 quot
1749 748 1814 788 es
1845 733 1989 786 fruc-

407 817 554 873 tibus
587 817 859 884 praedietis
888 826 1138 886 poterunt
1172 833 1408 890 congrue
1437 825 1749 888 sustentari,
1776 839 1836 879 ac
1867 833 1978 877 sta-

413 922 535 965 tuas
563 913 889 966 auctoritate
923 913 1180 981 praedicta
1212 924 1266 969 et
1293 915 1536 980 ordines,
1567 915 1711 984 quod
1749 917 1981 980 fructus.

412 1002 615 1054 reditus
661 1009 713 1054 et
761 1013 1058 1070 proventus
1103 1017 1166 1057 ac
1213 1004 1587 1072 possessiones
1642 1014 1697 1058 et
1748 1005 1884 1058 bona
1916 1007 1982 1058 ad

406 1094 789 1147 canonicatum
864 1100 918 1146 et
988 1093 1330 1162 prtebendam
1374 1095 1581 1164 praefati
1632 1095 1870 1164 episc0pi
1929 1107 1985 1150 et

349 1231 356 1254 ,
408 1185 880 1251 commendatarii,
915 1201 1010 1240 seu
1053 1186 1344 1240 cardinalis
1399 1202 1496 1256 pro
1544 1195 1788 1256 tempore
1835 1188 1979 1242 exsi-
2049 1197 2054 1203 ’

402 1281 617 1344 steutis,
683 1294 782 1332 nec
846 1295 950 1333 non
1012 1278 1241 1337 fructus.
1303 1280 1506 1333 reditus
1557 1287 1610 1332 et
1665 1291 1981 1346 proventus,

405 1371 770 1426 communiter
812 1372 1112 1424 ad'dictam
1165 1369 1440 1424 basilicam
1493 1370 1874 1440 provcnicntes
1915 1386 1980 1424 cx

407 1479 572 1526 nunc,
610 1464 922 1518 cedentibus
954 1479 1077 1517 vero
1103 1470 1158 1516 et
1207 1463 1595 1517 decedentibus
1631 1463 1786 1532 132
1816 1479 1982 1518 cauo-

404 1556 543 1610 nicis
572 1563 626 1609 et
666 1555 999 1609 beneficiatis
1034 1555 1327 1623 prtediclis,
1363 1554 1443 1609 vel
1471 1569 1600 1610 suos
1629 1556 1982 1610 canonicatus

403 1659 457 1702 et
500 1648 817 1718 prrebeudas
862 1658 915 1702 et
960 1649 1219 1702 beneﬁcia
1278 1649 1591 1719 supradicta
1640 1647 1982 1718 quomodoli-

404 1743 495 1796 bet
545 1742 959 1807 dimittvutihus,
1004 1743 1242 1809 reliquos
1289 1757 1478 1798 omnes
1529 1742 1778 1807 fructus,
1842 1743 1986 1796 redi-

407 1853 492 1913 tus
521 1847 570 1889 et
605 1845 900 1906 proventus
937 1852 999 1891 ac
1030 1837 1400 1906 possessiones
1448 1845 1500 1890 et
1547 1838 1690 1892 bona
1725 1836 1791 1891 ad
1815 1851 1983 1891 eano-

407 1930 556 1984 uicos
598 1938 652 1983 ct
703 1929 1054 1985 beneﬁciatos
1105 1929 1392 2000 praedictos
1440 1929 1649 1984 ratione
1681 1927 1974 1984 canonica-

407 2031 557 2074 tuum
586 2028 638 2074 et
668 2018 1076 2087 prtebcndarum
1141 2027 1195 2074 et
1234 2019 1621 2074 beneficiorum
1674 2019 1978 2088 hujusmodi

408 2112 751 2180 pertinentia,
808 2124 867 2165 ut
924 2109 1230 2182 praefertur,
1290 2112 1504 2166 etiamsi
1553 2113 1654 2180 ipsi
1691 2113 1982 2167 canonica-

410 2218 496 2261 tus
526 2215 578 2260 et
609 2203 912 2275 praebenda:
950 2219 1012 2258 ac
1042 2205 1300 2259 beneﬁcia
1327 2207 1434 2260 sint
1479 2204 1822 2276 dispositioni
1852 2220 1985 2274 apo-

408 2296 613 2350 stolicze
656 2294 1061 2363 quomodolibet
1110 2303 1403 2356 reservata,
1459 2287 1662 2349 eisdem
1727 2297 1984 2348 fratribus

408 2401 462 2444 ct
492 2405 682 2444 eorum
716 2388 892 2443 ordini
939 2388 1282 2458 applicentur
1319 2403 1383 2442 eo
1432 2387 1566 2456 ipso.
1606 2390 1680 2442 Ac
1708 2389 1982 2443 nihilomi-

409 2496 512 2534 nus
561 2481 762 2534 eisdem
809 2479 1107 2547 guardiano
1147 2486 1198 2531 et
1248 2475 1527 2544 fratribus,
1575 2487 1860 2548 postquam
1929 2479 1981 2532 in

408 2576 548 2628 dicta
581 2573 802 2626 basilica
837 2572 1003 2624 creati
1034 2579 1089 2624 et
1140 2569 1369 2624 instituti
1423 2570 1645 2636 fuerint,
1679 2572 1892 2626 loeuttdi
1932 2583 1988 2626 et

410 2665 730 2721 urreudandi
785 2663 1012 2723 fructus,
1063 2664 1267 2717 reditus
1305 2673 1360 2718 et
1420 2675 1738 2732 proventus,
1781 2663 1902 2733 jura
1931 2674 1986 2719 et

410 2760 762 2816 obventiones
807 2757 1220 2810 eanonicatuutn
1257 2764 1307 2811 et
1355 2759 1759 2824 prmbeudarutu
1794 2773 1855 2811 ae
1891 2759 1976 2812 bc-

412 2851 732 2905 ncliciorum
764 2849 1170 2916 prtcdictorum,
1203 2862 1232 2900 a
1256 2847 1536 2901 canonicis
1559 2859 1614 2901 et
1649 2848 1982 2904 beneﬁciatis

410 2942 687 3012 praedictis
739 2939 1105 2994 obtinentibus
1165 2939 1277 3002 Illa,
1313 2939 1552 3008 quandiu
1604 2939 1703 3008 ipsi
1729 2943 1981 2996 canonici

411 3050 472 3087 ea
511 3031 864 3096 obtinuerint,
906 3045 1004 3097 pro
1036 3038 1187 3084 certo
1223 3031 1398 3100 pretio
1443 3031 1648 3086 eisdem
1704 3035 1982 3088 canonicis

411 3136 467 3183 et
499 3123 837 3178 beneﬁciatis
867 3121 1145 3176 annuatim
1172 3107 1547 3190 persolvendo,
1583 3123 1628 3179 si
1660 3127 1724 3180 de
1762 3126 1865 3180 hoc
1897 3127 1983 3181 in-

412 3230 498 3274 ter
529 3233 588 3272 se
625 3217 997 3282 convenerint,
1048 3215 1371 3269 auctoritate
1405 3219 1661 3287 praadicta
1709 3219 1983 3275 licentiam

411 3311 684 3380 largiaris,
717 3309 1143 3363 contradictores
1183 3323 1280 3376 per
1324 3321 1612 3362 censuram
1651 3310 1983 3364 ecclesiasti-

411 3415 545 3469 tam,
602 3401 960 3472 appellatione
1017 3401 1345 3470 postposita,
1385 3403 1781 3468 compescendo
1826 3420 1838 3457 :
1878 3419 1981 3456 non

415 3496 763 3552 obstantibus
814 3493 1230 3562 quibuscunque
1274 3493 1754 3549 constitutionibus
1784 3509 1846 3548 ac
1878 3496 1985 3563 pri-

413 3588 624 3656 vilegiis
670 3596 725 3642 et
765 3587 962 3640 litteris
1015 3585 1363 3653 apostolicis,
1416 3600 1513 3640 nec
1555 3602 1659 3640 non
1689 3588 1908 3641 statutis
1931 3596 1984 3641 et

411 3678 895 3734 consuetudinibus
965 3676 1200 3734 basilica
1239 3687 1290 3732 et
1350 3677 1556 3749 ordinis
1611 3680 1982 3746 [l‘CCtllCiOfllm

411 3770 728 3832 contrariis,
755 3768 1092 3836 juramcnto,
1125 3769 1534 3827 conﬁrmatione
1573 3772 1869 3840 apostolica
1904 3774 1984 3826 vel

413 3874 734 3929 quacunque
768 3862 1020 3914 ﬁrmitate
1051 3862 1339 3914 roboratis.

487 3958 593 4008 Aut
618 3954 661 4007 si
693 3953 881 4023 aliqui,
919 3954 1212 4022 apostolica
1267 3953 1345 4007 vel
1384 3953 1487 4007 alia
1520 3957 1712 4022 quavis
1739 3957 1983 4010 auetori-

411 4057 520 4104 tate
571 4049 624 4102 in
653 4049 842 4102 eadem
879 4047 1102 4102 basilica
1156 4047 1208 4098 in
1251 4048 1541 4100 canonicos
1593 4049 1704 4102 sint
1758 4051 1982 4116 recepti,

409 4141 494 4194 vel
538 4149 592 4192 ut
621 4138 952 4208 recipiantur
1000 4138 1283 4200 insiStaut;
1317 4152 1410 4191 seu
1453 4135 1496 4191 si
1528 4152 1689 4206 super
1721 4139 1977 4207 provisio-

411 4232 574 4284 nibus
610 4229 714 4284 sibi
747 4229 1007 4282 faciendis
1039 4229 1104 4282 de
1142 4227 1448 4296 huiusmodi
1480 4229 1891 4283 canonicatibus
1929 4238 1984 4284 et

409 4322 715 4390 przebendis
749 4322 914 4388 ipsius
962 4319 1198 4375 basilicae
1231 4320 1515 4388 speciales,
1567 4321 1646 4375 vel
1675 4321 1792 4375 aliis
1820 4321 1985 4377 bene-

412 4411 554 4466 ficiis
583 4410 972 4464 ecclesiasticis
1002 4409 1052 4462 iu
1087 4408 1192 4464 illis
1212 4409 1458 4478 partibus
1474 4411 1755 4479 generales
1771 4421 1984 4482 aposto-

408 4507 526 4560 lica:
559 4506 708 4559 sedis
743 4503 824 4560 vel
865 4505 1161 4572 legatorum
1194 4503 1311 4573 ejus
1361 4503 1572 4560 litteras
1620 4505 1982 4575 impetrarim,

409 4599 626 4654 etiamsi
674 4615 770 4669 per
822 4615 916 4653 cas
947 4599 1012 4652 ad
1060 4598 1442 4653 inhibitionem
1484 4607 1536 4653 et
1565 4599 1866 4664 decretum,
1903 4602 1985 4656 vel

410 4693 546 4746 alias
590 4691 998 4761 quomodolibet
1044 4693 1114 4745 sit
1165 4707 1476 4760 processum
1519 4709 1536 4748 :
1573 4707 1708 4762 quas
1765 4696 1983 4764 quidem

410 4783 620 4838 litteras
650 4791 703 4836 et
737 4796 1026 4851 processus
1074 4781 1286 4835 habitos
1334 4797 1427 4851 per
1461 4786 1700 4850 easdem,
1752 4793 1806 4839 et
1840 4799 1987 4854 qua:-

411 4889 626 4944 cuuque
665 4875 788 4928 inde
841 4884 1026 4928 secuta
1078 4874 1144 4926 ad
1199 4873 1504 4943 hujusmodi
1549 4877 1902 4933 canouieatus
1932 4885 1987 4932 et

411 4973 731 5040 praebendas
763 4981 817 5025 et
849 4971 952 5025 alia
980 4973 1240 5027 beneﬁcia
1277 4974 1444 5042 ipsius
1468 4974 1710 5031 basilica:
1736 4975 1986 5030 volumus

411 5079 519 5122 non
548 5065 793 5128 extendi,
823 5067 918 5121 sed
946 5065 1156 5120 nullum
1190 5079 1285 5130 per
1317 5067 1418 5120 hoc
1449 5067 1527 5121 eis
1557 5069 1736 5136 quoad
1770 5081 1988 5123 assecu-

411 5156 612 5210 tionetn
664 5161 1082 5213 cauonicatuum
1117 5166 1172 5211 et
1228 5158 1635 5224 prtebendarum
1675 5175 1738 5214 ac
1779 5157 1983 5214 beneﬁ-

409 5250 618 5304 ciorum
645 5250 872 5304 aliorum
900 5252 1268 5320 praejudicium
1306 5252 1574 5320 generari.
1625 5252 1729 5305 Seu
1765 5252 1986 5321 quibus-

411 5358 626 5411 cuuque
676 5344 993 5415 privilegiis,
1017 5346 1364 5416 indulgentiis
1417 5356 1472 5399 et
1505 5347 1702 5400 litteris
1728 5347 1982 5414 apostoli-

347 5453 356 5462 ·
413 5435 492 5487 eis
523 5437 868 5504 generalibus
902 5438 981 5492 vel
1029 5437 1356 5506 specialibus
1383 5477 1396 5501 ,
1431 5436 1800 5505 cujuscunque
1831 5444 1982 5490 teno-

417 5527 493 5580 tis
535 5527 821 5593 exsistant,
874 5545 968 5598 per
1021 5545 1140 5599 qua:
1180 5529 1536 5599 praesentibus
1574 5543 1676 5582 non
1728 5543 1979 5595 espressa

418 5618 502 5672 vel
546 5619 780 5674 totaliter
813 5635 916 5675 non
951 5622 1174 5684 inserta,
1224 5621 1448 5676 effectus
1483 5635 1668 5675 eorum
1730 5618 1981 5688 impediri

411 5709 591 5766 valeat
627 5713 1030 5782 quomodolibet
1057 5713 1138 5768 vel
1181 5712 1408 5776 diﬁcrri,
1439 5723 1492 5766 ct
1522 5715 1586 5766 de
1622 5711 1825 5780 quibus
1853 5725 1984 5779 quo-

414 5817 636 5876 rumque
688 5805 813 5861 totis
855 5806 1134 5861 trnoribus
1182 5805 1247 5858 de
1279 5805 1436 5860 verbo
1492 5805 1554 5858 ad
1601 5802 1824 5859 verbum
1882 5802 1970 5860 ba-

1244 344 1340 402 DE
1384 344 1556 402 VITA
1598 345 1690 402 ET
1739 347 1996 406 liEBUS
2047 351 2327 410 GESTIS
2363 351 2862 415 BESSARIONIS

3509 363 3670 407 LXXVI

2103 461 2273 516 benda
2306 462 2378 516 sit
2417 463 2468 517 in
2504 463 2711 518 nostris
2759 461 2958 516 litteris
3025 463 3224 517 mentio
3255 463 3539 532 specialis:
3573 483 3674 522 nos

2095 553 2240 606 enim
2273 553 2420 608 dicto
2479 555 2738 624 episcopo
2771 565 2824 608 ct
2856 554 3226 609 rardiualibus
3259 557 3310 608 in
3341 555 3484 610 dicta
3534 558 3674 612 basi-

2097 644 2196 699 lica
2230 647 2668 709 successoribus,
2717 646 2768 700 itt
2814 647 2967 718 133
3000 649 3114 715 ipsa
3163 645 3386 702 basilica
3419 664 3482 701 ac
3513 666 3673 713 guar-

2094 737 2260 791 diano
2313 747 2368 794 et
2417 737 2678 794 ftatribus
2721 740 2794 794 ibi
2841 740 3331 805 comtnorautibus,
3377 741 3501 794 dum
3539 742 3669 797 inibi

2097 830 2320 895 fuerint,
2354 845 2454 884 nec
2483 846 2595 886 non
2628 832 2974 899 parochianis
3003 833 3160 886 dit-tae
3185 825 3417 888 basilica:
3451 847 3667 888 omnem

2093 925 2510 988 correctionem,
2546 925 2983 992 iurisdictionem
3019 940 3083 981 ac
3119 927 3382 994 justitiam
3427 943 3669 982 reserva-

2095 1029 2234 1081 mus,
2253 1030 2414 1085 quam
2433 1015 2486 1070 in
2513 1015 2791 1073 canonicis
2815 1027 2868 1073 et
2893 1018 3226 1074 beneﬁciatis
3243 1033 3306 1073 ac
3321 1020 3669 1088 parochianis

2092 1103 2251 1162 dicta:
2295 1107 2538 1164 ecclesiae
2585 1109 2757 1179 ipsius
2801 1110 3040 1180 episcopi
3079 1112 3508 1179 praedecessores
3556 1114 3672 1166 dir-

2095 1204 2199 1250 tam
2234 1197 2508 1254 basilicam
2541 1201 2847 1257 obtinentes
2876 1203 3181 1257 habuerunt
3202 1212 3256 1257 et
3290 1204 3430 1257 idem
3457 1205 3672 1272 episcoo

2093 1303 2192 1356 pus
2245 1290 2485 1344 noscitur
2537 1291 2740 1346 habere
2791 1292 2860 1346 de
2912 1293 3189 1360 prmsenti.
3240 1294 3303 1347 Et
3351 1293 3570 1361 insuper
3601 1311 3663 1348 ex

2094 1395 2235 1434 nunc
2271 1382 2479 1436 irritqu
2514 1383 2858 1441 decernimus
2904 1394 2958 1439 et
3005 1387 3164 1440 inane
3215 1386 3268 1440 si
3311 1400 3470 1440 secus
3505 1402 3668 1453 super

2095 1469 2181 1526 bis
2215 1487 2244 1524 a
2277 1488 2544 1542 quoquam
2601 1478 2796 1544 quavis
2861 1479 3187 1534 auctoritate
3215 1484 3246 1543 ,'
3293 1480 3530 1534 scienter
3585 1481 3666 1533 vel

2094 1561 2427 1631 ignoranter,
2463 1567 2752 1636 contigerit
2777 1570 3111 1637 attemptari.

2170 1655 2359 1710 Datum
2405 1655 2586 1712 Romae
2619 1660 2761 1728 apud
2816 1659 2875 1714 S.
2914 1643 3172 1726 Petrum,
3200 1677 3339 1716 anno
3387 1663 3661 1725 iucarnat,

2097 1746 2307 1801 Domini
2357 1749 2516 1816 1165,
2551 1751 2722 1819 pridie
2758 1750 2869 1804 kal.
2907 1749 3052 1818 Julii,
3112 1752 3459 1822 pontificatus
3493 1757 3661 1810 nostri

2095 1850 2238 1890 anno
2274 1854 2324 1893 ν.

2847 1957 2912 2012 Vl

2096 2068 2256 2124 Bulla
2279 2088 2380 2138 qua
2407 2071 2534 2127 Pius
2556 2072 2620 2128 11
2642 2076 2789 2128 card.
2809 2075 3113 2130 Bessarioni
3129 2079 3364 2131 concedit
3388 2088 3443 2131 ut
3466 2079 3525 2133 S.
3557 2078 3664 2131 Eu-

2166 2144 2334 2210 genia:
2362 2143 2614 2197 sacellum
2671 2155 2993 2211 restaurare,
3027 2148 3356 2202 sacellanum
3400 2151 3667 2202 instituere

2167 2223 2324 2288 atque
2349 2213 2816 2288 eligeresillurlque
2835 2219 2889 2271 in
2909 2229 3170 2287 posterum
3193 2219 3318 2288 jure
3351 2229 3667 2288 patronatus

2165 2282 2398 2336 obtinere
2422 2282 2608 2352 possit.

2170 2396 2293 2451 Pius
2326 2397 2636 2469 episcopus,
2683 2415 2872 2457 servus
2917 2417 3196 2457 servorum
3245 2403 3361 2468 Dei,
3397 2405 3663 2461 venerati.

2097 2482 2249 2542 fratri
2279 2487 2609 2554 Bessarioui,
2640 2493 2892 2562 episcopo
2918 2493 3248 2559 Tusculano,
3281 2496 3541 2550 cardinali
3574 2497 3665 2552 Ni-

2094 2593 2266 2644 cmno,
2303 2582 2532 2636 Salutem
2566 2563 2994 2652 etoapostolicatu
3025 2589 3477 2655 benedictionem.

2165 2672 2459 2728 Personam
2492 2682 2664 2736 tuam,
2701 2677 2853 2731 nobis
2903 2688 2958 2733 et
3001 2681 3310 2748 apostolicae
3340 2683 3453 2736 sedi
3502 2683 3667 2736 devo-

2097 2768 2227 2826 tam,
2283 2763 2394 2818 tuis
2413 2765 2753 2833 exigentibus
2790 2769 3015 2834 meritis,
3043 2779 3260 2838 paterna
3294 2772 3667 2828 benedictione

2094 2862 2508 2921 prosequentes,
2555 2866 2678 2908 vota
2732 2866 2821 2910 tua
2862 2873 3220 2930 quzecunque,
3273 2865 3569 2930 prmsertim
3599 2879 3662 2917 ex

2093 2941 2287 3009 quibus
2317 2943 2486 2998 divini
2525 2946 2702 3000 cultus
2749 2961 3098 3017 augmentum
3139 2961 3192 3003 ct
3241 2953 3388 3006 salus
3415 2965 3667 3022 speratur

2092 3031 2418 3102 animarum,
2451 3036 2517 3088 ad
2553 3038 2916 3094 exauditionis
2947 3040 3173 3109 gratiam
3200 3041 3430 3097 libenter
3459 3044 3659 3098 admit-

2094 3124 2279 3192 timus,
2309 3139 2360 3180 et
2395 3138 2454 3182 ut
2485 3137 2728 3196 optatum
2774 3131 3075 3208 sorziantur
3103 3133 3384 3197 eﬂeetum.
3417 3152 3576 3205 opem
3611 3146 3667 3190 et

2091 3233 2308 3286 operam
2351 3221 2709 3283 intpartimur.
2744 3223 2884 3277 Sane
2921 3241 3017 3292 pro
3061 3236 3214 3294 parte
3247 3238 3335 3281 tua
3366 3229 3525 3282 nobis
3558 3245 3663 3282 uu-

2093 3323 2188 3375 per
2221 3308 2462 3364 exhibita
2496 3313 2681 3380 petitio
2701 3315 3010 3369 continebat
3039 3318 3178 3385 quod
3207 3326 3262 3371 ttt
3287 3319 3545 3386 capellam
3565 3324 3667 3375 sub

2094 3397 2435 3455 invocatione
2463 3401 2523 3456 S.
2554 3402 2803 3474 Eugeniae
2831 3404 2881 3458 in
2914 3404 3132 3460 basilica
3163 3404 3257 3459 Xll
3289 3406 3662 3474 Apostolorum

2093 3492 2158 3544 de
2189 3489 2333 3546 Utbe
2384 3493 2563 3556 sitam,
2599 3510 2717 3563 qua:
2749 3496 2985 3550 indatata
3037 3499 3253 3552 exsistit
3281 3508 3337 3551 et
3389 3509 3666 3552 restaura-

2097 3583 2237 3637 tioue
2271 3583 2497 3654 indiget,
2533 3600 2628 3654 pro
2663 3595 2768 3639 tua:
2794 3597 2847 3640 et
2878 3595 3089 3648 tuorum
3121 3590 3522 3660 pregenitorum
3549 3589 3666 3642 ani-

2095 3691 2302 3728 marum
2359 3678 2538 3730 salute
2588 3677 2690 3731 sub
2740 3678 3082 3735 invocatione
3117 3680 3215 3735 SS.
3269 3681 3546 3737 Michaelis
3577 3698 3666 3736 ar-

2093 3768 2338 3838 changeli
2396 3777 2452 3824 et
2495 3767 2719 3825 Joannis
2774 3771 3054 3840 Baptistzc,
3097 3783 3445 3836 restaurare,
3490 3775 3665 3839 litris,

2093 3859 2427 3924 paramentis
2463 3870 2517 3914 et
2545 3859 2666 3915 aliis
2693 3860 3080 3918 ecclesiasticis
3121 3865 3456 3918 ornamentis
3483 3864 3548 3916 ad
3577 3863 3664 3916 di-

2094 3949 2274 4004 vinum
2305 3951 2510 4008 cultum
2535 3955 2861 4010 necessariis
2895 3955 3107 4020 fulcire,
3139 3971 3201 4008 ae
3237 3955 3666 4022 competentibus

2094 4058 2192 4112 pro
2231 4059 2338 4097 uno
2379 4047 2718 4116 presbytero,
2752 4047 2842 4114 qui
2871 4047 3002 4100 inibi
3043 4047 3235 4100 missas
3267 4055 3323 4099 et
3346 4044 3449 4098 alia
3485 4045 3668 4101 divina

2091 4130 2264 4185 ollicia
2298 4133 2557 4197 celebret,
2607 4134 2870 4190 reditibus
2913 4135 2980 4189 de
3020 4135 3179 4190 bonis
3229 4137 3332 4189 tuis
3369 4137 3532 4192 etiam
3576 4155 3667 4207 per

2095 4209 2393 4282 Ecclesiam
2421 4228 2703 4298 acquisitis
2737 4228 2922 4282 dotare
2946 4228 3223 4296 proponis,
3248 4227 3508 4285 aﬂectans
3525 4232 3666 4299 quod

2090 4319 2178 4388 jus
2207 4330 2527 4390 patronatus
2557 4321 2716 4374 diem
2753 4319 2971 4386 capella:
2998 4320 3086 4372 tibi
3126 4330 3181 4374 et
3213 4331 3330 4390 post
3357 4333 3406 4374 te
3447 4324 3668 4376 nomine

2097 4421 2186 4465 tuo
2227 4412 2515 4466 abbatibus
2575 4410 2633 4464 S.
2693 4411 2840 4465 Pauli
2889 4410 2956 4464 de
3005 4408 3150 4464 Urbe
3191 4411 3248 4466 S.
3287 4412 3562 4468 Benedicti
3615 4425 3668 4468 et

2095 4506 2257 4576 priori
2291 4503 2348 4560 S.
2385 4505 2564 4559 Maria:
2595 4508 2657 4559 de
2685 4504 2886 4576 Populo
2919 4507 2976 4561 S.
3010 4506 3296 4576 Augustini
3324 4508 3577 4561 ordinum
3614 4510 3666 4562 itt

2095 4610 2413 4670 perpetuum
2447 4608 2693 4652 servetur
2721 4615 2736 4656 ;
2785 4609 2837 4654 et
2869 4611 3154 4667 eapropter
3187 4601 3342 4655 nobis
3381 4600 3539 4672 134
3571 4602 3668 4654 hu-

2097 4695 2296 4750 militer
2332 4693 2646 4762 supplicasti
2679 4701 2735 4745 ut
2769 4703 2860 4744 tuo
2897 4693 3173 4762 proposito
3223 4703 3276 4749 et
3311 4694 3525 4749 allectui
3563 4695 3666 4748 lnt-

2091 4784 2326 4852 jusmodi
2352 4798 2591 4838 aunuere
2615 4782 2681 4838 de
2719 4783 2958 4838 bonitate
2977 4785 3268 4855 apostolica
3297 4787 3664 4854 dignaremur;

2094 4877 2202 4932 Nos
2249 4878 2434 4947 igitur,
2467 4878 2555 4946 qui
2594 4877 2798 4930 cultum
2845 4876 3023 4945 ipsum
3067 4877 3309 4931 divinum
3353 4878 3534 4948 augeri
3588 4879 3671 4930 itt-

2097 4969 2268 5026 tensis
2303 4969 2671 5024 desideramus
2705 4967 3009 5034 allectibus,
3037 4967 3239 5022 dictum
3271 4977 3418 5022 tuum
3469 4983 3666 5035 propo-

2095 5063 2259 5117 situm
2294 5060 2346 5114 in
2373 5059 2604 5116 Domino
2634 5058 2922 5127 plurimum
2953 5060 3417 5124 commendantes,
3460 5061 3670 5129 tuisque

2095 5153 2428 5226 hujusmodi,
2455 5153 2543 5223 qui
2579 5153 2746 5206 etiam
2775 5153 3084 5222 praedictam
3131 5151 3406 5205 basilicam
3437 5153 3491 5206 in
3523 5168 3669 5208 com-

2095 5250 2344 5304 mendam
2381 5247 2612 5310 obtines,
2638 5261 2736 5313 pro
2759 5245 2926 5315 ipsius
2951 5245 3188 5300 basilica:
3206 5245 3401 5300 decore
3427 5256 3479 5300 et
3496 5247 3671 5302 cultus

2097 5341 2336 5414 prtedicti
2386 5341 2438 5394 iu
2498 5355 2559 5394 ea
2594 5348 2882 5409 augmento
2929 5339 3138 5392 devotis
3173 5340 3670 5408 supplicationibus

2095 5435 2359 5498 inclinati,
2394 5433 2488 5487 tibi
2528 5433 2791 5502 capellam
2827 5430 3133 5501 praedictam
3165 5432 3486 5496 restaurari,
3513 5448 3668 5500 repa-

2095 5527 2198 5580 rari
2227 5525 2481 5587 faciendi,
2516 5524 2689 5590 libris,
2726 5523 3055 5594 paramcntis
3095 5523 3503 5586 etornameutis
3536 5539 3671 5589 prae-

2089 5619 2247 5674 dictis
2305 5617 2584 5682 lulciendi,
2623 5633 2722 5672 nec
2764 5633 2870 5672 non
2907 5616 3204 5682 reditibus,
3258 5625 3314 5670 ut
3361 5614 3669 5684 praefertur,

2091 5717 2156 5766 de
2200 5711 2356 5765 bonis
2404 5713 2509 5765 luis
2557 5713 2718 5764 etiam
2764 5725 2860 5778 per
2913 5707 3208 5764 Ecclesiam
3257 5708 3543 5778 acquisitis
3575 5708 3670 5760 ilo-.-

2099 5801 2266 5870 tandi,
2327 5802 2644 5857 auctoritate
2720 5797 3019 5870 apostolica
3078 5805 3265 5854 tenore
3317 5799 3668 5867 praesentium
