3990 6218
282 383 462 424 LXXVII

276 487 588 542 facultatem
619 485 1011 554 concedimus;
1047 502 1110 542 ac
1133 499 1418 558 postquam
1460 489 1607 544 illam
1644 502 1855 546 restau-

279 579 384 632 rari
428 577 627 634 feceris
653 587 709 633 et
733 578 1028 644 dotaveris,
1060 588 1119 634 ut
1157 579 1464 648 praefertur,
1499 573 1595 635 tibi
1641 591 1692 636 et
1737 591 1860 650 post

279 679 330 724 te
350 669 573 726 nomine
612 678 724 736 tuo,
763 670 944 725 abbati
971 679 1027 726 et
1057 672 1224 742 priori
1261 671 1534 743 praedictis
1577 673 1626 726 in
1663 689 1857 744 perpe-

281 771 454 824 tuutn,
516 762 598 814 rel
652 761 699 815 si
753 760 916 817 aliter
963 772 1090 817 ante
1139 771 1369 818 mortem
1405 775 1549 819 tuam
1599 767 1858 834 disponas

273 853 758 922 jurispatrqnatua,
791 860 848 908 et
881 854 1244 922 praesetttandi
1287 869 1571 924 personam
1607 856 1856 909 idoneam

274 946 341 1000 ad
371 946 570 1000 dictam
624 945 889 1015 capellam
946 945 1049 1000 hac
1079 946 1254 1015 prima
1301 949 1420 1004 vice
1463 958 1518 1003 et
1543 949 1755 1017 quoties
1805 950 1856 1002 in

275 1048 432 1092 antea
465 1037 612 1092 illam
640 1051 838 1093 vacare
869 1038 1180 1108 contigerit,
1232 1041 1551 1110 presbytero
1591 1041 1856 1094 cardinali

274 1131 431 1184 dicta.-
465 1129 722 1186 ECclesiae
752 1145 850 1201 pro
878 1139 1120 1201 tempore
1147 1133 1425 1186 exsistenti
1457 1129 1602 1187 dicta
1624 1131 1858 1186 auctori-

276 1229 385 1276 tate
413 1235 785 1289 reservamus,
836 1223 1190 1278 decernentes
1236 1223 1494 1292 capellam
1539 1226 1710 1292 ipsam
1758 1223 1858 1276 sill)

277 1315 628 1370 invocatione
663 1315 977 1370 earumdem
1015 1316 1118 1372 SS.
1160 1317 1436 1372 Michaelis
1466 1317 1774 1387 archangeli
1805 1327 1858 1372 ct

272 1405 502 1461 J0annis
543 1405 817 1475 Baptism,
843 1415 896 1461 et
919 1417 1121 1462 sanctae
1155 1407 1431 1475 Eugeniin,
1450 1408 1516 1460 de
1537 1417 1734 1461 ca'tero
1766 1421 1861 1459 no-

253 1499 477 1560 ,tninari
522 1499 738 1562 debere,
768 1499 893 1568 jure
940 1507 1120 1554 tamen
1176 1500 1346 1568 ipsius
1387 1499 1622 1554 basilica:
1659 1501 1710 1553 in
1740 1515 1859 1553 om-

253 1579 440 1643 'nibns
473 1605 691 1658 semper
729 1592 900 1645 salvo.

262 1691 275 1760 ι
346 1681 487 1737 Nulli
513 1699 644 1752 ergo
674 1684 899 1739 0'nnino
926 1679 1209 1737 hominum
1253 1683 1414 1737 liceat
1443 1683 1582 1737 hanc
1609 1681 1856 1753 paginam

282 1787 478 1829 nostra:
496 1776 893 1840 concessionis,
929 1775 1311 1829 reservatioois
1340 1785 1397 1828 et
1431 1773 1856 1836 constitutionis,

217 1862 222 1864 ⁷
281 1867 598 1931 infringere,
630 1867 714 1920 Vel
739 1867 788 1921 ei
818 1879 956 1922 ausu
987 1865 1283 1921 temerario
1317 1867 1615 1919 contraire.
1647 1866 1700 1919 Si
1737 1867 1860 1934 quis

278 1967 453 2012 autem
488 1957 592 2012 hoc
613 1967 943 2028 attemptare
973 1960 1402 2028 praesumpserit,
1436 1958 1858 2026 indignationem

277 2050 664 2119 omnipotentis
695 2052 788 2106 Dei
813 2062 866 2106 et
899 2053 1179 2106 beatorum
1206 2051 1351 2106 Petri
1384 2061 1438 2105 et
1462 2049 1614 2104 Pauli
1644 2059 1862 2120 aposto-

279 2141 452 2195 lorum
483 2141 600 2211 ejus
628 2157 686 2196 se
713 2146 923 2198 noverit
954 2146 1320 2200 incursurum.

357 2237 543 2290 Datum
585 2236 773 2293 Romae
812 2240 949 2306 apud
1008 2237 1067 2291 S.
1113 2239 1356 2302 Petrum,
1390 2253 1535 2294 anno
1590 2239 1858 2292 incarnat.

282 2329 497 2384 Domin.
535 2329 698 2396 “63,
736 2331 913 2400 pridie
953 2331 1066 2386 kal.
1097 2331 1246 2397 Maii,
1297 2331 1653 2402 pontificatus
1690 2333 1860 2384 nostri

277 2439 420 2479 anno
451 2439 504 2479 ν.

1033 2541 1120 2596 Vll

279 2659 573 2729 Dispositio
626 2661 1023 2714 testamentaria
1069 2676 1173 2729 qua
1205 2658 1351 2712 card.
1387 2657 1695 2729 Bcssariotn
1717 2656 1863 2709 uaria

351 2725 450 2784 sita
480 2732 616 2783 bona
642 2733 839 2785 sacello
874 2732 933 2784 S.
977 2725 1226 2797 Eudenim
1253 2731 1307 2781 in
1327 2729 1548 2780 basiticn
1578 2725 1695 2780 ΧΗ
1723 2729 1860 2794 Apo-

351 2803 615 2882 stolorum
653 2805 841 2866 donat,
869 2816 931 2854 ac
959 2801 1014 2856 in
1066 2815 1124 2853 eo
1169 2808 1562 2853 monumentum
1592 2799 1693 2851 sibi
1742 2797 1865 2866 poni

354 2880 614 2940 prorupit.

354 2987 411 3042 In
465 2986 689 3044 nomine
744 2986 982 3041 Domini.
1030 2984 1224 3040 Amen.
1292 2985 1448 3038 Anno
1496 2999 1524 3039 a
1585 2981 1866 3037 nativitate

275 3081 526 3152 ejusdem
585 3079 874 3134 millesimo
910 3076 1474 3146 quadringentesimo
1525 3071 1866 3143 sexagesimo

275 3184 504 3245 quarto,
564 3171 755 3226 indict.
811 3185 910 3234 an,
957 3169 1048 3224 die
1097 3184 1224 3222 vero
1279 3165 1505 3221 Veneris
1539 3166 1602 3218 Π
1665 3162 1867 3218 mensis

281 3266 594 3330 Februarii,
635 3263 978 3336 pontificatus
1012 3261 1125 3317 Smi
1165 3260 1324 3331 135
1354 3261 1405 3312 in
1437 3258 1656 3313 Christo
1685 3256 1862 3311 Patris

277 3370 339 3417 et
365 3358 571 3414 domini
607 3358 776 3412 nostri
805 3354 864 3408 ι).
897 3355 1000 3420 Pii,
1046 3355 1227 3408 divina
1259 3353 1592 3422 providentia
1644 3365 1796 3421 papa:
1821 3346 1867 3401 ll

280 3467 430 3508 anno
463 3460 641 3514 sexto,
675 3450 726 3504 iu
749 3449 852 3503 mei
881 3448 1075 3502 notarii
1102 3446 1303 3515 publici
1335 3446 1667 3512 testiumque
1698 3443 1868 3496 infra-

277 3545 636 3615 scriptorum,
665 3542 729 3594 ad
758 3542 859 3596 hoc
887 3539 1199 3610 specialiter
1223 3545 1540 3592 vocatorum
1575 3544 1622 3590 et
1653 3546 1868 3604 rogato-

279 3653 437 3701 rum,
470 3635 779 3707 praesentia,
812 3632 1178 3705 personaliter
1219 3633 1548 3686 constitutus
1594 3629 1764 3684 limus
1811 3629 1866 3683 in

278 3730 518 3786 Christo
561 3728 719 3783 Pater
765 3737 819 3782 et
865 3727 1005 3780 dnus
1051 3724 1112 3778 ι).
1147 3723 1458 3790 Bessariou,
1517 3723 1868 3777 miseratione

278 3824 476 3880 divina
505 3821 788 3891 cpiscopus
818 3818 1158 3874 Tusculanus
1201 3825 1256 3871 et
1308 3816 1566 3871 Romana:
1614 3815 1870 3870 Ecclesiae

277 3916 609 3976 cardinalis,
632 3914 942 3982 patriarcha
975 3895 1634 3982 Constantinopolitanus,
1655 3920 1709 3965 et
1742 3924 1871 3979 apo-

279 4011 494 4070 stolica:
526 4008 671 4064 sedis
706 4008 909 4078 legatus
943 4008 1006 4060 de
1037 4005 1228 4070 latere,
1261 4020 1427 4059 sanus
1452 4014 1506 4058 et
1533 4015 1724 4072 potens
1749 4018 1869 4057 cor-

280 4117 416 4173 pore
439 4111 495 4156 et
533 4111 735 4165 mente,
764 4099 950 4155 volens
985 4112 1224 4168 quoque,
1275 4106 1332 4150 ut
1379 4098 1635 4161 asseruit,
1677 4099 1745 4149 de
1779 4110 1869 4149 ca-

282 4195 424 4263 pella
471 4202 752 4264 perpetua,
820 4205 980 4260 quam
1029 4191 1164 4244 alias
1207 4176 1284 4243 ex.
1334 4187 1588 4243 facultate
1620 4186 1720 4242 sibi
1777 4202 1872 4256 per

281 4286 571 4356 praefatum
621 4285 896 4339 dominmn
946 4291 1194 4338 nostrum
1224 4295 1483 4336 concessa
1517 4281 1759 4334 fraudavit
1817 4281 1870 4333 in

280 4377 526 4434 ecclesia
578 4376 680 4446 SS.
733 4376 1111 4445 Apostolorum
1147 4373 1216 4428 de
1265 4372 1426 4437 Urbe,
1459 4375 1560 4428 sub
1608 4371 1871 4425 vocabulo

281 4485 384 4522 seu
433 4467 781 4522 invocatione
815 4465 916 4519 DB.
948 4465 1226 4519 Michaelis
1277 4464 1614 4531 archangeli,
1649 4462 1874 4516 Joannis

284 4561 549 4630 Baptista
609 4569 666 4616 et
723 4561 782 4614 ὃ.
836 4558 1110 4631 Eugeniae,
1146 4568 1198 4612 et
1244 4562 1386 4612 circa
1425 4557 1568 4610 illam
1609 4572 1731 4624 qum
1762 4572 1872 4610 sua:

283 4654 588 4726 volpntatis
643 4653 885 4723 suggerit
945 4651 1195 4714 allectus,
1243 4650 1415 4704 donec
1479 4650 1531 4704 in
1595 4648 1874 4716 corpOreis

288 4747 551 4802 membris
584 4746 737 4816 quies
767 4747 909 4816 viget
940 4757 996 4800 et
1041 4746 1183 4800 ratio
1238 4755 1475 4798 mentem
1528 4743 1686 4810 regit,
1727 4743 1875 4798 salu-

288 4837 465 4892 briter
498 4837 799 4905 providere,
852 4836 1109 4891 ordinare
1159 4845 1213 4890 et
1270 4836 1563 4904 disponere
1605 4834 1784 4888 omnia
1821 4844 1877 4888 et

288 4930 499 5000 singula
541 4931 597 4985 iu
632 4929 772 4983 infra
823 4929 1064 4983 seriatim
1099 4930 1319 4983 insertis
1364 4928 1637 4996 capitulis,
1671 4936 1870 4998 sponte

290 5038 356 5076 ac
405 5022 575 5077 libere
625 5021 916 5088 ordinavit,
960 5022 1266 5090 disposuit,
1319 5021 1572 5086 instituit,
1622 5021 1876 5082 donavit,

292 5114 503 5168 dimisit
553 5123 718 5181 atque
755 5114 905 5178 fecit,
941 5125 1096 5183 prout
1138 5115 1190 5168 in
1227 5113 1428 5167 eisdem
1459 5113 1714 5180 capitulis
1768 5112 1878 5165 alta

295 5218 346 5260 et
371 5206 697 5276 intelligibili
735 5221 867 5260 voce
916 5223 1010 5275 per
1040 5205 1460 5260 dominationem
1499 5220 1650 5258 suam
1685 5205 1877 5259 liinam

294 5315 481 5351 coram
522 5314 606 5354 me
634 5299 851 5353 notario
889 5309 944 5352 et
987 5299 1217 5353 testibus
1267 5298 1653 5366 infrascriptis,
1703 5298 1880 5365 lectis,

293 5406 522 5459 quorum
561 5400 716 5446 tenor
735 5392 800 5445 de
830 5393 998 5446 verbo
1031 5391 1098 5445 ad
1134 5392 1356 5444 verbum
1395 5392 1512 5446 talis
1543 5401 1623 5445 est
1655 5407 1669 5443 :

371 5499 389 5530 I
437 5479 494 5533 lu
523 5483 713 5551 primis
742 5483 966 5536 instituo
1016 5484 1068 5537 iu
1102 5483 1412 5552 capellanos
1455 5483 1674 5550 capella:
1727 5499 1882 5543 mem,

305 5587 324 5621 t
365 5571 417 5624 in
455 5583 775 5642 perpetuum
811 5575 1046 5628 fundata:
1075 5576 1176 5628 sub
1195 5576 1454 5628 vocabulo
1485 5573 1586 5628 BB.
1609 5575 1886 5629 Michaelis

307 5683 325 5714 ι
369 5666 721 5732 archangeli,
784 5665 1012 5720 Joannis
1065 5668 1319 5736 Baptista:
1374 5684 1436 5720 ac
1494 5667 1553 5721 S.
1608 5670 1880 5737 Eugenirr,

315 5776 331 5808 ι
376 5762 495 5813 sibe
538 5762 591 5814 in
625 5759 854 5814 ecclesia
902 5758 1004 5815 SS.
1057 5760 1434 5828 Apostolorum
1462 5763 1528 5814 de
1553 5759 1715 5824 Urbe,
1759 5763 1886 5814 ηιμ

314 5869 330 5901 t
373 5852 547 5924 giosos
582 5853 726 5910 viros
752 5855 949 5910 fratres
969 5865 1020 5909 et
1053 5863 1372 5910 COllVCllWlll
1407 5854 1608 5910 ozdinis
1719 5852 1888 5907 Fraxi-

967 370 1270 436 ALOYSII
1310 373 1538 435 BANDI
1553 374 1665 435 Nil
1704 373 1852 435 COM

1986 369 2342 434 NTARIUS.
2405 397 2456 408 -
2495 369 2902 434 APPENDIX.

3339 384 3541 426 vavnt

1971 506 1990 538 ι
2037 491 2166 544 cisci
2199 490 2252 544 in
2275 490 2465 544 eadem
2494 489 2720 544 ecclesia
2771 489 2873 543 SS.
2919 487 3295 556 Apostolormn
3328 489 3544 544 inhabi-

1969 602 1987 634 ι
2040 591 2248 649 tantes,
2317 596 2644 652 quacunque
2711 582 3055 637 ordinatione
3108 597 3205 651 per
3258 594 3356 634 nos
3410 582 3545 635 alias

1969 694 1988 726 ι
2037 689 2200 743 super
2225 675 2346 729 inde
2377 675 2517 730 facta
2551 692 2656 730 non
2690 675 2975 737 obstante;
3027 683 3082 728 et
3117 674 3309 728 ordino
3342 691 3402 728 ac
3432 675 3545 729 dis-

1970 786 1989 818 i
2037 782 2175 835 pono
2228 777 2286 822 ut
2335 769 2387 822 in
2429 769 2617 822 eadem
2654 767 2858 838 capella
2907 767 3101 841 faciant
3141 767 3268 822 dicti
3302 768 3543 835 prmdicti

1969 875 1988 909 ι
2039 857 2237 912 fratres
2272 859 2419 912 omni
2448 858 2537 913 die
2574 874 2736 912 unam
2771 859 3017 921 missam,
3041 858 3233 912 diebus
3271 857 3543 923 Mercurii,

1969 969 1987 1002 ι
2036 949 2265 1006 Veneris
2293 957 2346 1003 et
2380 950 2624 1016 Sahhati,
2655 951 2872 1004 missam
2904 966 2998 1020 pro
3021 950 3310 1013 defunctis,
3363 949 3546 1003 Domio

1971 1062 1988 1094 ι
2035 1042 2152 1099 nica
2213 1057 2342 1097 vero
2381 1042 2470 1097 die
2519 1043 2739 1096 missam
2788 1051 3136 1108 currentem;
3193 1042 3281 1096 die
3337 1041 3542 1100 Lunte.

1971 1153 1989 1186 ι
2033 1133 2090 1189 S.
2125 1134 2312 1204 Angeli
2342 1151 2357 1202 ;
2426 1135 2509 1188 die
2546 1135 2750 1201 Martis,
2787 1134 2845 1188 S.
2887 1133 3112 1188 Joannis
3147 1133 3428 1202 Baptistte;
3455 1133 3544 1187 die

1971 1243 1988 1274 ι
2035 1223 2203 1291 Jovis,
2232 1223 2291 1280 S.
2319 1223 2625 1289 Trinitatis,
2670 1239 2791 1278 cum
2822 1223 3045 1279 collecta
3080 1225 3131 1276 in
3174 1223 3413 1291 qualibet
3446 1237 3545 1290 pro

1971 1335 1989 1368 ι
2037 1317 2326 1384 defunctis,
2361 1316 2646 1372 referendo
2681 1333 2778 1384 pro
2809 1318 2949 1371 vivis
2980 1332 3174 1371 nomen
3215 1331 3416 1376 meum,
3443 1330 3541 1385 pro

1973 1426 1991 1459 r
2040 1410 2268 1463 mortuis
2305 1420 2425 1479 post.
2479 1421 2706 1465 mortem
2759 1426 2954 1464 nomen
2999 1425 3174 1464 meum
3206 1448 3220 1473 ,
3260 1408 3446 1462 lsidori
3493 1416 3548 1460 et

1973 1519 1992 1553 ι
2039 1501 2292 1556 Dorothci
2325 1503 2747 1572 episcoporum;
2799 1503 2925 1556 item
2959 1502 3232 1555 Theodori
3274 1512 3329 1554 et
3373 1499 3549 1555 Theo-

1969 1612 1989 1647 ι
2039 1594 2203 1658 doma,
2232 1605 2283 1651 et
2315 1595 2612 1659 Michaelis,
2648 1611 2710 1650 ac
2738 1595 2964 1650 aliorum
2993 1609 3130 1664 quos
3160 1593 3210 1647 in
3244 1593 3549 1648 intentione

1971 1706 1988 1737 ι
2038 1703 2152 1741 mea
2185 1689 2375 1742 habeo.
2398 1687 2452 1742 Si
2478 1697 2656 1742 tamen
2692 1701 2820 1742 casu
2856 1691 3036 1758 aliquo
3067 1690 3265 1742 fratres
3296 1686 3542 1756 praedicti
3608 1673 3614 1678 ’

1975 1801 1992 1832 ι
2038 1796 2064 1833 a
2101 1781 2218 1836 loco
2263 1781 2533 1849 praedicta:
2577 1782 2821 1835 ecclesia:
2863 1781 3202 1842 recederent,
3241 1791 3292 1834 et
3316 1777 3546 1832 ecclesia

1974 1894 1991 1926 ι
2041 1877 2090 1927 ἰιι
2129 1876 2414 1942 pristinum
2451 1886 2650 1930 statum
2686 1877 2909 1930 reducta
2952 1873 3137 1937 fuerit,
3173 1884 3301 1928 tunc
3344 1872 3464 1923 Volo
3493 1884 3550 1924 et

1973 1983 1992 2016 ι
2041 1965 2232 2019 ordino
2275 1977 2330 2018 nt
2381 1966 2472 2034 jus
2508 1965 2737 2033 eligendi
2776 1965 2855 2018 vel
2881 1981 3043 2017 unttm
3078 1973 3284 2016 tantum
3314 1961 3548 2030 capella-

1976 2079 1992 2111 ι
2043 2075 2191 2122 num,
2232 2060 2276 2112 si
2337 2062 2540 2114 reditus
2582 2060 2754 2128 ipsius
2803 2059 3020 2128 capellae
3070 2058 3288 2124 triginta
3321 2055 3550 2109 ducatos

1977 2169 1994 2204 ι
2040 2151 2156 2205 auri
2183 2151 2248 2205 de
2272 2167 2487 2206 camera
2539 2167 2647 2205 non
2681 2153 3054 2216 excesserint,
3088 2149 3168 2204 vel
3201 2148 3355 2208 duos,
3387 2145 3432 2199 si
3481 2146 3548 2198 ad

1976 2263 1994 2295 ι
2040 2245 2317 2313 seXaginta
2353 2245 2669 2306 ascendant,
2715 2251 2993 2295 remaneat
3021 2242 3196 2295 abbati
3232 2241 3291 2293 ὃ.
3319 2237 3468 2291 Pauli
3497 2248 3554 2289 et

1978 2357 1996 2385 ι
2045 2337 2207 2406 priori
2259 2336 2318 2391 Β.
2373 2337 2557 2391 Maria:
2611 2335 2680 2390 de
2729 2335 2950 2403 Populo,
2984 2335 3439 2388 monasteriorum
3486 2332 3555 2387 de

1977 2449 1995 2482 ι
2045 2430 2206 2493 Urbe,
2235 2430 2324 2498 qui
2355 2431 2540 2485 dicant
2587 2430 2829 2498 quinque
2879 2408 3077 2482 missﬁis
3120 2428 3172 2479 in
3207 2425 3447 2493 qualibet
3471 2439 3555 2478 sc-

1979 2543 1997 2576 ι
2043 2525 2321 2592 ptimana,
2367 2532 2476 2578 tres
2522 2539 2621 2590 pro
2677 2520 2949 2576 defunctis
3001 2529 3056 2575 et
3101 2520 3262 2590 136
3305 2521 3438 2573 duas
3484 2518 3554 2571 dc

1980 2634 1998 2667 ι
2045 2616 2273 2679 sanctis,
2307 2617 2558 2670 videlicet
2591 2617 2655 2670 de
2701 2615 2763 2669 S.
2805 2613 3216 2683 archangcloiet
3257 2613 3316 2666 S.
3347 2610 3558 2666 Joanne

1981 2729 1996 2761 i
2047 2711 2310 2780 Baptista,
2340 2721 2390 2762 ιιι
2419 2709 2670 2778 superius
2697 2709 3008 2762 ordinatum
3040 2715 3142 2761 cst.
3173 2705 3303 2760 Item
3351 2706 3471 2758 volo
3503 2713 3557 2758 ct

1981 2823 1997 2854 ι
2045 2804 2240 2857 ordino
2267 2815 2322 2856 ut
2356 2803 2587 2873 singulis
2615 2803 2798 2866 annis,
2823 2781 3033 2855 decim’a
3065 2801 3154 2855 die
3188 2801 3392 2855 mensis
3417 2799 3554 2868 Sep-

1981 2917 1999 2949 t
2048 2895 2290 2961 teinbris,
2318 2894 2562 2966 praedicti
2599 2893 2794 2947 fratres
2821 2903 3047 2947 cantent
3073 2892 3287 2962 vigilias
3311 2903 3552 2944 mortuo-

1927 3058 1936 3064 κ
1982 3007 1999 3038 t
2045 3003 2165 3041 rum
2210 2997 2264 3041 et
2311 2987 2530 3039 missam
2581 2985 2879 3039 solemnem
2935 3000 3033 3054 pro
3083 2983 3357 3038 defunctis
3415 2982 3550 3036 meis

1981 3100 1999 3132 ι
2049 3077 2485 3147 pracnominatis,
2517 3076 2600 3131 vel
2628 3075 2892 3145 capcl'ani
2926 3076 3279 3130 sazcularesin
3305 3074 3552 3129 absentia

1981 3148 2022 3223 ι’
2051 3170 2275 3225 fratrum
2304 3170 2483 3224 dicant
2513 3176 2680 3222 totum
2723 3166 2957 3222 ofﬁcium
2985 3167 3232 3236 legendo.
3271 3166 3402 3220 Item
3437 3165 3557 3220 volo

1981 3284 1999 3316 ι
2048 3277 2104 3318 ttt
2140 3268 2257 3318 dine
2289 3264 2459 3316 vinea:
2494 3277 2629 3331 quas
2659 3261 2984 3316 donavimus
3038 3261 3258 3330 capella:
3289 3259 3560 3328 praedium

1983 3376 2001 3408 ι
2051 3373 2146 3424 pro
2177 3357 2301 3411 dote
2333 3371 2455 3418 sua,
2491 3355 2799 3409 vendantur
2823 3353 2942 3422 plus
2972 3352 3240 3416 offerenti,
3271 3362 3326 3406 et
3352 3352 3554 3406 eisdem

1983 3469 2001 3501 ι
2048 3450 2292 3518 pecuniis
2323 3459 2574 3503 curantur
2616 3463 2712 3516 pro
2752 3446 2879 3500 dote
2921 3446 3161 3516 ejusdem
3214 3445 3454 3514 capella;
3503 3445 3557 3498 in

1982 3561 1999 3593 ι
2045 3541 2178 3595 locis
2209 3541 2385 3605 bonis,
2413 3538 2596 3593 liberis
2627 3549 2679 3592 et
2713 3538 2934 3592 utilibus
2962 3579 2977 3604 ,
3026 3539 3415 3605 reSponsiones
3447 3535 3555 3588 vini

1985 3655 2003 3687 ι
2049 3635 2350 3691 secundum
2386 3631 2841 3688 consuetudinem
2880 3645 2998 3699 qua:
3034 3628 3148 3684 fieri
3181 3627 3318 3683 solet
3350 3627 3555 3681 Romzc.

1983 3745 2001 3778 ‹
2047 3725 2302 3781 Concedo
2349 3733 2529 3778 autem
2575 3724 2792 3792 plenam
2855 3721 3171 3776 facultatem
3224 3728 3275 3776 el
3335 3719 3557 3772 liberam

1983 3838 2001 3873 ι
2053 3817 2322 3874 vendendi
2354 3817 2541 3870 vineas
2571 3815 2860 3883 praedictas
2894 3815 3028 3868 Rev.
3063 3812 3208 3867 Patri
3261 3811 3323 3863 D.
3367 3810 3559 3864 Joanui

1989 3931 2007 3964 ι
2059 3910 2215 3979 Bapt.
2242 3909 2308 3963 de
2357 3906 2611 3969 Sabellis,
2646 3904 2956 3972 apostolica:
2988 3903 3134 3958 sedis
3165 3900 3558 3970 protonmario,

1986 4023 2004 4057 ι
2050 4019 2111 4057 ae
2148 4003 2211 4057 D.
2240 3999 2536 4053 Laurentio
2584 3997 2651 4052 de
2693 3995 2952 4056 Venetiis,
2981 3995 3246 4048 canonico
3296 3991 3562 4060 Principis

1988 4117 2005 4148 ι
2052 4095 2427 4166 apostolorum
2463 4092 2530 4148 de
2560 4090 2726 4154 Urbe,
2759 4099 2814 4144 et
2847 4088 2908 4142 D.
2941 4087 3184 4144 Simeoni
3215 4085 3280 4141 de
3315 4085 3565 4147 Pellinis,

1984 4209 2004 4240 ς
2052 4189 2280 4243 auditori
2325 4197 2540 4251 nostro,
2596 4185 2935 4242 subdiacono
2965 4181 3288 4252 apostolico,
3321 4190 3374 4234 et
3405 4179 3564 4234 Petro

1986 4299 2006 4333 ι
2051 4284 2116 4335 de
2138 4279 2344 4335 Rubeis
2373 4280 2442 4335 de
2468 4276 2826 4343 Veiletro,vel
2846 4275 3034 4343 majori
3064 4274 3199 4342 parti
3222 4271 3558 4335 earumdem,

1987 4394 2005 4428 r
2053 4375 2146 4444 qui
2173 4377 2448 4442 deponant
2477 4372 2738 4442 pecunias
2785 4369 3069 4441 praedictas
3099 4367 3151 4422 in
3180 4366 3359 4434 aliquo
3390 4363 3565 4417 banco

1987 4485 2006 4519 ι
2053 4483 2247 4521 securo
2296 4469 2386 4520 ubi
2441 4463 2846 4531 custodiantur,
2873 4478 2974 4518 nec
3028 4461 3224 4531 aliquis
3249 4475 3343 4515 eas
3377 4465 3565 4526 tangat

1989 4576 2008 4610 ι
2053 4561 2227 4613 donec
2277 4568 2528 4613 etnanlut‘
2577 4555 2962 4627 responsiones
3009 4556 3299 4625 praedictae.
3353 4550 3458 4606 Sed
3498 4565 3567 4602 ne

1989 4671 2007 4704 ι
2055 4653 2146 4706 diu
2178 4651 2384 4720 capella
2415 4659 2522 4706 stet
2561 4651 2680 4705 sine
2717 4648 2891 4705 fructu
2925 4647 3067 4703 dotis
3119 4661 3249 4711 suae,
3281 4652 3571 4704 conentur,

1989 4766 2007 4797 ‹
2054 4746 2098 4799 si
2135 4743 2390 4811 possibile
2421 4744 2604 4809 fuerit,
2631 4744 2792 4798 simul
2826 4753 2878 4798 et
2910 4741 3078 4797 semel
3130 4741 3236 4796 hoc
3265 4739 3473 4804 facere,
3516 4746 3574 4791 ct

1991 4858 2008 4892 ι
2059 4841 2291 4893 vendere
2331 4839 2515 4894 vineas
2548 4849 2602 4894 et
2625 4852 2812 4892 emere
2845 4837 3253 4908 responsiones.

2063 4951 2080 4982 ι
2130 4931 2262 4984 item
2302 4931 2444 4986 dono
2470 4947 2533 4987 ex
2579 4947 2724 4987 nunc
2759 4933 2811 4984 in
2842 4940 3161 5000 perpetuum
3195 4928 3413 4999 capella:
3435 4942 3572 4998 piae.

1994 5039 2012 5073 ι
2059 5021 2214 5074 dictre
2243 5031 2555 5089 paramenta
2580 5029 2634 5074 ct
2667 5020 2864 5089 jocaiia
2896 5019 3526 5089 infrascripta,videlicet
3558 5036 3571 5072 :

1994 5133 2011 5166 i
2060 5129 2225 5168 unum
2271 5124 2644 5182 paramentum
2683 5130 2779 5183 pro
2817 5113 3134 5183 quotidiana
3197 5114 3422 5168 servitio
3477 5129 3572 5167 co-

1996 5227 2014 5258 (
2064 5209 2194 5262 loris
2220 5207 2326 5262 albi
2347 5215 2413 5262 de
2439 5211 2610 5276 drapo
2646 5207 2999 5273 dainascino;
3027 5205 3170 5261 aliud
3200 5205 3401 5262 coloris
3424 5206 3571 5278 bysei

1996 5320 2015 5354 ι
2063 5301 2316 5356 similiter
2347 5302 2412 5355 de
2443 5300 2763 5355 damascino
2794 5301 2976 5370 plano,
3010 5309 3064 5355 et
3096 5300 3286 5366 Stolas,
3307 5297 3580 5367 manipulo

2001 5411 2018 5442 ι
2064 5402 2112 5445 et
2143 5393 2417 5455 camises;
2451 5391 2581 5445 item
2614 5389 2872 5459 plum-alia
2905 5389 3027 5456 tria,
3063 5387 3335 5452 videlicet,
3369 5385 3576 5447 album,

2005 5504 2024 5536 ι
2073 5483 2358 5538 bt‘ocatnm
2391 5482 2460 5536 de
2497 5497 2651 5546 auro,
2695 5493 2752 5535 et
2781 5480 2924 5533 aliud
2959 5481 3347 5548 pavonatzium
3392 5479 3456 5532 de
3485 5475 3582 5532 da-

2001 5595 2020 5628 ι
2067 5575 2308 5630 mascino
2339 5574 2566 5643 simplici
2609 5590 2731 5628 eum
2767 5575 2935 5628 armis
2967 5573 3123 5637 meis,
3146 5580 3326 5641 empta
3362 5570 3431 5623 ab
3473 5570 3584 5623 liae-

2005 5687 2024 5719 ι
2074 5666 2304 5722 reditate
2335 5664 2466 5718 bon.
2498 5679 2664 5720 mem.
2687 5663 2808 5717 limi
2842 5663 2940 5718 Diti
2968 5664 3120 5718 card.
3149 5667 3213 5718 de
3245 5663 3585 5731 Columpna;

2003 5777 2022 5812 ι
2069 5769 2122 5814 et
2152 5760 2421 5827 quoddam
2455 5757 2599 5810 aliud
2633 5759 2847 5828 nigrum
2884 5758 2951 5814 de
2985 5760 3317 5822 datnascino,
3340 5765 3585 5824 emptum

2007 5872 2022 5906 f
2071 5846 2478 5913 abliret‘editate
2517 5849 2638 5908 “iiii
2679 5851 2777 5908 Dni
2827 5852 3117 5908 cardinalis
3151 5850 3385 5906 Rutheni
3431 5849 3584 5903 bonae
