  <div class='ocr_page' id='page_1' title='image "/cluster/home/n/w/nwhite01/storage/ocr_20150623/161/hvd.32044073502700/059.png"; bbox 0 0 3990 6218; ppageno 0'>
   <div class='ocr_carea' id='block_1_1' title="bbox 409 371 572 411">
    <p class='ocr_par' dir='ltr' id='par_1_1' title="bbox 409 371 572 411">
     <span class='ocr_line' id='line_1_1' title="bbox 409 371 572 411; baseline -0.006 0"><span class='ocrx_word' id='word_1_1' title='bbox 409 371 572 411; x_wconf 61' lang='lat' dir='ltr'><strong>LXXIX</strong></span> 
     </span>
    </p>
   </div>
   <div class='ocr_carea' id='block_1_2' title="bbox 410 4258 436 5395">
    <p class='ocr_par' dir='ltr' id='par_1_2' title="bbox 410 4258 436 5395">
     <span class='ocr_line' id='line_1_2' title="bbox 411 4258 430 4290; baseline 0 0"><span class='ocrx_word' id='word_1_2' title='bbox 411 4258 430 4290; x_wconf 91' lang='lat'><strong>1</strong></span> 
     </span>
     <span class='ocr_line' id='line_1_3' title="bbox 410 4351 430 4383; baseline 0 0"><span class='ocrx_word' id='word_1_3' title='bbox 410 4351 430 4383; x_wconf 81' lang='grc'><strong>1</strong></span> 
     </span>
     <span class='ocr_line' id='line_1_4' title="bbox 411 4443 430 4476; baseline 0 0"><span class='ocrx_word' id='word_1_4' title='bbox 411 4443 430 4476; x_wconf 92' lang='grc'><strong>1</strong></span> 
     </span>
     <span class='ocr_line' id='line_1_5' title="bbox 412 4539 427 4568; baseline 0 0"><span class='ocrx_word' id='word_1_5' title='bbox 412 4539 427 4568; x_wconf 90' lang='lat'><strong>1</strong></span> 
     </span>
     <span class='ocr_line' id='line_1_6' title="bbox 412 4631 430 4661; baseline 0 0"><span class='ocrx_word' id='word_1_6' title='bbox 412 4631 430 4661; x_wconf 92' lang='lat'><strong>1</strong></span> 
     </span>
     <span class='ocr_line' id='line_1_7' title="bbox 413 4721 430 4752; baseline 0 0"><span class='ocrx_word' id='word_1_7' title='bbox 413 4721 430 4752; x_wconf 93' lang='lat'><strong>1</strong></span> 
     </span>
     <span class='ocr_line' id='line_1_8' title="bbox 413 4815 430 4845; baseline 0 0"><span class='ocrx_word' id='word_1_8' title='bbox 413 4815 430 4845; x_wconf 91' lang='lat'><strong>1</strong></span> 
     </span>
     <span class='ocr_line' id='line_1_9' title="bbox 414 4905 432 4936; baseline 0 0"><span class='ocrx_word' id='word_1_9' title='bbox 414 4905 432 4936; x_wconf 99' lang='lat'><strong>1</strong></span> 
     </span>
     <span class='ocr_line' id='line_1_10' title="bbox 419 4998 434 5028; baseline 0 0"><span class='ocrx_word' id='word_1_10' title='bbox 419 4998 434 5028; x_wconf 88' lang='lat'><strong>1</strong></span> 
     </span>
     <span class='ocr_line' id='line_1_11' title="bbox 413 5085 432 5118; baseline 0 0"><span class='ocrx_word' id='word_1_11' title='bbox 413 5085 432 5118; x_wconf 95' lang='lat'><strong>1</strong></span> 
     </span>
     <span class='ocr_line' id='line_1_12' title="bbox 415 5177 432 5209; baseline 0 0"><span class='ocrx_word' id='word_1_12' title='bbox 415 5177 432 5209; x_wconf 94' lang='lat'><strong>1</strong></span> 
     </span>
     <span class='ocr_line' id='line_1_13' title="bbox 416 5269 434 5301; baseline 0 0"><span class='ocrx_word' id='word_1_13' title='bbox 416 5269 434 5301; x_wconf 92' lang='lat'><strong>1</strong></span> 
     </span>
     <span class='ocr_line' id='line_1_14' title="bbox 415 5361 436 5395; baseline 0 0"><span class='ocrx_word' id='word_1_14' title='bbox 415 5361 436 5395; x_wconf 88' lang='grc'><strong>1</strong></span> 
     </span>
    </p>
   </div>
   <div class='ocr_carea' id='block_1_3' title="bbox 482 466 1976 539">
    <p class='ocr_par' dir='ltr' id='par_1_3' title="bbox 482 466 1976 539">
     <span class='ocr_line' id='line_1_15' title="bbox 482 466 1976 539; baseline -0.004 -15"><span class='ocrx_word' id='word_1_15' title='bbox 482 484 670 536; x_wconf 89' lang='lat' dir='ltr'><strong>mem.;</strong></span> <span class='ocrx_word' id='word_1_16' title='bbox 709 467 892 524; x_wconf 99' lang='lat' dir='ltr'><strong>omnia</strong></span> <span class='ocrx_word' id='word_1_17' title='bbox 933 482 1053 524; x_wconf 86' lang='lat' dir='ltr'><strong>cum</strong></span> <span class='ocrx_word' id='word_1_18' title='bbox 1094 467 1333 539; x_wconf 81' lang='lat' dir='ltr'><strong>pulchris</strong></span> <span class='ocrx_word' id='word_1_19' title='bbox 1384 466 1595 538; x_wconf 81' lang='lat' dir='ltr'><strong>frigiis;</strong></span> <span class='ocrx_word' id='word_1_20' title='bbox 1629 467 1758 522; x_wconf 93' lang='lat' dir='ltr'><strong>item</strong></span> <span class='ocrx_word' id='word_1_21' title='bbox 1812 478 1976 521; x_wconf 88' lang='lat' dir='ltr'><strong>unam</strong></span> 
     </span>
    </p>
   </div>
   <div class='ocr_carea' id='block_1_4' title="bbox 478 559 1975 632">
    <p class='ocr_par' dir='ltr' id='par_1_4' title="bbox 478 559 1975 632">
     <span class='ocr_line' id='line_1_16' title="bbox 478 559 1975 632; baseline -0.003 -16"><span class='ocrx_word' id='word_1_22' title='bbox 478 563 744 632; x_wconf 77' lang='lat' dir='ltr'><strong>planetam</strong></span> <span class='ocrx_word' id='word_1_23' title='bbox 785 563 852 616; x_wconf 88' lang='lat' dir='ltr'><strong>de</strong></span> <span class='ocrx_word' id='word_1_24' title='bbox 886 561 1202 616; x_wconf 85' lang='lat' dir='ltr'><strong>damaseino</strong></span> <span class='ocrx_word' id='word_1_25' title='bbox 1252 559 1607 628; x_wconf 80' lang='lat' dir='ltr'><strong>pavonatzio,</strong></span> <span class='ocrx_word' id='word_1_26' title='bbox 1637 565 1872 628; x_wconf 77' lang='lat' dir='ltr'><strong>emptam</strong></span> <span class='ocrx_word' id='word_1_27' title='bbox 1905 573 1975 612; x_wconf 79' lang='lat' dir='ltr'><strong>ex</strong></span> 
     </span>
    </p>
   </div>
   <div class='ocr_carea' id='block_1_5' title="bbox 475 649 1974 722">
    <p class='ocr_par' dir='ltr' id='par_1_5' title="bbox 475 649 1974 722">
     <span class='ocr_line' id='line_1_17' title="bbox 475 649 1974 722; baseline -0.003 -14"><span class='ocrx_word' id='word_1_28' title='bbox 475 655 728 722; x_wconf 86' lang='lat' dir='ltr'><strong>praedicta</strong></span> <span class='ocrx_word' id='word_1_29' title='bbox 755 652 1071 707; x_wconf 86' lang='lat' dir='ltr'><strong>haereditate</strong></span> <span class='ocrx_word' id='word_1_30' title='bbox 1109 651 1206 705; x_wconf 92' lang='lat' dir='ltr'><strong>Dni</strong></span> <span class='ocrx_word' id='word_1_31' title='bbox 1243 655 1392 708; x_wconf 85' lang='lat' dir='ltr'><strong>card.</strong></span> <span class='ocrx_word' id='word_1_32' title='bbox 1418 652 1496 706; x_wconf 89' lang='lat' dir='ltr'><strong>‘de</strong></span> <span class='ocrx_word' id='word_1_33' title='bbox 1522 649 1820 720; x_wconf 88' lang='lat' dir='ltr'><strong>Columpna</strong></span> <span class='ocrx_word' id='word_1_34' title='bbox 1853 663 1974 705; x_wconf 91' lang='lat' dir='ltr'><strong>cum</strong></span> 
     </span>
    </p>
   </div>
   <div class='ocr_carea' id='block_1_6' title="bbox 478 741 1978 814">
    <p class='ocr_par' dir='ltr' id='par_1_6' title="bbox 478 741 1978 814">
     <span class='ocr_line' id='line_1_18' title="bbox 478 741 1978 814; baseline -0.005 -14"><span class='ocrx_word' id='word_1_35' title='bbox 478 746 638 814; x_wconf 79' lang='lat' dir='ltr'><strong>frigio</strong></span> <span class='ocrx_word' id='word_1_36' title='bbox 676 745 741 799; x_wconf 89' lang='lat' dir='ltr'><strong>de</strong></span> <span class='ocrx_word' id='word_1_37' title='bbox 772 743 922 798; x_wconf 91' lang='lat' dir='ltr'><strong>foleis</strong></span> <span class='ocrx_word' id='word_1_38' title='bbox 947 742 1129 797; x_wconf 83' lang='lat' dir='ltr'><strong>aureis</strong></span> <span class='ocrx_word' id='word_1_39' title='bbox 1159 741 1480 806; x_wconf 84' lang='lat' dir='ltr'><strong>recamatis;</strong></span> <span class='ocrx_word' id='word_1_40' title='bbox 1512 743 1640 797; x_wconf 92' lang='lat' dir='ltr'><strong>item</strong></span> <span class='ocrx_word' id='word_1_41' title='bbox 1671 741 1895 796; x_wconf 89' lang='lat' dir='ltr'><strong>calicem</strong></span> <span class='ocrx_word' id='word_1_42' title='bbox 1924 747 1978 794; x_wconf 88' lang='lat' dir='ltr'><strong>et</strong></span> 
     </span>
    </p>
   </div>
   <div class='ocr_carea' id='block_1_7' title="bbox 477 829 1976 906">
    <p class='ocr_par' dir='ltr' id='par_1_7' title="bbox 477 829 1976 906">
     <span class='ocr_line' id='line_1_19' title="bbox 477 829 1976 906; baseline -0.002 -16"><span class='ocrx_word' id='word_1_43' title='bbox 477 847 750 906; x_wconf 72' lang='lat' dir='ltr'><strong>paternam,</strong></span> <span class='ocrx_word' id='word_1_44' title='bbox 803 829 938 890; x_wconf 85' lang='lat' dir='ltr'><strong>duas</strong></span> <span class='ocrx_word' id='word_1_45' title='bbox 974 833 1240 902; x_wconf 85' lang='lat' dir='ltr'><strong>ampullas</strong></span> <span class='ocrx_word' id='word_1_46' title='bbox 1275 843 1583 904; x_wconf 71' lang='lat' dir='ltr'><strong>argenteas,</strong></span> <span class='ocrx_word' id='word_1_47' title='bbox 1621 847 1759 904; x_wconf 90' lang='lat' dir='ltr'><strong>quas</strong></span> <span class='ocrx_word' id='word_1_48' title='bbox 1795 842 1976 901; x_wconf 88' lang='lat' dir='ltr'><strong>porta-</strong></span> 
     </span>
    </p>
   </div>
   <div class='ocr_carea' id='block_1_8' title="bbox 475 922 1976 989">
    <p class='ocr_par' dir='ltr' id='par_1_8' title="bbox 475 922 1976 989">
     <span class='ocr_line' id='line_1_20' title="bbox 475 922 1976 989; baseline -0.003 -6"><span class='ocrx_word' id='word_1_49' title='bbox 475 928 656 983; x_wconf 85' lang='lat' dir='ltr'><strong>vimus</strong></span> <span class='ocrx_word' id='word_1_50' title='bbox 690 927 758 980; x_wconf 87' lang='lat' dir='ltr'><strong>de</strong></span> <span class='ocrx_word' id='word_1_51' title='bbox 786 925 992 980; x_wconf 79' lang='lat' dir='ltr'><strong>Vienna</strong></span> <span class='ocrx_word' id='word_1_52' title='bbox 1017 940 1032 989; x_wconf 88' lang='lat'><strong>;</strong></span> <span class='ocrx_word' id='word_1_53' title='bbox 1063 926 1190 978; x_wconf 87' lang='lat' dir='ltr'><strong>item</strong></span> <span class='ocrx_word' id='word_1_54' title='bbox 1216 925 1282 979; x_wconf 89' lang='lat' dir='ltr'><strong>de</strong></span> <span class='ocrx_word' id='word_1_55' title='bbox 1311 923 1522 978; x_wconf 88' lang='lat' dir='ltr'><strong>duobus</strong></span> <span class='ocrx_word' id='word_1_56' title='bbox 1545 925 1700 978; x_wconf 86' lang='lat' dir='ltr'><strong>novis</strong></span> <span class='ocrx_word' id='word_1_57' title='bbox 1716 922 1976 978; x_wconf 80' lang='lat' dir='ltr'><strong>calicibus</strong></span> 
     </span>
    </p>
   </div>
   <div class='ocr_carea' id='block_1_9' title="bbox 477 1014 1974 1088">
    <p class='ocr_par' dir='ltr' id='par_1_9' title="bbox 477 1014 1974 1088">
     <span class='ocr_line' id='line_1_21' title="bbox 477 1014 1974 1088; baseline -0.004 -14"><span class='ocrx_word' id='word_1_58' title='bbox 477 1035 611 1088; x_wconf 90' lang='lat' dir='ltr'><strong>quos</strong></span> <span class='ocrx_word' id='word_1_59' title='bbox 648 1018 775 1074; x_wconf 89' lang='lat' dir='ltr'><strong>fecit</strong></span> <span class='ocrx_word' id='word_1_60' title='bbox 807 1033 953 1072; x_wconf 90' lang='lat' dir='ltr'><strong>nunc</strong></span> <span class='ocrx_word' id='word_1_61' title='bbox 1000 1017 1133 1071; x_wconf 89' lang='lat' dir='ltr'><strong>mihi</strong></span> <span class='ocrx_word' id='word_1_62' title='bbox 1164 1017 1422 1087; x_wconf 79' lang='lat' dir='ltr'><strong>magister</strong></span> <span class='ocrx_word' id='word_1_63' title='bbox 1462 1015 1684 1070; x_wconf 84' lang='lat' dir='ltr'><strong>Simeon</strong></span> <span class='ocrx_word' id='word_1_64' title='bbox 1742 1014 1974 1080; x_wconf 84' lang='lat' dir='ltr'><strong>aurifex,</strong></span> 
     </span>
    </p>
   </div>
   <div class='ocr_carea' id='block_1_10' title="bbox 477 1112 1978 1180">
    <p class='ocr_par' dir='ltr' id='par_1_10' title="bbox 477 1112 1978 1180">
     <span class='ocr_line' id='line_1_22' title="bbox 477 1112 1978 1180; baseline -0.007 -13"><span class='ocrx_word' id='word_1_65' title='bbox 477 1129 644 1167; x_wconf 90' lang='lat' dir='ltr'><strong>unum</strong></span> <span class='ocrx_word' id='word_1_66' title='bbox 672 1126 795 1167; x_wconf 90' lang='lat' dir='ltr'><strong>cum</strong></span> <span class='ocrx_word' id='word_1_67' title='bbox 827 1121 1019 1180; x_wconf 85' lang='lat' dir='ltr'><strong>patena</strong></span> <span class='ocrx_word' id='word_1_68' title='bbox 1050 1126 1146 1166; x_wconf 90' lang='lat' dir='ltr'><strong>sua</strong></span> <span class='ocrx_word' id='word_1_69' title='bbox 1175 1126 1190 1175; x_wconf 91' lang='lat'><strong>;</strong></span> <span class='ocrx_word' id='word_1_70' title='bbox 1234 1112 1358 1164; x_wconf 90' lang='lat' dir='ltr'><strong>item</strong></span> <span class='ocrx_word' id='word_1_71' title='bbox 1402 1123 1618 1162; x_wconf 90' lang='lat' dir='ltr'><strong>crucem</strong></span> <span class='ocrx_word' id='word_1_72' title='bbox 1662 1121 1822 1161; x_wconf 89' lang='lat' dir='ltr'><strong>unam</strong></span> <span class='ocrx_word' id='word_1_73' title='bbox 1856 1118 1978 1173; x_wconf 64' lang='lat' dir='ltr'><strong>qua:</strong></span> 
     </span>
    </p>
   </div>
   <div class='ocr_carea' id='block_1_11' title="bbox 476 1197 1978 1270">
    <p class='ocr_par' dir='ltr' id='par_1_11' title="bbox 476 1197 1978 1270">
     <span class='ocr_line' id='line_1_23' title="bbox 476 1197 1978 1270; baseline -0.005 -11"><span class='ocrx_word' id='word_1_74' title='bbox 476 1215 605 1259; x_wconf 90' lang='lat' dir='ltr'><strong>ante</strong></span> <span class='ocrx_word' id='word_1_75' title='bbox 637 1219 723 1258; x_wconf 89' lang='lat' dir='ltr'><strong>me</strong></span> <span class='ocrx_word' id='word_1_76' title='bbox 748 1202 1026 1258; x_wconf 78' lang='lat' dir='ltr'><strong>ferebatur</strong></span> <span class='ocrx_word' id='word_1_77' title='bbox 1062 1203 1113 1256; x_wconf 93' lang='lat' dir='ltr'><strong>in</strong></span> <span class='ocrx_word' id='word_1_78' title='bbox 1149 1201 1529 1270; x_wconf 74' lang='lat' dir='ltr'><strong>legationibus,</strong></span> <span class='ocrx_word' id='word_1_79' title='bbox 1562 1199 1757 1253; x_wconf 86' lang='lat' dir='ltr'><strong>factam</strong></span> <span class='ocrx_word' id='word_1_80' title='bbox 1798 1197 1978 1252; x_wconf 86' lang='lat' dir='ltr'><strong>Bono-</strong></span> 
     </span>
    </p>
   </div>
   <div class='ocr_carea' id='block_1_12' title="bbox 475 1285 1973 1363">
    <p class='ocr_par' dir='ltr' id='par_1_12' title="bbox 475 1285 1973 1363">
     <span class='ocr_line' id='line_1_24' title="bbox 475 1285 1973 1363; baseline -0.006 -12"><span class='ocrx_word' id='word_1_81' title='bbox 475 1299 620 1362; x_wconf 70' lang='lat' dir='ltr'><strong>niar;</strong></span> <span class='ocrx_word' id='word_1_82' title='bbox 659 1297 788 1349; x_wconf 85' lang='lat' dir='ltr'><strong>item</strong></span> <span class='ocrx_word' id='word_1_83' title='bbox 846 1285 1032 1348; x_wconf 84' lang='lat' dir='ltr'><strong>thecas</strong></span> <span class='ocrx_word' id='word_1_84' title='bbox 1069 1291 1428 1363; x_wconf 89' lang='lat' dir='ltr'><strong>corporalium</strong></span> <span class='ocrx_word' id='word_1_85' title='bbox 1455 1291 1610 1356; x_wconf 90' lang='lat' dir='ltr'><strong>duas,</strong></span> <span class='ocrx_word' id='word_1_86' title='bbox 1638 1304 1743 1344; x_wconf 91' lang='lat' dir='ltr'><strong>una</strong></span> <span class='ocrx_word' id='word_1_87' title='bbox 1781 1289 1834 1343; x_wconf 90' lang='lat' dir='ltr'><strong>in</strong></span> <span class='ocrx_word' id='word_1_88' title='bbox 1869 1301 1973 1360; x_wconf 86' lang='lat' dir='ltr'><strong>qua</strong></span> 
     </span>
    </p>
   </div>
   <div class='ocr_carea' id='block_1_13' title="bbox 475 1381 1978 1454">
    <p class='ocr_par' dir='ltr' id='par_1_13' title="bbox 475 1381 1978 1454">
     <span class='ocr_line' id='line_1_25' title="bbox 475 1381 1978 1454; baseline -0.006 -9"><span class='ocrx_word' id='word_1_89' title='bbox 475 1401 560 1445; x_wconf 90' lang='lat' dir='ltr'><strong>cst</strong></span> <span class='ocrx_word' id='word_1_90' title='bbox 601 1405 798 1444; x_wconf 89' lang='lat' dir='ltr'><strong>nomen</strong></span> <span class='ocrx_word' id='word_1_91' title='bbox 846 1386 972 1442; x_wconf 81' lang='lat' dir='ltr'><strong>Jesu</strong></span> <span class='ocrx_word' id='word_1_92' title='bbox 1023 1402 1144 1442; x_wconf 86' lang='lat' dir='ltr'><strong>eum</strong></span> <span class='ocrx_word' id='word_1_93' title='bbox 1199 1385 1387 1454; x_wconf 87' lang='lat' dir='ltr'><strong>perlis,</strong></span> <span class='ocrx_word' id='word_1_94' title='bbox 1422 1392 1479 1438; x_wconf 88' lang='lat' dir='ltr'><strong>et</strong></span> <span class='ocrx_word' id='word_1_95' title='bbox 1508 1398 1671 1438; x_wconf 87' lang='lat' dir='ltr'><strong>unam</strong></span> <span class='ocrx_word' id='word_1_96' title='bbox 1715 1382 1874 1436; x_wconf 89' lang='lat' dir='ltr'><strong>aliam</strong></span> <span class='ocrx_word' id='word_1_97' title='bbox 1907 1381 1978 1436; x_wconf 87' lang='lat' dir='ltr'><strong>de</strong></span> 
     </span>
    </p>
   </div>
   <div class='ocr_carea' id='block_1_14' title="bbox 475 1475 1977 1547">
    <p class='ocr_par' dir='ltr' id='par_1_14' title="bbox 475 1475 1977 1547">
     <span class='ocr_line' id='line_1_26' title="bbox 475 1475 1977 1547; baseline -0.006 -12"><span class='ocrx_word' id='word_1_98' title='bbox 475 1483 656 1536; x_wconf 80' lang='lat' dir='ltr'><strong>veluto</strong></span> <span class='ocrx_word' id='word_1_99' title='bbox 690 1483 857 1536; x_wconf 90' lang='lat' dir='ltr'><strong>rubeo</strong></span> <span class='ocrx_word' id='word_1_100' title='bbox 887 1495 1008 1534; x_wconf 90' lang='lat' dir='ltr'><strong>cum</strong></span> <span class='ocrx_word' id='word_1_101' title='bbox 1042 1477 1413 1547; x_wconf 83' lang='lat' dir='ltr'><strong>corporalibus</strong></span> <span class='ocrx_word' id='word_1_102' title='bbox 1447 1475 1598 1540; x_wconf 90' lang='lat' dir='ltr'><strong>suis;</strong></span> <span class='ocrx_word' id='word_1_103' title='bbox 1631 1475 1757 1528; x_wconf 87' lang='lat' dir='ltr'><strong>item</strong></span> <span class='ocrx_word' id='word_1_104' title='bbox 1789 1488 1977 1543; x_wconf 91' lang='lat' dir='ltr'><strong>snper-</strong></span> 
     </span>
    </p>
   </div>
   <div class='ocr_carea' id='block_1_15' title="bbox 479 1565 1978 1645">
    <p class='ocr_par' dir='ltr' id='par_1_15' title="bbox 479 1565 1978 1645">
     <span class='ocr_line' id='line_1_27' title="bbox 479 1565 1978 1645; baseline -0.006 -17"><span class='ocrx_word' id='word_1_105' title='bbox 479 1575 699 1645; x_wconf 90' lang='lat' dir='ltr'><strong>pcllicea</strong></span> <span class='ocrx_word' id='word_1_106' title='bbox 756 1583 1022 1641; x_wconf 81' lang='lat' dir='ltr'><strong>quatuor;</strong></span> <span class='ocrx_word' id='word_1_107' title='bbox 1070 1571 1196 1625; x_wconf 87' lang='lat' dir='ltr'><strong>item</strong></span> <span class='ocrx_word' id='word_1_108' title='bbox 1259 1569 1324 1622; x_wconf 92' lang='lat' dir='ltr'><strong>de</strong></span> <span class='ocrx_word' id='word_1_109' title='bbox 1383 1567 1693 1637; x_wconf 88' lang='lat' dir='ltr'><strong>panniculis</strong></span> <span class='ocrx_word' id='word_1_110' title='bbox 1736 1565 1978 1635; x_wconf 88' lang='lat' dir='ltr'><strong>pulchris</strong></span> 
     </span>
    </p>
   </div>
   <div class='ocr_carea' id='block_1_16' title="bbox 477 1657 1973 1731">
    <p class='ocr_par' dir='ltr' id='par_1_16' title="bbox 477 1657 1973 1731">
     <span class='ocr_line' id='line_1_28' title="bbox 477 1657 1973 1731; baseline -0.007 -11"><span class='ocrx_word' id='word_1_111' title='bbox 477 1668 688 1721; x_wconf 89' lang='lat' dir='ltr'><strong>ornatis</strong></span> <span class='ocrx_word' id='word_1_112' title='bbox 720 1667 897 1720; x_wconf 89' lang='lat' dir='ltr'><strong>serico</strong></span> <span class='ocrx_word' id='word_1_113' title='bbox 927 1679 1021 1731; x_wconf 91' lang='lat' dir='ltr'><strong>pro</strong></span> <span class='ocrx_word' id='word_1_114' title='bbox 1061 1662 1418 1731; x_wconf 89' lang='lat' dir='ltr'><strong>cooperiendo</strong></span> <span class='ocrx_word' id='word_1_115' title='bbox 1452 1660 1619 1715; x_wconf 84' lang='lat' dir='ltr'><strong>calice</strong></span> <span class='ocrx_word' id='word_1_116' title='bbox 1652 1659 1822 1724; x_wconf 90' lang='lat' dir='ltr'><strong>duos;</strong></span> <span class='ocrx_word' id='word_1_117' title='bbox 1845 1657 1973 1711; x_wconf 88' lang='lat' dir='ltr'><strong>item</strong></span> 
     </span>
    </p>
   </div>
   <div class='ocr_carea' id='block_1_17' title="bbox 477 1748 1974 1825">
    <p class='ocr_par' dir='ltr' id='par_1_17' title="bbox 477 1748 1974 1825">
     <span class='ocr_line' id='line_1_29' title="bbox 477 1748 1974 1825; baseline -0.008 -11"><span class='ocrx_word' id='word_1_118' title='bbox 477 1759 719 1814; x_wconf 83' lang='lat' dir='ltr'><strong>tobalcas</strong></span> <span class='ocrx_word' id='word_1_119' title='bbox 772 1757 1007 1825; x_wconf 81' lang='lat' dir='ltr'><strong>majores</strong></span> <span class='ocrx_word' id='word_1_120' title='bbox 1047 1755 1114 1808; x_wconf 88' lang='lat' dir='ltr'><strong>ad</strong></span> <span class='ocrx_word' id='word_1_121' title='bbox 1160 1752 1575 1820; x_wconf 87' lang='lat' dir='ltr'><strong>coopericndum</strong></span> <span class='ocrx_word' id='word_1_122' title='bbox 1611 1750 1782 1804; x_wconf 89' lang='lat' dir='ltr'><strong>altare</strong></span> <span class='ocrx_word' id='word_1_123' title='bbox 1821 1748 1974 1820; x_wconf 82' lang='lat'><strong>137</strong></span> 
     </span>
    </p>
   </div>
   <div class='ocr_carea' id='block_1_18' title="bbox 477 1846 1977 1922">
    <p class='ocr_par' dir='ltr' id='par_1_18' title="bbox 477 1846 1977 1922">
     <span class='ocr_line' id='line_1_30' title="bbox 477 1846 1977 1922; baseline -0.003 -17"><span class='ocrx_word' id='word_1_124' title='bbox 477 1864 711 1922; x_wconf 87' lang='lat' dir='ltr'><strong>quatuor</strong></span> <span class='ocrx_word' id='word_1_125' title='bbox 740 1854 805 1906; x_wconf 88' lang='lat' dir='ltr'><strong>de</strong></span> <span class='ocrx_word' id='word_1_126' title='bbox 837 1850 1179 1914; x_wconf 85' lang='lat' dir='ltr'><strong>melloribus;</strong></span> <span class='ocrx_word' id='word_1_127' title='bbox 1227 1848 1353 1900; x_wconf 87' lang='lat' dir='ltr'><strong>item</strong></span> <span class='ocrx_word' id='word_1_128' title='bbox 1388 1854 1625 1914; x_wconf 87' lang='lat' dir='ltr'><strong>tapetum</strong></span> <span class='ocrx_word' id='word_1_129' title='bbox 1677 1861 1844 1901; x_wconf 91' lang='lat' dir='ltr'><strong>unum</strong></span> <span class='ocrx_word' id='word_1_130' title='bbox 1879 1846 1977 1900; x_wconf 89' lang='lat' dir='ltr'><strong>bo-</strong></span> 
     </span>
    </p>
   </div>
   <div class='ocr_carea' id='block_1_19' title="bbox 476 1939 1979 2014">
    <p class='ocr_par' dir='ltr' id='par_1_19' title="bbox 476 1939 1979 2014">
     <span class='ocr_line' id='line_1_31' title="bbox 476 1939 1979 2014; baseline -0.005 -14"><span class='ocrx_word' id='word_1_131' title='bbox 476 1961 604 2000; x_wconf 91' lang='lat' dir='ltr'><strong>num</strong></span> <span class='ocrx_word' id='word_1_132' title='bbox 653 1947 717 1999; x_wconf 90' lang='lat' dir='ltr'><strong>ad</strong></span> <span class='ocrx_word' id='word_1_133' title='bbox 774 1944 1077 2014; x_wconf 89' lang='lat' dir='ltr'><strong>ponendum</strong></span> <span class='ocrx_word' id='word_1_134' title='bbox 1115 1953 1240 1996; x_wconf 88' lang='lat' dir='ltr'><strong>ante</strong></span> <span class='ocrx_word' id='word_1_135' title='bbox 1269 1942 1467 2005; x_wconf 89' lang='lat' dir='ltr'><strong>altare;</strong></span> <span class='ocrx_word' id='word_1_136' title='bbox 1499 1939 1625 1993; x_wconf 88' lang='lat' dir='ltr'><strong>item</strong></span> <span class='ocrx_word' id='word_1_137' title='bbox 1657 1955 1822 1992; x_wconf 91' lang='lat' dir='ltr'><strong>unum</strong></span> <span class='ocrx_word' id='word_1_138' title='bbox 1852 1939 1979 1993; x_wconf 89' lang='lat' dir='ltr'><strong>mis-</strong></span> 
     </span>
    </p>
   </div>
   <div class='ocr_carea' id='block_1_20' title="bbox 475 2029 1977 2105">
    <p class='ocr_par' dir='ltr' id='par_1_20' title="bbox 475 2029 1977 2105">
     <span class='ocr_line' id='line_1_32' title="bbox 475 2029 1977 2105; baseline -0.005 -13"><span class='ocrx_word' id='word_1_139' title='bbox 475 2037 587 2092; x_wconf 90' lang='lat' dir='ltr'><strong>sale</strong></span> <span class='ocrx_word' id='word_1_140' title='bbox 615 2052 906 2105; x_wconf 83' lang='lat' dir='ltr'><strong>magnum,</strong></span> <span class='ocrx_word' id='word_1_141' title='bbox 943 2044 1183 2104; x_wconf 90' lang='lat' dir='ltr'><strong>emptum</strong></span> <span class='ocrx_word' id='word_1_142' title='bbox 1233 2033 1300 2086; x_wconf 88' lang='lat' dir='ltr'><strong>ab</strong></span> <span class='ocrx_word' id='word_1_143' title='bbox 1343 2031 1656 2086; x_wconf 63' lang='lat' dir='ltr'><strong>haereditate</strong></span> <span class='ocrx_word' id='word_1_144' title='bbox 1704 2029 1765 2085; x_wconf 92' lang='lat' dir='ltr'><strong>D.</strong></span> <span class='ocrx_word' id='word_1_145' title='bbox 1799 2031 1977 2084; x_wconf 87' lang='lat' dir='ltr'><strong>cardi-</strong></span> 
     </span>
    </p>
   </div>
   <div class='ocr_carea' id='block_1_21' title="bbox 476 2127 1170 2196">
    <p class='ocr_par' dir='ltr' id='par_1_21' title="bbox 476 2127 1170 2196">
     <span class='ocr_line' id='line_1_33' title="bbox 476 2127 1170 2196; baseline -0.006 -12"><span class='ocrx_word' id='word_1_146' title='bbox 476 2129 614 2184; x_wconf 88' lang='lat' dir='ltr'><strong>nalis</strong></span> <span class='ocrx_word' id='word_1_147' title='bbox 639 2129 876 2184; x_wconf 83' lang='lat' dir='ltr'><strong>Rutheni</strong></span> <span class='ocrx_word' id='word_1_148' title='bbox 907 2127 1170 2196; x_wconf 69' lang='lat' dir='ltr'><strong>praedicti.</strong></span> 
     </span>
    </p>
   </div>
   <div class='ocr_carea' id='block_1_22' title="bbox 481 2215 1980 2285">
    <p class='ocr_par' dir='ltr' id='par_1_22' title="bbox 481 2215 1980 2285">
     <span class='ocr_line' id='line_1_34' title="bbox 481 2215 1980 2285; baseline -0.001 -14"><span class='ocrx_word' id='word_1_149' title='bbox 481 2239 500 2271; x_wconf 72' lang='grc' dir='ltr'><em>α</em></span> <span class='ocrx_word' id='word_1_150' title='bbox 549 2220 680 2275; x_wconf 91' lang='lat' dir='ltr'><strong>Item</strong></span> <span class='ocrx_word' id='word_1_151' title='bbox 720 2220 864 2274; x_wconf 84' lang='lat' dir='ltr'><strong>dono</strong></span> <span class='ocrx_word' id='word_1_152' title='bbox 902 2218 1079 2272; x_wconf 91' lang='lat' dir='ltr'><strong>eidem</strong></span> <span class='ocrx_word' id='word_1_153' title='bbox 1126 2216 1344 2285; x_wconf 66' lang='lat' dir='ltr'><strong>capellm</strong></span> <span class='ocrx_word' id='word_1_154' title='bbox 1378 2231 1443 2270; x_wconf 82' lang='lat' dir='ltr'><strong>ex</strong></span> <span class='ocrx_word' id='word_1_155' title='bbox 1481 2231 1626 2270; x_wconf 91' lang='lat' dir='ltr'><strong>nunc</strong></span> <span class='ocrx_word' id='word_1_156' title='bbox 1655 2216 1794 2269; x_wconf 90' lang='lat' dir='ltr'><strong>inter</strong></span> <span class='ocrx_word' id='word_1_157' title='bbox 1831 2215 1980 2270; x_wconf 77' lang='lat' dir='ltr'><strong>viros</strong></span> 
     </span>
    </p>
   </div>
   <div class='ocr_carea' id='block_1_23' title="bbox 478 2307 1974 2379">
    <p class='ocr_par' dir='ltr' id='par_1_23' title="bbox 478 2307 1974 2379">
     <span class='ocr_line' id='line_1_35' title="bbox 478 2307 1974 2379; baseline -0.003 -15"><span class='ocrx_word' id='word_1_158' title='bbox 478 2310 850 2379; x_wconf 86' lang='lat' dir='ltr'><strong>infrascriptas</strong></span> <span class='ocrx_word' id='word_1_159' title='bbox 878 2323 961 2362; x_wconf 82' lang='lat' dir='ltr'><strong>res</strong></span> <span class='ocrx_word' id='word_1_160' title='bbox 995 2323 1221 2372; x_wconf 88' lang='lat' dir='ltr'><strong>quarum</strong></span> <span class='ocrx_word' id='word_1_161' title='bbox 1259 2322 1414 2361; x_wconf 90' lang='lat' dir='ltr'><strong>usum</strong></span> <span class='ocrx_word' id='word_1_162' title='bbox 1445 2308 1574 2359; x_wconf 90' lang='lat' dir='ltr'><strong>mihi</strong></span> <span class='ocrx_word' id='word_1_163' title='bbox 1612 2321 1826 2361; x_wconf 81' lang='lat' dir='ltr'><strong>reservo</strong></span> <span class='ocrx_word' id='word_1_164' title='bbox 1851 2307 1974 2360; x_wconf 91' lang='lat' dir='ltr'><strong>dum</strong></span> 
     </span>
    </p>
   </div>
   <div class='ocr_carea' id='block_1_24' title="bbox 477 2397 1976 2467">
    <p class='ocr_par' dir='ltr' id='par_1_24' title="bbox 477 2397 1976 2467">
     <span class='ocr_line' id='line_1_36' title="bbox 477 2397 1976 2467; baseline -0.005 -11"><span class='ocrx_word' id='word_1_165' title='bbox 477 2402 654 2457; x_wconf 82' lang='lat' dir='ltr'><strong>vivam</strong></span> <span class='ocrx_word' id='word_1_166' title='bbox 681 2417 697 2454; x_wconf 89' lang='lat'><strong>:</strong></span> <span class='ocrx_word' id='word_1_167' title='bbox 728 2400 938 2454; x_wconf 76' lang='lat' dir='ltr'><strong>Scilicet</strong></span> <span class='ocrx_word' id='word_1_168' title='bbox 972 2397 1307 2454; x_wconf 82' lang='lat' dir='ltr'><strong>tltttribulum</strong></span> <span class='ocrx_word' id='word_1_169' title='bbox 1343 2399 1479 2467; x_wconf 88' lang='lat' dir='ltr'><strong>quod</strong></span> <span class='ocrx_word' id='word_1_170' title='bbox 1511 2413 1652 2452; x_wconf 87' lang='lat' dir='ltr'><strong>nunc</strong></span> <span class='ocrx_word' id='word_1_171' title='bbox 1691 2397 1976 2463; x_wconf 78' lang='lat' dir='ltr'><strong>habemus,</strong></span> 
     </span>
    </p>
   </div>
   <div class='ocr_carea' id='block_1_25' title="bbox 475 2493 1978 2560">
    <p class='ocr_par' dir='ltr' id='par_1_25' title="bbox 475 2493 1978 2560">
     <span class='ocr_line' id='line_1_37' title="bbox 475 2493 1978 2560; baseline -0.003 -14"><span class='ocrx_word' id='word_1_172' title='bbox 475 2493 792 2546; x_wconf 81' lang='lat' dir='ltr'><strong>naricellam</strong></span> <span class='ocrx_word' id='word_1_173' title='bbox 815 2501 870 2546; x_wconf 91' lang='lat' dir='ltr'><strong>et</strong></span> <span class='ocrx_word' id='word_1_174' title='bbox 899 2505 993 2544; x_wconf 88' lang='lat' dir='ltr'><strong>vas</strong></span> <span class='ocrx_word' id='word_1_175' title='bbox 1022 2505 1122 2560; x_wconf 91' lang='lat' dir='ltr'><strong>pro</strong></span> <span class='ocrx_word' id='word_1_176' title='bbox 1151 2505 1290 2558; x_wconf 89' lang='lat' dir='ltr'><strong>aqua</strong></span> <span class='ocrx_word' id='word_1_177' title='bbox 1317 2500 1503 2544; x_wconf 89' lang='lat' dir='ltr'><strong>sancta</strong></span> <span class='ocrx_word' id='word_1_178' title='bbox 1527 2505 1648 2542; x_wconf 83' lang='lat' dir='ltr'><strong>cum</strong></span> <span class='ocrx_word' id='word_1_179' title='bbox 1671 2504 1766 2542; x_wconf 87' lang='lat' dir='ltr'><strong>suo</strong></span> <span class='ocrx_word' id='word_1_180' title='bbox 1791 2504 1978 2556; x_wconf 89' lang='lat' dir='ltr'><strong>asper-</strong></span> 
     </span>
    </p>
   </div>
   <div class='ocr_carea' id='block_1_26' title="bbox 477 2581 1975 2654">
    <p class='ocr_par' dir='ltr' id='par_1_26' title="bbox 477 2581 1975 2654">
     <span class='ocr_line' id='line_1_38' title="bbox 477 2581 1975 2654; baseline -0.005 -14"><span class='ocrx_word' id='word_1_181' title='bbox 477 2586 648 2648; x_wconf 87' lang='lat' dir='ltr'><strong>sorio,</strong></span> <span class='ocrx_word' id='word_1_182' title='bbox 671 2601 790 2654; x_wconf 75' lang='lat' dir='ltr'><strong>qua:</strong></span> <span class='ocrx_word' id='word_1_183' title='bbox 827 2599 968 2638; x_wconf 91' lang='lat' dir='ltr'><strong>nunc</strong></span> <span class='ocrx_word' id='word_1_184' title='bbox 997 2584 1126 2637; x_wconf 84' lang='lat' dir='ltr'><strong>fecit</strong></span> <span class='ocrx_word' id='word_1_185' title='bbox 1166 2581 1322 2636; x_wconf 75' lang='lat' dir='ltr'><strong>nobis</strong></span> <span class='ocrx_word' id='word_1_186' title='bbox 1369 2582 1578 2635; x_wconf 72' lang='lat' dir='ltr'><strong>aurifex</strong></span> <span class='ocrx_word' id='word_1_187' title='bbox 1614 2584 1975 2650; x_wconf 72' lang='lat' dir='ltr'><strong>supradictus,</strong></span> 
     </span>
    </p>
   </div>
   <div class='ocr_carea' id='block_1_27' title="bbox 476 2673 1980 2742">
    <p class='ocr_par' dir='ltr' id='par_1_27' title="bbox 476 2673 1980 2742">
     <span class='ocr_line' id='line_1_39' title="bbox 476 2673 1980 2742; baseline -0.004 -13"><span class='ocrx_word' id='word_1_188' title='bbox 476 2676 651 2730; x_wconf 86' lang='lat' dir='ltr'><strong>etdno</strong></span> <span class='ocrx_word' id='word_1_189' title='bbox 685 2674 1008 2729; x_wconf 86' lang='lat' dir='ltr'><strong>candelabra</strong></span> <span class='ocrx_word' id='word_1_190' title='bbox 1035 2677 1099 2727; x_wconf 87' lang='lat' dir='ltr'><strong>de</strong></span> <span class='ocrx_word' id='word_1_191' title='bbox 1129 2673 1330 2742; x_wconf 80' lang='lat' dir='ltr'><strong>capella</strong></span> <span class='ocrx_word' id='word_1_192' title='bbox 1351 2687 1531 2726; x_wconf 87' lang='lat' dir='ltr'><strong>nostra</strong></span> <span class='ocrx_word' id='word_1_193' title='bbox 1562 2673 1753 2740; x_wconf 88' lang='lat' dir='ltr'><strong>qnilms</strong></span> <span class='ocrx_word' id='word_1_194' title='bbox 1779 2675 1980 2724; x_wconf 88' lang='lat' dir='ltr'><strong>utimur</strong></span> 
     </span>
    </p>
   </div>
   <div class='ocr_carea' id='block_1_28' title="bbox 477 2765 1978 2836">
    <p class='ocr_par' dir='ltr' id='par_1_28' title="bbox 477 2765 1978 2836">
     <span class='ocr_line' id='line_1_40' title="bbox 477 2765 1978 2836; baseline -0.003 -15"><span class='ocrx_word' id='word_1_195' title='bbox 477 2769 530 2822; x_wconf 90' lang='lat' dir='ltr'><strong>in</strong></span> <span class='ocrx_word' id='word_1_196' title='bbox 565 2767 790 2834; x_wconf 87' lang='lat' dir='ltr'><strong>eadem;</strong></span> <span class='ocrx_word' id='word_1_197' title='bbox 828 2767 954 2820; x_wconf 86' lang='lat' dir='ltr'><strong>item</strong></span> <span class='ocrx_word' id='word_1_198' title='bbox 993 2781 1227 2836; x_wconf 84' lang='lat' dir='ltr'><strong>pannum</strong></span> <span class='ocrx_word' id='word_1_199' title='bbox 1267 2766 1332 2820; x_wconf 91' lang='lat' dir='ltr'><strong>de</strong></span> <span class='ocrx_word' id='word_1_200' title='bbox 1383 2765 1558 2819; x_wconf 85' lang='lat' dir='ltr'><strong>veluto</strong></span> <span class='ocrx_word' id='word_1_201' title='bbox 1613 2765 1978 2820; x_wconf 62' lang='lat' dir='ltr'><strong>Alexandrino</strong></span> 
     </span>
    </p>
   </div>
   <div class='ocr_carea' id='block_1_29' title="bbox 477 2857 1977 2927">
    <p class='ocr_par' dir='ltr' id='par_1_29' title="bbox 477 2857 1977 2927">
     <span class='ocr_line' id='line_1_41' title="bbox 477 2857 1977 2927; baseline -0.001 -15"><span class='ocrx_word' id='word_1_202' title='bbox 477 2875 586 2926; x_wconf 93' lang='lat' dir='ltr'><strong>quo</strong></span> <span class='ocrx_word' id='word_1_203' title='bbox 631 2861 836 2914; x_wconf 86' lang='lat' dir='ltr'><strong>utimur</strong></span> <span class='ocrx_word' id='word_1_204' title='bbox 887 2861 937 2912; x_wconf 92' lang='lat' dir='ltr'><strong>in</strong></span> <span class='ocrx_word' id='word_1_205' title='bbox 994 2859 1198 2927; x_wconf 67' lang='lat' dir='ltr'><strong>capt-lla</strong></span> <span class='ocrx_word' id='word_1_206' title='bbox 1253 2869 1463 2919; x_wconf 85' lang='lat' dir='ltr'><strong>nostra.</strong></span> <span class='ocrx_word' id='word_1_207' title='bbox 1516 2869 1568 2911; x_wconf 90' lang='lat' dir='ltr'><strong>et</strong></span> <span class='ocrx_word' id='word_1_208' title='bbox 1623 2865 1750 2910; x_wconf 83' lang='lat' dir='ltr'><strong>ante</strong></span> <span class='ocrx_word' id='word_1_209' title='bbox 1808 2857 1977 2910; x_wconf 87' lang='lat' dir='ltr'><strong>altare</strong></span> 
     </span>
    </p>
   </div>
   <div class='ocr_carea' id='block_1_30' title="bbox 481 2949 1979 3022">
    <p class='ocr_par' dir='ltr' id='par_1_30' title="bbox 481 2949 1979 3022">
     <span class='ocr_line' id='line_1_42' title="bbox 481 2949 1979 3022; baseline -0.003 -16"><span class='ocrx_word' id='word_1_210' title='bbox 481 2968 643 3022; x_wconf 88' lang='lat' dir='ltr'><strong>super</strong></span> <span class='ocrx_word' id='word_1_211' title='bbox 673 2952 862 3012; x_wconf 89' lang='lat' dir='ltr'><strong>alium,</strong></span> <span class='ocrx_word' id='word_1_212' title='bbox 894 2967 954 3006; x_wconf 88' lang='lat' dir='ltr'><strong>ac</strong></span> <span class='ocrx_word' id='word_1_213' title='bbox 986 2951 1313 3006; x_wconf 83' lang='lat' dir='ltr'><strong>breviarium</strong></span> <span class='ocrx_word' id='word_1_214' title='bbox 1345 2966 1616 3018; x_wconf 73' lang='lat' dir='ltr'><strong>niagnum,</strong></span> <span class='ocrx_word' id='word_1_215' title='bbox 1643 2959 1878 3019; x_wconf 88' lang='lat' dir='ltr'><strong>emptum</strong></span> <span class='ocrx_word' id='word_1_216' title='bbox 1911 2949 1979 3001; x_wconf 83' lang='lat' dir='ltr'><strong>ab</strong></span> 
     </span>
    </p>
   </div>
   <div class='ocr_carea' id='block_1_31' title="bbox 483 3039 1979 3111">
    <p class='ocr_par' dir='ltr' id='par_1_31' title="bbox 483 3039 1979 3111">
     <span class='ocr_line' id='line_1_43' title="bbox 483 3039 1979 3111; baseline -0.003 -12"><span class='ocrx_word' id='word_1_217' title='bbox 483 3043 798 3099; x_wconf 72' lang='lat' dir='ltr'><strong>haereditate</strong></span> <span class='ocrx_word' id='word_1_218' title='bbox 836 3040 958 3096; x_wconf 76' lang='grc' dir='ltr'><strong>Βηιί</strong></span> <span class='ocrx_word' id='word_1_219' title='bbox 1011 3040 1073 3094; x_wconf 90' lang='lat' dir='ltr'><strong>D.</strong></span> <span class='ocrx_word' id='word_1_220' title='bbox 1108 3041 1258 3095; x_wconf 84' lang='lat' dir='ltr'><strong>card.</strong></span> <span class='ocrx_word' id='word_1_221' title='bbox 1303 3039 1537 3093; x_wconf 77' lang='lat' dir='ltr'><strong>Rutheni</strong></span> <span class='ocrx_word' id='word_1_222' title='bbox 1585 3041 1684 3111; x_wconf 78' lang='lat' dir='ltr'><strong>pite</strong></span> <span class='ocrx_word' id='word_1_223' title='bbox 1725 3055 1888 3094; x_wconf 86' lang='lat' dir='ltr'><strong>mem.</strong></span> <span class='ocrx_word' id='word_1_224' title='bbox 1924 3049 1979 3094; x_wconf 90' lang='lat' dir='ltr'><strong>et</strong></span> 
     </span>
    </p>
   </div>
   <div class='ocr_carea' id='block_1_32' title="bbox 478 3132 1978 3202">
    <p class='ocr_par' dir='ltr' id='par_1_32' title="bbox 478 3132 1978 3202">
     <span class='ocr_line' id='line_1_44' title="bbox 478 3132 1978 3202; baseline -0.004 -12"><span class='ocrx_word' id='word_1_225' title='bbox 478 3138 582 3190; x_wconf 91' lang='lat' dir='ltr'><strong>duo</strong></span> <span class='ocrx_word' id='word_1_226' title='bbox 637 3135 877 3190; x_wconf 88' lang='lat' dir='ltr'><strong>bancalia</strong></span> <span class='ocrx_word' id='word_1_227' title='bbox 929 3135 995 3189; x_wconf 90' lang='lat' dir='ltr'><strong>de</strong></span> <span class='ocrx_word' id='word_1_228' title='bbox 1048 3148 1229 3202; x_wconf 87' lang='lat' dir='ltr'><strong>panno</strong></span> <span class='ocrx_word' id='word_1_229' title='bbox 1271 3133 1338 3189; x_wconf 89' lang='lat' dir='ltr'><strong>de</strong></span> <span class='ocrx_word' id='word_1_230' title='bbox 1387 3133 1559 3202; x_wconf 77' lang='lat' dir='ltr'><strong>ratgia</strong></span> <span class='ocrx_word' id='word_1_231' title='bbox 1614 3149 1732 3202; x_wconf 71' lang='lat' dir='ltr'><strong>qua:</strong></span> <span class='ocrx_word' id='word_1_232' title='bbox 1776 3132 1978 3186; x_wconf 85' lang='lat' dir='ltr'><strong>habent</strong></span> 
     </span>
    </p>
   </div>
   <div class='ocr_carea' id='block_1_33' title="bbox 478 3223 1974 3296">
    <p class='ocr_par' dir='ltr' id='par_1_33' title="bbox 478 3223 1974 3296">
     <span class='ocr_line' id='line_1_45' title="bbox 478 3223 1974 3296; baseline -0.004 -13"><span class='ocrx_word' id='word_1_233' title='bbox 478 3227 574 3283; x_wconf 86' lang='lat' dir='ltr'><strong>SS.</strong></span> <span class='ocrx_word' id='word_1_234' title='bbox 606 3227 905 3296; x_wconf 85' lang='lat' dir='ltr'><strong>apostolos,</strong></span> <span class='ocrx_word' id='word_1_235' title='bbox 943 3235 996 3280; x_wconf 90' lang='lat' dir='ltr'><strong>et</strong></span> <span class='ocrx_word' id='word_1_236' title='bbox 1030 3226 1166 3280; x_wconf 89' lang='lat' dir='ltr'><strong>alios</strong></span> <span class='ocrx_word' id='word_1_237' title='bbox 1203 3234 1434 3294; x_wconf 90' lang='lat' dir='ltr'><strong>quatuor</strong></span> <span class='ocrx_word' id='word_1_238' title='bbox 1467 3239 1675 3294; x_wconf 88' lang='lat' dir='ltr'><strong>pannos</strong></span> <span class='ocrx_word' id='word_1_239' title='bbox 1713 3223 1780 3279; x_wconf 90' lang='lat' dir='ltr'><strong>de</strong></span> <span class='ocrx_word' id='word_1_240' title='bbox 1807 3225 1974 3292; x_wconf 82' lang='lat' dir='ltr'><strong>ratgia</strong></span> 
     </span>
    </p>
   </div>
   <div class='ocr_carea' id='block_1_34' title="bbox 479 3313 1976 3389">
    <p class='ocr_par' dir='ltr' id='par_1_34' title="bbox 479 3313 1976 3389">
     <span class='ocr_line' id='line_1_46' title="bbox 479 3313 1976 3389; baseline -0.006 -17"><span class='ocrx_word' id='word_1_241' title='bbox 479 3333 694 3389; x_wconf 80' lang='lat' dir='ltr'><strong>parvos,</strong></span> <span class='ocrx_word' id='word_1_242' title='bbox 740 3332 970 3388; x_wconf 87' lang='lat' dir='ltr'><strong>quorum</strong></span> <span class='ocrx_word' id='word_1_243' title='bbox 1032 3325 1142 3369; x_wconf 88' lang='lat' dir='ltr'><strong>tres</strong></span> <span class='ocrx_word' id='word_1_244' title='bbox 1195 3314 1400 3368; x_wconf 79' lang='lat' dir='ltr'><strong>habent</strong></span> <span class='ocrx_word' id='word_1_245' title='bbox 1451 3313 1976 3374; x_wconf 82' lang='lat' dir='ltr'><strong>Aununtiationem,</strong></span> 
     </span>
    </p>
   </div>
   <div class='ocr_carea' id='block_1_35' title="bbox 481 3405 1974 3479">
    <p class='ocr_par' dir='ltr' id='par_1_35' title="bbox 481 3405 1974 3479">
     <span class='ocr_line' id='line_1_47' title="bbox 481 3405 1974 3479; baseline -0.003 -19"><span class='ocrx_word' id='word_1_246' title='bbox 481 3421 702 3479; x_wconf 88' lang='lat' dir='ltr'><strong>quartus</strong></span> <span class='ocrx_word' id='word_1_247' title='bbox 734 3424 858 3461; x_wconf 75' lang='lat' dir='ltr'><strong>vero</strong></span> <span class='ocrx_word' id='word_1_248' title='bbox 888 3407 1254 3469; x_wconf 75' lang='lat' dir='ltr'><strong>Crurilixum;</strong></span> <span class='ocrx_word' id='word_1_249' title='bbox 1292 3405 1416 3459; x_wconf 87' lang='lat' dir='ltr'><strong>item</strong></span> <span class='ocrx_word' id='word_1_250' title='bbox 1443 3415 1656 3474; x_wconf 85' lang='lat' dir='ltr'><strong>tapetes</strong></span> <span class='ocrx_word' id='word_1_251' title='bbox 1683 3416 1790 3458; x_wconf 90' lang='lat' dir='ltr'><strong>tres</strong></span> <span class='ocrx_word' id='word_1_252' title='bbox 1815 3420 1829 3469; x_wconf 89' lang='lat'><strong>;</strong></span> <span class='ocrx_word' id='word_1_253' title='bbox 1851 3405 1974 3458; x_wconf 88' lang='lat' dir='ltr'><strong>item</strong></span> 
     </span>
    </p>
   </div>
   <div class='ocr_carea' id='block_1_36' title="bbox 477 3498 1976 3568">
    <p class='ocr_par' dir='ltr' id='par_1_36' title="bbox 477 3498 1976 3568">
     <span class='ocr_line' id='line_1_48' title="bbox 477 3498 1976 3568; baseline -0.004 -11"><span class='ocrx_word' id='word_1_254' title='bbox 477 3505 586 3558; x_wconf 85' lang='lat' dir='ltr'><strong>duo</strong></span> <span class='ocrx_word' id='word_1_255' title='bbox 615 3500 940 3556; x_wconf 87' lang='lat' dir='ltr'><strong>candelabra</strong></span> <span class='ocrx_word' id='word_1_256' title='bbox 979 3514 1169 3568; x_wconf 84' lang='lat' dir='ltr'><strong>magna</strong></span> <span class='ocrx_word' id='word_1_257' title='bbox 1207 3498 1416 3562; x_wconf 86' lang='lat' dir='ltr'><strong>ferrea;</strong></span> <span class='ocrx_word' id='word_1_258' title='bbox 1473 3498 1600 3550; x_wconf 87' lang='lat' dir='ltr'><strong>item</strong></span> <span class='ocrx_word' id='word_1_259' title='bbox 1637 3514 1976 3566; x_wconf 68' lang='lat' dir='ltr'><strong>qitzecunquc</strong></span> 
     </span>
    </p>
   </div>
   <div class='ocr_carea' id='block_1_37' title="bbox 482 3591 2062 3666">
    <p class='ocr_par' dir='ltr' id='par_1_37' title="bbox 482 3591 2062 3666">
     <span class='ocr_line' id='line_1_49' title="bbox 482 3591 2062 3666; baseline -0.001 -20"><span class='ocrx_word' id='word_1_260' title='bbox 482 3604 795 3666; x_wconf 86' lang='lat' dir='ltr'><strong>paramenta</strong></span> <span class='ocrx_word' id='word_1_261' title='bbox 832 3592 1050 3662; x_wconf 74' lang='lat' dir='ltr'><strong>capella:</strong></span> <span class='ocrx_word' id='word_1_262' title='bbox 1107 3599 1332 3654; x_wconf 67' lang='lat' dir='ltr'><strong>nostra&#39;,</strong></span> <span class='ocrx_word' id='word_1_263' title='bbox 1375 3591 1593 3658; x_wconf 85' lang='lat' dir='ltr'><strong>jocalia,</strong></span> <span class='ocrx_word' id='word_1_264' title='bbox 1649 3601 1701 3643; x_wconf 74' lang='lat' dir='ltr'><strong>rt</strong></span> <span class='ocrx_word' id='word_1_265' title='bbox 1762 3592 1978 3646; x_wconf 77' lang='lat' dir='ltr'><strong>missale</strong></span> <span class='ocrx_word' id='word_1_266' title='bbox 2059 3629 2062 3632; x_wconf 50' lang='lat'><strong><em>.</em></strong></span> 
     </span>
    </p>
   </div>
   <div class='ocr_carea' id='block_1_38' title="bbox 479 3683 1976 3755">
    <p class='ocr_par' dir='ltr' id='par_1_38' title="bbox 479 3683 1976 3755">
     <span class='ocr_line' id='line_1_50' title="bbox 479 3683 1976 3755; baseline -0.003 -13"><span class='ocrx_word' id='word_1_267' title='bbox 479 3705 667 3748; x_wconf 87' lang='lat' dir='ltr'><strong>utttttn,</strong></span> <span class='ocrx_word' id='word_1_268' title='bbox 716 3687 912 3755; x_wconf 88' lang='lat' dir='ltr'><strong>quibus</strong></span> <span class='ocrx_word' id='word_1_269' title='bbox 947 3697 1068 3737; x_wconf 90' lang='lat' dir='ltr'><strong>utor</strong></span> <span class='ocrx_word' id='word_1_270' title='bbox 1098 3683 1242 3738; x_wconf 88' lang='lat' dir='ltr'><strong>domi</strong></span> <span class='ocrx_word' id='word_1_271' title='bbox 1294 3693 1346 3736; x_wconf 91' lang='lat' dir='ltr'><strong>et</strong></span> <span class='ocrx_word' id='word_1_272' title='bbox 1379 3699 1494 3750; x_wconf 70' lang='grc' dir='ltr'><strong>(μυξη</strong></span> <span class='ocrx_word' id='word_1_273' title='bbox 1545 3695 1671 3738; x_wconf 90' lang='lat' dir='ltr'><strong>tunc</strong></span> <span class='ocrx_word' id='word_1_274' title='bbox 1702 3683 1976 3738; x_wconf 76' lang='lat' dir='ltr'><strong>invenien-</strong></span> 
     </span>
    </p>
   </div>
   <div class='ocr_carea' id='block_1_39' title="bbox 479 3773 1973 3844">
    <p class='ocr_par' dir='ltr' id='par_1_39' title="bbox 479 3773 1973 3844">
     <span class='ocr_line' id='line_1_51' title="bbox 479 3773 1973 3844; baseline -0.005 -8"><span class='ocrx_word' id='word_1_275' title='bbox 479 3790 599 3842; x_wconf 85' lang='lat' dir='ltr'><strong>tur;</strong></span> <span class='ocrx_word' id='word_1_276' title='bbox 636 3780 759 3833; x_wconf 86' lang='lat' dir='ltr'><strong>item</strong></span> <span class='ocrx_word' id='word_1_277' title='bbox 783 3793 942 3831; x_wconf 89' lang='lat' dir='ltr'><strong>unum</strong></span> <span class='ocrx_word' id='word_1_278' title='bbox 977 3775 1304 3830; x_wconf 86' lang='lat' dir='ltr'><strong>thuribulnm</strong></span> <span class='ocrx_word' id='word_1_279' title='bbox 1337 3773 1580 3829; x_wconf 58' lang='lat' dir='ltr'><strong>Graecum</strong></span> <span class='ocrx_word' id='word_1_280' title='bbox 1609 3777 1827 3844; x_wconf 85' lang='lat' dir='ltr'><strong>planum</strong></span> <span class='ocrx_word' id='word_1_281' title='bbox 1850 3793 1973 3830; x_wconf 89' lang='lat' dir='ltr'><strong>cum</strong></span> 
     </span>
    </p>
   </div>
   <div class='ocr_carea' id='block_1_40' title="bbox 479 3867 1974 3937">
    <p class='ocr_par' dir='ltr' id='par_1_40' title="bbox 479 3867 1974 3937">
     <span class='ocr_line' id='line_1_52' title="bbox 479 3867 1974 3937; baseline -0.003 -11"><span class='ocrx_word' id='word_1_282' title='bbox 479 3873 726 3937; x_wconf 75' lang='lat' dir='ltr'><strong>manica;</strong></span> <span class='ocrx_word' id='word_1_283' title='bbox 764 3872 886 3924; x_wconf 90' lang='lat' dir='ltr'><strong>item</strong></span> <span class='ocrx_word' id='word_1_284' title='bbox 921 3869 1027 3924; x_wconf 92' lang='lat' dir='ltr'><strong>duo</strong></span> <span class='ocrx_word' id='word_1_285' title='bbox 1061 3884 1159 3923; x_wconf 83' lang='lat' dir='ltr'><strong>ova</strong></span> <span class='ocrx_word' id='word_1_286' title='bbox 1199 3870 1264 3924; x_wconf 88' lang='lat' dir='ltr'><strong>de</strong></span> <span class='ocrx_word' id='word_1_287' title='bbox 1311 3867 1524 3925; x_wconf 88' lang='lat' dir='ltr'><strong>Struzio</strong></span> <span class='ocrx_word' id='word_1_288' title='bbox 1550 3880 1739 3924; x_wconf 87' lang='lat' dir='ltr'><strong>ornata</strong></span> <span class='ocrx_word' id='word_1_289' title='bbox 1777 3871 1840 3925; x_wconf 92' lang='lat' dir='ltr'><strong>de</strong></span> <span class='ocrx_word' id='word_1_290' title='bbox 1884 3887 1974 3922; x_wconf 89' lang='lat' dir='ltr'><strong>ar-</strong></span> 
     </span>
    </p>
   </div>
   <div class='ocr_carea' id='block_1_41' title="bbox 478 3961 1972 4038">
    <p class='ocr_par' dir='ltr' id='par_1_41' title="bbox 478 3961 1972 4038">
     <span class='ocr_line' id='line_1_53' title="bbox 478 3961 1972 4038; baseline -0.002 -19"><span class='ocrx_word' id='word_1_291' title='bbox 478 3977 679 4038; x_wconf 79' lang='lat' dir='ltr'><strong>gento;</strong></span> <span class='ocrx_word' id='word_1_292' title='bbox 729 3965 856 4019; x_wconf 86' lang='lat' dir='ltr'><strong>item</strong></span> <span class='ocrx_word' id='word_1_293' title='bbox 890 3962 1030 4033; x_wconf 84' lang='lat' dir='ltr'><strong>Iegia</strong></span> <span class='ocrx_word' id='word_1_294' title='bbox 1067 3961 1216 4030; x_wconf 89' lang='lat' dir='ltr'><strong>duo;</strong></span> <span class='ocrx_word' id='word_1_295' title='bbox 1260 3963 1384 4017; x_wconf 89' lang='lat' dir='ltr'><strong>item</strong></span> <span class='ocrx_word' id='word_1_296' title='bbox 1439 3961 1797 4017; x_wconf 89' lang='lat' dir='ltr'><strong>faldistorium</strong></span> <span class='ocrx_word' id='word_1_297' title='bbox 1847 3978 1972 4031; x_wconf 87' lang='lat' dir='ltr'><strong>pon-</strong></span> 
     </span>
    </p>
   </div>
   <div class='ocr_carea' id='block_1_42' title="bbox 476 4055 690 4110">
    <p class='ocr_par' dir='ltr' id='par_1_42' title="bbox 476 4055 690 4110">
     <span class='ocr_line' id='line_1_54' title="bbox 476 4055 690 4110; baseline -0.009 0"><span class='ocrx_word' id='word_1_298' title='bbox 476 4055 690 4110; x_wconf 83' lang='lat' dir='ltr'><strong>tificale.</strong></span> 
     </span>
    </p>
   </div>
   <div class='ocr_carea' id='block_1_43' title="bbox 483 4143 1973 4216">
    <p class='ocr_par' dir='ltr' id='par_1_43' title="bbox 483 4143 1973 4216">
     <span class='ocr_line' id='line_1_55' title="bbox 483 4143 1973 4216; baseline 0 -18"><span class='ocrx_word' id='word_1_299' title='bbox 483 4165 502 4198; x_wconf 76' lang='grc' dir='ltr'>ι</span> <span class='ocrx_word' id='word_1_300' title='bbox 547 4146 680 4200; x_wconf 87' lang='lat' dir='ltr'><strong>Item</strong></span> <span class='ocrx_word' id='word_1_301' title='bbox 709 4145 829 4201; x_wconf 77' lang='lat' dir='ltr'><strong>volo</strong></span> <span class='ocrx_word' id='word_1_302' title='bbox 871 4153 929 4198; x_wconf 91' lang='lat' dir='ltr'><strong>ut</strong></span> <span class='ocrx_word' id='word_1_303' title='bbox 962 4159 1060 4214; x_wconf 92' lang='lat' dir='ltr'><strong>pro</strong></span> <span class='ocrx_word' id='word_1_304' title='bbox 1092 4157 1234 4198; x_wconf 90' lang='lat' dir='ltr'><strong>nunc</strong></span> <span class='ocrx_word' id='word_1_305' title='bbox 1281 4144 1373 4198; x_wconf 84' lang='lat' dir='ltr'><strong>fiat</strong></span> <span class='ocrx_word' id='word_1_306' title='bbox 1404 4158 1508 4196; x_wconf 91' lang='lat' dir='ltr'><strong>una</strong></span> <span class='ocrx_word' id='word_1_307' title='bbox 1553 4158 1713 4216; x_wconf 89' lang='lat' dir='ltr'><strong>capsa</strong></span> <span class='ocrx_word' id='word_1_308' title='bbox 1752 4143 1973 4214; x_wconf 89' lang='lat' dir='ltr'><strong>pulchra</strong></span> 
     </span>
    </p>
   </div>
   <div class='ocr_carea' id='block_1_44' title="bbox 480 4235 1976 4306">
    <p class='ocr_par' dir='ltr' id='par_1_44' title="bbox 480 4235 1976 4306">
     <span class='ocr_line' id='line_1_56' title="bbox 480 4235 1976 4306; baseline -0.001 -14"><span class='ocrx_word' id='word_1_309' title='bbox 480 4240 530 4292; x_wconf 89' lang='lat' dir='ltr'><strong>in</strong></span> <span class='ocrx_word' id='word_1_310' title='bbox 591 4253 695 4304; x_wconf 87' lang='lat' dir='ltr'><strong>qua</strong></span> <span class='ocrx_word' id='word_1_311' title='bbox 736 4237 929 4306; x_wconf 76' lang='lat' dir='ltr'><strong>deponi</strong></span> <span class='ocrx_word' id='word_1_312' title='bbox 985 4235 1217 4289; x_wconf 79' lang='lat' dir='ltr'><strong>debeant</strong></span> <span class='ocrx_word' id='word_1_313' title='bbox 1272 4235 1373 4290; x_wconf 88' lang='lat' dir='ltr'><strong>ista</strong></span> <span class='ocrx_word' id='word_1_314' title='bbox 1431 4235 1615 4290; x_wconf 87' lang='lat' dir='ltr'><strong>omnia</strong></span> <span class='ocrx_word' id='word_1_315' title='bbox 1664 4246 1976 4304; x_wconf 87' lang='lat' dir='ltr'><strong>paramenta</strong></span> 
     </span>
    </p>
   </div>
   <div class='ocr_carea' id='block_1_45' title="bbox 477 4326 1977 4394">
    <p class='ocr_par' dir='ltr' id='par_1_45' title="bbox 477 4326 1977 4394">
     <span class='ocr_line' id='line_1_57' title="bbox 477 4326 1977 4394; baseline 0.001 -11"><span class='ocrx_word' id='word_1_316' title='bbox 477 4339 666 4390; x_wconf 84' lang='lat' dir='ltr'><strong>nostra</strong></span> <span class='ocrx_word' id='word_1_317' title='bbox 722 4338 775 4382; x_wconf 90' lang='lat' dir='ltr'><strong>et</strong></span> <span class='ocrx_word' id='word_1_318' title='bbox 820 4326 1078 4381; x_wconf 77' lang='lat' dir='ltr'><strong>custodiri</strong></span> <span class='ocrx_word' id='word_1_319' title='bbox 1138 4327 1188 4380; x_wconf 89' lang='lat' dir='ltr'><strong>in</strong></span> <span class='ocrx_word' id='word_1_320' title='bbox 1227 4329 1476 4382; x_wconf 89' lang='lat' dir='ltr'><strong>sacristia</strong></span> <span class='ocrx_word' id='word_1_321' title='bbox 1511 4331 1763 4394; x_wconf 71' lang='lat' dir='ltr'><strong>prtesenti</strong></span> <span class='ocrx_word' id='word_1_322' title='bbox 1807 4330 1977 4385; x_wconf 88' lang='lat' dir='ltr'><strong>donec</strong></span> 
     </span>
    </p>
   </div>
   <div class='ocr_carea' id='block_1_46' title="bbox 479 4419 1976 4494">
    <p class='ocr_par' dir='ltr' id='par_1_46' title="bbox 479 4419 1976 4494">
     <span class='ocr_line' id='line_1_58' title="bbox 479 4419 1976 4494; baseline 0.002 -17"><span class='ocrx_word' id='word_1_323' title='bbox 479 4423 588 4477; x_wconf 88' lang='lat' dir='ltr'><strong>Deo</strong></span> <span class='ocrx_word' id='word_1_324' title='bbox 617 4421 779 4475; x_wconf 87' lang='lat' dir='ltr'><strong>dante</strong></span> <span class='ocrx_word' id='word_1_325' title='bbox 808 4419 1066 4471; x_wconf 88' lang='lat' dir='ltr'><strong>faciemus</strong></span> <span class='ocrx_word' id='word_1_326' title='bbox 1105 4419 1408 4474; x_wconf 89' lang='lat' dir='ltr'><strong>sacristiam</strong></span> <span class='ocrx_word' id='word_1_327' title='bbox 1443 4424 1494 4474; x_wconf 89' lang='lat' dir='ltr'><strong>in</strong></span> <span class='ocrx_word' id='word_1_328' title='bbox 1549 4421 1666 4476; x_wconf 90' lang='lat' dir='ltr'><strong>loco</strong></span> <span class='ocrx_word' id='word_1_329' title='bbox 1697 4425 1976 4494; x_wconf 78' lang='lat' dir='ltr'><strong>designato</strong></span> 
     </span>
    </p>
   </div>
   <div class='ocr_carea' id='block_1_47' title="bbox 475 4512 1978 4585">
    <p class='ocr_par' dir='ltr' id='par_1_47' title="bbox 475 4512 1978 4585">
     <span class='ocr_line' id='line_1_59' title="bbox 475 4512 1978 4585; baseline 0.003 -16"><span class='ocrx_word' id='word_1_330' title='bbox 475 4533 564 4585; x_wconf 91' lang='lat' dir='ltr'><strong>per</strong></span> <span class='ocrx_word' id='word_1_331' title='bbox 595 4530 714 4568; x_wconf 87' lang='lat' dir='ltr'><strong>nos.</strong></span> <span class='ocrx_word' id='word_1_332' title='bbox 734 4513 863 4566; x_wconf 83' lang='lat' dir='ltr'><strong>Item</strong></span> <span class='ocrx_word' id='word_1_333' title='bbox 889 4512 1008 4564; x_wconf 80' lang='lat' dir='ltr'><strong>volo</strong></span> <span class='ocrx_word' id='word_1_334' title='bbox 1039 4520 1092 4565; x_wconf 91' lang='lat' dir='ltr'><strong>et</strong></span> <span class='ocrx_word' id='word_1_335' title='bbox 1115 4512 1307 4565; x_wconf 79' lang='lat' dir='ltr'><strong>ordino</strong></span> <span class='ocrx_word' id='word_1_336' title='bbox 1328 4513 1628 4567; x_wconf 91' lang='lat' dir='ltr'><strong>utomnino</strong></span> <span class='ocrx_word' id='word_1_337' title='bbox 1656 4515 1978 4585; x_wconf 80' lang='lat' dir='ltr'><strong>depingalur</strong></span> 
     </span>
    </p>
   </div>
   <div class='ocr_carea' id='block_1_48' title="bbox 479 4607 1974 4678">
    <p class='ocr_par' dir='ltr' id='par_1_48' title="bbox 479 4607 1974 4678">
     <span class='ocr_line' id='line_1_60' title="bbox 479 4607 1974 4678; baseline 0.001 -16"><span class='ocrx_word' id='word_1_338' title='bbox 479 4608 682 4678; x_wconf 65' lang='lat' dir='ltr'><strong>capella</strong></span> <span class='ocrx_word' id='word_1_339' title='bbox 709 4621 774 4661; x_wconf 87' lang='lat' dir='ltr'><strong>eo</strong></span> <span class='ocrx_word' id='word_1_340' title='bbox 818 4608 976 4660; x_wconf 89' lang='lat' dir='ltr'><strong>modo</strong></span> <span class='ocrx_word' id='word_1_341' title='bbox 1004 4615 1161 4675; x_wconf 90' lang='lat' dir='ltr'><strong>prout</strong></span> <span class='ocrx_word' id='word_1_342' title='bbox 1208 4607 1434 4658; x_wconf 81' lang='lat' dir='ltr'><strong>conveni</strong></span> <span class='ocrx_word' id='word_1_343' title='bbox 1486 4617 1537 4660; x_wconf 87' lang='lat' dir='ltr'><strong>et</strong></span> <span class='ocrx_word' id='word_1_344' title='bbox 1566 4607 1806 4662; x_wconf 81' lang='lat' dir='ltr'><strong>ordinari</strong></span> <span class='ocrx_word' id='word_1_345' title='bbox 1852 4626 1974 4665; x_wconf 91' lang='lat' dir='ltr'><strong>cum</strong></span> 
     </span>
    </p>
   </div>
   <div class='ocr_carea' id='block_1_49' title="bbox 481 4696 1978 4769">
    <p class='ocr_par' dir='ltr' id='par_1_49' title="bbox 481 4696 1978 4769">
     <span class='ocr_line' id='line_1_61' title="bbox 481 4696 1978 4769; baseline 0.003 -16"><span class='ocrx_word' id='word_1_346' title='bbox 481 4701 773 4769; x_wconf 78' lang='lat' dir='ltr'><strong>magistro;</strong></span> <span class='ocrx_word' id='word_1_347' title='bbox 806 4699 955 4756; x_wconf 81' lang='lat' dir='ltr'><strong>item.</strong></span> <span class='ocrx_word' id='word_1_348' title='bbox 989 4707 1274 4766; x_wconf 78' lang='lat' dir='ltr'><strong>postquam</strong></span> <span class='ocrx_word' id='word_1_349' title='bbox 1315 4696 1523 4764; x_wconf 86' lang='lat' dir='ltr'><strong>depicta</strong></span> <span class='ocrx_word' id='word_1_350' title='bbox 1565 4701 1722 4752; x_wconf 81' lang='lat' dir='ltr'><strong>fuerit</strong></span> <span class='ocrx_word' id='word_1_351' title='bbox 1751 4703 1978 4768; x_wconf 87' lang='lat' dir='ltr'><strong>capella,</strong></span> 
     </span>
    </p>
   </div>
   <div class='ocr_carea' id='block_1_50' title="bbox 481 4791 1975 4863">
    <p class='ocr_par' dir='ltr' id='par_1_50' title="bbox 481 4791 1975 4863">
     <span class='ocr_line' id='line_1_62' title="bbox 481 4791 1975 4863; baseline 0.003 -18"><span class='ocrx_word' id='word_1_352' title='bbox 481 4793 651 4863; x_wconf 91' lang='lat' dir='ltr'><strong>primo</strong></span> <span class='ocrx_word' id='word_1_353' title='bbox 700 4792 791 4843; x_wconf 88' lang='lat' dir='ltr'><strong>liat</strong></span> <span class='ocrx_word' id='word_1_354' title='bbox 837 4791 1025 4843; x_wconf 77' lang='lat' dir='ltr'><strong>subtus</strong></span> <span class='ocrx_word' id='word_1_355' title='bbox 1059 4799 1254 4843; x_wconf 85' lang='lat' dir='ltr'><strong>tectum</strong></span> <span class='ocrx_word' id='word_1_356' title='bbox 1312 4791 1543 4860; x_wconf 73' lang='lat' dir='ltr'><strong>ligneum</strong></span> <span class='ocrx_word' id='word_1_357' title='bbox 1594 4797 1735 4862; x_wconf 90' lang='lat' dir='ltr'><strong>quod</strong></span> <span class='ocrx_word' id='word_1_358' title='bbox 1791 4806 1874 4849; x_wconf 87' lang='lat' dir='ltr'><strong>est</strong></span> <span class='ocrx_word' id='word_1_359' title='bbox 1925 4798 1975 4850; x_wconf 93' lang='lat' dir='ltr'><strong>in</strong></span> 
     </span>
    </p>
   </div>
   <div class='ocr_carea' id='block_1_51' title="bbox 483 4882 1973 4954">
    <p class='ocr_par' dir='ltr' id='par_1_51' title="bbox 483 4882 1973 4954">
     <span class='ocr_line' id='line_1_63' title="bbox 483 4882 1973 4954; baseline 0.003 -17"><span class='ocrx_word' id='word_1_360' title='bbox 483 4885 692 4954; x_wconf 90' lang='lat' dir='ltr'><strong>quadro</strong></span> <span class='ocrx_word' id='word_1_361' title='bbox 755 4882 1010 4936; x_wconf 81' lang='lat' dir='ltr'><strong>exteriori</strong></span> <span class='ocrx_word' id='word_1_362' title='bbox 1064 4898 1227 4934; x_wconf 92' lang='lat' dir='ltr'><strong>unum</strong></span> <span class='ocrx_word' id='word_1_363' title='bbox 1274 4883 1626 4951; x_wconf 79' lang='lat' dir='ltr'><strong>supercilium</strong></span> <span class='ocrx_word' id='word_1_364' title='bbox 1663 4887 1973 4954; x_wconf 77' lang='lat' dir='ltr'><strong>pulchrum,</strong></span> 
     </span>
    </p>
   </div>
   <div class='ocr_carea' id='block_1_52' title="bbox 483 4975 1977 5048">
    <p class='ocr_par' dir='ltr' id='par_1_52' title="bbox 483 4975 1977 5048">
     <span class='ocr_line' id='line_1_64' title="bbox 483 4975 1977 5048; baseline 0.004 -18"><span class='ocrx_word' id='word_1_365' title='bbox 483 4988 537 5030; x_wconf 86' lang='lat' dir='ltr'><strong>et</strong></span> <span class='ocrx_word' id='word_1_366' title='bbox 566 4992 727 5045; x_wconf 85' lang='lat' dir='ltr'><strong>super</strong></span> <span class='ocrx_word' id='word_1_367' title='bbox 758 4977 939 5040; x_wconf 85' lang='lat' dir='ltr'><strong>trabes</strong></span> <span class='ocrx_word' id='word_1_368' title='bbox 987 4975 1109 5028; x_wconf 87' lang='lat' dir='ltr'><strong>lecti</strong></span> <span class='ocrx_word' id='word_1_369' title='bbox 1160 4976 1511 5043; x_wconf 75' lang='lat' dir='ltr'><strong>imponantur</strong></span> <span class='ocrx_word' id='word_1_370' title='bbox 1547 4977 1740 5048; x_wconf 66' lang='lat' dir='ltr'><strong>aliqua!</strong></span> <span class='ocrx_word' id='word_1_371' title='bbox 1784 4982 1977 5036; x_wconf 66' lang='lat' dir='ltr'><strong>tabula:</strong></span> 
     </span>
    </p>
   </div>
   <div class='ocr_carea' id='block_1_53' title="bbox 481 5065 1970 5138">
    <p class='ocr_par' dir='ltr' id='par_1_53' title="bbox 481 5065 1970 5138">
     <span class='ocr_line' id='line_1_65' title="bbox 481 5065 1970 5138; baseline 0.005 -22"><span class='ocrx_word' id='word_1_372' title='bbox 481 5082 679 5136; x_wconf 53' lang='lat' dir='ltr'><strong>grossae</strong></span> <span class='ocrx_word' id='word_1_373' title='bbox 733 5081 825 5133; x_wconf 81' lang='lat' dir='ltr'><strong>per</strong></span> <span class='ocrx_word' id='word_1_374' title='bbox 871 5065 1087 5117; x_wconf 87' lang='lat' dir='ltr'><strong>modum</strong></span> <span class='ocrx_word' id='word_1_375' title='bbox 1127 5065 1326 5134; x_wconf 81' lang='lat' dir='ltr'><strong>pontis,</strong></span> <span class='ocrx_word' id='word_1_376' title='bbox 1373 5075 1429 5118; x_wconf 92' lang='lat' dir='ltr'><strong>ut</strong></span> <span class='ocrx_word' id='word_1_377' title='bbox 1487 5070 1697 5138; x_wconf 83' lang='lat' dir='ltr'><strong>possint</strong></span> <span class='ocrx_word' id='word_1_378' title='bbox 1753 5070 1970 5123; x_wconf 86' lang='lat' dir='ltr'><strong>transiri</strong></span> 
     </span>
    </p>
   </div>
   <div class='ocr_carea' id='block_1_54' title="bbox 484 5157 1981 5228">
    <p class='ocr_par' dir='ltr' id='par_1_54' title="bbox 484 5157 1981 5228">
     <span class='ocr_line' id='line_1_66' title="bbox 484 5157 1981 5228; baseline 0.005 -21"><span class='ocrx_word' id='word_1_379' title='bbox 484 5173 578 5226; x_wconf 90' lang='lat' dir='ltr'><strong>per</strong></span> <span class='ocrx_word' id='word_1_380' title='bbox 627 5157 1014 5224; x_wconf 79' lang='lat' dir='ltr'><strong>longitudinem</strong></span> <span class='ocrx_word' id='word_1_381' title='bbox 1065 5157 1129 5211; x_wconf 91' lang='lat' dir='ltr'><strong>de</strong></span> <span class='ocrx_word' id='word_1_382' title='bbox 1185 5173 1289 5209; x_wconf 89' lang='lat' dir='ltr'><strong>una</strong></span> <span class='ocrx_word' id='word_1_383' title='bbox 1350 5167 1502 5226; x_wconf 80' lang='lat' dir='ltr'><strong>parte</strong></span> <span class='ocrx_word' id='word_1_384' title='bbox 1566 5162 1631 5213; x_wconf 88' lang='lat' dir='ltr'><strong>ad</strong></span> <span class='ocrx_word' id='word_1_385' title='bbox 1694 5160 1882 5228; x_wconf 89' lang='lat' dir='ltr'><strong>aliam;</strong></span> <span class='ocrx_word' id='word_1_386' title='bbox 1927 5173 1981 5215; x_wconf 92' lang='lat' dir='ltr'><strong>et</strong></span> 
     </span>
    </p>
   </div>
   <div class='ocr_carea' id='block_1_55' title="bbox 484 5248 1980 5321">
    <p class='ocr_par' dir='ltr' id='par_1_55' title="bbox 484 5248 1980 5321">
     <span class='ocr_line' id='line_1_67' title="bbox 484 5248 1980 5321; baseline 0.003 -20"><span class='ocrx_word' id='word_1_387' title='bbox 484 5251 809 5302; x_wconf 79' lang='lat' dir='ltr'><strong>claudantur</strong></span> <span class='ocrx_word' id='word_1_388' title='bbox 872 5251 1009 5303; x_wconf 88' lang='lat' dir='ltr'><strong>bene</strong></span> <span class='ocrx_word' id='word_1_389' title='bbox 1065 5248 1329 5301; x_wconf 88' lang='lat' dir='ltr'><strong>foramina</strong></span> <span class='ocrx_word' id='word_1_390' title='bbox 1397 5250 1571 5315; x_wconf 87' lang='lat' dir='ltr'><strong>muri;</strong></span> <span class='ocrx_word' id='word_1_391' title='bbox 1619 5263 1672 5304; x_wconf 90' lang='lat' dir='ltr'><strong>et</strong></span> <span class='ocrx_word' id='word_1_392' title='bbox 1734 5267 1764 5305; x_wconf 87' lang='lat' dir='ltr'><strong>a</strong></span> <span class='ocrx_word' id='word_1_393' title='bbox 1829 5263 1980 5321; x_wconf 90' lang='lat' dir='ltr'><strong>parte</strong></span> 
     </span>
    </p>
   </div>
   <div class='ocr_carea' id='block_1_56' title="bbox 483 5343 1977 5415">
    <p class='ocr_par' dir='ltr' id='par_1_56' title="bbox 483 5343 1977 5415">
     <span class='ocr_line' id='line_1_68' title="bbox 483 5343 1977 5415; baseline 0.001 -18"><span class='ocrx_word' id='word_1_394' title='bbox 483 5343 730 5397; x_wconf 86' lang='lat' dir='ltr'><strong>orientali</strong></span> <span class='ocrx_word' id='word_1_395' title='bbox 762 5343 850 5395; x_wconf 88' lang='lat' dir='ltr'><strong>illa</strong></span> <span class='ocrx_word' id='word_1_396' title='bbox 888 5357 1075 5412; x_wconf 82' lang='lat' dir='ltr'><strong>magna</strong></span> <span class='ocrx_word' id='word_1_397' title='bbox 1116 5350 1366 5409; x_wconf 90' lang='lat' dir='ltr'><strong>apertura</strong></span> <span class='ocrx_word' id='word_1_398' title='bbox 1414 5344 1464 5396; x_wconf 92' lang='lat' dir='ltr'><strong>in</strong></span> <span class='ocrx_word' id='word_1_399' title='bbox 1498 5360 1600 5412; x_wconf 86' lang='lat' dir='ltr'><strong>qua</strong></span> <span class='ocrx_word' id='word_1_400' title='bbox 1646 5347 1977 5415; x_wconf 80' lang='lat' dir='ltr'><strong>dimietatur,</strong></span> 
     </span>
    </p>
   </div>
   <div class='ocr_carea' id='block_1_57' title="bbox 481 5434 1977 5504">
    <p class='ocr_par' dir='ltr' id='par_1_57' title="bbox 481 5434 1977 5504">
     <span class='ocr_line' id='line_1_69' title="bbox 481 5434 1977 5504; baseline 0.003 -18"><span class='ocrx_word' id='word_1_401' title='bbox 481 5445 726 5504; x_wconf 67' lang='lat' dir='ltr'><strong>apertum</strong></span> <span class='ocrx_word' id='word_1_402' title='bbox 763 5444 969 5486; x_wconf 88' lang='lat' dir='ltr'><strong>tanttnn</strong></span> <span class='ocrx_word' id='word_1_403' title='bbox 1002 5443 1264 5502; x_wconf 87' lang='lat' dir='ltr'><strong>quantum</strong></span> <span class='ocrx_word' id='word_1_404' title='bbox 1290 5434 1516 5489; x_wconf 74' lang='lat' dir='ltr'><strong>sufﬁciet</strong></span> <span class='ocrx_word' id='word_1_405' title='bbox 1553 5437 1644 5488; x_wconf 86' lang='lat' dir='ltr'><strong>uni</strong></span> <span class='ocrx_word' id='word_1_406' title='bbox 1677 5437 1877 5490; x_wconf 92' lang='lat' dir='ltr'><strong>homini</strong></span> <span class='ocrx_word' id='word_1_407' title='bbox 1915 5439 1977 5491; x_wconf 85' lang='lat' dir='ltr'><strong>ad</strong></span> 
     </span>
    </p>
   </div>
   <div class='ocr_carea' id='block_1_58' title="bbox 483 5523 1980 5598">
    <p class='ocr_par' dir='ltr' id='par_1_58' title="bbox 483 5523 1980 5598">
     <span class='ocr_line' id='line_1_70' title="bbox 483 5523 1980 5598; baseline 0.003 -18"><span class='ocrx_word' id='word_1_408' title='bbox 483 5523 829 5591; x_wconf 86' lang='lat' dir='ltr'><strong>intrandum;</strong></span> <span class='ocrx_word' id='word_1_409' title='bbox 861 5535 915 5580; x_wconf 89' lang='lat' dir='ltr'><strong>et</strong></span> <span class='ocrx_word' id='word_1_410' title='bbox 943 5524 1068 5579; x_wconf 85' lang='lat' dir='ltr'><strong>illud</strong></span> <span class='ocrx_word' id='word_1_411' title='bbox 1112 5527 1273 5580; x_wconf 91' lang='lat' dir='ltr'><strong>etiam</strong></span> <span class='ocrx_word' id='word_1_412' title='bbox 1323 5529 1605 5581; x_wconf 85' lang='lat' dir='ltr'><strong>claudatur</strong></span> <span class='ocrx_word' id='word_1_413' title='bbox 1627 5529 1772 5583; x_wconf 89' lang='lat' dir='ltr'><strong>ostio</strong></span> <span class='ocrx_word' id='word_1_414' title='bbox 1805 5530 1980 5598; x_wconf 74' lang='lat' dir='ltr'><strong>ligneo</strong></span> 
     </span>
    </p>
   </div>
   <div class='ocr_carea' id='block_1_59' title="bbox 480 5615 1978 5689">
    <p class='ocr_par' dir='ltr' id='par_1_59' title="bbox 480 5615 1978 5689">
     <span class='ocr_line' id='line_1_71' title="bbox 480 5615 1978 5689; baseline 0.003 -18"><span class='ocrx_word' id='word_1_415' title='bbox 480 5632 603 5672; x_wconf 91' lang='lat' dir='ltr'><strong>cum</strong></span> <span class='ocrx_word' id='word_1_416' title='bbox 636 5615 810 5682; x_wconf 72' lang='lat' dir='ltr'><strong>clari;</strong></span> <span class='ocrx_word' id='word_1_417' title='bbox 861 5617 988 5671; x_wconf 90' lang='lat' dir='ltr'><strong>item</strong></span> <span class='ocrx_word' id='word_1_418' title='bbox 1040 5627 1160 5687; x_wconf 90' lang='lat' dir='ltr'><strong>post</strong></span> <span class='ocrx_word' id='word_1_419' title='bbox 1219 5619 1567 5689; x_wconf 89' lang='lat' dir='ltr'><strong>supercilium</strong></span> <span class='ocrx_word' id='word_1_420' title='bbox 1625 5631 1796 5676; x_wconf 90' lang='lat' dir='ltr'><strong>totum</strong></span> <span class='ocrx_word' id='word_1_421' title='bbox 1848 5624 1978 5676; x_wconf 90' lang='lat' dir='ltr'><strong>illud</strong></span> 
     </span>
    </p>
   </div>
   <div class='ocr_carea' id='block_1_60' title="bbox 479 5707 1982 5777">
    <p class='ocr_par' dir='ltr' id='par_1_60' title="bbox 479 5707 1982 5777">
     <span class='ocr_line' id='line_1_72' title="bbox 479 5707 1982 5777; baseline 0.003 -16"><span class='ocrx_word' id='word_1_422' title='bbox 479 5707 744 5777; x_wconf 84' lang='lat' dir='ltr'><strong>quadrum</strong></span> <span class='ocrx_word' id='word_1_423' title='bbox 779 5709 1015 5764; x_wconf 75' lang='lat' dir='ltr'><strong>exterius</strong></span> <span class='ocrx_word' id='word_1_424' title='bbox 1044 5709 1312 5763; x_wconf 90' lang='lat' dir='ltr'><strong>incoletur</strong></span> <span class='ocrx_word' id='word_1_425' title='bbox 1344 5719 1400 5764; x_wconf 89' lang='lat' dir='ltr'><strong>et</strong></span> <span class='ocrx_word' id='word_1_426' title='bbox 1440 5712 1716 5767; x_wconf 88' lang='lat' dir='ltr'><strong>dealhetur</strong></span> <span class='ocrx_word' id='word_1_427' title='bbox 1749 5713 1904 5776; x_wconf 88' lang='lat' dir='ltr'><strong>bene,</strong></span> <span class='ocrx_word' id='word_1_428' title='bbox 1931 5724 1982 5766; x_wconf 92' lang='lat' dir='ltr'><strong>ct</strong></span> 
     </span>
    </p>
   </div>
   <div class='ocr_carea' id='block_1_61' title="bbox 480 5795 1978 5873">
    <p class='ocr_par' dir='ltr' id='par_1_61' title="bbox 480 5795 1978 5873">
     <span class='ocr_line' id='line_1_73' title="bbox 480 5795 1978 5873; baseline 0.003 -23"><span class='ocrx_word' id='word_1_429' title='bbox 480 5798 531 5851; x_wconf 93' lang='lat' dir='ltr'><strong>in</strong></span> <span class='ocrx_word' id='word_1_430' title='bbox 566 5797 700 5853; x_wconf 85' lang='lat' dir='ltr'><strong>faeie</strong></span> <span class='ocrx_word' id='word_1_431' title='bbox 736 5795 956 5869; x_wconf 87' lang='lat' dir='ltr'><strong>majori,</strong></span> <span class='ocrx_word' id='word_1_432' title='bbox 989 5797 1236 5854; x_wconf 73' lang='lat' dir='ltr'><strong>videlicet</strong></span> <span class='ocrx_word' id='word_1_433' title='bbox 1269 5801 1704 5869; x_wconf 76' lang='lat' dir='ltr'><strong>septentrionali,</strong></span> <span class='ocrx_word' id='word_1_434' title='bbox 1746 5819 1860 5873; x_wconf 69' lang='lat' dir='ltr'><strong>qua:</strong></span> <span class='ocrx_word' id='word_1_435' title='bbox 1897 5813 1978 5858; x_wconf 61' lang='grc' dir='ltr'><strong>υδι</strong></span> 
     </span>
    </p>
   </div>
   <div class='ocr_carea' id='block_1_62' title="bbox 1219 348 2835 421">
    <p class='ocr_par' dir='ltr' id='par_1_62' title="bbox 1219 348 2835 421">
     <span class='ocr_line' id='line_1_74' title="bbox 1219 348 2835 421; baseline -0.004 -4"><span class='ocrx_word' id='word_1_436' title='bbox 1219 357 1317 417; x_wconf 86' lang='lat' dir='ltr'><strong>DE</strong></span> <span class='ocrx_word' id='word_1_437' title='bbox 1357 353 1539 421; x_wconf 78' lang='grc' dir='ltr'><strong>νιΤΑ</strong></span> <span class='ocrx_word' id='word_1_438' title='bbox 1579 354 1677 415; x_wconf 84' lang='grc' dir='ltr'><strong>ΕΤ</strong></span> <span class='ocrx_word' id='word_1_439' title='bbox 1716 352 1968 416; x_wconf 78' lang='lat' dir='ltr'><strong>BEBUS</strong></span> <span class='ocrx_word' id='word_1_440' title='bbox 2005 348 2274 412; x_wconf 78' lang='lat' dir='ltr'><strong>GESTIS</strong></span> <span class='ocrx_word' id='word_1_441' title='bbox 2314 348 2835 411; x_wconf 79' lang='lat' dir='ltr'><strong>BESSARIONIS-</strong></span> 
     </span>
    </p>
   </div>
   <div class='ocr_carea' id='block_1_63' title="bbox 3516 362 3694 403">
    <p class='ocr_par' dir='ltr' id='par_1_63' title="bbox 3516 362 3694 403">
     <span class='ocr_line' id='line_1_75' title="bbox 3516 362 3694 403; baseline -0.006 -1"><span class='ocrx_word' id='word_1_442' title='bbox 3516 362 3694 403; x_wconf 65' lang='grc' dir='ltr'><strong>ιςςι-</strong></span> 
     </span>
    </p>
   </div>
   <div class='ocr_carea' id='block_1_64' title="bbox 2088 461 3686 531">
    <p class='ocr_par' dir='ltr' id='par_1_64' title="bbox 2088 461 3686 531">
     <span class='ocr_line' id='line_1_76' title="bbox 2088 461 3686 531; baseline 0.001 -15"><span class='ocrx_word' id='word_1_443' title='bbox 2088 483 2108 516; x_wconf 71' lang='grc' dir='ltr'><strong>α</strong></span> <span class='ocrx_word' id='word_1_444' title='bbox 2153 469 2343 520; x_wconf 84' lang='lat' dir='ltr'><strong>contra</strong></span> <span class='ocrx_word' id='word_1_445' title='bbox 2381 463 2574 528; x_wconf 86' lang='lat' dir='ltr'><strong>altare,</strong></span> <span class='ocrx_word' id='word_1_446' title='bbox 2612 463 2932 531; x_wconf 71' lang='lat' dir='ltr'><strong>depingatur</strong></span> <span class='ocrx_word' id='word_1_447' title='bbox 2983 461 3246 516; x_wconf 84' lang='lat' dir='ltr'><strong>Dominus</strong></span> <span class='ocrx_word' id='word_1_448' title='bbox 3284 471 3465 519; x_wconf 82' lang='lat' dir='ltr'><strong>noster</strong></span> <span class='ocrx_word' id='word_1_449' title='bbox 3496 464 3686 520; x_wconf 81' lang='lat' dir='ltr'><strong>Jesus</strong></span> 
     </span>
    </p>
   </div>
   <div class='ocr_carea' id='block_1_65' title="bbox 2081 665 2103 1256">
    <p class='ocr_par' dir='ltr' id='par_1_65' title="bbox 2081 665 2103 1256">
     <span class='ocr_line' id='line_1_77' title="bbox 2083 665 2102 700; baseline 0 0"><span class='ocrx_word' id='word_1_450' title='bbox 2083 665 2102 700; x_wconf 92' lang='lat'><strong>1</strong></span> 
     </span>
     <span class='ocr_line' id='line_1_78' title="bbox 2082 755 2101 790; baseline 0 0"><span class='ocrx_word' id='word_1_451' title='bbox 2082 755 2101 790; x_wconf 92' lang='lat'><strong>1</strong></span> 
     </span>
     <span class='ocr_line' id='line_1_79' title="bbox 2082 855 2103 889; baseline 0 0"><span class='ocrx_word' id='word_1_452' title='bbox 2082 855 2103 889; x_wconf 91' lang='lat'><strong>1</strong></span> 
     </span>
     <span class='ocr_line' id='line_1_80' title="bbox 2081 944 2100 980; baseline 0 0"><span class='ocrx_word' id='word_1_453' title='bbox 2081 944 2100 980; x_wconf 91' lang='lat'><strong>1</strong></span> 
     </span>
     <span class='ocr_line' id='line_1_81' title="bbox 2081 1037 2101 1072; baseline 0 0"><span class='ocrx_word' id='word_1_454' title='bbox 2081 1037 2101 1072; x_wconf 92' lang='lat'><strong>1</strong></span> 
     </span>
     <span class='ocr_line' id='line_1_82' title="bbox 2081 1130 2101 1164; baseline 0 0"><span class='ocrx_word' id='word_1_455' title='bbox 2081 1130 2101 1164; x_wconf 86' lang='lat'><strong>1</strong></span> 
     </span>
     <span class='ocr_line' id='line_1_83' title="bbox 2083 1221 2102 1256; baseline 0 0"><span class='ocrx_word' id='word_1_456' title='bbox 2083 1221 2102 1256; x_wconf 89' lang='lat'><strong>1</strong></span> 
     </span>
    </p>
   </div>
   <div class='ocr_carea' id='block_1_66' title="bbox 2152 555 3655 626">
    <p class='ocr_par' dir='ltr' id='par_1_66' title="bbox 2152 555 3655 626">
     <span class='ocr_line' id='line_1_84' title="bbox 2152 555 3655 626; baseline 0.001 -15"><span class='ocrx_word' id='word_1_457' title='bbox 2152 555 2352 612; x_wconf 89' lang='lat' dir='ltr'><strong>sedens</strong></span> <span class='ocrx_word' id='word_1_458' title='bbox 2381 556 2436 610; x_wconf 82' lang='lat' dir='ltr'><strong>in</strong></span> <span class='ocrx_word' id='word_1_459' title='bbox 2461 558 2608 623; x_wconf 90' lang='lat' dir='ltr'><strong>sede,</strong></span> <span class='ocrx_word' id='word_1_460' title='bbox 2647 557 2740 611; x_wconf 83' lang='lat' dir='ltr'><strong>cui</strong></span> <span class='ocrx_word' id='word_1_461' title='bbox 2780 557 3050 612; x_wconf 88' lang='lat' dir='ltr'><strong>assistant</strong></span> <span class='ocrx_word' id='word_1_462' title='bbox 3089 556 3152 612; x_wconf 83' lang='grc' dir='ltr'>Β.</span> <span class='ocrx_word' id='word_1_463' title='bbox 3179 557 3373 626; x_wconf 80' lang='lat' dir='ltr'><strong>Virgo,</strong></span> <span class='ocrx_word' id='word_1_464' title='bbox 3397 558 3455 613; x_wconf 99' lang='grc'><strong>8.</strong></span> <span class='ocrx_word' id='word_1_465' title='bbox 3478 558 3655 626; x_wconf 69' lang='lat' dir='ltr'><strong>Ange-</strong></span> 
     </span>
    </p>
   </div>
   <div class='ocr_carea' id='block_1_67' title="bbox 2149 644 3653 718">
    <p class='ocr_par' dir='ltr' id='par_1_67' title="bbox 2149 644 3653 718">
     <span class='ocr_line' id='line_1_85' title="bbox 2149 644 3653 718; baseline 0.001 -18"><span class='ocrx_word' id='word_1_466' title='bbox 2149 645 2254 713; x_wconf 89' lang='lat' dir='ltr'><strong>lus,</strong></span> <span class='ocrx_word' id='word_1_467' title='bbox 2279 644 2600 702; x_wconf 71' lang='lat' dir='ltr'><strong>SJoannes</strong></span> <span class='ocrx_word' id='word_1_468' title='bbox 2633 646 2875 718; x_wconf 84' lang='lat' dir='ltr'><strong>Baptista</strong></span> <span class='ocrx_word' id='word_1_469' title='bbox 2911 655 2965 702; x_wconf 91' lang='lat' dir='ltr'><strong>et</strong></span> <span class='ocrx_word' id='word_1_470' title='bbox 3006 646 3062 702; x_wconf 92' lang='grc'><strong>8.</strong></span> <span class='ocrx_word' id='word_1_471' title='bbox 3105 647 3367 718; x_wconf 78' lang='lat' dir='ltr'><strong>Eugenia,</strong></span> <span class='ocrx_word' id='word_1_472' title='bbox 3393 657 3447 704; x_wconf 90' lang='lat' dir='ltr'><strong>et</strong></span> <span class='ocrx_word' id='word_1_473' title='bbox 3477 648 3653 717; x_wconf 79' lang='lat' dir='ltr'><strong>imago</strong></span> 
     </span>
    </p>
   </div>
   <div class='ocr_carea' id='block_1_68' title="bbox 2150 737 3655 810">
    <p class='ocr_par' dir='ltr' id='par_1_68' title="bbox 2150 737 3655 810">
     <span class='ocr_line' id='line_1_86' title="bbox 2150 737 3655 810; baseline 0 -16"><span class='ocrx_word' id='word_1_474' title='bbox 2150 754 2272 794; x_wconf 88' lang='lat' dir='ltr'><strong>mea</strong></span> <span class='ocrx_word' id='word_1_475' title='bbox 2322 737 2603 809; x_wconf 73' lang='lat' dir='ltr'><strong>genuﬂexa</strong></span> <span class='ocrx_word' id='word_1_476' title='bbox 2655 750 2782 795; x_wconf 91' lang='lat' dir='ltr'><strong>ante</strong></span> <span class='ocrx_word' id='word_1_477' title='bbox 2835 739 2999 810; x_wconf 87' lang='lat' dir='ltr'><strong>pedes</strong></span> <span class='ocrx_word' id='word_1_478' title='bbox 3027 738 3254 805; x_wconf 84' lang='lat' dir='ltr'><strong>Christi,</strong></span> <span class='ocrx_word' id='word_1_479' title='bbox 3303 750 3356 795; x_wconf 90' lang='lat' dir='ltr'><strong>et</strong></span> <span class='ocrx_word' id='word_1_480' title='bbox 3403 742 3504 796; x_wconf 90' lang='lat' dir='ltr'><strong>sub</strong></span> <span class='ocrx_word' id='word_1_481' title='bbox 3569 756 3655 795; x_wconf 85' lang='lat' dir='ltr'><strong>me</strong></span> 
     </span>
    </p>
   </div>
   <div class='ocr_carea' id='block_1_69' title="bbox 2147 835 3654 914">
    <p class='ocr_par' dir='ltr' id='par_1_69' title="bbox 2147 835 3654 914">
     <span class='ocr_line' id='line_1_87' title="bbox 2147 835 3654 914; baseline 0 -24"><span class='ocrx_word' id='word_1_482' title='bbox 2147 851 2298 890; x_wconf 90' lang='lat' dir='ltr'><strong>arma</strong></span> <span class='ocrx_word' id='word_1_483' title='bbox 2327 850 2480 902; x_wconf 89' lang='lat' dir='ltr'><strong>mea;</strong></span> <span class='ocrx_word' id='word_1_484' title='bbox 2510 836 2659 902; x_wconf 90' lang='lat' dir='ltr'><strong>item,</strong></span> <span class='ocrx_word' id='word_1_485' title='bbox 2692 835 2813 892; x_wconf 89' lang='lat' dir='ltr'><strong>istis</strong></span> <span class='ocrx_word' id='word_1_486' title='bbox 2851 835 3014 892; x_wconf 85' lang='lat' dir='ltr'><strong>factis</strong></span> <span class='ocrx_word' id='word_1_487' title='bbox 3040 836 3161 891; x_wconf 87' lang='lat' dir='ltr'><strong>volo</strong></span> <span class='ocrx_word' id='word_1_488' title='bbox 3196 844 3255 890; x_wconf 93' lang='lat' dir='ltr'><strong>ut</strong></span> <span class='ocrx_word' id='word_1_489' title='bbox 3283 837 3574 914; x_wconf 84' lang='lat' dir='ltr'><strong>adaptetur</strong></span> <span class='ocrx_word' id='word_1_490' title='bbox 3601 844 3654 891; x_wconf 88' lang='lat' dir='ltr'><strong>et</strong></span> 
     </span>
    </p>
   </div>
   <div class='ocr_carea' id='block_1_70' title="bbox 2147 925 3656 997">
    <p class='ocr_par' dir='ltr' id='par_1_70' title="bbox 2147 925 3656 997">
     <span class='ocr_line' id='line_1_88' title="bbox 2147 925 3656 997; baseline 0.001 -16"><span class='ocrx_word' id='word_1_491' title='bbox 2147 927 2467 996; x_wconf 87' lang='lat' dir='ltr'><strong>suppleatur</strong></span> <span class='ocrx_word' id='word_1_492' title='bbox 2495 927 2540 982; x_wconf 91' lang='lat' dir='ltr'><strong>si</strong></span> <span class='ocrx_word' id='word_1_493' title='bbox 2576 925 2708 997; x_wconf 80' lang='lat' dir='ltr'><strong>quid</strong></span> <span class='ocrx_word' id='word_1_494' title='bbox 2727 927 2910 984; x_wconf 84' lang='lat' dir='ltr'><strong>deficit</strong></span> <span class='ocrx_word' id='word_1_495' title='bbox 2941 926 2992 982; x_wconf 92' lang='lat' dir='ltr'><strong>in</strong></span> <span class='ocrx_word' id='word_1_496' title='bbox 3023 928 3334 995; x_wconf 79' lang='lat' dir='ltr'><strong>pavimento</strong></span> <span class='ocrx_word' id='word_1_497' title='bbox 3361 928 3503 984; x_wconf 89' lang='lat' dir='ltr'><strong>inter</strong></span> <span class='ocrx_word' id='word_1_498' title='bbox 3523 945 3656 984; x_wconf 84' lang='lat' dir='ltr'><strong>can-</strong></span> 
     </span>
    </p>
   </div>
   <div class='ocr_carea' id='block_1_71' title="bbox 2146 1019 3653 1090">
    <p class='ocr_par' dir='ltr' id='par_1_71' title="bbox 2146 1019 3653 1090">
     <span class='ocr_line' id='line_1_89' title="bbox 2146 1019 3653 1090; baseline -0.001 -16"><span class='ocrx_word' id='word_1_499' title='bbox 2146 1020 2346 1086; x_wconf 84' lang='lat' dir='ltr'><strong>cellos;</strong></span> <span class='ocrx_word' id='word_1_500' title='bbox 2402 1019 2533 1075; x_wconf 87' lang='lat' dir='ltr'><strong>item</strong></span> <span class='ocrx_word' id='word_1_501' title='bbox 2563 1027 2835 1088; x_wconf 86' lang='lat' dir='ltr'><strong>ponautur</strong></span> <span class='ocrx_word' id='word_1_502' title='bbox 2871 1019 2924 1074; x_wconf 85' lang='lat' dir='ltr'><strong>In</strong></span> <span class='ocrx_word' id='word_1_503' title='bbox 2959 1020 3198 1076; x_wconf 85' lang='lat' dir='ltr'><strong>cancello</strong></span> <span class='ocrx_word' id='word_1_504' title='bbox 3219 1021 3522 1090; x_wconf 87' lang='lat' dir='ltr'><strong>columpnae</strong></span> <span class='ocrx_word' id='word_1_505' title='bbox 3571 1019 3653 1073; x_wconf 83' lang='lat' dir='ltr'><strong>al-</strong></span> 
     </span>
    </p>
   </div>
   <div class='ocr_carea' id='block_1_72' title="bbox 2148 1111 3655 1182">
    <p class='ocr_par' dir='ltr' id='par_1_72' title="bbox 2148 1111 3655 1182">
     <span class='ocr_line' id='line_1_90' title="bbox 2148 1111 3655 1182; baseline 0.001 -16"><span class='ocrx_word' id='word_1_506' title='bbox 2148 1111 2342 1176; x_wconf 88' lang='lat' dir='ltr'><strong>tiores,</strong></span> <span class='ocrx_word' id='word_1_507' title='bbox 2365 1111 2703 1181; x_wconf 89' lang='lat' dir='ltr'><strong>pulchriores</strong></span> <span class='ocrx_word' id='word_1_508' title='bbox 2729 1120 2784 1167; x_wconf 89' lang='lat' dir='ltr'><strong>et</strong></span> <span class='ocrx_word' id='word_1_509' title='bbox 2810 1113 3069 1182; x_wconf 62' lang='lat' dir='ltr'><strong>aquales,</strong></span> <span class='ocrx_word' id='word_1_510' title='bbox 3091 1121 3146 1168; x_wconf 87' lang='lat' dir='ltr'><strong>et</strong></span> <span class='ocrx_word' id='word_1_511' title='bbox 3175 1115 3322 1168; x_wconf 84' lang='lat' dir='ltr'><strong>trabs</strong></span> <span class='ocrx_word' id='word_1_512' title='bbox 3351 1128 3655 1168; x_wconf 86' lang='lat' dir='ltr'><strong>marmorea</strong></span> 
     </span>
    </p>
   </div>
   <div class='ocr_carea' id='block_1_73' title="bbox 2149 1203 3654 1274">
    <p class='ocr_par' dir='ltr' id='par_1_73' title="bbox 2149 1203 3654 1274">
     <span class='ocr_line' id='line_1_91' title="bbox 2149 1203 3654 1274; baseline -0.002 -15"><span class='ocrx_word' id='word_1_513' title='bbox 2149 1203 2377 1272; x_wconf 85' lang='lat' dir='ltr'><strong>pulchra</strong></span> <span class='ocrx_word' id='word_1_514' title='bbox 2425 1218 2591 1274; x_wconf 85' lang='lat' dir='ltr'><strong>super</strong></span> <span class='ocrx_word' id='word_1_515' title='bbox 2626 1203 2966 1272; x_wconf 89' lang='lat' dir='ltr'><strong>columpnis,</strong></span> <span class='ocrx_word' id='word_1_516' title='bbox 3013 1204 3140 1260; x_wconf 91' lang='lat' dir='ltr'><strong>item</strong></span> <span class='ocrx_word' id='word_1_517' title='bbox 3176 1213 3466 1274; x_wconf 87' lang='lat' dir='ltr'><strong>parapeeta</strong></span> <span class='ocrx_word' id='word_1_518' title='bbox 3507 1221 3654 1257; x_wconf 84' lang='lat' dir='ltr'><strong>inar-</strong></span> 
     </span>
    </p>
   </div>
   <div class='ocr_carea' id='block_1_74' title="bbox 2086 1294 3649 1365">
    <p class='ocr_par' dir='ltr' id='par_1_74' title="bbox 2086 1294 3649 1365">
     <span class='ocr_line' id='line_1_92' title="bbox 2086 1294 3649 1365; baseline 0.001 -19"><span class='ocrx_word' id='word_1_519' title='bbox 2086 1312 2105 1346; x_wconf 74' lang='grc' dir='ltr'><strong><em>ι</em></strong></span> <span class='ocrx_word' id='word_1_520' title='bbox 2153 1309 2337 1350; x_wconf 88' lang='lat' dir='ltr'><strong>morea</strong></span> <span class='ocrx_word' id='word_1_521' title='bbox 2384 1298 2650 1350; x_wconf 81' lang='lat' dir='ltr'><strong>ornentur</strong></span> <span class='ocrx_word' id='word_1_522' title='bbox 2683 1294 2845 1365; x_wconf 74' lang='lat'><strong>138</strong></span> <span class='ocrx_word' id='word_1_523' title='bbox 2884 1295 3076 1350; x_wconf 88' lang='lat' dir='ltr'><strong>melius</strong></span> <span class='ocrx_word' id='word_1_524' title='bbox 3097 1311 3122 1362; x_wconf 85' lang='lat'><strong>;.</strong></span> <span class='ocrx_word' id='word_1_525' title='bbox 3174 1295 3366 1350; x_wconf 85' lang='lat' dir='ltr'><strong>deinde</strong></span> <span class='ocrx_word' id='word_1_526' title='bbox 3415 1295 3649 1363; x_wconf 88' lang='lat' dir='ltr'><strong>spatium</strong></span> 
     </span>
    </p>
   </div>
   <div class='ocr_carea' id='block_1_75' title="bbox 2150 1387 3656 1458">
    <p class='ocr_par' dir='ltr' id='par_1_75' title="bbox 2150 1387 3656 1458">
     <span class='ocr_line' id='line_1_93' title="bbox 2150 1387 3656 1458; baseline 0 -18"><span class='ocrx_word' id='word_1_527' title='bbox 2150 1402 2376 1442; x_wconf 79' lang='lat' dir='ltr'><strong>vacuum</strong></span> <span class='ocrx_word' id='word_1_528' title='bbox 2431 1387 2576 1442; x_wconf 90' lang='lat' dir='ltr'><strong>inter</strong></span> <span class='ocrx_word' id='word_1_529' title='bbox 2624 1395 2913 1458; x_wconf 86' lang='lat' dir='ltr'><strong>parapecta</strong></span> <span class='ocrx_word' id='word_1_530' title='bbox 2971 1395 3026 1442; x_wconf 88' lang='lat' dir='ltr'><strong>et</strong></span> <span class='ocrx_word' id='word_1_531' title='bbox 3065 1388 3276 1442; x_wconf 89' lang='lat' dir='ltr'><strong>trabem</strong></span> <span class='ocrx_word' id='word_1_532' title='bbox 3316 1388 3656 1453; x_wconf 88' lang='lat' dir='ltr'><strong>superiorem</strong></span> 
     </span>
    </p>
   </div>
   <div class='ocr_carea' id='block_1_76' title="bbox 2150 1479 3658 1548">
    <p class='ocr_par' dir='ltr' id='par_1_76' title="bbox 2150 1479 3658 1548">
     <span class='ocr_line' id='line_1_94' title="bbox 2150 1479 3658 1548; baseline -0.002 -15"><span class='ocrx_word' id='word_1_533' title='bbox 2150 1479 2439 1535; x_wconf 87' lang='lat' dir='ltr'><strong>claudatur</strong></span> <span class='ocrx_word' id='word_1_534' title='bbox 2465 1480 2704 1536; x_wconf 87' lang='lat' dir='ltr'><strong>cratibus</strong></span> <span class='ocrx_word' id='word_1_535' title='bbox 2739 1479 2930 1536; x_wconf 90' lang='lat' dir='ltr'><strong>ferreis</strong></span> <span class='ocrx_word' id='word_1_536' title='bbox 2962 1495 3080 1548; x_wconf 74' lang='lat' dir='ltr'><strong>quae</strong></span> <span class='ocrx_word' id='word_1_537' title='bbox 3122 1481 3174 1535; x_wconf 93' lang='lat' dir='ltr'><strong>in</strong></span> <span class='ocrx_word' id='word_1_538' title='bbox 3217 1481 3529 1535; x_wconf 86' lang='lat' dir='ltr'><strong>summitate</strong></span> <span class='ocrx_word' id='word_1_539' title='bbox 3557 1481 3658 1534; x_wconf 70' lang='lat' dir='ltr'><strong>ha.</strong></span> 
     </span>
    </p>
   </div>
   <div class='ocr_carea' id='block_1_77' title="bbox 2155 1571 3645 1639">
    <p class='ocr_par' dir='ltr' id='par_1_77' title="bbox 2155 1571 3645 1639">
     <span class='ocr_line' id='line_1_95' title="bbox 2155 1571 3645 1639; baseline 0 -14"><span class='ocrx_word' id='word_1_540' title='bbox 2155 1571 2317 1625; x_wconf 86' lang='lat' dir='ltr'><strong>beant</strong></span> <span class='ocrx_word' id='word_1_541' title='bbox 2347 1572 2496 1637; x_wconf 89' lang='lat' dir='ltr'><strong>folia,</strong></span> <span class='ocrx_word' id='word_1_542' title='bbox 2531 1572 2673 1627; x_wconf 88' lang='lat' dir='ltr'><strong>sicut</strong></span> <span class='ocrx_word' id='word_1_543' title='bbox 2719 1571 2892 1627; x_wconf 86' lang='lat' dir='ltr'><strong>solent</strong></span> <span class='ocrx_word' id='word_1_544' title='bbox 2934 1572 3072 1639; x_wconf 84' lang='lat' dir='ltr'><strong>fieri,</strong></span> <span class='ocrx_word' id='word_1_545' title='bbox 3103 1581 3158 1626; x_wconf 87' lang='lat' dir='ltr'><strong>et</strong></span> <span class='ocrx_word' id='word_1_546' title='bbox 3201 1573 3361 1628; x_wconf 89' lang='lat' dir='ltr'><strong>sicuti</strong></span> <span class='ocrx_word' id='word_1_547' title='bbox 3397 1573 3450 1626; x_wconf 92' lang='lat' dir='ltr'><strong>in</strong></span> <span class='ocrx_word' id='word_1_548' title='bbox 3489 1573 3645 1627; x_wconf 88' lang='lat' dir='ltr'><strong>altari</strong></span> 
     </span>
    </p>
   </div>
   <div class='ocr_carea' id='block_1_78' title="bbox 2153 1660 3644 1733">
    <p class='ocr_par' dir='ltr' id='par_1_78' title="bbox 2153 1660 3644 1733">
     <span class='ocr_line' id='line_1_96' title="bbox 2153 1660 3644 1733; baseline 0.001 -19"><span class='ocrx_word' id='word_1_549' title='bbox 2153 1660 2208 1714; x_wconf 91' lang='lat' dir='ltr'><strong>S.</strong></span> <span class='ocrx_word' id='word_1_550' title='bbox 2249 1661 2414 1728; x_wconf 83' lang='lat' dir='ltr'><strong>Petri,</strong></span> <span class='ocrx_word' id='word_1_551' title='bbox 2439 1677 2558 1731; x_wconf 86' lang='lat' dir='ltr'><strong>quae</strong></span> <span class='ocrx_word' id='word_1_552' title='bbox 2605 1662 2874 1733; x_wconf 86' lang='lat' dir='ltr'><strong>attingant</strong></span> <span class='ocrx_word' id='word_1_553' title='bbox 2904 1663 3111 1718; x_wconf 87' lang='lat' dir='ltr'><strong>trabem</strong></span> <span class='ocrx_word' id='word_1_554' title='bbox 3152 1664 3520 1732; x_wconf 90' lang='lat' dir='ltr'><strong>superiorem,</strong></span> <span class='ocrx_word' id='word_1_555' title='bbox 3572 1663 3644 1716; x_wconf 78' lang='lat' dir='ltr'><strong>ita</strong></span> 
     </span>
    </p>
   </div>
   <div class='ocr_carea' id='block_1_79' title="bbox 2088 1752 3650 1822">
    <p class='ocr_par' dir='ltr' id='par_1_79' title="bbox 2088 1752 3650 1822">
     <span class='ocr_line' id='line_1_97' title="bbox 2088 1752 3650 1822; baseline 0 -16"><span class='ocrx_word' id='word_1_556' title='bbox 2088 1772 2106 1806; x_wconf 72' lang='grc' dir='ltr'><strong><em>ι</em></strong></span> <span class='ocrx_word' id='word_1_557' title='bbox 2157 1762 2215 1808; x_wconf 92' lang='lat' dir='ltr'><strong>ut</strong></span> <span class='ocrx_word' id='word_1_558' title='bbox 2241 1755 2422 1809; x_wconf 91' lang='lat' dir='ltr'><strong>nullus</strong></span> <span class='ocrx_word' id='word_1_559' title='bbox 2447 1754 2618 1822; x_wconf 91' lang='lat' dir='ltr'><strong>possit</strong></span> <span class='ocrx_word' id='word_1_560' title='bbox 2669 1754 2777 1809; x_wconf 90' lang='lat' dir='ltr'><strong>illic</strong></span> <span class='ocrx_word' id='word_1_561' title='bbox 2841 1753 3065 1808; x_wconf 84' lang='lat' dir='ltr'><strong>intrare.</strong></span> <span class='ocrx_word' id='word_1_562' title='bbox 3121 1752 3240 1806; x_wconf 86' lang='lat' dir='ltr'><strong>Fiat</strong></span> <span class='ocrx_word' id='word_1_563' title='bbox 3292 1753 3454 1807; x_wconf 84' lang='lat' dir='ltr'><strong>etiam</strong></span> <span class='ocrx_word' id='word_1_564' title='bbox 3498 1765 3650 1820; x_wconf 87' lang='lat' dir='ltr'><strong>porta</strong></span> 
     </span>
    </p>
   </div>
   <div class='ocr_carea' id='block_1_80' title="bbox 2081 1961 2104 5031">
    <p class='ocr_par' dir='ltr' id='par_1_80' title="bbox 2081 1961 2104 5031">
     <span class='ocr_line' id='line_1_98' title="bbox 2085 1961 2103 1992; baseline 0 0"><span class='ocrx_word' id='word_1_565' title='bbox 2085 1961 2103 1992; x_wconf 95' lang='lat'><strong>1</strong></span> 
     </span>
     <span class='ocr_line' id='line_1_99' title="bbox 2081 2050 2100 2084; baseline 0 0"><span class='ocrx_word' id='word_1_566' title='bbox 2081 2050 2100 2084; x_wconf 88' lang='lat'><strong>1</strong></span> 
     </span>
     <span class='ocr_line' id='line_1_100' title="bbox 2086 2146 2104 2179; baseline 0 0"><span class='ocrx_word' id='word_1_567' title='bbox 2086 2146 2104 2179; x_wconf 93' lang='lat'><strong>1</strong></span> 
     </span>
     <span class='ocr_line' id='line_1_101' title="bbox 2083 2239 2102 2272; baseline 0 0"><span class='ocrx_word' id='word_1_568' title='bbox 2083 2239 2102 2272; x_wconf 87' lang='lat'><strong>1</strong></span> 
     </span>
     <span class='ocr_line' id='line_1_102' title="bbox 2084 2329 2102 2361; baseline 0 0"><span class='ocrx_word' id='word_1_569' title='bbox 2084 2329 2102 2361; x_wconf 96' lang='lat'><strong>1</strong></span> 
     </span>
     <span class='ocr_line' id='line_1_103' title="bbox 2083 2422 2101 2454; baseline 0 0"><span class='ocrx_word' id='word_1_570' title='bbox 2083 2422 2101 2454; x_wconf 93' lang='lat'><strong>1</strong></span> 
     </span>
     <span class='ocr_line' id='line_1_104' title="bbox 2083 2513 2100 2545; baseline 0 0"><span class='ocrx_word' id='word_1_571' title='bbox 2083 2513 2100 2545; x_wconf 94' lang='lat'><strong>1</strong></span> 
     </span>
     <span class='ocr_line' id='line_1_105' title="bbox 2083 2603 2100 2636; baseline 0 0"><span class='ocrx_word' id='word_1_572' title='bbox 2083 2603 2100 2636; x_wconf 90' lang='lat'><strong>1</strong></span> 
     </span>
     <span class='ocr_line' id='line_1_106' title="bbox 2083 2697 2100 2728; baseline 0 0"><span class='ocrx_word' id='word_1_573' title='bbox 2083 2697 2100 2728; x_wconf 92' lang='lat'><strong>1</strong></span> 
     </span>
     <span class='ocr_line' id='line_1_107' title="bbox 2083 2788 2100 2819; baseline 0 0"><span class='ocrx_word' id='word_1_574' title='bbox 2083 2788 2100 2819; x_wconf 92' lang='lat'><strong>1</strong></span> 
     </span>
     <span class='ocr_line' id='line_1_108' title="bbox 2083 2877 2100 2908; baseline 0 0"><span class='ocrx_word' id='word_1_575' title='bbox 2083 2877 2100 2908; x_wconf 91' lang='lat'><strong>1</strong></span> 
     </span>
     <span class='ocr_line' id='line_1_109' title="bbox 2083 2963 2102 3003; baseline 0 0"><span class='ocrx_word' id='word_1_576' title='bbox 2083 2963 2102 3003; x_wconf 64' lang='grc' dir='ltr'><strong>ί</strong></span> 
     </span>
     <span class='ocr_line' id='line_1_110' title="bbox 2083 3063 2100 3093; baseline 0 0"><span class='ocrx_word' id='word_1_577' title='bbox 2083 3063 2100 3093; x_wconf 92' lang='grc'><strong>1</strong></span> 
     </span>
     <span class='ocr_line' id='line_1_111' title="bbox 2086 3153 2104 3186; baseline 0 0"><span class='ocrx_word' id='word_1_578' title='bbox 2086 3153 2104 3186; x_wconf 94' lang='grc'><strong>1</strong></span> 
     </span>
     <span class='ocr_line' id='line_1_112' title="bbox 2084 3246 2104 3279; baseline 0 0"><span class='ocrx_word' id='word_1_579' title='bbox 2084 3246 2104 3279; x_wconf 92' lang='grc'><strong>1</strong></span> 
     </span>
     <span class='ocr_line' id='line_1_113' title="bbox 2083 3337 2101 3370; baseline 0 0"><span class='ocrx_word' id='word_1_580' title='bbox 2083 3337 2101 3370; x_wconf 94' lang='grc'><strong>1</strong></span> 
     </span>
     <span class='ocr_line' id='line_1_114' title="bbox 2084 3431 2100 3462; baseline 0 0"><span class='ocrx_word' id='word_1_581' title='bbox 2084 3431 2100 3462; x_wconf 89' lang='grc'><strong>1</strong></span> 
     </span>
     <span class='ocr_line' id='line_1_115' title="bbox 2083 3520 2103 3552; baseline 0 0"><span class='ocrx_word' id='word_1_582' title='bbox 2083 3520 2103 3552; x_wconf 88' lang='grc'><strong>1</strong></span> 
     </span>
     <span class='ocr_line' id='line_1_116' title="bbox 2085 3613 2102 3646; baseline 0 0"><span class='ocrx_word' id='word_1_583' title='bbox 2085 3613 2102 3646; x_wconf 88' lang='grc'><strong>1</strong></span> 
     </span>
     <span class='ocr_line' id='line_1_117' title="bbox 2086 3707 2103 3738; baseline 0 0"><span class='ocrx_word' id='word_1_584' title='bbox 2086 3707 2103 3738; x_wconf 83' lang='lat'><strong>1</strong></span> 
     </span>
     <span class='ocr_line' id='line_1_118' title="bbox 2086 3798 2102 3830; baseline 0 0"><span class='ocrx_word' id='word_1_585' title='bbox 2086 3798 2102 3830; x_wconf 93' lang='lat'><strong>1</strong></span> 
     </span>
     <span class='ocr_line' id='line_1_119' title="bbox 2084 3891 2100 3923; baseline 0 0"><span class='ocrx_word' id='word_1_586' title='bbox 2084 3891 2100 3923; x_wconf 87' lang='lat'><strong>1</strong></span> 
     </span>
     <span class='ocr_line' id='line_1_120' title="bbox 2084 3984 2102 4016; baseline 0 0"><span class='ocrx_word' id='word_1_587' title='bbox 2084 3984 2102 4016; x_wconf 92' lang='lat'><strong>1</strong></span> 
     </span>
     <span class='ocr_line' id='line_1_121' title="bbox 2087 4077 2104 4108; baseline 0 0"><span class='ocrx_word' id='word_1_588' title='bbox 2087 4077 2104 4108; x_wconf 94' lang='lat'><strong>1</strong></span> 
     </span>
     <span class='ocr_line' id='line_1_122' title="bbox 2085 4167 2103 4199; baseline 0 0"><span class='ocrx_word' id='word_1_589' title='bbox 2085 4167 2103 4199; x_wconf 91' lang='lat'><strong>1</strong></span> 
     </span>
     <span class='ocr_line' id='line_1_123' title="bbox 2081 4257 2100 4292; baseline 0 0"><span class='ocrx_word' id='word_1_590' title='bbox 2081 4257 2100 4292; x_wconf 85' lang='lat'><strong>1</strong></span> 
     </span>
     <span class='ocr_line' id='line_1_124' title="bbox 2085 4353 2104 4385; baseline 0 0"><span class='ocrx_word' id='word_1_591' title='bbox 2085 4353 2104 4385; x_wconf 95' lang='lat'><strong>1</strong></span> 
     </span>
     <span class='ocr_line' id='line_1_125' title="bbox 2081 4447 2100 4479; baseline 0 0"><span class='ocrx_word' id='word_1_592' title='bbox 2081 4447 2100 4479; x_wconf 93' lang='lat'><strong>1</strong></span> 
     </span>
     <span class='ocr_line' id='line_1_126' title="bbox 2083 4539 2100 4570; baseline 0 0"><span class='ocrx_word' id='word_1_593' title='bbox 2083 4539 2100 4570; x_wconf 94' lang='lat'><strong>1</strong></span> 
     </span>
     <span class='ocr_line' id='line_1_127' title="bbox 2084 4629 2102 4662; baseline 0 0"><span class='ocrx_word' id='word_1_594' title='bbox 2084 4629 2102 4662; x_wconf 90' lang='lat'><strong>1</strong></span> 
     </span>
     <span class='ocr_line' id='line_1_128' title="bbox 2085 4723 2102 4755; baseline 0 0"><span class='ocrx_word' id='word_1_595' title='bbox 2085 4723 2102 4755; x_wconf 97' lang='lat'><strong>1</strong></span> 
     </span>
     <span class='ocr_line' id='line_1_129' title="bbox 2085 4817 2102 4849; baseline 0 0"><span class='ocrx_word' id='word_1_596' title='bbox 2085 4817 2102 4849; x_wconf 92' lang='lat'><strong>1</strong></span> 
     </span>
     <span class='ocr_line' id='line_1_130' title="bbox 2085 4905 2102 4938; baseline 0 0"><span class='ocrx_word' id='word_1_597' title='bbox 2085 4905 2102 4938; x_wconf 94' lang='lat'><strong>1</strong></span> 
     </span>
     <span class='ocr_line' id='line_1_131' title="bbox 2085 4999 2103 5031; baseline 0 0"><span class='ocrx_word' id='word_1_598' title='bbox 2085 4999 2103 5031; x_wconf 93' lang='lat'><strong>1</strong></span> 
     </span>
    </p>
   </div>
   <div class='ocr_carea' id='block_1_81' title="bbox 2085 5184 2106 5855">
    <p class='ocr_par' dir='ltr' id='par_1_81' title="bbox 2085 5184 2106 5855">
     <span class='ocr_line' id='line_1_132' title="bbox 2085 5184 2103 5218; baseline 0 0"><span class='ocrx_word' id='word_1_599' title='bbox 2085 5184 2103 5218; x_wconf 87' lang='lat'><strong>1</strong></span> 
     </span>
     <span class='ocr_line' id='line_1_133' title="bbox 2087 5275 2104 5307; baseline 0 0"><span class='ocrx_word' id='word_1_600' title='bbox 2087 5275 2104 5307; x_wconf 91' lang='lat'><strong>1</strong></span> 
     </span>
     <span class='ocr_line' id='line_1_134' title="bbox 2088 5365 2105 5395; baseline 0 0"><span class='ocrx_word' id='word_1_601' title='bbox 2088 5365 2105 5395; x_wconf 75' lang='lat'><strong>1</strong></span> 
     </span>
     <span class='ocr_line' id='line_1_135' title="bbox 2088 5455 2105 5486; baseline 0 0"><span class='ocrx_word' id='word_1_602' title='bbox 2088 5455 2105 5486; x_wconf 93' lang='lat'><strong>1</strong></span> 
     </span>
     <span class='ocr_line' id='line_1_136' title="bbox 2087 5541 2104 5573; baseline 0 0"><span class='ocrx_word' id='word_1_603' title='bbox 2087 5541 2104 5573; x_wconf 90' lang='lat'><strong>1</strong></span> 
     </span>
     <span class='ocr_line' id='line_1_137' title="bbox 2087 5634 2106 5666; baseline 0 0"><span class='ocrx_word' id='word_1_604' title='bbox 2087 5634 2106 5666; x_wconf 91' lang='lat'><strong>1</strong></span> 
     </span>
     <span class='ocr_line' id='line_1_138' title="bbox 2087 5727 2104 5760; baseline 0 0"><span class='ocrx_word' id='word_1_605' title='bbox 2087 5727 2104 5760; x_wconf 87' lang='lat'><strong>1</strong></span> 
     </span>
     <span class='ocr_line' id='line_1_139' title="bbox 2085 5821 2102 5855; baseline 0 0"><span class='ocrx_word' id='word_1_606' title='bbox 2085 5821 2102 5855; x_wconf 88' lang='lat'><strong>1</strong></span> 
     </span>
    </p>
   </div>
   <div class='ocr_carea' id='block_1_82' title="bbox 2147 1843 3646 1917">
    <p class='ocr_par' dir='ltr' id='par_1_82' title="bbox 2147 1843 3646 1917">
     <span class='ocr_line' id='line_1_140' title="bbox 2147 1843 3646 1917; baseline -0.003 -17"><span class='ocrx_word' id='word_1_607' title='bbox 2147 1846 2317 1902; x_wconf 89' lang='lat' dir='ltr'><strong>ferrea</strong></span> <span class='ocrx_word' id='word_1_608' title='bbox 2358 1848 2586 1917; x_wconf 89' lang='lat' dir='ltr'><strong>pulchra</strong></span> <span class='ocrx_word' id='word_1_609' title='bbox 2617 1862 2742 1901; x_wconf 89' lang='lat' dir='ltr'><strong>cum</strong></span> <span class='ocrx_word' id='word_1_610' title='bbox 2787 1848 2927 1901; x_wconf 85' lang='lat' dir='ltr'><strong>bona</strong></span> <span class='ocrx_word' id='word_1_611' title='bbox 2963 1856 3233 1902; x_wconf 86' lang='lat' dir='ltr'><strong>seratura.</strong></span> <span class='ocrx_word' id='word_1_612' title='bbox 3277 1843 3449 1913; x_wconf 88' lang='lat' dir='ltr'><strong>Supra</strong></span> <span class='ocrx_word' id='word_1_613' title='bbox 3470 1855 3646 1898; x_wconf 82' lang='lat' dir='ltr'><strong>autem</strong></span> 
     </span>
    </p>
   </div>
   <div class='ocr_carea' id='block_1_83' title="bbox 2156 1938 3648 2010">
    <p class='ocr_par' dir='ltr' id='par_1_83' title="bbox 2156 1938 3648 2010">
     <span class='ocr_line' id='line_1_141' title="bbox 2156 1938 3648 2010; baseline -0.002 -15"><span class='ocrx_word' id='word_1_614' title='bbox 2156 1941 2361 1996; x_wconf 80' lang='lat' dir='ltr'><strong>trahent</strong></span> <span class='ocrx_word' id='word_1_615' title='bbox 2413 1955 2769 1994; x_wconf 86' lang='lat' dir='ltr'><strong>marmoream</strong></span> <span class='ocrx_word' id='word_1_616' title='bbox 2811 1939 3044 2010; x_wconf 79' lang='lat' dir='ltr'><strong>ligantur</strong></span> <span class='ocrx_word' id='word_1_617' title='bbox 3083 1938 3406 1993; x_wconf 79' lang='lat' dir='ltr'><strong>candelabra</strong></span> <span class='ocrx_word' id='word_1_618' title='bbox 3443 1953 3535 1992; x_wconf 80' lang='lat' dir='ltr'><strong>sex</strong></span> <span class='ocrx_word' id='word_1_619' title='bbox 3582 1942 3648 1993; x_wconf 86' lang='lat' dir='ltr'><strong>de</strong></span> 
     </span>
    </p>
   </div>
   <div class='ocr_carea' id='block_1_84' title="bbox 2151 2031 3648 2102">
    <p class='ocr_par' dir='ltr' id='par_1_84' title="bbox 2151 2031 3648 2102">
     <span class='ocr_line' id='line_1_142' title="bbox 2151 2031 3648 2102; baseline 0 -16"><span class='ocrx_word' id='word_1_620' title='bbox 2151 2031 2297 2087; x_wconf 86' lang='lat' dir='ltr'><strong>ferro</strong></span> <span class='ocrx_word' id='word_1_621' title='bbox 2331 2033 2576 2102; x_wconf 86' lang='lat' dir='ltr'><strong>pulchro,</strong></span> <span class='ocrx_word' id='word_1_622' title='bbox 2616 2041 2774 2102; x_wconf 89' lang='lat' dir='ltr'><strong>prout</strong></span> <span class='ocrx_word' id='word_1_623' title='bbox 2829 2033 2881 2087; x_wconf 91' lang='lat' dir='ltr'><strong>in</strong></span> <span class='ocrx_word' id='word_1_624' title='bbox 2929 2033 3130 2102; x_wconf 87' lang='lat' dir='ltr'><strong>capella</strong></span> <span class='ocrx_word' id='word_1_625' title='bbox 3180 2033 3362 2101; x_wconf 89' lang='lat' dir='ltr'><strong>palatii</strong></span> <span class='ocrx_word' id='word_1_626' title='bbox 3399 2048 3497 2101; x_wconf 92' lang='lat' dir='ltr'><strong>pro</strong></span> <span class='ocrx_word' id='word_1_627' title='bbox 3541 2042 3648 2086; x_wconf 84' lang='lat' dir='ltr'><strong>tor-</strong></span> 
     </span>
    </p>
   </div>
   <div class='ocr_carea' id='block_1_85' title="bbox 2153 2126 3647 2203">
    <p class='ocr_par' dir='ltr' id='par_1_85' title="bbox 2153 2126 3647 2203">
     <span class='ocr_line' id='line_1_143' title="bbox 2153 2126 3647 2203; baseline -0.001 -21"><span class='ocrx_word' id='word_1_628' title='bbox 2153 2128 2316 2182; x_wconf 89' lang='lat' dir='ltr'><strong>ticiis.</strong></span> <span class='ocrx_word' id='word_1_629' title='bbox 2353 2127 2479 2182; x_wconf 91' lang='lat' dir='ltr'><strong>Item</strong></span> <span class='ocrx_word' id='word_1_630' title='bbox 2531 2129 2584 2182; x_wconf 91' lang='lat' dir='ltr'><strong>in</strong></span> <span class='ocrx_word' id='word_1_631' title='bbox 2617 2129 2773 2182; x_wconf 89' lang='lat' dir='ltr'><strong>altari</strong></span> <span class='ocrx_word' id='word_1_632' title='bbox 2821 2126 2874 2182; x_wconf 92' lang='lat' dir='ltr'><strong>in</strong></span> <span class='ocrx_word' id='word_1_633' title='bbox 2909 2130 3106 2198; x_wconf 84' lang='lat' dir='ltr'><strong>angulo</strong></span> <span class='ocrx_word' id='word_1_634' title='bbox 3138 2130 3340 2184; x_wconf 71' lang='lat' dir='ltr'><strong>dextra:</strong></span> <span class='ocrx_word' id='word_1_635' title='bbox 3367 2129 3535 2203; x_wconf 86' lang='lat' dir='ltr'><strong>partis</strong></span> <span class='ocrx_word' id='word_1_636' title='bbox 3563 2129 3647 2180; x_wconf 88' lang='lat' dir='ltr'><strong>in-</strong></span> 
     </span>
    </p>
   </div>
   <div class='ocr_carea' id='block_1_86' title="bbox 2150 2219 3644 2292">
    <p class='ocr_par' dir='ltr' id='par_1_86' title="bbox 2150 2219 3644 2292">
     <span class='ocr_line' id='line_1_144' title="bbox 2150 2219 3644 2292; baseline -0.002 -19"><span class='ocrx_word' id='word_1_637' title='bbox 2150 2223 2342 2276; x_wconf 86' lang='lat' dir='ltr'><strong>trando</strong></span> <span class='ocrx_word' id='word_1_638' title='bbox 2375 2236 2541 2292; x_wconf 91' lang='lat' dir='ltr'><strong>prope</strong></span> <span class='ocrx_word' id='word_1_639' title='bbox 2581 2222 2851 2277; x_wconf 85' lang='lat' dir='ltr'><strong>cancellos</strong></span> <span class='ocrx_word' id='word_1_640' title='bbox 2901 2223 2991 2276; x_wconf 85' lang='lat' dir='ltr'><strong>fiat</strong></span> <span class='ocrx_word' id='word_1_641' title='bbox 3036 2222 3344 2291; x_wconf 89' lang='lat' dir='ltr'><strong>sepulcrum</strong></span> <span class='ocrx_word' id='word_1_642' title='bbox 3382 2234 3554 2272; x_wconf 89' lang='lat' dir='ltr'><strong>memn</strong></span> <span class='ocrx_word' id='word_1_643' title='bbox 3592 2219 3644 2272; x_wconf 92' lang='lat' dir='ltr'><strong>in</strong></span> 
     </span>
    </p>
   </div>
   <div class='ocr_carea' id='block_1_87' title="bbox 2150 2310 3646 2381">
    <p class='ocr_par' dir='ltr' id='par_1_87' title="bbox 2150 2310 3646 2381">
     <span class='ocr_line' id='line_1_145' title="bbox 2150 2310 3646 2381; baseline -0.003 -16"><span class='ocrx_word' id='word_1_644' title='bbox 2150 2311 2297 2366; x_wconf 88' lang='lat' dir='ltr'><strong>hunc</strong></span> <span class='ocrx_word' id='word_1_645' title='bbox 2351 2314 2593 2368; x_wconf 90' lang='lat' dir='ltr'><strong>modum.</strong></span> <span class='ocrx_word' id='word_1_646' title='bbox 2643 2313 2900 2368; x_wconf 86' lang='lat' dir='ltr'><strong>Fodiatur</strong></span> <span class='ocrx_word' id='word_1_647' title='bbox 2949 2313 3002 2366; x_wconf 88' lang='lat' dir='ltr'><strong>in</strong></span> <span class='ocrx_word' id='word_1_648' title='bbox 3058 2312 3274 2381; x_wconf 82' lang='lat' dir='ltr'><strong>longum</strong></span> <span class='ocrx_word' id='word_1_649' title='bbox 3332 2321 3387 2366; x_wconf 91' lang='lat' dir='ltr'><strong>et</strong></span> <span class='ocrx_word' id='word_1_650' title='bbox 3441 2310 3646 2379; x_wconf 82' lang='lat' dir='ltr'><strong>largum</strong></span> 
     </span>
    </p>
   </div>
   <div class='ocr_carea' id='block_1_88' title="bbox 2150 2402 3648 2472">
    <p class='ocr_par' dir='ltr' id='par_1_88' title="bbox 2150 2402 3648 2472">
     <span class='ocr_line' id='line_1_146' title="bbox 2150 2402 3648 2472; baseline -0.003 -16"><span class='ocrx_word' id='word_1_651' title='bbox 2150 2412 2412 2472; x_wconf 89' lang='lat' dir='ltr'><strong>quantum</strong></span> <span class='ocrx_word' id='word_1_652' title='bbox 2447 2404 2678 2458; x_wconf 76' lang='lat' dir='ltr'><strong>sufficiat</strong></span> <span class='ocrx_word' id='word_1_653' title='bbox 2719 2404 2782 2457; x_wconf 90' lang='lat' dir='ltr'><strong>ad</strong></span> <span class='ocrx_word' id='word_1_654' title='bbox 2826 2402 3248 2472; x_wconf 80' lang='lat' dir='ltr'><strong>profunditatem</strong></span> <span class='ocrx_word' id='word_1_655' title='bbox 3277 2412 3399 2456; x_wconf 89' lang='lat' dir='ltr'><strong>octo</strong></span> <span class='ocrx_word' id='word_1_656' title='bbox 3430 2402 3648 2468; x_wconf 89' lang='lat' dir='ltr'><strong>pedum,</strong></span> 
     </span>
    </p>
   </div>
   <div class='ocr_carea' id='block_1_89' title="bbox 2145 2493 3648 2565">
    <p class='ocr_par' dir='ltr' id='par_1_89' title="bbox 2145 2493 3648 2565">
     <span class='ocr_line' id='line_1_147' title="bbox 2145 2493 3648 2565; baseline -0.003 -17"><span class='ocrx_word' id='word_1_657' title='bbox 2145 2505 2198 2548; x_wconf 90' lang='lat' dir='ltr'><strong>et</strong></span> <span class='ocrx_word' id='word_1_658' title='bbox 2239 2506 2522 2550; x_wconf 85' lang='lat' dir='ltr'><strong>morentur</strong></span> <span class='ocrx_word' id='word_1_659' title='bbox 2559 2511 2750 2551; x_wconf 87' lang='lat' dir='ltr'><strong>omnes</strong></span> <span class='ocrx_word' id='word_1_660' title='bbox 2781 2503 3015 2565; x_wconf 82' lang='lat' dir='ltr'><strong>quatuor</strong></span> <span class='ocrx_word' id='word_1_661' title='bbox 3046 2495 3298 2564; x_wconf 85' lang='lat' dir='ltr'><strong>parietes,</strong></span> <span class='ocrx_word' id='word_1_662' title='bbox 3337 2493 3535 2548; x_wconf 79' lang='lat' dir='ltr'><strong>salario</strong></span> <span class='ocrx_word' id='word_1_663' title='bbox 3564 2494 3648 2545; x_wconf 83' lang='lat' dir='ltr'><strong>di-</strong></span> 
     </span>
    </p>
   </div>
   <div class='ocr_carea' id='block_1_90' title="bbox 2152 2587 3646 2655">
    <p class='ocr_par' dir='ltr' id='par_1_90' title="bbox 2152 2587 3646 2655">
     <span class='ocr_line' id='line_1_148' title="bbox 2152 2587 3646 2655; baseline -0.001 -17"><span class='ocrx_word' id='word_1_664' title='bbox 2152 2588 2318 2640; x_wconf 89' lang='lat' dir='ltr'><strong>misso</strong></span> <span class='ocrx_word' id='word_1_665' title='bbox 2345 2589 2462 2642; x_wconf 88' lang='lat' dir='ltr'><strong>sine</strong></span> <span class='ocrx_word' id='word_1_666' title='bbox 2499 2603 2668 2652; x_wconf 89' lang='lat' dir='ltr'><strong>muro,</strong></span> <span class='ocrx_word' id='word_1_667' title='bbox 2699 2599 2753 2642; x_wconf 91' lang='lat' dir='ltr'><strong>et</strong></span> <span class='ocrx_word' id='word_1_668' title='bbox 2779 2589 2830 2641; x_wconf 90' lang='lat' dir='ltr'><strong>in</strong></span> <span class='ocrx_word' id='word_1_669' title='bbox 2878 2589 3160 2642; x_wconf 88' lang='lat' dir='ltr'><strong>altitudine</strong></span> <span class='ocrx_word' id='word_1_670' title='bbox 3189 2589 3416 2641; x_wconf 89' lang='lat' dir='ltr'><strong>duorum</strong></span> <span class='ocrx_word' id='word_1_671' title='bbox 3455 2587 3646 2655; x_wconf 85' lang='lat' dir='ltr'><strong>pedum</strong></span> 
     </span>
    </p>
   </div>
   <div class='ocr_carea' id='block_1_91' title="bbox 2153 2679 3651 2747">
    <p class='ocr_par' dir='ltr' id='par_1_91' title="bbox 2153 2679 3651 2747">
     <span class='ocr_line' id='line_1_149' title="bbox 2153 2679 3651 2747; baseline 0.001 -18"><span class='ocrx_word' id='word_1_672' title='bbox 2153 2679 2343 2747; x_wconf 80' lang='lat' dir='ltr'><strong>ligatur</strong></span> <span class='ocrx_word' id='word_1_673' title='bbox 2373 2681 2516 2734; x_wconf 89' lang='lat' dir='ltr'><strong>inter</strong></span> <span class='ocrx_word' id='word_1_674' title='bbox 2563 2697 2794 2740; x_wconf 88' lang='lat' dir='ltr'><strong>murum.</strong></span> <span class='ocrx_word' id='word_1_675' title='bbox 2830 2679 2954 2734; x_wconf 85' lang='lat' dir='ltr'><strong>dum</strong></span> <span class='ocrx_word' id='word_1_676' title='bbox 3007 2680 3064 2734; x_wconf 84' lang='lat' dir='ltr'><strong>fit</strong></span> <span class='ocrx_word' id='word_1_677' title='bbox 3097 2696 3305 2743; x_wconf 86' lang='lat' dir='ltr'><strong>murus,</strong></span> <span class='ocrx_word' id='word_1_678' title='bbox 3345 2695 3448 2733; x_wconf 89' lang='lat' dir='ltr'><strong>una</strong></span> <span class='ocrx_word' id='word_1_679' title='bbox 3482 2680 3651 2732; x_wconf 89' lang='lat' dir='ltr'><strong>crati-</strong></span> 
     </span>
    </p>
   </div>
   <div class='ocr_carea' id='block_1_92' title="bbox 2149 2770 3648 2840">
    <p class='ocr_par' dir='ltr' id='par_1_92' title="bbox 2149 2770 3648 2840">
     <span class='ocr_line' id='line_1_150' title="bbox 2149 2770 3648 2840; baseline 0.003 -20"><span class='ocrx_word' id='word_1_680' title='bbox 2149 2770 2270 2824; x_wconf 83' lang='lat' dir='ltr'><strong>cula</strong></span> <span class='ocrx_word' id='word_1_681' title='bbox 2329 2770 2526 2834; x_wconf 88' lang='lat' dir='ltr'><strong>ferrea,</strong></span> <span class='ocrx_word' id='word_1_682' title='bbox 2558 2771 2648 2825; x_wconf 90' lang='lat' dir='ltr'><strong>ubi</strong></span> <span class='ocrx_word' id='word_1_683' title='bbox 2690 2771 2896 2840; x_wconf 86' lang='lat' dir='ltr'><strong>jaccbit</strong></span> <span class='ocrx_word' id='word_1_684' title='bbox 2941 2776 3190 2836; x_wconf 85' lang='lat' dir='ltr'><strong>cadaver.</strong></span> <span class='ocrx_word' id='word_1_685' title='bbox 3232 2771 3432 2824; x_wconf 89' lang='lat' dir='ltr'><strong>Deinde</strong></span> <span class='ocrx_word' id='word_1_686' title='bbox 3483 2787 3648 2839; x_wconf 86' lang='lat' dir='ltr'><strong>supra</strong></span> 
     </span>
    </p>
   </div>
   <div class='ocr_carea' id='block_1_93' title="bbox 2147 2860 3650 2929">
    <p class='ocr_par' dir='ltr' id='par_1_93' title="bbox 2147 2860 3650 2929">
     <span class='ocr_line' id='line_1_151' title="bbox 2147 2860 3650 2929; baseline -0.001 -16"><span class='ocrx_word' id='word_1_687' title='bbox 2147 2860 2460 2914; x_wconf 88' lang='lat' dir='ltr'><strong>craticulam</strong></span> <span class='ocrx_word' id='word_1_688' title='bbox 2492 2861 2557 2913; x_wconf 89' lang='lat' dir='ltr'><strong>ad</strong></span> <span class='ocrx_word' id='word_1_689' title='bbox 2585 2861 2716 2915; x_wconf 90' lang='lat' dir='ltr'><strong>duos</strong></span> <span class='ocrx_word' id='word_1_690' title='bbox 2745 2863 2908 2929; x_wconf 85' lang='lat' dir='ltr'><strong>pedes</strong></span> <span class='ocrx_word' id='word_1_691' title='bbox 2931 2878 3119 2916; x_wconf 91' lang='lat' dir='ltr'><strong>murus</strong></span> <span class='ocrx_word' id='word_1_692' title='bbox 3153 2862 3343 2915; x_wconf 90' lang='lat' dir='ltr'><strong>ltabeat</strong></span> <span class='ocrx_word' id='word_1_693' title='bbox 3385 2862 3650 2915; x_wconf 82' lang='lat' dir='ltr'><strong>iucastra-</strong></span> 
     </span>
    </p>
   </div>
   <div class='ocr_carea' id='block_1_94' title="bbox 2153 2952 3647 3024">
    <p class='ocr_par' dir='ltr' id='par_1_94' title="bbox 2153 2952 3647 3024">
     <span class='ocr_line' id='line_1_152' title="bbox 2153 2952 3647 3024; baseline -0.001 -19"><span class='ocrx_word' id='word_1_694' title='bbox 2153 2965 2323 3006; x_wconf 86' lang='lat' dir='ltr'><strong>turam</strong></span> <span class='ocrx_word' id='word_1_695' title='bbox 2347 2952 2721 3016; x_wconf 85' lang='lat' dir='ltr'><strong>circumcirca,</strong></span> <span class='ocrx_word' id='word_1_696' title='bbox 2757 2963 2814 3008; x_wconf 89' lang='lat' dir='ltr'><strong>ut</strong></span> <span class='ocrx_word' id='word_1_697' title='bbox 2840 2963 3234 3024; x_wconf 81' lang='lat' dir='ltr'><strong>superponatur</strong></span> <span class='ocrx_word' id='word_1_698' title='bbox 3263 2969 3425 3022; x_wconf 86' lang='lat' dir='ltr'><strong>supra</strong></span> <span class='ocrx_word' id='word_1_699' title='bbox 3452 2967 3647 3021; x_wconf 86' lang='lat' dir='ltr'><strong>corpus</strong></span> 
     </span>
    </p>
   </div>
   <div class='ocr_carea' id='block_1_95' title="bbox 2151 3044 3644 3113">
    <p class='ocr_par' dir='ltr' id='par_1_95' title="bbox 2151 3044 3644 3113">
     <span class='ocr_line' id='line_1_153' title="bbox 2151 3044 3644 3113; baseline -0.001 -17"><span class='ocrx_word' id='word_1_700' title='bbox 2151 3060 2256 3096; x_wconf 89' lang='lat' dir='ltr'><strong>ttna</strong></span> <span class='ocrx_word' id='word_1_701' title='bbox 2295 3045 2472 3098; x_wconf 89' lang='lat' dir='ltr'><strong>tabula</strong></span> <span class='ocrx_word' id='word_1_702' title='bbox 2526 3059 2852 3098; x_wconf 79' lang='lat' dir='ltr'><strong>marmorea.</strong></span> <span class='ocrx_word' id='word_1_703' title='bbox 2911 3044 3114 3099; x_wconf 84' lang='lat' dir='ltr'><strong>Deinde</strong></span> <span class='ocrx_word' id='word_1_704' title='bbox 3166 3045 3230 3098; x_wconf 90' lang='lat' dir='ltr'><strong>ad</strong></span> <span class='ocrx_word' id='word_1_705' title='bbox 3283 3045 3644 3113; x_wconf 66' lang='lat' dir='ltr'><strong>aequalitatem</strong></span> 
     </span>
    </p>
   </div>
   <div class='ocr_carea' id='block_1_96' title="bbox 2150 3135 3647 3206">
    <p class='ocr_par' dir='ltr' id='par_1_96' title="bbox 2150 3135 3647 3206">
     <span class='ocr_line' id='line_1_154' title="bbox 2150 3135 3647 3206; baseline 0 -18"><span class='ocrx_word' id='word_1_706' title='bbox 2150 3135 2442 3203; x_wconf 67' lang='lat' dir='ltr'><strong>pavimenti</strong></span> <span class='ocrx_word' id='word_1_707' title='bbox 2474 3135 2688 3206; x_wconf 64' lang='lat' dir='ltr'><strong>capellas</strong></span> <span class='ocrx_word' id='word_1_708' title='bbox 2717 3136 2819 3189; x_wconf 84' lang='lat' dir='ltr'><strong>alia</strong></span> <span class='ocrx_word' id='word_1_709' title='bbox 2849 3137 3026 3190; x_wconf 85' lang='lat' dir='ltr'><strong>tabula</strong></span> <span class='ocrx_word' id='word_1_710' title='bbox 3071 3151 3395 3202; x_wconf 79' lang='lat' dir='ltr'><strong>marmmea,</strong></span> <span class='ocrx_word' id='word_1_711' title='bbox 3431 3153 3550 3206; x_wconf 78' lang='lat' dir='ltr'><strong>qua:</strong></span> <span class='ocrx_word' id='word_1_712' title='bbox 3583 3152 3647 3188; x_wconf 79' lang='lat' dir='ltr'><strong>ex</strong></span> 
     </span>
    </p>
   </div>
   <div class='ocr_carea' id='block_1_97' title="bbox 2151 3228 3651 3298">
    <p class='ocr_par' dir='ltr' id='par_1_97' title="bbox 2151 3228 3651 3298">
     <span class='ocr_line' id='line_1_155' title="bbox 2151 3228 3651 3298; baseline 0.001 -17"><span class='ocrx_word' id='word_1_713' title='bbox 2151 3243 2293 3281; x_wconf 90' lang='lat' dir='ltr'><strong>nunc</strong></span> <span class='ocrx_word' id='word_1_714' title='bbox 2323 3228 2490 3296; x_wconf 88' lang='lat' dir='ltr'><strong>possit</strong></span> <span class='ocrx_word' id='word_1_715' title='bbox 2517 3228 2690 3296; x_wconf 88' lang='lat' dir='ltr'><strong>parari</strong></span> <span class='ocrx_word' id='word_1_716' title='bbox 2722 3238 2775 3282; x_wconf 90' lang='lat' dir='ltr'><strong>et</strong></span> <span class='ocrx_word' id='word_1_717' title='bbox 2811 3228 2937 3295; x_wconf 89' lang='lat' dir='ltr'><strong>poni</strong></span> <span class='ocrx_word' id='word_1_718' title='bbox 2978 3229 3066 3281; x_wconf 88' lang='lat' dir='ltr'><strong>tali</strong></span> <span class='ocrx_word' id='word_1_719' title='bbox 3116 3229 3270 3283; x_wconf 87' lang='lat' dir='ltr'><strong>modo</strong></span> <span class='ocrx_word' id='word_1_720' title='bbox 3301 3232 3442 3298; x_wconf 78' lang='lat' dir='ltr'><strong>quod</strong></span> <span class='ocrx_word' id='word_1_721' title='bbox 3479 3230 3651 3296; x_wconf 79' lang='lat' dir='ltr'><strong>possit</strong></span> 
     </span>
    </p>
   </div>
   <div class='ocr_carea' id='block_1_98' title="bbox 2147 3319 3648 3391">
    <p class='ocr_par' dir='ltr' id='par_1_98' title="bbox 2147 3319 3648 3391">
     <span class='ocr_line' id='line_1_156' title="bbox 2147 3319 3648 3391; baseline -0.002 -17"><span class='ocrx_word' id='word_1_722' title='bbox 2147 3319 2355 3374; x_wconf 78' lang='lat' dir='ltr'><strong>extrahi</strong></span> <span class='ocrx_word' id='word_1_723' title='bbox 2397 3330 2452 3375; x_wconf 83' lang='lat' dir='ltr'><strong>et</strong></span> <span class='ocrx_word' id='word_1_724' title='bbox 2485 3323 2648 3388; x_wconf 78' lang='lat' dir='ltr'><strong>poni;</strong></span> <span class='ocrx_word' id='word_1_725' title='bbox 2709 3331 2828 3389; x_wconf 89' lang='lat' dir='ltr'><strong>post</strong></span> <span class='ocrx_word' id='word_1_726' title='bbox 2873 3321 2986 3375; x_wconf 70' lang='lat' dir='ltr'><strong>ltmc</strong></span> <span class='ocrx_word' id='word_1_727' title='bbox 3043 3336 3204 3391; x_wconf 82' lang='lat' dir='ltr'><strong>super</strong></span> <span class='ocrx_word' id='word_1_728' title='bbox 3239 3321 3378 3375; x_wconf 85' lang='lat' dir='ltr'><strong>illam</strong></span> <span class='ocrx_word' id='word_1_729' title='bbox 3414 3321 3648 3375; x_wconf 87' lang='lat' dir='ltr'><strong>tabulam</strong></span> 
     </span>
    </p>
   </div>
   <div class='ocr_carea' id='block_1_99' title="bbox 2152 3413 3650 3481">
    <p class='ocr_par' dir='ltr' id='par_1_99' title="bbox 2152 3413 3650 3481">
     <span class='ocr_line' id='line_1_157' title="bbox 2152 3413 3650 3481; baseline 0 -16"><span class='ocrx_word' id='word_1_730' title='bbox 2152 3429 2219 3465; x_wconf 86' lang='lat' dir='ltr'><strong>ex</strong></span> <span class='ocrx_word' id='word_1_731' title='bbox 2255 3413 2427 3467; x_wconf 89' lang='lat' dir='ltr'><strong>tribus</strong></span> <span class='ocrx_word' id='word_1_732' title='bbox 2465 3414 2728 3481; x_wconf 78' lang='lat' dir='ltr'><strong>partibus,</strong></span> <span class='ocrx_word' id='word_1_733' title='bbox 2761 3429 2884 3467; x_wconf 89' lang='lat' dir='ltr'><strong>nam</strong></span> <span class='ocrx_word' id='word_1_734' title='bbox 2917 3422 3106 3481; x_wconf 84' lang='lat' dir='ltr'><strong>quarta</strong></span> <span class='ocrx_word' id='word_1_735' title='bbox 3143 3414 3245 3469; x_wconf 88' lang='lat' dir='ltr'><strong>erit</strong></span> <span class='ocrx_word' id='word_1_736' title='bbox 3269 3430 3454 3468; x_wconf 91' lang='lat' dir='ltr'><strong>murus</strong></span> <span class='ocrx_word' id='word_1_737' title='bbox 3480 3415 3650 3468; x_wconf 88' lang='lat' dir='ltr'><strong>tribu-</strong></span> 
     </span>
    </p>
   </div>
   <div class='ocr_carea' id='block_1_100' title="bbox 2156 3504 3649 3573">
    <p class='ocr_par' dir='ltr' id='par_1_100' title="bbox 2156 3504 3649 3573">
     <span class='ocr_line' id='line_1_158' title="bbox 2156 3504 3649 3573; baseline 0.003 -17"><span class='ocrx_word' id='word_1_738' title='bbox 2156 3504 2315 3567; x_wconf 88' lang='lat' dir='ltr'><strong>nalis,</strong></span> <span class='ocrx_word' id='word_1_739' title='bbox 2342 3505 2620 3573; x_wconf 81' lang='lat' dir='ltr'><strong>erigantur</strong></span> <span class='ocrx_word' id='word_1_740' title='bbox 2654 3515 2761 3560; x_wconf 84' lang='lat' dir='ltr'><strong>tres</strong></span> <span class='ocrx_word' id='word_1_741' title='bbox 2781 3521 3098 3559; x_wconf 71' lang='lat' dir='ltr'><strong>marmoreae</strong></span> <span class='ocrx_word' id='word_1_742' title='bbox 3129 3505 3318 3560; x_wconf 68' lang='lat' dir='ltr'><strong>tabula:</strong></span> <span class='ocrx_word' id='word_1_743' title='bbox 3349 3505 3649 3560; x_wconf 82' lang='lat' dir='ltr'><strong>altitudinis</strong></span> 
     </span>
    </p>
   </div>
   <div class='ocr_carea' id='block_1_101' title="bbox 2148 3597 3650 3667">
    <p class='ocr_par' dir='ltr' id='par_1_101' title="bbox 2148 3597 3650 3667">
     <span class='ocr_line' id='line_1_159' title="bbox 2148 3597 3650 3667; baseline 0.001 -21"><span class='ocrx_word' id='word_1_744' title='bbox 2148 3597 2384 3664; x_wconf 88' lang='lat' dir='ltr'><strong>quinque</strong></span> <span class='ocrx_word' id='word_1_745' title='bbox 2419 3597 2736 3664; x_wconf 79' lang='lat' dir='ltr'><strong>palmarmn,</strong></span> <span class='ocrx_word' id='word_1_746' title='bbox 2765 3608 2814 3650; x_wconf 79' lang='lat' dir='ltr'><strong>et</strong></span> <span class='ocrx_word' id='word_1_747' title='bbox 2841 3613 3002 3665; x_wconf 87' lang='lat' dir='ltr'><strong>supra</strong></span> <span class='ocrx_word' id='word_1_748' title='bbox 3028 3612 3120 3653; x_wconf 86' lang='lat' dir='ltr'><strong>eas</strong></span> <span class='ocrx_word' id='word_1_749' title='bbox 3152 3608 3380 3667; x_wconf 89' lang='lat' dir='ltr'><strong>ponatur</strong></span> <span class='ocrx_word' id='word_1_750' title='bbox 3400 3613 3502 3650; x_wconf 89' lang='lat' dir='ltr'><strong>una</strong></span> <span class='ocrx_word' id='word_1_751' title='bbox 3530 3597 3619 3666; x_wconf 87' lang='lat' dir='ltr'><strong>pul</strong></span> <span class='ocrx_word' id='word_1_752' title='bbox 3638 3628 3650 3636; x_wconf 90' lang='lat'><strong>-</strong></span> 
     </span>
    </p>
   </div>
   <div class='ocr_carea' id='block_1_102' title="bbox 2152 3688 3648 3749">
    <p class='ocr_par' dir='ltr' id='par_1_102' title="bbox 2152 3688 3648 3749">
     <span class='ocr_line' id='line_1_160' title="bbox 2152 3688 3648 3749; baseline -0.001 -7"><span class='ocrx_word' id='word_1_753' title='bbox 2152 3688 2282 3743; x_wconf 89' lang='lat' dir='ltr'><strong>chra</strong></span> <span class='ocrx_word' id='word_1_754' title='bbox 2313 3704 2614 3749; x_wconf 77' lang='lat' dir='ltr'><strong>marmorea</strong></span> <span class='ocrx_word' id='word_1_755' title='bbox 2656 3689 2853 3743; x_wconf 87' lang='lat' dir='ltr'><strong>tabula.</strong></span> <span class='ocrx_word' id='word_1_756' title='bbox 2890 3691 2944 3744; x_wconf 90' lang='lat' dir='ltr'><strong>In</strong></span> <span class='ocrx_word' id='word_1_757' title='bbox 2979 3690 3098 3744; x_wconf 86' lang='lat' dir='ltr'><strong>istis</strong></span> <span class='ocrx_word' id='word_1_758' title='bbox 3144 3701 3318 3742; x_wconf 89' lang='lat' dir='ltr'><strong>autem</strong></span> <span class='ocrx_word' id='word_1_759' title='bbox 3367 3689 3534 3741; x_wconf 78' lang='lat' dir='ltr'><strong>tribus</strong></span> <span class='ocrx_word' id='word_1_760' title='bbox 3565 3699 3648 3741; x_wconf 79' lang='lat' dir='ltr'><strong>ta-</strong></span> 
     </span>
    </p>
   </div>
   <div class='ocr_carea' id='block_1_103' title="bbox 2153 3780 3644 3848">
    <p class='ocr_par' dir='ltr' id='par_1_103' title="bbox 2153 3780 3644 3848">
     <span class='ocr_line' id='line_1_161' title="bbox 2153 3780 3644 3848; baseline -0.001 -15"><span class='ocrx_word' id='word_1_761' title='bbox 2153 3781 2289 3833; x_wconf 87' lang='lat' dir='ltr'><strong>bulis</strong></span> <span class='ocrx_word' id='word_1_762' title='bbox 2319 3780 2519 3834; x_wconf 78' lang='lat' dir='ltr'><strong>eiectis</strong></span> <span class='ocrx_word' id='word_1_763' title='bbox 2549 3781 2637 3834; x_wconf 84' lang='lat' dir='ltr'><strong>(iat</strong></span> <span class='ocrx_word' id='word_1_764' title='bbox 2667 3781 2857 3848; x_wconf 84' lang='lat' dir='ltr'><strong>aliquis</strong></span> <span class='ocrx_word' id='word_1_765' title='bbox 2882 3793 3126 3844; x_wconf 86' lang='lat' dir='ltr'><strong>ornatus,</strong></span> <span class='ocrx_word' id='word_1_766' title='bbox 3154 3781 3205 3833; x_wconf 88' lang='lat' dir='ltr'><strong>in</strong></span> <span class='ocrx_word' id='word_1_767' title='bbox 3233 3797 3459 3846; x_wconf 78' lang='lat' dir='ltr'><strong>qttatum</strong></span> <span class='ocrx_word' id='word_1_768' title='bbox 3493 3791 3644 3833; x_wconf 87' lang='lat' dir='ltr'><strong>antc-</strong></span> 
     </span>
    </p>
   </div>
   <div class='ocr_carea' id='block_1_104' title="bbox 2151 3871 3645 3940">
    <p class='ocr_par' dir='ltr' id='par_1_104' title="bbox 2151 3871 3645 3940">
     <span class='ocr_line' id='line_1_162' title="bbox 2151 3871 3645 3940; baseline 0 -16"><span class='ocrx_word' id='word_1_769' title='bbox 2151 3873 2274 3925; x_wconf 81' lang='lat' dir='ltr'><strong>l‘iul‘i</strong></span> <span class='ocrx_word' id='word_1_770' title='bbox 2311 3871 2623 3926; x_wconf 77' lang='lat' dir='ltr'><strong>scribantur</strong></span> <span class='ocrx_word' id='word_1_771' title='bbox 2653 3872 2732 3924; x_wconf 71' lang='lat' dir='ltr'><strong>Ita:</strong></span> <span class='ocrx_word' id='word_1_772' title='bbox 2762 3873 2955 3926; x_wconf 60' lang='lat' dir='ltr'><strong>littera!</strong></span> <span class='ocrx_word' id='word_1_773' title='bbox 2993 3888 3008 3927; x_wconf 88' lang='lat'><strong>:</strong></span> <span class='ocrx_word' id='word_1_774' title='bbox 3043 3871 3342 3937; x_wconf 75' lang='lat' dir='ltr'><strong>Bessarion,</strong></span> <span class='ocrx_word' id='word_1_775' title='bbox 3380 3873 3645 3940; x_wconf 74' lang='lat' dir='ltr'><strong>episcopus</strong></span> 
     </span>
    </p>
   </div>
   <div class='ocr_carea' id='block_1_105' title="bbox 2153 3961 3646 4032">
    <p class='ocr_par' dir='ltr' id='par_1_105' title="bbox 2153 3961 3646 4032">
     <span class='ocr_line' id='line_1_163' title="bbox 2153 3961 3646 4032; baseline 0 -16"><span class='ocrx_word' id='word_1_776' title='bbox 2153 3964 2508 4027; x_wconf 69' lang='lat' dir='ltr'><strong>Tusculanus,</strong></span> <span class='ocrx_word' id='word_1_777' title='bbox 2539 3962 2596 4017; x_wconf 92' lang='lat' dir='ltr'><strong>S.</strong></span> <span class='ocrx_word' id='word_1_778' title='bbox 2635 3961 2881 4016; x_wconf 80' lang='lat' dir='ltr'><strong>liontana:</strong></span> <span class='ocrx_word' id='word_1_779' title='bbox 2913 3961 3168 4016; x_wconf 76' lang='lat' dir='ltr'><strong>Ecclesia:</strong></span> <span class='ocrx_word' id='word_1_780' title='bbox 3198 3965 3488 4016; x_wconf 78' lang='lat' dir='ltr'><strong>cardinalis</strong></span> <span class='ocrx_word' id='word_1_781' title='bbox 3512 4005 3524 4026; x_wconf 93' lang='lat'><strong>,</strong></span> <span class='ocrx_word' id='word_1_782' title='bbox 3553 3980 3646 4032; x_wconf 44' lang='lat' dir='ltr'><strong>pa-</strong></span> 
     </span>
    </p>
   </div>
   <div class='ocr_carea' id='block_1_106' title="bbox 2151 4055 3647 4124">
    <p class='ocr_par' dir='ltr' id='par_1_106' title="bbox 2151 4055 3647 4124">
     <span class='ocr_line' id='line_1_164' title="bbox 2151 4055 3647 4124; baseline -0.002 -14"><span class='ocrx_word' id='word_1_783' title='bbox 2151 4057 2382 4110; x_wconf 79' lang='lat' dir='ltr'><strong>triarclta</strong></span> <span class='ocrx_word' id='word_1_784' title='bbox 2426 4055 3070 4124; x_wconf 81' lang='lat' dir='ltr'><strong>Constantinopolitanus,</strong></span> <span class='ocrx_word' id='word_1_785' title='bbox 3121 4055 3221 4109; x_wconf 83' lang='lat' dir='ltr'><strong>sibi</strong></span> <span class='ocrx_word' id='word_1_786' title='bbox 3258 4055 3428 4108; x_wconf 80' lang='lat' dir='ltr'><strong>vivens</strong></span> <span class='ocrx_word' id='word_1_787' title='bbox 3471 4058 3647 4122; x_wconf 81' lang='lat' dir='ltr'><strong>posuit</strong></span> 
     </span>
    </p>
   </div>
   <div class='ocr_carea' id='block_1_107' title="bbox 2152 4147 3647 4217">
    <p class='ocr_par' dir='ltr' id='par_1_107' title="bbox 2152 4147 3647 4217">
     <span class='ocr_line' id='line_1_165' title="bbox 2152 4147 3647 4217; baseline 0 -16"><span class='ocrx_word' id='word_1_788' title='bbox 2152 4164 2291 4201; x_wconf 84' lang='lat' dir='ltr'><strong>anno</strong></span> <span class='ocrx_word' id='word_1_789' title='bbox 2331 4147 2541 4214; x_wconf 79' lang='lat' dir='ltr'><strong>salutis,</strong></span> <span class='ocrx_word' id='word_1_790' title='bbox 2595 4157 2725 4213; x_wconf 67' lang='lat' dir='ltr'><strong>eter,</strong></span> <span class='ocrx_word' id='word_1_791' title='bbox 2779 4164 2902 4202; x_wconf 74' lang='lat' dir='ltr'><strong>eum</strong></span> <span class='ocrx_word' id='word_1_792' title='bbox 2957 4148 3333 4217; x_wconf 83' lang='lat' dir='ltr'><strong>designatione</strong></span> <span class='ocrx_word' id='word_1_793' title='bbox 3385 4163 3647 4201; x_wconf 88' lang='lat' dir='ltr'><strong>annorum</strong></span> 
     </span>
    </p>
   </div>
   <div class='ocr_carea' id='block_1_108' title="bbox 2153 4238 3648 4294">
    <p class='ocr_par' dir='ltr' id='par_1_108' title="bbox 2153 4238 3648 4294">
     <span class='ocr_line' id='line_1_166' title="bbox 2153 4238 3648 4294; baseline -0.001 0"><span class='ocrx_word' id='word_1_794' title='bbox 2153 4240 2362 4294; x_wconf 87' lang='lat' dir='ltr'><strong>Domini</strong></span> <span class='ocrx_word' id='word_1_795' title='bbox 2399 4248 2522 4293; x_wconf 92' lang='lat' dir='ltr'><strong>tunc</strong></span> <span class='ocrx_word' id='word_1_796' title='bbox 2549 4241 2973 4294; x_wconf 91' lang='lat' dir='ltr'><strong>occurrentium.</strong></span> <span class='ocrx_word' id='word_1_797' title='bbox 2997 4238 3107 4294; x_wconf 91' lang='lat' dir='ltr'><strong>IIoc</strong></span> <span class='ocrx_word' id='word_1_798' title='bbox 3129 4249 3307 4294; x_wconf 89' lang='lat' dir='ltr'><strong>autem</strong></span> <span class='ocrx_word' id='word_1_799' title='bbox 3339 4239 3416 4293; x_wconf 90' lang='lat' dir='ltr'><strong>sic</strong></span> <span class='ocrx_word' id='word_1_800' title='bbox 3452 4238 3648 4292; x_wconf 88' lang='lat' dir='ltr'><strong>factum</strong></span> 
     </span>
    </p>
   </div>
   <div class='ocr_carea' id='block_1_109' title="bbox 2151 4332 3648 4401">
    <p class='ocr_par' dir='ltr' id='par_1_109' title="bbox 2151 4332 3648 4401">
     <span class='ocr_line' id='line_1_167' title="bbox 2151 4332 3648 4401; baseline -0.001 -15"><span class='ocrx_word' id='word_1_801' title='bbox 2151 4332 2432 4387; x_wconf 66' lang='lat' dir='ltr'><strong>aedificium</strong></span> <span class='ocrx_word' id='word_1_802' title='bbox 2468 4334 2574 4386; x_wconf 90' lang='lat' dir='ltr'><strong>erit</strong></span> <span class='ocrx_word' id='word_1_803' title='bbox 2615 4333 2912 4395; x_wconf 87' lang='lat' dir='ltr'><strong>credentia,</strong></span> <span class='ocrx_word' id='word_1_804' title='bbox 2938 4333 2980 4386; x_wconf 91' lang='lat' dir='ltr'><strong>si</strong></span> <span class='ocrx_word' id='word_1_805' title='bbox 3013 4333 3228 4400; x_wconf 86' lang='lat' dir='ltr'><strong>quando</strong></span> <span class='ocrx_word' id='word_1_806' title='bbox 3267 4332 3505 4401; x_wconf 77' lang='lat' dir='ltr'><strong>pontifex</strong></span> <span class='ocrx_word' id='word_1_807' title='bbox 3552 4333 3648 4384; x_wconf 60' lang='lat' dir='ltr'><strong>ali.</strong></span> 
     </span>
    </p>
   </div>
   <div class='ocr_carea' id='block_1_110' title="bbox 2143 4425 3644 4494">
    <p class='ocr_par' dir='ltr' id='par_1_110' title="bbox 2143 4425 3644 4494">
     <span class='ocr_line' id='line_1_168' title="bbox 2143 4425 3644 4494; baseline 0.001 -16"><span class='ocrx_word' id='word_1_808' title='bbox 2143 4429 2263 4494; x_wconf 86' lang='lat' dir='ltr'><strong>quis</strong></span> <span class='ocrx_word' id='word_1_809' title='bbox 2296 4429 2346 4481; x_wconf 92' lang='lat' dir='ltr'><strong>in</strong></span> <span class='ocrx_word' id='word_1_810' title='bbox 2374 4427 2572 4494; x_wconf 90' lang='lat' dir='ltr'><strong>capella</strong></span> <span class='ocrx_word' id='word_1_811' title='bbox 2598 4426 2978 4490; x_wconf 80' lang='lat' dir='ltr'><strong>celebraverit;</strong></span> <span class='ocrx_word' id='word_1_812' title='bbox 3004 4432 3056 4477; x_wconf 90' lang='lat' dir='ltr'><strong>ct</strong></span> <span class='ocrx_word' id='word_1_813' title='bbox 3087 4425 3202 4478; x_wconf 90' lang='lat' dir='ltr'><strong>ideo</strong></span> <span class='ocrx_word' id='word_1_814' title='bbox 3231 4435 3460 4493; x_wconf 90' lang='lat' dir='ltr'><strong>ponatur</strong></span> <span class='ocrx_word' id='word_1_815' title='bbox 3484 4441 3644 4494; x_wconf 81' lang='lat' dir='ltr'><strong>supc—</strong></span> 
     </span>
    </p>
   </div>
   <div class='ocr_carea' id='block_1_111' title="bbox 2150 4516 3648 4588">
    <p class='ocr_par' dir='ltr' id='par_1_111' title="bbox 2150 4516 3648 4588">
     <span class='ocr_line' id='line_1_169' title="bbox 2150 4516 3648 4588; baseline -0.003 -14"><span class='ocrx_word' id='word_1_816' title='bbox 2150 4521 2260 4574; x_wconf 86' lang='lat' dir='ltr'><strong>rius</strong></span> <span class='ocrx_word' id='word_1_817' title='bbox 2295 4535 2398 4588; x_wconf 86' lang='lat' dir='ltr'><strong>una</strong></span> <span class='ocrx_word' id='word_1_818' title='bbox 2435 4519 2657 4586; x_wconf 86' lang='lat' dir='ltr'><strong>pulchra</strong></span> <span class='ocrx_word' id='word_1_819' title='bbox 2685 4516 2862 4570; x_wconf 87' lang='lat' dir='ltr'><strong>tabula</strong></span> <span class='ocrx_word' id='word_1_820' title='bbox 2908 4531 3233 4570; x_wconf 85' lang='lat' dir='ltr'><strong>marmorea.</strong></span> <span class='ocrx_word' id='word_1_821' title='bbox 3289 4517 3416 4570; x_wconf 88' lang='lat' dir='ltr'><strong>Itetu</strong></span> <span class='ocrx_word' id='word_1_822' title='bbox 3443 4519 3565 4571; x_wconf 85' lang='lat' dir='ltr'><strong>volo</strong></span> <span class='ocrx_word' id='word_1_823' title='bbox 3592 4528 3648 4570; x_wconf 94' lang='lat' dir='ltr'><strong>ut</strong></span> 
     </span>
    </p>
   </div>
   <div class='ocr_carea' id='block_1_112' title="bbox 2148 4607 3645 4682">
    <p class='ocr_par' dir='ltr' id='par_1_112' title="bbox 2148 4607 3645 4682">
     <span class='ocr_line' id='line_1_170' title="bbox 2148 4607 3645 4682; baseline -0.003 -18"><span class='ocrx_word' id='word_1_824' title='bbox 2148 4621 2270 4682; x_wconf 80' lang='lat' dir='ltr'><strong>post</strong></span> <span class='ocrx_word' id='word_1_825' title='bbox 2311 4611 2424 4666; x_wconf 70' lang='lat' dir='ltr'><strong>haec</strong></span> <span class='ocrx_word' id='word_1_826' title='bbox 2449 4609 2714 4676; x_wconf 86' lang='lat' dir='ltr'><strong>cetnplcta</strong></span> <span class='ocrx_word' id='word_1_827' title='bbox 2756 4607 3038 4676; x_wconf 85' lang='lat' dir='ltr'><strong>adaptetttr</strong></span> <span class='ocrx_word' id='word_1_828' title='bbox 3075 4616 3242 4661; x_wconf 85' lang='lat' dir='ltr'><strong>totum</strong></span> <span class='ocrx_word' id='word_1_829' title='bbox 3282 4609 3645 4676; x_wconf 75' lang='lat' dir='ltr'><strong>pavimentum</strong></span> 
     </span>
    </p>
   </div>
   <div class='ocr_carea' id='block_1_113' title="bbox 2153 4685 3646 4774">
    <p class='ocr_par' dir='ltr' id='par_1_113' title="bbox 2153 4700 3646 4774">
     <span class='ocr_line' id='line_1_171' title="bbox 2153 4700 3646 4774; baseline -0.002 -20"><span class='ocrx_word' id='word_1_830' title='bbox 2153 4705 2347 4774; x_wconf 80' lang='lat' dir='ltr'><strong>quadri</strong></span> <span class='ocrx_word' id='word_1_831' title='bbox 2380 4703 2688 4767; x_wconf 72' lang='lat' dir='ltr'><strong>exterimis,</strong></span> <span class='ocrx_word' id='word_1_832' title='bbox 2734 4703 2812 4755; x_wconf 81' lang='lat' dir='ltr'><strong>vel</strong></span> <span class='ocrx_word' id='word_1_833' title='bbox 2855 4700 3235 4766; x_wconf 78' lang='lat' dir='ltr'><strong>marmoribus,</strong></span> <span class='ocrx_word' id='word_1_834' title='bbox 3270 4702 3313 4754; x_wconf 91' lang='lat' dir='ltr'><strong>si</strong></span> <span class='ocrx_word' id='word_1_835' title='bbox 3369 4703 3646 4769; x_wconf 84' lang='lat' dir='ltr'><strong>reperian-</strong></span> 
     </span>
    </p>
   </div>
   <div class='ocr_carea' id='block_1_114' title="bbox 2158 4795 3646 4864">
    <p class='ocr_par' dir='ltr' id='par_1_114' title="bbox 2158 4795 3646 4864">
     <span class='ocr_line' id='line_1_172' title="bbox 2158 4795 3646 4864; baseline -0.001 -14"><span class='ocrx_word' id='word_1_836' title='bbox 2158 4809 2262 4861; x_wconf 88' lang='lat' dir='ltr'><strong>tur,</strong></span> <span class='ocrx_word' id='word_1_837' title='bbox 2290 4797 2372 4850; x_wconf 79' lang='lat' dir='ltr'><strong>rel</strong></span> <span class='ocrx_word' id='word_1_838' title='bbox 2406 4796 2710 4849; x_wconf 85' lang='lat' dir='ltr'><strong>matonihus</strong></span> <span class='ocrx_word' id='word_1_839' title='bbox 2740 4795 2909 4862; x_wconf 82' lang='lat' dir='ltr'><strong>magis</strong></span> <span class='ocrx_word' id='word_1_840' title='bbox 2947 4795 3167 4864; x_wconf 88' lang='lat' dir='ltr'><strong>quadris</strong></span> <span class='ocrx_word' id='word_1_841' title='bbox 3197 4796 3491 4849; x_wconf 87' lang='lat' dir='ltr'><strong>secundum</strong></span> <span class='ocrx_word' id='word_1_842' title='bbox 3538 4795 3646 4849; x_wconf 90' lang='lat' dir='ltr'><strong>for-</strong></span> 
     </span>
    </p>
   </div>
   <div class='ocr_carea' id='block_1_115' title="bbox 2152 4883 3648 4953">
    <p class='ocr_par' dir='ltr' id='par_1_115' title="bbox 2152 4883 3648 4953">
     <span class='ocr_line' id='line_1_173' title="bbox 2152 4883 3648 4953; baseline -0.003 -13"><span class='ocrx_word' id='word_1_843' title='bbox 2152 4903 2292 4940; x_wconf 87' lang='lat' dir='ltr'><strong>tnam</strong></span> <span class='ocrx_word' id='word_1_844' title='bbox 2327 4887 2671 4953; x_wconf 85' lang='lat' dir='ltr'><strong>antiquorum</strong></span> <span class='ocrx_word' id='word_1_845' title='bbox 2717 4893 3019 4949; x_wconf 79' lang='lat' dir='ltr'><strong>matorium,</strong></span> <span class='ocrx_word' id='word_1_846' title='bbox 3073 4884 3153 4938; x_wconf 77' lang='lat' dir='ltr'><strong>vel</strong></span> <span class='ocrx_word' id='word_1_847' title='bbox 3208 4883 3382 4951; x_wconf 80' lang='lat' dir='ltr'><strong>aliqua</strong></span> <span class='ocrx_word' id='word_1_848' title='bbox 3427 4884 3648 4937; x_wconf 83' lang='lat' dir='ltr'><strong>materia</strong></span> 
     </span>
    </p>
   </div>
   <div class='ocr_carea' id='block_1_116' title="bbox 2151 4976 3428 5045">
    <p class='ocr_par' dir='ltr' id='par_1_116' title="bbox 2151 4976 3428 5045">
     <span class='ocr_line' id='line_1_174' title="bbox 2151 4976 3428 5045; baseline -0.006 -9"><span class='ocrx_word' id='word_1_849' title='bbox 2151 4980 2533 5044; x_wconf 88' lang='lat' dir='ltr'><strong>convenieuti;</strong></span> <span class='ocrx_word' id='word_1_850' title='bbox 2571 4989 2624 5032; x_wconf 86' lang='lat' dir='ltr'><strong>et</strong></span> <span class='ocrx_word' id='word_1_851' title='bbox 2658 4977 2907 5031; x_wconf 88' lang='lat' dir='ltr'><strong>similiter</strong></span> <span class='ocrx_word' id='word_1_852' title='bbox 2947 4978 3108 5030; x_wconf 88' lang='lat' dir='ltr'><strong>etiam</strong></span> <span class='ocrx_word' id='word_1_853' title='bbox 3143 4976 3428 5045; x_wconf 88' lang='lat' dir='ltr'><strong>pulpitum.</strong></span> 
     </span>
    </p>
   </div>
   <div class='ocr_carea' id='block_1_117' title="bbox 2157 5065 3647 5133">
    <p class='ocr_par' dir='ltr' id='par_1_117' title="bbox 2157 5065 3647 5133">
     <span class='ocr_line' id='line_1_175' title="bbox 2157 5065 3647 5133; baseline -0.003 -11"><span class='ocrx_word' id='word_1_854' title='bbox 2157 5090 2174 5122; x_wconf 77' lang='grc' dir='ltr'>ι</span> <span class='ocrx_word' id='word_1_855' title='bbox 2212 5071 2344 5124; x_wconf 90' lang='lat' dir='ltr'><strong>Item</strong></span> <span class='ocrx_word' id='word_1_856' title='bbox 2383 5067 2502 5122; x_wconf 88' lang='lat' dir='ltr'><strong>volo</strong></span> <span class='ocrx_word' id='word_1_857' title='bbox 2527 5079 2583 5121; x_wconf 92' lang='lat' dir='ltr'><strong>ut</strong></span> <span class='ocrx_word' id='word_1_858' title='bbox 2617 5071 2809 5122; x_wconf 88' lang='lat' dir='ltr'><strong>domus</strong></span> <span class='ocrx_word' id='word_1_859' title='bbox 2843 5083 2960 5132; x_wconf 73' lang='lat' dir='ltr'><strong>qua:</strong></span> <span class='ocrx_word' id='word_1_860' title='bbox 2997 5077 3114 5120; x_wconf 90' lang='lat' dir='ltr'><strong>crat</strong></span> <span class='ocrx_word' id='word_1_861' title='bbox 3163 5069 3433 5133; x_wconf 84' lang='lat' dir='ltr'><strong>quondam</strong></span> <span class='ocrx_word' id='word_1_862' title='bbox 3466 5065 3647 5119; x_wconf 77' lang='lat' dir='ltr'><strong>Basilii</strong></span> 
     </span>
    </p>
   </div>
   <div class='ocr_carea' id='block_1_118' title="bbox 2151 5157 3646 5231">
    <p class='ocr_par' dir='ltr' id='par_1_118' title="bbox 2151 5157 3646 5231">
     <span class='ocr_line' id='line_1_176' title="bbox 2151 5157 3646 5231; baseline -0.003 -15"><span class='ocrx_word' id='word_1_863' title='bbox 2151 5165 2216 5216; x_wconf 90' lang='lat' dir='ltr'><strong>de</strong></span> <span class='ocrx_word' id='word_1_864' title='bbox 2255 5159 2619 5231; x_wconf 84' lang='lat' dir='ltr'><strong>Episcopinis,</strong></span> <span class='ocrx_word' id='word_1_865' title='bbox 2666 5161 2912 5214; x_wconf 85' lang='lat' dir='ltr'><strong>semiferi</strong></span> <span class='ocrx_word' id='word_1_866' title='bbox 2967 5169 3021 5212; x_wconf 88' lang='lat' dir='ltr'><strong>et</strong></span> <span class='ocrx_word' id='word_1_867' title='bbox 3060 5157 3342 5210; x_wconf 84' lang='lat' dir='ltr'><strong>familiaris</strong></span> <span class='ocrx_word' id='word_1_868' title='bbox 3387 5158 3508 5217; x_wconf 88' lang='lat' dir='ltr'><strong>mei,</strong></span> <span class='ocrx_word' id='word_1_869' title='bbox 3547 5157 3646 5211; x_wconf 88' lang='lat' dir='ltr'><strong>sita</strong></span> 
     </span>
    </p>
   </div>
   <div class='ocr_carea' id='block_1_119' title="bbox 2153 5251 3649 5323">
    <p class='ocr_par' dir='ltr' id='par_1_119' title="bbox 2153 5251 3649 5323">
     <span class='ocr_line' id='line_1_177' title="bbox 2153 5251 3649 5323; baseline -0.005 -15"><span class='ocrx_word' id='word_1_870' title='bbox 2153 5254 2334 5308; x_wconf 63' lang='lat' dir='ltr'><strong>Romae</strong></span> <span class='ocrx_word' id='word_1_871' title='bbox 2364 5253 2414 5306; x_wconf 91' lang='lat' dir='ltr'><strong>in</strong></span> <span class='ocrx_word' id='word_1_872' title='bbox 2449 5253 2666 5323; x_wconf 78' lang='lat' dir='ltr'><strong>regione</strong></span> <span class='ocrx_word' id='word_1_873' title='bbox 2689 5253 3022 5320; x_wconf 68' lang='lat' dir='ltr'><strong>(Iolumpntc,</strong></span> <span class='ocrx_word' id='word_1_874' title='bbox 3063 5266 3184 5304; x_wconf 90' lang='lat' dir='ltr'><strong>cum</strong></span> <span class='ocrx_word' id='word_1_875' title='bbox 3221 5251 3470 5304; x_wconf 81' lang='lat' dir='ltr'><strong>omnibus</strong></span> <span class='ocrx_word' id='word_1_876' title='bbox 3503 5252 3649 5318; x_wconf 84' lang='lat' dir='ltr'><strong>adja-</strong></span> 
     </span>
    </p>
   </div>
   <div class='ocr_carea' id='block_1_120' title="bbox 2153 5330 3651 5412">
    <p class='ocr_par' dir='ltr' id='par_1_120' title="bbox 2153 5330 3651 5412">
     <span class='ocr_line' id='line_1_178' title="bbox 2153 5330 3651 5412; baseline -0.003 -14"><span class='ocrx_word' id='word_1_877' title='bbox 2153 5344 2349 5398; x_wconf 87' lang='lat' dir='ltr'><strong>centiis</strong></span> <span class='ocrx_word' id='word_1_878' title='bbox 2379 5343 2493 5397; x_wconf 84' lang='lat' dir='ltr'><strong>suis</strong></span> <span class='ocrx_word' id='word_1_879' title='bbox 2541 5352 2595 5396; x_wconf 90' lang='lat' dir='ltr'><strong>et</strong></span> <span class='ocrx_word' id='word_1_880' title='bbox 2627 5330 3002 5412; x_wconf 76' lang='lat' dir='ltr'><strong>pertinentiis,</strong></span> <span class='ocrx_word' id='word_1_881' title='bbox 3034 5341 3298 5395; x_wconf 78' lang='lat' dir='ltr'><strong>vendatur</strong></span> <span class='ocrx_word' id='word_1_882' title='bbox 3352 5341 3470 5408; x_wconf 84' lang='lat' dir='ltr'><strong>plus</strong></span> <span class='ocrx_word' id='word_1_883' title='bbox 3516 5341 3651 5394; x_wconf 82' lang='lat' dir='ltr'><strong>olfe-</strong></span> 
     </span>
    </p>
   </div>
   <div class='ocr_carea' id='block_1_121' title="bbox 2157 5435 3654 5505">
    <p class='ocr_par' dir='ltr' id='par_1_121' title="bbox 2157 5435 3654 5505">
     <span class='ocr_line' id='line_1_179' title="bbox 2157 5435 3654 5505; baseline -0.001 -15"><span class='ocrx_word' id='word_1_884' title='bbox 2157 5438 2316 5500; x_wconf 85' lang='lat' dir='ltr'><strong>renti,</strong></span> <span class='ocrx_word' id='word_1_885' title='bbox 2348 5445 2401 5490; x_wconf 90' lang='lat' dir='ltr'><strong>et</strong></span> <span class='ocrx_word' id='word_1_886' title='bbox 2439 5451 2503 5491; x_wconf 77' lang='lat' dir='ltr'><strong>ex</strong></span> <span class='ocrx_word' id='word_1_887' title='bbox 2547 5437 2750 5489; x_wconf 84' lang='lat' dir='ltr'><strong>eisdem</strong></span> <span class='ocrx_word' id='word_1_888' title='bbox 2806 5435 3048 5505; x_wconf 87' lang='lat' dir='ltr'><strong>pecuniis</strong></span> <span class='ocrx_word' id='word_1_889' title='bbox 3082 5449 3334 5488; x_wconf 78' lang='lat' dir='ltr'><strong>eruantur</strong></span> <span class='ocrx_word' id='word_1_890' title='bbox 3377 5450 3474 5502; x_wconf 89' lang='lat' dir='ltr'><strong>pro</strong></span> <span class='ocrx_word' id='word_1_891' title='bbox 3529 5437 3654 5488; x_wconf 86' lang='lat' dir='ltr'><strong>dote</strong></span> 
     </span>
    </p>
   </div>
   <div class='ocr_carea' id='block_1_122' title="bbox 2153 5523 3656 5592">
    <p class='ocr_par' dir='ltr' id='par_1_122' title="bbox 2153 5523 3656 5592">
     <span class='ocr_line' id='line_1_180' title="bbox 2153 5523 3656 5592; baseline 0.001 -16"><span class='ocrx_word' id='word_1_892' title='bbox 2153 5523 2393 5592; x_wconf 87' lang='lat' dir='ltr'><strong>ejusdem</strong></span> <span class='ocrx_word' id='word_1_893' title='bbox 2427 5523 2645 5591; x_wconf 74' lang='lat' dir='ltr'><strong>capella:</strong></span> <span class='ocrx_word' id='word_1_894' title='bbox 2687 5526 2736 5575; x_wconf 92' lang='lat' dir='ltr'><strong>in</strong></span> <span class='ocrx_word' id='word_1_895' title='bbox 2773 5525 2907 5578; x_wconf 89' lang='lat' dir='ltr'><strong>locis</strong></span> <span class='ocrx_word' id='word_1_896' title='bbox 2935 5524 3089 5577; x_wconf 86' lang='lat' dir='ltr'><strong>bonis</strong></span> <span class='ocrx_word' id='word_1_897' title='bbox 3113 5533 3166 5577; x_wconf 91' lang='lat' dir='ltr'><strong>et</strong></span> <span class='ocrx_word' id='word_1_898' title='bbox 3197 5523 3382 5577; x_wconf 90' lang='lat' dir='ltr'><strong>liberis</strong></span> <span class='ocrx_word' id='word_1_899' title='bbox 3418 5539 3481 5577; x_wconf 91' lang='lat' dir='ltr'><strong>ac</strong></span> <span class='ocrx_word' id='word_1_900' title='bbox 3513 5525 3656 5592; x_wconf 26' lang='lat' dir='ltr'><strong>utili,-</strong></span> 
     </span>
    </p>
   </div>
   <div class='ocr_carea' id='block_1_123' title="bbox 2156 5615 3650 5684">
    <p class='ocr_par' dir='ltr' id='par_1_123' title="bbox 2156 5615 3650 5684">
     <span class='ocr_line' id='line_1_181' title="bbox 2156 5615 3650 5684; baseline 0.003 -15"><span class='ocrx_word' id='word_1_901' title='bbox 2156 5615 2254 5669; x_wconf 89' lang='lat' dir='ltr'><strong>bus</strong></span> <span class='ocrx_word' id='word_1_902' title='bbox 2295 5616 2676 5684; x_wconf 88' lang='lat' dir='ltr'><strong>resp0nsiones</strong></span> <span class='ocrx_word' id='word_1_903' title='bbox 2710 5615 2815 5669; x_wconf 89' lang='lat' dir='ltr'><strong>vini</strong></span> <span class='ocrx_word' id='word_1_904' title='bbox 2860 5618 3156 5670; x_wconf 88' lang='lat' dir='ltr'><strong>secumlum</strong></span> <span class='ocrx_word' id='word_1_905' title='bbox 3203 5618 3650 5673; x_wconf 90' lang='lat' dir='ltr'><strong>consuetudinem</strong></span> 
     </span>
    </p>
   </div>
   <div class='ocr_carea' id='block_1_124' title="bbox 2157 5707 3653 5777">
    <p class='ocr_par' dir='ltr' id='par_1_124' title="bbox 2157 5707 3653 5777">
     <span class='ocr_line' id='line_1_182' title="bbox 2157 5707 3653 5777; baseline 0.005 -19"><span class='ocrx_word' id='word_1_906' title='bbox 2157 5723 2273 5775; x_wconf 79' lang='lat' dir='ltr'><strong>qua:</strong></span> <span class='ocrx_word' id='word_1_907' title='bbox 2309 5707 2423 5762; x_wconf 86' lang='lat' dir='ltr'><strong>fieri</strong></span> <span class='ocrx_word' id='word_1_908' title='bbox 2457 5707 2592 5762; x_wconf 87' lang='lat' dir='ltr'><strong>solet</strong></span> <span class='ocrx_word' id='word_1_909' title='bbox 2623 5708 2828 5762; x_wconf 63' lang='lat' dir='ltr'><strong>Romae.</strong></span> <span class='ocrx_word' id='word_1_910' title='bbox 2859 5709 3109 5764; x_wconf 86' lang='lat' dir='ltr'><strong>Concedo</strong></span> <span class='ocrx_word' id='word_1_911' title='bbox 3138 5721 3314 5764; x_wconf 89' lang='lat' dir='ltr'><strong>autem</strong></span> <span class='ocrx_word' id='word_1_912' title='bbox 3353 5711 3653 5777; x_wconf 88' lang='lat' dir='ltr'><strong>plenariam</strong></span> 
     </span>
    </p>
   </div>
   <div class='ocr_carea' id='block_1_125' title="bbox 2156 5800 3658 5862">
    <p class='ocr_par' dir='ltr' id='par_1_125' title="bbox 2156 5800 3658 5862">
     <span class='ocr_line' id='line_1_183' title="bbox 2156 5800 3658 5862; baseline 0 -6"><span class='ocrx_word' id='word_1_913' title='bbox 2156 5800 2468 5858; x_wconf 79' lang='lat' dir='ltr'><strong>facultatem</strong></span> <span class='ocrx_word' id='word_1_914' title='bbox 2513 5809 2564 5856; x_wconf 90' lang='lat' dir='ltr'><strong>cl</strong></span> <span class='ocrx_word' id='word_1_915' title='bbox 2610 5800 2833 5856; x_wconf 83' lang='lat' dir='ltr'><strong>liberam</strong></span> <span class='ocrx_word' id='word_1_916' title='bbox 2885 5802 3146 5857; x_wconf 80' lang='lat' dir='ltr'><strong>vendendi</strong></span> <span class='ocrx_word' id='word_1_917' title='bbox 3181 5801 3397 5857; x_wconf 75' lang='lat' dir='ltr'><strong>domum</strong></span> <span class='ocrx_word' id='word_1_918' title='bbox 3432 5804 3658 5862; x_wconf 72' lang='lat' dir='ltr'><strong>nrwdic-</strong></span> 
     </span>
    </p>
   </div>
  </div>
