3990 6218
313 373 480 414 ιίΧΧΙ

310 498 330 531 ι
380 491 490 532 tam
552 475 782 548 prtefato
830 478 893 534 D.
947 479 1194 536 Simeoni
1235 481 1304 536 de
1354 483 1594 544 Pellinis,
1655 485 1892 537 auditori

315 590 337 624 ι
381 580 574 628 nostro
599 581 652 626 et
672 571 1007 628 subdiacono
1041 574 1362 644 apostolico,
1389 575 1562 630 solum
1601 586 1655 630 et
1683 576 1738 629 io
1768 577 1900 630 soli-

319 682 338 716 ι
384 664 535 726 dum,
569 663 662 733 qui
712 664 949 734 deponat
996 666 1257 735 pecunias
1304 667 1590 736 praedictas
1627 667 1678 719 in
1727 668 1901 722 hancn

317 771 338 807 ι
387 755 568 824 aliquo
603 756 762 827 139
785 772 979 811 securo
1005 757 1093 811 ubi
1130 759 1511 813 custodiantur
1531 797 1546 822 ,
1579 774 1677 812 nec
1704 757 1902 824 aliquis

325 865 345 898 ι
393 863 485 902 eas
518 858 700 916 tangat
733 851 906 904 donec
931 860 1181 903 cmantur
1201 850 1584 918 responsiones
1609 849 1900 919 prtedictte,

319 958 339 990 ι
387 942 524 995 sicut
556 940 945 1010 przedixitnns;
996 942 1132 996 bene
1165 951 1217 996 et
1249 939 1540 1010 diligenter
1569 943 1813 995 atteni'at
1847 950 1905 995 ut

318 1051 338 1082 σ
389 1033 768 1100 responsiones
792 1032 902 1086 sint
933 1033 1086 1088 bonae
1109 1043 1163 1086 et
1198 1047 1404 1088 secura:
1425 1041 1480 1087 et
1512 1033 1564 1086 in
1593 1033 1772 1099 bonis,
1805 1049 1898 1086 se-

319 1143 338 1174 ς
389 1126 532 1178 curis
555 1134 718 1193 atque
749 1125 883 1179 tutis
910 1125 1210 1177 consistant
1246 1125 1432 1179 locis.»

391 1215 520 1282 Quae
548 1216 733 1270 omnia
766 1227 819 1269 et
860 1217 1070 1284 singula
1114 1216 1369 1284 praefatus
1401 1216 1570 1270 Rtnus
1605 1217 1667 1270 Ι).
1704 1215 1901 1268 Bessa-

321 1309 467 1374 rion,
499 1309 808 1376 episcopus,
850 1306 1176 1369 cardinalis,
1231 1308 1538 1374 patriarcha
1575 1314 1629 1360 et
1675 1305 1901 1375 legatus,

318 1404 573 1457 omnibus
596 1403 913 1458 melioribus
933 1402 1112 1467 modo,
1140 1402 1410 1471 via,jure,
1432 1417 1594 1456 causa
1627 1411 1679 1454 et
1703 1404 1902 1466 forma,

315 1495 527 1563 quibus
573 1495 764 1549 melius
793 1503 849 1545 et
883 1492 1156 1546 eﬂicacins
1209 1492 1379 1560 potuit
1413 1501 1466 1546 et
1493 1493 1702 1555 debuit,
1755 1492 1908 1553 fecit,

320 1588 626 1650 ordinavit,
681 1586 937 1649 instituit,
993 1594 1050 1638 et
1094 1585 1302 1637 dimisit
1359 1586 1565 1647 volens,
1613 1585 1906 1652 praemissis

318 1678 576 1732 omnibus
609 1687 664 1730 et
701 1675 951 1746 singulis,
986 1691 1126 1728 nunc
1165 1686 1219 1729 et
1254 1676 1304 1728 in
1350 1687 1671 1744 perpetuum
1711 1678 1900 1728 tamin

322 1769 523 1838 judicio
554 1784 717 1838 quam
746 1778 896 1822 extra
950 1777 1004 1821 et
1037 1769 1237 1837 uhiqtte
1271 1767 1512 1821 locorum
1545 1766 1701 1821 fidem
1746 1767 1907 1819 indu-

325 1858 470 1912 biam
523 1857 794 1912 adhiberi.
824 1856 996 1924 Super
1045 1858 1242 1926 quibus
1271 1858 1526 1913 omnibus
1572 1867 1626 1911 et
1680 1859 1906 1927 singulis

326 1950 469 2005 idem
511 1949 680 2002 Rnius
706 1949 765 2003 D.
799 1949 1083 2006 Bessarion
1123 1949 1224 2002 sibi
1255 1963 1282 2002 a
1320 1964 1407 2002 me
1449 1951 1661 2003 notario
1694 1952 1910 2019 publico

330 2041 681 2110 infrascripto
737 2057 923 2104 unmn,
993 2041 1074 2094 vel
1131 2040 1307 2110 plura,
1363 2040 1632 2108 publicum
1669 2057 1761 2095 seu
1812 2058 1913 2111 pu-

330 2135 472 2188 blica
503 2131 620 2186 ﬁeri
650 2139 707 2188 et
727 2133 918 2188 confici
961 2133 1127 2189 voluit
1179 2134 1599 2188 instrumentum
1627 2141 1682 2188 et
1710 2134 1910 2188 instru-

331 2235 532 2281 menta.

403 2323 534 2374 Acta
570 2319 864 2374 fueruntet
899 2329 1029 2374 sunt
1057 2318 1174 2373 lucc
1212 2316 1448 2372 \icnetiis
1491 2319 1542 2372 in
1576 2320 1913 2374 monasterio

327 2412 385 2467 S.
413 2411 636 2480 Georgii
667 2410 904 2478 Maioris,
931 2413 1032 2465 sub
1064 2425 1226 2475 anno,
1255 2410 1568 2475 indictione,
1596 2413 1701 2478 die,
1727 2427 1916 2467 mense

325 2517 381 2562 et
399 2505 722 2574 pontificatu
749 2505 945 2574 quibus
973 2519 1159 2573 supra,
1176 2505 1536 2572 praesentibus
1555 2506 1754 2559 ibidem
1778 2504 1917 2559 Raro

325 2599 382 2654 in
422 2597 651 2653 Christo
680 2595 842 2652 Patre
877 2607 930 2651 et
963 2597 1077 2650 Duo
1128 2595 1367 2664 Nicolao,
1407 2597 1499 2652 Dei
1525 2607 1578 2652 ct
1605 2596 1918 2667 apostolica:

326 2691 480 2745 sedis
506 2691 682 2760 gratia
716 2689 1130 2757 archiepiscopo
1159 2687 1467 2758 Sipontino,
1491 2704 1555 2744 ac
1589 2689 1920 2744 venerabili-

328 2783 439 2838 bus
479 2783 608 2836 viris
647 2780 780 2834 Dnis
812 2780 1049 2852 Eugenio
1078 2781 1423 2848 Mauroceno,
1452 2785 1792 2837 decretorum
1819 2782 1918 2836 do-

330 2886 508 2939 ctore,
545 2890 610 2929 ac
661 2874 916 2929 Mattbmo
947 2875 1013 2928 de
1041 2874 1266 2942 Narnia,
1303 2875 1540 2944 pra-fatis
1589 2876 1923 2947 presbyteris

329 2967 634 3038 capeliauis
665 2967 873 3036 praefati
905 2967 1026 3021 [ἶιηί
1051 2967 1114 3022 D.
1141 2967 1506 3036 Bcssarionis,
1531 2969 1766 3039 episcopi
1796 2985 1920 3024 car-

332 3061 566 3127 dinalis,
584 3061 815 3116 testibus
834 3061 897 3115 ad
926 3061 1208 3131 praemissa
1230 3061 1439 3116 vocatis
1465 3061 1747 3132 speciatim
1765 3070 1926 3130 atque

335 3155 571 3225 rogatis.

415 3247 486 3302 Et
516 3263 618 3318 ego
641 3245 989 3304 Joannes‘de
1032 3247 1352 3312 licesboem,
1393 3245 1626 3301 clericus
1671 3245 1926 3301 Camera-

337 3340 524 3398 censis
554 3341 831 3404 diaact-sis,
881 3341 1124 3407 publicus
1153 3355 1309 3393 sacra
1357 3339 1567 3407 imperii
1604 3339 1932 3393 auctoritate

342 3431 616 3495 notarius,
655 3431 778 3499 quia
815 3429 1114 3499 praemissis
1165 3428 1519 3492 ordinationi,
1559 3428 1928 3498 dispositioni,

343 3523 707 3589 ittS'ilttlioni,
752 3522 1034 3576 dottationi
1079 3535 1134 3576 et
1171 3521 1497 3587 dimissioni,
1525 3536 1588 3576 ac
1645 3523 1930 3586 voluntati,

342 3616 715 3682 omnibusque
741 3613 880 3675 aliis,
913 3627 1073 3680 prout
1125 3613 1176 3664 in
1209 3613 1371 3667 dictis
1409 3612 1659 3681 capitulis
1687 3614 1933 3666 contine-

341 3720 464 3770 tur,
523 3717 573 3760 et
603 3707 856 3777 singulis,
889 3707 1016 3760 dntn
1051 3707 1130 3760 sic
1162 3716 1220 3759 ut
1255 3707 1624 3774 prannittitur,
1675 3721 1769 3775 per
1799 3721 1935 3774 prac-

344 3804 532 3858 fatunt
563 3802 749 3854 Rannm
801 3800 862 3854 Ι).
899 3800 1276 3854 Bessari’onem
1331 3800 1645 3868 episcopum
1677 3801 1957 3855 cardiua-.

337 3897 490 3960 lem,
524 3894 880 3962 patriarcham
931 3901 986 3945 et
1037 3892 1273 3959 legatum
1311 3891 1498 3944 fierent
1528 3901 1581 3945 et
1619 3908 1934 3962 agerentur,

340 4005 457 4044 una
497 4003 619 4042 cum
670 3989 1076 4056 prtenominatis
1117 3989 1344 4042 testibus
1382 4006 1621 4060 praesens
1663 3994 1881 4047 interfui
1916 4033 1931 4057 ,

337 4099 521 4152 eaque
557 4084 637 4138 sic
660 4083 773 4136 ﬁeri
803 4082 906 4134 vidi
936 4091 988 4135 et
1017 4083 1220 4143 audivi,
1259 4084 1378 4135 ideo
1430 4084 1532 4138 hoc
1565 4101 1804 4154 praesens
1837 4104 1935 4154 pn-

342 4179 559 4231 blicutn
608 4175 1028 4228 instrumentum
1077 4175 1275 4227 exinde
1317 4176 1522 4228 confeci
1557 4188 1608 4230 et
1669 4179 1720 4231 in
1755 4190 1934 4233 notam

340 4270 573 4337 Scripsi,
613 4269 939 4337 subscripsi,
973 4268 1278 4337 publicavi,
1305 4271 1440 4322 etin
1476 4269 1617 4323 hanc
1669 4270 1934 4339 publicam

345 4367 588 4420 formam
621 4365 827 4435 redegi,
859 4364 1121 4434 signoque
1151 4371 1206 4416 et
1257 4363 1479 4417 nomine
1514 4364 1647 4417 meis
1679 4365 1851 4418 solitis
1884 4374 1941 4419 ct

346 4457 635 4511 consuetis
666 4455 901 4528 signavi.
923 4455 976 4508 In
1007 4455 1162 4508 fidem
1201 4465 1255 4508 et
1288 4455 1661 4509 testimonium
1698 4456 1938 4509 omnium

345 4561 406 4604 et
430 4548 772 4618 singulormn
807 4549 1211 4618 praemissorum
1261 4556 1478 4618 regatus
1534 4556 1590 4600 ct
1647 4547 1941 4615 requisitos

345 4658 453 4710 ego
493 4641 637 4694 idem
678 4640 943 4702 notarius,
982 4640 1071 4709 qui
1109 4639 1346 4705 approbo
1402 4653 1562 4706 supra
1619 4648 1673 4692 ct
1726 4649 1944 4694 constat

350 4735 492 4787 mihi
524 4734 590 4786 de
631 4735 811 4788 verbis
844 4733 984 4786 rasis
1025 4733 1075 4786 in
1111 4731 1297 4785 ultima
1327 4730 1469 4784 linea
1515 4730 1690 4784 ultimi
1718 4733 1941 4801 capituli

352 4825 688 4894 praeinserti,
749 4826 978 4888 scilicet,
1018 4823 1134 4889 sed,
1180 4830 1234 4876 ut
1287 4823 1656 4892 prtediximus,
1698 4823 1834 4878 bene
1890 4837 1944 4878 et

352 4921 654 4988 diligenter
689 4918 935 4971 attendat
967 4925 1024 4969 ut
1051 4915 1428 4984 restionsioncs
1461 4915 1568 4967 sint
1596 4915 1748 4968 home
1772 4926 1824 4968 et
1857 4934 1944 4970 se-

353 5026 533 5074 (ιιι-ω,
560 5011 694 5063 etin
726 5009 904 5071 bonis,
937 5010 1141 5062 securis
1187 5023 1249 5060 ac
1284 5006 1416 5060 tutis
1456 5006 1587 5060 locis
1616 5009 1945 5072 consistant,

359 5102 515 5170 quod
547 5111 819 5170 protestor
852 5117 1010 5152 manu
1048 5100 1265 5167 propria
1297 5116 1394 5167 ego
1426 5099 1565 5152 idem
1595 5096 1836 5153 Joannes
1882 5103 1947 5152 de

360 5194 688 5259 lleesboem,
720 5192 951 5247 clericus
991 5201 1044 5246 et
1081 5192 1341 5246 notarius.

1013 5327 1172 5399 mo
1200 5327 1306 5381 ria

361 5425 702 5480 Bgasnriouis
731 5423 987 5491 diploma,
1023 5424 1216 5474 ironice
1245 5422 1309 5474 ab
1344 5437 1404 5475 eo
1435 5423 1712 5489 scriptum,
1738 5421 1790 5474 iu
1823 5438 1950 5491 gra-

443 5499 571 5547 tiam
606 5493 854 5555 noctesl'ri
884 5493 1042 5545 Pauli
1076 5494 1140 5543 de
1177 5491 1376 5553 Codiis,
1399 5498 1486 5558 qui
1510 5498 1578 5544 ab
1613 5510 1670 5544 co
1703 5494 1949 5545 coronari

444 5566 703 5618 coluerat.
766 5564 846 5616 Ea:
884 5564 978 5614 cod
1001 5580 1055 5615 re
1101 5563 1350 5615 Vaticano
1407 5561 1660 5616 Urbiuate
1719 5582 1773 5616 ιι.
1823 5564 1950 5626 092,

445 5641 763 5697 memorari."
797 5634 953 5695 iit-«5',
982 5651 1034 5701 p.
1081 5635 1174 5686 187
1205 5649 1315 5702 sqq.

449 5747 509 5800 ιιι
543 5749 778 5812 nomine,
817 5760 922 5802 rtc.
951 5747 1058 5800 Nos
1090 5746 1397 5812 Bossarion,
1448 5747 1534 5801 D.i
1565 5759 1615 5801 ct
1643 5747 1951 5815 apostolicze

373 5842 527 5896 sedis
556 5843 721 5912 gratia
749 5843 1035 5912 episcopus
1067 5840 1402 5922 Tusculanus
1430 5861 1487 5892 :ti'
1533 5841 1824 5895 cardinaiis
1860 5839 1943 5892 Ni-

975 362 1282 425 ALOYSII
1326 363 1678 426 BANDINII
1722 367 2361 430 COMMENTARIUS.
2404 394 2471 406 —
2502 368 2907 433 APPENDIX.

3401 381 3592 422 ιχιτη

2006 503 2215 553 etenus,
2248 487 2520 542 universis
2566 496 2620 542 et
2649 485 2873 555 singulis
2907 483 3355 539 Christifitlclihns
3381 494 3434 540 et
3464 486 3589 542 aliis

2003 580 2418 650 quilmscunquc
2460 580 2526 633 ad
2563 593 2701 648 quos
2740 586 3032 649 praesentes
3067 578 3405 642 advenerint,
3442 578 3587 633 sa‘u-

2005 680 2111 726 tem
2143 671 2198 724 in
2229 673 2478 726 Domino.

2080 759 2152 814 Ut
2184 761 2387 814 clarius
2431 763 2736 816 innotescat
2767 761 3004 829 qualiter
3048 761 3113 815 ad
3159 770 3396 814 nostram
3450 761 3587 815 noti—

2006 855 2134 906 tiam
2171 854 2411 923 pervenit
2437 869 2499 908 ex
2536 854 2638 908 fide
2673 854 2848 924 dignis
2875 854 3168 923 privilegiis
3191 853 3344 907 nobis
3369 851 3582 917 dolatis,

2004 945 2146 1010 quod
2175 944 2414 998 eximius
2439 945 2634 998 artium
2663 943 2948 998 medicina:
2972 943 3310 1010 aliarumque
3341 941 3584 993 omnium

2005 1034 2306 1087 liberalium
2328 1034 2526 1086 artium
2548 1033 2739 1086 doctor
2761 1032 2822 1086 Ι).
2843 1031 3101 1099 magister
3122 1029 3317 1082 Paulus
3341 1027 3582 1080 Joannes

2006 1128 2070 1180 de
2098 1126 2302 1190 Godiis,
2330 1125 2691 1195 Pergulanus,
2721 1125 2791 1179 ob
2821 1125 2940 1194 ejus
2973 1124 3233 1194 plurimas
3263 1129 3316 1174 et
3349 1122 3583 1172 immen-

2007 1234 2097 1274 sas
2123 1220 2349 1272 virtutes
2373 1233 2400 1270 a
2431 1218 2702 1273 nonnullis
2731 1217 3064 1287 principibus
3092 1223 3146 1270 et
3181 1211 3588 1268 marchionibus

2007 1319 2238 1380 quatuor
2272 1311 2545 1366 laureatus
2575 1325 2638 1366 ac
2675 1325 2869 1366 aureas
2921 1323 3152 1364 coronas
3189 1307 3240 1360 in
3283 1307 3456 1376 capite
3489 1319 3590 1358 suo

2007 1403 2166 1472 digne.
2193 1414 2356 1471 atque
2383 1404 2702 1474 dignissime
2753 1402 3067 1472 acquisivit,
3105 1409 3159 1456 et
3201 1400 3332 1454 visis
3360 1399 3592 1467 publicis

2007 1496 2466 1563 disputationibus
2483 1512 2666 1550 coram
2690 1495 2849 1550 nobis
2871 1495 3078 1564 sparsis
3101 1509 3222 1548 cum
3258 1491 3592 1562 argumentis

2006 1587 2443 1654 sophismaticis,
2493 1589 2964 1658 philosophando,
3025 1587 3367 1648 mttsicando,
3423 1585 3594 1652 tripu-

2007 1677 2208 1732 diando
2239 1693 2361 1732 cum
2393 1681 2573 1748 pnutis
2607 1680 2801 1749 pedum
2838 1679 3138 1733 novissimo
3170 1677 3274 1731 ritu
3309 1694 3431 1731 cum
3471 1692 3589 1728 ma-
3655 1661 3659 1668 ’

2011 1766 2156 1822 xima
2190 1769 2550 1824 delectatione
2599 1769 3106 1834 circumstantimn,
3161 1767 3368 1837 Spiritu
3411 1766 3596 1820 divino

2011 1862 2288 1923 commoti,
2313 1872 2368 1915 ιιι
2405 1863 2542 1915 idem
2577 1863 2724 1916 dom.
2763 1871 2816 1916 et
2849 1852 3109 1930 magister
3141 1859 3456 1928 praelibatus
3481 1857 3596 1925 glo-

2015 1953 2143 2008 riari
2173 1955 2356 2008 valeat
2402 1955 2731 2008 abundantia
2773 1953 3117 2022 dignitatum,
3169 1951 3417 2004 manibus
3463 1965 3596 2018 pru-

2017 2049 2168 2116 priis,
2205 2047 2532 2101 auctoritate
2557 2063 2663 2117 qtta
2701 2046 2974 2116 fungimur
2997 2088 3013 2110 ,
3043 2046 3218 2114 ipsmn
3260 2042 3601 2096 decrevimus

2015 2140 2280 2195 laurearc.
2335 2140 2399 2194 Et
2431 2139 2594 2206 veluti
2654 2139 2744 2194 ille
2793 2147 2949 2207 pater
2991 2138 3248 2205 antiquus
3301 2134 3512 2204 Moyses
3567 2146 3595 2183 ιι

2013 2231 2276 2288 Creatore
2309 2242 2496 2288 nostro
2534 2233 2584 2286 in
2623 2232 2732 2286 alto
2781 2242 2962 2286 monte
3005 2230 3154 2284 Sinai
3187 2230 3356 2299 legem
3391 2240 3602 2280 assum—

2017 2327 2144 2397 psit,
2183 2325 2254 2380 ita
2287 2334 2339 2377 et
2371 2341 2468 2378 nos
2499 2326 2548 2375 in
2594 2323 2859 2376 altissimo
2902 2331 3084 2375 monte
3115 2321 3300 2374 Italico
3342 2320 3602 2374 Catriano

2017 2433 2139 2472 eum
2164 2417 2356 2472 cannis
2387 2425 2442 2468 et
2478 2415 2624 2468 foliis
2648 2413 2782 2466 lattri
2823 2413 2928 2466 nati
2972 2414 3025 2464 in
3053 2414 3366 2465 summitate
3404 2413 3603 2463 montis

2020 2509 2163 2564 illius
2192 2509 2244 2562 in
2265 2506 2444 2576 capite
2461 2516 2514 2560 et
2537 2507 2602 2559 ad
2637 2505 2886 2572 templas,
2921 2520 3069 2558 more
3103 2513 3409 2574 poetarum,
3445 2519 3602 2556 enm-

2019 2603 2140 2657 dem
2179 2599 2240 2654 D.
2274 2611 2328 2655 et
2364 2602 2682 2670 magistrum
2727 2597 2952 2652 Paulum
2994 2609 3315 2666 prmsentem
3352 2605 3406 2650 et
3453 2596 3606 2648 fluxis

2022 2696 2253 2766 genibus
2306 2695 2546 2764 procliva
2617 2693 2908 2747 devotione
2991 2699 3302 2758 poscentem
3363 2690 3598 2757 legitime

2024 2790 2410 2853 laureavimns,
2455 2785 2698 2848 volentes
2745 2783 2886 2837 utin
2936 2793 3219 2850 posterum
3279 2783 3608 2834 auctoritate

2024 2890 2213 2936 nostra
2264 2880 2442 2934 valeat
2489 2894 2585 2948 per
2619 2891 2810 2931 omnes
2841 2885 3027 2944 partes
3075 2873 3287 2927 Italicas
3341 2881 3396 2925 ct
3453 2880 3606 2926 extra

2027 2973 2258 3038 Italiam,
2293 2973 2345 3026 in
2384 2971 2668 3035 Achaiam,
2692 2967 3035 3031 Corinthum,
3070 2967 3347 3030 Athenas,
3382 2967 3434 3019 in
3461 2980 3609 3018 mare

2029 3066 2250 3135 Abydos
2275 3078 2445 3132 ttsque
2481 3060 3010 3130 Constantinopolim
3051 3069 3104 3114 et
3144 3059 3280 3113 citra
3313 3073 3460 3111 mare
3499 3057 3613 3110 Ma-

2025 3173 2190 3228 gnum
2241 3157 2386 3226 quod
2445 3154 2730 3210 Ponticum
2786 3153 3028 3216 dicitur,
3107 3152 3464 3206 discurrendo
3517 3167 3611 3215 per

2032 3251 2245 3305 Latiam
2272 3250 2571 3318 regionem,
2609 3246 2980 3304 Antiochiam,
3014 3243 3317 3299 Ca-saream
3357 3243 3608 3310 Philippi,

2027 3344 2308 3406 Achaiam,
2339 3321 2700 3401 Palazstinam,
2742 3339 2936 3393 Laetam
2961 3337 3223 3398 Grmcam,
3251 3337 3609 3393 Ᾱςοιιιοιιίςιιιι,

2033 3436 2320 3491 Feniceatn
2369 3446 2422 3486 ct
2467 3433 2772 3496 Albaniam,
2815 3446 2910 3500 per
2945 3429 3325 3483 Alexandriam
3353 3436 3405 3479 et
3440 3436 3610 3479 totum

2035 3543 2182 3581 mare
2219 3525 2672 3579 Mediterraneum
2722 3535 2895 3591 usque
2932 3522 2997 3574 ad
3041 3527 3277 3572 montem
3323 3518 3612 3570 Cathafor-

2035 3629 2168 3683 met,
2215 3629 2268 3673 ct
2315 3634 2409 3688 per
2439 3616 2615 3671 Sit-tes
2666 3616 2924 3683 majores,
2959 3625 3008 3668 et
3033 3628 3133 3682 pt-r
3160 3622 3324 3666 tutam
3370 3612 3612 3663 Africani

2039 3727 2203 3783 atque
2240 3728 2334 3781 per
2359 3721 2525 3765 totam
2577 3708 2969 3778 Tripolitanam
3001 3709 3274 3779 regionem
3324 3719 3494 3772 usque
3549 3706 3615 3757 ad

2039 3807 2212 3860 Sirtes
2256 3790 2512 3864 minores,
2537 3807 2590 3853 et
2623 3814 2719 3868 per
2763 3807 2932 3852 totum
2975 3813 3197 3868 regnum
3225 3795 3613 3862 Carthagine"-

2037 3897 2203 3958 sinm,
2243 3904 2296 3948 et
2333 3909 2428 3963 per
2457 3892 2704 3962 regiones
2736 3889 3052 3960 Bysantium
3088 3887 3358 3943 Numidia
3387 3897 3437 3940 et
3455 3887 3619 3940 Gelu-

2041 3989 2236 4057 lorum,
2271 3995 2323 4038 ct
2355 3984 2494 4038 ultra
2520 3982 2714 4035 ﬂumen
2741 3979 3040 4032 ancanum
3070 3977 3160 4046 qui
3182 3978 3350 4030 intrat
3373 3977 3422 4028 in
3444 3989 3613 4037 mare,

2039 4090 2092 4133 et
2125 4093 2219 4147 per
2259 4085 2426 4128 totum
2477 4071 2849 4127 Mauritaniam
2882 4069 3272 4124 Cmsaricnsem
3306 4068 3618 4122 discurren-

2039 4177 2109 4229 do
2156 4191 2277 4228 ctun
2331 4174 2548 4226 fortuna
2586 4185 2680 4239 per
2728 4178 2897 4223 totum
2947 4181 3096 4221 mare
3149 4166 3427 4220 Oceanum
3485 4165 3619 4217 inci-

2041 4268 2235 4334 piendo
2280 4265 2348 4316 ah
2377 4262 2672 4318 Occidente
2705 4276 2800 4328 per
2855 4259 3306 4328 Septentrionem.
3341 4271 3511 4324 usque
3564 4254 3617 4308 lit

2041 4357 2318 4411 Ozientcm
2366 4356 2503 4408 ultra
2536 4351 2688 4424 141
2718 4351 3049 4419 Ilispaniam,
3083 4349 3318 4403 Scotiam
3345 4389 3358 4410 ,
3411 4348 3621 4400 Bruan-

2043 4451 2212 4512 uiam,
2249 4446 2501 4508 Galliam,
2539 4444 2945 4506 Normandiam,
2984 4439 3314 4502 Flandriam,
3345 4455 3511 4504 usque
3551 4439 3618 4490 ad

2046 4544 2292 4596 Rhenum
2321 4538 2542 4602 flumen,
2585 4547 2637 4588 et
2687 4535 2826 4588 ultra
2856 4547 3025 4599 usque
3053 4535 3117 4584 ad
3153 4542 3362 4584 montes
3417 4530 3620 4593 liifvos,

2044 4647 2097 4688 et
2132 4644 2313 4701 postea
2347 4632 2398 4684 in
2445 4629 2665 4681 civitate
2695 4624 2982 4679 Jansboua:
3008 4633 3059 4676 et
3090 4638 3184 4691 per
3224 4633 3389 4674 totam
3417 4619 3619 4674 Barba-

2051 4729 2207 4788 riam,
2241 4734 2292 4776 et
2324 4738 2417 4792 per
2450 4719 2798 4776 Grtmaniam
2831 4716 3164 4785 superiorem
3203 4725 3253 4765 et
3289 4712 3619 4772 inferiorem,

2051 4817 2318 4876 Svctiam,
2360 4813 2606 4876 Daciam,
2642 4810 2853 4880 Syriam
2889 4821 2942 4860 et
2974 4822 3144 4873 usque
3175 4805 3375 4857 ﬂumen
3426 4802 3626 4855 Tanais

2048 4926 2138 4979 qur
2179 4910 2345 4960 intrat
2394 4905 2445 4960 in
2495 4921 2644 4958 mare
2674 4903 2980 4962 Ponticum,
3031 4909 3084 4954 et
3131 4898 3266 4951 ultra
3323 4896 3622 4948 Danubium

2050 5021 2143 5074 per
2182 5013 2347 5054 totam
2381 4999 2710 5065 liungariam
2744 5010 2914 5062 usque
2947 5001 3010 5047 ad
3061 4991 3252 5045 Pal‘eos
3296 5002 3508 5042 montes
3545 5005 3629 5043 re-

2055 5093 2389 5149 trocedendo
2418 5093 2468 5143 in
2500 5089 2838 5142 Pannoniam
2873 5097 2925 5138 et
2982 5083 3348 5136 Macedoniam
3381 5091 3434 5135 ct
3458 5081 3629 5134 'l‘itt'a-

2049 5189 2212 5249 ciam,
2267 5195 2320 5238 ct
2372 5201 2465 5254 per
2507 5199 2657 5236 mare
2715 5183 2956 5234 liuhenm
3005 5192 3174 5245 usque
3231 5177 3296 5228 ad
3352 5175 3630 5230 coiumnas

2053 5279 2300 5334 HeI‘CuIiS
2334 5274 2725 5337 circumeundo
2757 5286 2947 5324 omnes
2994 5270 3128 5322 alias
3165 5271 3412 5337 regiones
3458 5280 3631 5334 usque

2053 5375 2120 5427 ad
2158 5370 2471 5424 l‘aradisutn
2497 5365 2850 5427 deliciarum;
2883 5373 2937 5415 et
2990 5377 3083 5430 per
3120 5363 3308 5414 Asiam
3343 5357 3630 5422 Minorem,

2054 5468 2184 5520 etin
2220 5465 2305 5517 illa
2349 5461 2686 5515 nobilissima
2737 5457 2955 5510 civitate
3007 5455 3201 5517 Assur,
3233 5461 3286 5505 et
3333 5466 3427 5520 pcr
3477 5450 3636 5504 Chal-

2055 5561 2224 5612 daeum
2271 5567 2325 5611 tt
2370 5553 2718 5626 Babyloniam
2769 5562 2934 5604 letam
2977 5547 3330 5602 discurrendo
3366 5547 3418 5598 itt
3459 5543 3638 5596 ﬂumi-

2059 5653 2214 5704 nibus
2233 5650 2412 5718 Tigris
2446 5659 2499 5700 ct
2523 5645 2832 5715 Euphratis,
2865 5659 2926 5697 ac
2954 5641 3210 5694 Arabiam
3232 5648 3283 5693 ct
3315 5638 3636 5690 Damascum

2056 5755 2109 5797 rt
2149 5742 2407 5811 usquead
2436 5750 2647 5794 montes
2680 5738 2866 5792 Libani
2901 5737 2967 5789 ad
3004 5733 3157 5802 cujus
3213 5733 3424 5786 radices
3460 5731 3640 5783 nasci-

2059 5851 2143 5889 lit!‘
2172 5836 2462 5902 Jotdancs,
2489 5842 2540 5888 ct
2579 5833 2714 5888 ultra
2744 5829 3143 5900 Jordanemper
3172 5828 3442 5897 regionem
3483 5825 3628 5878 vide—
