3990 6218
387 350 592 394 LXXXIII

379 450 506 506 licet
536 453 848 524 ldumteam,
882 459 1251 532 Phteniceam,
1280 467 1545 537 Judaeum,
1569 471 1868 532 Jerusalem
1903 489 1962 535 et

379 540 678 614 Bethleem,
733 559 788 604 et
825 555 1151 618 generaliter
1179 572 1297 626 per
1327 569 1496 616 totum
1535 573 1590 619 et
1646 568 1960 627 universum

379 637 639 692 mundum
697 640 946 700 infandas
996 647 1115 716 ejus
1156 650 1431 709 mirabiles
1464 666 1612 712 artes
1661 658 1957 729 legere.....

377 741 636 786 exercere
665 746 788 787 cum
818 735 988 792 libero
1015 742 1244 796 transitu
1280 754 1384 799 tam
1411 749 1525 817 ,‘per
1547 765 1743 821 aquam
1796 772 1956 825 quant

377 834 476 888 per
508 831 731 883 terram.
759 841 878 880 cum
912 829 1165 885 omnibus
1190 846 1243 887 et
1270 837 1497 906 singulis
1520 846 1957 913 exceptionibus,

376 912 682 966 commodis
707 922 755 966 et
783 915 1144 974 incommodis
1178 923 1244 976 ad
1279 925 1451 994 ipsum
1483 912 1679 987 merito
1711 946 1960 1004 spectan-

379 999 524 1056 tibus
553 1009 605 1055 et
634 1001 1038 1071 pertinentibus
1071 1025 1085 1062 :
1131 1014 1469 1079 mandantes,
1519 999 1785 1086 quantum
1835 1039 1961 1093 pos-

285 1135 288 1140 .
377 1105 590 1157 sumus,
645 1095 898 1151 omnibus
951 1097 1148 1169 linguis
1193 1107 1624 1173 supradictarum
1678 1113 1956 1181 regionum

376 1192 431 1237 et
463 1181 702 1239 locorum
737 1195 795 1242 ut
830 1203 1126 1254 praesentes
1183 1206 1396 1251 nostras
1427 1197 1637 1256 litteras
1668 1202 1962 1261 observent

376 1275 687 1344 laciantque
720 1278 1108 1340 inviolabiliter
1149 1288 1455 1345 observari.

452 1366 508 1420 In
535 1383 766 1436 quorum
796 1371 979 1446 fidem,
1016 1383 1128 1430 etc.

1119 1487 1215 1544 IX.

377 1558 647 1661 Posterior
679 1573 883 1661 car'din.
905 1574 1592 1661 .Bessarionisdispositio,
1619 1605 1724 1656 qua
1761 1591 1962 1661 funda-

447 1643 639 1718 tionent
671 1645 1068 1724 «adulationem
1095 1653 1276 1724 sacelli
1297 1643 1644 1724 S.'Eugettité
1675 1663 1728 1713 in
1761 1643 1949 1716 'ntclitts

446 1712 690 1796 mutavit,
739 1714 1327 1796 multo.insuper_bona
1369 1712 1534 1780 cidein
1587 1712 1852 1796 attribuit,
1896 1749 1958 1785 ac

447 1775 657 1860 fratres.
686 1783 802 1837 erit.
857 1775 1126 1841 Μὶηοιίὐη
1176 1792 1230 1844 in
1260 1809 1337 1863 ‘ea
1379 1806 1630 1865 perpetuo
1661 1778 1958 1856 sacellanos

443 1857 702 1906 Instituit.
795 1894 799 1899 .
927 1879 1034 1900 ο...»

447 1935 764 2010 Bessarion,
798 1947 1154 2008 miseratione
1201 1955 1382 2011 divina
1425 1959 1709 2031 episcopus
1747 1961 1958 2018 Tuscu-

374 2027 553 2097 Ianus,
589 2033 648 2090 S.
685 2034 750 2090 Β.
783 2040 845 2093 Ε.
880 2043 1176 2103 rardinalis
1207 2057 1260 2101 et
1294 2027 1958 2118 patriarcha-Constanti-

375 2125 745 2190 nopolitanns,
773 2131 1041 2188 universis
1074 2147 1129 2189 ct
1157 2138 1410 2206 singulis,
1451 2150 1558 2196 tam
1597 2148 1956 2213 prazsentibus

290 2253 303 2275 .,
373 2229 541 2282 quam
595 2219 812 2286 futuris,
853 2226 947 2279 has
1000 2237 1217 2284 nostras
1276 2233 1485 2289 litteras
1522 2237 1850 2307 inspectoris
1901 2248 1958 2293 et

373 2310 662 2377 attdituris,
698 2313 926 2370 salutem
963 2318 1012 2370 in
1045 2319 1160 2374 Duo
1190 2325 1598 2393 sempiternam.

441 2399 522 2454 Ad
578 2404 950 2463 universitatis
989 2420 1182 2467 vestrae
1235 2417 1482 2471 notitiam
1531 2418 1850 2476 deducimus
1900 2429 1957 2476 et

373 2493 566 2549 deduci
610 2496 860 2554 volumus
905 2516 1000 2571 per
1027 2517 1318 2570 praesentes
1357 2525 1371 2562 :
1410 2509 1551 2578 quod
1589 2527 1686 2567 nos
1733 2513 1952 2581 quidem

373 2586 443 2640 de
500 2600 701 2643 nasute
755 2599 812 2643 et
846 2595 1255 2662 progenitornm
1298 2609 1610 2654 nostrorum
1648 2604 1952 2659 animarum

371 2678 549 2732 salute
582 2681 912 2750 cogitantes,
966 2699 1029 2739 ac
1090 2687 1304 2743 laudem
1340 2703 1394 2744 et
1429 2693 1657 2761 gloriam
1700 2698 1954 2768 omnipo-

373 2770 538 2823 tentis
572 2771 662 2825 Dei
694 2781 746 2826 ct
801 2771 902 2830 SS.
942 2776 1222 2835 Mithaelis
1259 2784 1574 2854 archangeli
1627 2797 1680 2841 et
1731 2787 1955 2847 Joannis

374 2859 626 2929 Baptista:
653 2873 706 2917 et
741 2862 798 2918 S.
837 2865 1092 2936 Eugeniae
1132 2871 1270 2941 virg.
1320 2883 1374 2927 et
1403 2877 1682 2946 martyris,
1716 2895 1816 2935 nec
1847 2897 1952 2937 non

372 2965 468 3018 pro
499 2953 666 3008 divini
697 2955 872 3010 cultus
902 2971 1216 3028 augmento,
1261 2964 1417 3035 142
1455 2967 1797 3038 infrascripta
1831 2989 1955 3041 pro-

371 3051 554 3111 pterea
620 3044 796 3103 lasere
824 3048 1192 3119 designantes,
1231 3054 1322 3111 fel.
1383 3062 1592 3113 record.
1640 3059 1786 3116 Dnus
1829 3063 1954 3119 Rus

374 3149 509 3203 papa
539 3135 582 3189 ll
614 3138 679 3192 ad
713 3151 952 3195 nostram
980 3145 1429 3212 supplicationem
1461 3153 1639 3216 ttoltis,
1671 3155 1760 3219 qui
1809 3156 1956 3209 basi-

374 3223 534 3281 licam
586 3227 681 3283 Xll
729 3229 1112 3298 Apostolorum
1157 3235 1226 3290 de
1274 3235 1419 3293 Urbe
1469 3240 1522 3292 in
1577 3247 1950 3299 commendam

375 3330 504 3374 tunc
523 3321 904 3379 obtinebamus
941 3338 1096 3395 prout
1129 3329 1437 3388 obtinenms
1474 3335 1539 3388 de
1564 3339 1953 3408 priescnti,pro

376 3412 546 3478 ipsius
593 3413 830 3471 basilicae
863 3417 1057 3474 decore
1080 3430 1136 3474 et
1179 3424 1358 3478 cultus
1392 3428 1557 3494 praad.
1593 3429 1643 3481 in
1699 3445 1760 3484 ea
1787 3448 1954 3502 ,ειπερ

375 3512 560 3563 mento
579 3504 860 3576 saluteque
889 3509 1214 3577 animarum,
1237 3518 1572 3584 uteapellam
1611 3521 1662 3572 in
1693 3521 1835 3574 dicta
1863 3523 1954 3576 ba-

371 3593 523 3649 silica
555 3597 740 3662 sitam,
774 3613 892 3667 qua:
919 3609 1046 3656 tunc
1093 3605 1192 3659 sub
1229 3607 1568 3663 invocatione
1600 3595 1663 3665 S.'
1703 3613 1953 3683 Eugenia}

373 3688 637 3744 duntaxat
660 3693 934 3747 nominata
967 3705 1024 3749 et
1071 3697 1314 3754 indotata
1341 3711 1481 3768 erat,
1516 3718 1580 3758 ac
1613 3701 1953 3774 reparatione

375 3781 671 3852 indigebat,
720 3785 788 3841 ad
809 3788 1199 3858 omnipotentis
1245 3791 1340 3848 Dei
1388 3792 1598 3850 laudent
1637 3808 1692 3852 et
1722 3801 1951 3868 gloriam

373 3887 632 3941 reparare
657 3891 722 3932 ac
757 3881 859 3934 sub
899 3880 1240 3938 invocatione
1280 3886 1545 3943 dictorum
1588 3891 1684 3946 SS.
1716 3891 1949 3948 Michae-

372 3967 444 4022 lis
491 3971 800 4042 archangeli
851 3980 905 4027 et
943 3972 1169 4031 Joannis
1213 3976 1467 4047 Baptista:
1514 3997 1577 4036 ac
1610 3981 1668 4038 S.
1700 3984 1952 4054 Eugeniae

377 4063 674 4129 intitulare,
704 4081 931 4122 necnon
965 4068 1136 4133 libris,
1177 4076 1508 4136 paramcntis
1539 4084 1594 4128 et
1621 4076 1740 4130 aliis
1771 4080 1950 4132 cccle-

376 4156 612 4211 siasticis
649 4159 990 4216 ornamentis
1023 4161 1088 4216 ad
1122 4163 1366 4218 divinum
1396 4166 1595 4220 cultum
1630 4171 1952 4226 necessariis

377 4248 593 4313 fulcire,
616 4264 679 4304 ac
701 4251 1136 4320 competentibus
1170 4269 1268 4321 pro
1290 4271 1398 4309 uno
1417 4257 1728 4326 presbytero
1758 4262 1951 4318 missas

375 4348 432 4394 ct
465 4341 570 4396 alia
608 4343 788 4398 divina
814 4344 988 4400 cilicia
1023 4347 1387 4416 celebratum,
1407 4351 1668 4407 reditibus
1698 4355 1763 4407 de
1792 4353 1949 4411 bonis

374 4437 583 4492 nostris
605 4437 768 4490 etiam
805 4453 897 4506 per
944 4438 1239 4496 Ecclesiam
1289 4446 1574 4515 acquisitis
1606 4448 1794 4504 dotare
1828 4467 1946 4520 pos-

373 4543 577 4596 semus,
630 4529 900 4585 licentiam
947 4543 999 4588 et
1059 4533 1370 4591 facultatem
1417 4553 1512 4606 per
1564 4555 1690 4596 snas
1741 4541 1948 4600 litteras

372 4623 665 4687 concessit,
690 4636 754 4678 ac
804 4624 976 4695 ipsius
1005 4629 1224 4696 capellae
1253 4628 1340 4700 jus
1383 4641 1696 4700 patronatus
1727 4643 1780 4688 et
1815 4652 1947 4706 prac-

373 4718 624 4772 senlandi
688 4719 996 4790 presbytero
1049 4722 1311 4777 cardinali
1343 4724 1502 4781 dicta:
1554 4727 1794 4783 basilica:
1852 4746 1948 4799 pro

375 4817 619 4878 tempore
637 4811 920 4867 exsistenti
940 4828 1226 4882 personam
1265 4817 1512 4874 idoneam
1569 4822 1632 4876 ad
1659 4823 1802 4876 illam
1841 4831 1945 4876 tant

375 4902 549 4970 prima
608 4903 725 4958 vice
771 4919 932 4973 quam
995 4909 1209 4977 quoties
1249 4925 1442 4968 vacare
1479 4929 1598 4969 eam
1639 4916 1942 4985 contigerit,

375 4995 531 5064 nobis
559 5003 767 5064 et’post
800 5013 898 5052 nos
929 5000 1107 5053 abbati
1145 5001 1202 5056 S.
1239 5002 1387 5057 Pauli
1437 5015 1589 5058 extra
1630 5022 1812 5061 muros
1848 5008 1948 5064 Uro

375 5059 479 5152 bis,
517 5097 567 5142 et
601 5059 767 5158 priori
797 5092 987 5147 domus
1014 5092 1070 5146 S.
1103 5094 1291 5149 Maria:
1328 5096 1395 5150 de
1427 5096 1630 5166 Papulo
1660 5100 1726 5152 tle
1757 5101 1943 5153 eadem

374 5179 523 5241 urbe,
555 5177 612 5238 S.
641 5178 911 5237 Benedicti
942 5193 996 5236 et
1039 5181 1397 5240 Ercmitarum
1447 5187 1504 5242 S.
1549 5190 1833 5259 Augustini
1861 5206 1948 5245 or-

373 5269 584 5334 diuum,
619 5271 780 5325 etiam
821 5289 918 5341 pro
957 5286 1196 5344 tempore
1237 5278 1629 5332 exsistentibus
1671 5281 1721 5334 itt
1756 5297 1946 5352 perpe-

375 5371 548 5428 ttttnn,
588 5361 692 5417 nisi
737 5361 893 5419 aliter
923 5375 1047 5420 ante
1076 5377 1303 5422 mortem
1352 5379 1594 5423 nostram
1631 5370 1945 5440 disponere-

374 5465 516 5512 ntus,
551 5451 695 5506 idem
741 5453 828 5521 jus
862 5464 1178 5521 patronatus
1210 5467 1265 5512 et
1317 5459 1672 5526 praesentandi
1717 5459 1851 5514 fimo
1881 5461 1940 5516 D.

371 5541 632 5596 cardinali
663 5543 819 5599 dicta:
867 5547 1104 5602 basilica:
1136 5564 1232 5617 pro
1270 5559 1510 5620 tempore
1540 5553 1822 5607 exsistenti
1863 5569 1944 5608 re-

371 5637 627 5698 servavit,
654 5635 953 5693 decernens
984 5639 1240 5710 capriiam
1269 5642 1442 5710 ipsam
1473 5645 1574 5699 sub
1603 5645 1945 5702 invocatio:;c

370 5727 682 5782 corumdem
742 5729 842 5783 SS.
885 5729 1187 5794 Michaelis,
1217 5731 1441 5787 Joannis
1474 5733 1727 5804 Bapt‘she
1784 5749 1833 5793 et
1881 5739 1936 5791 S.

434 5840 503 5903 (l)
539 5841 666 5893 Julii
688 5847 736 5894 iu
760 5843 894 5893 bulla
933 5843 1004 5895 l‘ii
1043 5845 1107 5904 ll,
1135 5857 1283 5903 supra
1312 5845 1403 5894 col.
1436 5860 1598 5896 Lxxvt.

1204 357 1302 418 DE
1332 359 1506 421 VITA
1549 363 1647 423 ET
1708 364 1960 429 REBUS
2015 370 2291 435 GESTIS
2329 375 2831 444 BESSARIONIS

3458 409 3652 451 ωῑικιν

2069 483 2322 557 Eugeniae
2351 506 2421 546 ex
2474 499 2602 547 tunc
2653 493 2706 546 in
2739 501 2898 549 antea
2929 496 3197 554 nominari
3239 501 3457 571 debere,
3491 518 3650 573 prout

2073 577 2125 630 in
2166 579 2344 648 ipsius
2377 581 2582 636 domini
2638 582 2714 636 Pii
2761 598 2910 652 papae
2962 585 3158 643 litteris
3189 589 3290 644 sub
3322 592 3433 648 dat.
3468 593 3650 652 Roma:

2069 671 2209 740 apud
2239 671 2297 728 S.
2336 672 2559 728 Petrum
2593 690 2735 730 anno
2781 675 3047 732 incarnat.
3079 678 3294 737 Dontin.
3327 683 3484 748 1465.
3510 687 3649 754 prid.

2068 759 2174 814 kal.
2200 761 2322 817 Maii
2345 764 2444 834 (l),
2465 766 2704 834 pontific.
2747 767 2831 822 sui
2860 784 3003 824 anno
3032 786 3083 837 v,
3106 773 3337 843 desuper
3362 775 3648 846 confectis,

2073 853 2282 923 plenius
2311 861 2642 912 continetur.

2145 944 2211 996 Et
2243 956 2528 1016 postquam
2572 963 2668 1004 nos
2703 951 2950 1006 eamdem
3009 955 3271 1025 capellam
3322 973 3575 1029 reparare
3599 971 3656 1017 et

2067 1051 2264 1090 ornare
2291 1040 2588 1108 coepimus,
2624 1056 2687 1096 ac
2718 1043 2765 1097 ei
2802 1059 2896 1113 pro
2941 1045 3076 1118 dote_
3102 1051 3358 1106 nonnulla
3398 1063 3526 1108 tunc
3552 1069 3645 1109 ex-

2069 1143 2260 1195 pressa
2296 1129 2431 1184 bona
2459 1133 2693 1188 emimus
2719 1144 2878 1203 atque
2908 1140 3251 1205 donavimus,
3273 1145 3528 1212 praefatus
3557 1146 3646 1203 fel.

2069 1219 2279 1274 record.
2315 1220 2377 1275 D.
2414 1222 2540 1277 Pius
2569 1239 2706 1294 papa
2759 1225 2826 1290 ll,
2864 1228 3049 1284 multis
3091 1231 3248 1286 bonis
3291 1237 3648 1304 respectibus,

2067 1322 2132 1362 ex
2163 1324 2227 1362 eo
2257 1313 2552 1379 praesertim
2581 1315 2721 1384 quod
2773 1317 2825 1369 in
2864 1317 3084 1373 basilica
3117 1322 3368 1386 praedicta
3403 1365 3418 1390 ,
3455 1324 3508 1378 in
3544 1342 3646 1397 qua

2069 1402 2310 1456 nonnulli
2343 1403 2528 1460 clerici
2552 1407 2842 1464 szeculares
2866 1411 3110 1465 canonici
3140 1414 3496 1482 praebendarii
3519 1427 3650 1472 tunc

2068 1494 2446 1549 deserviebant
2474 1512 2489 1560 ;
2531 1509 2814 1566 propterea
2859 1502 3003 1570 quod
3029 1505 3242 1559 reditus
3270 1519 3322 1562 et
3354 1519 3646 1576 proventus

2026 1652 2030 1657 ι
2070 1587 2342 1642 dictorum
2376 1591 2764 1645 canonicorum
2790 1595 2941 1648 valde
2969 1597 3145 1667 exigui
3167 1608 3221 1651 et
3253 1609 3446 1656 tenues
3468 1616 3644 1667 erant,

2069 1676 2354 1732 manifeste
2403 1688 2456 1732 et
2501 1691 2688 1748 aperte
2747 1684 3024 1752 neglectus
3056 1697 3108 1739 et
3137 1688 3291 1742 valde
3325 1689 3645 1746 imminutus

2067 1766 2283 1839 divinus
2316 1770 2490 1824 cultus
2523 1780 2666 1837 erat,
2725 1774 2774 1826 in
2825 1774 3047 1830 honoris
3077 1777 3167 1831 Dei
3214 1779 3634 1837 diminutionem

2067 1868 2120 1913 et
2155 1861 2348 1914 salutis
2384 1863 2686 1922 animarum
2713 1869 3168 1932 parochianorum
3197 1871 3438 1940 ejusdem
3467 1874 3645 1929 eccle-

2066 1947 2160 1999 size
2195 1947 2564 2016 pnejudici‘um
2589 1966 2695 2006 non
2715 1969 2935 2022 parvum
2980 1967 3031 2011 et
3057 1959 3477 2031 detrimentum;
3512 1964 3641 2020 item

2064 2036 2295 2092 aedilicia
2320 2041 2498 2094 omnia
2531 2044 2684 2111 quasi
2733 2044 2976 2100 ultimam
3019 2050 3368 2107 minabantur
3411 2055 3640 2122 ruinam,

2066 2130 2552 2198 supplicationibus
2590 2133 2748 2206 143
2802 2140 3006 2195 nostris
3052 2142 3364 2212 inclinatus,
3421 2155 3476 2200 ιιι
3528 2149 3642 2217 ipsa

2067 2220 2288 2275 basilica
2325 2223 2374 2276 in
2411 2223 2613 2281 divinis
2641 2243 2882 2300 congrue
2911 2233 3236 2299 serviretur,
3271 2236 3415 2291 illam
3449 2239 3515 2292 de
3545 2255 3643 2295 ste-

2064 2313 2237 2368 culari
2263 2316 2488 2371 ecclesia
2520 2317 2587 2372 ad
2606 2320 2850 2375 ordinem
2871 2321 3128 2379 Fratrum
3158 2327 3422 2382 Minorum
3455 2330 3637 2384 reduci

2066 2405 2371 2473 intendens,
2417 2423 2512 2476 per
2552 2413 2809 2480 quasdam
2839 2415 2972 2470 alias
3017 2432 3141 2471 suas
3172 2419 3381 2476 litteras
3410 2420 3540 2478 Rev.
3575 2423 3638 2478 P.

2065 2495 2180 2551 Dno
2233 2499 2456 2554 Nicolao
2504 2504 2916 2576 archiepiscopo
2975 2509 3262 2576 Sipontino
3306 2513 3450 2568 dedit
3502 2515 3641 2570 inter

2062 2596 2256 2642 extera
2299 2591 2352 2644 in
2392 2595 2658 2651 mandatis
2687 2607 2745 2652 ut
2791 2598 2960 2667 ipsam
3003 2601 3282 2658 basilicam
3314 2605 3641 2673 professori-

2064 2681 2162 2734 bus
2205 2682 2334 2738 dieti
2367 2685 2574 2741 ordinis
2620 2688 2868 2746 Fratrum
2913 2693 3181 2750 Minorem
3216 2698 3540 2754 concederet
3588 2712 3642 2757 et

2065 2773 2119 2827 in
2153 2789 2215 2828 ea
2255 2784 2335 2831 tot
2369 2778 2566 2846 fratres
2619 2783 2929 2840 insritueret
2955 2799 3083 2858 quot
3117 2806 3179 2845 ex
3224 2793 3340 2862 ejus
3375 2792 3640 2852 fructiints

2067 2881 2306 2937 congrue
2339 2875 2633 2928 sustentari
2692 2890 2932 2946 possent,
2977 2897 3078 2938 nec
3133 2900 3236 2940 non
3269 2895 3531 2942 statueret
3587 2897 3644 2943 et

2061 2963 2337 3018 ordinaret
2375 2967 2524 3035 quod
2581 2983 2774 3025 omnes
2802 2980 2856 3027 et
2904 2975 3095 3044 singuli
3135 2977 3368 3044 fructus,
3409 2981 3636 3046 reditus,

2064 3065 2396 3123 proventus,
2453 3061 2822 3127 possessiones
2874 3076 2930 3119 et
2983 3068 3120 3122 bona
3178 3071 3347 3140 ipsius
3397 3073 3632 3129 basilica:

2063 3148 2390 3212 co-nmunia,
2424 3164 2487 3204 ac
2513 3151 2601 3205 illa
2628 3168 2747 3223 qua:
2775 3154 2841 3209 ad
2872 3158 3250 3213 canonicatmn
3307 3169 3360 3215 et
3389 3165 3636 3232 praeben-

2063 3235 2183 3289 dam
2216 3237 2512 3294 cardinalis
2541 3255 2639 3309 pro
2681 3252 2924 3311 tempore
2956 3249 3268 3304 exsistentis
3301 3251 3436 3306 tituli
3479 3253 3640 3309 dictae

2064 3326 2304 3382 basilica:
2334 3343 2399 3382 ex
2431 3339 2580 3394 tunc,
2607 3329 2712 3386 alia
2741 3347 2870 3390 vero
2887 3350 3007 3404 qua:
3030 3337 3094 3391 ad
3121 3339 3255 3394 alios
3283 3343 3636 3399 canonicatus

2061 3417 2448 3485 etprzebendas
2475 3435 2538 3474 ac
2589 3421 2850 3501 beneficia
2902 3427 3070 3495 ipsius
3121 3429 3355 3486 basilica:
3391 3434 3631 3501 pertine-

2065 3508 2231 3576 bant,
2287 3514 2692 3582 quamprimum
2750 3496 3044 3574 canonicos
3103 3523 3188 3575 vel
3259 3523 3636 3583 beneficiarios

2061 3602 2302 3671 ejusdem
2331 3604 2570 3659 basilicae
2601 3607 2797 3661 cedere
2829 3610 2912 3662 vel
2941 3611 3206 3667 decedere
3229 3653 3244 3678 ,
3276 3627 3372 3671 aut
3408 3633 3470 3670 ea
3498 3619 3634 3675 alias

2062 3705 2276 3760 quoquo
2295 3695 2452 3748 modo
2467 3694 2740 3750 dimittere
2780 3699 3355 3770 contingeret,jeisdem
3379 3707 3637 3766 fratribus

2061 3781 2330 3836 Minorum
2363 3798 2660 3852 eorumque
2687 3788 2861 3841 ordini
2900 3791 3229 3862 applicaret;
3259 3811 3486 3862 quarum
3515 3803 3636 3871 qui-

2061 3874 2181 3928 dem
2212 3877 2572 3943 posmriorum
2603 3877 2909 3936 litterarum
2945 3883 3125 3952 vigore
3153 3889 3408 3956 praafatus
3443 3891 3505 3948 D.
3541 3893 3635 3948 Ni-

2063 3965 2251 4020 colaus
2298 3967 2737 4041 archiepiscopus
2794 3973 3074 4030 basilicam
3133 3979 3306 4046 ipsam
3365 3981 3632 4040 fratribus

2061 4062 2346 4126 concessit,
2377 4077 2439 4115 ac
2471 4067 2658 4119 statuit
2687 4075 2740 4120 et
2775 4069 3066 4135 ordinavit,
3116 4069 3351 4138 fructus,
3397 4075 3628 4144 reditus,

2061 4162 2373 4221 proventus,
2411 4159 2784 4223 possessiones
2810 4172 2864 4216 et
2884 4162 3023 4217 bona
3077 4165 3329 4233 praedicta
3381 4167 3510 4236 ipsis
3542 4183 3630 4223 eo-

2059 4259 2288 4314 rumque
2318 4247 2492 4303 ordini
2537 4249 2803 4306 Minorum
2837 4256 3123 4325 applicari,
3168 4267 3330 4326 prout
3383 4259 3434 4312 in
3495 4259 3630 4329 ipsis

2061 4341 2454 4408 posterioribus
2494 4343 2592 4398 Dni
2623 4344 2698 4399 Pii
2723 4347 2920 4401 litteris
2945 4358 2998 4403 et
3023 4349 3150 4404 dicti
3175 4349 3383 4404 Nicolai
3417 4352 3628 4406 archie-

2060 4431 2261 4500 piscopi
2291 4448 2544 4502 processu
2564 4435 2793 4504 desuper
2814 4431 3002 4493 habito
3024 4455 3188 4507 super
3213 4441 3335 4496 inde
3367 4443 3629 4498 confectis

2062 4522 2275 4590 plenius
2313 4525 2642 4578 continetur.
2686 4526 2750 4580 Et
2797 4528 2989 4582 deinde
3033 4530 3380 4601 possessione
3403 4531 3624 4600 pacifica

2059 4611 2296 4666 basilicae
2347 4623 2401 4666 et
2455 4614 2859 4682 possessionum
2903 4617 3306 4685 praedictarum,
3338 4634 3400 4673 ac
3427 4620 3622 4698 jurium

2058 4718 2122 4756 ac
2179 4704 2626 4772 pertinentiat-um
2683 4709 2996 4761 earumdem
3047 4724 3142 4778 per
3189 4710 3360 4765 dictos
3408 4711 3622 4766 Fratres

2057 4795 2276 4862 adepta,
2316 4811 2414 4850 nos
2440 4795 2493 4850 in
2518 4800 2705 4853 eadem
2743 4800 2942 4866 capella
2974 4809 3211 4854 nostram
3240 4801 3501 4871 elegimus
3530 4817 3620 4856 se.

2060 4887 2329 4957 pnlturam
2368 4889 2429 4943 ad
2463 4889 2720 4944 honorem
2761 4901 2816 4945 et
2843 4891 3055 4944 laudem
3096 4891 3480 4962 omnipotentis
3529 4895 3622 4948 Dei

2056 4991 2109 5035 ct
2155 4981 2215 5036 Β.
2251 4980 2434 5036 Mariae
2463 4982 2700 5050 Virginis
2725 5022 2740 5048 ,
2781 4980 2901 5050 ejus
2935 4979 3244 5049 Genitricis,
3275 4985 3376 5039 sub
3408 4986 3626 5039 invoca-

2057 5076 2201 5126 tione
2226 5074 2491 5127 dictorum
2525 5072 2626 5127 SS.
2652 5071 2928 5127 Michaelis
2959 5083 3010 5128 et
3029 5073 3256 5130 Joannis
3283 5075 3533 5144 Baptista:
3561 5093 3625 5131 ac

2057 5165 2114 5218 S.
2150 5165 2421 5235 Eugeniae,
2469 5178 2529 5215 ac
2560 5163 2850 5232 cujuslibet
2903 5165 3144 5232 ipsorum
3208 5167 3620 5234 intitulavimus,

2053 5266 2106 5312 et
2131 5257 2388 5325 deinceps
2423 5256 2691 5312 nominari
2725 5256 3014 5322 volumus;
3059 5268 3349 5328 tenoreque
3386 5275 3622 5328 praesen-

2055 5349 2185 5402 titttn
2218 5355 2271 5401 et
2300 5347 2625 5401 auctoritate
2660 5350 2952 5413 apostolica
2983 5350 3139 5404 nobis
3171 5350 3224 5402 in
3262 5351 3359 5405 hac
3395 5361 3546 5420 parte
3567 5353 3619 5405 in

2051 5439 2214 5494 dictis
2243 5438 2513 5508 prioribus
2540 5437 2634 5491 Dui
2682 5439 2760 5491 Pii
2806 5440 3001 5495 litteris
3037 5455 3316 5505 concessa,
3345 5442 3616 5513 eligimus,

2052 5530 2398 5595 dedicaturus,
2460 5528 2792 5584 intitulamus
2849 5539 2902 5584 et
2955 5531 3329 5600 nominamus;
3393 5550 3622 5604 qumque

2053 5630 2234 5686 antea,
2264 5622 2515 5675 timentes
2547 5637 2614 5676 ne
2645 5632 2818 5676 morte
2861 5625 3306 5692 prawenircmur,
3343 5642 3438 5696 per
3487 5628 3622 5682 alios

2056 5726 2109 5773 ut
2150 5715 2340 5769 flL'l'cnl
2381 5713 2749 5770 ordinavitnus
2778 5716 2939 5770 etiam
2991 5715 3041 5772 in
3093 5716 3348 5786 scriptis,
3392 5733 3489 5773 nos
3520 5719 3621 5789 ipsi
