3990 6218
320 295 489 335 LXXXV

322 396 412 450 Dei
445 396 846 464 misericordia,
882 401 989 454 vita
1026 405 1181 459 nobis
1207 409 1518 482 prolongata
1542 451 1559 479 ,
1585 416 1670 470 vel
1716 419 1881 486 majo-

316 504 424 542 rem
455 500 660 558 partem
689 507 879 547 eorum
913 499 1344 570 complevimus;
1381 514 1433 560 et
1473 512 1723 575 quamvis
1758 514 1886 567 olim

315 596 413 649 pro
440 583 564 637 dote
615 586 788 650 ipsius
823 589 1046 658 capellm
1072 594 1314 662 quinque
1363 607 1544 665 partes
1581 616 1645 656 ex
1679 604 1890 659 duode-

314 677 416 732 cim
446 677 692 745 partibus
728 680 1064 751 infrascripti
1101 688 1302 743 casalis
1333 701 1389 746 et
1417 703 1567 747 certa
1619 695 1725 750 alia
1763 707 1890 753 tunc.

317 783 566 838 expressa
601 771 744 825 bona
781 773 937 828 dictae
967 777 1182 845 capellte
1213 780 1618 851 donaverimus,
1647 787 1769 842 ideo
1801 789 1888 844 illa

316 861 602 918 donatione
621 872 677 918 et
702 866 1118 936 quibuscunque
1152 871 1272 925 aliis
1321 876 1690 934 anterioribus
1713 879 1890 934 dona-

319 953 544 1007 tionibus
578 965 630 1008 et
664 956 1043 1015 instrumentis
1070 965 1362 1026 revocatis.
1396 967 1539 1023 banc
1574 969 1891 1039 dispositio-

314 1061 434 1100 nem
469 1057 522 1101 et
543 1049 944 1106 ordinationem
973 1063 1225 1124 tanquam
1267 1056 1611 1116 fecundiores
1646 1062 1714 1118 de
1744 1079 1887 1120 novo

317 1138 543 1195 facimus
583 1152 636 1195 ct
674 1144 1012 1200 ordinamus.

287 1287 294 1304 ‘
384 1231 449 1286 Et
483 1233 536 1288 in
598 1236 814 1306 primis.
866 1244 1114 1307 perSonis
1151 1246 1203 1300 in
1261 1247 1402 1303 dicta
1435 1249 1685 1312 basilica.
1747 1253 1887 1306 sicut

312 1325 622 1391 prmfertur.
657 1331 878 1385 mutatis
907 1341 962 1384 et
1003 1335 1253 1402 ampliori
1298 1338 1564 1393 bonorum
1607 1340 1766 1412 144
1805 1341 1887 1395 fa-

310 1425 513 1480 cultate
539 1427 698 1482 nobis
721 1445 748 1483 ο
782 1431 888 1485 Deo
923 1439 1198 1492 concessa,
1237 1440 1454 1500 propter
1489 1449 1648 1501 quam
1685 1437 1888 1490 delibe-

309 1518 558 1574 ravimus
589 1521 782 1576 dictam
812 1526 1072 1593 capellam
1107 1531 1298 1600 majori
1333 1542 1385 1586 et
1428 1532 1727 1588 fecundinv-i
1761 1536 1889 1591 dote

309 1626 477 1679 quam
510 1613 661 1680 prius
709 1615 956 1682 fecimus,
997 1621 1206 1688 dotare,
1232 1625 1376 1680 unde
1406 1635 1457 1680 et
1509 1628 1729 1684 Fratres
1758 1629 1884 1684 dicti

306 1705 516 1761 ordinis
547 1705 840 1773 Hinorum,
875 1726 1014 1780 quos
1053 1714 1106 1768 in
1149 1714 1262 1780 ipsa
1309 1718 1511 1786 capella
1541 1721 1678 1775 infra
1725 1723 1885 1778 insti-

308 1799 534 1867 tuimus,
581 1815 647 1856 ex
701 1817 764 1856 ea
812 1813 868 1857 et
913 1820 1012 1872 pro
1047 1807 1168 1876 ejus
1218 1811 1481 1866 oneribus
1522 1813 1886 1884 infrascriptis

307 1893 747 1950 commoditatem
793 1897 1028 1967 aliquam
1079 1901 1132 1956 in
1177 1913 1496 1974 perpetuum
1547 1908 1884 1978 suscipiant;

308 1988 385 2042 rel
419 1987 471 2042 si
517 2002 626 2057 quo
675 2005 802 2047 casn
855 1992 1144 2060 aliquando
1169 1997 1514 2068 contingeret
1555 2002 1696 2070 quod
1758 2003 1884 2057 dicti

313 2080 536 2136 Fratres
575 2083 643 2134 ab
672 2085 861 2138 eadem
906 2085 1130 2142 basilica
1154 2089 1486 2146 decederent
1516 2108 1746 2164 eamque
1775 2081 1880 2148 ’ἁί-

313 2173 614 2238 mitterent,
650 2189 715 2230 ac
748 2177 862 2246 ipsa
909 2178 976 2233 ad
1007 2179 1329 2237 clericorum
1377 2184 1708 2254 regularium
1741 2186 1887 2254 regi-

308 2281 430 2322 men
472 2267 847 2335 reduceretur,
879 2281 938 2325 ut
981 2282 1108 2329 tunc
1134 2285 1188 2328 et
1221 2288 1286 2329 eo
1315 2290 1442 2331 casu
1485 2277 1593 2333 duo
1621 2279 1884 2347 capellani

305 2356 355 2411 in
383 2373 455 2413 ea
493 2357 647 2426 juxta
680 2360 1075 2417 ordinationem
1103 2363 1503 2438 infrascriptam
1546 2369 1882 2438 instituendi,

305 2449 546 2504 habeant
578 2455 720 2505 unde
744 2452 1003 2509 decenter
1032 2455 1214 2512 vivere
1243 2467 1296 2512 et
1327 2474 1388 2515 se
1427 2471 1733 2516 sustentare
1759 2476 1885 2531 pos-

301 2545 407 2598 sint
453 2553 508 2599 et
543 2546 778 2613 valeant,
829 2539 1076 2606 volumus
1100 2561 1153 2607 et
1177 2552 1626 2621 deliberat/imus,
1654 2555 1704 2610 id
1741 2559 1884 2625 quod

302 2637 467 2706 longo
499 2647 742 2707 tempore
792 2656 1003 2697 summe
1047 2644 1507 2712 desideravimus,
1555 2650 1780 2717 exsequi
1829 2660 1886 2706 et

301 2729 561 2800 implere,
607 2733 858 2790 videlicet
888 2735 1060 2804 ipsam
1096 2739 1358 2807 capellam
1414 2741 1572 2797 nobis
1606 2742 1784 2798 adhuc
1831 2744 1884 2797 in

300 2824 564 2878 bumanis
595 2826 885 2894 agentibus
938 2829 1270 2885 sufﬁcienter
1307 2847 1406 2902 pro
1451 2834 1887 2892 deservientibus

299 2914 482 2967 cidem
513 2915 706 2972 dotare
738 2931 801 2973 ac
843 2920 1122 2988 calicibus,
1143 2922 1318 2988 libris,
1352 2927 1678 2993 paramentis
1697 2928 1888 2984 etaliis

299 2999 703 3065 ecclesiaSticis
756 3015 1094 3070 ornamentis
1150 3016 1332 3073 divitto
1381 3019 1549 3074 cultui
1601 3024 1742 3090 aptis
1792 3021 1888 3078 de-

300 3109 501 3154 center
521 3100 710 3157 fulcire
732 3110 788 3158 et
818 3118 1038 3178 ornare.

369 3193 746 3262 Quapropter,
803 3207 1148 3265 revocantes,
1188 3209 1248 3256 ut
1274 3203 1588 3272 przedictum
1627 3215 1728 3269 est,
1766 3223 1887 3261 om-

303 3300 400 3340 nes
420 3297 480 3340 et
510 3287 756 3356 singulas
785 3290 1178 3356 ordinationes,
1212 3295 1524 3351 dotationes
1565 3307 1618 3352 et
1664 3312 1887 3354 conces-

307 3381 523 3444 siones,
558 3391 759 3448 praeter
786 3382 1167 3453 infrascriptas
1197 3402 1293 3456 per
1317 3404 1414 3443 nos
1449 3389 1593 3444 circa
1622 3391 1802 3446 dotem
1833 3400 1888 3447 et

305 3471 447 3525 bona
488 3487 832 3542 quaecunque
874 3475 1091 3530 mobilia
1122 3488 1176 3531 et
1205 3478 1508 3536 immobilia
1537 3481 1639 3552 ipsi
1670 3483 1890 3552 capellae

303 3565 720 3630 quomodolibet
746 3565 942 3632 factas,
987 3568 1054 3624 de
1083 3570 1284 3637 quibus
1333 3587 1477 3627 nunc
1505 3582 1559 3628 et
1605 3573 1658 3628 in
1707 3583 1887 3644 poste.

304 3671 424 3710 rum
459 3656 695 3712 fortasse
732 3673 953 3727 quoquo
978 3660 1144 3733 plodo
1162 3675 1412 3718 constare
1447 3675 1650 3734 posset,
1680 3675 1888 3721 attento

310 3751 621 3818 pmsertim
676 3753 820 3821 quod
873 3752 1034 3808 nobis
1088 3763 1415 3825 potestatem
1473 3758 1598 3812 talia
1655 3759 1791 3813 bona
1835 3762 1885 3814 in

305 3840 535 3894 utiliora
573 3851 626 3894 et
670 3842 1036 3898 fructuosiora
1081 3848 1450 3902 commutandi
1496 3850 1580 3903 vel
1615 3851 1887 3906 alienandi

301 3945 531 3999 semper
574 3935 992 4000 reservavimus,
1035 3937 1117 3988 vel
1169 3937 1360 3991 saltem
1408 3938 1519 3994 lucc
1573 3951 1760 3995 nostra
1803 3941 1888 3995 in-

305 4026 479 4080 tentio
515 4024 703 4085 fuerit.
732 4027 986 4096 quodque
1020 4027 1073 4081 in
1110 4027 1300 4084 melius
1321 4039 1374 4082 et
1406 4029 1774 4086 abundantius
1795 4047 1890 4102 per

304 4117 398 4171 Dei
431 4117 672 4187 gratiam
714 4119 894 4172 omnia
940 4118 1202 4188 disposita
1245 4127 1299 4173 et
1326 4120 1574 4174 ordinata
1612 4130 1760 4188 sunt,
1814 4135 1890 4178 te-

301 4225 440 4265 nore
469 4209 824 4279 pra‘sentium
858 4227 923 4266 ex
963 4227 1128 4275 nunc,
1161 4226 1229 4267 ex
1267 4224 1450 4267 nostra
1489 4229 1635 4269 mera
1659 4217 1888 4271 scientia

298 4311 349 4354 et
393 4300 725 4355 liberalitate
746 4315 810 4355 ac
834 4311 1130 4367 spontanea
1176 4303 1474 4369 voluntate,
1505 4307 1568 4358 ad
1607 4307 1888 4371 honorem,

300 4392 539 4459 gloriam
597 4401 648 4446 ct
695 4392 906 4446 laudem
956 4396 1344 4460 omnipotentis
1398 4396 1527 4458 Dei,
1591 4396 1652 4450 Β.
1710 4397 1891 4454 Maria!

306 4484 572 4554 Virginis,
608 4483 726 4551 ejus
759 4486 1071 4548 Genitricis,
1103 4486 1206 4542 SS.
1243 4485 1520 4544 Michaelis
1549 4499 1603 4543 et
1665 4489 1892 4546 Joannis

302 4575 588 4638 Baptistae.
659 4592 723 4629 ac
781 4577 838 4633 S.
907 4579 1193 4647 Eugeniae,
1241 4581 1498 4636 omnibus
1553 4583 1886 4646 melioribus,

301 4668 493 4730 modo,
525 4668 631 4734 ria,
667 4668 805 4736 iure,
840 4685 1002 4724 causa
1039 4678 1093 4725 et
1135 4671 1341 4734 forma,
1379 4675 1580 4742 quibus
1613 4675 1807 4729 melius
1838 4685 1890 4728 et
1930 4707 1932 4709 ν

302 4759 586 4814 efﬁcacius
619 4775 904 4829 possumus
951 4775 1003 4816 et
1032 4763 1312 4830 debemus,
1340 4765 1606 4833 capellam
1651 4767 1891 4834 praedic-

303 4864 414 4906 tam
440 4854 904 4920 possessionibus,
939 4855 1096 4910 bonis
1138 4865 1193 4909 et
1226 4857 1388 4911 rebus
1425 4857 1790 4927 infrascriptis
1825 4872 1890 4913 ex

303 4961 452 5001 nunc
485 4954 542 4999 et
602 4946 653 4999 in
711 4957 1022 5014 perpetuum
1049 4947 1342 5015 donamus,
1375 4964 1578 5018 easque
1614 4960 1665 5002 et
1715 4965 1776 5004 ea
1802 4965 1893 5004 ca-

306 5037 461 5102 pella:
493 5038 761 5105 praedictae
791 5037 842 5091 in
876 5041 1055 5092 dotem
1107 5049 1420 5109 perpetuam
1457 5055 1613 5109 pure,
1651 5041 1818 5096 libere
1841 5050 1894 5096 et

305 5126 634 5193 simpliciter
662 5143 728 5183 ex
762 5145 908 5184 nunc
943 5129 1228 5197 donamus,
1265 5131 1644 5186 transierimus
1669 5142 1721 5186 et
1757 5133 1894 5185 assi-

306 5233 563 5284 gnamus.
596 5219 650 5273 lu
687 5221 874 5288 primis
897 5231 1076 5276 autem
1111 5223 1375 5279 donamus
1399 5223 1594 5277 dictam
1631 5225 1890 5292 capellam

305 5318 360 5363 et
392 5311 446 5364 ei
481 5310 534 5364 in
569 5311 748 5366 dotem
783 5321 1094 5383 perpetuam
1129 5315 1334 5379 damus,
1355 5323 1407 5368 et
1428 5329 1491 5368 ex
1513 5331 1654 5370 nunc
1685 5321 1892 5372 consti-

305 5401 514 5457 tuimus
548 5411 719 5457 totum
744 5404 1013 5475 integrum
1048 5405 1229 5459 casale
1259 5414 1509 5460 vocatum
1545 5405 1686 5461 delia
1739 5409 1892 5463 Cica-

304 5499 470 5564 gnola
503 5515 637 5552 riora
665 5507 718 5553 et
757 5499 874 5566 ejus
900 5509 1072 5554 totum
1126 5510 1180 5555 et
1215 5502 1480 5570 integrum
1512 5503 1886 5570 teuimentnm,

306 5587 460 5656 quod
487 5599 703 5643 constat
735 5606 803 5644 ex
836 5591 1116 5645 duodecim
1141 5592 1314 5645 unciis
1356 5591 1743 5662 principalibus
1768 5610 1894 5664 par-

306 5680 460 5734 tibus
504 5681 675 5751 ipsius
704 5682 900 5739 casalis
931 5693 984 5738 et
1015 5683 1135 5753 ejus
1165 5684 1444 5739 tenimeuti
1492 5700 1587 5756 per
1619 5701 1718 5743 nos
1770 5701 1892 5741 suc-

308 5770 522 5826 cessive
551 5773 747 5840 emptis
800 5789 830 5828 a
879 5775 1113 5831 diversis
1164 5775 1431 5842 personis,
1485 5787 1543 5834 ut
1595 5780 1883 5842 sequitur:

1023 293 1322 357 ALOYSII
1359 301 1709 366 BANDINII
1753 308 2387 383 COMMENTARIUS.
2435 349 2503 360 --
2538 325 2938 394 APPENDIX.

3371 352 3568 395 ιιςκνι

1999 421 2237 484 Emimus
2286 432 2430 486 enim
2471 450 2630 490 unam
2688 442 2901 496 tertiam
2937 453 3142 511 partem
3192 449 3429 520 quinque
3467 472 3572 508 un-

1999 521 2207 574 ciarum
2245 523 2415 594 ipsius
2437 529 2633 584 casulis
2660 541 2713 584 et
2750 534 2867 601 ejus
2910 539 3192 594 tenimeuti
3221 557 3248 594 a
3276 541 3387 598 Dna
3438 545 3570 602 Bar-

1992 611 2288 676 tholomca.
2339 619 2447 673 lilia
2498 624 2770 690 quondam
2829 626 3023 683 Palutii
3075 630 3310 696 Cas-ate,
3341 645 3398 690 et
3427 637 3571 692 duas

1995 704 2130 760 alias
2163 708 2320 779 145
2354 723 2538 779 partes
2571 719 2884 772 earumdem
2916 722 3152 791 quinque
3194 728 3476 783 nnciarum
3501 731 3573 786 ab

1995 800 2219 854 honesta
2253 801 2363 855 Dna
2394 802 2650 873 Jenepra,
2688 809 2880 864 relicta
2912 817 3184 879 quondam
3213 817 3434 874 Thomte
3469 821 3572 877 Ca-

1989 899 2107 944 sate
2157 892 2220 944 de
2256 892 2465 958 Fuscis,
2504 907 2680 955 matre
2711 910 2766 955 et
2794 904 2986 959 tutrice
3009 904 3264 964 Marianae
3293 921 3340 964 ct
3375 912 3575 970 Cathe-

1992 982 2145 1046 rinae,
2177 984 2406 1040 filiarum
2441 989 2568 1042 dicti
2602 989 2856 1056 Tltonue;
2913 1011 2975 1051 ac
3017 1005 3152 1057 duas
3185 1003 3318 1058 alias
3379 1009 3568 1065 uncias

1989 1083 2042 1127 et
2091 1077 2322 1130 mediam
2383 1095 2410 1132 a
2476 1083 2698 1150 prtefata
2764 1083 3097 1155 Catberina,
3164 1094 3270 1150 illia
3325 1100 3568 1163 przedictl

1993 1163 2238 1230 Tbomze,
2271 1178 2325 1223 et
2369 1167 2702 1244 Hieronymo
2734 1192 2788 1245 «ι.
2825 1177 3100 1235 Laurentii
3132 1181 3282 1238 Pauli
3328 1187 3568 1257 ejusdem

1989 1257 2298 1315 Catberinze
2325 1264 2544 1329 marito,
2583 1276 2739 1332 prout
2775 1269 2829 1323 in
2867 1271 3039 1326 tribus
3075 1268 3450 1334 instrumentis
3470 1295 3570 1350 pu-

1989 1350 2146 1405 blicis
2195 1352 2430 1424 desuper
2490 1359 2753 1415 confectis
2801 1373 2852 1417 et
2889 1379 2985 1431 per
3033 1366 3329 1424 discretum
3389 1371 3565 1426 virum

1993 1436 2207 1494 Petrum
2268 1443 2336 1499 de
2401 1445 2641 1513 Millinis,
2690 1452 2961 1506 notarium
2995 1456 3268 1524 publicum
3296 1459 3362 1516 de
3422 1459 3569 1517 Urbe

1990 1530 2334 1603 subscriptis,
2393 1540 2695 1606 respective
2750 1544 2963 1611 plenius
3037 1549 3369 1606 continetur.
3433 1553 3568 1608 ltem

1987 1622 2220 1679 emimus
2256 1625 2420 1680 etiam
2458 1627 2593 1683 duas
2624 1631 2760 1686 alias
2795 1637 2986 1689 uncias
3011 1649 3063 1692 et
3088 1639 3324 1694 mediam
3349 1657 3376 1693 a
3399 1641 3570 1696 Fran~

1988 1715 2134 1769 cisco
2181 1715 2404 1770 Abbatis
2452 1715 2676 1772 Joannis
2710 1722 2774 1774 de
2829 1720 3257 1792 Framapanibus
3313 1729 3379 1783 de
3427 1729 3567 1782 Bra-

1988 1805 2207 1871 cbiano,
2235 1807 2430 1861 marito
2460 1808 2618 1863 dictae
2652 1808 2926 1875 Marianis,
2950 1828 3015 1867 ac
3047 1800 3183 1870 duas
3222 1815 3356 1870 alias
3380 1816 3570 1872 uncias

1987 1898 2056 1953 ab
2087 1899 2314 1954 honesto
2333 1900 2449 1955 viro
2469 1899 2637 1956 Paulo
2658 1905 2722 1956 de
2744 1903 2952 1972 Fuscis,
2980 1906 3106 1960 cive
3127 1905 3390 1973 Romano,
3406 1916 3572 1977 prout

1988 1993 2040 2048 in
2067 1997 2275 2051 duobus
2297 1994 2676 2052 instrumentis
2703 1996 2934 2067 publicis
2957 2013 3053 2068 per
3079 1999 3371 2055 discretum
3391 1999 3569 2054 virum

1986 2087 2208 2140 Petrum
2237 2087 2302 2141 de
2329 2087 2686 2158 Caputgallis,
2716 2091 2986 2144 notarium
3020 2091 3376 2160 publicumde
3396 2091 3568 2160 Urbe,

1987 2178 2332 2248 subscriptis,
2365 2182 2527 2234 etiam
2571 2183 2872 2249 respective
2898 2183 3112 2252 plenius
3144 2185 3474 2242 continetur.
3506 2186 3571 2242 Et

1988 2269 2041 2324 in
2071 2270 2415 2326 venditiones
2447 2273 2731 2339 praedictas
2781 2289 2809 2326 a
2850 2276 3080 2342 prmfato
3136 2276 3438 2332 Francisco
3468 2293 3572 2347 pro

1986 2361 2196 2416 duabus
2228 2371 2281 2416 et
2323 2363 2523 2426 media,
2553 2372 2609 2417 et
2643 2379 2670 2417 a
2726 2364 2886 2420 dietis
2919 2364 3249 2437 Hieronymo
3277 2377 3331 2422 ct
3368 2369 3570 2424 Cathe-

1988 2456 2104 2508 rina
2144 2471 2240 2524 pro
2262 2455 2384 2510 aliis
2417 2456 2623 2510 duabus
2669 2467 2723 2511 et
2769 2458 2943 2512 media
2976 2459 3153 2515 unciis
3190 2460 3364 2516 factas
3407 2461 3573 2517 dicta

1987 2543 2233 2616 Jeneprae
2265 2560 2327 2601 ac
2349 2546 2614 2601 dictorum
2643 2546 2919 2603 Francisci
2943 2589 2958 2614 ,
2985 2549 3335 2621 Hieronymi,
3365 2550 3570 2607 Cathe-

1988 2640 2120 2694 rinae
2144 2649 2199 2694 et
2235 2638 2508 2702 Marianae,
2542 2655 2773 2709 quarum
2800 2642 2969 2697 altera
2994 2642 3150 2697 alteri
3178 2645 3228 2696 in
3254 2645 3410 2700 bonis
3443 2652 3569 2714 post

1988 2741 2216 2785 mortem
2257 2732 2520 2795 succedit,
2579 2741 2801 2786 mutuus
2831 2747 3127 2802 expressus
3166 2750 3466 2793 consensus
3510 2746 3569 2794 et

1987 2823 2282 2878 ratiﬁcatio
2313 2833 2684 2888 accesserunt,
2707 2837 2869 2897 prout
2901 2841 2965 2881 ex
2993 2827 3167 2883 tribus
3191 2830 3573 2890 instrumentis

1987 2917 2220 2987 publicis
2248 2916 2484 2986 desuper
2519 2918 2802 2980 confectis.
2827 2927 2881 2972 et
2905 2935 3001 2988 per
3027 2919 3292 2977 Joannem
3321 2923 3386 2978 de
3403 2923 3568 2981 lices-

1987 3008 2167 3072 boem,
2199 3017 2323 3062 nota
2337 3009 2472 3062 rium
2503 3009 2777 3078 publicum
2797 3009 3568 3084 infrascriptum,subscriptis

1987 3103 2288 3173 respective
2309 3104 2641 3159 continetur.
2676 3104 2742 3160 Et
2800 3107 2866 3160 de
2911 3106 3033 3175 jure
3067 3110 3366 3178 supradicti
3411 3109 3566 3168 Paull

1988 3198 2054 3252 de
2076 3197 2263 3253 Fuscis
2293 3197 2360 3251 ad
2416 3198 2590 3252 dictas
2615 3198 2749 3252 duas
2785 3201 2976 3254 uncias
3018 3200 3195 3267 nobis,
3237 3212 3295 3256 ut
3343 3203 3568 3272 prtefer~

1991 3298 2101 3355 tur,
2133 3305 2229 3357 per
2261 3304 2384 3344 eum
2408 3289 2656 3345 venditas
2681 3299 2895 3346 constat
2917 3292 3076 3360 plene
3111 3309 3176 3349 ex
3203 3297 3574 3352 instrumento

1986 3381 2275 3449 emptionis
2301 3382 2605 3436 earumdem
2636 3383 2917 3438 nnciarum
2960 3387 3217 3452 praedicto
3238 3385 3404 3442 Paulo
3423 3397 3479 3445 et
3507 3405 3564 3458 q.

1989 3475 2153 3530 Petro
2181 3475 2254 3530 .de
2288 3474 2502 3538 Fuscis,
2534 3475 2621 3529 cui
2648 3475 2908 3546 praefatus
2942 3476 3141 3533 Paulus
3170 3479 3227 3533 in
3258 3479 3416 3536 bonis
3440 3496 3567 3536 suc-

1986 3568 2153 3622 cessit
2208 3582 2305 3637 per
2337 3567 2632 3622 discretum
2663 3569 2840 3622 virum
2896 3569 3249 3627 Laurentium
3285 3570 3573 3641 Venantii,

1988 3661 2268 3714 netarium
2318 3659 2387 3713 de
2442 3657 2611 3725 Urbe,
2639 3659 2969 3731 subscripta.
3003 3663 3132 3729 Quze
3157 3679 3346 3721 omnes
3393 3669 3578 3722 uncis

1987 3750 2087 3814 sic,
2117 3761 2180 3805 ut
2205 3751 2508 3819 praefertur,
2535 3766 2630 3818 per
2655 3767 2754 3808 nos
2777 3765 2968 3823 emptze
2990 3757 3330 3810 constituunt
3359 3758 3568 3813 dictum

1987 3840 2170 3896 casale
2203 3841 2255 3894 di
2281 3840 2571 3911 Cicognola
2602 3857 2738 3896 nova
2771 3853 2827 3896 et
2853 3845 2974 3912 ejus
3003 3846 3362 3902 teuimentum
3397 3857 3577 3904 totum

1986 3946 2044 3994 et
2071 3937 2336 4005 integrum
2366 3950 2463 4005 per
2496 3950 2616 3995 nos.
2652 3944 2711 3988 ut
2741 3936 3084 4004 prmmittitur
3106 3977 3123 4003 ,
3156 3939 3208 3991 in
3233 3939 3409 3994 dotem
3439 3954 3575 4008 perv

1989 4040 2204 4098 petuam
2225 4029 2384 4082 dicta:
2410 4027 2634 4097 capella:
2653 4028 2862 4081 datum.
2888 4026 3042 4092 Quod
3073 4029 3288 4096 quidem
3313 4030 3492 4084 casale
3510 4041 3568 4086 et

1989 4122 2110 4193 ejus
2147 4122 2503 4175 teuimentum
2539 4119 2774 4189 positum
2801 4126 2884 4173 est
2929 4119 2985 4173 in
3045 4120 3320 4174 territorio
3377 4121 3568 4188 Urbis,

1987 4225 2140 4269 extra
2175 4223 2385 4280 portam
2415 4212 2661 4281 Appiam,
2699 4211 2752 4265 in
2811 4211 3056 4280 partibus
3085 4211 3247 4277 Latii,
3281 4213 3419 4268 inter
3464 4215 3570 4271 bos

1994 4308 2128 4360 lines
2160 4322 2174 4358 :
2213 4305 2303 4358 cui
2358 4304 2426 4356 ab
2469 4319 2576 4358 uno
2607 4304 2778 4358 latere
2807 4313 2956 4360 tenet
2995 4314 3047 4358 et
3085 4316 3169 4367 est
3213 4308 3570 4362 teuimentum

1989 4397 2188 4454 casalis
2220 4396 2278 4451 S.
2318 4395 2526 4462 Alexii;
2559 4396 2626 4450 ab
2660 4396 2766 4450 alio
2797 4396 3152 4451 teuimentum
3187 4397 3387 4452 casalis
3411 4397 3570 4452 Cico-

1990 4495 2164 4564 gnolzn
2186 4493 2387 4548 veteris
2418 4491 2522 4557 ;ab
2549 4491 2654 4544 alio
2681 4492 3030 4545 teuimentum
3062 4491 3258 4545 casalis
3291 4493 3562 4559 Pignotti;

1990 4587 2127 4640 etab
2151 4584 2256 4637 alio
2287 4593 2435 4636 tenet
2459 4593 2511 4637 et
2535 4591 2619 4635 est
2643 4583 3000 4636 teuimentum
3033 4583 3232 4638 casalis
3263 4582 3302 4636 S
3342 4581 3566 4638 Joannis

1991 4688 2118 4731 ante
2145 4677 2364 4732 Portam
2401 4675 2645 4728 Latinam
2676 4690 2689 4742 ;
2715 4674 2794 4729 vel
2825 4675 2869 4727 si
2915 4674 3004 4740 qui
3033 4673 3141 4728 sint
3173 4685 3267 4727 aut
3299 4689 3423 4730 esse
3442 4691 3567 4743 pos-

1992 4779 2120 4825 sunt
2154 4769 2336 4837 plures
2375 4775 2470 4820 aut
2522 4768 2765 4820 veriores
2801 4765 3043 4819 confines
3077 4764 3285 4833 antiqui
3334 4775 3391 4822 et
3448 4781 3567 4822 tuo-
3614 4779 3617 4782 '

1991 4861 2147 4913 derni
2208 4860 2273 4912 ad
2327 4856 2607 4927 pra‘fatum
2638 4856 2817 4912 casale
2874 4857 2941 4910 de
2981 4857 3270 4922 Cicognola
3301 4872 3458 4921 nova,
3511 4867 3565 4912 et

1992 4952 2110 5018 ejus
2144 4952 2500 5004 teuimentum
2537 4953 2866 5014 spectantes,
2905 4955 3012 4999 tam
3046 4946 3112 4999 de
3137 4945 3259 5012 jure
3304 4959 3467 5012 quam
3499 4947 3567 5000 de

1992 5039 2406 5100 consuetudine,
2444 5052 2566 5090 cum
2591 5035 2846 5089 omnibus
2877 5044 2930 5088 et
2962 5035 3186 5103 singulis
3213 5033 3566 5101 terriscultis,

1995 5127 3388 5198 incultis.pratis,prataritiis.pascuwiis,montibus,
3411 5127 3568 5184 colli-

1993 5227 2114 5288 bus,
2133 5223 2420 5291 stirpartis,
2456 5222 2632 5290 aquis,
2657 5219 2817 5290 ιω
2848 5218 3084 5273 fontibus
3113 5229 3167 5273 et
3191 5234 3454 5286 aquarum
3473 5219 3569 5274 de-

1991 5317 2241 5374 cursibus
2260 5312 2804 5381 cmterisquejuribus
2836 5320 2891 5364 et
2916 5310 3254 5378 pertinentiis
3279 5309 3566 5364 universis.

2063 5407 2192 5460 lem
2225 5405 2476 5459 similiter
2514 5403 2568 5457 in
2599 5403 2779 5456 dotem
2829 5412 3147 5469 perpetuam
3177 5415 3243 5454 cx
3298 5415 3439 5454 nunc
3469 5399 3568 5454 do-

1991 5513 2187 5554 namus
2215 5506 2263 5552 et
2310 5495 2690 5551 constituimus
2726 5493 2880 5548 dictae
2913 5492 3132 5561 capella;
3163 5491 3456 5563 quamdam
3490 5490 3572 5546 vi-

1993 5607 2151 5649 neam
2191 5599 2396 5660 septem
2431 5586 2699 5656 petiarum
2737 5585 2857 5653 plus
2885 5584 2969 5639 vel
3019 5584 3200 5638 minus
3228 5594 3432 5654 quanta
3465 5592 3570 5650 est,

1997 5685 2252 5740 videlicet
2304 5680 2492 5734 vitium
2551 5688 2606 5734 et
2661 5677 2919 5732 arborum
2974 5677 3141 5746 ipsius
3198 5693 3320 5732 cum
3373 5691 3572 5740 vasca,

2001 5777 2220 5842 vascali,
2263 5773 2395 5840 tino,
2426 5771 2590 5828 statio
2624 5782 2677 5829 et
2707 5777 2875 5838 puteo
2909 5767 3049 5825 intra
3095 5785 3174 5837 se,
3205 5777 3258 5826 et
3294 5769 3412 5824 aliis
3445 5769 3568 5834 ejus
