3990 6218
373 331 590 374 [κεχνη

371 427 586 491 jur‘lms
634 433 688 479 ct
737 425 1121 491 pet-tincntiis;
1173 439 1334 490 quam
1379 424 1594 476 vincam
1643 421 1878 473 emimus
1928 433 1956 470 a

383 520 490 570 l)ua
521 518 681 576 Cilla,
713 518 815 570 lilia
847 518 1114 583 quondam
1163 515 1404 580 magistri
1458 513 1688 567 Joannis
1715 509 1957 565 Barberii

379 610 446 664 de
479 609 698 678 regione
723 609 926 669 Pontis.
962 619 1088 662 tunc
1120 621 1290 661 uxore
1311 605 1543 660 Nanniui
1576 602 1958 658 Bartholomtei

378 701 445 754 de
497 702 734 758 Chechis
789 703 853 756 de
901 700 1162 764 Bononia,
1217 714 1342 754 eum
1387 713 1660 754 consensu
1715 695 1959 764 ejusdem

377 793 641 858 Nannini,
673 803 831 862 prout
863 795 914 846 in
949 793 1312 846 instrumento
1362 792 1595 858 desuper
1621 789 1878 844 conlecto
1903 796 1963 840 et

380 899 478 953 per
529 884 752 938 Paulum
785 882 1010 937 Joannis
1072 881 1287 935 Antonii
1336 882 1403 935 de
1436 879 1741 948 Capitibus,
1798 886 1960 930 nota-

380 975 516 1028 rium
552 974 878 1043 imperialem
917 975 982 1027 de
1006 973 1170 1037 Urbe,
1209 974 1537 1041 subscripta,
1581 971 1795 1042 plenius
1829 984 1963 1023 con-

386 1067 607 1118 tinetur.
653 1065 718 1118 Et
742 1080 858 1132 qua:
889 1065 1044 1118 vinea
1074 1066 1248 1134 posita
1289 1072 1372 1118 est
1394 1063 1534 1118 infra
1562 1063 1761 1117 muenia
1790 1061 1960 1124 urbis,

384 1158 438 1211 in
470 1157 587 1211 loco
645 1157 738 1226 qui
773 1158 974 1210 dicitur
1001 1155 1059 1211 S.
1109 1157 1330 1211 Caesar-ii
1395 1157 1448 1210 iu
1481 1155 1665 1218 Turri,
1701 1154 1800 1209 sub
1836 1166 1965 1222 pro-

383 1251 615 1317 prietate
644 1249 888 1319 ejusdem
923 1251 1236 1303 monasterii
1295 1249 1354 1302 S.
1387 1248 1607 1301 Caesarii
1637 1249 1701 1300 ad
1734 1260 1964 1313 respon-

384 1342 621 1396 dendum
677 1345 850 1397 eidem
903 1345 1063 1396 annis
1104 1343 1336 1410 singulis
1375 1353 1614 1409 tempore
1664 1339 1965 1392 vindemia-

385 1448 504 1485 rum
540 1435 676 1488 duas
703 1435 994 1489 caballatas
1015 1450 1138 1488 eum
1168 1435 1390 1488 dimidia
1419 1434 1580 1487 musti
1606 1433 1789 1486 mundi
1820 1433 1964 1500 quod

387 1527 693 1582 cxcreverit
723 1542 787 1581 ex
821 1526 963 1581 dicta
994 1527 1172 1591 vinea,
1196 1537 1245 1578 ct
1279 1543 1438 1579 tinam
1465 1535 1714 1594 quartam
1739 1539 1965 1578 uvarum

392 1631 542 1671 mare
569 1618 813 1672 ltomano
845 1620 988 1674 inter
1015 1620 1112 1672 hos
1143 1618 1312 1682 lines;
1355 1619 1440 1672 cui
1469 1619 1536 1672 ab
1559 1633 1666 1671 uno
1697 1618 1864 1671 latere
1882 1624 1967 1669 est

392 1711 596 1761 dictum
632 1713 1066 1777 monasterium;
1107 1720 1234 1764 ante
1281 1720 1364 1764 est
1404 1718 1574 1764 strata
1623 1708 1868 1778 publica;
1905 1706 1972 1761 ab

395 1802 502 1855 alio
535 1803 704 1856 latere
755 1815 894 1857 tenet
945 1811 997 1856 ct
1049 1814 1173 1856 sunt
1212 1818 1297 1857 res
1345 1803 1618 1857 societatis
1656 1801 1972 1856 Fraticello-

398 1911 519 1950 rum
580 1897 719 1950 tertii
781 1897 988 1950 ordinis
1035 1895 1092 1950 S.
1137 1895 1397 1950 Dominici
1429 1896 1495 1950 dc
1530 1904 1712 1950 monte
1756 1894 1974 1964 Magna-

400 1991 577 2058 uapoli
601 2007 628 2056 ;.
666 1993 733 2044 ab
762 1992 870 2044 alio
920 1991 1086 2044 latere
1123 1999 1270 2046 tenet
1297 1999 1352 2044 et
1398 1999 1526 2044 sunt
1575 2004 1659 2043 res
1695 1988 1972 2042 Thomasii

395 2081 461 2133 de
483 2080 762 2134 Cesarinis
783 2097 797 2145 ;
816 2080 895 2134 vel
923 2080 968 2134 si
1001 2080 1092 2150 qui
1121 2089 1251 2134 sunt
1269 2087 1362 2134 aut
1391 2093 1514 2134 esse
1540 2087 1766 2148 possunt
1791 2077 1976 2145 plut-es

393 2173 742 2228 autveriores
771 2174 1016 2228 conlines
1040 2173 1248 2240 antiqui
1291 2173 1378 2227 vel
1413 2170 1656 2226 moderni
1689 2169 1756 2224 ad
1776 2169 1973 2223 dictam

395 2264 609 2319 vineam
667 2275 978 2334 spectantes
1041 2280 1137 2318 seu
1194 2265 1529 2334 pertinentes
1580 2275 1685 2317 tam
1754 2263 1819 2317 de
1854 2262 1978 2331 jure

398 2358 655 2427 quamde
696 2358 1131 2419 consuetudine;
1171 2373 1297 2411 cum
1344 2357 1602 2412 omnibus
1643 2365 1702 2411 et
1748 2355 1977 2424 singulis

396 2449 730 2515 iutroitibus,
775 2448 1036 2514 exitibus,
1074 2448 1295 2516 usibus,
1347 2447 1704 2511 utiltatibus,
1738 2447 1976 2516 juribus,

397 2548 743 2616 pertinentiis
791 2545 995 2600 casalis
1047 2555 1104 2599 et
1155 2546 1240 2599 sui
1270 2544 1551 2599 tenimeuti
1589 2545 1653 2598 de
1682 2541 1977 2612 Cicognola

401 2653 560 2702 nova,
593 2648 646 2692 et
669 2641 826 2692 vinea
879 2637 1344 2706 supradictorum,
1386 2650 1483 2690 seu
1530 2635 1755 2689 alterius
1785 2649 1977 2688 eorum

400 2733 468 2789 ad
498 2747 560 2787 ea
604 2731 784 2787 omnia
839 2739 900 2786 et
943 2729 1156 2798 singula
1198 2745 1227 2784 a
1261 2729 1522 2783 fratribus
1551 2729 1706 2783 dictzc
1741 2727 1978 2782 basilica:

402 2841 502 2896 per
543 2839 732 2879 eorum
769 2831 1160 2893 procuratores
1207 2837 1299 2876 seu
1336 2820 1614 2890 syudicos,
1667 2829 1719 2874 ct
1766 2819 1820 2874 in
1857 2834 1978 2874 eam

404 2915 890 2973 reintroductiouis
929 2913 1254 2985 pradictaaa
1283 2914 1494 2968 duobus
1518 2911 1816 2983 capellauis
1853 2921 1982 2966 tunc

403 3026 503 3084 pro
528 3022 794 3080 tempore,
824 3019 889 3063 ut
924 3006 1232 3078 praefertur,
1260 3006 1543 3078 eligendis,
1575 3005 1626 3059 lu
1659 3013 1978 3075 perpetuum

406 3103 737 3165 habendum,
772 3099 1088 3163 tenendum,
1138 3099 1551 3168 possidemlum,
1600 3094 1978 3158 laborandum,

403 3193 870 3256 fructiﬁcandum,
901 3188 1433 3254 administrandum;
1495 3188 1704 3242 fructus
1744 3202 1978 3256 quoquc,

400 3290 612 3346 reditus
645 3295 702 3342 et
739 3291 1034 3355 proventus
1082 3295 1268 3336 eorum
1318 3278 1604 3334 levandum
1649 3289 1704 3334 et
1747 3294 1778 3333 a
1822 3279 1980 3334 dictis

339 3390 347 3400 ’
401 3381 686 3439 Fratribus
718 3381 771 3434 iu
801 3391 960 3433 usum
1007 3375 1088 3430 eis
1114 3390 1144 3428 a
1182 3372 1312 3428 sede
1339 3371 1634 3440 apostolica
1673 3371 1984 3441 permitten-

405 3475 502 3528 dos
529 3481 584 3528 et
605 3465 1104 3528 concedendos;ab
1124 3465 1256 3535 ipsis
1286 3478 1416 3518 vero
1445 3462 1660 3518 duobus
1684 3461 1982 3532 capellanis

405 3565 463 3616 in
493 3575 678 3618 casum
738 3558 1057 3628 praedictum
1114 3554 1167 3608 iu
1225 3553 1477 3624 preprios
1529 3553 1786 3607 honestos
1849 3567 1984 3606 usus

406 3651 726 3720 simpliciter
750 3645 1177 3703 coavertendum
1231 3658 1284 3701 et
1301 3661 1360 3702 se
1391 3661 1455 3699 ex
1483 3645 1589 3699 illis
1622 3653 1983 3699 manuteneu-

407 3745 534 3800 dum
559 3752 612 3797 et
643 3740 1079 3796 sustentandum.
1111 3737 1178 3792 Et
1221 3752 1319 3808 pro
1367 3737 1661 3807 praeruissis
1705 3737 1984 3793 renuntia-

411 3851 532 3891 mus
563 3844 618 3890 et
664 3835 904 3906 plenarie
954 3832 1338 3888 transierimus
1380 3847 1446 3888 ex
1481 3847 1630 3888 nunc
1684 3831 1738 3886 iu
1785 3833 1985 3886 dictam

406 3929 666 4000 capellam
694 3942 760 3981 ac
793 3924 1013 3981 Fratres
1067 3925 1394 3995 praedictos;
1429 3935 1482 3980 et
1531 3924 1585 3978 in
1620 3939 1806 3979 casum
1837 3927 1986 3978 rein-

407 4021 767 4078 troductionis
793 4019 1065 4090 praedicta:
1094 4019 1232 4073 duos
1268 4018 1581 4088 capellanos
1610 4033 1709 4088 pro
1749 4027 1990 4088 tempore

407 4116 707 4186 eligendos,
731 4112 911 4167 omnia
942 4121 995 4165 et
1038 4110 1251 4179 singula
1282 4111 1429 4180 jura,
1451 4111 1690 4177 nomina,
1721 4111 1986 4176 actiones,

410 4209 652 4260 rationes
680 4203 852 4258 reales
883 4212 936 4256 et
963 4201 1298 4272 personales,
1345 4200 1524 4264 utiles,
1567 4199 1825 4264 directas.
1866 4203 1992 4256 taci-

412 4309 521 4365 tas,
552 4311 859 4366 expressas,
882 4294 1323 4364 hypotherarias.
1345 4293 1754 4362 pignoraticias,
1774 4293 1986 4359 mistas,

411 4393 618 4460 civiles,
653 4389 934 4460 praetorias
969 4387 1022 4440 in
1059 4400 1172 4440 rem
1219 4383 1374 4456 147
1411 4385 1642 4454 scriptas
1672 4395 1726 4440 et
1757 4385 1989 4442 cilicium

409 4483 633 4556 judicis,
672 4495 736 4536 ac
760 4479 1044 4545 interesse,
1078 4493 1218 4547 quae,
1248 4493 1387 4547 quas
1412 4486 1466 4532 et
1500 4478 1642 4545 quod
1680 4477 1733 4531 in
1753 4488 1805 4533 et
1827 4493 1992 4544 super

410 4577 578 4634 casali
613 4583 668 4630 et
691 4572 809 4644 ejus
845 4570 1244 4626 teuimento.de
1271 4569 1566 4638 Cicognola
1604 4585 1738 4624 nova
1779 4571 1991 4640 integro

411 4684 480 4726 ac
526 4669 689 4724 vinea
741 4665 1084 4737 supradicta,
1137 4663 1404 4729 nobisque
1459 4662 1512 4716 in
1553 4663 1634 4717 eis
1676 4673 1732 4718 et
1785 4664 1851 4717 ad
1899 4679 1994 4719 eas

413 4768 720 4832 competere
768 4765 1067 4829 potuerunt
1107 4771 1254 4810 nunc
1281 4763 1336 4810 et
1373 4755 1782 4825 quomodolibct
1823 4755 1876 4810 iu
1913 4755 1996 4810 lu-

413 4866 624 4910 turum.

483 4946 712 5018 Insuper
739 4945 1004 5001 donamus
1025 4957 1093 4999 ex
1121 4957 1265 4998 nunc
1288 4941 1610 5013 simpliciter
1637 4951 1691 4997 et
1723 4941 1775 4996 in
1803 4956 1999 5013 perpe-

417 5051 568 5094 tuum
601 5039 822 5108 capellae
851 5035 1177 5106 supradicta:
1209 5044 1554 5104 paramenta,
1582 5033 1806 5104 jocalia,
1840 5049 1926 5090 res
1943 5043 1998 5089 et

420 5135 558 5186 bona
609 5129 1008 5199 iul’rascripta:
1062 5128 1332 5194 videlicet,
1401 5143 1566 5182 unum
1615 5139 1993 5197 paramentum

419 5241 517 5294 pro
544 5223 862 5294 quotidiana
899 5223 1144 5283 servitio.
1185 5223 1385 5278 coloris
1430 5221 1562 5285 albi,
1594 5222 1662 5277 de
1695 5222 1864 5292 drapo
1909 5225 2002 5276 da-

421 5322 704 5389 mascino;
742 5322 870 5376 item
903 5336 1066 5376 unum
1109 5321 1256 5375 aliud
1296 5319 1493 5375 coloris
1551 5317 1709 5382 hisci,
1749 5317 2004 5373 similiter

419 5414 489 5468 de
509 5415 828 5470 damascino
860 5413 1042 5485 plano,
1075 5423 1128 5467 et
1149 5412 1336 5477 stolas,
1365 5411 1635 5483 manipula
1656 5422 1710 5467 et
1730 5413 2002 5477 camiscs;

423 5507 550 5561 item
575 5505 830 5576 plumalia
866 5507 993 5574 tria,
1020 5506 1184 5562 videi.
1226 5505 1404 5560 album
1453 5507 1736 5561 brocatum
1769 5507 1838 5561 de
1869 5521 2005 5560 auro

422 5605 478 5650 et
510 5595 676 5650 alium
719 5597 1105 5667 pavonatgium
1141 5596 1209 5651 de
1254 5597 1573 5652 damascino
1614 5596 1848 5666 simplici
1879 5613 2001 5649 cum

424 5691 591 5744 armis
623 5689 850 5754 nostris,
877 5699 932 5744 et
959 5689 1234 5760 quoddam
1270 5690 1412 5745 aliud
1448 5691 1660 5760 nigrum
1691 5692 1756 5745 de
1792 5691 2003 5744 damas-

425 5783 576 5854 cino,
605 5783 791 5843 omnia
827 5799 948 5842 cum
986 5781 1230 5858 pulchris
1255 5783 1468 5857 frigiis;
1513 5784 1641 5840 item
1697 5799 1858 5842 unam
1891 5784 2006 5856 pla-

1238 313 1336 373 DE
1379 314 1557 373 \‘lTA
1600 311 1694 370 ET
1741 307 1990 371 nanus
2028 308 2297 370 GESTIS
2357 291 2855 371 BESSARIONIS

3413 306 3650 350 ιιικνιιι

2069 431 2246 473 uetant
2284 422 2350 476 de
2382 422 2700 475 damascino
2733 413 3052 490 pavonatgio
3078 429 3199 469 cum
3223 411 3382 484 l’rigio
3412 412 3479 466 de
3501 410 3654 466 l'oleis

2073 513 2267 565 aureis
2321 513 2660 578 recantatis;
2723 512 2848 565 item
2899 523 3066 564 unum
3122 505 3345 560 calicem
3397 517 3652 570 magnum

2063 612 2118 655 et
2150 617 2310 655 unam
2343 612 2590 670 patenum
2625 615 2904 670 magnam;
2946 599 3073 651 item
3101 611 3268 649 unum
3321 595 3484 647 alium
3517 593 3652 646 cali-

2065 710 2181 749 cem
2211 697 2477 750 minorem
2503 707 2557 750 et
2582 711 2743 750 unam
2771 705 3020 764 pateuam
3055 693 3320 745 minorem
3365 698 3653 759 argenteos

2073 787 2417 854 deanratos;
2478 787 2604 841 item
2662 787 2924 856 ampullas
2972 794 3257 855 argenteas
3311 783 3482 848 duas;
3526 780 3652 833 item

2069 899 2282 938 crucem
2342 899 2507 938 unam
2565 881 2848 950 pulchram
2904 887 2958 932 et
3005 892 3254 946 magnam
3309 883 3655 942 argenteam;

2074 978 2200 1032 item
2252 977 2436 1030 thecas
2459 973 2822 1044 corporalium
2864 973 3020 1036 duas,
3045 985 3206 1024 unam
3246 970 3421 1037 inqua
3447 974 3530 1021 est
3560 981 3656 1019 no-

2073 1085 2192 1124 men
2223 1070 2349 1124 Jesu
2384 1085 2506 1123 cum
2539 1053 2728 1138 periis,
2761 1076 2814 1121 et
2840 1066 2998 1120 aliam
3036 1065 3104 1118 de
3141 1063 3320 1116 veluto
3339 1056 3506 1114 rubeo
3531 1074 3653 1114 cmn

2075 1163 2456 1234 corporalibus
2496 1163 2646 1229 suis;
2681 1162 2804 1214 item
2833 1157 3208 1228 superpellicia
3237 1162 3500 1225 quatuor;
3527 1151 3652 1203 item

2071 1257 2136 1310 de
2165 1256 2429 1323 paniculis
2455 1255 2696 1324 pulchris
2719 1252 2929 1306 ornatis
2961 1251 3136 1304 serico
3159 1263 3258 1316 pro
3295 1242 3658 1313 coopericndo

2073 1349 2239 1404 calice
2263 1348 2430 1410 duos;
2461 1348 2587 1400 itcm
2619 1346 2850 1400 tohalias
2881 1343 3115 1410 majores
3143 1341 3207 1394 ad
3231 1337 3653 1406 cooperieudum

2072 1443 2244 1496 altare
2293 1441 2546 1509 pulchras
2589 1439 2810 1503 decem;
2873 1439 3001 1490 item
3071 1443 3307 1504 tapetum
3355 1432 3554 1485 bonum
3591 1429 3658 1480 ad

2074 1534 2379 1605 ponendum
2415 1543 2539 1587 ante
2572 1533 2772 1593 altare;
2795 1531 2922 1584 item
2959 1543 3123 1581 unum
3155 1526 3372 1580 missale
3402 1534 3656 1589 magnum

2074 1635 2124 1680 et
2143 1626 2710 1691 bonum;item'uuutn
2739 1622 3060 1675 breviarium
3089 1632 3338 1687 magnum
3362 1615 3657 1680 etbonum,

2076 1728 2392 1788 coopertum
2429 1717 2631 1773 tabulis
2668 1725 2723 1771 et
2751 1716 2902 1770 corio
2933 1713 3103 1769 rubro
3133 1712 3360 1779 antiquo
3382 1723 3503 1763 cum
3525 1723 3662 1776 qua-

2079 1821 2203 1868 tuor
2259 1812 2668 1876 seraminibus;
2719 1808 2851 1863 item
2903 1823 3072 1861 unum
3114 1803 3327 1858 dossale
3366 1815 3460 1856 seu
3497 1813 3661 1869 para-

2080 1915 2330 1961 mentum
2360 1921 2461 1976 pro
2489 1907 2643 1960 altari
2669 1905 2911 1976 ejusdem
2945 1901 3165 1970 capellae
3190 1898 3256 1950 de
3288 1896 3471 1951 veluto
3495 1893 3664 1948 ruheo

2082 2001 2314 2072 ﬁgurato
2336 2001 2564 2056 ﬂoribus
2595 2016 2691 2055 seu
2743 1999 2932 2068 ﬁguris
2965 1992 3664 2054 diversorum‘colorum,et

2080 2095 2436 2149 subornatum
2464 2093 2818 2148 circumcirca
2861 2094 3067 2145 subena
3101 2087 3397 2143 damascini
3431 2083 3659 2148 viridis;

2081 2188 2206 2242 item
2249 2185 2392 2238 aliud
2431 2185 2645 2239 dossale
2695 2185 2760 2237 de
2814 2181 3129 2236 damascino
3183 2177 3356 2232 rubea
3409 2175 3662 2240 ﬁgurato,

2084 2278 2437 2333 subornatum
2475 2276 2830 2330 circumcirca
2868 2274 3069 2328 subena
3113 2267 3410 2324 damascini
3440 2264 3666 2328 viridis;

2087 2371 2216 2425 item
2254 2386 2420 2424 unum
2477 2368 2623 2423 aliud
2657 2367 2876 2423 dossale
2919 2383 3021 2436 pro
3048 2362 3367 2431 quotidiano
3393 2374 3496 2413 usu
3522 2356 3666 2422 eius-

2083 2462 2202 2516 dem
2245 2462 2466 2529 capellae
2498 2463 2562 2514 de
2591 2461 2764 2516 serico
2795 2458 2998 2515 colatis
3027 2457 3175 2511 rnhei
3220 2455 3504 2523 ﬁguratum
3541 2465 3666 2504 cum

2085 2552 2226 2606 foliis
2260 2553 2444 2607 aureis
2475 2553 2790 2616 antiquum;
2825 2553 2952 2604 item
2983 2564 3144 2603 unam
3172 2547 3464 2616 planetam,
3499 2557 3664 2597 unam

2085 2644 2396 2698 tunicellam
2447 2659 2546 2711 pro
2590 2645 2944 2705 subdiacouo,
2991 2656 3152 2696 unam
3180 2639 3525 2692 dalmaticam
3564 2648 3665 2704 pro

2085 2736 2312 2791 diacono
2335 2737 2400 2791 de
2428 2737 2597 2806 drapo
2618 2734 2934 2790 damascino
2959 2733 3081 2786 albo
3099 2731 3166 2785 de
3191 2746 3321 2784 auro
3347 2745 3468 2785 cum
3492 2725 3666 2794 frigiis

2084 2830 2308 2900 quadris
2355 2839 2411 2884 et
2461 2828 2691 2882 manicis
2725 2826 3021 2896 pretiosis;
3052 2827 3177 2878 item
3214 2823 3384 2878 stolas
3431 2822 3566 2874 duas
3615 2827 3670 2874 et

2085 2919 2392 2988 manipulos
2421 2927 2534 2973 tres
2561 2920 2627 2973 de
2656 2919 2845 2972 cadem
2868 2918 3036 2986 drapo
3057 2920 3122 2970 de
3153 2929 3317 2979 auro;
3348 2913 3473 2966 item
3499 2925 3668 2964 unum

2085 3013 2343 3068 vexillum
2370 3026 2466 3080 pro
2493 3025 2655 3064 cruce
2683 3011 2748 3065 de
2779 3011 3096 3066 damas-cina
3134 3009 3258 3062 albo
3296 2993 3364 3062 de
3392 3021 3524 3060 auro
3543 3020 3666 3058 eum

2085 3123 2191 3162 una
2217 3109 2355 3176 pelia
2380 3115 2643 3161 recamata
2676 3107 2740 3162 de
2772 3105 2936 3176 ﬁgura
2974 3103 3031 3158 S.
3066 3102 3313 3168 Georgii;
3342 3100 3468 3154 item
3501 3113 3670 3152 unum

2087 3196 2429 3251 tlmrihulum
2480 3203 2797 3266 argenteum
2839 3196 3098 3264 ponderis
3141 3193 3402 3246 librarum
3439 3191 3668 3246 duarum

2087 3289 2373 3343 unciarum
2415 3300 2654 3358 septem;
2687 3289 2818 3343 item
2853 3292 2988 3342 duas
3023 3285 3252 3340 tohalias
3280 3283 3451 3339 bonas
3483 3282 3674 3352 longas

2086 3381 2363 3437 laboratas
2397 3383 2572 3436 serico
2605 3397 2701 3451 pro
2721 3381 3083 3450 cooperiendo
3119 3379 3280 3449 legio.

2159 3473 2446 3529 Postremo
2480 3475 2676 3530 damus
2720 3474 2896 3529 eidem
2937 3472 3158 3541 capellae
3197 3485 3261 3525 ex
3306 3482 3450 3523 nunc
3502 3469 3670 3522 dana-

2089 3569 2237 3621 tione
2269 3583 2392 3642 qua:
2447 3568 2505 3621 lit
2549 3567 2692 3630 inter
2730 3569 2882 3621 vivos
2914 3567 3051 3619 bona
3102 3563 3448 3633 iufrascripta
3509 3561 3673 3635 148

2089 3673 2317 3728 quorum
2359 3673 2516 3712 usum
2570 3657 2726 3711 nobis
2756 3670 3102 3721 reservzunus
3151 3669 3440 3724 quousque
3468 3653 3672 3708 vixeri.

2091 3766 2235 3814 mus,
2266 3749 2552 3804 videlicet:
2579 3749 2630 3801 in
2669 3749 2859 3818 primis
2885 3748 3150 3801 donamus
3172 3748 3310 3802 inter
3337 3748 3488 3801 vivos
3513 3746 3674 3800 dictae

2090 3843 2304 3914 capellae
2323 3841 2638 3898 navicellam
2669 3851 2721 3897 et
2741 3857 2836 3895 vas
2865 3850 3176 3909 argenteum
3206 3856 3302 3909 pro
3332 3855 3468 3910 aqua
3507 3840 3674 3893 bene-

2093 3937 2235 3992 dicta
2264 3951 2386 3992 cum
2423 3950 2521 3990 suo
2556 3935 2912 4004 aspcrsorio;
2951 3934 3079 3990 item
3123 3933 3226 3986 duo
3260 3931 3586 3987 candelabra
3607 3929 3673 3982 de

2095 4026 2301 4096 capella
2347 4035 2527 4081 nostra
2577 4041 2700 4080 cum
2741 4025 2907 4079 armis
2947 4025 3169 4086 nostris.
3211 4022 3407 4090 quibus
3465 4021 3674 4075 utimur

2095 4119 2149 4173 in
2174 4119 2359 4173 eadem
2387 4118 2548 4184 ;item
2579 4135 2814 4186 pannum
2841 4119 2907 4174 de
2942 4119 3126 4173 velqu
3151 4115 3540 4181 Alexandrino,
3571 4130 3678 4182 quo

2095 4212 2300 4265 utimur
2329 4211 2380 4264 in
2412 4210 2614 4279 capclla
2642 4220 2824 4265 nostra
2877 4219 3006 4264 ante
3037 4209 3229 4276 altare,
3261 4217 3313 4262 et
3351 4208 3676 4276 superpelli-

2098 4317 2283 4367 ccum;
2323 4302 2450 4356 item
2489 4302 2597 4356 duo
2627 4300 2869 4357 bancalia
2920 4303 2988 4357 de
3033 4315 3213 4371 panno
3245 4300 3313 4354 de
3349 4300 3518 4369 ratgia
3556 4314 3678 4368 qua:

2105 4394 2312 4449 habent
2343 4392 2446 4449 SS.
2495 4394 2887 4462 Apostolos,et
2927 4393 3061 4447 alios
3109 4405 3342 4462 quatuor
3381 4407 3585 4462 pannos
3613 4392 3680 4447 de

2109 4486 2280 4555 ratgia
2317 4499 2529 4554 parvos,
2554 4500 2784 4554 quorum
2805 4493 2914 4539 tres
2943 4483 3145 4538 habent
3171 4483 3677 4544 Annuntiatiouem,

2097 4587 2325 4647 quartus
2359 4591 2489 4628 vero
2525 4575 2894 4640 Crucilixum;
2930 4575 3056 4628 item
3107 4584 3318 4644 tapetos
3355 4584 3500 4640 tres;
3548 4573 3678 4628 item

2097 4671 2209 4726 duo
2236 4669 2559 4724 candelabra
2602 4683 2792 4736 magna
2845 4667 3053 4732 ferrea;
3092 4668 3219 4722 item
3271 4668 3376 4722 duo
3417 4667 3519 4721 alia
3555 4681 3682 4721 can-

2098 4766 2317 4822 delabra
2355 4761 2558 4833 majora
2587 4770 2640 4816 ct
2668 4761 2912 4832 longiora
2939 4762 3003 4816 de
3034 4772 3284 4832 argento;
3319 4761 3457 4816 duos
3486 4759 3683 4816 calices

2099 4871 2157 4916 et
2215 4857 2356 4914 duas
2413 4865 2658 4926 patcnas,
2692 4869 2924 4924 quorum
2987 4856 3161 4924 major
3219 4855 3481 4924 ponderat
3515 4853 3685 4908 libras

2101 4951 2276 5016 duas;
2321 4948 2564 5018 planetas
2604 4958 2864 5015 quatuor,
2907 4945 3159 5001 videlicet
3203 4961 3368 4999 uuam
3407 4945 3587 4999 albam
3615 4946 3684 4999 de

2105 5041 2422 5097 damasciuo
2462 5037 2719 5109 simplici,
2771 5038 2930 5092 aliam
2965 5037 3336 5108 pavouatziam
3368 5037 3435 5092 de
3463 5039 3686 5090 damas-

2105 5133 2229 5188 ciuo
2268 5130 2501 5200 simplici
2534 5149 2547 5196 ;
2582 5130 2741 5183 aliam
2775 5129 2992 5185 celestri
3041 5129 3158 5199 (sic)
3195 5129 3393 5184 coloris
3430 5133 3496 5183 de
3534 5139 3682 5192 seta;

2105 5227 2264 5282 aliam
2294 5227 2359 5280 de
2389 5234 2501 5280 seta
2536 5224 2732 5280 coloris
2763 5224 2895 5278 varii
2927 5239 3050 5278 cum
3100 5221 3354 5288 ﬂoribus;
3383 5223 3534 5276 alhas
3552 5222 3686 5275 duas

2105 5334 2229 5374 cum
2263 5321 2419 5374 stolis
2450 5328 2503 5374 et
2537 5317 2829 5388 manipulis
2861 5318 3018 5395 suis;
3073 5317 3332 5386 plumalia
3360 5318 3486 5380 duo,
3514 5328 3681 5368 unum

2106 5413 2312 5478 album,
2367 5412 2515 5468 aliud
2561 5411 2944 5483 pavonatzium
2983 5410 3051 5466 de
3081 5409 3400 5465 damascino
3453 5406 3688 5476 simplici

2107 5519 2229 5560 cum
2283 5504 2456 5576 frigiis
2501 5505 2567 5560 de
2598 5504 2765 5574 drapo
2814 5503 3048 5575 Cyprio;
3076 5502 3203 5558 item
3245 5501 3382 5556 alias
3409 5501 3546 5555 duas
3576 5513 3696 5552 am-

2109 5598 2284 5668 pullas
2338 5608 2392 5652 ct
2451 5597 2621 5652 barile
2656 5613 2922 5668 parvum,
2968 5607 3022 5651 et
3071 5595 3291 5652 missale
3343 5609 3551 5656 unum,
3582 5605 3696 5660 quo

2113 5691 2286 5746 utitur
2312 5689 2554 5760 quotidie
2591 5690 2903 5760 capellauus
2941 5689 2995 5744 in
3045 5679 3251 5760 capella
3306 5696 3534 5754 nostra;
3561 5671 3694 5739 item

2117 5801 2280 5841 unum
2327 5783 2658 5841 thurihulum
2699 5781 2947 5839 Gnecum
2974 5781 3226 5852 'planutu
3272 5793 3396 5835 cum
3442 5777 3692 5845 manica;
