3990 6218
1011 312 1307 373 ALOYSH
1353 306 1711 370 BANDINII
1741 305 2392 367 COMMENTARIUS.
2433 335 2497 343 --
2528 309 2939 372 APPENDlX.
3513 326 3575 366 xc

1991 415 2368 471 alienationem
2405 419 2652 487 cujusvis
2704 422 2900 490 speciei
2933 430 3021 475 aut
3058 421 3272 491 generis
3300 430 3407 474 tam
3464 421 3576 474 fra-

1992 507 2164 559 Irilms
2222 510 2426 562 ordinis
2472 509 2742 563 Minorum
2775 520 2827 564 et
2872 525 3062 566 eorum
3099 511 3360 582 syndicis,
3412 527 3571 580 quant

1989 600 2042 653 in
2075 615 2259 654 casum
2296 604 2634 669 prteniissum
2673 603 2967 671 capellanis
3025 603 3299 671 praedictis
3343 611 3397 656 et
3453 603 3574 670 qni-

1991 686 2304 762 buscnnque
2355 695 2477 748 aliis
2515 696 2670 748 dictre
2704 695 2924 764 capellae
2944 704 2992 749 et
3022 693 3140 763 ejus
3172 695 3438 748 bonorum
3470 697 3571 746 ad-

297 329 500 371 LS“IX

293 434 422 484 item
448 429 556 481 duo
586 441 686 481 ova
715 425 779 480 de
807 427 1013 480 strusio
1055 433 1244 478 ornata
1276 431 1539 488 argento;
1579 418 1704 471 item
1741 413 1878 484 legia

292 518 438 581 duo;
477 517 607 570 item
641 514 1006 569 faldistorium
1049 511 1387 582 pontificale.

363 607 660 670 Caeterum,
690 607 814 676 quia
850 617 970 675 post
1005 603 1418 659 emanationetn
1459 601 1699 672 priorum
1741 598 1884 652 litic—

293 717 480 755 rarum
537 699 921 769 prmdictaruttt
963 697 1092 751 dicti
1145 696 1241 750 Dni
1301 695 1404 760 Pii,
1453 695 1595 749 dicta
1652 691 1875 746 basilica

294 792 535 863 praefatis
568 792 826 846 fratribus
855 789 1063 845 ordinis
1116 787 1389 841 Miuorum
1437 799 1693 840 concessa
1723 793 1776 838 et
1809 783 1875 838 ad

292 902 479 940 eorum
508 885 758 940 ordinem
799 886 1017 938 reducta
1051 879 1283 946 exstitit,
1323 888 1380 933 ut
1409 875 1716 948 praefertur,
1751 890 1872 941 nos,

292 979 668 1034 existimantes
715 993 814 1045 per
847 976 1067 1030 eosdem
1112 973 1305 1028 fratres
1359 987 1519 1042 posse
1573 969 1733 1024 dicta:
1789 984 1882 1022 ca-

291 1071 441 1139 pella:
485 1072 536 1125 in
578 1070 780 1124 divinis
805 1068 1220 1122 convenientius
1244 1075 1297 1120 et
1337 1065 1550 1119 facilius
1585 1077 1746 1132 quam
1781 1076 1878 1131 per

290 1164 582 1218 saecularcs
643 1164 998 1232 presbyteros
1041 1158 1326 1224 deserviri,
1383 1157 1436 1211 in
1468 1171 1731 1226 personas
1759 1170 1878 1222 quae

289 1256 463 1310 eidem
509 1253 731 1322 capellte
795 1253 1075 1308 deservire
1149 1252 1345 1306 debent
1394 1250 1677 1320 religiosos
1735 1249 1878 1304 viros

289 1347 485 1400 fratres
517 1348 647 1400 dicti
687 1346 893 1400 ordinis
915 1345 1183 1398 Minorum
1219 1343 1273 1397 in
1308 1343 1446 1398 dicta
1473 1342 1700 1396 basilica
1736 1356 1879 1396 nunc

285 1453 341 1495 et
379 1442 432 1494 in
476 1449 750 1508 posterum
815 1437 1118 1492 habitantes
1154 1437 1206 1490 in
1264 1445 1588 1505 perpetuum
1622 1451 1689 1489 ex
1733 1448 1876 1491 nunc

285 1533 630 1586 instituimus
678 1540 732 1584 et
777 1538 964 1584 tenore
1015 1527 1364 1598 prmsentium
1405 1542 1505 1596 pro
1551 1527 1812 1582 institutis
1843 1540 1874 1581 a

283 1626 442 1681 nobis
465 1625 519 1678 in
551 1637 874 1694 perpetuum
916 1621 1102 1678 haberi
1140 1619 1411 1685 volumus,
1449 1623 1693 1674 volentes
1710 1620 1874 1674 etiam

285 1728 340 1772 et
363 1716 686 1772 ordinantes
720 1717 862 1786 quod
920 1713 1021 1784 ipsi
1078 1714 1270 1769 fratres
1300 1711 1745 1782 jurepatronatus
1789 1710 1872 1766 iu-

290 1813 443 1865 terim
496 1826 523 1862 a
573 1808 736 1881 dictis
781 1807 976 1862 abbate
1022 1817 1077 1860 et
1119 1805 1301 1874 priore
1333 1805 1548 1872 penitus
1600 1801 1871 1867 abdicato,

290 1902 568 1972 praefatam
601 1901 859 1971 capellam
891 1910 943 1955 et
974 1913 1070 1970 per
1100 1899 1339 1968 ipsorum
1384 1907 1758 1966 procuratores
1790 1895 1873 1951 vel

283 1992 540 2063 syndicos
578 1992 695 2061 ejus
724 1991 880 2060 Iboua
935 2001 1170 2054 teneant,
1222 1999 1275 2043 ct
1323 1989 1374 2042 in
1425 1988 1610 2042 eadem
1666 1987 1872 2058 capella

284 2085 431 2140 enini
469 2085 556 2138 die
578 2099 741 2138 unam
778 2085 998 2138 missam
1032 2082 1311 2137 celebrent
1367 2080 1449 2135 vel
1495 2080 1756 2136 celebrari
1786 2080 1870 2136 fa-

289 2176 437 2230 (iant
469 2176 568 2230 hoc
603 2176 783 2239 modo,
824 2175 986 2228 videl.
1021 2173 1214 2227 diebus
1247 2172 1524 2239 Mercurii,
1567 2170 1790 2227 Veneris
1818 2181 1872 2227 et

286 2267 537 2334 Sabl‘ati,
571 2269 794 2322 missam
831 2283 926 2336 pro
953 2266 1256 2331 defunctis;
1298 2265 1382 2318 die
1413 2279 1539 2318 vero
1570 2263 1870 2327 Dominica,

283 2360 508 2414 missam
548 2367 856 2415 currentem
885 2376 899 2423 ;
930 2359 1015 2412 die
1049 2357 1232 2422 Lunae,
1270 2357 1484 2411 missam
1525 2355 1581 2409 S.
1637 2355 1868 2424 Angeli;

281 2450 369 2506 die
417 2465 550 2504 vero
600 2448 811 2514 Martis,
867 2449 1086 2503 missam
1139 2448 1196 2502 S.
1233 2447 1454 2502 Joannis
1492 2447 1777 2516 Baptism:
1817 2454 1871 2500 ct

275 2545 366 2598 die
403 2541 578 2608 Jovis,
621 2544 839 2598 missam
873 2543 930 2597 S.
961 2541 1245 2597 Trinitatis
1292 2557 1414 2595 cum
1475 2555 1870 2595 commemora-

276 2638 427 2691 tione
453 2634 512 2690 S.
546 2635 820 2704 Eugeniae,
858 2646 907 2688 et
939 2634 1100 2688 etiam
1125 2649 1248 2687 cum
1285 2632 1510 2688 collecta
1543 2632 1594 2685 in
1631 2632 1871 2701 qualibet

276 2742 382 2795 pro
440 2727 718 2780 defunctis
753 2726 1036 2780 referendo
1064 2741 1159 2796 pro
1187 2726 1326 2780 vivis
1370 2740 1563 2779 nomen
1599 2734 1867 2787 nostrum,

275 2837 380 2892 pro
441 2821 670 2874 mortuis
697 2834 818 2890 post
853 2819 1011 2890 149
1049 2829 1279 2873 mortem
1337 2833 1531 2872 nomen
1595 2826 1864 2879 nostrum,

273 2910 478 2965 lsidori
527 2918 583 2964 et
618 2908 854 2964 Dosithei
887 2910 1308 2979 episcoporum;
1343 2909 1470 2962 item
1517 2906 1783 2962 Theodori
1816 2917 1870 2963 et

272 3003 601 3067 Theodorte,
636 3018 699 3057 ac
740 3001 1021 3057 Michaelis
1056 3009 1108 3056 et
1129 3000 1370 3069 Georgii,
1396 3009 1450 3057 et
1478 2999 1706 3056 aliorum
1731 3015 1867 3069 quos

274 3097 327 3151 in
357 3096 667 3151 intentione
719 3105 904 3150 nostra
944 3094 1226 3160 habemus,
1262 3108 1363 3149 nec
1405 3109 1509 3148 non
1543 3093 1866 3163 quodannis

269 3189 530 3258 singulis,
563 3187 771 3242 decima
821 3187 910 3240 die
946 3188 1150 3242 mensis
1186 3186 1544 3256 Septembris,
1578 3197 1868 3241 teneantur

272 3280 476 3336 fratres
508 3280 612 3350 ipsi
661 3291 883 3334 cantare
933 3280 1144 3346 vigilias
1172 3291 1508 3332 mortuorum
1541 3288 1596 3332 et
1645 3280 1863 3333 missam

271 3373 575 3428 Solemnem
632 3387 728 3440 pro
760 3372 1028 3428 defunctis
1084 3373 1284 3428 nostris
1342 3350 1762 3442 pramoniinatis.
1810 3375 1867 3429 Si

274 3477 460 3522 tamen
517 3481 650 3522 casu
681 3467 863 3535 aliquo
906 3466 1192 3535 aliquando
1247 3466 1598 3536 contingeret,
1628 3477 1684 3520 ut
1731 3482 1868 3536 prac-

273 3561 480 3614 dictum
515 3568 621 3624 est,
663 3558 804 3629 quod
853 3558 980 3613 dicti
1032 3556 1232 3612 fratres
1270 3555 1537 3612 Minornm
1575 3559 1642 3613 ab
1673 3560 1863 3613 eadem

273 3650 504 3704 basilica
539 3652 856 3705 recederent
903 3665 1130 3722 eamque
1159 3651 1517 3716 dimitterent,
1543 3665 1606 3705 ac
1649 3650 1760 3718 ipsa
1795 3649 1862 3704 ad

268 3743 604 3797 clericorum
665 3743 989 3814 regularium
1051 3745 1289 3814 regimen
1328 3743 1708 3808 reduceretur,
1739 3753 1867 3797 tunc
1949 3770 1954 3774 -

267 3844 320 3888 et
377 3849 455 3888 eo
487 3849 613 3888 casu
647 3836 847 3890 dictum
896 3835 987 3905 jus
1025 3845 1348 3907 patrouatus
1400 3845 1454 3891 et
1500 3835 1866 3904 prmseutandi

266 3927 458 3982 locum
518 3928 715 3982 habere
753 3929 990 3998 illudque
1037 3928 1104 3982 ad
1137 3927 1390 3983 abbatem
1450 3927 1769 3982 monasterii
1803 3928 1863 3982 S.

267 4017 430 4074 Pauli
476 4029 531 4075 et
583 4021 814 4089 priorem
851 4022 1042 4075 domus
1085 4019 1143 4074 S.
1172 4018 1356 4075 Maria:
1390 4020 1456 4076 de
1489 4020 1692 4090 Populo
1721 4035 1864 4088 prae-

267 4115 456 4167 dictos
497 4113 550 4166 in
595 4121 912 4183 perpetuum
949 4112 1226 4182 pertinere
1257 4112 1508 4166 volumus
1537 4119 1591 4166 et
1643 4112 1864 4166 ordina-

268 4223 423 4270 tuus,
479 4208 572 4274 qui
633 4206 799 4260 abbas
830 4216 883 4259 et
915 4205 1063 4275 prior
1110 4219 1208 4274 pro
1242 4213 1484 4274 tempore
1515 4203 1861 4265 exsistentes,

266 4309 484 4354 a.teuto
521 4299 663 4367 quod
715 4299 830 4367 ipsa
884 4298 1090 4366 capella
1135 4311 1232 4366 pro
1275 4312 1418 4350 nunc
1468 4311 1499 4350 a
1562 4296 1716 4350 nobis
1765 4309 1863 4365 pro

265 4398 488 4452 duobus
533 4394 826 4463 capellauis
858 4393 1190 4449 sufficienter
1241 4394 1425 4448 dotata
1479 4400 1586 4456 est,
1631 4391 1865 4446 debeant

268 4499 374 4542 tam
429 4490 609 4557 prima
671 4488 789 4542 vice
844 4501 1005 4556 quam
1071 4485 1282 4556 quoties
1333 4500 1498 4540 casus
1561 4485 1860 4541 vacationis

265 4582 410 4635 illius
448 4580 778 4645 oecurrerit,
841 4581 976 4633 duas
1025 4593 1286 4647 personas
1322 4578 1547 4632 idoneas
1585 4578 1638 4631 in
1672 4592 1856 4633 sacer-

265 4672 414 4726 dotio
469 4672 799 4726 constitutas
846 4654 1110 4724 card'ittali
1162 4667 1403 4737 ejusdem
1466 4669 1703 4723 basilica:
1763 4684 1862 4739 pro

266 4772 521 4832 teutpore
544 4761 826 4817 exsistenti
851 4777 949 4832 per
977 4777 1101 4817 eum
1145 4761 1505 4816 instituendas
1533 4770 1863 4831 praesentare

257 4855 413 4925 juxta
447 4854 865 4924 dispositionem
897 4854 951 4907 in
982 4852 1146 4908 dictis
1175 4852 1448 4924 prioribus
1483 4853 1578 4906 Dni
1612 4851 1694 4906 Pii
1720 4853 1861 4908 litte-

264 4949 339 5003 ris
382 4949 536 5002 circa
578 4961 745 5001 unum
805 4945 1142 5016 capellauum
1203 4945 1423 4999 factam.
1475 4942 1582 5010 Qui
1634 4943 1856 5014 quidem

263 5038 534 5107 capellam
566 5037 806 5107 qualibet
825 5037 1124 5106 septimana
1151 5047 1354 5103 septem
1385 5037 1600 5101 missas,
1631 5037 1859 5108 singulis

264 5131 524 5185 videlicet
557 5129 747 5184 diebus
781 5129 834 5183 in
879 5131 1066 5182 eadem
1123 5128 1328 5196 capella
1364 5126 1634 5192 vicissim,
1694 5128 1860 5183 modo

263 5233 317 5276 et
349 5221 550 5276 ordine
599 5221 851 5290 superius
883 5219 1150 5276 ordinatis
1174 5230 1229 5274 et
1259 5220 1562 5290 expressis,
1605 5231 1659 5274 et
1711 5237 1856 5291 prae-

263 5315 408 5369 dicta
473 5316 677 5368 decima
731 5313 820 5368 die
875 5313 1084 5384 vigilias
1135 5320 1476 5367 mortuorum
1523 5324 1579 5369 et
1609 5314 1843 5370 cilicium

266 5417 441 5462 totum
491 5420 555 5460 ac
584 5405 806 5460 missam
862 5420 961 5474 pro
1000 5402 1269 5460 defunctis
1317 5405 1505 5475 legere
1541 5414 1857 5461 teneantur.

267 5497 499 5570 Insuper
563 5497 760 5552 casalis
793 5505 848 5550 et
880 5496 1051 5551 vineae
1090 5509 1154 5550 ac
1206 5494 1435 5550 aliorum
1491 5495 1760 5552 bonorum
1804 5509 1858 5552 et

262 5593 522 5661 jocalium
556 5591 937 5662 praedictorum
973 5587 1075 5660 ipsi
1107 5589 1350 5660 capellae,
1399 5599 1459 5645 ut
1511 5589 1854 5660 prcedicitur,

269 5698 358 5751 per
398 5697 502 5736 nos
533 5683 876 5747 donatorum,
902 5687 957 5734 et
994 5693 1452 5748 quorumcunque
1486 5679 1710 5734 aliorum
1745 5681 1854 5735 vita

267 5776 425 5833 nobis
479 5774 676 5832 comite
724 5789 823 5845 per
873 5787 974 5831 nos
1005 5771 1057 5828 in
1108 5779 1380 5842 posterum
1440 5771 1844 5844 donandorum,

1994 785 2458 840 ministratoribus
2517 797 2778 855 perpetuo
2815 786 3188 840 interdicimus
3220 795 3381 855 atque
3434 799 3569 854 pro-

1988 876 2258 938 hibernus,
2280 878 2521 932 volentes
2551 878 2906 932 alienationes
2936 880 3103 946 ipsas,
3127 877 3170 931 si
3201 893 3320 947 qua:
3351 879 3566 941 fierent,

1987 969 2189 1022 nullius
2241 985 2361 1023 esse
2422 973 2495 1020 rol
2519 971 2629 1022 oris
2681 970 2761 1022 vel
2838 970 3119 1033 momenti,
3171 967 3266 1023 sed
3305 969 3568 1023 adversus

1984 1065 2258 1124 emptores
2288 1068 2381 1110 aut
2430 1057 2565 1111 alios
2595 1058 2832 1126 ipsormn
2873 1057 3091 1120 casalis,
3112 1057 3283 1111 vincte
3311 1067 3366 1111 et
3399 1057 3566 1111 bono-

1990 1161 2108 1198 rum
2139 1161 2460 1216 quocunque
2517 1149 2670 1201 titulo
2711 1158 3024 1218 receptores
3075 1164 3169 1215 pro
3197 1149 3355 1201 dictis
3384 1148 3563 1202 fratri-

1985 1237 2085 1290 bus
2126 1238 2206 1290 vel
2244 1237 2537 1307 capellanis
2568 1254 2891 1309 quocunque
2929 1248 3172 1309 tempore
3207 1236 3321 1294 fore
3351 1239 3414 1292 ad
3472 1240 3558 1292 illa

1987 1344 2317 1399 regressum.

2050 1465 2182 1530 Quae
2205 1465 2386 1518 omnia
2419 1473 2472 1518 ct
2507 1463 2719 1535 singula
2773 1467 3148 1538 suprascripta
3197 1478 3251 1522 et
3285 1468 3566 1538 quodlibet

1979 1575 2166 1613 eorum
2216 1574 2317 1612 nos
2357 1559 2649 1613 Bessarion
2709 1560 3019 1628 episcopus.
3051 1560 3343 1613 cardinalis
3387 1571 3442 1614 et
3476 1575 3566 1628 pa-

1978 1649 2214 1703 triarcha
2245 1649 2554 1718 praedictus,
2578 1659 2769 1719 sponte
2790 1660 2844 1703 et
2865 1667 2928 1703 ex
2958 1666 3103 1704 mera
3133 1661 3314 1705 nostra
3338 1649 3563 1705 scientia

1989 1756 2052 1796 ac.
2103 1741 2450 1804 liberalitate,
2487 1753 2542 1794 ut
2577 1741 2941 1810 praemittitur,
2973 1741 3273 1805 donamus,
3305 1741 3564 1797 coucedi-
3652 1740 3659 1747 '

1979 1849 2124 1899 mus,
2186 1837 2583 1900 renuntiamus,
2623 1834 2879 1901 facimus,
2931 1846 3095 1904 atque
3159 1850 3317 1888 manu
3378 1841 3562 1886 nostra

1979 1927 2189 1996 pectori
2251 1942 2402 1982 more
2452 1926 2799 1996 pra-latorum
2860 1929 3134 1998 apposita,
3193 1927 3562 1996 promittimus

1976 2018 2136 2073 dictae
2176 2018 2394 2088 capella:
2426 2030 2480 2073 et
2507 2019 2626 2088 ejus
2650 2019 2944 2087 capellanis
2977 2017 3139 2089 150
3178 2015 3563 2086 suprascriptis

1977 2111 2339 2178 omnibusque
2377 2111 2498 2167 aliis
2551 2122 2607 2167 et
2664 2112 2897 2180 singulis
2927 2129 3163 2184 quorum
3213 2115 3441 2172 interest
3481 2115 3564 2170 vel

1977 2204 2239 2256 interesse
2294 2203 2496 2272 poterit
2554 2205 2964 2272 quomodolibet
2997 2206 3049 2259 in
3085 2207 3346 2268 futurum.
3371 2223 3434 2262 ac
3469 2223 3564 2262 no-

1977 2293 2116 2346 tario
2171 2293 2388 2361 publico
2449 2291 2842 2361 infrascripto,
2898 2302 3159 2363 tanquam
3228 2296 3460 2366 publica;
3508 2304 3564 2352 et

1975 2385 2301 2439 authenticae
2341 2399 2585 2454 persouze
2645 2385 2748 2439 rite
2789 2396 2843 2440 et
2897 2385 3135 2456 legitime
3191 2389 3470 2457 stipulanti
3506 2400 3564 2444 et

1973 2477 2255 2546 recipienti
2291 2478 2408 2532 vice
2455 2489 2510 2532 et
2549 2479 2774 2533 nomine
2833 2481 3074 2534 omnium
3125 2492 3178 2534 et
3223 2482 3559 2552 singulorum

1979 2569 2406 2639 praedictorum.
2463 2578 2725 2639 perpetuo
2783 2572 3065 2626 attendere
3113 2582 3170 2627 et
3220 2574 3563 2628 inviolabiter

1976 2663 2291 2724 observare,
2334 2677 2432 2716 nec
2465 2664 2516 2716 itt
2549 2663 2733 2732 aliquo
2772 2663 2980 2718 directe
3027 2664 3108 2720 vel
3162 2665 3424 2720 indirecte
3465 2681 3564 2735 per

1983 2769 2083 2808 nos
2116 2754 2198 2806 Vel
2235 2752 2397 2808 aliunt
2432 2769 2529 2810 seu
2575 2755 2710 2810 alios
2739 2770 2954 2826 quoquo
2991 2759 3150 2812 modo
3181 2759 3561 2815 contraveniro

1973 2845 2133 2899 velle.
2170 2844 2226 2898 lu
2261 2861 2489 2913 quorum
2533 2849 2776 2902 omnium
2808 2856 2862 2901 et
2916 2849 3255 2916 singulorum
3289 2852 3448 2905 fidem
3506 2861 3562 2906 et

1973 2937 2343 2993 testimonium
2394 2940 2799 3008 praemissorunt
2836 2953 3132 3012 praesentes
3171 2952 3385 2998 nostras
3417 2944 3562 2998 litte-

1974 3048 2086 3099 ras,
2119 3032 2236 3086 sive
2281 3046 2517 3100 praesens
2559 3032 2830 3101 publicum
2886 3033 3301 3090 instrumentum
3335 3053 3431 3105 per
3463 3053 3560 3093 uo-

1975 3127 2173 3180 tariutn
2222 3123 2633 3193 infrascriptum
2687 3125 2826 3189 fieri,
2863 3127 3136 3182 sulisrribi
3170 3137 3226 3183 et
3266 3129 3554 3198 publicari,

1970 3217 2251 3285 nostrique
2309 3214 2467 3284 sigilli
2519 3214 2792 3284 jussimus
2828 3225 2906 3270 -ct
2967 3217 3195 3276 fecimus
3223 3222 3554 3291 appensionc

1970 3323 2320 3366 communtrt.

2041 3425 2235 3480 Datum
2268 3436 2320 3480 et
2349 3436 2528 3482 actum
2565 3425 2748 3482 Romae
2783 3427 2836 3481 in
2875 3427 3128 3482 domibus
3164 3430 3364 3483 nostris
3403 3429 3549 3498 apud

1975 3519 2078 3574 SS.
2099 3520 2410 3589 Aposmlos,
2432 3536 2574 3574 anno
2596 3535 2626 3573 a
2652 3521 2819 3574 nativ.
2841 3519 3050 3574 Domini
3075 3521 3232 3585 “67,
3250 3521 3434 3574 iudict.
3461 3537 3552 3586 vv,

1969 3611 2060 3664 die
2100 3624 2228 3664 vero
2263 3608 2486 3663 Veneris
2530 3609 2736 3663 decima
2779 3609 2979 3663 mensis
3027 3607 3243 3675 Aprilis,
3273 3607 3555 3676 pontifica-

1970 3709 2057 3756 tus
2091 3699 2192 3754 SS.
2236 3700 2289 3755 in
2321 3699 2541 3754 Christo
2580 3699 2751 3754 Patris
2801 3714 2864 3754 ac
2895 3699 2993 3752 Dni
3027 3698 3198 3753 nostri
3248 3697 3348 3751 Dni
3378 3697 3549 3762 Pauli,

1970 3794 2147 3848 divina
2193 3792 2530 3862 providentia
2567 3807 2717 3860 papa:
2759 3791 3004 3862 ll,ranno
3035 3792 3232 3856 tertio;
3265 3790 3549 3858 prwsenti-

1969 3887 2072 3941 bus
2129 3885 2329 3940 ibidem
2383 3882 2606 3954 provido
2667 3897 2730 3935 ac
2779 3861 3030 3936 discretis
3083 3883 3218 3936 viris
3286 3881 3550 3950 magistro

1968 3979 2174 4035 Joanne
2200 3975 2384 4047 Knylf,
2415 3976 2757 4030 decretorum
2803 3973 3046 4037 doctore,
3090 3972 3336 4026 auditore
3375 3982 3428 4025 et
3459 3986 3549 4024 ca-

1968 4073 2212 4141 pellano;
2239 4069 2448 4125 Joanne
2480 4066 2677 4131 Lenss,
2708 4081 2907 4119 canon.
2950 4065 3194 4119 ecclesiae
3228 4065 3286 4118 S.
3320 4063 3548 4118 Andreae

1967 4164 2273 4227 Colonieu.,
2305 4161 2516 4218 Joanne
2556 4159 2751 4216 Franc.
2781 4161 2845 4214 de
2883 4156 3302 4228 Benthevogliis,
3342 4157 3549 4211 littera-

1969 4273 2088 4311 rum
2139 4271 2308 4310 sacrae
2359 4253 2786 4310 l’cenitentiarire
2822 4252 3136 4320 apostolica:
3164 4250 3450 4320 scriptore,
3493 4261 3549 4305 et

1966 4350 2241 4420 Raphaele
2301 4347 2548 4411 Baldulo,
2610 4345 2811 4402 clerico
2867 4344 3233 4414 Fulginateu.,
3275 4343 3548 4398 scutiferis

1967 4444 2190 4502 nostris,
2226 4439 2454 4494 testibus
2487 4440 2552 4493 ad
2583 4439 2860 4508 praemissa
2901 4437 3109 4492 vocatis
3143 4437 3452 4506 Specialiter
3491 4448 3544 4490 et

1967 4534 2188 4602 rogatis.

2039 4667 2103 4722 Et
2131 4682 2230 4736 ego
2267 4666 2509 4722 Joannes
2539 4666 2606 4721 de
2653 4664 2979 4730 lleesboem,
3005 4664 3237 4720 clericus
3294 4665 3546 4719 Camera-

1964 4762 2142 4816 censis
2162 4761 2440 4823 dimcesis,
2465 4760 2714 4831 publicus
2743 4773 2900 4814 sacra
2932 4757 3198 4827 imperiali
3223 4762 3545 4814 auctoritate

1964 4856 2232 4918 notarius,
2267 4855 2393 4925 quia
2422 4852 2721 4924 prremissis
2770 4852 3024 4908 omnibus
3059 4861 3111 4906 et
3139 4851 3390 4923 singulis,
3419 4853 3543 4906 dmn

1960 4947 2062 5009 sic,
2089 4956 2147 5001 ut
2177 4947 2525 5016 pranuittitur
2547 4987 2563 5011 ,
2587 4960 2680 5013 per
2713 4944 2995 5014 praefatum
3017 4943 3209 4997 Rmum
3243 4944 3294 4996 in
3327 4943 3545 4998 Christo

1961 5037 2178 5094 Patrem
2219 5049 2276 5093 et
2330 5039 2392 5095 ι).
2426 5037 2828 5105 Bessarionem,
2869 5038 3180 5108 episcopum
3210 5036 3541 5093 cardinalem

1960 5137 2016 5184 et
2039 5129 2434 5198 patriarcham,
2475 5129 2664 5183 fierent
2694 5136 2748 5184 et
2780 5141 3090 5198 agerentur,
3121 5143 3225 5182 una
3253 5143 3374 5184 cum
3407 5143 3546 5199 prte-

1973 5224 2270 5278 nominatis
2319 5223 2548 5280 testibus
2575 5221 2818 5287 interfui,
2849 5236 3020 5291 eaque
3057 5221 3136 5276 sic
3167 5221 3284 5278 ﬁeri
3334 5223 3442 5278 vidi
3489 5230 3544 5278 et

1969 5314 2190 5380 audivi;
2227 5315 2347 5370 ideo
2375 5315 2477 5370 hoc
2525 5329 2766 5385 praesens
2817 5313 3087 5382 publicum
3120 5313 3541 5369 instrumentum

1964 5422 2130 5462 manu
2167 5407 2415 5472 alterius,
2461 5422 2547 5461 me
2585 5407 2708 5461 aliis
2739 5405 2974 5475 legitime
2995 5417 3259 5476 occupato
3288 5407 3543 5476 negotiis.

1964 5499 2196 5554 fideliter
2225 5497 2485 5567 scriptum
2515 5498 2711 5552 exinde
2743 5495 2975 5562 confeci,
3031 5496 3326 5561 subscripsi
3359 5507 3410 5550 et
3445 5512 3543 5566 pu-

1957 5591 2158 5648 blicavi
2208 5599 2262 5644 ct
2305 5590 2356 5643 in
2407 5590 2546 5644 hanc
2573 5587 2846 5658 publicam
2873 5587 3102 5642 formam
3145 5588 3348 5658 redegi,
3385 5587 3544 5657 signo

1958 5693 2014 5738 et
2043 5682 2258 5738 nomine
2286 5694 2406 5736 meo
2435 5679 2608 5736 solitis
2637 5688 2692 5734 et
2721 5679 3018 5745 consuetis,
3046 5695 3150 5733 una
3177 5695 3298 5734 cum
3335 5678 3540 5750 pra-fati

1963 5774 2086 5831 limi
2139 5773 2239 5828 Dni
2291 5771 2586 5830 cardinalis
2633 5771 2792 5843 sigilli
2837 5771 3174 5845 appensioue
3206 5772 3454 5844 signari:
3487 5773 3540 5827 iu
