3990 6218
409 353 494 391 κει

411 454 570 509 lldcm
605 461 658 505 et
693 448 1062 504 testimonium
1096 446 1336 500 omnimn
1366 451 1420 496 et
1467 437 1803 507 singulorum
1847 446 1988 500 prac-

413 545 704 600 missorum
734 551 951 611 rogatus
985 549 1038 594 et
1069 535 1390 606 requisitas.

1068 674 1221 744 151
1258 670 1328 726 x-

413 775 576 829 Bulla
611 791 714 844 qua
756 771 955 844 Paulus
1087 767 1449 844 donationem,
1490 755 1784 844 sacelli'S,
1823 753 1990 844 {Cupe-

486 848 588 898 nire
615 829 646 896 (lt
677 843 939 895 (ται-(Ιίνιιιιί
992 839 1304 892 Bessorione
1345 836 1539 903 factum
1573 829 1872 903 conﬁrmat.
1909 839 2000 874 sa-

484 914 781 980 ccllumque
804 914 971 980 ipsum
1007 924 1124 980 cunt
1155 899 1420 980 dotali-1’.
1459 899 1751 954 Minoribus
1779 908 1998 948 conven-

491 975 720 1036 tualibns
754 975 1120 1034 S.'Fritncisci
1147 975 1416 1028 attribuit.

491 1098 690 1152 l’aulus
723 1097 1027 1166 episcopus,
1067 1107 1258 1146 servus
1293 1102 1577 1144 servorum
1629 1082 1746 1144 Dei,
1808 1080 1873 1134 ad
1911 1077 1998 1132 fu-

423 1201 601 1244 turam
630 1189 704 1243 rei
742 1185 1083 1241 memoriam.
1119 1183 1176 1238 In
1227 1178 1486 1234 eminenti
1521 1173 1831 1245 apostolica:
1857 1171 2003 1225 sedis

422 1277 646 1349 speculo
672 1275 974 1338 constituti,
1013 1288 1130 1343 quae
1173 1285 1270 1340 pro
1328 1268 1679 1324 ecclesiarum
1719 1265 1915 1319 decore
1947 1271 2000 1316 et

428 1367 595 1420 divini
631 1365 810 1420 cultus
839 1373 1128 1432 augmento
1187 1359 1482 1428 praesertim
1538 1373 1634 1426 per
1664 1354 2003 1410 venerabiles

430 1462 625 1514 fratres
655 1467 870 1512 nostros
922 1456 980 1510 8.
1033 1455 1293 1509 Romana:
1333 1451 1587 1506 Ecclesite
1643 1445 2000 1508 cardinalium

432 1548 655 1619 provide
685 1557 831 1617 gesta
860 1557 1008 1608 sunt,
1042 1545 1233 1613 placidi
1290 1537 1524 1612 paStoris
1555 1549 1775 1610 aspectu
1815 1538 2004 1606 benig-

429 1639 554 1693 nius
583 1639 879 1702 intuemur;
909 1647 967 1692 ut
993 1653 1061 1691 ne
1093 1636 1180 1690 illa
1210 1636 1442 1705 alicujus
1469 1629 1838 1702 ambiguitatis
1869 1629 1996 1684 sub-

426 1729 684 1798 iiciantur
735 1729 1012 1799 scrupulo,
1071 1728 1164 1784 sed
1211 1736 1469 1795 perpetuo
1529 1725 1734 1780 illibata
1787 1735 2008 1793 peruiae

433 1833 614 1887 neant,
651 1839 806 1892 Opem
831 1831 886 1875 et
911 1835 1131 1892 cperam
1163 1820 1452 1875 ellicaciter
1473 1816 1833 1884 impartininr.
1865 1811 2009 1868 Sane

434 1931 555 1970 cum
592 1916 793 1970 dudum
827 1914 917 1968 fel.
952 1911 1161 1968 record.
1190 1910 1319 1966 Pius
1358 1924 1491 1979 papa
1539 1908 1604 1972 ll,
1645 1907 2011 1975 praedecessor

437 2017 644 2076 noster,
679 2023 802 2064 ven.
828 2007 983 2062 fratri
1015 2013 1202 2062 nostro
1243 2002 1578 2067 Des-sarioni,
1603 2001 1858 2071 episcopo
1899 1997 1940 2051 Τ
1946 2013 2012 2053 u-

439 2102 686 2166 sculano,
743 2099 1003 2154 cardinali
1055 2097 1272 2152 Nicaino
1323 2105 1653 2162 nuncupata,
1701 2093 1794 2161 qui
1848 2092 2010 2145 etiam

443 2205 569 2250 tunc
627 2194 839 2246 titulum
900 2190 1195 2260 presbyteri
1269 2187 1558 2243 cardinalis
1617 2185 1854 2239 basilica:
1913 2180 2014 2236 ΧΗ

439 2285 816 2354 Apostolorum
848 2282 914 2336 tle
967 2280 1116 2336 Urbe
1179 2279 1233 2332 in
1289 2277 1666 2333 continendam
1712 2273 2011 2337 obtinebat,

439 2387 595 2444 prout
623 2376 864 2438 obtinet“,
904 2384 959 2427 ut
993 2371 1256 2440 capellam
1307 2369 1407 2424 sub
1451 2368 1794 2423 invocatione
1823 2365 1880 2420 8.
1909 2367 2019 2421 Ευ-

437 2471 633 2540 genite,
667 2470 827 2522 sitam
861 2468 913 2521 in
947 2467 1134 2520 eadem
1165 2464 1411 2526 basilica,
1453 2477 1576 2529 qua:
1627 2462 1869 2515 indotata
1901 2470 2020 2514 erat

436 2575 493 2618 et
521 2561 921 2617 restauratione
952 2559 1247 2624 indigebat,
1275 2569 1544 2624 quamque
1571 2555 1682 2622 ipse
1734 2552 2018 2606 Bessarion

441 2650 728 2717 cpiscopus
783 2661 881 2714 pro
926 2662 1036 2700 sua:
1066 2647 1581 2714 progenitorutnqne
1631 2656 1852 2696 suorum
1904 2644 2022 2693 ani-

444 2755 654 2796 marutu
686 2739 860 2792 salute
889 2754 986 2807 pro
1017 2754 1122 2791 uno
1148 2737 1430 2806 capellauo
1477 2735 1805 2790 sufficienter
1836 2734 2023 2787 dotare

444 2833 813 2894 desiderabat,
863 2836 928 2884 ad
983 2828 1372 2896 omnipotentis
1428 2827 1518 2881 Dei
1579 2827 1791 2881 laudem
1823 2835 1875 2878 et
1905 2826 2025 2894 glo-

450 2929 586 2979 riam
631 2937 885 2992 roparare
933 2936 996 2975 ac
1051 2921 1152 2974 sub
1205 2920 1542 2974 invocatione
1597 2917 1698 2974 SS.
1739 2919 2026 2980 Michaelis

445 3019 754 3086 archangeli
793 3015 1092 3071 etJoannis
1123 3014 1376 3082 Baptistae
1401 3029 1464 3067 ac
1493 3014 1552 3068 S.
1604 3012 1857 3082 Eugeniae
1903 3011 2027 3065 inti-

450 3109 644 3175 tulare,
675 3124 774 3163 nce
799 3123 910 3163 non
943 3107 1116 3172 libris,
1157 3106 1496 3172 parameutis
1531 3115 1586 3158 et
1620 3106 1744 3160 aliis
1768 3104 2029 3160 ecclesia-

450 3203 605 3258 sticis
633 3201 968 3256 ornamentis
1004 3199 1190 3254 divlno
1219 3199 1388 3254 c'ultni
1443 3197 1765 3252 necessariis
1813 3197 2028 3264 fult-ire,

453 3306 505 3354 et
538 3294 973 3364 competentibus
1000 3307 1096 3362 pro
1126 3307 1234 3348 uno
1289 3292 1606 3361 presbytero
1649 3290 1778 3344 inihi
1832 3291 2030 3346 missas

451 3401 504 3444 et
563 3388 743 3442 divina
797 3385 970 3442 ollicia
1029 3385 1372 3440 celebraturo
1435 3382 1696 3440 reditibus
1749 3383 1816 3438 de
1874 3384 2032 3437 bonis

455 3482 569 3536 suis
597 3481 760 3534 etiam
792 3495 886 3549 per
932 3476 1228 3532 Ecclesium
1271 3475 1556 3545 acquisitis
1608 3474 1796 3529 dotare
1828 3484 2026 3542 posset,

455 3576 730 3631 licentiam
769 3581 824 3628 et
861 3573 1170 3640 facultatem
1204 3585 1298 3639 per
1325 3583 1452 3624 suas
1488 3569 1698 3622 litteras
1727 3567 2032 3623 concessis-

457 3675 564 3728 set,
593 3683 657 3720 ac
689 3665 858 3736 ipsius
887 3663 1109 3732 capella:
1132 3663 1219 3730 jus
1250 3670 1566 3731 patronatus
1595 3671 1653 3715 et
1672 3660 2031 3730 praesentandi

459 3755 722 3812 cardiu-ali
777 3755 934 3808 dictae
991 3751 1231 3806 basilica:
1287 3766 1386 3820 pro
1452 3761 1692 3820 tempore
1745 3748 2030 3804 exsistenti

459 3863 750 3918 personam
786 3847 1034 3899 idoneam
1063 3843 1132 3898 ad
1167 3842 1312 3897 illam
1348 3855 1454 3896 tam
1512 3842 1685 3910 prima
1719 3841 1834 3894 vice
1869 3853 2030 3908 quam

459 3939 676 4009 quoties
713 3953 831 3993 eam
879 3951 1073 3993 vacare
1120 3935 1479 4005 contingeret,
1529 3934 1630 3988 sibi
1675 3941 1731 3988 et
1762 3943 1880 4002 post
1909 3944 2034 3987 cum

459 4033 642 4089 abbati
689 4028 1001 4085 monasterii
1057 4027 1115 4082 S.
1152 4029 1300 4082 Pauli
1344 4041 1498 4082 extra
1551 4041 1736 4082 muros
1771 4026 1946 4093 Urbis,
1983 4036 2040 4080 et

460 4125 629 4195 priori
677 4123 872 4177 donms
904 4123 963 4177 S.
1000 4120 1181 4174 Maria:
1217 4121 1285 4174 de
1317 4119 1520 4190 P0pulo
1561 4120 1628 4174 de
1655 4120 1846 4173 eadem
1881 4119 2034 4187 urbe,

461 4217 520 4272 S.
559 4215 831 4269 Benedicti
861 4224 916 4268 et
947 4211 1313 4266 Eremitarum
1345 4209 1407 4263 S.
1449 4210 1727 4280 Augustini
1762 4209 2038 4276 ordinum,

463 4309 628 4364 etiam
683 4321 780 4377 pro
832 4318 1074 4375 tempore
1127 4305 1538 4368 exsistentibus,
1594 4302 1647 4356 in
1689 4315 2035 4373 perpetuum,

463 4400 566 4454 nisi
606 4397 764 4452 aliter
795 4407 920 4450 ante
962 4405 1190 4449 mortem
1220 4410 1369 4448 suam
1403 4394 1735 4458 disponeret,
1776 4395 1913 4447 idem
1951 4394 2041 4462 jus

462 4500 782 4561 patronatus
841 4498 894 4543 et
960 4487 1321 4556 praesentandi
1388 4489 1705 4556 presbytero
1778 4485 2042 4539 cardinali

465 4585 702 4638 basilica:
744 4584 1012 4650 praedictae
1049 4597 1145 4650 pro
1179 4590 1422 4649 tempore
1451 4578 1732 4634 exsistcnti
1773 4592 2046 4632 reservas-

464 4684 571 4739 set,
603 4690 668 4728 ac
702 4675 956 4742 pra-fatus
999 4672 1283 4727 Bcssariou
1340 4673 1535 4724 dictam
1578 4673 1839 4740 capellam
1883 4688 2042 4742 repa-

463 4781 586 4820 rare
613 4774 666 4819 et
699 4781 896 4820 ornare
923 4765 1200 4834 cuipisset,
1232 4765 1388 4834 eique
1439 4763 1593 4834 152
1627 4782 1722 4834 pro
1756 4767 1878 4820 dote
1907 4782 2043 4820 non-

467 4859 609 4913 nulla
651 4868 781 4913 tunc
830 4873 1087 4926 expressa
1126 4857 1262 4910 bona
1307 4859 1530 4911 emisset
1560 4867 1723 4926 atque
1758 4859 2036 4921 donasset,

467 4949 722 5020 pra-fatus
758 4951 1122 5018 praedecessor
1171 4947 1514 5014 postmodum
1549 4948 1614 4999 ad
1652 4949 1819 5017 ipsius
1849 4946 2043 5002 Bessa-

469 5044 642 5097 rionis
689 5039 1029 5106 instantiam,
1082 5049 1232 5094 etex
1258 5030 1425 5093 certis
1463 5039 1816 5095 rationalibus
1863 5043 2042 5096 causis

470 5146 595 5189 tunc
621 5136 916 5202 expressis,
953 5143 1010 5186 et
1044 5133 1344 5202 praesertim
1383 5143 1439 5186 ut
1473 5134 1524 5188 in
1580 5133 1695 5202 ipsa
1732 5135 1951 5189 basilica
1986 5136 2038 5188 in

468 5228 664 5283 divinis
689 5241 936 5295 congrue
964 5224 1284 5289 serviretur,
1324 5225 1468 5278 illam
1499 5225 1566 5279 de
1596 5227 1843 5280 saeculari
1868 5227 2044 5281 eet-le-

469 5325 546 5376 sia
575 5324 640 5374 ad
672 5323 916 5375 ordinem
951 5318 1196 5373 Fratrum
1233 5320 1498 5373 minorum
1529 5321 1711 5373 reduci
1734 5321 2042 5386 intendens,

471 5430 567 5486 per
595 5415 856 5482 quasdam
893 5412 1028 5466 alias
1055 5425 1185 5466 suas
1222 5411 1434 5467 litteras
1482 5413 1738 5466 venerab.
1770 5412 1896 5464 frat.
1941 5428 2040 5466 no-

471 5520 587 5563 stro
644 5507 868 5563 Nicolao
909 5506 1318 5574 archiepiscopo
1373 5505 1658 5576 Sipontino
1705 5506 1856 5561 dedit
1905 5508 2044 5561 inter

473 5611 664 5656 ca‘tcra
696 5602 750 5655 in
797 5599 1068 5654 mandatis
1098 5612 1158 5653 ut
1191 5599 1360 5670 ipsam
1406 5598 1684 5654 basilicam
1718 5598 2043 5670 professori-

473 5697 573 5750 bus
600 5694 731 5749 dicti
762 5692 968 5749 ordinis
994 5691 1246 5746 Fratrum
1295 5689 1563 5745 Miuorum
1615 5691 1960 5757 concederet,
1991 5704 2048 5748 et

471 5798 548 5842 tot
583 5789 780 5842 fratres
811 5786 864 5840 in
903 5799 964 5841 ea
1001 5784 1310 5842 institueret
1365 5792 1496 5854 quot
1527 5796 1593 5837 ex
1629 5784 1748 5854 ejus
1781 5783 2044 5844 fructibus

1239 329 1338 391 DE
1377 329 1554 388 VITA
1595 323 1691 383 ET
1736 314 1992 380 REBUS
2036 312 2313 375 GESTIS
2354 316 2861 380 BESSA'RIONIS

3555 327 3667 374 xcn

2098 441 2334 495 congrue
2385 434 2680 487 sustentari
2713 441 2956 504 possent,
3001 447 3101 487 nec
3150 447 3256 486 non
3326 437 3593 486 statueret
3617 437 3673 486 et

2095 525 2372 578 ordinaret
2410 526 2556 594 quod
2593 539 2785 579 omnes
2841 534 2896 578 et
2926 523 3119 593 singuli
3181 522 3412 587 fructus,
3446 522 3675 586 reditus,

2097 627 2410 686 proventus,
2428 618 2797 687 possessiones
2814 627 2865 670 ct
2899 620 3034 670 bona
3068 617 3237 686 ipsius
3265 615 3504 671 basilica:
3523 629 3671 668 com-

2101 711 2302 772 munia,
2339 725 2400 763 ac
2430 709 2515 764 illa
2550 725 2669 776 qum
2698 711 2763 765 ad
2813 714 3196 765 canonicatum
3243 718 3300 764 et
3327 707 3670 778 praebendam

2101 799 2393 854 Cardinalis
2422 815 2520 870 pro
2553 813 2795 871 tempore
2826 801 3138 855 exsistentis
3171 798 3502 867 supradicta:
3525 797 3674 853 basi-

2099 893 2217 946 lica!
2251 908 2318 946 ex
2353 901 2502 957 tunc,
2536 893 2638 946 alia
2697 907 2827 947 vero
2885 907 3004 961 quae
3051 891 3115 944 ad
3153 890 3287 944 alios
3322 889 3679 943 canenicatus

2100 983 2498 1053 etprmbendas
2525 998 2590 1038 ac
2627 983 2885 1038 beneficia
2931 985 3100 1052 ipsius
3149 983 3387 1035 basilica:
3440 981 3679 1046 pertine-

2102 1076 2250 1138 bant,
2288 1091 2447 1146 quam
2473 1079 2705 1145 primmn
2727 1077 3017 1131 canoaicos
3046 1076 3126 1129 vel
3159 1075 3505 1129 lienelieiatos
3533 1072 3684 1140 ejus-

2103 1167 2224 1222 dem
2273 1169 2517 1222 ecclesia:
2578 1169 2772 1223 cedere
2828 1169 2910 1223 vel
2967 1167 3255 1234 decedere,
3300 1175 3393 1220 aut
3444 1179 3507 1219 ea
3543 1163 3678 1218 alias

2108 1276 2332 1330 quoquo
2369 1262 2528 1317 modo
2553 1261 2831 1316 dimittere
2864 1262 3221 1328 contingeret,
3253 1258 3458 1314 eisdem
3493 1253 3678 1308 fratri-

2107 1355 2206 1406 bus
2239 1369 2536 1423 eorumque
2565 1353 2742 1408 ordini
2788 1352 3054 1414 Minorem
3082 1352 3402 1422 applicaret.
3435 1347 3673 1412 Quarum

2107 1445 2324 1512 quidem
2379 1445 2743 1515 posteriorum
2811 1445 3115 1499 litterarum
3187 1443 3369 1508 vigore
3420 1438 3678 1506 praefatus

2107 1536 2362 1592 Nicolaus
2399 1537 2842 1605 archiepiscopus
2874 1536 3150 1592 basilicam
3198 1535 3368 1601 ipsam
3399 1530 3682 1586 Fratribus

2113 1630 2407 1696 concessit,
2439 1644 2503 1683 ac
2538 1631 2728 1684 statuit
2773 1639 2831 1683 et
2879 1628 3152 1683 ordinavit
3199 1625 3426 1687 fructus,
3484 1621 3690 1690 reditus

2113 1732 2167 1776 et
2189 1731 2501 1788 proventus,
2533 1736 2595 1776 ac
2628 1721 2998 1791 possessiones
3025 1729 3080 1774 et
3110 1720 3247 1773 bona
3277 1717 3529 1787 prtedicla
3556 1713 3688 1782 ipsis

2113 1829 2415 1887 eorumque
2447 1817 2630 1871 ordini
2669 1816 2934 1870 Minorum
2967 1813 3248 1885 applicari.

2187 1909 2320 1961 Cum
2377 1910 2581 1978 itaque,
2644 1908 2783 1963 sicut
2834 1907 3088 1977 praefatus
3153 1904 3443 1961 Bessarion
3501 1917 3684 1957 coram

2117 2002 2271 2054 nobis
2300 2015 2472 2068 nuper
2501 2000 2782 2067 exposuit,
2814 2010 2867 2052 ct
2901 1997 2976 2052 rei
3007 1997 3172 2050 etiam
3210 1994 3481 2050 evidentia
3513 1994 3688 2047 mani-

2117 2095 2299 2158 feStat,
2350 2093 2522 2162 ipsam
2556 2091 2754 2145 dictam
2799 2089 3058 2157 capellam
3108 2086 3483 2156 reparaverit,
3523 2092 3576 2139 et
3605 2085 3690 2139 di-

2119 2186 2235 2255 guis
2272 2185 2496 2255 picturis
2520 2199 2582 2239 ac
2629 2181 2958 2254 parameutis
2984 2190 3036 2236 et
3069 2179 3405 2236 ornamentis
3445 2189 3551 2232 tam
3599 2194 3690 2234 Sc-

2121 2279 2281 2332 riceis
2320 2293 2481 2346 quam
2510 2277 2782 2345 argenteis
2829 2275 3011 2330 divino
3061 2273 3226 2328 cultui
3259 2273 3400 2342 aptis
3433 2271 3692 2326 decenter

2119 2372 2418 2433 ornaverit,
2467 2377 2520 2422 et
2572 2370 2622 2422 in
2655 2381 2719 2422 ea
2767 2382 2919 2422 suam
2971 2368 3300 2437 sepulturam
3353 2366 3598 2435 elegerit,
3638 2371 3694 2418 et

2121 2463 2368 2530 quamvis
2389 2461 2515 2514 olim
2554 2477 2650 2529 pro
2677 2460 2801 2514 dote
2838 2462 3008 2530 ipsius
3053 2459 3273 2530 capella:
3303 2458 3539 2529 quinque
3575 2471 3696 2526 par-

2125 2563 2205 2610 tes
2254 2571 2317 2611 cx
2373 2555 2650 2609 duodecim
2703 2555 2949 2624 partibus
3002 2553 3329 2623 infrascripti
3380 2551 3614 2616 casalis,
3646 2559 3698 2604 et

2127 2657 2273 2703 certa
2305 2649 2408 2702 alia
2449 2658 2574 2701 tunc
2613 2661 2870 2716 expressa
2914 2650 3050 2701 bona
3083 2647 3239 2702 dieue
3263 2645 3480 2714 capella:
3533 2643 3703 2698 dona-

2128 2741 2286 2801 verit,
2318 2749 2496 2792 tamen
2531 2754 2704 2808 nuper
2741 2756 2841 2793 suo
2886 2739 3067 2791 animo
3106 2739 3160 2792 in
3206 2739 3407 2792 bonum
3461 2736 3702 2804 quotidie

2129 2830 2297 2897 magis
2327 2828 2679 2895 fet-vescente,
2709 2830 2908 2898 emptis
2945 2829 3014 2882 ab
3033 2845 3098 2884 eo
3127 2846 3154 2882 a
3187 2829 3418 2884 diversis
3450 2829 3704 2899 personis

2129 2921 2354 2992 reliquis
2406 2931 2610 2991 septeni
2663 2923 2910 2992 partibus
2951 2922 3149 2979 casalis
3199 2921 3501 2994 CiCOgnolte
3529 2937 3704 2988 novre,

2131 3013 2221 3068 siti
2259 3014 2311 3066 in
2341 3011 2492 3066 Latio
2518 3021 2667 3067 extra
2702 3024 2910 3082 portam
2950 3013 3178 3082 Appiam
3227 3013 3382 3066 aliine
3430 3011 3610 3078 Urbis,
3651 3021 3708 3066 et

2130 3107 2236 3162 alia
2271 3106 2564 3161 donatione
2599 3107 2872 3178 praidicta,
2927 3116 3184 3176 tanquam
3243 3107 3421 3162 minus
3449 3105 3702 3171 fecunda,

2133 3215 2229 3270 per
2263 3215 2388 3253 eum
2438 3207 2712 3262 revocata,
2762 3209 2930 3253 telum
2988 3199 3189 3252 dictum
3227 3198 3407 3252 casale
3436 3211 3558 3252 cum
3588 3211 3705 3251 ont-

2135 3293 2291 3349 nibus
2319 3302 2370 3346 et
2405 3292 2629 3360 singulis
2659 3290 2990 3357 tenimentis,
3039 3292 3200 3346 terris
3229 3291 3389 3346 cultis
3421 3301 3477 3344 et
3517 3289 3708 3345 incul-

2134 3387 2227 3452 tis,
2262 3387 2454 3458 pratis,
2487 3386 2667 3456 aquis,
2697 3401 2957 3454 aquarum
3015 3385 3332 3439 decursibus
3360 3383 3588 3452 aliisque
3614 3383 3708 3455 ju-

2133 3478 2284 3534 ribus
2335 3488 2390 3532 et
2423 3477 2766 3546 pet-tinentiis
2819 3478 2953 3539 suis.
3007 3490 3108 3530 nec
3168 3491 3272 3530 non
3305 3475 3591 3546 quamdam
3621 3475 3702 3528 vi-

2137 3586 2290 3627 neam
2324 3585 2590 3624 mensarte
2636 3579 2841 3638 septem
2904 3568 3192 3638 petiarum,
3225 3569 3309 3623 vel
3342 3568 3512 3636 circa,
3552 3568 3712 3624 sitam

2138 3661 2278 3715 infra
2307 3661 2508 3714 mteuia
2539 3659 2703 3716 Urbis
2730 3660 2781 3713 iti
2818 3659 2939 3714 loco
2965 3658 3020 3714 S.
3051 3657 3275 3716 Caesarii
3312 3659 3363 3714 in
3393 3659 3552 3714 'furri
3584 3676 3715 3713 nuu-

2137 3763 2357 3823 cupato,
2389 3753 2637 3808 similiter
2674 3767 2702 3806 a
2736 3766 2796 3807 se
2840 3762 3121 3822 emptam;
3172 3753 3388 3823 aliaque
3430 3753 3623 3820 jocalia
3655 3760 3713 3806 et

2137 3855 2454 3902 ornamenta
2515 3845 2770 3915 prredicta
2817 3845 2992 3899 cidem
3049 3845 3269 3913 capella:
3320 3847 3544 3901 donavit
3571 3845 3709 3899 etin

2141 3935 2322 3991 dotem
2369 3935 2654 3991 constituit
2688 3950 2751 3989 ac
2799 3935 3117 4004 assignavit.
3148 3935 3210 3989 Et
3239 3935 3363 4004 quia
3399 3945 3520 4002 post
3555 3935 3712 4007 153

2140 4028 2533 4084 enianationcm
2613 4027 2854 4097 priorum
2936 4028 3238 4081 litterarum
3331 4029 3708 4098 praedictarum

2142 4113 2258 4188 ip'sa
2292 4119 2512 4173 basilica
2543 4117 2702 4172 dictis
2729 4117 3010 4172 Fratribus
3033 4116 3244 4172 ordinis
3279 4116 3546 4174 Minorum
3572 4133 3705 4174 con-

2143 4226 2292 4265 cessa
2349 4220 2403 4265 et
2461 4212 2527 4264 ad
2587 4225 2777 4266 eorum
2835 4211 3082 4266 ordinem
3139 4213 3359 4266 reducta
3399 4213 3629 4274 exstitit,
3658 4221 3717 4264 ut

2145 4307 2450 4378 prtcfertur,
2487 4307 2628 4361 idem
2655 4307 2967 4374 cardinalis,
3023 4307 3342 4363 existimans
3371 4323 3469 4378 per
3501 4307 3720 4362 eosdem

2151 4401 2374 4456 Fratres
2418 4415 2578 4470 posse
2633 4401 2791 4455 dicta:
2825 4401 3048 4472 capella:
3093 4401 3146 4455 in
3176 4401 3373 4456 divinis
3399 4399 3729 4456 convenien-

2147 4497 2252 4549 tius
2277 4506 2328 4549 et
2353 4495 2562 4549 facilius
2589 4509 2748 4560 quam
2785 4509 2878 4561 per
2927 4493 3222 4552 'steculares
3253 4493 3596 4563 presbyteros
3625 4490 3722 4546 de-

2146 4588 2359 4652 serviri,
2397 4588 2542 4656 ipsos
2585 4585 2803 4639 Fratres
2857 4586 2910 4639 in
2940 4587 3080 4640 dicta
3132 4585 3338 4653 capella
3371 4585 3618 4645 instituit,
3656 4598 3724 4637 ae

2145 4681 2313 4733 voluit
2339 4689 2386 4733 et
2431 4678 2721 4740 ordinavit,
2747 4679 2886 4746 quod
2915 4677 3016 4746 ipsi
3073 4675 3294 4733 Fratres
3323 4678 3518 4732 dictam
3542 4676 3726 4746 capel-

2155 4775 2256 4826 lam
2287 4779 2339 4826 et
2373 4787 2466 4840 per
2503 4769 2742 4839 ipsorum
2775 4777 3150 4838 procuratores
3208 4769 3291 4824 vel
3321 4771 3572 4840 syndicos
3605 4769 3725 4836 ejus

2155 4864 2290 4917 bona
2335 4869 2598 4924 tenerent,
2624 4869 2676 4914 ct
2703 4861 2754 4914 iti
2785 4860 2974 4914 eadem
3002 4857 3204 4929 eap'ella
3245 4863 3392 4917 omni
3431 4861 3521 4916 die
3560 4878 3725 4917 unam

2155 4960 2374 5012 missam
2439 4955 2784 5010 celebrarent
2824 4954 2907 5006 vel
2966 4956 3230 5009 celebrari
3294 4957 3562 5021 facerent,
3620 4956 3728 5012 hoc

2153 5049 2312 5103 modo
2347 5048 2618 5113 videlicet,
2638 5047 2826 5100 diebus
2860 5045 3135 5108 Mercurii,
3160 5045 3382 5102 Veneris
3403 5057 3455 5101 ct
3477 5047 3725 5116 Sabbati,

2153 5145 2368 5196 missam
2401 5156 2498 5210 pro
2531 5140 2838 5209 defunctis,
2873 5141 2961 5195 die
3013 5157 3141 5194 vero
3182 5140 3460 5196 Doutinico
3496 5141 3722 5196 missam

2153 5246 2484 5302 currentem,
2555 5246 2610 5290 et
2655 5234 2743 5290 die
2805 5235 2971 5290 Luna:
3029 5232 3247 5290 missam
3301 5235 3359 5290 S.
3397 5235 3609 5306 Angeli,
3637 5233 3728 5290 die

2156 5343 2280 5382 \CIO
2309 5329 2494 5383 Martis
2525 5329 2743 5384 missam
2777 5327 2833 5383 S.
2867 5329 3090 5384 Joannis
3117 5329 3390 5397 Baptistae,
3427 5340 3482 5384 et
3527 5331 3612 5385 die
3633 5327 3731 5384 Jo-

2154 5424 2235 5475 vis
2277 5422 2496 5476 missam
2526 5420 2583 5473 S.
2617 5420 2902 5475 Trinitatis
2945 5437 3068 5476 cum
3112 5424 3628 5477 commemoratione
3657 5423 3722 5480 S.

2156 5513 2426 5581 findi-nire,
2457 5522 2509 5566 et
2535 5514 2698 5567 etiam
2736 5528 2858 5567 cum
2889 5513 3112 5568 collecta
3145 5516 3196 5569 in
3219 5515 3469 5584 qualibet
3503 5530 3600 5586 pro
3631 5519 3725 5571 de-

2154 5603 2354 5656 functis
2403 5601 2684 5656 rcfcrendo
2710 5620 2806 5673 pro
2834 5607 2999 5660 certis
3023 5621 3119 5674 per
3149 5607 3320 5676 ipsum
3343 5608 3507 5662 Bessa
3520 5609 3725 5662 rioncm

2156 5695 2474 5750 nominatim
2503 5697 2793 5764 citpressis,
2826 5712 2926 5751 nec
2960 5713 3064 5753 non
3120 5699 3262 5770 quod
3293 5700 3452 5754 annis
3477 5698 3726 5768 singulis,

2155 5789 2363 5844 ἀεί-ἱιιιει
2409 5789 2493 5844 die
2535 5789 2734 5844 mensis
2782 5788 3139 5879 Septembris,
3199 5799 3485 5846 teneantur
3531 5790 3732 5846 fratres
