3990 6218
289 367 426 411 XVIIII

291 477 392 546 ipsi
427 482 654 528 cantare
688 469 895 539 vigilias
924 479 1283 536 mortuorum,
1336 483 1391 528 et
1421 477 1639 529 missam
1675 477 1872 529 solent-

285 583 413 625 nem
450 581 550 634 pro
602 562 884 619 defunctis
941 565 1219 634 expressis
1273 566 1549 634 praedictis
1601 583 1663 620 ac
1704 569 1871 623 voluit

287 659 429 715 ident
466 657 776 713 Bessarion.
809 655 965 724 Quod
1012 657 1058 711 si
1103 672 1211 726 quo
1243 675 1373 715 casu
1417 661 1707 732 aliquando
1743 678 1873 718 con-

289 751 522 821 tingeret
566 750 710 819 quod
740 749 870 804 dicti
918 749 1116 804 fratres
1145 751 1214 805 ab
1241 752 1430 807 eadem
1462 753 1682 808 basilica
1722 769 1874 808 recc-
1918 780 1926 788 -

284 843 480 897 delent
519 855 752 910 eamque
795 841 1156 905 dimitterent,
1212 842 1466 912 dictaque
1517 845 1744 900 basilica
1805 849 1869 899 ait

284 935 554 990 dictorum
582 933 925 988 saecularium
961 934 1200 1004 regimen
1260 938 1633 1005 reduceretur,
1666 949 1795 994 tunc
1820 951 1874 994 et

283 1041 354 1084 eo
389 1041 515 1081 casu
543 1026 747 1081 dictum
777 1028 870 1098 jus
900 1037 1222 1096 patronatus
1255 1029 1430 1084 locum
1462 1030 1682 1100 habere,
1720 1033 1868 1087 illud-

284 1135 397 1190 que
427 1119 493 1173 ad
536 1119 786 1175 abbatem
847 1120 1162 1176 monasterii
1214 1121 1275 1176 S.-
1306 1121 1459 1178 Pauli
1519 1133 1574 1179 et
1627 1126 1869 1194 priorem

287 1214 483 1268 domus
517 1213 578 1269 S.
605 1213 790 1268 Mariae
819 1213 888 1268 de
915 1214 1117 1281 Populo
1147 1217 1532 1283 praedictorum
1569 1221 1864 1288 pertinere.

289 1305 352 1360 Et
376 1306 501 1376 quia
523 1307 638 1375 ipsa
667 1306 874 1374 capella
905 1321 1002 1375 pro
1030 1308 1241 1364 duobus
1272 1308 1569 1377 capellanis
1594 1301 1868 1366 sufiicicn-

292 1411 372 1450 ιω·
399 1411 496 1466 per
536 1395 822 1464 praefatum
884 1395 1260 1452 Bessarionem
1330 1399 1518 1453 dotata
1576 1407 1694 1464 est,
1722 1401 1868 1470 quod

290 1502 418 1542 .unc
465 1495 522 1540 et
569 1502 632 1540 eo
689 1501 820 1540 casu
874 1485 972 1553 ipsi
1019 1487 1188 1542 abbas
1241 1497 1295 1542 et
1354 1488 1522 1556 prior,
1557 1498 1664 1542 tam
1695 1490 1870 1555 prima

293 1579 411 1633 rice
443 1593 605 1646 quam
640 1580 851 1647 quoties
878 1593 1038 1634 casus
1088 1579 1233 1634 illius
1288 1579 1586 1635 vacationis
1617 1595 1874 1636 occurre-

297 1670 381 1734 rit,
410 1671 548 1725 duas
580 1685 843 1739 personas
871 1671 925 1724 in
974 1673 1283 1726 sacerdotio
1334 1674 1660 1728 constitutas
1691 1674 1872 1727 cardi-

287 1768 396 1820 t.ali
433 1767 556 1834 ejus
590 1765 824 1820 basilica:
870 1781 968 1834 pro
1009 1775 1252 1834 tempore
1293 1768 1575 1821 exsistenti
1621 1781 1720 1836 per
1746 1781 1870 1820 cum

310 1858 661 1914 instituendas
696 1867 1027 1925 praesentare
1077 1859 1346 1925 debeant;
1374 1859 1464 1928 qui
1527 1860 1744 1928 quidem
1776 1873 1867 1913 ca-

285 1953 488 2022 pellani
517 1951 760 2021 qualibet
791 1951 1098 2020 septimana
1152 1961 1358 2020 septem
1391 1951 1608 2016 missas,
1639 1951 1875 2022 singulis

287 2043 541 2098 videlicet
570 2042 760 2098 diebus
787 2043 1026 2114 singulas
1055 2042 1108 2097 in
1152 2044 1344 2098 eadem
1391 2043 1597 2113 capella
1627 2042 1873 2098 vicissim

289 2138 453 2189 modo
498 2144 554 2189 et
596 2137 790 2192 ordine
838 2137 1092 2204 superius
1139 2137 1446 2208 espressis,
1498 2145 1556 2192 et
1609 2136 1874 2206 praedicta

292 2228 496 2284 decima
529 2228 620 2284 die
653 2230 867 2300 vigilias
925 2241 1262 2287 mortuorum
1315 2241 1374 2286 et
1433 2229 1667 2285 ofiicium
1702 2238 1873 2286 totum

290 2329 347 2375 et
379 2322 599 2378 missam
641 2337 740 2390 pro
783 2320 1055 2378 defunctis
1103 2321 1281 2392 legere
1328 2329 1638 2378 teneantur.
1666 2321 1878 2376 Casalis

289 2427 420 2466 vero
449 2424 505 2468 et
539 2414 711 2469 viuere
739 2423 793 2469 et
813 2414 1041 2471 aliorum
1072 2414 1340 2487 bonorum
1369 2422 1423 2468 et
1445 2413 1704 2484 jocalitun
1740 2426 1877 2480 prte-

288 2505 558 2560 dictorum
587 2505 692 2576 ipsi
728 2505 980 2576 capellae,
1040 2515 1098 2561 ut
1137 2505 1477 2576 pradicitur,
1525 2504 1876 2570 donatorum,

286 2610 345 2653 et
371 2611 827 2667 quorumcunque
858 2597 1083 2653 aliorum
1117 2598 1191 2664 ei,
1229 2600 1339 2655 vita
1373 2598 1597 2661 comite,
1619 2599 1672 2652 in
1695 2607 1878 2663 poste-

290 2705 410 2744 rum
454 2689 835 2746 donandorum
891 2689 1274 2746 alienationem
1324 2690 1563 2761 cujusvis
1589 2687 1790 2759 speciei
1815 2701 1878 2741 ac

289 2783 507 2850 generis
536 2783 678 2838 idem
705 2779 1012 2848 Bessarion,
1049 2792 1156 2837 tam
1187 2782 1440 2838 Fratrum
1473 2782 1714 2852 ipsorum
1750 2793 1877 2848 syn-

289 2876 429 2931 dicis
457 2891 621 2947 quam
655 2875 707 2929 in
743 2873 1073 2943 promissum
1132 2884 1382 2930 eventum
1417 2872 1710 2942 capellanis
1737 2885 1876 2940 prae-

292 2968 474 3032 dictis,
509 2977 565 3023 ct
614 2967 1026 3037 quibuscunque
1068 2966 1190 3022 aliis
1229 2967 1389 3021 dieue
1418 2965 1639 3035 capellae
1673 2974 1723 3020 et
1759 2964 1878 3034 ejus

292 3061 561 3117 bonorum
615 3057 1187 3123 administratoribus,
1265 3066 1526 3128 perpetuo
1584 3055 1879 3111 'interdixit

293 3165 458 3224 atque
485 3151 783 3223 prohibuit,
812 3151 997 3207 volens
1027 3149 1188 3223 154
1237 3150 1594 3207 alienatioues
1625 3149 1793 3220 ipsas,
1831 3149 1876 3201 si

294 3263 416 3318 qua
463 3248 519 3302 in
552 3256 663 3302 toto
689 3243 775 3300 vel
815 3246 867 3300 in
903 3254 1076 3314 parte,
1130 3243 1273 3314 quod
1318 3243 1480 3306 absit,
1515 3241 1729 3302 fierent,
1760 3240 1880 3294 nul-

297 3343 401 3398 lius
428 3355 552 3398 esse
599 3339 812 3396 roboris
853 3339 935 3394 vel
960 3337 1262 3409 {momenti,
1307 3337 1403 3392 sed
1435 3335 1696 3391 adversus
1725 3346 1878 3402 emp—

296 3440 443 3487 tores
472 3439 567 3484 aut
596 3429 735 3486 alias
767 3430 1010 3498 ipsorum
1062 3427 1281 3492 casalis,
1317 3427 1485 3481 vineae
1522 3435 1578 3481 et
1610 3425 1875 3480 bonorum

292 3537 620 3596 quocunque
663 3522 822 3578 titulo
849 3529 1154 3590 receptores
1186 3520 1465 3590 praedictis
1501 3519 1764 3576 fratribus
1794 3517 1878 3579 vel

291 3615 588 3684 capellanis
632 3625 955 3682 quocunque
998 3622 1240 3682 tempore
1297 3611 1412 3668 fore
1446 3613 1515 3669 ad
1545 3613 1636 3669 illa
1670 3629 1879 3687 regres-

293 3721 441 3770 sum,
472 3713 630 3774 prout
655 3713 764 3759 tam
798 3703 850 3758 in
881 3702 1152 3772 prtedictis
1183 3702 1380 3759 litteris
1408 3718 1571 3774 quam
1605 3720 1870 3776 processu

294 3812 396 3866 per
430 3797 604 3866 ipsum
635 3795 1102 3866 archiepiscopum
1126 3810 1294 3868 super
1322 3797 1526 3853 eisdem
1558 3801 1880 3867 posteriori-

292 3889 394 3942 bus
421 3887 616 3943 litteris
661 3886 866 3952 habito,
891 3895 946 3943 et
993 3888 1226 3958 quodam
1272 3889 1489 3959 publico
1519 3891 1876 3946 instrumento

290 3996 458 4053 super
510 3982 807 4038 donatione
853 3991 908 4036 et
963 3980 1016 4036 in
1045 3981 1226 4038 dotem
1279 3981 1694 4049 constitutione,
1737 3984 1877 4038 assi-

294 4077 570 4146 gnatione,
600 4074 902 4140 voluntate.
946 4074 1289 4131 ordinatione
1325 4083 1381 4128 et
1429 4073 1550 4128 aliis
1581 4076 1877 4142 praemissis

294 4167 562 4231 confecto,
587 4183 817 4238 quorum
844 4168 1086 4222 omnium
1123 4177 1338 4222 tenores
1376 4166 1884 4242 diligenterinspici.

293 4271 347 4316 et
399 4261 704 4317 examinari
772 4260 1023 4328 fecimus,
1073 4273 1129 4316 et
1163 4275 1259 4316 eos
1299 4274 1364 4315 ac
1422 4261 1469 4315 si
1501 4261 1569 4315 de
1615 4261 1780 4316 verbo
1809 4251 1885 4316 ad“

293 4354 518 4410 verbum
542 4356 900 4424 praesentibus
958 4357 1346 4422 insererentur,
1407 4355 1595 4415 haberi
1626 4360 1883 4428 volumus]
1967 4379 1974 4391 ι

296 4461 392 4516 pro
417 4447 711 4517 expressis,
759 4447 971 4516 plenius
1015 4449 1348 4505 continetur.
1399 4449 1582 4516 Quare
1619 4436 1883 4521 praefatus.

297 4537 586 4594 Bcssarion
623 4540 778 4595 nobis
809 4540 1088 4599 humiliter
1129 4545 1454 4614 supplicavit
1487 4555 1544 4599 ut
1584 4547 1876 4613 praamissis

297 4631 547 4685 Omnibus
569 4641 626 4687 et
653 4631 880 4704 singulis
908 4650 1004 4704 pro
1037 4635 1248 4691 illorum
1273 4639 1622 4693 subsistentia
1648 4639 1888 4708 firmiori,

298 4720 461 4775 robur
507 4723 818 4790 apostolica:
866 4727 1298 4782 confirmationis
1349 4729 1584 4798 adjicere
1632 4731 1874 4800 aliasque

295 4826 456 4883 super
494 4814 577 4868 his
605 4826 907 4884 opportune
955 4820 1242 4889 providere
1288 4822 1355 4877 de
1391 4822 1720 4891 benignitate
1745 4841 1876 4893 apo-

295 4903 486 4958 stolica
511 4906 883 4975 dignaremur.

361 4995 472 5050 Nos
511 4996 695 5067 igitur,
733 5001 824 5069 qui
862 5000 1160 5069 huiusmodi
1225 5007 1575 5062 laudabilium
1621 5025 1872 5080 operum,

294 5101 387 5153 per
411 5106 533 5159 qua:
565 5093 784 5149 divinus
812 5096 990 5150 cultus
1027 5110 1278 5167 augetur,
1333 5103 1691 5158 ecclesiarum
1727 5106 1872 5159 basi-

292 5183 411 5238 lice
467 5186 817 5250 decorantur,
870 5199 924 5243 et
961 5191 1262 5246 animarum
1314 5203 1421 5248 tam
1472 5198 1869 5254 instituentium

290 5292 452 5346 quam
501 5280 733 5335 aliorum
786 5281 1024 5338 ﬁdelium
1077 5287 1238 5341 saluti
1293 5291 1515 5357 provide
1546 5291 1870 5358 consulitur,

287 5377 760 5428 eommendatores
791 5385 953 5444 atque
978 5378 1220 5433 fautores
1261 5381 1495 5437 libenter
1529 5387 1866 5455 exsistimus,

287 5471 342 5514 et
373 5474 431 5515 ut
462 5475 782 5532 perpetuum
819 5483 1056 5537 VlgUfClll
1091 5471 1346 5540 habeant,
1390 5489 1649 5544 quantum
1683 5491 1869 5534 nostra

287 5556 430 5609 valet
478 5559 714 5625 provisio
746 5602 762 5625 ,
807 5562 1103 5619 efficaciter
1165 5581 1496 5636 operantur,
1554 5573 1866 5644 hujustnodi

284 5649 776 5718 supplicationibus
825 5656 1104 5726 inclinati,
1148 5668 1544 5730 reparationem
1592 5679 1646 5720 et
1707 5685 1868 5723 orna-

285 5750 525 5791 mentum
559 5744 776 5809 capella
808 5748 1092 5813 prazdiclm,
1123 5752 1326 5806 eisdem
1362 5753 1641 5813 Fratribus
1668 5761 1868 5815 factam

286 5833 694 5888 concessionem
742 5854 1039 5910 eorumque
1093 5843 1143 5897 in
1205 5847 1288 5900 illa
1343 5851 1755 5923 institutionem,
1809 5867 1863 5912 ct

770 5941 1032 5996 Parnoc.
1078 5939 1184 5996 (in.
1223 5942 1419 6004 CLXI,

1003 356 1300 422 ALOYSll
1340 361 1697 423 BANDlNll
1737 360 2353 428 COMMENTARUS
2409 393 2474 402 *-
2522 367 2931 429 APPENDIX.

3428 375 3553 419 XCIV

1983 477 2179 528 CnSnIis
2225 488 2278 531 et
2321 479 2507 543 vineas,
2547 494 2644 532 nec
2691 494 2796 532 non
2839 474 3099 548 jocalium
3129 487 3182 532 ct
3213 488 3560 533 ornamento-

1980 582 2096 620 rum
2130 584 2192 621 ac
2223 570 2486 640 bonorum
2534 557 2911 641 praedictorum
2949 571 3050 641 ipsi
3095 571 3312 641 capella!
3361 571 3558 626 factam

1975 661 2329 726 posteriorem
2356 662 2722 727 donationem,
2747 679 2811 716 ac
2833 663 2922 730 jus
2957 671 3273 732 patronatus
3299 662 3353 717 in
3379 677 3550 717 even-

1979 759 2090 802 tum
2121 753 2433 818 prmtliclum
2473 756 2735 808 duntaxat
2783 757 3196 811 concessionem
3255 754 3559 825 priorisque

1976 844 2404 910 revocationem,
2435 861 2533 900 nec
2559 862 2688 915 ‘non
2727 848 3096 913 interdictum,
3146 853 3198 901 et
3233 845 3558 916 prohibitio-

1976 950 2100 990 nem
2130 953 2193 993 ac
2227 939 2556 994 Voluntalem
2581 949 2634 994 ct
2663 940 3060 995 ordinationem
3087 938 3258 1008 ipsius
3275 937 3559 992 Bessario-

1976 1036 2059 1088 nis
2093 1032 2391 1088 cardiualis
2442 1035 2656 1102 aliaque
2715 1033 2992 1099 praemissa
3047 1041 3168 1084 rata
3222 1030 3483 1083 habentes
3507 1039 3564 1084 et

1974 1135 2152 1194 grata,
2187 1124 2276 1178 illa
2310 1125 2489 1178 omnia
2527 1133 2578 1177 et
2627 1123 2837 1193 singula
2877 1124 2928 1175 in
2974 1122 3170 1176 litteris
3217 1129 3272 1174 et
3303 1133 3557 1187 processu

1975 1232 2040 1271 ac
2072 1218 2436 1271 instrumento
2468 1215 2742 1284 praedictis
2779 1221 3033 1268 contenta
3072 1221 3127 1266 et
3160 1210 3400 1281 qualibet
3434 1209 3560 1261 inde

1974 1315 2162 1362 secuta
2215 1307 2540 1360 auctoritate
2587 1304 2889 1375 apostolica
2938 1313 2990 1358 et
3029 1317 3095 1356 ex
3139 1310 3291 1354 certa
3329 1299 3559 1352 scientia

1977 1407 2160 1452 tenore
2194 1395 2543 1466 praesentium
2578 1395 2966 1450 confirmamus
2994 1403 3050 1446 et
3077 1391 3464 1462 approbamus,
3493 1403 3558 1442 ac

1975 1490 2194 1559 plenum
2221 1490 2388 1544 robur
2414 1489 2663 1544 obtinere
2684 1489 3051 1551 decernimus,
3090 1485 3407 1554 snpplcntes
3443 1499 3560 1535 om-

1976 1598 2074 1639 nes
2112 1593 2166 1638 et
2218 1582 2460 1653 singulos
2491 1581 2764 1644 defectus,
2823 1580 2868 1634 si
2897 1579 2986 1650 qui
3014 1578 3196 1634 forsan
3252 1577 3562 1630 intervene-

1976 1676 2088 1729 rint
2138 1676 2201 1729 ‘in
2253 1675 2481 1737 eisdem,
2543 1687 2646 1728 nec
2707 1687 2813 1727 non
2870 1687 2990 1727 cum
3023 1671 3186 1726 dictis
3216 1669 3476 1724 fratribus
3502 1675 3562 1722 ut

1976 1768 2288 1840 praedictam
2343 1767 2628 1836 capellam,
2677 1774 2732 1822 et
2789 1765 2934 1821 illius
2994 1780 3061 1821 ac
3124 1763 3283 1818 dictae
3320 1762 3558 1817 basilicae

1975 1861 2348 1931 possessiones
2378 1870 2431 1916 et
2457 1859 2562 1913 alia
2604 1859 2744 1914 bona
2768 1858 3027 1928 praedicta
3061 1871 3158 1926 pro
3191 1855 3555 1926 paramentis,

1976 1953 2154 2016 libris,
2203 1952 2557 2014 ornamentis,
2613 1949 3000 2012 luminaribus,
3059 1962 3183 2003 cera
3227 1956 3279 2001 et
3319 1945 3438 2001 aliis
3472 1959 3561 2000 sa-

1977 2046 2180 2101 cristiae
2206 2046 2378 2115 ipsius
2403 2045 2663 2110 basilicae,
2699 2044 3019 2101 eorumdem
3051 2056 3268 2112 quoque
3299 2038 3556 2095 Fratrum

1979 2139 2414 2201 necessitatibus,
2444 2139 2490 2192 si
2529 2138 2748 2194 aliunde
2784 2138 2908 2193 vitae
2947 2134 3257 2192 necessaria
3301 2130 3559 2201 consequi

1980 2240 2275 2301 nequeant,
2309 2232 2570 2296 retinere,
2602 2245 2668 2286 ac
2699 2230 3073 2299 possessiones
3114 2239 3168 2285 et
3197 2230 3336 2284 bona
3370 2228 3563 2296 hujus-

1981 2325 2124 2381 modi
2179 2337 2276 2393 per
2325 2337 2669 2378 teconomum
2728 2322 2811 2378 vel
2845 2329 3253 2389 procuratorem
3305 2319 3557 2373 idoneum

1979 2427 2073 2472 aut
2105 2417 2383 2488 syndicum
2411 2415 2610 2470 laicum
2641 2413 3049 2476 administrare,
3092 2411 3306 2466 illorum
3342 2422 3560 2478 quoque

1980 2511 2231 2572 fructus,
2281 2509 2486 2564 reditus
2534 2516 2592 2564 et
2646 2515 2944 2578 proventus
2990 2506 3044 2560 in
3094 2519 3226 2559 usus
3271 2503 3564 2572 przedictos

1979 2611 2298 2659 convertere
2330 2603 2496 2658 libere
2525 2615 2588 2655 ac
2621 2599 2768 2654 licite
2796 2599 3038 2665 valeant,
3065 2596 3388 2651 auctoritate
3419 2610 3562 2664 pra:-

1980 2697 2122 2752 dicta
2151 2707 2336 2752 tenore
2352 2693 2699 2765 presentium
2723 2691 2882 2763 155
2903 2692 2970 2746 de
2994 2691 3214 2761 speciali
3241 2690 3416 2761 gratia
3447 2691 3562 2748 dis-

1979 2787 2648 2855 pensamus;mandantes
2677 2784 2901 2853 insuper
2931 2785 3252 2855 presbytero
3293 2784 3556 2840 cardinali

1979 2879 2135 2934 dicite
2163 2878 2404 2934 basilica:
2429 2876 2522 2947 qui
2557 2891 2652 2945 pro
2688 2885 2932 2943 tempore
2981 2874 3164 2942 fuerit,
3199 2886 3255 2930 ut
3281 2876 3561 2946 praemissa

1977 2973 2159 3026 omnia
2201 2982 2253 3027 et
2295 2969 2504 3040 singula
2540 2969 2706 3026 faciat
2752 2983 2848 3038 per
2877 2968 3099 3025 eosdem
3145 2969 3367 3024 Fratres
3393 2969 3479 3023 vel
3504 2969 3558 3022 in

1980 3065 2293 3137 praedictum
2331 3077 2584 3121 eventum
2631 3065 2944 3136 capellanos
2992 3067 3149 3122 dictae
3192 3065 3412 3135 capella:
3467 3061 3562 3132 qui

1981 3175 2078 3229 pro
2114 3173 2357 3231 tempore
2408 3159 2630 3223 fuerint,
2665 3162 2940 3228 perpetuis
2997 3159 3196 3214 futuris
3228 3159 3563 3230 temporibus

1981 3255 2370 3310 inviolabiliter
2415 3253 2719 3320 observari,
2784 3253 3218 3310 contradictores
3244 3268 3340 3323 per
3371 3268 3562 3308 censu-

1980 3365 2096 3404 ram
2154 3347 2610 3413 ecclesiasticam,
2645 3347 3006 3418 appellationc
3057 3351 3383 3418 postposita,
3414 3363 3564 3404 com-

1981 3441 2250 3511 pescendo
2283 3457 2298 3494 :
2331 3455 2438 3496 non
2476 3441 2822 3496 obstantibus
2871 3441 3356 3496 constitutionibus
3388 3452 3445 3496 et
3472 3456 3566 3496 or-
3631 3499 3642 3520 κ

1979 3534 2349 3589 diuationibus
2389 3533 2702 3603 apostolicis
2753 3547 2817 3589 ac
2862 3533 3178 3591 eorumdem
3235 3534 3476 3590 basilicae
3507 3543 3566 3590 et

1979 3627 2189 3681 ordinis
2221 3627 2472 3682 Fratrum
2514 3626 2778 3682 Minorem
2806 3628 3032 3684 statutis
3063 3638 3118 3684 et
3150 3629 3566 3683 consuetudini-

1981 3716 2100 3778 bus,
2128 3715 2463 3785 juramcnto,
2487 3716 2897 3774 confirmatione
2931 3719 3225 3787 aposwlica
3255 3721 3336 3774 vel
3373 3720 3565 3790 quavis

1980 3813 2238 3868 firmitate
2265 3812 2369 3866 alia
2412 3813 2701 3877 roboratis,
2759 3815 3054 3869 contrariis
3106 3815 3562 3886 quibuscumque;

1979 3917 2072 3962 aut
2105 3908 2149 3963 si
2187 3907 2460 3978 aliquibus
2491 3908 2852 3961 communiter
2870 3908 2954 3961 vel
2993 3909 3207 3963 divisim
3241 3925 3270 3962 a
3296 3911 3554 3979 praedicta

1978 3999 2049 4053 sit
2100 3998 2230 4054 sede
2281 3998 2571 4060 indultum,
2624 3998 2767 4070 quod
2827 3999 3120 4062 interdici,
3169 4002 3425 4070 suspendi
3477 4001 3564 4056 vel

1978 4091 2450 4147 excommunicari
2479 4106 2585 4144 non
2613 4091 2821 4160 possint
2869 4105 2966 4159 per
2997 4090 3206 4148 litteras
3238 4094 3565 4162 apostolicus

1968 4163 2088 4238 'non
2145 4183 2406 4238 facientes
2447 4182 2659 4252 plenam
2690 4193 2742 4237 et
2779 4196 3100 4254 expressam
3131 4184 3197 4238 de
3222 4184 3427 4240 induite
3459 4185 3564 4238 lm-

1975 4274 2214 4344 jusmodi
2252 4276 2606 4331 mentionem.

2048 4369 2189 4423 Nulli
2220 4385 2349 4440 ergo
2382 4371 2609 4425 omnino
2646 4369 2928 4426 hominum
2963 4373 3145 4436 liceat,
3183 4383 3289 4427 ctc.

2053 4460 2244 4515 Datum
2277 4459 2484 4525 Romae,
2513 4461 2654 4531 apud
2704 4463 2763 4516 S.
2815 4461 3076 4528 Marcum,
3113 4480 3255 4517 armo
3292 4464 3560 4519 incarnat.

1981 4552 2200 4608 Domin.
2224 4553 2388 4620 M67,
2408 4552 2617 4608 xvikal.
2641 4554 2889 4619 0ctobr.,
2913 4555 3104 4624 pontif.
3128 4557 3296 4611 nostri
3318 4571 3461 4610 anno
3488 4573 3560 4609 tv.

2725 4667 2819 4722 XI.

1980 4761 2139 4816 Breve
2192 4763 2523 4817 Bcssarionis
2577 4763 2825 4830 elegiam,
2892 4761 2958 4814 ab
3015 4771 3227 4814 auctore
3286 4777 3549 4830 anonymo

2049 4834 2097 4886 ei
2119 4850 2310 4900 careto,
2337 4835 2610 4902 scriptum.
2645 4821 2729 4886 Et:
2757 4821 2932 4886 codice
2979 4832 3107 4885 bibl.
3182 4821 3451 4886 Vaticana}
3501 4848 3556 4884 η.

2050 4904 2212 4970 5621,
2247 4921 2302 4972 p.
2335 4903 2422 4957 l0.

2050 5020 2360 5078 Cardinalis
2383 5020 2694 5087 Bessarton,
2715 5023 2988 5085 Nicacnus,
3021 5030 3264 5090 tempore
3285 5023 3560 5090 pontincis

1979 5113 2132 5168 Pauli
2164 5114 2206 5168 ll
2237 5113 2477 5168 maxime
2511 5115 2663 5170 floret
2693 5125 2750 5169 et
2789 5116 2841 5171 in
2875 5116 3050 5185 pretio
3081 5130 3186 5168 non
3218 5130 3382 5184 parvo
3437 5129 3560 5170 esse

1977 5208 2342 5276 pernoscitur,
2385 5207 2511 5262 licet
2545 5219 2598 5262 et
2624 5217 2783 5262 antea
2816 5207 3132 5275 exSIierit;
3181 5224 3283 5264 nec
3322 5209 3560 5263 immeri-

1980 5311 2057 5362 to,
2083 5317 2204 5353 nam
2245 5300 2674 5355 litteratissimus
2705 5308 2810 5366 est,
2843 5312 2898 5356 et
2941 5301 3211 5365 omnibus,
3254 5301 3465 5355 Latinis
3493 5315 3558 5356 ac

1979 5393 2209 5450 Graecis.
2239 5395 2408 5447 multo
2439 5393 2848 5458 dilectissimus,
2889 5405 3248 5464 praeterquam
3319 5392 3560 5462 Georgio

1977 5486 2364 5555 ’l‘rapezuntio,
2394 5487 2517 5542 odio
2548 5489 2784 5558 quodam
2828 5491 3062 5560 privato.
3125 5488 3222 5542 llic
3260 5491 3560 5548 cardinalis

1977 5580 2284 5632 litteratura
2315 5596 2532 5649 semper
2561 5581 2887 5645 oblectatur,
2929 5593 2982 5638 et
3017 5582 3250 5638 lectiOne
3276 5594 3385 5638 tum
3410 5585 3561 5640 ϐηθ-
3659 5595 3666 5602 ’

1976 5687 2062 5735 ca,
2097 5681 2207 5724 tum
2253 5672 2441 5726 Latina
2462 5688 2680 5740 semper
2713 5674 2919 5743 aliquid
2951 5678 3232 5744 componit
3261 5684 3356 5729 aut
3380 5684 3561 5730 trans-

1977 5769 2104 5822 fert.
2149 5768 2300 5821 Nuuc
2332 5769 2484 5822 estin
2509 5766 2628 5834 ejus
2656 5767 2907 5822 manibus
2935 5783 3073 5837 opus
3100 5767 3176 5821 De
3205 5769 3565 5838 comparatio-

1977 5875 2041 5914 ne
2080 5857 2318 5912 Plutonis
2350 5867 2397 5912 ct
2425 5857 2744 5926 Aristotelis,
2773 5859 2822 5912 in
2880 5873 2990 5928 quo
3019 5860 3102 5911 sui
3169 5859 3312 5912 vires
3360 5857 3564 5926 ingenii

3039 5957 3080 6016 ά
