3990 6218
341 452 344 457 ,
413 403 513 446 ιον

415 509 700 568 evidenter
729 502 1007 576 ostendit;
1051 524 1196 574 nam,
1254 507 1396 560 bone
1428 506 1621 561 .Deus!
1659 520 1691 574 q
1718 510 1859 557 tanta
1913 509 1998 556 est

418 601 774 671 intelligentia
809 604 928 673 ejus
966 601 1117 656 ineo
1161 600 1349 653 codice
1408 606 1574 668 atque
1626 595 1996 667 profunditas!

422 692 584 764 156
611 695 752 763 quod
783 701 962 746 tamen
997 691 1236 745 nondum
1292 689 1528 744 absolvit
1584 701 1754 759 opus;
1800 696 2002 755 quanta

418 786 717 856 majestasl
747 784 889 851 Quid
924 783 1099 836 dicam
1129 782 1194 837 de
1221 779 1475 835 acumine
1510 777 1736 846 ingenii,
1770 776 1902 844 quid
1937 778 2002 828 de

420 878 685 944 elegantia
748 874 1033 940 utriusque
1073 870 1395 926 sermonis?
1444 868 1544 922 Hic
1600 866 1746 921 enim
1815 864 2005 919 Latine

421 963 783 1034 proloquitur.
814 969 873 1013 ut
894 960 938 1013 si
974 964 1046 1013 ab
1072 960 1202 1026 ipsis
1228 956 1571 1012 incunabulis
1601 971 1628 1008 a
1649 953 1856 1007 Latinis
1882 952 2007 1005 Mu-

421 1058 497 1108 sis
526 1062 671 1107 esset
698 1054 987 1105 educatus.
1018 1049 1218 1104 Grandi
1251 1049 1484 1103 consilio
1509 1047 1588 1098 vir
1617 1053 1700 1099 est
1753 1044 1899 1113 quod
1928 1043 2008 1096 vi-

422 1146 614 1199 delicet
642 1141 900 1197 Bononia:
930 1141 1064 1195 satis
1096 1140 1285 1204 eluxit,
1310 1138 1402 1192 ubi
1435 1137 1526 1191 diu
1557 1136 1789 1204 legatus,
1831 1133 2007 1185 horni-

425 1249 523 1287 nes
550 1234 701 1286 durae
734 1232 964 1285 cervicis
994 1229 1401 1298 sapientissime
1432 1226 1750 1280 moderatus
1779 1222 1902 1285 fuit,
1954 1230 2009 1273 et

422 1323 564 1390 apud
590 1318 892 1374 Germanos
949 1324 1166 1387 gentem
1199 1317 1485 1370 barbaram
1522 1323 1575 1368 et
1606 1312 1826 1367 clleram
1862 1312 2007 1380 lega-

422 1413 573 1465 tione
613 1409 857 1470 l‘unctus,
895 1412 1036 1477 apud
1076 1420 1214 1475 quos
1239 1406 1436 1459 mirum
1467 1415 1731 1471 estquam
1760 1402 2007 1472 pruden-

426 1515 509 1557 ter
530 1516 588 1557 se
620 1500 874 1571 gesserit,
902 1511 1177 1568 quamque
1216 1497 1351 1549 mire
1383 1494 1452 1547 ab
1481 1495 1562 1547 eis
1596 1508 1656 1547 se
1713 1494 2009 1546 excluserit

427 1605 589 1662 atque
614 1590 947 1645 dissolverit.
975 1589 1112 1642 Eum
1146 1602 1272 1642 vero
1312 1584 1532 1640 censuit
1558 1586 1852 1653 imperator
1883 1582 2004 1637 Fri-

429 1680 670 1745 dericus,
710 1680 950 1743 censuit,
1013 1678 1259 1746 inquam,
1310 1676 1778 1744 sapientissimum
1829 1675 2009 1729 domi-

424 1771 853 1839 numuniceque
876 1769 1087 1823 dilexit.
1137 1768 1243 1833 Qui
1305 1766 1435 1821 licet
1490 1766 1546 1819 in
1608 1766 1815 1836 legatos
1871 1764 2010 1821 alios

426 1876 615 1918 amore
640 1874 694 1918 et
729 1861 1036 1917 reverentia
1073 1859 1310 1931 quadam
1359 1857 1521 1912 fuerit
1553 1873 1706 1925 usus,
1772 1859 1825 1912 in
1861 1856 2009 1913 hunc

432 1955 672 2007 maximo
703 1954 854 2007 cultu
892 1952 1078 2022 primo
1104 1964 1237 2004 usus
1273 1959 1396 2015 est;
1421 1949 1666 2003 secundo
1712 1962 1841 2004 vero
1889 1949 2010 2004 loco

426 2047 479 2098 in
513 2044 823 2114 episcopum
849 2042 1253 2108 Torcellanum,
1296 2056 1444 2095 nunc
1482 2039 1863 2107 Brixiensem;
1897 2049 2010 2095 ter-

411 2131 505 2191 tio
541 2138 595 2190 in
648 2137 1122 2205 archiepiscopum
1174 2133 1520 2203 Sipontinum
1572 2133 1853 2188 Nicolaum
1902 2131 2009 2189 He-

425 2228 580 2291 Iium,
614 2242 771 2296 quem
803 2242 990 2281 secum
1018 2224 1272 2280 Nictenus
1298 2224 1426 2279 illuc
1462 2224 1532 2278 ab
1550 2221 1700 2279 Urbe
1752 2222 2006 2290 abduxit,

423 2319 652 2373 consilio
677 2328 730 2372 et
763 2318 945 2387 lingua
980 2318 1199 2370 mirum.
1231 2314 1274 2370 Ο
1292 2330 1457 2384 quam
1481 2316 1662 2387 largus
1687 2313 2007 2370 muniﬁcus-

422 2423 527 2478 que
547 2417 632 2462 est
657 2408 712 2462 in
747 2424 869 2463 eum
900 2408 1104 2463 Paulus
1135 2407 1216 2460 ll!
1247 2418 1487 2463 attamen
1517 2421 1580 2462 ea
1619 2409 1737 2479 lege
1791 2420 2008 2464 servata

421 2509 492 2551 ne
514 2496 645 2567 quid
672 2497 741 2550 ab
767 2497 882 2566 ipso
900 2506 1096 2567 praeter
1114 2499 1312 2551 bonum
1342 2498 1740 2566 honestumque
1764 2506 2005 2568 petatur,

424 2591 569 2659 quod
597 2603 811 2657 semper
830 2589 1413 2655 servavitcardinalis,
1438 2589 1638 2659 quippe
1666 2591 2006 2647 modestissi-

425 2694 546 2734 mus
577 2678 879 2736 est.;'i‘aceo
899 2695 1157 2750 quanam
1185 2681 1448 2734 librorum
1480 2680 1678 2749 lingua:
1700 2681 2003 2751 utriusque,

422 2769 625 2826 Grieca:
655 2769 966 2841 Latinaeque
990 2770 1397 2825 multitudinem
1432 2771 1792 2839 comparavit.
1825 2770 2007 2827 Taceo

421 2865 566 2933 quod
599 2864 888 2933 plerosque
909 2865 1139 2933 juvenes
1178 2864 1295 2931 alit,
1325 2872 1380 2918 et
1408 2873 1468 2918 ut
1497 2862 1719 2919 discant
1767 2879 2009 2935 precep-

425 2956 639 3010 toribus
666 2957 889 3012 abunde
930 2958 1284 3027 .persolvens.
1325 2957 1593 3024 Equidem
1651 2958 1838 3026 paucis
1881 2974 2005 3014 eum

423 3059 702 3115 Compare.
742 3046 845 3101 llic
887 3047 1096 3103 calculo
1152 3049 1344 3103 vesica:
1391 3062 1693 3116 renumque
1736 3048 2007 3105 sinistime

421 3148 583 3193 antea
630 3140 996 3205 laboraverat,
1030 3155 1190 3194 nunc
1247 3156 1457 3211 sospes.
1508 3140 1698 3209 Qualia
1757 3143 2005 3197 convivia

400 3232 659 3286 instruat
681 3234 1098 3302 spectatissimis
1124 3245 1199 3288 εις
1234 3232 1560 3292 clariSsimi‘s
1596 3235 1726 3288 viris
1776 3224 2005 3304 legatis-

420 3341 528 3395 que
566 3342 725 3383 nemo
755 3338 837 3383 est
862 3329 957 3398 qui
979 3328 1047 3384 ad
1081 3344 1316 3399 unguem
1348 3330 1667 3385 describere
1692 3331 1852 3385 facile
1882 3345 2007 3401 pos-

421 3423 515 3477 sit.
556 3419 678 3485 Hic,
710 3422 937 3477 utdulci
985 3431 1039 3476 et
1073 3438 1263 3477 serena
1297 3432 1383 3477 est
1425 3420 1565 3477 facie
1611 3427 1877 3493 vultuque
1912 3424 2005 3495 ju-

420 3511 620 3575 cundo,
656 3514 737 3567 sic
771 3526 1025 3567 sermone
1053 3524 1107 3566 et
1144 3512 1389 3567 moribus
1412 3511 1684 3568 humanus
1717 3525 1773 3568 et
1797 3514 1991 3569 comis.

418 3602 807 3659 Bibliothecam
831 3604 1093 3675 grandem
1121 3605 1406 3675 utriusque
1436 3605 1642 3676 lingua:
1656 3616 1743 3661 est
1772 3616 1870 3660 aut
1897 3605 2007 3661 llo-

421 3711 541 3765 mai,
572 3709 663 3752 aut
709 3696 1022 3762 Florentiae,
1084 3710 1179 3752 aut
1233 3701 1412 3767 potius
1457 3699 1794 3755 Venetiisad
1844 3716 2003 3756 usum

424 3794 704 3864 publicum
733 3794 1084 3849 dimissurus.
1114 3792 1210 3846 llic
1239 3800 1306 3848 ab
1334 3791 1580 3864 Eugenio
1607 3806 1693 3851 εει
1746 3795 2004 3849 cardina-

420 3890 514 3956 lis,
541 3890 760 3945 nemine
792 3890 1136 3955 adversante,
1165 3900 1483 3955 creatus,ex
1517 3888 1720 3958 ingenii
1752 3890 2004 3944 acumine

420 3994 582 4051 atque
610 3981 880 4047 doctrina,
916 3981 1172 4052 adjutore
1227 3981 1666 4052 prudentissimo
1723 3980 2002 4036 cardinale

418 4075 702 4130 Cesarino.

1144 4168 1259 4224 XII.

422 4258 666 4334 Elogium
689 4263 938 4326 alterum,
981 4264 1253 4334 vernacula
1272 4262 1548 4332 scriptum.
1584 4262 1664 4316 Ea:
1687 4261 1807 4318 cod.
1838 4261 1997 4318 Vatia.

988 4333 1154 4401 5224,
1192 4352 1249 4405 ρ.
1287 4334 1412 4388 127.

486 4448 721 4504 Messere
780 4448 1112 4509 Bissarioue.
1181 4448 1357 4503 Greco
1386 4448 1439 4501 di
1474 4447 1723 4512 uazione,
1771 4462 2003 4504 vescovo

418 4545 714 4607 cardinale,
749 4541 801 4594 lu
847 4557 1008 4596 nomo
1051 4540 1104 4593 dt
1156 4539 1521 4609 grandissima
1569 4538 1808 4593 autorita
1859 4541 2000 4595 uella

416 4634 614 4688 Cbiesa
645 4636 696 4688 di
720 4635 841 4687 Dio.
876 4633 951 4686 Fu
1019 4645 1249 4687 monaco
1299 4630 1423 4685 dell‘
1474 4631 1666 4685 ordino
1714 4632 1766 4683 di
1823 4630 1992 4686 Santo

422 4729 643 4791 t$asilio,
671 4743 701 4781 e
734 4742 909 4781 venue
944 4726 1000 4778 iu
1058 4723 1211 4779 Italia
1254 4724 1470 4793 quando
1537 4721 1694 4792 157
1749 4724 1797 4777 ci
1835 4738 2004 4778 venue

418 4798 800 4889 I’tinperadore
824 4818 907 4872 de‘
939 4818 1139 4883 Greci;
1178 4819 1244 4871 de
1292 4819 1458 4887 primi
1502 4817 1766 4887 singulari
1799 4816 2001 4870 uomini

417 4919 521 4969 cbe
551 4914 599 4967 vi
626 4915 898 4967 venissino
939 4914 992 4965 l'u
1024 4913 1119 4964 lui.
1180 4912 1355 4980 Dipoi,
1416 4913 1547 4964 l'atta
1608 4911 1849 4965 l’uuione
1919 4910 2001 4966 tle‘

415 5007 578 5062 Greci
614 5022 710 5076 per
736 5007 783 5060 le
818 5019 916 5061 sue
966 5003 1226 5072 smgolari
1265 5004 1411 5058 virtt‘i
1454 5005 1507 5056 lu
1562 5002 1697 5057 latto
1727 5004 2002 5058 cardinale

417 5120 474 5153 in
499 5098 729 5155 Firenze
753 5101 820 5155 da
854 5114 989 5169 papa
1007 5097 1247 5168 Eugenio
1284 5098 1515 5153 insieme
1547 5113 1647 5154 con
1706 5098 1772 5152 l8
1821 5098 2005 5151 cardié

417 5190 528 5245 nali
558 5192 659 5244 cbe
694 5189 812 5245 lece
832 5192 889 5244 in
915 5187 1146 5251 Firenze
1166 5204 1185 5257 ;
1209 5204 1272 5244 ve
1305 5191 1453 5243 n‘era
1484 5204 1592 5243 uno
1626 5190 1765 5243 altro
1818 5188 2000 5245 Greco

413 5288 520 5341 cbe
572 5298 664 5338 era
719 5280 999 5338 cardinale
1051 5284 1400 5336 arcivescovo
1441 5282 1494 5334 di
1543 5279 1764 5344 Rossia,
1811 5281 1911 5334 cbe
1952 5281 1999 5334 si

413 5381 700 5432 clnamava
731 5373 1011 5443 cardinale
1040 5375 1268 5429 linteuo.
1302 5372 1382 5428 Fu
1411 5373 1464 5426 di
1508 5372 1872 5441 grandissima
1929 5372 2001 5424 ri-

413 5470 705 5543 putazione
733 5468 877 5523 uella
905 5468 1097 5523 Cbiesa
1130 5468 1182 5521 di
1215 5468 1336 5534 Dio,
1361 5483 1392 5521 e
1450 5476 1587 5520 tutte
1644 5466 1694 5519 le
1726 5478 1855 5519 cose
1910 5478 1999 5516 ar-

414 5568 522 5620 due
547 5579 579 5619 e
614 5564 817 5619 dillicili
848 5565 950 5618 cbe
978 5576 1351 5619 occorrevano
1375 5563 1425 5614 al
1465 5573 1643 5627 tempe
1674 5573 1793 5622 suo,
1826 5569 1996 5610 ricor-

414 5672 615 5713 reIatio
653 5659 803 5714 alui.
846 5656 922 5710 Fu
966 5670 1197 5711 vescovo
1220 5652 1572 5717 Tusmtlanu;
1606 5647 1750 5704 nudo
1816 5649 1993 5718 legato

410 5754 466 5804 in
499 5750 591 5819 pit‘t
624 5751 835 5822 luogbi,
874 5765 907 5803 e
941 5762 1158 5818 sempre
1196 5748 1337 5803 ebbe
1383 5746 1747 5816 grandissimo
1782 5742 1993 5796 Iiouore

411 5844 789 5917 dov‘egltaudo
813 5861 910 5914 per
930 5859 1113 5899 esscre
1148 5858 1309 5897 uomo
1339 5842 1517 5911 giusto
1560 5849 1611 5894 et
1640 5839 1693 5893 αἱ
1728 5834 1985 5895 laudabili

1289 388 1388 449 DE
1426 388 1600 449 Vl'I‘A
1641 385 1736 444 ET
1767 383 2020 444 ΗΕΒυὸ
2061 380 2328 440 ΟΕδῖἸὸ
2367 374 2870 437 BESSARIONIS

3568 370 3690 415 XCVI

2114 499 2366 554 costumi.
2390 496 2464 549 Fu
2499 498 2674 565 legato
2705 495 2757 548 di
2788 493 3027 562 Bulogna
3059 489 3147 558 plu
3181 498 3359 556 tempo
3408 494 3463 541 et
3492 500 3687 556 gover-

2114 592 2185 643 no
2217 589 2803 656 maravigliOSamente,
2843 593 2897 637 et
2929 582 3120 638 ebbevi
3156 579 3524 651 grandissimo
3560 592 3694 633 ono-

2115 693 2172 731 re
2203 690 2296 747 per
2331 676 2381 730 le
2413 690 2514 731 suo
2534 677 2714 745 giusto
2750 687 3011 744 governo.
3037 670 3151 725 Non
3193 685 3393 740 pareva
3423 669 3562 724 nella
3588 684 3687 724 sua

2116 770 2246 832 vita,
2277 778 2332 823 et
2365 768 2691 823 costumi....
2717 781 2804 820 ma
2825 765 2912 820 ne’
2934 764 3221 836 principali
3248 761 3431 833 luogbi
3459 761 3689 817 d‘ltalia.

2114 858 2271 913 Audo
2298 860 2478 929 legato
2515 860 2571 913 in
2598 857 2851 923 Francia,
2893 855 3032 911 dove
3055 854 3192 910 ebbe
3221 853 3581 925 grandissimo
3616 851 3689 907 ri-

2117 951 2407 1020 putazione
2436 952 2493 1005 in
2525 951 2705 1019 quello
2723 949 2861 1003 ebbe
2886 963 2916 1003 a
2950 947 3089 1002 lare.
3120 946 3199 1002 Fu
3226 945 3533 1002 dottissimo
3555 944 3696 998 uella

2119 1045 2303 1114 lingua
2359 1043 2534 1099 Greca
2596 1052 2650 1097 et
2703 1041 2844 1096 nella
2882 1039 3113 1104 Latina;
3158 1040 3211 1093 lu
3273 1046 3517 1093 amatore
3553 1036 3697 1091 delle

2119 1135 2311 1189 lettcre
2350 1145 2404 1188 et
2448 1135 2570 1189 uelli
2605 1134 2811 1189 uomini
2844 1125 3083 1197 literati;
3115 1134 3169 1186 lu
3206 1132 3378 1186 multo
3408 1129 3697 1184 alleziona-

2120 1238 2174 1284 to
2202 1231 2303 1284 alla
2328 1229 2562 1306 dottrina
2591 1230 2643 1283 di
2678 1228 2932 1292 Platone,
2962 1236 3018 1283 et
3059 1227 3184 1281 altri
3217 1240 3385 1282 erano
3436 1242 3464 1279 a
3517 1226 3697 1292 quella

2119 1324 2500 1388 d’Aristotcle;
2538 1332 2591 1376 et
2620 1321 2821 1391 pcrcbé
2853 1336 3023 1375 erano
3052 1320 3232 1373 alcuni
3256 1319 3360 1373 che
3416 1320 3698 1389 impugna-

2120 1426 2261 1465 vano
2292 1412 2337 1464 Ia
2374 1412 2617 1466 dottrina
2655 1413 2706 1466 di
2725 1412 2975 1476 Platone,
3020 1411 3058 1465 il
3105 1412 3386 1464 cartlinale
3440 1410 3491 1464 la
3523 1409 3697 1464 difeu-

2120 1503 2432 1567 deva,etiu
2477 1518 2575 1558 sua
2610 1505 2910 1558 dilensione
2967 1517 3221 1572 compose
3276 1517 3346 1555 un
3400 1500 3699 1555 bellissimo

2123 1594 2277 1657 libro,
2304 1596 2339 1648 il
2370 1595 2526 1649 titulo
2556 1595 2641 1650 del
2665 1597 2825 1665 quale
2860 1594 2924 1650 ὸς
2951 1593 3017 1647 In
3047 1593 3337 1664 difensione
3357 1594 3415 1647 di
3452 1592 3698 1656 Platone,

2119 1704 2285 1758 opera
2316 1691 2482 1744 multo
2505 1691 2676 1760 degna
2707 1697 2763 1744 et
2808 1689 2863 1743 di
2926 1688 3285 1759 grandissima
3335 1688 3696 1761 riputazione.

2121 1782 2394 1837 Tradusse
2429 1796 2500 1835 ttn
2538 1780 2680 1837 libro
2710 1780 2785 1835 De
2817 1782 2971 1851 factis
2998 1788 3049 1834 et
3078 1780 3236 1834 dictis
3266 1780 3698 1834 memorabilibus

2118 1873 2375 1929 Socratis.
2410 1872 2601 1929 Venne
2626 1874 2684 1928 in
2702 1881 2855 1927 tanta
2883 1872 3232 1944 riputazione
3259 1887 3523 1943 appresso
3559 1881 3699 1927 tutto

2120 1966 2158 2020 il
2195 1967 2426 2037 collegio
2487 1964 2571 2022 de‘
2609 1965 2897 2033 cardinali,
2947 1965 3049 2021 cbe
3103 1964 3275 2021 sentio
3336 1973 3513 2020 morto
3562 1981 3698 2035 papa

2117 2055 2236 2124 Pio,
2294 2058 2477 2111 istette
2508 2070 2613 2110 una
2659 2065 2810 2111 noue
2846 2069 3008 2126 papa,
3063 2052 3263 2123 percbé
3306 2057 3479 2108 sentio
3534 2052 3698 2108 istato

2117 2147 2285 2204 eletto
2304 2162 2514 2203 sommo
2542 2148 2813 2217 pontelice
2862 2147 2919 2202 in
2946 2145 3218 2214 conclavi,
3270 2144 3309 2199 il
3344 2146 3582 2200 secando
3622 2148 3698 2198 ἱει-

2119 2241 2350 2310 quitiuio
2378 2240 2479 2297 cbe
2499 2222 2612 2296 non
2635 2239 2825 2295 voleva
2841 2240 2945 2296 cbe
2973 2237 3121 2295 Iosse
3144 2252 3303 2309 papa,
3329 2237 3512 2294 disse:
3538 2238 3648 2309 Egli
3669 2240 3698 2295 e‘

2119 2349 2254 2404 papa
2274 2350 2299 2401 ,;
2328 2348 2360 2388 a
2391 2334 2481 2388 noi
2514 2348 2625 2389 non
2664 2343 2849 2388 monta
2876 2333 3052 2401 nulla;
3082 2334 3384 2390 domattins
3408 2334 3495 2390 nel
3527 2336 3699 2403 prium

2118 2423 2402 2491 isquitinio
2419 2434 2473 2479 et
2488 2424 2579 2479 noi
2602 2422 2654 2479 lo
2678 2423 3071 2494 publicaremo.
3094 2419 3390 2479 Bimasono
3417 2424 3698 2480 d‘acconto

2119 2532 2149 2572 a
2184 2529 2379 2587 questo
2408 2516 2573 2572 modo
2633 2527 2691 2571 et
2720 2525 2859 2571 tutta
2889 2516 2941 2570 la
2984 2525 3133 2572 notte
3198 2529 3306 2572 non
3352 2515 3402 2572 si
3439 2515 3556 2572 feee
3590 2517 3698 2571 mai

2120 2610 2260 2664 alti‘o
2290 2610 2391 2664 clte
2419 2604 2742 2679 adoperare,
2777 2607 2882 2664 cbe
2911 2624 3020 2664 non
3040 2608 3186 2664 losse
3238 2616 3414 2680 papa’;
3462 2611 3565 2663 cbe
3610 2610 3699 2663 chi

2119 2716 2188 2756 ne
2248 2700 2303 2754 l‘u
2381 2701 2591 2773 cagime
2644 2700 2825 2771 capite
2875 2700 2929 2755 di
2990 2701 3082 2771 poi
3118 2700 3307 2768 male,
3354 2711 3411 2758 et
3483 2717 3590 2757 non
3656 2704 3700 2756 si

2117 2796 2405 2847 attendeva
2448 2791 2515 2847 ad
2590 2792 2750 2858 altro,
2802 2791 2905 2848 cbe
2958 2793 3161 2848 andare
3216 2793 3458 2850 dall'uno
3525 2797 3697 2851 card—

2119 2885 2242 2940 nale
2302 2885 2532 2939 all’altro
2577 2899 2607 2939 a
2683 2884 2805 2941 dire
2877 2886 3036 2942 loro:
3101 2887 3275 2943 E’non
3356 2903 3494 2945 sono
3547 2893 3698 2946 ιηοιιί

2117 2979 2246 3033 anni
2275 2981 2378 3034 cbe
2418 2977 2624 3032 Niceno
2656 2994 2749 3033 era
2790 2979 3018 3035 eretico.
3056 2977 3335 3050 Vogliamo
3370 2976 3477 3036 noi
3506 2984 3608 3037 cbe
3652 2983 3699 3036 si

2116 3074 2234 3128 dica
2270 3072 2372 3128 cbe
2404 3072 2493 3126 noi
2521 3072 2770 3127 abbiamo
2812 3071 2948 3129 latto
2987 3088 3097 3128 uno
3145 3075 3372 3137 cretico,
3416 3075 3518 3129 cbe
3573 3077 3699 3129 sarit

2116 3178 2220 3217 una
2246 3162 2542 3234 vergogna?
2566 3162 2629 3217 Et
2651 3162 2789 3219 bene
2809 3162 2916 3218 clie
2936 3162 3211 3219 dicessino
3234 3177 3262 3218 a
3285 3178 3486 3234 queato
3514 3168 3699 3226 modo,

2116 3251 2409 3323 l‘opinione
2489 3252 2605 3308 loro
2646 3266 2739 3308 era
2786 3267 2884 3324 per
2936 3254 3051 3309 l’are
3093 3268 3164 3307 un
3206 3253 3463 3323 pontiﬁce
3514 3271 3544 3309 a
3586 3257 3703 3319 loro

2114 3345 2301 3410 modo,
2332 3358 2489 3400 come
2520 3344 2575 3398 fu
2604 3342 2761 3414 fatto;
2792 3347 3041 3401 venando
3074 3344 3128 3400 di
3159 3346 3251 3416 poi
3283 3345 3322 3400 il
3351 3346 3408 3400 di
3437 3360 3700 3415 seguente

2117 3454 2145 3493 a
2168 3437 2284 3493 l‘are
2307 3436 2344 3493 il
2368 3435 2633 3504 pontellce
2662 3437 2875 3494 feciono
2892 3436 3110 3508 Pagolo,
3136 3451 3168 3493 e
3184 3438 3241 3491 l'u
3267 3437 3448 3493 buona
3474 3440 3700 3507 lesione.

2115 3548 2146 3586 e
2186 3533 2415 3588 andovvi
2455 3531 2906 3588 canonicamente
2953 3531 3260 3587 senz’altra
3314 3532 3697 3605 intelligentia,

2115 3640 2146 3679 e
2178 3626 2483 3680 lasciarono
2536 3623 2612 3677 lui
2645 3638 2803 3678 come
2850 3637 3012 3679 uomo
3042 3625 3350 3693 savissimo,
3386 3640 3419 3681 e
3446 3639 3551 3681 non
3582 3626 3701 3683 l'ece

2117 3717 2316 3788 iguuna
2336 3716 2776 3781 dimostrazione,
2795 3730 2825 3772 e
2838 3715 3249 3787 lasciolla158
3264 3717 3702 3776 correre.Niente

2115 3807 2170 3861 di
2199 3821 2357 3861 meno
2378 3805 2417 3861 il
2432 3805 2704 3876 pontelice
2734 3806 2892 3875 perla
2915 3821 3016 3864 sua
3033 3807 3434 3865 virtt‘tl‘ebbein
3453 3814 3701 3881 grandis-

2114 3902 2250 3955 sima
2283 3899 2813 3970 riputazioue,§¢ome
2846 3914 2938 3957 era
2971 3899 3132 3955 istato
3165 3915 3261 3970 per
3292 3901 3347 3979 lo
3373 3911 3553 3972 tempo
3581 3919 3703 3973 pas-

2114 4000 2257 4048 sato.
2309 3989 2525 4047 Istando
2583 4005 2614 4045 a
2668 4002 2861 4062 questo
2906 3991 3070 4048 modo
3115 4006 3289 4048 venue
3327 3993 3377 4046 la
3419 4005 3600 4052 morte
3645 3999 3699 4051 di

2113 4098 2250 4153 papa
2272 4080 2473 4151 Pagolo
2493 4084 2871 4139 etsuccedette
2888 4082 3058 4138 Sisto.
3077 4080 3135 4137 In
3169 4092 3308 4137 tullo
3345 4084 3384 4139 il
3404 4092 3512 4141 tem
3522 4104 3589 4157 po
3610 4105 3701 4144 eia

2115 4182 2278 4234 istato
2308 4179 2365 4232 in
2396 4189 2548 4234 corte
2571 4177 2626 4233 di
2656 4175 2828 4232 Roma
2845 4192 3062 4248 sempre
3090 4191 3121 4231 a
3149 4176 3541 4237 lareiscrivere
3577 4183 3703 4238 libri

2114 4274 2170 4328 in
2201 4274 2328 4344 ogni
2360 4270 2558 4328 lacolta
2579 4271 2692 4327 cosi
2713 4270 2956 4338 in.Greco
2974 4272 3203 4326 comein
3243 4272 3473 4340 Latino;
3515 4285 3703 4331 etnon

2114 4366 2228 4423 solo
2275 4366 2561 4431 iscriveva,
2614 4378 2700 4419 ma
2738 4378 3067 4434 comperava
3117 4366 3241 4421 tutti
3284 4367 3300 4421 i
3348 4368 3472 4423 libri
3509 4371 3702 4443 cb’egli

2115 4475 2221 4514 non
2258 4474 2447 4525 aveva,
2479 4473 2510 4512 e
2541 4455 2746 4527 grande
2781 4466 2936 4526 parte
2976 4458 3028 4513 di
3069 4458 3252 4528 queIIo
3296 4460 3368 4529 gli
3420 4476 3700 4518 aranzava

2114 4551 2253 4607 delle
2299 4566 2396 4606 sue
2468 4550 2683 4606 rendite
2722 4548 3045 4620 isprendeva
3079 4552 3132 4606 in
3171 4551 3295 4607 libri
3362 4567 3393 4607 a
3441 4570 3510 4607 un
3571 4558 3699 4610 line.

2113 4642 2449 4713 Arendogia
2475 4641 2731 4697 condotta
2756 4642 3390 4713 grandissimagquantita
3415 4645 3470 4700 di
3498 4648 3700 4702 volumi

2113 4736 2224 4792 cosi
2254 4735 2411 4791 Greei
2435 4749 2592 4790 come
2622 4732 2825 4802 Latini,
2849 4744 2905 4789 et
2930 4735 3070 4789 sacri
3099 4750 3254 4790 come
3278 4737 3486 4805 gentili,
3520 4739 3701 4794 deter-

2114 4822 2264 4879 mino
2308 4822 2360 4877 di
2397 4822 2668 4893 mettergli
2706 4823 2759 4877 in
2784 4822 3023 4892 qualcbe
3059 4822 3221 4894 Iuogo
3253 4828 3426 4896 deguo
3461 4837 3514 4881 et
3551 4843 3701 4883 mas-

2113 4916 2251 4969 sime
2280 4914 2295 4968 i
2325 4912 2447 4968 libri
2476 4913 2658 4979 Greci,
2691 4914 2794 4968 cbe
2827 4928 2885 4968 se
2920 4913 3026 4966 mai
3059 4916 3240 4983 quella
3273 4916 3489 4973 infelice
3523 4924 3702 4989 patria

2114 5015 2359 5063 tornasse
2391 5002 2441 5058 a‘
2477 5004 2693 5058 termini
2726 5004 2869 5069 suoi,
2902 5018 2935 5058 e
2967 5004 3068 5060 cbe
3093 5007 3264 5060 sendo
3308 5007 3363 5063 di
3400 5008 3449 5062 la
3489 5014 3702 5079 perduti

2114 5100 2127 5153 i
2155 5099 2301 5166 libri,
2332 5097 2539 5152 lossino
2569 5100 2619 5150 in
2652 5098 2814 5167 luogo
2843 5110 2947 5152 ove
2975 5098 3249 5167 potessino
3290 5115 3451 5156 avere
3473 5104 3705 5172 qualelie

2110 5191 2402 5255 coinodita;
2439 5201 2496 5245 et
2544 5204 2648 5242 non
2684 5188 2753 5259 gli
2802 5204 2967 5258 parve
3010 5190 3154 5246 l'osse
3185 5191 3345 5262 luogo
3395 5195 3599 5264 ignuno
3645 5176 3716 5250 in.

2110 5283 2263 5337 Italia
2293 5282 2384 5352 pit‘i
2410 5288 2639 5337 comedo
2670 5281 2771 5336 cbe
2804 5280 3025 5335 Venetia
3069 5283 3241 5338 sendo
3288 5286 3446 5354 luogo
3489 5286 3541 5339 di
3586 5301 3708 5339 ma-

2120 5377 2236 5428 rina
2267 5384 2320 5428 et
2349 5373 2453 5428 cbe
2479 5375 2567 5427 citi
2602 5372 2758 5427 viette
2784 5372 2838 5425 di
2870 5372 2919 5426 Ia
2951 5376 3127 5443 capita
3161 5377 3335 5443 quivi.
3359 5374 3427 5430 Et
3452 5393 3546 5447 per
3567 5394 3706 5447 que—

2110 5478 2193 5522 διο
2222 5466 2431 5520 avendo
2459 5464 2823 5534 grandissima
2851 5465 3190 5535 amicitiaco’
3213 5467 3500 5522 Veneziaui
3529 5470 3708 5525 deter-

2109 5556 2260 5614 miuo
2290 5558 2344 5611 di
2380 5557 2495 5612 lare
2525 5556 2670 5627 quivi
2709 5574 2814 5612 una
2837 5556 3060 5612 libraria
3093 5560 3334 5628 publica,
3359 5562 3460 5616 cbe
3485 5578 3709 5632 ognuno

2109 5657 2158 5707 vi
2192 5662 2404 5722 potesse
2435 5653 2644 5705 andare
2672 5661 2725 5705 et
2756 5665 2919 5707 avere
2958 5653 3257 5708 coinodita.
3289 5653 3354 5707 Et
3388 5671 3484 5725 per
3514 5670 3709 5726 questo

2107 5741 2301 5799 ordino
2337 5740 2471 5797 colla
2495 5742 2746 5810 Signoria
2777 5749 2829 5795 et
2855 5739 2938 5796 col
2962 5741 3121 5811 doge,
3158 5743 3260 5797 cbe
3292 5746 3339 5800 si
3370 5744 3580 5801 lacesse
3607 5762 3708 5818 per

2112 5835 2332 5893 solenne
2370 5834 2793 5899 deliberazionc,
2835 5834 2937 5888 cbe
2972 5832 3016 5889 si
3048 5848 3294 5890 liturasse
3325 5850 3431 5891 una
3485 5839 3710 5895 libraria
