3990 6218
387 359 536 420 iam

389 479 605 549 publica
675 477 812 535 dove
872 478 1127 534 istessino
1178 479 1284 535 dne
1347 481 1432 536 del
1467 485 1728 537 continuo
1779 498 1808 536 a
1858 484 1964 536 line

387 575 489 626 che
543 585 783 640 ognuno,
842 569 943 625 cite
992 570 1040 624 vi
1110 571 1322 626 volesse
1374 573 1587 630 amiare
1640 585 1876 642 potesse,
1910 584 1960 626 et

386 663 499 717 cosi
557 662 601 716 δ’
660 661 874 716 ordino.
953 661 1028 715 Fu
1091 662 1127 716 il
1184 678 1416 716 numero
1476 663 1558 717 de’
1618 665 1821 718 volunii
1882 674 1962 718 tra

386 753 546 809 Greci
621 760 676 808 et
746 752 927 806 Latini
975 751 1066 821 piit
1122 753 1177 808 di
1225 756 1468 811 seicento
1504 798 1520 820 ,
1567 757 1581 810 i
1631 757 1776 825 quali
1841 756 1962 808 libri

388 847 528 902 nell:
558 846 665 899 vita
697 859 796 900 sua
831 845 902 913 διε
935 844 1136 900 mando
1179 847 1307 900 tutti
1361 863 1390 900 a
1422 845 1668 914 Vinezia,
1724 857 1779 901 et
1837 861 1964 900 con-

387 939 610 1009 segnolli
685 939 824 994 dove
903 954 998 993 era
1057 939 1332 994 ordinato.
1405 941 1705 996 Cosmrono
1786 939 1964 1011 questi

283 1041 290 1056 ’
387 1030 507 1085 libri
552 1038 621 1084 un
656 1015 840 1084 tesoro
868 1029 1098 1083 inﬁnito.
1136 1030 1191 1084 ln
1226 1040 1364 1084 tutto
1408 1031 1445 1085 il
1477 1032 1703 1102 collegio
1727 1032 1812 1087 de’
1847 1048 1966 1086 car-

385 1121 551 1176 dinali
595 1137 700 1174 non
749 1121 799 1174 vi
832 1120 886 1174 tu
920 1121 1120 1190 ignunn
1169 1122 1273 1174 clie
1319 1135 1510 1176 avesse
1559 1121 1781 1177 l‘animo
1815 1129 1966 1177 tanto

385 1225 652 1282 generoso
675 1220 878 1280 quanto
892 1212 990 1265 ebc
1007 1219 1201 1279 questo
1213 1210 1490 1267 cardinale
1509 1213 1612 1268 che
1635 1213 1827 1268 ordino
1839 1229 1966 1282 qne-

383 1313 465 1356 sta
498 1303 808 1358 biblioteca.
845 1301 957 1356 Non
995 1303 1114 1357 solo
1149 1303 1203 1358 in
1238 1314 1432 1372 questo
1478 1304 1616 1358 volle
1653 1304 1767 1358 fare
1815 1320 1963 1371 cosa,

382 1391 487 1447 che
519 1392 668 1448 fusse
694 1395 824 1448 utile
862 1408 890 1446 a
918 1393 994 1447 lui
1020 1395 1258 1463 praprio,
1291 1410 1374 1448 nia
1399 1395 1498 1450 cbe
1542 1397 1765 1464 rispetto
1808 1395 1964 1450 all’u-

385 1491 484 1538 tite
520 1486 823 1540 univerSale
852 1486 908 1541 di
935 1485 1097 1556 quelli
1129 1487 1231 1542 che
1262 1502 1520 1542 avessero
1551 1488 1726 1558 voglia
1757 1488 1810 1542 di
1835 1487 1968 1542 dare

383 1592 551 1645 opera
592 1578 693 1632 alle
733 1577 945 1644 lettere,
987 1577 1274 1638 acciocche
1308 1593 1412 1633 non
1453 1595 1801 1634 mancassero
1851 1581 1968 1634 loro

384 1669 534 1725 libri.
579 1670 732 1726 Dette
797 1685 1010 1741 setnpre
1070 1671 1257 1726 favore
1304 1673 1407 1742 ain
1466 1673 1714 1726 huomini
1765 1671 1964 1725 literati

384 1772 444 1817 et
474 1763 651 1832 tiroin
685 1763 924 1817 innanzi.
949 1761 1155 1818 lesser
1172 1764 1351 1819 Lauro
1381 1765 1630 1831 Quirino,
1657 1759 1970 1820 Venetiano

389 1854 611 1925 gentile,
641 1852 842 1907 huoino
861 1852 1016 1909 dotto
1045 1854 1100 1908 in
1131 1853 1308 1910 Greco
1329 1864 1386 1909 et
1411 1855 1468 1909 in
1493 1855 1684 1910 Latino
1707 1866 1762 1909 et
1787 1856 1972 1911 bonis»

389 1946 528 2000 simo
568 1944 800 2010 ﬁlosofo,
832 1944 1020 2000 istette
1051 1944 1105 1999 in
1145 1959 1270 2000 casa
1299 1945 1353 2000 di
1382 1943 1588 2001 Niceno
1627 1945 1721 2016 plu
1769 1955 1968 2015 tempo.

390 2033 593 2089 lesser
616 2033 807 2090 Ncolo
830 2034 1070 2104 Perotto,
1102 2051 1359 2104 vescovo,
1391 2036 1702 2105 Sipontiuo,
1725 2038 1970 2092 venendn

391 2142 421 2180 a
463 2127 631 2180 Roma
674 2142 778 2182 con
821 2141 1026 2182 messer
1053 2125 1321 2183 Gulielmo
1351 2128 1560 2193 Graim,
1592 2128 1972 2197 ‘procuradore

395 2216 559 2268 allora
583 2215 667 2268 del
701 2229 761 2270 re
788 2213 1200 2286 d'lnghilterra,
1229 2217 1586 2272 desiderando
1613 2228 1806 2287 questo
1831 2233 1972 2274 mes-

393 2318 485 2358 δοι-
523 2304 712 2360 Νίεοιὸ
748 2307 980 2375 imparar
1012 2305 1162 2361 bene
1181 2309 1231 2360 le
1283 2309 1472 2362 letterc
1500 2309 1735 2375 Greche,
1788 2311 1971 2366 chiese

395 2398 450 2456 di
497 2401 701 2468 grazia,
747 2403 852 2455 che
894 2401 1274 2458 l'accontasse
1319 2404 1405 2458 col
1443 2405 1596 2459 card.
1642 2402 1866 2472 Niceno,
1917 2414 1975 2460 ct

393 2493 505 2547 cosi
537 2491 673 2554 fece,
699 2505 754 2546 et
785 2495 837 2547 In
871 2505 992 2547 casa
1025 2507 1122 2548 sua
1151 2497 1196 2549 si
1221 2493 1275 2549 re
1290 2495 1623 2565 dottissimo,
1647 2508 1702 2553 et
1725 2498 1761 2553 il
1790 2501 1972 2554 cardi-

396 2582 517 2636 nale
545 2583 578 2637 li
611 2581 662 2637 re
686 2585 736 2636 di
757 2586 841 2653 poi
866 2599 1022 2639 avere
1039 2585 1218 2654 quello
1233 2588 1552 2654 vescovado,
1578 2597 1634 2641 et
1665 2602 1970 2657 governava

395 2684 532 2728 tutta
573 2665 732 2744 159
771 2677 818 2729 Ia
849 2691 946 2730 sua
992 2692 1142 2743 casa;
1175 2692 1206 2732 e
1238 2677 1294 2733 l'u
1342 2678 1570 2749 cagione
1615 2679 1700 2734 col
1732 2695 1888 2734 inezo
1918 2683 1970 2735 di

397 2763 552 2830 ωηιιὶ
580 2779 740 2818 avere
775 2766 953 2833 quello
980 2768 1313 2835 vescovado,
1348 2779 1403 2823 et
1431 2769 1480 2822 al
1515 2768 1682 2840 padre
1711 2778 1766 2824 et
1795 2770 1840 2824 a‘
1875 2789 1970 2824 sua

400 2855 548 2909 uﬂici
577 2855 629 2909 di
666 2857 830 2924 quelli
859 2856 996 2911 della
1034 2858 1240 2923 cliiesa,
1268 2857 1321 2912 in
1366 2861 1526 2915 modo
1556 2861 1658 2916 che
1696 2862 1837 2916 ultre
1868 2861 1971 2914 alla

396 2949 641 3003 doctrina
677 2949 777 3004 clie
807 2949 1014 3018 impare
1036 2965 1066 3004 a
1115 2965 1245 3006 casa
1279 2967 1402 3017 sua,
1443 2960 1498 3007 et
1535 2953 1586 3008 le
1623 2953 1824 3024 dignita
1869 2957 1970 3008 che

395 3042 496 3094 ebe
522 3041 798 3094 mediante
826 3041 923 3107 lui,
955 3040 1070 3096 fece
1096 3056 1258 3098 avere
1287 3058 1319 3096 a
1349 3044 1466 3098 suoi
1497 3047 1630 3098 tanti
1665 3045 1832 3108 uilici,
1867 3045 1969 3099 che

397 3134 468 3202 gli
503 3132 554 3186 le
596 3133 758 3198 richi,
795 3143 852 3187 et
878 3132 996 3190 fece
1046 3134 1163 3190 l'are
1195 3137 1230 3189 il
1250 3136 1415 3204 padre
1463 3138 1752 3193 cavaliere.
1804 3138 1970 3194 Multo

397 3225 468 3294 gli
514 3226 712 3279 furono
756 3225 973 3296 obligati
1009 3226 1081 3297 gli
1113 3226 1356 3282 huouiini
1404 3228 1540 3284 dotti
1589 3239 1644 3284 et
1692 3231 1760 3284 da
1811 3231 1969 3288 bene.

398 3313 658 3374 Venendo
689 3319 745 3372 in
781 3330 932 3374 corte
962 3330 1198 3374 maestro
1227 3319 1533 3376 Francesco
1565 3322 1617 3375 di
1651 3319 1886 3389 Savona,
1917 3325 1969 3377 di

401 3411 488 3480 poi
523 3409 580 3464 fu
615 3425 753 3479 papa
789 3409 957 3477 Sisto,
985 3411 1036 3465 lo
1068 3411 1206 3466 tolse
1239 3413 1292 3466 in
1324 3427 1447 3468 casa
1477 3423 1532 3469 et
1562 3413 1821 3485 facevagli
1861 3416 1973 3487 leg-

398 3519 522 3573 εει-θ
551 3513 701 3558 certe
719 3503 914 3558 lezioni
948 3503 1198 3573 diScoto,
1232 3505 1335 3561 che
1363 3521 1456 3562 era
1487 3506 1868 3576 maraviglioso
1897 3509 1974 3562 is-

402 3598 613 3662 c'otista,
647 3594 957 3666 parendoin
985 3597 1187 3653 huomo
1213 3598 1363 3654 dotto
1388 3599 1506 3655 fece
1531 3610 1682 3656 tanto
1709 3614 1809 3655 con
1836 3617 1975 3670 papa

401 3683 618 3750 Pagolo,
669 3685 771 3740 che
814 3685 866 3740 lo
900 3685 1016 3740 fece
1057 3685 1186 3747 l‘arei
1218 3689 1514 3755 cardinale,
1565 3691 1668 3745 che
1717 3693 1822 3744 mai
1866 3706 1970 3746 non

403 3775 632 3828 sarchbe
677 3785 800 3830 suto
834 3789 997 3831 senza
1048 3778 1084 3831 il
1115 3794 1272 3834 mezo
1309 3795 1428 3836 suo.
1479 3780 1540 3835 Di
1566 3783 1656 3852 poi
1687 3783 1832 3838 l‘che
1864 3783 1974 3838 fato

402 3863 458 3917 l'u
510 3867 648 3919 volta
695 3881 755 3922 se
794 3881 865 3920 ne
913 3871 1061 3938 pentl
1097 3873 1237 3925 assai
1265 3888 1371 3926 non
1399 3872 1434 3926 li
1462 3875 1700 3942 parendo
1726 3876 1974 3930 riuscissi

401 3957 581 4026 quello
604 3959 706 4012 che
727 3958 998 4026 istlinava;
1013 3971 1067 4016 et
1101 3978 1318 4031 sempre
1334 3964 1654 4021 intervenne
1668 3968 1974 4038 chelgrantli

401 4048 624 4119 beneﬁcj
657 4050 700 4104 si
731 4067 938 4123 pagano
979 4053 1030 4108 di
1049 4055 1406 4126 grandissima
1428 4056 1830 4129 ingratitudine.
1860 4059 1977 4114 Mo-

453 4225 1788 4270 ἔξειπε-,ιω

1183 366 1484 430 ALOYSII
1527 351 1873 431 BANDINII
1913 369 2910 432 COMMENTARIUS—INDEX.

1325 4429 1933 4581 INDEX
2022 4429 2694 4586 RERUM

3474 373 3635 422 xcvnt

2068 481 2235 535 rendo
2265 495 2402 550 papa
2435 478 2655 550 Pagolo,
2683 493 2837 536 come
2861 479 2911 534 le
2950 491 3072 533 cost:
3099 479 3461 546 s‘aiulassiuo,
3495 477 3640 537 nullo

2068 572 2588 643 voglid‘giudicare.
2638 571 2713 625 Fu
2749 571 2885 625 fallo
2933 579 3167 625 uiaestro
3213 568 3523 627 Francesco
3571 571 3642 627 da

2069 664 2280 718 Savona
2312 680 2448 734 papa
2481 664 2614 717 iatto
2644 663 2757 717 fare
2785 662 3061 717 cardinale
3089 661 3154 716 da
3190 661 3412 718 Niceno.
3430 661 3488 716 ln
3512 678 3644 733 que-

2067 767 2147 812 sta
2177 757 2384 811 lezione
2407 757 2494 811 del
2521 755 2836 824 pontiﬁcatu
2857 755 3178 810 Bessarione
3204 769 3311 809 non
3339 754 3373 808 li
3400 754 3642 824 parendo

2070 850 2266 902 liliOlllO
2292 847 2592 900 sullicientc
2615 863 2643 899 a
2671 855 2818 901 tanto
2849 859 3001 914 peso,
3031 860 3135 898 non
3165 844 3234 915 gli
3265 846 3409 898 dette
3435 843 3483 898 la
3511 857 3645 900 voce

2067 953 2186 992 sua.
2223 936 2438 991 Venulo
2472 934 2576 990 alla
2633 934 2847 1007 degnita
2889 934 2976 989 del
3005 929 3334 1004 pontiﬁcatu,
3366 935 3431 988 ed
3461 933 3499 987 il
3525 949 3645 989 caro

2067 1029 2248 1084 dinale
2291 1043 2397 1083 non
2438 1027 2488 1080 vi
2537 1041 2703 1082 aveva
2748 1024 2913 1080 rnolta
2947 1026 3288 1096 cognizionc,
3324 1024 3645 1079 intervenne

2069 1136 2140 1174 un
2175 1121 2231 1175 d‘t
2262 1121 2361 1174 che
2391 1119 2642 1173 andando
2684 1118 2720 1170 il
2759 1131 2896 1188 papa
2932 1116 2988 1171 in
3031 1113 3257 1193 castello
3301 1131 3329 1169 a
3362 1116 3558 1170 vedere
3594 1114 3645 1173 le

2067 1212 2208 1282 gioje
2257 1211 2310 1266 di
2359 1225 2497 1282 papa
2517 1209 2734 1280 [Pagolo
2765 1209 2871 1264 due
2915 1208 3175 1264 cardinali
3225 1207 3520 1262 Veneziani
3564 1209 3647 1262 ni-

2069 1306 2182 1374 poti
2233 1305 2284 1358 di
2324 1318 2461 1374 papa
2507 1303 2726 1373 Pagolo,
2768 1299 2855 1358 ch’
2879 1315 3046 1356 erano
3077 1302 3404 1357 intervenuti
3438 1316 3468 1355 a
3500 1299 3645 1370 eleg-s

2067 1397 2216 1469 gerlo
2268 1411 2402 1466 papa
2431 1410 2533 1450 con
2586 1404 2736 1451 certe
2778 1394 3111 1458 condicioni,
3152 1389 3643 1464 inginoccbiaronsi

2069 1490 2119 1544 a‘
2152 1489 2292 1558 piedi
2329 1488 2412 1542 dtl
2446 1502 2581 1558 papa
2614 1486 2662 1540 a‘
2693 1487 3066 1557 domandargli
3097 1486 3148 1540 la
3181 1485 3308 1540 dota
3361 1497 3458 1553 per
3499 1492 3647 1540 certe

2069 1581 2186 1635 loro
2210 1579 2378 1634 (ioue
2401 1594 2499 1636 era
2521 1580 2679 1634 istata
2711 1579 2826 1634 loro
2853 1591 3155 1648 promessa.
3184 1576 3223 1631 ll
3253 1591 3389 1646 papa
3423 1576 3466 1631 si
3497 1575 3646 1630 volse

2070 1687 2100 1726 a
2125 1670 2330 1726 Niceno
2357 1670 2790 1740 vergognandosi
2814 1670 2868 1724 di
2893 1669 2964 1723 lui
2985 1671 3154 1724 senda
3188 1668 3391 1722 huorno
3419 1667 3470 1721 di
3500 1672 3646 1720 tanta

2071 1759 2302 1825 autorita
2332 1761 2516 1830 quant’
2533 1774 2644 1824 era,
2664 1770 2718 1814 et
2751 1760 2918 1815 disse:
2953 1758 3145 1824 Questi
3185 1773 3323 1814 soano
3354 1757 3478 1812 beni
3507 1757 3646 1810 delia
3716 1774 3720 1778 '

2070 1852 2289 1908 Chiesa.
2320 1850 2358 1906 ll
2393 1850 2665 1906 cardinale
2717 1851 2923 1906 Niceno
2972 1851 3178 1921 riSpose
3210 1865 3225 1902 :
3267 1848 3309 1902 Ε
3340 1862 3476 1902 sono
3524 1845 3646 1901 beni

2071 1942 2209 1997 della
2225 1941 2444 2009 Chiesa,
2470 1941 2650 2012 iquali
2670 1943 2754 1998 voi
2778 1958 2885 1999 non
2915 1943 3204 2015 potete,}ne
3233 1941 3426 1996 dovete
3451 1939 3646 2009 gittare

2070 2032 2143 2104 gli
2169 2033 2276 2088 via.
2303 2031 2408 2088 Per
2437 2042 2632 2104 questo
2659 2047 2758 2104 per
2797 2033 2972 2089 allora
3001 2033 3038 2087 il
3067 2047 3200 2104 papa
3237 2030 3458 2088 licentia
3485 2029 3500 2084 i
3539 2027 3647 2084 duo

2071 2123 2334 2178 cardinali
2377 2137 2539 2180 senta
2574 2124 2708 2180 dare
2736 2123 2853 2180 loro
2883 2125 3052 2192 nulla,
3098 2124 3217 2179 solo
3241 2138 3334 2193 per
3357 2120 3648 2177 l‘autorita

2070 2214 2158 2270 del
2187 2215 2462 2272 cardinale
2495 2217 2718 2274 Niceno.
2747 2214 2855 2272 Ora
2888 2217 3155 2272 avendolo
3195 2217 3338 2271 latto'
3373 2214 3490 2270 lare
3523 2229 3649 2269 car-

2070 2309 2275 2379 dinale,
2305 2309 2535 2366 essendo
2569 2310 2769 2366 huomo
2794 2309 2848 2365 di
2885 2317 3032 2364 tanta
3070 2307 3307 2364 autorita
3345 2303 3650 2378 quant’egli

2070 2415 2186 2465 era,
2230 2402 2286 2456 lo
2337 2411 2662 2471 sopportava
2697 2402 2735 2456 il
2777 2416 2914 2473 papa
2958 2400 3396 2467 molestatnente,
3437 2397 3524 2455 ch’
3543 2397 3651 2470 ein

2075 2493 2276 2548 istesso
2306 2495 2363 2550 in
2393 2503 2543 2548 corte
2571 2493 2626 2549 di
2669 2493 2865 2562 Roma,
2897 2502 2952 2548 et
2986 2504 3082 2562 per
3101 2496 3295 2563 questo
3335 2491 3388 2546 lo
3416 2489 3533 2546 fece
3574 2489 3654 2544 le-

2073 2597 2198 2658 gato
2241 2587 2297 2641 in
2354 2585 2588 2641 Francia
2641 2584 2931 2640 istimando
2961 2583 3146 2654 quello
3181 2583 3255 2653 gli
3303 2582 3651 2648 intervenne,

2073 2680 2273 2751 rh‘egli
2297 2679 2576 2736 s‘avessea
2596 2678 2798 2734 morire
2819 2678 2870 2732 in
2895 2685 3085 2748 questo
3098 2677 3328 2748 viaggio,
3343 2675 3515 2730 senda
3528 2688 3652 2730 vec-

2073 2777 2198 2832 chio
2233 2783 2286 2828 et
2315 2771 2570 2838 infermo,
2593 2779 2649 2826 et
2670 2770 2927 2825 massime
2969 2768 3177 2823 avendo
3208 2767 3347 2823 male
3384 2766 3438 2822 di
3468 2765 3639 2836 pietra

2073 2865 2475 2922 crudelissimo.
2494 2862 2648 2917 Audo
2675 2863 2728 2916 in
2750 2860 3002 2927 Francia,
3025 2857 3237 2916 henché
3283 2859 3654 2914 malconteuto

2077 2956 2416 3014 conoscendo
2445 2951 2978 3024 la,cagione.Perché
3009 2953 3200 3025 giunto
3219 2951 3272 3005 in
3303 2949 3532 3004 Francia
3555 2963 3656 3018 per

2080 3051 2128 3104 la
2149 3049 2286 3104 inala
2311 3047 2675 3120 dispositione
2691 3045 2776 3101 del
2793 3045 3035 3114 principe
3054 3055 3108 3099 et
3128 3059 3226 3113 par
3247 3043 3298 3098 Ia
3319 3055 3417 3098 sua
3447 3041 3652 3096 varietlt

2078 3150 2136 3195 et
2173 3140 2540 3195 inconstauzia
2586 3152 2692 3192 non
2734 3136 2804 3206 gli
2849 3136 2906 3191 fu
2934 3136 3102 3190 inolto
3133 3143 3365 3200 accetto,
3401 3143 3456 3189 et
3501 3132 3650 3188 biso-

2081 3232 2188 3302 gno
2225 3236 2269 3288 si
2297 3233 2531 3302 partisse
2567 3245 2667 3286 con
2685 3243 2822 3299 poca
2861 3224 3650 3297 riputazione.Conoscendolo

2075 3335 2132 3382 et
2158 3324 2430 3392 stimando
2454 3324 2598 3379 assai
2616 3322 2824 3377 l‘onore
2845 3321 3004 3392 160
3021 3335 3079 3374 se
3108 3334 3178 3375 ne
3198 3334 3371 3375 venue
3399 3319 3453 3372 in
3471 3317 3654 3384 Italia;

2077 3385 2246 3472 cendo
2273 3414 2499 3472 vecohio
2529 3422 2584 3468 et
2604 3412 2836 3467 inferum
2863 3420 2918 3468 et
2951 3411 3090 3468 male
3113 3419 3370 3468 contento
3394 3409 3651 3473 amtnalo,

2077 3519 2130 3564 et
2164 3509 2219 3563 in
2258 3509 2414 3578 pochi
2457 3505 2576 3560 disi
2611 3505 2774 3561 mori.
2811 3503 2974 3560 Tutte
3011 3505 3062 3560 le
3093 3519 3222 3560 cose
3248 3503 3461 3573 ;umane
3491 3503 3540 3558 le
3560 3503 3652 3573 pii:

2077 3598 2260 3653 hanno
2308 3605 2499 3668 questo
2530 3596 2656 3660 line,
2692 3605 2746 3650 et
2775 3594 3031 3649 massinie
3058 3593 3236 3664 Quelle
3269 3606 3408 3649 sono
3437 3591 3657 3647 londate

2079 3692 2132 3746 in
2161 3705 2227 3744 su
2255 3689 2304 3743 le
2333 3704 2462 3743 cose
2490 3688 2728 3742 humane
2750 3697 2804 3741 et
2834 3703 2894 3741 su
2921 3685 2991 3758 gli
3019 3686 3235 3753 honori;
3258 3695 3314 3741 et
3343 3701 3438 3754 per
3465 3696 3658 3758 questo

2078 3782 2110 3837 ὁ
2133 3780 2382 3837 nessario
2413 3779 2633 3834 voltarsi
2671 3793 2699 3830 a
2737 3777 2834 3832 Dio
2875 3779 2928 3832 in
2966 3788 3103 3834 tuttc
3151 3778 3201 3834 le
3243 3790 3430 3834 nostra
3467 3792 3657 3845 opera-

2079 3876 2243 3930 zioni.
2283 3873 2380 3928 Pit‘t
2423 3870 2551 3927 cosé
2582 3872 2753 3940 degne
2786 3871 2850 3924 ha
2884 3871 3019 3925 latio
3048 3871 3085 3926 il
3116 3871 3396 3926 cardinale
3430 3871 3656 3934 Niceno,

2080 3969 2131 4024 le
2161 3967 2311 4038 quali
2343 3981 2449 4022 non
2496 3979 2634 4021 sono
2667 3974 2795 4018 note
2838 3979 2867 4018 a
2903 3979 3008 4029 me;
3048 3981 3132 4018 nia
3181 3966 3270 4020 chi
3323 3961 3528 4019 n'ma
3568 3967 3656 4032 pia

2083 4060 2306 4125 notizia,
2354 4057 2512 4130 potrh
2560 4057 2942 4112 meritamente
2974 4057 3214 4114 scrivere
3261 4059 3307 4112 la
3361 4056 3482 4112 Vita
3533 4073 3654 4113 sua.

2130 4241 2409 4265 1——
2161 4243 2291 4256 ⁸·““··⁴·
2297 4239 3126 4265 “ww—“.4”.
3079 4258 3131 4265 .-
3140 4237 3317 4264 ~..:::.:"‘:.
3326 4236 3492 4262 τέ’-θ’...
3496 4236 3651 4265 an.“

3143 4256 3254 4264 αα...
3273 4257 3317 4264 ς.

1595 4708 2370 4789 PBIECIPUABUM.

1038 4881 1402 4963 “Revocatur
1433 4886 1653 4946 Lector
1679 4887 1760 4949 ad
1795 4907 2089 4949 numeros
2117 4893 2457 4952 crassiores
2488 4896 2694 4954 textui
2717 4895 3008 4957 insertos.

1180 5237 1225 5288 A

475 5357 702 5426 Atartus,
734 5357 1025 5411 cardinalir
1050 5360 1280 5426 archiep.
1320 5361 1706 5424 Avenionensis,
1734 5366 1788 5418 in
1815 5368 1975 5418 comi-

406 5427 491 5478 (iis
511 5437 625 5495 post
649 5425 853 5480 Nicolai
890 5426 928 5479 V
949 5427 1150 5480 obitum
1181 5425 1384 5484 Nicwni
1415 5433 1718 5488 electionem
1772 5437 1975 5488 distur-

405 5495 514 5560 bat,
541 5497 631 5549 55.
677 5495 850 5551 Judea:
897 5499 1260 5552 controversiae
1301 5502 1442 5555 inter
1499 5503 1882 5558 Franciscanos
1919 5517 1964 5558 et

408 5566 809 5630 Dominicanoa,
842 5567 932 5622 59.

471 5634 787 5706 Mlier-gntus
835 5636 1148 5706 (Nicotaus),
1190 5642 1482 5696 cardinalis
1539 5645 1620 5703 tit.
1662 5642 1720 5697 S.
1783 5643 1966 5700 Crucis

2162 5232 2405 5309 Aligertus
2427 5232 2788 5309 (Ludovicus),
2816 5239 3030 5293 natione
3050 5237 3261 5305 Gallus,
3287 5259 3318 5294 α
3342 5239 3440 5295 Pio
3453 5241 3510 5297 II
3535 5260 3658 5298 car-

2089 5303 2283 5356 dinalis
2313 5312 2544 5367 creatus,
2575 5306 2669 5362 48.

2159 5374 2478 5439 Alphonsm,
2511 5376 2794 5445 Aragonia:
2825 5388 2872 5432 et
2899 5378 3096 5436 Sicilia:
3136 5397 3250 5443 rex,
3285 5379 3659 5436 Bessan-iuueni

2087 5441 2156 5492 ad
2180 5458 2237 5520 se
2265 5445 2551 5498 venientem
2579 5441 2860 5520 honoriﬁce
2886 5451 3096 5520 excipit,
3123 5453 3211 5507 54.

2159 5514 2916 5592 Antinmmatur__(Jacobns),
2969 5514 3236 5591 episcopus
3275 5519 3571 5592 I’apiensis,
3621 5542 3654 5577 a

2081 5577 2182 5657 Pio
2204 5581 2265 5657 11Δ
2293 5584 2428 5657 inter
2445 5577 2752 5657 cardinales
2779 5577 3119 5657 conscriptus.
3141 5577 3248 5647 '78.

2151 5653 2387 5732 andreas
2411 5651 2564 5732 (S.)._
2614 5656 2746 5732 Ejus
2772 5669 2932 5728 caput
2951 5651 2989 5714 ε’
3003 5661 3360 5732 Peloponneso
3385 5664 3653 5716 Anconam

2076 5730 2124 5840 gl
2154 5719 2435 5846 Aiamiu'tg.
2457 5719 2517 5777 ac
2549 5719 2669 5780 inde
2689 5719 2910 5783 Romam
2943 5719 3160 5786 solemni
3183 5749 3299 5787 cum
3327 5749 3518 5804 pompa
3544 5743 3658 5787 tra-

2118 5807 2179 5842 uc
2211 5807 2318 5846 um.
2351 5815 2374 5844 -ι
2427 5836 2438 5846 .

2118 5807 2318 5856 artum,
2351 5807 2438 5848 w.

401 5705 452 5756 in
482 5704 801 5770 Jerusalem,
823 5704 928 5760 una
954 5725 1070 5762 cum
1097 5705 1145 5761 Γ
1147 5714 1349 5764 errario
1402 5716 1706 5767 marchione
1758 5715 1962 5768 obviam

399 5774 459 5841 ﬁt
501 5773 683 5828 Gracco
715 5776 1019 5844 imperatori
1050 5781 1122 5834 ad
1153 5784 1430 5836 concilium
1459 5786 1700 5851 venienti,
1733 5785 1781 5838 9.

3581 5989 3592 5993 -
3627 5983 3714 5995 .-ε-ἰ
