3990 6218
281 344 378 395 οιη

1612 330 1799 390 ΒΑΡΤ
1865 327 2219 395 PLATINJE

3443 333 3535 379 6ιί

280 469 3494 521 Μα-Ἤα-Μ-’ῄ

670 502 807 513 ..ο-...δ

817 716 824 731 ·
919 661 1920 821 BAPTIST/E
2006 607 2896 817 PLATtN/E

1638 930 2200 997 CREMONENSIS

603 1114 1333 1273 PANIIGYRICUS
1424 1111 1534 1258 IN
1625 1110 2051 1257 LAUIIIIII
2144 1109 2748 1262 AMPLISSIIII
2839 1111 3221 1259 PATRIS

1080 1367 1260 1481 1).
1358 1357 2750 1484 BESSARIONIS

1639 1574 1920 1629 EPISCOPI
1949 1574 2183 1631 SABINI,

795 1709 1284 1782 CARDIN‘ALIS
1365 1708 1661 1771 NICIENI
1732 1705 1833 1773 ET
1911 1702 2453 1765 PATBIARCILE
2537 1705 3007 1784 CPOLITANI;

1024 1853 1219 1916 ILLO
1256 1832 1350 1915 γι
1361 1852 1639 1917 VENTE
1689 1850 1794 1920 IN
1823 1849 2179 1913 PUBLICO
2204 1847 2483 1914 COETU
2504 1852 2833 1917 morus.

284 2012 523 2077 (Parisiis,
546 2024 625 2074 ap.
652 2009 925 2065 Johannem
967 2006 1121 2066 Petit,
1168 2004 1288 2055 1550
1322 1997 2349 2077 Biblioth._ilaz_ar.“RLSijfiiOLi’lajinte
2370 2005 2643 2077 orationem
2668 2004 2880 2058 inseruit
2918 2008 3119 2062 Bzot'ius
3137 2012 3196 2064 ad
3220 2028 3301 2064 an.
3328 2015 3435 2077 ΗΞ,
3455 2022 3545 2070 sed

548 2056 624 2074 *⁸⁷
656 2056 672 2060 ⁷
691 2056 759 2065 ’Ὗ
858 2056 907 2065 ’ἢ
976 2056 983 2058 ἡ
1052 2056 1057 2057 “
1090 2056 1119 2066 ”
1423 2065 1628 2121 exordio
1650 2070 1704 2113 et
1725 2060 1894 2113 multis
1916 2062 2038 2110 locis
2058 2062 2401 2125 decurtatam.)
2758 2056 2772 2058 “
2920 2056 2935 2059 ⁷
2955 2056 3113 2062 "vv
3138 2056 3195 2064 ”’
3220 2056 3301 2064 ’Ἥ
3334 2056 3435 2079 ””’

1873 2216 1934 2235 Ἧ-

354 2356 412 2411 Si
445 2365 681 2423 unquam
737 2360 951 2424 tempus
997 2348 1129 2413 fuit,
1176 2345 1434 2415 Quirites,
1467 2360 1575 2416 quo
1622 2353 1864 2399 veterem

278 2429 599 2507 (ἔγκασι-ιω)
633 2458 868 2507 morem,
901 2441 1222 2497 Latinorum
1252 2453 1420 2509 prope
1465 2451 1663 2492 novum
1704 2450 1866 2505 repe-

284 2553 551 2602 terenms,
585 2536 638 2591 id
667 2543 820 2590 certe
854 2534 959 2589 hac
984 2531 1289 2587 miserrima
1325 2535 1642 2598 tempest-ate
1667 2522 1867 2581 facien-

284 2637 413 2686 dum
448 2637 553 2690 est.
592 2641 699 2696 qua
746 2624 828 2679 vel
881 2623 1118 2678 maxima
1160 2634 1390 2689 quaque
1440 2618 1638 2682 virtus,
1681 2614 1869 2669 candi-

286 2722 567 2783 dissimtun
595 2716 850 2789 quodque
879 2712 1183 2784 ingenium,
1219 2710 1492 2768 excellens
1524 2708 1869 2779 quantumvis

287 2814 535 2871 doctrina
558 2820 614 2867 et
658 2809 987 2870 eruditione,
1020 2818 1302 2875 emergere
1348 2817 1414 2858 ex
1450 2809 1600 2859 tanta
1636 2800 1870 2869 caiigine

287 2920 344 2965 ct
372 2904 677 2979 ignorantia
731 2900 817 2955 vix
853 2906 1053 2970 potest.
1085 2893 1449 2952 Tolerabilius
1502 2892 1749 2963 profecto
1785 2891 1868 2943 vi.

287 3004 509 3053 deretur
531 2994 576 3051 si
606 2991 791 3048 virtuti
824 3005 857 3046 a
901 2989 1090 3056 paucis
1124 2987 1372 3059 cognitae,
1402 2985 1449 3041 si
1493 2986 1547 3040 in
1577 2984 1791 3039 arcanis
1820 2991 1875 3037 et

288 3087 660 3160 penetralibus
689 3083 840 3155 (quia
871 3091 986 3139 tuto
1011 3081 1190 3152 vagari
1229 3093 1336 3134 non
1370 3072 1523 3147 licet)
1549 3076 1737 3144 cuiue,
1764 3076 1874 3130 sal-

291 3196 398 3237 tem
434 3180 727 3251 quiescere
749 3177 869 3231 sine
896 3173 1093 3245 injuria
1119 3172 1329 3237 liceret,
1376 3183 1482 3224 non
1529 3169 1693 3223 etiam
1739 3180 1880 3236 quc».

289 3278 537 3332 rumdam
573 3270 852 3330 hominum
882 3269 1052 3324 livore
1073 3276 1129 3324 et
1151 3264 1521 3323 malevolentia
1546 3263 1876 3333 opprimere—

291 3380 407 3423 tur.
471 3365 678 3420 instant
706 3362 829 3417 dolo
874 3359 1082 3420 fraude,
1121 3357 1343 3424 malitia,
1390 3359 1550 3427 viqtte
1598 3341 1885 3426 postremo

290 3457 520 3530 quando
544 3451 885 3512 hoeocculte
920 3449 1103 3504 moliri
1139 3464 1246 3505 non
1296 3448 1461 3515 licet;
1493 3455 1761 3520 spargunt
1788 3448 1877 3501 in.

290 3551 543 3610 videntis:
576 3563 687 3604 sure
713 3560 917 3621 opacas
932 3543 1155 3605 umbras
1181 3549 1535 3611 ;contentam
1568 3539 1871 3611 rub'ginem

290 3644 719 3712 circumquaque
753 3638 983 3693 fundunt
1044 3650 1154 3705 quo
1200 3634 1562 3690 suavissimae
1591 3633 1792 3689 herbas
1818 3642 1876 3689 et

293 3739 505 3793 feraces
558 3735 773 3805 plantas
823 3737 1092 3799 occupent
1146 3736 1310 3797 atque
1372 3736 1640 3791 enecent;
1696 3740 1784 3792 ne,
1828 3725 1873 3781 si

293 3835 643 3898 rxspectatos
660 3824 855 3880 odores
882 3830 939 3877 et
967 3818 1321 3875 suavissimus
1351 3818 1558 3878 fructus
1585 3817 1875 3889 aliquando

293 3917 586 3983 ediderint,
650 3914 755 3985 ipsi
813 3921 1071 3985 tanquam
1135 3910 1493 3969 infructuosa:
1522 3918 1571 3965 et
1628 3909 1875 3966 infelices

293 4010 520 4065 arbores
554 4006 896 4063 excidantur.
920 4002 1041 4059 Nos.
1059 4002 1264 4073 itaque,
1302 4016 1380 4057 ne
1416 4001 1760 4058 Bessarionis
1789 4002 1879 4056 di-t

294 4105 408 4162 viui
438 4099 675 4159 hominis
694 4095 984 4165 sapientia,
1028 4094 1229 4154 virtus.
1259 4093 1565 4162 amplitudo
1598 4092 1778 4160 aliqua
1804 4107 1875 4146 ex

296 4204 453 4263 parte
491 4192 717 4249 ladatur
736 4185 987 4258 (opprimi
1018 4194 1186 4248 certe,
1218 4176 1350 4239 cum
1384 4190 1530 4241 tanta
1562 4180 1630 4243 sit
1659 4190 1877 4251 tamque

296 4285 597 4349 excellens,
623 4278 772 4341 nullo
807 4276 967 4335 modo
1001 4276 1223 4344 potest).
1270 4272 1566 4328 lsocratem
1620 4285 1874 4340 maguum

297 4385 569 4429 oratorem
596 4381 650 4427 et
677 4368 916 4441 perfecte
933 4365 1145 4422 dicendi
1180 4364 1492 4432 magistrum
1521 4372 1577 4419 et
1602 4379 1633 4418 e
1662 4373 1879 4418 nostra-

300 4469 443 4521 tibus
492 4463 747 4523 Plinium,
801 4458 1203 4531 genethliacunt
1260 4455 1657 4518 Mamertinum,
1707 4455 1877 4509 Naza-

302 4558 444 4613 riunt
492 4554 774 4619 Latinum,
833 4551 1011 4621 quoad
1066 4551 1181 4610 ﬁeri
1231 4550 1451 4623 poterit,
1488 4548 1707 4613 imitati,
1750 4564 1881 4610 cun-

304 4648 648 4706 suetudinem
706 4653 820 4703 tum
856 4643 1063 4707 utilem,
1112 4654 1222 4701 tum
1268 4641 1658 4705 necessariam,
1695 4641 1880 4697 multis

298 4742 414 4812 jam
458 4736 680 4795 saeculis
731 4737 1106 4791 intermissam
1157 4732 1557 4786 revocabimus.
1592 4729 1703 4784 liae
1733 4730 1878 4784 enim

303 4833 515 4889 ratione
549 4829 616 4885 ad
643 4827 1040 4883 aemulationem
1069 4822 1253 4896 gloria:
1288 4822 1598 4877 excitantur
1633 4822 1724 4893 qui
1760 4837 1880 4876 ma-

305 4927 395 4992 gni
430 4924 494 4979 ad
519 4925 773 4981 virtutem
811 4918 1088 4987 erectique
1138 4923 1264 4970 sunt
1308 4915 1498 4980 animi,
1524 4929 1643 4975 cum
1697 4930 1880 4975 veram

305 5029 363 5074 et
393 5017 658 5089 integram
691 5014 904 5069 laudent
957 5011 1040 5066 bis
1083 5008 1415 5079 propositam
1453 5008 1638 5063 vident
1672 5010 1761 5076 qui
1799 5025 1885 5064 sn-

307 5110 524 5182 picnter
552 5108 889 5173 honesteque
918 5101 1194 5163 vixerunt,
1226 5113 1573 5177 quorumque
1599 5101 1705 5154 vita
1735 5102 1883 5163 omni

303 5215 374 5255 cx
427 5205 584 5268 parte
630 5199 867 5252 humano
902 5192 1085 5264 generi
1134 5199 1188 5246 et
1214 5190 1362 5246 utilis
1409 5202 1464 5247 et
1493 5190 1768 5252 fructuosa
1802 5201 1890 5255 est

306 5290 518 5347 habita.
569 5285 771 5345 Contra
805 5299 943 5343 vero
991 5300 1024 5343 a
1070 5281 1216 5341 vitiis
1267 5280 1618 5341 deterretuur
1670 5283 1729 5349 ii,
1778 5299 1891 5343 non

308 5394 537 5453 prorsus
556 5380 814 5435 virtutem
830 5384 1212 5447 aspernantur,
1243 5373 1341 5447 qui
1393 5373 1654 5438 effrenata
1686 5376 1891 5445 cupidi-

308 5488 417 5531 tate
455 5472 629 5539 ducti,
650 5469 1284 5542 petulanter,.audacter,
1314 5477 1567 5545 proterve
1595 5470 1667 5533 ad.
1687 5470 1895 5541 ﬂagitia.

306 5568 670 5631 declinarunt,
705 5579 829 5621 cum
871 5571 1157 5635 perpetuas
1186 5572 1342 5619 natas
1381 5562 1659 5618 dedecoris
1690 5572 1744 5617 et
1773 5572 1885 5618 tur-

374 5747 452 5821 (Ι)
480 5740 579 5802 Hic
603 5742 791 5822 incipit
822 5738 1074 5805 Bzuvius.

1966 2344 2227 2414 pitudinis
2281 2347 2551 2426 frontibus
2613 2351 2727 2408 suis
2756 2352 2897 2411 inuri
2952 2355 3020 2412 ab
3078 2357 3162 2414 his
3215 2359 3397 2417 vident
3449 2362 3543 2435 qui

1968 2438 2183 2504 scriptis
2217 2455 2396 2493 rerum
2431 2455 2704 2519 gestarum
2740 2448 2957 2512 seriem,
2978 2449 3067 2516 qui
3102 2465 3280 2507 mores
3306 2456 3544 2507 ctvita-n

1968 2529 2247 2587 hominum
2262 2535 2538 2589 memoria:
2566 2538 2897 2606 posteritatis
2923 2540 2988 2594 ad
3013 2542 3298 2597 utilitatem
3320 2542 3547 2601 humani

1969 2627 2182 2696 generis
2225 2628 2628 2687 commendant.
2686 2631 2885 2686 Verum
2943 2633 3045 2688 hoc
3093 2635 3232 2702 loco,
3285 2636 3545 2706 Quirites,

1972 2731 2093 2769 cum
2153 2718 2297 2773 vires
2332 2716 2560 2789 'ingenii
2624 2722 2726 2777 mei
2769 2724 3100 2789 considero,
3153 2743 3312 2798 quam
3367 2742 3553 2799 parvte

1971 2824 2246 2880 quamque
2274 2811 2486 2881 exiguas
2513 2815 2644 2877 sint,
2675 2829 2781 2868 non
2810 2830 3055 2886 possum,
3076 2822 3290 2891 cognita
3338 2823 3542 2894 ampli-

1973 2903 2160 2957 tudine
2202 2914 2524 2972 conspeetus
2570 2906 2756 2970 vestri,
2813 2923 2919 2962 non
2968 2915 3338 2983 commoveri,
3378 2929 3433 2973 et
3484 2937 3550 2973 eo

1978 2995 2211 3050 maxime
2244 2998 2386 3063 quod
2417 2997 2550 3052 mihi
2580 2997 2646 3053 de
2672 3013 2738 3053 eo
2773 2999 2889 3056 viro
2919 2992 3205 3060 dice-udum
3263 3008 3336 3064 sit
3357 3010 3449 3082 qui
3478 3013 3557 3069 ob

1976 3087 2400 3155 magnitudinem
2434 3104 2613 3143 rerum
2638 3101 2911 3160 gestarum
2929 3097 3277 3163 quantumvis
3295 3115 3548 3170 magnum

1976 3188 2279 3248 oratorem,
2310 3181 2509 3236 nedum
2537 3198 2622 3236 me
2655 3184 2856 3251 ipsum,
2906 3185 3048 3241 inter
3081 3190 3358 3249 studiosos
3383 3194 3551 3251 bona-

1977 3284 2101 3325 rum
2141 3269 2339 3325 artium
2374 3271 2462 3325 vix
2498 3276 2890 3330 numerandum
2911 3316 2928 3338 .
2959 3272 3232 3338 deterrere
3260 3298 3293 3339 a
3318 3284 3552 3342 dicendo

1979 3371 2175 3433 possit.
2231 3362 2463 3424 Recreat
2504 3380 2589 3420 me
2629 3373 2807 3425 tamen
2854 3384 2918 3423 ac
2964 3370 3139 3426 reiicit
3196 3372 3554 3447 hortaturque

1979 3456 2047 3510 ad
2072 3454 2359 3512 dicendum
2393 3457 2745 3515 humanitatis
2770 3469 2825 3517 et
2862 3462 3079 3530 pietatis
3116 3475 3306 3522 vestra:
3337 3469 3552 3539 vulgata

1982 3550 2197 3618 opinio;
2216 3564 2319 3619 qua
2345 3550 2566 3618 quidem
2597 3549 2769 3607 fretus
2785 3551 3004 3623 jatnjam
3022 3554 3361 3619 Bt'ssariouis
3383 3560 3553 3618 diviai

1978 3638 2214 3694 hominis
2249 3639 2436 3694 laudes
2466 3640 2651 3694 dicere
2686 3645 2970 3712 aggrediar
3005 3663 3019 3699 :
3049 3663 3210 3717 quem
3244 3652 3336 3719 qui
3374 3651 3554 3709 laudat

1977 3731 2232 3789 virtutem
2255 3730 2503 3796 extollit;
2536 3734 2686 3801 parvi
2720 3734 2872 3789 enim
2903 3736 3068 3792 refert
3106 3738 3554 3805 Bessarionemne

1977 3835 2045 3873 an
2071 3820 2327 3874 virtutem
2355 3821 2558 3877 laudes.
2603 3822 2710 3879 Nec
2741 3826 2937 3881 mirum
2965 3829 3021 3885 id
3047 3829 3289 3898 quidem.
3309 3832 3360 3895 1s
3383 3835 3555 3903 enim,

1978 3928 2043 3967 ex
2099 3922 2280 3967 vetere
2342 3911 2550 3969 Graecia
2624 3916 2890 3972 oriundus
2942 3927 3215 3992 natusque
3261 3925 3329 3978 in’
3379 3926 3552 3993 Asia,

1978 4006 2237 4074 utrinque
2262 4005 2480 4077 collegit
2504 4011 2755 4077 generosi
2791 4012 3017 4079 spiritus
3042 4017 3270 4072 semina.

2051 4097 2426 4168 'l'rapezuntus
2474 4102 2578 4171 (ti.
2643 4103 3025 4173 Sinopensium
3091 4108 3330 4178 colonia,
3391 4111 3553 4184 huius

1980 4193 2151 4262 patria
2204 4205 2323 4259 est;
2373 4194 2626 4265 Sinopem
2677 4197 2969 4255 condidere
3032 4198 3254 4268 Milesii,
3314 4201 3553 4261 Miletum

1978 4284 2360 4343 Athenienses.
2423 4285 2505 4341 Ex
2557 4288 2678 4352 his,
2712 4296 2771 4343 ut
2819 4303 2849 4343 a
2905 4288 3241 4362 parentibus,
3276 4298 3412 4363 avis,
3460 4298 3558 4354 ab-

1981 4381 2121 4441 avis,
2157 4377 2492 4433 nobilitatem
2544 4379 2805 4443 referens,
2852 4382 3128 4440 redundan
3186 4387 3313 4443 tiam
3368 4391 3556 4446 Asiani

1983 4472 2175 4549 ingenii
2236 4471 2539 4542 frugalitate
2606 4472 2780 4525 Attica
2841 4478 3214 4546 rompescuit;
3273 4495 3371 4538 nec
3438 4492 3560 4538 tan.

1982 4571 2093 4616 tum
2153 4560 2438 4633 Diogenem
2506 4562 2804 4619 a-imiratus
2854 4575 2978 4630 est,
3030 4566 3396 4639 Timotheum,
3436 4573 3562 4626 Dei-

1983 4653 2185 4724 philum
2238 4663 2473 4723 poetam,
2523 4654 2769 4719 Thalem,
2821 4657 3329 4725 Anasimandrttm,
3361 4662 3557 4717 Anaxi‘

1984 4760 2220 4811 menem,
2244 4745 2534 4800 Hecateln
2568 4746 2912 4813 historicum,
2935 4746 3251 4807 JEscbinem
3286 4754 3557 4809 rhetorem

1988 4837 2135 4892 illum
2166 4837 2258 4912 qui
2297 4837 2350 4892 iu
2371 4837 2687 4907 Pompeium
2727 4840 2977 4897 invectus
3005 4852 3114 4909 est,
3147 4842 3272 4899 licet
3327 4845 3361 4898 ii
3396 4859 3563 4915 agna-

1991 4929 2152 4990 tionis
2176 4929 2298 4999 jure
2328 4931 2745 5000 propinquiores
2781 4943 2988 4997 essent,
3022 4934 3152 5004 quin
3186 4934 3562 4991 observaverit

1991 5020 2505 5089 Socratisleporem,
2528 5020 2771 5078 Platonis
2798 5024 3011 5093 copiam
3042 5034 3096 5080 et
3120 5028 3562 5097 amplitudinem,

1991 5112 2300 5167 Aristotelis
2329 5126 2579 5179 acumen,
2613 5112 2867 5171 Isocratis
2897 5115 3171 5171 lenitatem
3198 5127 3251 5173 et
3285 5133 3560 5188 numeros,

1993 5205 2099 5257 vim
2153 5201 2572 5269 Demosthenis;
2635 5204 2703 5267 ab
2735 5208 2990 5263 omnibus
3023 5207 3190 5277 enim,
3242 5211 3565 5282 gentilitatis

1986 5296 2131 5366 iure,
2164 5294 2308 5366 quod
2365 5295 2644 5366 probabile
2692 5299 2945 5369 quodque
2973 5300 3238 5370 optimum
3274 5312 3442 5370 esset,
3475 5318 3569 5359 ac-

1992 5386 2156 5457 cepit,
2192 5386 2370 5445 bteres
2404 5396 2487 5442 tot
2516 5401 2583 5442 ac
2616 5396 2890 5444 tantorum
2941 5387 3301 5461 ingeniorum.
3359 5393 3436 5449 Ex
3481 5394 3571 5459 his

1992 5477 2162 5547 igitur
2206 5477 2493 5534 Bessarion
2549 5479 2762 5536 animos
2816 5496 3076 5549 sumens,
3114 5483 3203 5539 ttbi
3257 5484 3487 5554 primum
3539 5500 3571 5540 e

1991 5568 2177 5648 pueris
2196 5574 2450 5637 excessit,
2477 5585 2602 5626 cura
2628 5582 2917 5643 parentum
2953 5573 3266 5645 Byzantium
3292 5575 3575 5640 transnt'tts
