3990 6218
307 273 382 317 CV
1370 282 1461 341 PA
1474 285 1917 349 NEGYRICUS
1959 286 2487 359 BESSARIONIS;

303 379 457 441 titur,
499 379 770 468 celebrem
800 385 1073 453 quondam
1108 387 1296 445 urbem
1337 404 1390 447 et
1423 395 1753 452 doctissimis
1786 398 1885 452 hoc

300 469 544 526 minibus
603 472 1026 547 liberalibusque
1080 482 1274 537 studiis
1332 484 1660 541 amnentem.
1697 486 1888 542 Gram-

298 563 503 617 matica
556 565 811 622 celeriter
881 571 950 625 ob
1006 586 1234 629 acumen
1310 576 1509 648 ingenii
1569 579 1886 649 poeticaque

301 653 568 719 imbutus,
618 659 928 726 posthabita
956 677 1084 718 cura
1130 679 1308 721 rerum
1362 670 1719 725 humanarum
1778 686 1880 740 qua

299 743 549 815 impediri
599 752 989 821 contemplatio
1035 754 1341 812 divinarum
1395 762 1552 824 solet,
1589 768 1761 827 totum
1823 778 1883 818 se

298 835 547 906 religioni
576 840 808 900 addixit.
838 843 1041 899 Christi
1072 863 1303 917 namque
1340 852 1587 905 militiam
1636 864 1876 918 secutus,
1910 890 1915 895 .

299 936 361 980 ut
388 943 573 983 veram
619 931 846 1003 gloriam
895 950 1169 1007 verosque
1218 940 1521 1011 triumphos
1558 942 1876 1012 parituram,

297 1017 579 1087 Dositheo,
634 1026 1054 1099 archiepiscopo
1120 1031 1391 1095 Doriensi,
1455 1034 1599 1088 unici
1647 1036 1876 1105 exempli

298 1113 540 1167 moribus
561 1124 614 1169 et
641 1119 931 1175 sanctitate
976 1121 1117 1187 viro,
1145 1122 1196 1176 iu
1226 1125 1400 1190 primo
1438 1125 1687 1180 tirocinio
1717 1137 1878 1183 tanta:

293 1204 663 1273 expeditionis
702 1209 839 1264 duce
877 1226 1009 1267 usus
1060 1223 1184 1269 est:
1222 1215 1381 1285 cujus
1423 1216 1700 1283 virtutem,
1752 1219 1875 1273 reli-

294 1296 533 1364 gionem,
590 1299 899 1358 doctrinam
953 1304 1088 1360 adeo
1144 1306 1359 1362 imbibit
1411 1318 1469 1364 ut
1523 1302 1663 1365 idem
1726 1311 1874 1366 brevi

296 1384 476 1443 factus
503 1388 804 1448 videretur.
839 1393 1183 1452 Bessarionis
1214 1398 1488 1468 ingenium
1544 1410 1596 1455 et
1639 1412 1872 1457 mentem

290 1490 464 1544 prope
489 1480 725 1535 divinam
761 1484 827 1537 ad
844 1486 1205 1557 cognitionem
1239 1504 1421 1544 rerum
1451 1492 1787 1547 occultarum
1820 1502 1875 1549 et

288 1567 696 1628 admirabilium
736 1576 817 1630 vir
862 1579 1243 1635 sanctissimus
1284 1581 1702 1652 contemptatus,
1744 1585 1874 1640 ado-

288 1662 584 1719 lescentem
603 1665 776 1735 ipsum
801 1669 868 1723 ad
886 1670 1354 1741 archiepiscopum
1383 1672 1866 1746 Selymbriensem,

287 1755 469 1810 virum
490 1758 752 1827 optimum
784 1771 946 1832 atque
1002 1765 1406 1831 doctissimum,
1438 1769 1602 1834 misit,
1646 1771 1789 1828 unde
1819 1781 1872 1825 et

288 1848 589 1904 oratoriam
640 1860 810 1907 artem
851 1861 905 1909 et
937 1853 1331 1926 philosophiam
1363 1860 1716 1928 perdisceret,
1770 1862 1870 1916 sub

288 1953 394 2006 quo
418 1949 570 1995 certe
606 1950 819 1997 tantum
849 1943 1080 2010 profecit
1099 1947 1342 2003 adhibita
1372 1949 1521 2003 omni
1553 1951 1619 2003 ad
1654 1952 1873 2007 imitan-

289 2038 415 2085 ifum
455 2031 733 2091 hominem
774 2053 926 2102 cura.
958 2039 1142 2095 studio
1189 2056 1253 2096 ac
1301 2041 1599 2113 diligentia,
1632 2053 1689 2096 ut
1732 2043 1872 2114 judi-

290 2138 414 2178 care
447 2136 634 2194 postea
663 2127 945 2186 difficilius
970 2131 1133 2187 fuerit
1174 2133 1437 2190 meliorne
1483 2134 1765 2191 Bessarion
1798 2152 1866 2191 an

294 2218 505 2273 doctior
563 2221 880 2277 haberetur.
938 2224 1224 2283 Postremo
1284 2233 1493 2294 autem,
1551 2242 1618 2282 ne
1667 2230 1868 2299 aliquid

289 2320 438 2365 tanto
496 2312 716 2382 ingenio
771 2317 1005 2383 deesset,
1040 2316 1317 2374 Platonem
1370 2319 1493 2391 (leg.
1528 2318 1865 2389 Plethonem)

286 2418 446 2470 quem
477 2406 567 2460 alii
596 2407 873 2465 Gemiston
906 2422 1128 2477 vocant,
1172 2411 1545 2469 doctissimum
1573 2424 1869 2485 praecepto-

285 2510 394 2547 rem
423 2511 477 2550 et
507 2514 670 2568 quem
700 2515 891 2557 omnes
917 2504 1215 2558 secumlum
1261 2519 1292 2560 a
1329 2502 1548 2560 Platone
1569 2516 1784 2573 vocant,
1812 2507 1864 2561 in

287 2584 682 2658 Peloponneso,
732 2608 841 2662 quo
897 2610 956 2650 se
1014 2596 1320 2651 contulerat
1372 2600 1629 2654 doctrina:
1677 2616 1862 2664 causa,

288 2696 500 2747 nactus,
542 2684 945 2741 mathematicis
998 2697 1256 2743 accurate
1301 2689 1580 2744 imbuitur.
1645 2691 1865 2763 Vulgari

286 2782 395 2828 tum
459 2776 675 2831 demum
727 2780 859 2834 tanti
896 2780 1131 2836 hominis
1174 2797 1370 2837 nomen
1401 2792 1485 2838 est
1515 2794 1774 2855 coeptum,
1809 2794 1865 2841 ut

286 2885 393 2937 quo
424 2869 865 2938 proﬁcisceretur
909 2874 1111 2929 famam
1170 2878 1528 2945 exspectatio,
1581 2891 1863 2950 exspecta-

287 2964 484 3019 tionem
512 2965 634 3035 ejus
682 2965 1007 3036 optatissimi
1059 2966 1326 3023 adventus
1384 2968 1672 3026 admiratio
1708 2988 1868 3042 supe-

288 3068 447 3115 raret.
480 3056 886 3113 Existimabam
924 3071 1034 3113 tum
1071 3060 1320 3116 homines
1351 3078 1469 3116 eam
1493 3064 1708 3118 demunt
1731 3066 1867 3120 civi-

286 3161 445 3204 tatem
504 3151 718 3206 beatam
759 3150 878 3208 fore
926 3151 994 3207 ad
1046 3168 1207 3222 quam
1237 3156 1474 3211 venisset
1526 3154 1865 3213 Bessarimiis

285 3244 460 3314 divin_a
485 3246 696 3309 virtus;
748 3245 895 3299 hunc
919 3245 1103 3314 itaque
1144 3260 1337 3301 omnes
1372 3248 1625 3302 certatim
1660 3258 1719 3303 nt
1762 3265 1861 3303 eo-

284 3304 537 3405 guitiimis
573 3347 628 3391 et
659 3337 896 3406 hospitio
943 3339 1165 3408 dignum
1200 3340 1591 3410 suscipiebant,
1636 3358 1864 3398 venera-

282 3431 503 3497 bantur,
533 3430 916 3486 observabant.
942 3429 1268 3495 Conciones,
1286 3435 1578 3506 etquidem
1609 3434 1866 3506 frequen-

283 3532 366 3577 tes
397 3534 560 3594 atque
593 3524 891 3596 elegantes,
927 3527 992 3580 ad
1039 3526 1269 3597 populos
1310 3525 1500 3582 habuit
1529 3528 1653 3596 (has
1687 3529 1861 3586 Graeci

282 3616 538 3671 homilias
582 3616 802 3689 vocant)
857 3628 1009 3674 tanto
1040 3635 1311 3675 concursu
1368 3630 1427 3676 ut
1487 3623 1684 3691 templa
1746 3625 1863 3693 ipsa

281 3720 575 3775 permagna
625 3718 830 3762 tantam
881 3711 1281 3765 multitudinem
1314 3709 1399 3765 vix
1444 3722 1721 3782 caperent.
1760 3713 1863 3768 Po-

281 3802 441 3871 pulos
472 3803 540 3855 ad
593 3803 929 3874 religionem,
964 3805 1029 3858 ad
1057 3804 1359 3871 justitiam,
1393 3805 1459 3859 ad
1523 3810 1862 3878 aequitatem,

281 3898 349 3950 ad
407 3898 731 3953 modestiam
790 3897 1129 3961 hortabatur,
1181 3898 1342 3953 bonis
1408 3902 1648 3970 prmmia,
1707 3904 1862 3959 malis

280 4004 469 4057 pinnas
499 3992 806 4058 propositas
857 3989 1176 4055 ostendens,
1204 4000 1259 4045 ct
1282 4006 1420 4061 quos
1452 4008 1668 4049 movere
1725 3995 1863 4051 inte-

282 4083 479 4148 gritate
525 4082 671 4146 vita»,
707 4081 1011 4136 rationibus
1061 4093 1116 4137 et
1163 4084 1430 4154 exemplis
1479 4102 1584 4140 non
1627 4097 1858 4158 poterat,

280 4174 496 4228 eosdem
550 4172 1042 4238 obtestationibus,
1102 4174 1397 4242 precibus,
1462 4175 1738 4248 lacrymis’,
1806 4190 1863 4234 ut

283 4279 445 4333 vagos
476 4276 530 4317 et
553 4274 821 4326 errantes.
857 4264 910 4318 in
944 4266 1084 4319 viam
1119 4264 1308 4320 salutis
1330 4266 1640 4321 reducebat.
1668 4268 1864 4325 Multos

282 4357 424 4411 inter
462 4373 520 4411 se
540 4358 794 4412 civilibus
837 4365 893 4411 et
939 4357 1214 4414 intestinis
1239 4357 1381 4413 odiis
1412 4358 1739 4416 dissidentes
1767 4374 1859 4416 aut

282 4462 462 4501 coram
494 4447 769 4513 oratione,
804 4458 893 4500 aut
940 4449 1137 4503 absens
1174 4449 1422 4519 epistolis
1458 4451 1861 4520 sapientissime

282 4551 334 4595 et
361 4542 765 4613 elegantissime
810 4543 1030 4612 scriptis
1072 4544 1140 4597 ad
1175 4545 1527 4600 concordiam
1563 4548 1857 4603 revocavit.

353 4634 464 4688 Hac
489 4645 639 4689 tanta
676 4632 876 4689 virtute
910 4634 1041 4688 moti
1069 4634 1428 4703 imperatores
1450 4638 1555 4691 duo
1594 4626 1862 4693 Constan-

285 4725 669 4795 tinopolitanus
703 4735 755 4781 et
786 4724 1205 4794 Trapezuntius,
1236 4728 1377 4781 hunc
1423 4730 1563 4784 ultro
1613 4731 1860 4801 citroque

281 4818 510 4888 legatum
568 4819 886 4888 frequenter
933 4818 1246 4884 mittentes,
1301 4821 1583 4890 utriusque
1645 4822 1859 4892 imperii

281 4912 421 4967 vires
464 4911 940 4973 concatenabant,
996 4924 1103 4979 quo
1161 4909 1353 4965 fortius
1411 4921 1465 4965 et
1520 4913 1861 4981 constantius

282 5006 595 5075 propulsare
617 5003 919 5059 Turcorum
953 5005 1187 5074 impetus
1218 5012 1459 5073 possent,
1483 5006 1572 5073 qui
1604 5014 1859 5077 tanquam

282 5100 450 5156 rabidi
468 5099 576 5167 lupi
610 5099 751 5153 inter
772 5110 1064 5168 utrumque
1093 5097 1273 5166 positi,
1296 5096 1637 5153 occasionem
1664 5100 1861 5155 utrius-

280 5207 384 5261 que
418 5192 626 5261 imperii
659 5190 953 5261 diripiendi
1009 5191 1434 5261 exspectabant,
1468 5190 1612 5261 quod
1671 5200 1858 5258 postea

281 5284 479 5337 accidit
529 5298 655 5337 cum
709 5297 906 5352 magno
952 5285 1120 5337 totius
1176 5280 1486 5348 reipublicae
1539 5280 1861 5336 Christiana:

280 5375 541 5430 dedecore
597 5390 662 5429 ac
719 5374 1065 5431 detrimento.
1122 5371 1361 5429 Sublatis
1436 5374 1579 5429 enim
1647 5374 1861 5429 duobus

281 5469 552 5533 claustris,
591 5483 738 5523 nunc
791 5481 914 5523 sese
966 5467 1023 5522 in
1082 5466 1287 5531 Asiam,
1331 5467 1555 5521 nuncin
1586 5465 1856 5539 Europam

282 5561 595 5629 gravissima
621 5560 707 5616 illa
738 5561 1041 5617 Turcorum
1078 5560 1314 5631 procella
1356 5560 1573 5616 nemine
1606 5562 1861 5616 obstante

284 5652 668 5715 seeﬂ’undens,
712 5652 871 5723 longe
910 5668 973 5708 ac
1018 5652 1124 5708 late
1168 5653 1349 5707 omnia
1387 5662 1584 5718 vastat,
1635 5651 1856 5715 obterit,

285 5745 613 5800 conculcat:
673 5743 1006 5816 diripiuntur
1049 5744 1208 5802 urbes
1252 5745 1598 5814 quantumvis
1628 5759 1856 5816 magum,

3472 322 3563 363 CVI

1996 397 2355 460 incenduntur
2383 407 2541 472 villm,
2574 420 2838 468 necantur
2886 415 3169 481 homines;
3208 418 3348 487 quod
3394 421 3435 473 si
3462 424 3561 473 ali-

1988 492 2184 558 quibus
2210 496 2429 553 fortuna
2459 502 2577 556 belli
2611 506 2846 574 pepercit
2870 548 2886 573 ,
2916 509 2949 562 ii
2987 524 3091 563 una
3123 524 3247 564 cum
3277 513 3562 580 pecoribus

1985 596 2051 638 eo
2077 593 2342 644 terrarum
2391 593 2684 661 abiguntur
2715 599 2858 653 unde
2911 612 3183 669 nunquam
3227 604 3279 657 in
3330 606 3560 673 patriam

1985 688 2111 731 sunt
2146 681 2393 739 redituri.
2433 683 2477 740 Ο
2504 687 2729 746 miseros
2761 698 2814 745 et
2836 690 3199 749 infortunatos
3230 693 3449 750 Grrecos
3478 696 3492 748 ε
3529 713 3561 751 o

1984 767 2227 827 infelices
2244 783 2298 827 et
2330 775 2709 833 calamitosos!
2748 795 2782 833 o
2821 783 2984 837 etiam
3018 784 3256 851 ipsorum
3291 787 3560 842 crudelis-

1982 861 2240 917 simorum
2279 865 2512 921 bostium
2537 870 2795 943 lacrymis
2813 875 3209 944 deplorandos!
3262 880 3563 935 dedistisne

1980 954 2234 1009 omnibus
2268 959 2577 1016 nationibus
2604 978 2669 1019 ac
2706 966 2973 1034 gentibus
2996 967 3311 1024 doctrinam
3326 981 3379 1025 et
3405 972 3558 1042 inge-

1981 1043 2131 1097 nium
2166 1054 2224 1099 ut
2257 1046 2356 1117 ipsi
2394 1052 2627 1108 consilio
2676 1057 2975 1111 eareretis?
3024 1060 3262 1115 dedistis
3298 1077 3448 1117 arma
3499 1074 3560 1116 ut

1978 1137 2182 1192 eisdem
2230 1150 2416 1209 postea
2465 1159 2723 1202 corruere
2788 1150 3099 1205 videamini.
3148 1152 3414 1207 Constans
3474 1164 3561 1210 est

1976 1240 2144 1296 certe,
2201 1234 2459 1303 Quirites,
2489 1240 2731 1295 omnium
2782 1243 2918 1298 bene
2956 1245 3305 1299 sentientium
3351 1246 3554 1313 opinio,

1977 1332 2033 1377 et
2053 1337 2240 1379 eorum
2283 1329 2519 1384 maxime
2544 1332 2637 1400 qui
2672 1347 2773 1386 suo
2803 1334 3045 1403 periculo
3086 1337 3311 1390 istarum
3331 1337 3558 1392 calami-

1977 1422 2145 1470 tatum
2178 1422 2331 1489 gnari
2366 1431 2515 1487 sunt,
2541 1430 2649 1481 duo
2676 1426 2764 1481 illa
2816 1427 3055 1498 imperia'
3078 1444 3354 1500 nunquam
3387 1431 3556 1486 fuisse

1972 1510 2277 1565 corruitura
2314 1515 2359 1568 si
2392 1514 2705 1580 Bessarion,
2738 1522 2914 1591 magni
2954 1522 3122 1576 animi
3155 1532 3316 1590 atque
3341 1523 3553 1578 consilii

1972 1602 2075 1670 \ir,
2123 1607 2228 1662 illis
2276 1609 2326 1662 in
2386 1610 2519 1667 locis
2563 1620 2673 1666 tum
2719 1613 2911 1670 fuisset
2958 1631 3081 1671 cum
3128 1626 3420 1687 tempestas
3463 1618 3552 1672 illa

1970 1706 2160 1753 contra
2198 1716 2303 1756 non
2365 1702 2586 1760 Graecos
2639 1717 2871 1774 tantum,
2914 1711 3010 1764 sed
3053 1711 3349 1765 humanum
3384 1726 3553 1781 genus

1975 1799 2163 1844 exorta
2202 1801 2305 1847 est.
2338 1792 2639 1852 Excitasset
2668 1798 2812 1854 enim
2864 1801 2944 1854 vir
2970 1803 3215 1856 omnium
3255 1803 3552 1874 vigilantis-

1972 1878 2146 1935 simus
2175 1882 2538 1942 dormientem
2566 1887 2830 1946 Graeciam
2854 1930 2872 1959 ,
2923 1893 3220 1949 animasset
3253 1894 3420 1949 nimio
3439 1898 3552 1949 ctiu

1970 1969 2283 2041 languentes
2301 1978 2550 2042 animos;
2584 1981 2663 2036 ire
2694 1983 2747 2037 in
2784 1983 2970 2041 hostes
3008 1999 3136 2041 suos
3162 1994 3216 2041 et
3253 2001 3282 2040 a
3323 1989 3555 2043 cervici-

1969 2060 2072 2117 bus
2103 2073 2309 2121 tantam
2368 2070 2728 2128 calamitatem
2784 2085 3036 2137 avertere
3085 2086 3344 2147 quantam
3403 2082 3553 2147 passi

1969 2165 2118 2223 sunt,
2152 2172 2247 2226 spe
2277 2174 2419 2215 verte
2438 2163 2740 2230 ct-integrtc
2772 2166 2947 2221 laudis
2987 2168 3289 2237 proposita,
3324 2185 3548 2237 compu-

1970 2245 2143 2303 lisset.
2178 2248 2396 2317 Verum,
2447 2268 2514 2309 eo
2575 2257 2824 2322 absente,
2876 2273 3000 2312 cum
3063 2275 3222 2323 nemo
3274 2272 3421 2316 esset
3458 2279 3555 2332 qut

1969 2340 2267 2407 monendo,
2302 2344 2681 2408 consultando,
2722 2347 2987 2412 docendo,
3016 2352 3353 2405 cohortando
3397 2351 3549 2407 Grae-

1968 2445 2062 2485 cos
2089 2433 2143 2484 in
2176 2432 2359 2488 olIicio
2392 2437 2720 2506 contineret,
2751 2451 2906 2508 capta
2937 2455 3002 2495 ac
3051 2441 3262 2511 direpta
3294 2459 3323 2495 a
3353 2443 3553 2502 Turcis

1966 2522 2464 2596 Constantinopolis
2520 2538 2626 2595 est,
2677 2545 2818 2584 casa
2871 2533 3041 2586 multa
3090 2534 3291 2589 civium
3357 2536 3547 2599 millia,

1964 2609 2321 2668 obtruncatus
2373 2614 2669 2685 imperator
2704 2619 2880 2673 :idem
2909 2620 3111 2676 accidit
3146 2622 3546 2692 Trapezuntiis,

1965 2701 2107 2756 idem
2137 2703 2475 2775 Mitylenmis,
2511 2708 2652 2763 idem
2688 2709 3166 2782 Peloponnesiacis
3211 2719 3549 2785 principibus

1963 2802 2015 2847 et
2053 2794 2282 2861 civibus,
2307 2798 2448 2853 idem
2482 2800 2700 2872 reliquae
2749 2802 2994 2872 Graecia»,
3028 2806 3168 2865 idem
3200 2808 3546 2866 Bossinensi-

1966 2889 2086 2955 bus,
2133 2893 2296 2961 quiet
2323 2910 2502 2965 regem
2526 2905 2582 2952 et
2604 2900 2833 2967 patriam
2855 2909 2909 2955 et
2930 2901 3093 2956 vitam
3123 2918 3229 2959 uno
3260 2907 3542 2961 saevissimi

1965 2983 2204 3040 hominis
2229 2986 2435 3055 impetu
2461 2990 2723 3054 annisere;
2766 2991 3089 3049 Bessarione
3125 2995 3241 3064 ipso
3271 2996 3569 3053 clamante

1962 3089 2027 3129 ac
2061 3091 2303 3147 persa‘pe
2331 3077 2607 3136 Romanos
2645 3084 2929 3153 pontiﬁces
2975 3087 3304 3144 admonente
3326 3100 3384 3146 ut
3432 3091 3577 3147 Mam

1964 3167 2284 3231 cedouibus,
2316 3169 2659 3241 Dalmaticis,
2717 3172 2939 3244 Illyriis,
2972 3176 3270 3235 Pannoniis
3306 3181 3581 3236 hostium.

1964 3257 2221 3328 impetum
2250 3276 2394 3331 aegre
2443 3264 2838 3323 sustinentibus
2870 3268 3074 3325 auxilio
3121 3283 3332 3336 essent,
3365 3290 3436 3330 ne
3463 3291 3549 3330 re-

1965 3349 2149 3406 fractis
2178 3353 2430 3411 claustris
2474 3357 2620 3412 illinc
2652 3374 2793 3415 saava
2827 3359 2917 3415 illa
2962 3370 3016 3416 et
3050 3364 3303 3420 immanis
3346 3368 3543 3431 bellua,

1964 3439 2199 3497 Eridano
2221 3444 2524 3510 violentior,
2577 3446 2784 3504 Italiam
2820 3451 3311 3525 inundar‘etrquod
3344 3473 3542 3526 prope-

1963 3528 2103 3587 diem
2125 3534 2355 3603 (utinam
2385 3536 2551 3594 falsus
2586 3540 2686 3595 sim
2717 3545 2901 3598 vates!
2923 3544 2942 3615 )
2968 3544 3208 3601 futurum
3238 3548 3543 3604 videbimus
3566 3588 3579 3595 .-

1964 3623 2063 3678 nisi
2118 3624 2245 3681 huic
2298 3627 2699 3698 sapientissimo
2728 3632 2886 3702 viro,
2923 3646 3183 3707 tanquam
3235 3654 3266 3693 e
3318 3641 3587 3709 speculo.

1961 3714 2142 3769 omnia
2194 3720 2463 3784 cernenti,
2496 3720 2779 3792 clamanti,
2811 3726 3122 3783 admoneuti
3166 3730 3367 3785 instare
3422 3746 3540 3787 mag

1960 3821 2121 3877 gnam
2173 3810 2493 3878 perniciem,
2530 3813 2822 3883 aliquando
2866 3817 3037 3874 fuerit
3086 3821 3540 3890 obtemperatum.
3571 3875 3583 3885 ,

1960 3899 2188 3956 Multum
2216 3912 2364 3958 certe
2404 3905 2532 3960 huic
2583 3908 2923 3977 amplissimo
2953 3911 3096 3966 Patri
3140 3915 3433 3978 debemus,
3473 3920 3538 3967 ad

1961 3991 2114 4061 cujus
2138 4010 2226 4048 res
2253 3996 2467 4068 egregie
2493 4007 2672 4064 gestas
2703 4015 2769 4055 ne
2803 4000 2854 4053 in
2886 4002 3026 4056 hanc
3058 4004 3540 4063 calatnitatemne»

1962 4084 2203 4141 niremus
2239 4086 2471 4142 libenter
2490 4091 2713 4146 accedo.
2770 4089 2822 4146 is
2859 4092 3027 4159 enim,
3062 4109 3120 4149 re
3152 4094 3564 4152 Constantino-.

1961 4177 2202 4244 politana
2242 4181 2481 4235 nondum
2536 4181 2837 4255 proﬂigata,
2866 4186 3195 4242 Qrientalem
3245 4189 3541 4245 Ecclcsiant
3564 4232 3587 4242 1.

1962 4268 2016 4322 in
2064 4272 2390 4325 sententiam
2442 4272 2804 4330 Occidentalis
2847 4277 3095 4346 redigere
3133 4288 3378 4343 conatus,
3433 4295 3538 4334 non

1960 4362 2110 4430 prius
2147 4363 2374 4429 destitit,
2407 4367 2687 4433 rogando,
2723 4369 2991 4422 monendo
3030 4370 3412 4436 imperatorem
3471 4386 3536 4424 ac
3570 4408 3573 4411 λ

1961 4444 2231 4523 principes
2256 4455 2478 4511 Grtecim
2535 4473 2697 4527 quam
2748 4474 2841 4514 eos
2872 4459 3169 4528 impulerit,
3216 4460 3533 4529 gravissima

1959 4544 2206 4599 oratione
2238 4545 2442 4612 habita,
2473 4548 2525 4600 in
2560 4544 2764 4601 italiam
2794 4549 2858 4603 ad
2895 4549 3567 4619 Eugeniumpontilicetu.

1962 4638 2256 4692 maximum
2287 4639 2637 4695 contendere.
2662 4641 2868 4699 Venere
2899 4643 3074 4710 primo
3111 4642 3363 4699 Venetias
3381 4656 3539 4714 atque
3570 4678 3582 4687 κ

1961 4728 2086 4782 inde
2137 4728 2444 4784 Ferrariam
2503 4731 2594 4786 ubi
2649 4733 2889 4801 pontifex
2938 4745 3075 4788 erat.
3133 4735 3206 4790 lbi
3237 4753 3454 4807 gravem
3488 4747 3540 4789 et

1960 4821 2262 4887 elegantem
2317 4824 2621 4879 orationem
2673 4825 2959 4881 Bessarion
3013 4829 3080 4882 ad
3141 4843 3269 4885 suos
3329 4830 3579 4894 habuit,

1959 4927 2053 4967 eos
2083 4914 2404 4970 adhortatus
2439 4927 2519 4979 ut,
2549 4918 2762 4987 cognita
2797 4920 3172 4991 frequentibus
3219 4923 3539 4989 disputatio-

1962 5005 2121 5060 nibus
2170 5009 2561 5063 controversia:
2623 5025 2785 5064 causa
2840 5027 2959 5080 qua:
3017 5010 3241 5068 Latinos
3294 5012 3435 5066 inter
3482 5022 3574 5074 ιι,

1959 5097 2174 5153 Graecos
2205 5101 2511 5172 quingentis
2536 5102 2646 5171 jam
2676 5105 2834 5158 annis
2863 5114 3157 5172 serpserat,
3190 5106 3362 5175 posita
3388 5109 3533 5163 muni
3562 5153 3575 5165 ,

1961 5192 2235 5246 simultate
2270 5194 2322 5248 in
2355 5196 2598 5249 eamdem
2632 5198 2959 5255 sententiam
3004 5213 3193 5254 omnes
3226 5208 3336 5253 tum
3386 5201 3534 5254 veni-

1960 5293 2102 5348 rent,
2128 5283 2229 5338 hac
2265 5300 2374 5338 una
2402 5286 2608 5338 ratione
2626 5299 2875 5342 asserens
2902 5302 2964 5341 ea
2987 5288 3201 5343 demum
3229 5292 3555 5358 recuperari-

1961 5392 2139 5447 posse,
2172 5378 2478 5448 conjunctis
2506 5379 2675 5448 c0piis
2711 5379 3011 5450 collataque
3043 5381 3305 5449 impensa,
3338 5396 3460 5454 qua:
3482 5391 3563 5441 et,

1961 5470 2122 5524 'l'urci
2159 5471 2432 5539 qunttdant
2473 5483 2523 5527 et
2557 5472 2817 5526 Saraceni
2854 5480 2908 5526 et
2932 5472 3174 5538 Arabes,
3200 5472 3535 5528 Christiano-

1961 5579 2079 5618 rum
2105 5563 2344 5620 dissidiis
2378 5564 2548 5633 magis
2579 5580 2740 5634 quam
2782 5566 2975 5620 animis
3003 5576 3055 5620 et
3105 5567 3270 5620 armis
3300 5566 3565 5635 propriis,

1962 5657 2085 5712 freti
2132 5670 2483 5728 occuparant.
2523 5657 2746 5714 Dicebat
2794 5661 2962 5726 enim,
2996 5661 3136 5728 quod
3187 5660 3557 5714 verissimum

1961 5755 2066 5818 est,
2088 5748 2525 5817 Mahuntetanam
2556 5752 2833 5823 perfidiam
2864 5752 2970 5813 late
2997 5754 3229 5815 crevisse
3279 5755 3402 5812 dum
3448 5768 3539 5813 re:
