3990 6218
398 309 504 352 CVII

392 410 615 481 ligionis
642 422 843 471 nostra:
871 417 1050 487 capita
1082 419 1219 473 inter
1236 435 1296 474 se
1323 420 1611 483 dissident,
1640 422 1969 492 procedatne

396 501 632 573 Spiritus
661 516 887 563 sanctus
926 522 955 562 a
1005 511 1165 565 Patre
1205 514 1449 578 tantum,
1485 521 1542 566 ut
1578 510 1774 577 Gratci,
1812 530 1879 569 an
1938 530 1969 569 a

394 594 558 654 Patre
587 608 642 654 et
675 599 832 666 Filio,
863 611 919 655 ut
943 601 1119 658 Latini
1147 603 1435 672 volebant;
1470 605 1554 661 his
1578 608 1722 662 enim
1754 619 1976 664 contro-

393 690 591 746 versiis
618 690 819 747 factum
851 702 913 749 ut
949 694 1017 748 ad
1056 693 1464 752 Mahomctanos
1494 699 1690 766 partim
1728 701 1804 766 vi,
1851 716 1974 769 par-

395 782 491 837 tim
527 793 721 854 sponte
746 785 1040 841 deficerent
1068 788 1274 857 populi,
1315 791 1440 845 dum
1482 790 1806 848 Christianae
1846 792 1972 846 reli-

394 875 573 942 gionis
621 877 893 946 principes
927 879 1056 947 quid
1084 881 1430 950 petissimum
1471 893 1688 939 teneant
1732 887 1972 941 incertos

392 966 614 1037 vident;
644 968 771 1022 hinc
798 970 1054 1026 amissam
1095 988 1215 1029 esse
1237 975 1626 1029 Antiochenam
1649 977 1966 1044 Ecclesiam,

393 1057 521 1112 hinc
565 1059 1134 1132 Hierosolymitanam,
1182 1068 1308 1123 hinc
1350 1066 1795 1135 Alexandrinam,
1843 1069 1971 1123 hinc

392 1149 624 1219 denique
676 1164 896 1207 omnem
952 1153 1124 1211 ferme
1162 1157 1347 1213 Asiam
1400 1172 1455 1213 et
1508 1167 1675 1215 totam
1727 1158 1968 1215 Africam

389 1241 533 1296 hanc
554 1253 758 1312 pestem
777 1260 1095 1317 occupasse,
1115 1259 1166 1306 ct
1188 1252 1329 1321 quod
1364 1254 1582 1322 gravius
1610 1263 1712 1319 est,
1742 1253 1971 1324 Europa

389 1333 656 1403 quasdam
689 1348 876 1407 partes
901 1339 1125 1412 jamjam
1159 1343 1409 1400 infecisse
1448 1359 1512 1400 ac
1543 1344 1754 1415 longius
1777 1359 1972 1414 evaga-

388 1435 571 1481 turam
601 1430 675 1496 ni,
705 1445 936 1501 propere
975 1434 1207 1490 sublatis
1237 1446 1348 1491 tam
1398 1436 1724 1506 perniciosis
1755 1448 1969 1492 contro-

389 1519 591 1575 versiis
652 1535 717 1576 ac
773 1524 943 1592 pulsis
997 1525 1322 1583 Christianae
1355 1528 1666 1598 reipublicae
1698 1529 1966 1592 hostibus.

388 1607 442 1656 in
475 1610 875 1674 possessionem
919 1623 1183 1682 veterem,
1234 1616 1442 1681 labore,
1479 1618 1674 1688 vigiliis
1728 1633 1792 1674 ac
1842 1635 1969 1675 san-

389 1697 551 1763 guiue
581 1709 879 1772 martyrum
930 1715 1323 1776 comparatam,
1374 1711 1567 1763 armati
1621 1722 1745 1763 cum
1775 1709 1970 1765 vexillo

388 1789 570 1844 crucis
599 1795 972 1861 pervenerint.

458 1881 735 1940 Permovit
767 1889 902 1943 tanti
943 1889 1046 1944 viri
1097 1893 1399 1949 auctoritas
1448 1901 1619 1949 totum
1651 1892 1964 1957 concilium,

390 1978 660 2042 permovit
712 1979 988 2050 religionis
1044 1984 1425 2041 honestissima
1477 1978 1970 2055 causa,permovit

387 2071 553 2125 etiam
612 2072 904 2130 imminens
969 2077 1276 2133 cervicibus
1338 2079 1579 2133 omnium
1648 2078 1965 2149 periculum.

389 2161 662 2231 Disputari
724 2175 834 2219 tum
916 2168 1115 2224 acriter
1170 2169 1311 2225 inter
1368 2171 1651 2240 utriusque
1713 2170 1970 2227 Ecclesia:

390 2255 670 2326 theologos
685 2267 1044 2325 estcmptttm.
1062 2263 1466 2317 Asseverahant
1496 2262 1692 2330 Cra-ri,
1717 2265 1969 2335 episcopo

386 2345 678 2415 Ephesiuo,
720 2348 945 2403 Platone
980 2351 1275 2422 (Pfetltone)
1332 2353 1637 2420 Scholario,
1687 2356 1966 2429 Dionysio,

383 2439 633 2508 episcopo
662 2438 944 2507 Sardensi,
966 2445 1300 2511 gravissimis
1330 2448 1664 2511 auctoribus,
1700 2448 1966 2518 Spiritnnt

383 2540 633 2585 sanctum
668 2546 697 2585 ι
721 2532 880 2588 Patre
909 2544 1115 2590 tantum
1152 2539 1493 2606 procedere;
1540 2540 1813 2595 instabant
1838 2557 1967 2595 cou-

385 2633 468 2677 Ira
510 2621 686 2677 Latini
727 2640 755 2675 a
796 2624 933 2679 Filio
991 2643 1207 2697 quoque
1261 2627 1406 2684 idem
1451 2632 1587 2699 ﬁeri,
1647 2634 1968 2689 auctoritate

387 2724 630 2770 veterum
694 2715 1092 2785 theologorum,
1151 2720 1386 2775 maxime
1446 2737 1575 2778 vero
1625 2724 1964 2798 Hieronymi,

384 2808 675 2878 Augustini
705 2815 760 2863 et
786 2809 1070 2866 Athanasii
1106 2812 1158 2866 id
1189 2816 1630 2885 eomprobautes.
1672 2818 1751 2874 Re
1781 2831 1963 2877 autem

318 2956 321 2959 ,
383 2900 507 2970 ipsa
523 2899 704 2955 adhuc
735 2902 1024 2971 pendente,
1058 2903 1392 2960 Florentiatn
1420 2908 1690 2978 proficisci
1722 2913 1963 2981 pontifici

382 3002 438 3048 et
461 2994 626 3049 curiae
644 2993 817 3048 visum
840 3005 943 3051 est.
963 2994 1066 3063 lbi,
1085 3012 1206 3053 cum
1225 2999 1292 3054 de
1319 3014 1376 3055 re
1400 3002 1651 3072 ambigua
1673 3006 1965 3075 aliquando

382 3085 740 3155 disceptatum
795 3094 967 3152 esset,
1021 3104 1220 3145 venere
1257 3093 1468 3148 tandem
1520 3092 1716 3160 Graeci,
1754 3099 1965 3155 ratione

379 3193 445 3234 ac
480 3178 820 3235 Bessariouis
845 3181 1165 3236 auctoritate
1189 3184 1349 3250 moti,
1381 3185 1431 3240 iu
1463 3189 1785 3242 sententiam
1819 3187 1964 3246 Lati-

382 3287 599 3327 norum.
637 3271 689 3329 is
735 3275 906 3341 enim,
968 3275 1072 3329 etsi
1122 3277 1323 3333 acriter
1354 3293 1486 3334 suos
1530 3281 1707 3350 primo
1762 3291 1966 3338 tutatus

381 3376 488 3433 est,
542 3368 759 3423 tandem
813 3373 1044 3425 veritate
1099 3370 1448 3429 illucescente
1500 3375 1552 3429 in
1600 3377 1961 3432 orthodoxam

381 3458 639 3515 Ecclesia:
664 3459 927 3516 Romanae
955 3463 1283 3517 sententiam
1320 3480 1424 3520 non
1460 3466 1635 3522 solum
1662 3468 1969 3536 descendit,

378 3568 568 3608 verum
629 3555 792 3609 etiam
845 3570 976 3612 suos
1010 3565 1068 3610 ut
1117 3556 1258 3612 idem
1317 3558 1562 3615 facerent
1603 3564 1670 3615 ad
1730 3563 1960 3618 salutem

379 3645 841 3714 disputationibus
896 3657 952 3702 et
1006 3651 1157 3718 gravi
1210 3652 1456 3706 oratione
1506 3655 1830 3710 adhortatus
1856 3665 1959 3712 est.

379 3736 561 3798 Unum
597 3739 812 3792 tandem
855 3736 1123 3806 animum,
1156 3756 1317 3794 unam
1346 3756 1578 3799 mentem
1616 3745 1758 3800 idem
1791 3745 1963 3814 Spiri-

380 3841 467 3886 tus
489 3842 733 3896 sanctus,
762 3846 862 3902 pro
886 3846 993 3901 quo
1042 3831 1467 3902 disceptabatur,
1508 3838 1763 3892 omnibus
1793 3837 1967 3897 dedit.

377 3922 610 3977 Ventum
645 3924 860 3978 tandem
894 3922 949 3978 in
991 3925 1379 3997 concordiam,
1421 3939 1476 3983 et
1507 3928 1819 3999 Symbolum
1856 3931 1961 3986 lto-

376 4028 549 4068 manzc
611 4010 868 4067 Ecclesia:
919 4004 1297 4071 ah‘Oricntali
1348 4019 1560 4088 publice
1616 4019 1955 4074 decantatur.

375 4104 568 4161 Soluto
594 4106 811 4160 demunt
840 4105 1075 4161 concilio
1112 4108 1405 4179 imperator
1433 4108 1957 4182 ConstantinOpolim

371 4212 497 4252 cum
531 4196 645 4251 suis
681 4196 996 4252 revertitur.
1029 4197 1305 4268 Eugenius
1348 4212 1527 4256 autem
1567 4205 1837 4272 pontifex,
1864 4223 1958 4259 co-

374 4291 524 4357 gnita
556 4272 922 4344 Bessariouis.
946 4288 1209 4358 singulari
1242 4291 1444 4347 virtute
1478 4303 1531 4349 et
1566 4298 1838 4364 doctrina,
1864 4301 1960 4352 ho,

373 4382 573 4436 minem
609 4380 736 4434 licet
775 4378 1054 4435 absentem
1097 4395 1164 4435 ex
1197 4385 1471 4439 sententia
1512 4384 1738 4442 fratrum
1771 4392 1821 4444 in
1854 4408 1957 4443 nuo

377 4487 586 4527 merum
615 4469 978 4525 cardinalium
1021 4483 1279 4541 cooptat;
1330 4481 1631 4536 accersitur
1662 4480 1715 4536 itt
1749 4485 1955 4540 curiam

373 4570 673 4623 Romanam
698 4570 778 4627 vir
800 4574 1188 4644 amplissimus,
1209 4581 1263 4628 ut
1284 4588 1423 4630 unus
1450 4576 1673 4647 aliquis,
1692 4574 1950 4644 Quirites,

374 4662 561 4719 Romae
610 4666 776 4720 etiam
812 4682 843 4735 e
874 4667 1084 4723 Graecia
1131 4669 1470 4738 ingeniorum
1526 4656 1957 4738 altrice,doctri-

373 4769 567 4809 narum
622 4756 929 4813 inventrice
963 4797 977 4821 .
1028 4772 1192 4828 quem
1252 4759 1658 4814 admiraremini
1686 4804 1711 4829 ,_
1753 4762 1957 4833 quique

370 4850 609 4905 vicissim
635 4850 774 4905 hanc
805 4860 1039 4906 ve~tram
1066 4852 1653 4917 civitatem,dominam
1681 4856 1953 4924 quondam

372 4958 574 5009 terunt,
630 4959 771 4999 nunc
817 4943 1111 5012 collapsam
1161 4960 1355 5014 magna
1396 4961 1463 5000 cx
1504 4958 1665 5016 parte
1697 4959 1751 5003 ct
1786 4966 1954 5020 prope

368 5038 605 5091 dirutam
645 5037 698 5092 in
732 5037 1007 5092 meliorem
1037 5037 1267 5094 formam
1299 5041 1586 5110 redigeret,
1616 5042 1776 5099 homo
1807 5058 1954 5101 certe

371 5129 602 5184 Romani
645 5131 891 5185 nominis
913 5131 1346 5187 amantissimus.
1386 5133 1622 5203 Accepto
1660 5146 1842 5192 autem
1886 5139 1951 5194 de

369 5237 520 5277 more
545 5226 750 5291 galero,
784 5219 1000 5290 insigne
1050 5224 1443 5293 cardinalatus,
1490 5226 1561 5279 ita
1596 5226 1743 5281 brevi
1790 5230 1951 5285 homo

367 5315 680 5385 '_.geuiosus
711 5325 763 5370 et
793 5320 1013 5373 acutus'
1039 5294 1359 5372 Latinorum
1397 5333 1579 5374 mores
1601 5331 1654 5374 et
1686 5321 1959 5377 litterata!

367 5423 481 5460 tant
520 5407 752 5475 imbibit,
799 5418 860 5464 ut
897 5425 963 5464 ex
1016 5411 1354 5466 nostratibus
1390 5425 1527 5463 unus
1576 5421 1630 5465 ct
1670 5428 1775 5467 non
1821 5415 1949 5470 alibi

361 5508 526 5553 natus
565 5502 861 5557 videretur.
915 5498 1358 5570 Frequentaba‘nt
1404 5507 1533 5554 tunc
1582 5515 1795 5572 quoque
1828 5504 1951 5573 ejus

362 5593 584 5646 domutn
625 5594 840 5662 plenam
889 5594 1151 5665 religione
1174 5632 1188 5655 ,
1219 5593 1477 5648 comitate
1508 5604 1562 5648 et
1595 5596 1792 5665 gratia,
1825 5598 1945 5664 ple-

361 5698 489 5737 nam
516 5684 745 5752 ingeniis
780 5696 891 5737 tum
928 5683 1154 5747 Graecis,
1203 5690 1314 5736 tum
1349 5681 1575 5751 Latinis,
1612 5685 1709 5739 viri
1739 5703 1801 5742 ex
1831 5697 1943 5743 tota

360 5776 513 5833 suria
538 5777 871 5859 doctissimi}
923 5779 1022 5835 hos
1069 5775 1148 5833 vel
1194 5776 1335 5834 inter
1386 5796 1442 5836 se
1474 5770 1933 5851 disserbntcs,_vcl

1710 310 1803 369 BA
1816 310 1924 372 PT.
1954 312 2302 377 PLATINAZ

3517 328 3645 372 svnt

2081 430 2280 500 aliquid
2338 434 2479 501 quod
2530 433 2596 487 ad
2668 433 3037 505 cognitionem
3081 432 3277 506 linguae
3324 429 3656 501 pertineret.

2082 520 2361 577 laudantes
2393 524 2471 595 (ut
2508 525 2589 595 fit)
2621 525 3022 590 refellentesve,
3065 526 3139 580 ita
3168 533 3375 601 attente
3404 523 3657 578 audiebat

2080 625 2135 670 ut
2165 632 2227 670 ex
2262 616 2593 672 abundantia
2636 617 2839 690 ingenii
2879 618 3154 688 animique
3177 616 3509 688 perspicacia
3541 614 3659 671 dis-

2078 709 2405 777 ceptantium
2438 709 2641 764 arbiter
2678 711 3063 781 propemodum
3122 708 3298 764 fieret.
3331 706 3426 763 llis
3449 706 3658 761 artibus

2078 807 2133 851 et
2157 812 2216 849 ea
2250 798 2547 868 vigilantia,
2597 815 2701 865 qua
2738 800 2972 855 maxime
3003 812 3193 854 omnes
3236 797 3478 859 excellit.
3504 794 3655 851 brevi

2078 888 2256 945 effecit
2288 902 2341 945 ut
2376 894 2519 964 quod
2571 893 2761 949 Graece
2791 901 2948 950 antea
2981 892 3033 947 in
3069 892 3264 964 quovis
3298 906 3495 962 genere
3528 888 3661 946 dnc-

2080 981 2234 1036 trinae
2262 993 2603 1054 perceperat,
2641 986 2690 1041 id
2720 985 2911 1040 Latina
2941 984 3122 1057 lingua
3150 992 3296 1053 apte,
3318 981 3574 1036 distincte
3603 987 3660 1033 et

2077 1087 2268 1130 ornate
2304 1076 2525 1132 efferret
2549 1094 2611 1133 ac
2633 1079 2918 1134 scriberet.
2943 1076 3040 1132 llis
3077 1077 3273 1133 studiis
3308 1072 3660 1129 vehementer

2078 1163 2401 1231 delectatus,
2431 1184 2705 1236 nunquam
2741 1177 2926 1224 tamen
2973 1168 3262 1237 quicquam
3293 1163 3478 1220 omisit
3508 1177 3582 1230 qu
3622 1158 3656 1215 d

2078 1263 2174 1310 aut
2207 1257 2424 1326 publice
2449 1274 2511 1314 ex
2545 1258 2728 1316 officio
2773 1268 2867 1315 aut
2912 1259 3166 1331 privatim
3199 1256 3464 1328 agendum
3487 1259 3657 1319 esset,

2076 1346 2144 1402 ad
2195 1352 2376 1407 omnia
2408 1353 2869 1423 promptissimum
2925 1352 3234 1422 ingenium,
3272 1345 3657 1403 dexterrimam

2076 1458 2312 1504 mentem
2371 1446 2785 1515 circumferens,
2827 1453 2887 1500 ut
2913 1444 2990 1500 nil
3032 1459 3062 1498 a
3092 1443 3235 1498 bono
3268 1436 3660 1513 patrisfamilias

2076 1551 2134 1597 ct
2168 1541 2236 1595 ab
2261 1540 2468 1609 optimo
2498 1540 2745 1611 principe
2777 1538 3041 1595 differret.
3073 1534 3190 1592 Hac
3230 1544 3411 1590 tamen
3456 1527 3660 1598 insigni

2075 1633 2275 1699 virtute
2303 1642 2361 1688 et
2398 1632 2768 1703 magnitudine
2797 1630 2962 1685 animi
2998 1635 3276 1702 permotus
3305 1622 3556 1680 Nicotaus
3587 1617 3655 1684 γ,

2078 1721 2134 1778 in
2156 1722 2337 1778 locum
2374 1722 2640 1778 demortui
2682 1721 2914 1792 Eugenii
2946 1718 3193 1791 pontifex
3236 1716 3505 1772 maximus
3548 1710 3660 1768 suf-

2077 1815 2270 1880 fectus,
2302 1814 2677 1871 Bcssariouem
2728 1813 2796 1869 ad
2840 1828 2927 1869 res
2961 1811 3201 1884 agendas
3234 1806 3572 1878 aptissimum
3605 1811 3660 1858 et

2077 1906 2145 1961 ad
2198 1907 2384 1961 omnia
2436 1906 2575 1961 mala
2632 1903 2989 1977 precavenda
3045 1898 3516 1973 vigilantissimum
3551 1893 3656 1949 Bo-

2079 1998 2563 2069 uoniensibusjam
2594 1997 2800 2066 pridem
2831 1996 3088 2052 intestino
3117 1993 3256 2051 bello
3288 1989 3661 2048 laborantibus

2076 2090 2310 2162 legatum
2367 2104 2491 2144 cum
2545 2104 2757 2144 summa
2817 2089 3141 2144 auctoritate
3194 2084 3439 2157 praeﬁcit.
3493 2083 3544 2139 ls
3592 2095 3658 2136 eo

2079 2183 2429 2254 proficiscens
2456 2180 2626 2239 effusa
2656 2183 2877 2237 obviam
2906 2182 3113 2237 urbana
3146 2176 3514 2245 multitudine,
3549 2188 3656 2229 non

2076 2275 2233 2328 aliter
2271 2276 2340 2330 ab
2374 2274 2628 2330 omnibus
2651 2273 2943 2344 inspicitur
2980 2286 3046 2327 ac
3083 2270 3236 2326 sidus
3281 2268 3570 2338 benignum
3601 2275 3659 2323 et

2076 2367 2316 2421 salutare
2340 2381 2369 2419 a
2403 2365 2836 2435 periclitantibus
2869 2363 3051 2418 nautis
3093 2370 3149 2417 et
3188 2376 3329 2433 pene
3374 2358 3655 2432 naufragis

2079 2457 2270 2528 inSpici
2331 2473 2394 2514 ac
2445 2457 2742 2514 consultari
2798 2455 2957 2513 solet.
3035 2455 3359 2525 Quanquam
3416 2453 3657 2508 hominis

2074 2548 2255 2618 hujus,
2285 2548 2544 2615 Quirites,
2573 2548 2747 2618 major
2777 2546 2848 2601 sit
2879 2546 3000 2601 laus
3031 2561 3192 2615 quam
3241 2543 3442 2599 sideris
3472 2559 3487 2597 :
3523 2542 3656 2598 illud

2074 2641 2218 2694 enim
2254 2637 2390 2695 duas
2429 2649 2608 2694 tresve
2641 2649 2695 2696 et
2730 2654 2794 2695 eo
2840 2639 3072 2708 amplius
3102 2651 3267 2693 naves
3295 2636 3536 2706 benigno
3574 2635 3658 2689 in-

2076 2733 2214 2788 tuitu
2252 2741 2562 2796 conservat,
2597 2730 2688 2786 hic
2742 2740 2944 2785 tantam
2998 2730 3269 2785 civitatem
3292 2768 3308 2796 ,
3335 2727 3653 2800 praeclaram

2074 2824 2351 2897 quondam
2417 2826 2598 2894 populi
2639 2821 2869 2877 Romani
2917 2823 3210 2887 coloniam,
3252 2821 3531 2877 hominum
3586 2816 3657 2874 ad

2075 2933 2223 2972 arma
2271 2927 2326 2972 et
2363 2916 2574 2972 litteras
2611 2916 2880 2981 altricem,
2913 2916 3086 2970 oculis
3121 2915 3301 2970 omnia
3333 2912 3655 2982 circumspi-

2073 3012 2245 3080 ciens,
2304 3019 2490 3067 mente
2520 3012 2823 3083 prmvidens
2878 3026 2942 3066 ac
2984 3011 3301 3081 disponens,
3333 3006 3516 3079 lingua
3560 3005 3659 3061 ad-

2075 3118 2303 3159 monens
2352 3104 2722 3172 deterrensve,
2794 3118 2955 3158 manu
3011 3102 3313 3158 insanabile
3369 3099 3567 3155 vulnus
3600 3105 3656 3152 et

2073 3195 2443 3265 contagiosum
2505 3193 2849 3263 abscindens,
2890 3194 2960 3250 ab
2990 3194 3211 3252 interitu
3261 3202 3317 3249 et
3370 3207 3537 3264 prope
3582 3189 3651 3246 ab

2073 3287 2263 3343 inferis
2310 3286 2605 3342 revocavit;
2649 3273 2655 3279 ’

2142 3377 2291 3434 Notae
2312 3388 2436 3434 sunt
2461 3378 2699 3436 civitatis
2728 3379 2908 3435 clades
2933 3380 3053 3452 plus
3078 3397 3241 3452 quam
3273 3380 3484 3448 civiles,
3514 3382 3648 3435 dum

2072 3472 2237 3527 factio
2274 3471 2558 3528 Bentivola
2582 3482 2636 3527 et
2668 3472 2942 3528 Cenedula
2986 3472 3054 3527 de
3088 3473 3393 3544 principatu
3421 3482 3653 3528 conten—

2071 3564 2180 3631 dit;
2218 3564 2490 3621 alentibus
2514 3565 2831 3621 seditionem
2865 3564 2990 3620 hinc
3027 3562 3278 3636 Philippo
3307 3564 3648 3631 vicecomite,

2072 3664 2197 3716 hinc
2230 3657 2472 3724 Venetis,
2507 3657 2636 3712 hinc
2689 3656 2934 3727 principe
2981 3657 3350 3723 Ferrarieuse,
3399 3658 3652 3713 instanti-

2071 3753 2171 3809 bus
2193 3752 2359 3807 etiam
2383 3751 2597 3806 duabus
2615 3749 2939 3805 militaribus
2971 3749 3316 3817 factionibus,
3343 3750 3648 3806 Brachiana

2071 3854 2124 3898 et
2165 3842 2464 3908 Sfortiaua,
2495 3858 2615 3912 qua:
2646 3840 2984 3897 dominatum
3024 3850 3363 3912 appetentes,
3402 3844 3543 3897 hanc
3570 3842 3649 3899 ci-

2070 3937 2291 3993 vitatem
2316 3932 2477 3990 veluti
2505 3948 2685 3993 arcem
2710 3931 2873 3990 Italian
2894 3947 3163 4005 occupare
3186 3932 3356 3988 armis
3377 3948 3441 3989 ac
3459 3932 3650 3990 fraude

2069 4039 2309 4098 persaepe
2338 4025 2522 4080 conati
2544 4033 2692 4080 sunt.
2722 4022 2817 4080 llis
2839 4024 2984 4080 enim
3004 4040 3066 4080 ac
3087 4034 3353 4081 tantorum
3373 4026 3643 4082 malorum

2068 4118 2379 4173 auctoribus
2406 4117 2472 4171 ad
2509 4117 2559 4171 id
2585 4117 2805 4172 srevitia:
2839 4125 3061 4172 ventum
3089 4128 3171 4173 est
3193 4157 3208 4183 ,
3240 4127 3298 4172 ut
3333 4117 3524 4174 eodem
3558 4117 3649 4175 die

2068 4224 2123 4268 et
2160 4210 2389 4266 Annibal
2427 4209 2757 4278 ,Bcntivolus
2799 4218 2849 4265 et
2899 4207 3145 4280 Baptista
3174 4209 3482 4267 Cenedulus
3522 4227 3643 4266 eum

2073 4304 2258 4361 multis
2292 4306 2576 4371 utriusque
2634 4300 2891 4357 factionis
2946 4309 3060 4356 tota
3108 4301 3243 4356 urbe
3284 4302 3647 4357 tumultuante

2067 4413 2174 4452 uno
2203 4397 2409 4467 impetu
2440 4395 2798 4460 caederentur,
2849 4390 2998 4447 nullo
3035 4407 3143 4447 non
3196 4393 3534 4449 crudelitatis
3554 4410 3646 4466 ge-

2066 4504 2197 4545 nere
2227 4486 2474 4542 adhibito
2499 4500 2513 4552 ;
2552 4496 2606 4539 et
2638 4500 2705 4540 ne
2731 4482 2835 4537 ulla
2853 4482 3008 4554 quies
3038 4481 3375 4539 calamitosis
3403 4484 3644 4550 daretur,

2064 4593 2429 4652 supervenere
2482 4575 2678 4646 Saepius
2729 4572 2942 4630 externi
2997 4575 3184 4631 hostes
3226 4577 3411 4633 urbem
3461 4592 3640 4648 Oppii-

2065 4672 2305 4745 gnaturi,
2334 4671 2389 4724 ni
2432 4667 2778 4724 Bessariouis
2821 4664 3112 4738 sapientia,
3147 4668 3294 4724 cives
3330 4669 3397 4723 ad
3419 4684 3647 4724 conror-
3699 4688 3703 4693 ·

2062 4765 2206 4822 diam
2227 4776 2509 4826 revocans,
2524 4769 2804 4816 externum
2825 4757 3038 4816 hostem
3062 4761 3307 4815 rabidum
3321 4770 3375 4815 et
3391 4777 3639 4817 voracem

2062 4873 2093 4912 a
2122 4854 2427 4911 visceribus
2461 4852 2662 4908 civium
2695 4851 3115 4907 Bononiensium
3150 4853 3509 4925 propulsaret.
3536 4853 3641 4910 lie-

2061 4948 2304 5018 spirante
2355 4945 2546 5001 deinde
2604 4945 2862 5016 paulatim
2921 4946 3155 5017 (tantum
3207 4946 3336 5002 mali
3392 4948 3639 5019 inerat!)

2063 5041 2129 5097 ab
2157 5049 2379 5095 externa
2402 5038 2453 5092 vi
2474 5037 2840 5109 intestinoque
2862 5037 3005 5094 malo
3035 5038 3254 5094 civitate
3273 5079 3288 5104 ,
3323 5047 3494 5094 totum
3521 5055 3641 5098 sese

2062 5135 2145 5189 vir
2177 5134 2416 5201 Optimus
2448 5132 2514 5185 ad
2537 5129 2942 5201 eomponendos
2966 5130 3169 5186 civium
3196 5144 3396 5196 mores,
3419 5131 3639 5187 licentia

2058 5226 2252 5282 bellica
2279 5233 2566 5293 corruptos
2594 5233 2651 5278 et
2679 5221 3055 5289 labefactatus,
3087 5226 3278 5292 vertit;
3303 5238 3463 5295 quem
3489 5235 3640 5283 certe

2062 5318 2235 5375 hacin
2269 5334 2326 5373 re
2351 5317 2485 5373 nihil
2521 5331 2677 5386 atque
2700 5317 3018 5389 juvitquam
3055 5313 3174 5384 ejus
3209 5317 3635 5388 religio,pietas,

2054 5411 2286 5483 iustitia,
2318 5410 2648 5474 constantia,
2704 5407 3066 5470 abstinentia,
3112 5408 3357 5478 gravitas
3380 5408 3642 5464 comitate

2056 5505 2298 5562 condita.
2332 5502 2442 5558 Hac
2478 5505 2620 5557 enim
2656 5502 2866 5555 ratione
2891 5502 3009 5556 sine
3044 5500 3148 5554 ulla
3189 5499 3238 5555 vi
3279 5501 3634 5572 quorumdam

2057 5597 2340 5653 hominum
2370 5595 2735 5665 arrogantiam
2763 5593 3044 5663 repressit,
3068 5592 3323 5648 libidines
3350 5592 3633 5659 exstinxit,

2054 5691 2379 5762 cupiditates
2414 5689 2727 5756 refrenavit,
2765 5703 2888 5744 cum
2941 5687 3055 5742 fleri
3097 5686 3239 5741 haud
3262 5696 3481 5757 gravate
3511 5702 3638 5742 cou-

2059 5786 2301 5843 sucvcrit
2330 5794 2387 5841 ut
2419 5801 2510 5842 cos
2554 5797 2732 5841 mores
2774 5781 3042 5840 itnhibant
3095 5780 3340 5838 homines
3388 5794 3525 5851 quos
3574 5776 3643 5835 in.
