3990 6218
297 284 384 324 cn
1352 285 1900 352 PANEGYRICUS
1948 293 2461 356 BESSARIONIS.
3473 304 3540 346 c‘

294 387 543 456 principe
570 397 824 458 tanquam
851 391 902 447 in
931 394 1155 463 speculo
1174 396 1339 451 totius
1362 399 1604 456 civitatis
1624 402 1871 457 viderim.

292 479 452 534 lluuc
478 481 623 535 enim
655 498 847 540 omnes
887 499 992 540 non
1022 487 1266 555 privatas
1291 494 1706 549 commoditates
1731 509 1875 565 quat-

293 581 532 633 rentem.
591 574 686 630 sed
727 575 1000 644 publicas,
1019 593 1127 633 non
1161 581 1302 646 otio,
1338 585 1432 638 sed
1479 585 1700 654 negotio
1728 586 1878 640 dedi-

293 672 432 726 tum,
468 677 574 717 non
606 679 820 732 somno,
848 669 944 722 sed
979 668 1203 737 vigiliis,
1255 670 1326 724 ita
1363 687 1488 726 cum
1519 673 1878 730 admiratione

292 752 650 812 intuebantur
680 769 738 811 ut
765 758 953 815 beatos
975 775 1034 816 se
1079 762 1300 818 demum
1338 764 1458 819 fore
1479 767 1880 821 arbitrarentur

294 847 342 899 si
372 847 549 916 aliqua
578 864 639 903 ex
671 862 828 917 parte
872 851 1219 910 Bessarionis
1265 855 1627 927 integritatem
1673 859 1879 930 attigis-

296 949 445 994 sent.
481 941 560 994 Ad
604 942 766 1011 hujus
817 944 1001 1014 itaque
1040 961 1224 1002 mores
1273 963 1395 1004 sese
1435 950 1775 1020 effingentes,
1809 965 1874 1006 ex

293 1031 616 1086 calamitosa
656 1032 871 1088 felicem
922 1037 1072 1090 brevi
1107 1037 1380 1093 civitatem
1414 1040 1879 1096 rcddidere.Snba

299 1121 430 1176 latis
469 1123 616 1176 enim
665 1123 1350 1190 seditionibus,exstinctis
1374 1129 1659 1194 incendiis,
1692 1130 1875 1194 furtis,

303 1213 518 1281 rapinis
571 1213 991 1284 homicidiisque
1025 1218 1314 1288 repressis,
1341 1219 1602 1288 perfacile
1637 1220 1738 1276 fuit
1759 1221 1878 1276 viro

260 1304 424 1386 'huic
473 1305 822 1374 gravissimo,
859 1309 1100 1364 adhibita
1152 1308 1420 1365 facilitate
1472 1311 1528 1365 in
1585 1311 1872 1378 audiendo,

259 1399 268 1408 '
299 1392 522 1448 lenitate
550 1397 607 1450 in
633 1395 886 1464 dicendo,
925 1398 1201 1469 diligentia
1232 1398 1286 1454 in
1321 1400 1732 1467 satisfaciendo,
1766 1418 1878 1472 po-

296 1486 487 1553 pulum
539 1485 936 1545 Bononiensem
980 1491 1047 1544 ad
1091 1491 1290 1546 bonam
1326 1491 1537 1563 frugem
1595 1507 1874 1549 revocare.

299 1577 477 1640 Quem
515 1580 659 1633 enim
703 1581 954 1636 videbant
980 1581 1370 1651 justissimum,
1400 1599 1559 1654 quem
1593 1587 1876 1641 modestis-

300 1669 529 1734 simum,
554 1670 697 1726 hunc
723 1681 979 1740 tanquam
1001 1674 1068 1729 de
1094 1675 1234 1730 caelo
1254 1677 1552 1732 missumea
1577 1679 1874 1747 praesertim

302 1769 630 1830 tempestate
661 1765 1083 1831 venerabantur,
1125 1767 1378 1822 colebant
1404 1778 1458 1823 et
1488 1770 1872 1826 observabant.

299 1853 439 1908 Huic
496 1861 660 1909 tautae
734 1856 1051 1912 auctoritati
1135 1873 1386 1928 magnum
1447 1860 1873 1918 additamentum

301 1946 548 2000 doctrina
577 1947 695 2017 ejus
737 1948 1032 2018 singularis
1083 1959 1224 2016 erat,
1256 1967 1361 2020 qua
1422 1953 1706 2022 perbeatas
1761 1956 1874 2010 fieri

301 2053 462 2105 posse
492 2040 825 2109 respublicas
857 2041 1036 2109 Plato,
1071 2044 1274 2114 ingenii
1308 2059 1374 2100 ac
1404 2047 1686 2114 sapientia:
1719 2045 1877 2101 facile

303 2129 579 2198 princeps,
615 2131 970 2188 existimavit.
1013 2135 1264 2189 Doctrina
1295 2135 1461 2200 enim,
1497 2137 1744 2203 potestati
1777 2138 1876 2189 ad-

300 2217 505 2284 juncta,
537 2219 622 2272 vel
654 2220 1060 2277 vitiosissimam
1085 2238 1356 2291 quamque
1383 2233 1628 2277 naturam
1667 2233 1874 2280 mutare

303 2319 498 2378 posset,
534 2312 730 2366 nedum
767 2314 962 2368 bonam
987 2315 1054 2369 ad
1086 2315 1221 2370 bene
1257 2315 1324 2370 de
1353 2315 1607 2371 omnibus
1653 2331 1871 2385 prome-

302 2399 534 2455 rendum
570 2402 872 2472 impellere.
915 2404 1044 2458 Haec
1073 2404 1218 2458 enim
1274 2403 1403 2458 facit
1462 2414 1521 2459 ttt
1574 2407 1876 2475 provincia-

304 2509 420 2547 rum
451 2496 710 2564 prtesidcs
734 2505 786 2550 et
811 2495 1024 2550 urbium
1078 2511 1184 2550 non
1212 2496 1384 2552 solum
1422 2511 1480 2552 se
1501 2495 1691 2553 faciles
1746 2513 1880 2566 prte-

305 2587 464 2641 beant
491 2588 548 2641 in
574 2589 965 2656 cognoscendis
1019 2588 1225 2655 causis,
1261 2589 1568 2644 hominibus
1600 2591 1879 2646 audiendis

305 2680 806 2749 admittendisque,
873 2682 1136 2752 majorum
1196 2682 1443 2751 exemplo
1502 2697 1735 2752 quorum
1792 2699 1878 2739 res

305 2782 487 2840 gestas
532 2772 800 2841 legerint,’
836 2788 1020 2828 verum
1075 2775 1236 2828 etiam
1284 2776 1502 2830 eosdem
1533 2775 1784 2830 admonet
1820 2785 1880 2830 ut

306 2879 430 2916 cum
463 2864 559 2933 ipsi
586 2864 928 2934 sintoptimi,
963 2881 1180 2929 suorum
1207 2867 1530 2934 cupiditates
1579 2867 1876 2931 refrenent,

304 2955 660 3024 petulantiam
686 2957 1004 3025 reprimant,
1037 2958 1322 3013 avaritiam
1369 2970 1690 3026 coerceant;
1731 2960 1878 3031 quod

303 3049 522 3119 quidem
571 3050 860 3108 Bessarion
922 3051 1157 3107 maxime
1201 3051 1507 3108 observavit
1558 3061 1673 3109 toto
1723 3055 1879 3122 quiu-

305 3143 566 3212 qaiennio
595 3157 704 3212 quo
728 3141 1054 3199 Bononiensi
1091 3143 1209 3198 urbi
1254 3143 1501 3213 praefuit,
1540 3160 1610 3199 ne
1656 3160 1878 3201 suorum

304 3235 528 3291 licentia
561 3245 613 3290 et
643 3236 913 3305 cupiditas
933 3277 949 3302 ,
980 3235 1125 3305 quod
1154 3251 1392 3306 persaepe
1427 3238 1609 3293 multis
1656 3238 1874 3301 accidit,

307 3337 471 3380 tanta:
519 3328 800 3396 sapientia:
841 3335 895 3382 et
943 3325 1271 3397 integritatis
1298 3327 1512 3383 laudem
1571 3342 1877 3383 commacu-

308 3417 461 3472 laret.
494 3417 810 3486 Composito
837 3419 976 3473 hunc
997 3419 1048 3471 in
1090 3419 1305 3473 modum
1335 3419 1566 3474 civitatis
1587 3428 1750 3484 statu,
1771 3433 1878 3489 quo

302 3508 414 3577 jam
441 3508 685 3564 Bononia
717 3524 786 3562 xx
819 3523 962 3564 anno
993 3507 1222 3564 feliciter
1247 3509 1396 3572 vixit,
1422 3516 1491 3574 et_
1513 3509 1703 3563 nititur
1722 3523 1880 3579 gym-

307 3599 520 3654 nasium
555 3601 1010 3664 vetustissimum,
1059 3600 1384 3670 negligentia
1423 3610 1478 3655 et
1526 3601 1880 3657 seditionibus

306 3692 508 3769 civium
544 3705 680 3760 pene
730 3691 1102 3746 intermissum
1142 3701 1197 3745 et
1226 3691 1543 3761 collapsum,
1569 3706 1674 3745 non
1719 3692 1880 3746 modo

304 3786 574 3849 aedificiis,
597 3801 777 3840 verum
796 3787 956 3840 etiam
985 3786 1244 3841 institutis
1261 3795 1315 3841 et
1335 3787 1646 3844 melioribus
1667 3787 1879 3844 salariis

305 3877 615 3931 instaurare
653 3890 717 3930 ac
755 3876 1015 3941 restituit,
1067 3876 1371 3940 conductis,
1404 3879 1650 3945 quamvis
1688 3879 1874 3948 grandi

307 3968 502 4035 pretio,
520 3967 1230 4037 liberaliumg'disciplinarttm
1252 3969 1584 4024 doctoribus.
1600 3969 1877 4024 Excitabat

308 4059 684 4113 adolescentes
714 4058 780 4113 ad
803 4061 977 4114 studia
1009 4061 1272 4114 bonarum
1324 4061 1544 4125 artium,
1596 4061 1875 4130 proposita

308 4151 511 4219 pmrnii
567 4160 733 4219 atque
773 4151 994 4206 honoris
1031 4165 1160 4221 spe:
1217 4151 1415 4207 multos
1460 4151 1529 4206 ob
1569 4152 1800 4221 inopiam
1846 4166 1875 4204 a

307 4242 499 4298 studiis
553 4243 860 4298 defecturos
911 4242 1236 4298 liberalitate
1271 4251 1327 4297 et
1381 4245 1747 4298 munificentia
1780 4259 1876 4299 sua

302 4334 439 4401 juvit
462 4345 518 4388 et
553 4334 805 4390 instituto
851 4336 1136 4390 continuit.
1187 4334 1325 4401 Quid
1352 4337 1502 4405 plura
1532 4335 1599 4390 de
1629 4336 1879 4406 amplitu-

308 4425 435 4480 dine
479 4425 640 4494 hujus
670 4427 857 4495 optimi
904 4426 1078 4480 Patris
1105 4427 1301 4492 dicam,
1365 4425 1642 4493 Quirites?
1703 4427 1873 4494 Quam

304 4517 466 4585 juste,
519 4535 681 4588 quant
723 4519 1036 4588 prudenter,
1067 4536 1226 4588 quam
1281 4520 1574 4575 clementer
1607 4521 1873 4574 coloniam

310 4620 547 4664 vestram
613 4610 1006 4666 Bononiensem
1045 4613 1458 4682 gubernaverit,
1511 4613 1765 4678 erexerit,
1823 4614 1874 4666 in

310 4722 437 4774 pace
464 4705 768 4767 retinuerit,
784 4719 852 4759 ex
876 4704 978 4758 hoc
999 4704 1320 4772 deprehendi
1340 4705 1672 4774 potestquod
1691 4712 1877 4773 postea

308 4816 455 4854 more
480 4799 744 4868 majorum
770 4795 1191 4852 Bononiensium
1227 4806 1484 4865 patronus
1532 4797 1670 4865 apud
1703 4801 1882 4865 ponti.

311 4888 435 4944 rues
490 4903 708 4958 semper
747 4887 1111 4942 esthabitus.
1171 4887 1316 4942 Illius
1367 4889 1510 4942 enim
1558 4888 1721 4958 legati
1775 4891 1881 4946 huc

311 4981 582 5034 venientes
607 4981 753 5034 hunc
779 4979 1050 5032 hominem
1081 4986 1207 5031 ante
1238 4993 1429 5033 omnes
1471 4978 1694 5045 adeunt,
1731 4980 1878 5035 salu-

310 5084 442 5135 tant,
487 5071 801 5137 consulunt,
835 5071 1147 5127 consultum
1193 5072 1546 5133 cemitantur,
1597 5072 1876 5140 reducunt,

309 5166 446 5233 quod
503 5173 589 5220 est
635 5164 885 5219 maximae
931 5163 1253 5233 integritatis
1309 5175 1365 5217 et
1413 5165 1758 5219 continentia:
1799 5166 1877 5219 si-

375 5350 444 5403 At
493 5347 802 5415 Bcssarion,
849 5355 1072 5402 mortuo
1100 5345 1324 5403 Nicolao
1358 5348 1422 5412 V,
1462 5363 1584 5404 cum
1619 5349 1672 5403 in
1701 5349 1877 5405 locum

308 5441 423 5507 eius
450 5439 626 5495 sufﬁci
673 5441 904 5496 alterum
955 5439 1264 5509 pontificem
1316 5455 1543 5496 necesse
1574 5451 1738 5508 esset,
1771 5441 1881 5497 Ro-

310 5551 446 5588 mam
474 5533 719 5600 veniens,
753 5533 1173 5605 lacrymantibus
1197 5531 1624 5589 Bononiensibus
1648 5535 1802 5603 quasi
1846 5549 1877 5589 a

311 5637 459 5693 patre
515 5627 813 5690 destitutis,
870 5625 1130 5680 conclave
1184 5639 1480 5694 ingressus,
1519 5628 1875 5694 quorumdam

313 5715 554 5784 Patrum,
588 5727 642 5770 et
679 5717 1026 5786 cptimoruut,
1060 5715 1318 5786 suffragio
1353 5716 1591 5786 pontifex
1622 5717 1871 5788 dcsignth

1987 405 2388 470 tnr.Quantnm
2426 421 2550 460 vero
2572 405 2716 462 adsit
2746 403 2994 459 maximis
3033 402 3244 474 imperii
3267 403 3558 473 provinciis

1983 503 2037 546 et
2099 494 2413 550 civitatibus
2473 496 2612 551 livor
2646 504 2808 565 atque
2867 495 3110 561 invidia,
3165 496 3554 564 comprehendi

1983 595 2133 639 certe
2163 585 2266 640 hoc
2303 585 2420 641 loco
2445 596 2641 655 potest.
2687 587 2912 653 Quidam
2947 585 3089 640 enim
3125 585 3306 639 statim
3340 585 3544 640 suborti

1983 687 2105 730 sunt
2124 677 2270 732 leves
2289 685 2342 733 et
2360 679 2662 748 voluptuosi
2688 681 2803 748 qui,
2826 677 3164 733 Bessarionis
3188 677 3555 745 integritatem

1983 776 2036 821 et
2073 770 2389 825 modestiam
2415 771 2592 834 veriti,
2643 771 2886 824 dicerent
2937 768 3190 839 suffragia
3244 768 3376 823 vitio
3422 768 3556 823 inita

1983 859 2162 914 denuo
2195 861 2477 929 repetenda
2509 876 2650 915 esse.
2687 859 2802 915 Non
2830 861 3044 916 obstitit
3063 861 3144 914 vir
3162 863 3397 931 optimus
3418 875 3558 930 quo-

1985 951 2163 1006 minus
2196 952 2246 1006 id
2277 952 2451 1018 fieret,
2479 953 2820 1018 existimans,
2850 953 2990 1018 quod
3019 968 3201 1007 verum
3234 962 3338 1020 est,
3373 953 3558 1020 ponti-

1986 1045 2203 1098 ficatum
2238 1059 2335 1098 sua
2364 1059 2594 1112 persona
2623 1045 2745 1114 plus
2776 1045 3017 1115 indigere
3037 1060 3199 1113 quam
3224 1061 3284 1100 se
3336 1045 3557 1114 pontifi-

1985 1144 2110 1188 catu
2168 1137 2234 1188 ad
2298 1136 2562 1205 integram
2624 1137 2876 1203 gloriam,
2909 1151 3014 1205 qua
3075 1136 3316 1205 profecto
3367 1151 3558 1192 carere

1977 1224 2089 1292 jam
2124 1240 2229 1278 non
2255 1235 2448 1292 potest.
2483 1226 2559 1280 Eo
2587 1216 2730 1280 enim
2761 1227 3188 1282 existimationis
3216 1238 3270 1282 et
3298 1228 3455 1284 fama
3478 1229 3562 1282 vir

1983 1315 2351 1383 amplissimus
2372 1316 2614 1380 devenit,
2649 1317 2870 1371 utnulla
2900 1318 2948 1372 ei
2980 1318 3207 1373 ulterius
3236 1319 3472 1388 dignitas
3489 1320 3558 1372 ad

1983 1420 2167 1460 veram
2200 1405 2511 1461 felicitatem
2544 1409 2615 1462 sit
2652 1409 2992 1476 requirenda.
3061 1408 3252 1464 Dolere
3316 1401 3566 1464 nostram

1983 1498 2155 1552 vicem
2199 1509 2253 1552 et
2304 1499 2472 1553 tntius
2528 1500 2839 1568 reipublicae
2888 1500 3233 1565 Christianae,
3267 1517 3376 1555 non
3417 1501 3555 1568 ejus,

1984 1580 2254 1644 debemus
2274 1589 2414 1658 quod
2448 1589 2538 1644 tali
2573 1592 2847 1645 caruimus
2879 1592 3150 1662 principe,
3179 1602 3233 1648 et
3263 1594 3365 1647 hac
3396 1593 3562 1661 potis-

1984 1682 2182 1735 simum
2235 1693 2557 1752 tempestate
2605 1699 2734 1754 qua,
2782 1694 2982 1752 praiter
3029 1693 3313 1740 externum
3349 1685 3559 1741 hostem

1982 1773 2078 1843 qui
2111 1775 2414 1831 cervicibus
2453 1777 2653 1832 nostris
2693 1786 2936 1831 armatus
2975 1776 3237 1831 continuo
3289 1776 3557 1841 imminet,

1983 1866 2231 1930 avaritia,
2288 1867 2480 1933 libido,
2535 1867 2868 1938 ignorantia,
2921 1867 3012 1922 Dei
3071 1876 3236 1936 atque
3288 1867 3554 1922 bonorum

1984 1959 2260 2014 hominum
2290 1968 2649 2030 contemptus,
2680 1961 2936 2016 intestina
2975 1970 3028 2016 et
3073 1961 3390 2029 gravissima
3421 1959 3560 2013 mala

1981 2065 2080 2106 nos
2109 2062 2322 2122 urgent,
2371 2053 2709 2124 opprimunt,
2748 2061 3004 2120 enecant,
3040 2053 3261 2107 nemine
3309 2051 3553 2122 juvante.

1983 2141 2094 2198 Hoc
2119 2145 2370 2214 pontifice
2409 2145 2683 2212 indigebat
2714 2147 2909 2216 religio
2942 2146 3249 2201 Christiana
3275 2184 3290 2208 ,
3321 2147 3556 2198 lacerata

1981 2250 2088 2290 non
2137 2235 2316 2290 minus
2357 2250 2386 2288 a
2439 2236 2588 2291 vitiis
2629 2247 2936 2292 nostrorum
2983 2251 3146 2305 quam
3211 2236 3279 2289 ab
3337 2244 3559 2288 externo

1983 2326 2179 2389 hoste,
2235 2335 2292 2380 ut
2337 2325 2626 2397 aliquando
2675 2327 3010 2396 respiraret;
3049 2327 3190 2379 hunc
3250 2325 3557 2391 pontificem

1984 2431 2162 2471 mores
2184 2417 2357 2471 nostri
2384 2417 2730 2486 requirebant
2755 2418 2902 2471 omni
2938 2431 3006 2472 ex
3039 2428 3189 2486 parte
3215 2414 3558 2492 labefactati;

1983 2506 2148 2575 hujus
2185 2507 2457 2574 pontificis
2507 2523 2669 2578 opera
2702 2508 3015 2577 indigebant
3056 2508 3322 2561 bonarum
3359 2508 3556 2561 artium

1983 2598 2205 2653 studiosi
2241 2608 2294 2653 et
2346 2599 2398 2653 in
2431 2599 2624 2669 quavis
2661 2600 2916 2655 facultate
2969 2600 3242 2665 industrii,
3276 2601 3365 2670 qui
3419 2615 3561 2654 nunc

1986 2697 2244 2759 tanquam
2289 2689 2501 2759 profani
2540 2699 2960 2745 contemnuntur
2991 2732 3007 2755 ,
3041 2689 3360 2759 rcjiciuntur
3384 2698 3436 2743 ct
3463 2688 3560 2744 eli-

1967 2778 2279 2836 ‘minantur.
2311 2780 2428 2837 Non
2469 2783 2673 2838 destitit
2709 2792 2884 2836 tamen
2932 2781 3242 2836 Bessariou‘
3272 2781 3559 2836 Callistum

1984 2887 2204 2929 monere
2226 2886 2280 2928 et
2309 2875 2517 2929 hortari
2545 2883 2624 2938 ut,
2650 2874 2973 2943 interposita
3002 2874 3330 2928 auctoritate
3376 2873 3560 2940 ponti-

1983 2967 2194 3025 ficatus,
2220 2967 2529 3021 smvientem
2567 2968 2776 3021 hostem
2816 2981 2844 3019 a
2897 2967 3203 3021 cervicibus
3225 2965 3562 3020 Christiano-

1982 3074 2101 3112 rum
2135 3060 2498 3128 propulsaret.
2519 3058 2596 3111 Ad
2630 3059 2730 3114 hoc
2755 3073 2970 3128 quoque
3013 3057 3211 3113 bellum
3239 3058 3560 3114 adhortatus

1983 3161 2064 3204 est
2102 3148 2482 3217 .Alphonsum,
2517 3149 2800 3218 Aragoniat
2857 3164 3059 3217 regem,
3091 3151 3218 3203 dum
3271 3165 3300 3202 a
3350 3150 3558 3205 balucis

1983 3241 2324 3306 Puteolanis,
2364 3255 2483 3308 qua:
2525 3240 2735 3294 adierat
2775 3240 3099 3294 valetudinis
3137 3255 3321 3304 causa,
3349 3238 3563 3312 Neapo-

1983 3330 2075 3384 lim
2119 3330 2503 3397 proficiscitur.
2559 3332 2640 3383 Ad
2697 3329 2958 3400 Cryptam
3009 3330 3416 3398 Neapolitanam
3467 3349 3559 3388 rex

1986 3436 2178 3490 magno
2206 3425 2459 3476 comitatu
2485 3421 2707 3475 honoris
2733 3435 2895 3475 causa
2926 3421 3230 3476 Bcssarioni
3259 3423 3316 3476 fit
3340 3424 3562 3489 obvius,

1984 3529 2241 3581 eumque,
2273 3513 2422 3567 nullo
2455 3527 2562 3566 nou
2587 3513 2860 3568 comitatis
2897 3525 2948 3568 et
2975 3513 3342 3570 heneﬁcentim
3363 3531 3560 3586 genere

1985 3604 2250 3668 adhibito,
2296 3606 2349 3660 in
2403 3606 2592 3661 urbem
2628 3606 2798 3660 ducit.
2839 3606 3138 3674 Acceptutn
3172 3608 3317 3661 laute
3345 3617 3400 3662 ct
3445 3623 3562 3660 ma-

1985 3697 2198 3767 gniﬁce,
2235 3699 2632 3767 abeuntemqne
2683 3698 2876 3751 eodem
2919 3712 3134 3768 semper
3179 3707 3234 3754 et
3265 3712 3566 3756 veneratus

1985 3800 2035 3844 et
2064 3798 2386 3857 prosecutus
2408 3797 2492 3840 est
2527 3789 2702 3840 vultu.

2045 3877 2255 3932 Mortuo
2291 3876 2483 3932 deinde
2503 3876 2752 3940 Callisto,
2777 3875 2904 3932 Pius
2930 3877 2975 3931 ll
3007 3879 3060 3932 in
3094 3879 3212 3948 ejus
3242 3879 3415 3934 locum
3442 3880 3562 3935 suf»

1983 3969 2180 4032 fectus,
2216 3975 2540 4022 conventum
2576 3965 2920 4020 Mantuanum
2943 4004 2958 4030 ,
2989 3968 3312 4024 adhortante
3365 3969 3560 4028 Bessa-

1984 4065 2158 4128 rione,
2177 4061 2507 4118 Christianis
2535 4059 2785 4114 omnibus
2811 4063 2876 4113 ad
2898 4071 3101 4115 certam
3130 4061 3269 4116 diem
3291 4064 3556 4132 decrevit,

1984 4171 2092 4226 quo
2158 4155 2397 4209 omnium
2455 4153 2758 4223 principum
2807 4162 2860 4206 et
2917 4151 3235 4221 populorum
3277 4169 3553 4210 consensu

1985 4247 2184 4302 bellum
2213 4245 2408 4302 Turcis
2439 4245 2790 4299 indiceretur.
2817 4243 3137 4299 Convenere
3184 4258 3250 4300 eo
3280 4246 3557 4317 principes

1985 4338 2137 4394 multi
2164 4348 2254 4393 aut
2282 4337 2443 4407 legati
2479 4352 2664 4406 regum
2703 4337 3143 4406 autprincipum,
3184 4353 3320 4406 quos
3360 4337 3554 4394 Bessao

1986 4433 2104 4486 rion
2129 4440 2249 4498 post
2284 4431 2436 4484 Pium
2464 4428 2774 4499 pontificem
2809 4429 2876 4484 ad
2910 4439 3113 4483 tantum
3138 4439 3189 4485 et
3217 4438 3328 4484 tam
3359 4443 3551 4485 neces-

1983 4527 2189 4580 sarium
2225 4523 2420 4577 bellum
2452 4521 2686 4591 eleganti
2717 4520 2994 4582 oratione,
3023 4537 3183 4590 quam
3215 4524 3270 4578 in
3301 4520 3562 4579 manibus

1986 4617 2270 4681 habemus,
2305 4613 2624 4667 adhortatus
2671 4621 2775 4667 est.
2809 4612 2879 4667 At
2911 4628 3036 4667 vero
3079 4629 3201 4668 cum
3240 4614 3365 4669 huic
3406 4626 3561 4670 tanto

1983 4706 2265 4777 apparatui
2317 4705 2717 4760 Germanorum
2772 4704 3077 4774 principum
3130 4705 3268 4760 inter
3311 4721 3370 4760 se
3415 4706 3564 4761 bella

1983 4803 2284 4863 obstarent,
2315 4813 2379 4852 eo
2410 4798 2627 4852 mittere
2653 4795 2784 4852 Pius
2815 4796 3194 4853 Bessariouem
3225 4800 3398 4854 virum
3427 4814 3558 4869 gr.»-

1986 4894 2264 4948 vissimum
2292 4891 2525 4960 legatum
2555 4890 2806 4953 instituit,
2838 4891 2949 4958 qui,
2985 4890 3144 4946 rebus
3181 4891 3234 4944 in
3264 4890 3568 4947 Germanias

1983 4983 2323 5052 compositis,
2369 4981 2750 5050 imperatorem
2792 4980 3128 5038 Fridericum
3172 4997 3238 5038 ac
3299 4978 3551 5053 reliquos

1987 5079 2256 5150 principes
2284 5077 2352 5130 ad
2402 5074 2597 5128 bellum
2625 5073 2818 5130 Turcis
2849 5076 3106 5129 indictum
3149 5077 3558 5131 adhortaretur.

1987 5169 2148 5224 Vadit
2177 5168 2260 5222 vir
2290 5167 2547 5235 optimus,
2577 5166 2702 5220 licet
2723 5165 3148 5236 valetudinarius
3168 5176 3222 5221 et
3257 5166 3436 5221 hieme
3470 5165 3554 5221 in-

1983 5269 2181 5325 stante,
2223 5275 2334 5330 quo
2384 5257 2510 5312 Pius
2568 5257 2816 5325 imperat.
2862 5253 3136 5322 Venetias,
3200 5257 3344 5314 Pado
3389 5271 3559 5312 amne

1983 5354 2217 5423 primum
2248 5351 2480 5414 delatus,
2510 5346 2708 5403 ducem
2750 5361 2814 5400 ac
2849 5354 3097 5401 senatum
3135 5347 3202 5400 ad
3248 5346 3558 5416 suscipiens

1982 5445 2112 5500 dum
2167 5452 2376 5497 tantum
2434 5439 2632 5496 bellum
2687 5439 3027 5503 adhortatus,
3087 5437 3140 5492 in
3202 5437 3557 5495 Germaniam

1980 5537 2213 5591 honesto
2272 5531 2442 5602 magis
2479 5545 2638 5599 quam
2689 5527 2838 5582 lauto
2894 5536 2949 5582 et
2995 5525 3228 5596 eleganti
3284 5529 3559 5584 comitatu

1982 5627 2145 5682 ﬂectit
2175 5625 2300 5680 iter.
2333 5622 2600 5678 vaicbat
2625 5628 2736 5673 tum
2770 5617 2977 5682 hiems,
2998 5617 3290 5673 Februario
3341 5633 3545 5687 mense,

1990 5723 2044 5776 in
2073 5717 2355 5775 Germania
2388 5713 2742 5786 potissimum,
2762 5726 2881 5780 qua:
2905 5712 3050 5780 regio
3073 5711 3420 5782 frigidissima
3445 5721 3544 5768 est.
