3990 6218
395 293 483 337 ειν
1719 281 1929 342 BAPT.
1976 279 2322 341 PLATlN/E

396 398 636 452 Vexatus
673 395 855 468 itaque
889 412 1010 453 cum
1044 399 1240 461 ventis,
1273 406 1384 452 tum
1431 396 1712 459 imbribus,
1744 407 1853 449 tum
1885 396 1967 450 ni-

395 491 551 546 vibus
581 505 748 560 prope
769 491 1066 547 continuis.
1100 491 1305 543 nullum
1343 490 1482 543 diem
1519 489 1814 544 intermisit
1856 502 1966 557 quo

395 583 626 638 ulterius
659 599 762 636 non
807 583 1279 651 proﬁcisceretur;
1313 590 1366 635 et
1404 595 1530 634 cum
1563 592 1710 636 stare
1743 579 1966 650 pedibus

393 673 516 743 equi
545 688 653 742 pra:
676 673 845 740 glacie
881 674 966 725 vix
996 681 1234 740 possent,
1265 672 1511 726 vehiculo
1547 671 1962 734 Germanorum,

395 769 537 835 quod
567 772 776 820 traham
817 780 1090 832 vocamus,
1124 780 1227 820 non
1254 774 1456 829 vectus.
1502 765 1594 820 sed
1627 775 1834 820 tractus
1861 773 1962 820 est.

396 857 636 914 Tandem
662 872 808 922 vero,
828 865 947 927 post
969 857 1180 911 labores
1199 858 1528 927 propeioﬁnt‘
1536 866 1636 922 tos,
1653 855 1964 911 Norimber-

397 965 517 1016 gam
551 949 718 1009 venit,
753 946 965 1000 obviam
989 947 1288 1014 prodeunte
1313 945 1731 999 honOratissimo
1751 958 1966 1013 quoque

395 1043 538 1102 cive,
588 1037 974 1108 prodeuntibus
1005 1038 1274 1107 episcOpis
1306 1045 1360 1090 et
1399 1045 1509 1092 toto
1562 1037 1728 1090 clero.
1763 1034 1962 1090 Urbem

395 1134 695 1202 ingressus,
727 1131 922 1185 litteris
953 1131 1135 1184 statim
1186 1145 1248 1184 ac
1287 1128 1493 1183 nuntiis
1526 1128 1796 1198 principes
1827 1126 1962 1181 Ger-

396 1222 588 1277 maniae
609 1225 674 1276 ad
707 1237 770 1276 se
801 1230 982 1286 vocat,
1011 1221 1264 1290 populum
1302 1235 1518 1289 quoque
1550 1218 1964 1286 Norimbergen-

395 1330 507 1368 sem
540 1327 597 1367 ut
636 1315 774 1368 idem
805 1315 970 1368 faciat
1003 1313 1156 1383 longa
1202 1329 1267 1368 ac
1310 1313 1458 1382 gravi
1487 1311 1733 1365 oratione
1766 1310 1965 1364 adhor-

397 1416 418 1457 t
437 1415 578 1466 itur;
606 1405 654 1458 id
681 1406 816 1460 velle
847 1406 1009 1458 Deum
1036 1404 1159 1473 Opt.
1196 1403 1361 1465 Max.,
1389 1403 1439 1456 id
1459 1401 1612 1456 Pium
1629 1402 1962 1470 pontiﬁcem,

398 1499 450 1550 id
481 1511 567 1551 res
584 1496 877 1551 Christiani
901 1497 1076 1566 populi
1109 1496 1334 1550 afﬂictas
1361 1510 1528 1564 prope
1551 1509 1616 1548 ac
1633 1494 1961 1563 proﬂigatas.

399 1590 774 1657 Supervenere
808 1597 989 1641 autem
1033 1603 1136 1641 non
1173 1589 1241 1640 ita
1276 1586 1443 1639 multo
1474 1595 1612 1653 post,
1640 1575 1964 1639 auctoritate

395 1681 540 1736 sedis
557 1679 865 1750 apostolica:
890 1688 944 1733 et
980 1679 1111 1731 tanti
1140 1678 1240 1732 viri
1273 1676 1411 1730 fama
1440 1677 1668 1746 permoti
1693 1673 1968 1745 principes

399 1772 548 1827 multi
583 1772 664 1827 vel
721 1771 1026 1842 principum
1054 1779 1335 1836 oratores;
1399 1771 1496 1824 hos
1523 1769 1690 1834 enim,
1732 1769 1788 1823 in
1836 1784 1966 1824 con-

395 1869 556 1918 tentu
589 1861 772 1916 audita
803 1860 1295 1915 controversiarum
1347 1874 1531 1923 causa,
1563 1861 1649 1914 ad.
1677 1873 1862 1929 pacem
1911 1868 1966 1912 et

395 1952 738 2008 concordiam
777 1952 956 2006 multis
985 1965 1048 2006 ac
1104 1951 1350 2006 maximis
1381 1950 1676 2006 rationibus
1705 1963 1966 2004 revocare

395 2059 770 2114 saepenumero
797 2053 1023 2099 conatus
1060 2054 1163 2098 est.
1191 2042 1329 2109 Quid
1365 2057 1470 2096 non
1506 2042 1784 2111 cogitavit,
1838 2041 1964 2110 quid

397 2154 503 2192 non
535 2138 664 2207 egit,
699 2135 828 2206 quid
874 2152 976 2190 non
1018 2137 1153 2191 dixit
1208 2135 1512 2200 Bessarion,
1547 2133 1782 2200 Quirites
1807 2173 1822 2194 ,
1855 2147 1965 2202 quo

396 2247 582 2301 paceni
607 2231 748 2282 inter
766 2228 1090 2284 dissidentes
1125 2226 1519 2297 compoaeret?
1554 2226 1790 2280 Aderant
1819 2227 1965 2295 prin-

395 2337 543 2389 ctpes
570 2321 747 2382 multi,
773 2320 963 2372 aderat
994 2317 1288 2372 cardinalis
1324 2317 1701 2385 Aogustensis,
1737 2317 1963 2370 aderant

395 2415 628 2488 episcopi
665 2414 900 2492 quidam,
943 2413 1126 2466 aderat
1165 2409 1438 2473 Albertus,
1473 2407 1963 2476 Braudiburgensis

397 2508 656 2569 marchio,
719 2506 944 2560 aderant
975 2504 1130 2573 legati
1163 2501 1422 2573 Bajoaria:
1473 2499 1649 2555 ducis.
1685 2497 1792 2552 Hos
1827 2501 1960 2554 duos

395 2600 663 2669 principes
719 2599 858 2651 inter
906 2611 966 2651 se
1021 2597 1258 2651 maxime
1290 2595 1612 2650 dissidentes
1641 2595 1764 2648 odio
1793 2608 1961 2663 prope

395 2691 654 2760 ingenito,
681 2699 736 2744 et
762 2703 982 2745 monere
1002 2699 1055 2743 et
1089 2704 1279 2759 rogare
1305 2696 1359 2742 et
1392 2689 1681 2742 obsecrare
1711 2688 1794 2740 vir
1823 2687 1962 2756 opti-

396 2797 517 2837 ntus
567 2795 672 2833 non
715 2780 1018 2845 desinebat,
1068 2779 1286 2840 copiosa
1319 2786 1374 2831 ct
1417 2777 1563 2846 gravi
1594 2777 1839 2831 oratione
1895 2777 1961 2828 de

395 2887 527 2940 pace
593 2869 796 2933 habita,
857 2882 1016 2936 quam
1071 2866 1228 2936 paulo
1259 2879 1385 2919 an'e
1425 2879 1546 2919 cum
1601 2863 1958 2917 admiratione

395 2964 646 3035 legimus,
677 2973 758 3027 ut,
789 2960 1044 3030 depositis
1071 2958 1438 3014 simultatibus
1471 2967 1524 3011 et
1545 2955 1707 3020 odiis,
1732 2956 1797 3009 de
1819 2953 1959 3010 bello

393 3058 588 3112 Turcis
615 3054 895 3110 inferendo
930 3069 1033 3107 una
1085 3068 1204 3107 cum
1241 3050 1496 3122 pontiﬁce
1533 3057 1586 3102 et
1636 3048 1962 3118 imperatore

393 3149 716 3218 cogitarent.
747 3146 884 3201 Ecce
904 3145 1030 3199 dum
1054 3145 1106 3199 in
1145 3142 1541 3198 consultatione
1579 3149 1787 3205 essent,
1818 3139 1960 3199 litte-

393 3258 466 3295 ra:
491 3241 539 3294 ei
577 3257 606 3294 a
647 3241 824 3310 legato
849 3235 1164 3302 Pannoniae,
1200 3234 1258 3288 S.
1288 3233 1480 3303 Angeli
1508 3231 1788 3297 cardinali,
1834 3231 1958 3284 red-

393 3336 592 3386 duntur
613 3332 810 3400 quibus
837 3329 893 3384 lit
918 3329 1122 3384 certior
1145 3335 1435 3398 pugnatum
1460 3339 1582 3380 cum
1602 3323 1795 3378 Turcis
1815 3336 1956 3388 esse,

389 3437 442 3479 et
477 3422 777 3477 Pannonios
809 3419 958 3492 gravi
991 3417 1183 3490 prtelio
1208 3424 1493 3487 superatos
1533 3413 1784 3478 cessisse,
1817 3411 1959 3491 peri-

390 3516 675 3583 culumque
707 3513 991 3568 imminere
1021 3526 1092 3566 ne
1137 3509 1343 3574 hostes,
1376 3505 1602 3562 victoria
1631 3503 1781 3568 elati,
1805 3504 1959 3574 longe

391 3625 453 3664 ac
484 3609 588 3662 late
634 3607 813 3662 omnia
845 3613 1129 3676 occupent,
1167 3610 1383 3657 vastent
1415 3609 1470 3656 et
1507 3597 1788 3668 diripiant.
1817 3596 1954 3650 Tum

392 3697 677 3751 Bessariou
720 3694 1172 3766 lacrymabuudus
1205 3707 1268 3746 ac
1299 3692 1466 3745 vicem
1489 3688 1815 3746 Christiana:
1852 3687 1957 3742 rei-

391 3788 620 3858 publica:
640 3802 876 3858 gemens,
894 3785 1126 3840 breviter
1145 3783 1326 3839 clades
1343 3797 1528 3838 omnes
1545 3780 1749 3836 nostris
1777 3779 1958 3836 illatas

389 3887 802 3944 commemorat,
831 3877 1121 3932 imminens
1156 3873 1452 3946 periculum
1480 3873 1739 3938 ostendit,
1767 3884 1953 3940 pacem

387 3985 435 4024 ct
469 3971 810 4026 concordiam
840 3967 1112 4038 proponit,
1141 3982 1248 4036 quo
1283 3966 1510 4022 liberius
1545 3975 1600 4019 et
1628 3965 1796 4018 tutius
1823 3977 1958 4016 con-

383 4063 584 4132 junctis
632 4051 796 4116 armis
849 4070 902 4117 et
931 4059 1101 4129 copiis
1153 4059 1232 4113 ire
1271 4059 1322 4110 in
1378 4059 1583 4112 hostem
1635 4055 1869 4110 ferocem
1903 4062 1957 4108 et

391 4155 592 4211 recenti
653 4153 872 4209 victoria
925 4153 1284 4207 exsultantem
1340 4149 1516 4205 liceat.
1582 4147 1714 4204 Cum
1771 4156 1953 4200 autem

387 4248 753 4317 Norimbcrga:
806 4246 877 4300 nil
931 4247 1047 4302 ﬁeri
1089 4246 1385 4306 videretur,
1415 4247 1555 4313 quod
1620 4257 1684 4298 eo
1735 4248 1958 4310 propter

386 4341 696 4396 distantiam
723 4341 989 4410 proﬁcisci
1010 4339 1254 4393 Rbenani
1277 4337 1549 4407 principes
1577 4344 1951 4406 gravarentur,

387 4433 622 4489 maxime
650 4445 778 4487 vero
798 4431 1071 4502 palatinos
1091 4443 1297 4496 comes,
1317 4428 1610 4483 transferre
1627 4435 1952 4479 conventmu

386 4527 744 4580 Wormatiam
783 4526 990 4595 legatus
1034 4524 1292 4588 instituit,
1330 4538 1396 4576 ne
1430 4521 1721 4591 quicquam
1766 4509 1955 4573 inten-

384 4627 554 4673 t-ttum
579 4617 908 4685 relinqueret
933 4614 1074 4684 quod
1100 4615 1161 4668 ad
1187 4611 1456 4668 sedandas
1487 4610 1609 4664 lites
1637 4609 1950 4678 pertineret.

387 4685 616 4764 ventum
653 4718 734 4762 est
763 4707 979 4761 tandem
1019 4715 1143 4776 post
1188 4703 1348 4757 multa
1385 4712 1440 4756 et
1465 4699 1782 4771 gravissima
1813 4697 1952 4767 peri-

383 4806 505 4861 cula
527 4802 918 4866 Wormatiam;
947 4815 1120 4870 neque
1141 4799 1284 4852 enim
1302 4812 1591 4866 peragrare
1607 4794 1952 4849 Germaniam

386 4897 502 4951 sine
528 4893 778 4964 praesidio
820 4892 1036 4946 militari
1069 4891 1214 4952 licet,
1251 4890 1394 4958 quod
1426 4887 1567 4958 apud
1603 4902 1695 4942 eos
1722 4889 1950 4954 (tantum

386 4990 526 5044 valet
574 4985 987 5053 consuetudol)
1048 4984 1246 5052 rapina:
1281 4993 1335 5038 et
1387 4981 1663 5036 latrocinia
1693 4979 1952 5048 quodam-

389 5082 545 5134 modo
573 5093 829 5134 concessa
861 5077 1127 5132 videntur.
1149 5077 1445 5143 Susceptus
1473 5073 1701 5140 benigne
1740 5087 1767 5122 a
1795 5068 1954 5122 Wor-

388 5173 730 5227 tnacensibus
751 5171 1036 5237 Bessarion
1079 5171 1287 5240 legatos
1313 5175 1427 5221 tum
1457 5165 1814 5235 imperatoris,
1841 5172 1951 5214 tum

387 5265 617 5319 aliorum
644 5265 949 5334 principum
999 5265 1066 5318 ad
1097 5279 1156 5318 se
1183 5268 1363 5324 vocat,
1401 5259 1542 5328 quod
1586 5259 1657 5312 sit
1685 5256 1950 5324 agendum

387 5358 657 5428 preponit.
691 5355 1052 5425 Disceptatur,
1083 5371 1183 5410 nec
1240 5352 1406 5409 semel
1450 5361 1682 5412 tantum,
1722 5344 1815 5401 sed
1850 5344 1952 5398 ite-

385 5463 508 5503 rum
528 5463 594 5503 ac
615 5447 795 5503 tertio.
821 5447 987 5502 Mittit
1017 5449 1301 5516 episcopos
1334 5443 1480 5498 viros
1515 5440 1865 5510 gravissimos
1897 5443 1954 5488 et

381 5540 621 5614 optimos
649 5554 784 5610 quos
823 5555 1004 5596 secum
1039 5539 1272 5593 habebat
1309 5538 1375 5590 ad
1417 5534 1623 5589 vicinos
1651 5528 1944 5598 principes,

3534 300 3640 340 CXII

2073 412 2140 451 ne
2171 397 2298 466 quid
2361 397 2706 450 omitteretur
2731 396 2874 466 quod
2921 397 2990 452 ad
3031 400 3377 454 concordiam
3417 401 3643 458 faceret.

2074 488 2176 544 Ubi
2210 500 2388 543 autem
2433 489 2566 543 nihil
2608 489 2722 543 ﬁeri
2759 497 2906 543 tanta
2941 489 3303 546 sollicitudine
3343 492 3639 557 videretur,

2071 581 2358 643 monendo,
2407 581 2646 650 rogando
2688 581 3170 651 obsecrandoque,
3211 582 3470 638 Viennam
3512 600 3640 654 pro-

2070 672 2235 728 ﬁcisci
2268 673 2333 727 ad
2371 673 2750 743 imperatorem
2792 672 3046 741 instituit,
3091 688 3283 729 omnes
3317 677 3639 731 adhortatus

2069 772 2126 816 ut
2169 778 2233 816 eo
2285 777 2344 816 se
2403 777 2635 833 propere
2685 763 3013 827 conferrent,
3065 763 3356 819 arbitratus
3411 765 3639 820 Caesaris

2068 853 2352 922 praesentia
2389 860 2443 906 et
2480 854 2803 908 auctoritate
2848 868 2962 908 rem
2991 863 3230 924 Optatam
3275 871 3336 910 ex
3365 859 3635 910 sententia

2068 945 2258 999 conﬁci
2288 959 2466 1012 posse.
2501 945 2710 1014 Magnis
2746 946 2959 1014 quidem
2991 955 3155 1014 atque
3189 949 3395 1017 asperis
3429 948 3642 1002 itineri-

2069 1037 2170 1092 bus
2190 1052 2256 1092 eo
2293 1037 2506 1092 tandem
2537 1049 2756 1092 ventum
2802 1044 2906 1092 est.
2945 1038 3032 1092 Fit
3078 1039 3291 1093 obviam
3333 1038 3636 1093 BcsSarioni

2069 1129 2365 1198 imperator
2395 1131 2458 1181 ad
2487 1129 2632 1184 mille
2660 1145 2874 1199 passus,
2905 1145 3137 1199 eumque
3169 1131 3316 1184 nullo
3343 1147 3447 1185 non
3483 1133 3638 1184 adbi-

2069 1221 2181 1275 bito
2211 1221 2436 1277 honoris
2468 1237 2666 1294 genere
2703 1223 2759 1276 in
2809 1223 2996 1277 urbem
3033 1223 3368 1276 ducit.‘Data
3405 1233 3486 1277 est
3519 1233 3636 1275 tan-

2070 1315 2349 1368 tummodo
2383 1314 2497 1370 dies
2528 1315 2698 1382 quieti
2732 1331 2748 1380 ;
2779 1323 2995 1384 postera
3025 1329 3156 1367 vero
3175 1328 3298 1368 cum
3333 1314 3538 1383 legatus
3570 1315 3634 1365 ad

2069 1406 2473 1475 imperatorem,
2504 1413 2695 1460 contra
2741 1409 3040 1475 imperator
3082 1407 3146 1459 ad
3197 1405 3425 1471 legatum
3473 1407 3637 1474 proti-

2068 1498 2201 1553 cisci
2244 1498 2463 1552 honoris
2500 1513 2658 1552 causa
2688 1499 3058 1560 contenderet,
3089 1497 3311 1565 pervicit
3341 1498 3637 1564 imperator

2066 1591 2132 1644 ad
2175 1589 2549 1644 Bessariouem
2586 1603 2836 1660 pergens,
2868 1604 3100 1658 quocum
3149 1599 3201 1652 et
3232 1589 3297 1643 de
3329 1603 3458 1658 pace
3486 1604 3634 1643 com-

2069 1683 2317 1751 ponenda
2371 1683 2514 1737 inter
2559 1683 2863 1736 Germania:
2931 1682 3209 1751 principes
3272 1691 3327 1734 et
3378 1681 3446 1734 de
3495 1679 3634 1735 bello

2067 1774 2262 1830 Turcis
2291 1775 2571 1830 inferendo
2604 1774 2956 1845 longissimus
2984 1784 3038 1829 et
3069 1775 3426 1844 gravissimus
3457 1787 3636 1827 sermo

2065 1875 2148 1920 est
2179 1865 2415 1921 habitus.
2461 1865 2595 1919 Cum
2645 1865 2829 1934 itaque
2859 1865 3130 1935 principes
3156 1872 3208 1918 et
3239 1865 3398 1934 legati
3440 1863 3636 1918 multo-

2068 1973 2182 2012 rum
2228 1957 2521 2020 venissent,
2578 1958 2642 2010 de
2685 1957 2986 2026 eademque
3035 1971 3093 2010 re
3139 1971 3300 2026 quam
3337 1955 3636 2025 saepissime

2066 2050 2210 2105 omni
2261 2057 2455 2102 conatu
2499 2049 2699 2101 frustra
2758 2057 3047 2102 tractaturo
3105 2055 3294 2111 esset,
3353 2047 3636 2117 proposito

2068 2139 2237 2210 ipsius
2295 2140 2585 2208 provinciae
2631 2141 2996 2195 emolumento
3045 2149 3100 2194 et
3154 2140 3360 2193 honore
3391 2179 3406 2203 ,
3460 2139 3636 2193 redire

2065 2231 2280 2284 laudent
2319 2233 2376 2285 in
2409 2231 2619 2285 italiam
2663 2232 2839 2287 lucem
2889 2232 3266 2287 felicissimam
3305 2232 3380 2303 (l')
3429 2231 3634 2299 legatus

2065 2319 2318 2382 instituit,
2381 2336 2446 2373 ne
2484 2321 2685 2376 frustra
2718 2330 2774 2374 et
2823 2332 3031 2390 tempus
3062 2331 3116 2377 et
3148 2337 3343 2390 corpus
3377 2321 3636 2376 valetudi-

2066 2413 2277 2467 narium
2301 2411 2594 2481 frigoribus
2628 2414 2884 2468 etlabore
2915 2415 3168 2469 itinerum
3201 2429 3264 2467 ac
3283 2415 3439 2469 taedio
3469 2415 3634 2468 animi

2062 2516 2426 2560 consumeret.
2467 2507 2611 2560 Inter
2630 2518 2844 2561 exteras
2874 2516 3081 2576 gentes,
3116 2507 3320 2562 Graecis
3360 2517 3411 2562 ct
3433 2505 3640 2561 Latinis

2065 2608 2254 2651 natura
2282 2597 2530 2660 infestas,
2568 2598 2936 2666 periclitatum
2972 2606 3053 2653 est
3079 2598 3275 2667 smpius
3310 2599 3436 2652 dum
3465 2608 3640 2652 temu-

2061 2691 2190 2746 lenti
2221 2698 2274 2746 et
2321 2691 2515 2744 armati
2556 2706 2659 2745 non
2697 2692 2874 2746 solum
2901 2692 2954 2746 in
2992 2691 3160 2761 agris,
3191 2694 3285 2747 sed
3323 2692 3372 2746 in
3417 2693 3639 2746 urbibus

2061 2795 2420 2858 grassantur;
2463 2785 2682 2842 Vienna:
2733 2797 2909 2843 autem
2949 2788 3310 2858 potissimum,
3356 2789 3445 2842 ubi
3487 2802 3639 2857 gym-

2062 2877 2250 2933 nastici
2273 2878 2466 2948 quavis
2492 2878 2705 2933 licentia
2732 2888 2784 2934 et
2813 2879 3110 2949 petulantia
3139 2888 3386 2932 utuntur.
3455 2877 3639 2933 Rediit

2063 2971 2278 3026 tandem
2315 2981 2434 3041 post
2467 2971 2745 3026 biennium
2778 2971 3028 3027 Bessario
3059 2982 3262 3038 vester,
3288 2971 3545 3038 Quirites,
3579 2981 3638 3024 ut

2060 3073 2219 3128 quem
2266 3060 2544 3115 absentem
2613 3059 2781 3116 Roma
2837 3061 3226 3126 desiderabat,
3287 3064 3535 3132 cupiebat
3586 3071 3640 3116 et

2060 3149 2202 3205 votis
2245 3151 2484 3220 optabat,
2515 3161 2832 3222 praesentem
2893 3153 3132 3223 denique
3183 3155 3505 3219 intueretur,
3547 3153 3640 3206 ad-

2063 3242 2353 3299 miraretur
2379 3255 2833 3316 venerareturque
2859 3256 2915 3300 ut
2947 3244 3202 3302 Ecclesiae
3231 3246 3486 3300 Romana:
3518 3245 3638 3298 uni-

2063 3349 2186 3390 cum
2223 3336 2470 3391 columen
2514 3347 2570 3392 et
2608 3339 2794 3407 patria:
2832 3345 3027 3393 vestrae
3060 3348 3362 3409 parentem.
3393 3336 3510 3390 Non
3543 3337 3636 3388 de-

2061 3427 2199 3480 stitit
2242 3435 2418 3481 tamen
2469 3427 2552 3481 vir
2600 3427 2840 3498 optimus
2894 3437 2948 3482 et
3000 3428 3430 3499 sapientissimus
3479 3427 3628 3480 Pium

2062 3517 2372 3586 pontiﬁcem
2431 3519 2632 3573 hortari
2675 3527 2732 3574 ut
2784 3520 3088 3590 piissimum
3129 3520 3322 3574 bellum
3360 3519 3470 3589 jam
3513 3527 3638 3571 ante

2061 3620 2248 3665 contra
2303 3609 2493 3680 impios
2539 3612 2814 3667 decretum
2867 3612 3302 3681 amplecteretur.
3380 3611 3529 3665 lianc
3567 3611 3637 3663 ob

2061 3713 2175 3754 rem
2225 3715 2348 3754 eum
2399 3699 2525 3754 Pius
2555 3700 2853 3769 Anconam,
2908 3705 3050 3756 unde
3108 3713 3356 3759 moturus
3405 3713 3548 3764 erat
3583 3704 3635 3756 in

2061 3787 2294 3854 hostem,
2325 3788 2593 3857 proﬁcisci
2645 3789 2988 3857 instituisset,
3033 3791 3213 3860 ibique
3262 3791 3487 3845 classem
3537 3808 3638 3844 tm-

2059 3879 2225 3949 dique
2240 3891 2520 3935 venturam
2553 3896 2580 3934 a
2612 3881 2936 3938 Christianis
2957 3893 3316 3954 exspectaret,
3348 3885 3632 3940 Bessariou

2040 3961 2126 4025 'ad
2168 3970 2400 4027 Venetos
2437 3987 2665 4042 propere
2698 3975 2976 4029 contendit
3017 3977 3161 4030 sedis
3213 3977 3517 4046 apostolicae
3556 3977 3637 4031 le-

2060 4072 2251 4133 gatus;
2286 4065 2440 4134 cujus
2480 4066 2777 4120 auctoritas
2811 4077 3018 4120 tantum
3053 4068 3223 4121 valuit
3266 4080 3319 4121 ut
3346 4069 3539 4124 ducem
3579 4078 3637 4124 et

2058 4166 2304 4210 Senatum
2346 4156 2412 4210 ad
2466 4156 2516 4210 id
2550 4157 2745 4211 bellum
2802 4157 3095 4226 impulerit.
3151 4158 3354 4214 Parata:
3389 4161 3636 4216 triremes

2061 4262 2089 4301 a
2127 4247 2348 4303 Venetis
2368 4259 2514 4312 sunt,
2537 4250 2644 4302 dux
2665 4249 2820 4304 classi
2864 4251 3173 4318 praeﬁcitur,
3207 4253 3424 4320 navigat
3459 4255 3635 4309 Aneo-
3676 4313 3691 4326 θ

2059 4355 2205 4404 nam,
2247 4355 2310 4395 eo
2336 4341 2619 4395 Bessarion
2657 4355 2780 4396 cum
2807 4342 3130 4396 triremisua
3155 4344 3396 4412 impensa
3430 4357 3631 4400 structa

2059 4442 2114 4485 et
2143 4443 2350 4486 armata
2377 4434 2678 4487 contendit.

2130 4525 2198 4578 At
2231 4539 2359 4579 vero
2403 4526 2453 4577 in
2493 4533 2641 4577 tanto
2683 4532 2941 4592 apparatur
2983 4522 3076 4578 Pio
3106 4525 3358 4593 pontiﬁce
3395 4539 3633 4591 mortuo,

2057 4629 2179 4669 cum
2222 4629 2413 4669 omnes
2451 4613 2652 4682 passim
2685 4614 3080 4680 dilaberentur,
3115 4618 3228 4686 ipse
3262 4633 3481 4684 quoque
3523 4617 3629 4672 lio-

2057 4722 2197 4761 mam
2249 4707 2313 4760 ad
2363 4707 2594 4760 incunda
2637 4721 2733 4773 pro
2765 4721 2902 4761 novo
2937 4711 3190 4776 pontiﬁce
3241 4713 3495 4779 suffragia
3551 4728 3634 4763 re-

2054 4799 2320 4865 vertitur;
2361 4814 2466 4866 quo
2491 4807 2694 4861 creato,
2724 4813 2844 4851 cum
2877 4801 3060 4853 omnia
3091 4803 3157 4855 ad
3197 4804 3368 4856 otium
3407 4815 3629 4873 specta-

2054 4901 2194 4953 rent,
2226 4891 2440 4960 ingenio
2474 4905 2571 4944 suo
2599 4899 2650 4942 et
2680 4890 2924 4943 doctrina
2963 4893 3153 4958 fletus,
3183 4898 3434 4964 quicquid
3468 4899 3560 4949 otii
3600 4912 3628 4949 a

2053 4983 2216 5036 rebus
2254 4969 2490 5048 ‘publicis
2542 4981 2805 5040 dabatur,
2860 4990 3028 5036 totum
3083 4985 3134 5038 id
3181 4984 3244 5038 ad
3281 4985 3623 5040 scribendum

2053 5072 2280 5128 contulit
2311 5072 2471 5126 homo
2495 5072 2734 5125 omnium
2761 5072 3170 5130 solertissimus.
3195 5075 3328 5129 Cum
3365 5079 3627 5145 prodesse

2054 5178 2236 5216 coram
2286 5163 2476 5218 amicis
2506 5175 2598 5215 aut
2650 5164 3076 5231 periclitantibus
3125 5181 3230 5220 non
3284 5177 3484 5236 posset,
3529 5185 3626 5223 eos

2051 5256 2248 5311 litteris
2279 5258 2490 5326 pietatis
2513 5267 2563 5312 et
2590 5256 2943 5318 hu‘ntanitatis
2969 5260 3142 5329 plenis
3164 5264 3466 5326 admonuit,
3493 5279 3626 5317 eru—

2053 5350 2169 5413 diit,
2203 5349 2487 5413 deterruit,
2513 5349 2578 5402 ad
2607 5349 2861 5420 oﬂicium,
2885 5355 2932 5407 si
2957 5369 3062 5422 qua
3096 5354 3149 5408 in
3176 5370 3232 5410 re
3261 5356 3624 5428 deliquerunt,

2054 5441 2346 5495 revocavit.
2388 5443 2590 5496 Harum
2638 5454 2817 5499 exstat
2861 5461 3118 5503 numerus
3166 5464 3330 5518 prope
3377 5448 3625 5506 inﬁnitus

2055 5543 2165 5587 tum
2197 5533 2403 5600 Graece,
2450 5542 2564 5590 tum
2595 5533 2784 5594 Latine
2821 5540 3168 5610 scriptarum.
3231 5541 3370 5598 Duas
3403 5542 3634 5612 scripsit

454 5734 529 5803 (ί)
568 5730 739 5791 Verba
767 5733 928 5788 lucem
966 5733 1329 5802 felicissimum
1368 5750 1470 5789 non
1504 5733 1659 5788 habet
1697 5730 1944 5785 Bzovius.
1973 5729 2250 5784 Clesscma
2282 5726 2526 5783 forsitan.
