  <div class='ocr_page' id='page_1' title='image "/cluster/home/n/w/nwhite01/storage/ocr_20150623/161/hvd.32044073502700/076.png"; bbox 0 0 3990 6218; ppageno 0'>
   <div class='ocr_carea' id='block_1_1' title="bbox 223 289 344 331">
    <p class='ocr_par' dir='ltr' id='par_1_1' title="bbox 223 289 344 331">
     <span class='ocr_line' id='line_1_1' title="bbox 223 289 344 331; baseline -0.017 0"><span class='ocrx_word' id='word_1_1' title='bbox 223 289 344 331; x_wconf 70' lang='lat' dir='ltr'><strong>CX”!</strong></span> 
     </span>
    </p>
   </div>
   <div class='ocr_carea' id='block_1_2' title="bbox 221 391 1794 467">
    <p class='ocr_par' dir='ltr' id='par_1_2' title="bbox 221 391 1794 467">
     <span class='ocr_line' id='line_1_2' title="bbox 221 391 1794 467; baseline 0.005 -24"><span class='ocrx_word' id='word_1_2' title='bbox 221 391 447 448; x_wconf 88' lang='lat' dir='ltr'><strong>duorum</strong></span> <span class='ocrx_word' id='word_1_3' title='bbox 507 392 751 449; x_wconf 86' lang='lat' dir='ltr'><strong>locorum</strong></span> <span class='ocrx_word' id='word_1_4' title='bbox 780 394 1116 452; x_wconf 88' lang='lat' dir='ltr'><strong>laudationes</strong></span> <span class='ocrx_word' id='word_1_5' title='bbox 1157 405 1211 452; x_wconf 91' lang='lat' dir='ltr'><strong>et</strong></span> <span class='ocrx_word' id='word_1_6' title='bbox 1245 398 1432 466; x_wconf 75' lang='lat' dir='ltr'><strong>patria:</strong></span> <span class='ocrx_word' id='word_1_7' title='bbox 1488 397 1794 467; x_wconf 84' lang='lat' dir='ltr'><strong>Trapezun-</strong></span> 
     </span>
    </p>
   </div>
   <div class='ocr_carea' id='block_1_3' title="bbox 220 483 1794 559">
    <p class='ocr_par' dir='ltr' id='par_1_3' title="bbox 220 483 1794 559">
     <span class='ocr_line' id='line_1_3' title="bbox 220 483 1794 559; baseline 0.004 -23"><span class='ocrx_word' id='word_1_8' title='bbox 220 487 316 537; x_wconf 80' lang='lat' dir='ltr'><strong>dos</strong></span> <span class='ocrx_word' id='word_1_9' title='bbox 349 483 467 556; x_wconf 75' lang='lat' dir='ltr'><strong>(sic)</strong></span> <span class='ocrx_word' id='word_1_10' title='bbox 501 494 556 542; x_wconf 88' lang='lat' dir='ltr'><strong>et</strong></span> <span class='ocrx_word' id='word_1_11' title='bbox 593 485 806 554; x_wconf 86' lang='lat' dir='ltr'><strong>lsrhmi,</strong></span> <span class='ocrx_word' id='word_1_12' title='bbox 837 488 970 542; x_wconf 89' lang='lat' dir='ltr'><strong>adeo</strong></span> <span class='ocrx_word' id='word_1_13' title='bbox 1006 487 1285 559; x_wconf 72' lang='lat' dir='ltr'><strong>eleganter</strong></span> <span class='ocrx_word' id='word_1_14' title='bbox 1321 497 1376 543; x_wconf 91' lang='lat' dir='ltr'><strong>et</strong></span> <span class='ocrx_word' id='word_1_15' title='bbox 1417 488 1681 552; x_wconf 89' lang='lat' dir='ltr'><strong>absolute,</strong></span> <span class='ocrx_word' id='word_1_16' title='bbox 1733 496 1794 542; x_wconf 89' lang='lat' dir='ltr'><strong>ut</strong></span> 
     </span>
    </p>
   </div>
   <div class='ocr_carea' id='block_1_4' title="bbox 225 577 1796 650">
    <p class='ocr_par' dir='ltr' id='par_1_4' title="bbox 225 577 1796 650">
     <span class='ocr_line' id='line_1_4' title="bbox 225 577 1796 650; baseline 0.002 -20"><span class='ocrx_word' id='word_1_17' title='bbox 225 577 521 645; x_wconf 61' lang='lat' dir='ltr'><strong>provincia!</strong></span> <span class='ocrx_word' id='word_1_18' title='bbox 571 579 703 650; x_wconf 72' lang='lat' dir='ltr'><strong>ipsa:</strong></span> <span class='ocrx_word' id='word_1_19' title='bbox 732 589 790 634; x_wconf 93' lang='lat' dir='ltr'><strong>et</strong></span> <span class='ocrx_word' id='word_1_20' title='bbox 839 579 1168 650; x_wconf 74' lang='lat' dir='ltr'><strong>benignitate</strong></span> <span class='ocrx_word' id='word_1_21' title='bbox 1193 581 1316 636; x_wconf 67' lang='lat' dir='ltr'><strong>caeli</strong></span> <span class='ocrx_word' id='word_1_22' title='bbox 1361 589 1416 636; x_wconf 90' lang='lat' dir='ltr'><strong>et</strong></span> <span class='ocrx_word' id='word_1_23' title='bbox 1464 581 1709 636; x_wconf 84' lang='lat' dir='ltr'><strong>ubertate</strong></span> <span class='ocrx_word' id='word_1_24' title='bbox 1741 587 1796 634; x_wconf 91' lang='lat' dir='ltr'><strong>et</strong></span> 
     </span>
    </p>
   </div>
   <div class='ocr_carea' id='block_1_5' title="bbox 223 670 1797 743">
    <p class='ocr_par' dir='ltr' id='par_1_5' title="bbox 223 670 1797 743">
     <span class='ocr_line' id='line_1_5' title="bbox 223 670 1797 743; baseline 0.004 -24"><span class='ocrx_word' id='word_1_25' title='bbox 223 670 434 739; x_wconf 83' lang='lat' dir='ltr'><strong>frugum</strong></span> <span class='ocrx_word' id='word_1_26' title='bbox 499 673 759 736; x_wconf 75' lang='lat' dir='ltr'><strong>omnium,</strong></span> <span class='ocrx_word' id='word_1_27' title='bbox 815 684 872 728; x_wconf 91' lang='lat' dir='ltr'><strong>et</strong></span> <span class='ocrx_word' id='word_1_28' title='bbox 927 673 1287 743; x_wconf 87' lang='lat' dir='ltr'><strong>portuositate</strong></span> <span class='ocrx_word' id='word_1_29' title='bbox 1329 673 1572 728; x_wconf 90' lang='lat' dir='ltr'><strong>littorum</strong></span> <span class='ocrx_word' id='word_1_30' title='bbox 1632 682 1797 739; x_wconf 86' lang='lat' dir='ltr'><strong>atque</strong></span> 
     </span>
    </p>
   </div>
   <div class='ocr_carea' id='block_1_6' title="bbox 222 763 1792 834">
    <p class='ocr_par' dir='ltr' id='par_1_6' title="bbox 222 763 1792 834">
     <span class='ocr_line' id='line_1_6' title="bbox 222 763 1792 834; baseline 0.003 -20"><span class='ocrx_word' id='word_1_31' title='bbox 222 763 502 818; x_wconf 84' lang='lat' dir='ltr'><strong>hominum</strong></span> <span class='ocrx_word' id='word_1_32' title='bbox 565 764 968 834; x_wconf 81' lang='lat' dir='ltr'><strong>ingeniosorum</strong></span> <span class='ocrx_word' id='word_1_33' title='bbox 1019 774 1074 820; x_wconf 89' lang='lat' dir='ltr'><strong>et</strong></span> <span class='ocrx_word' id='word_1_34' title='bbox 1122 765 1541 822; x_wconf 88' lang='lat' dir='ltr'><strong>fortissimorum</strong></span> <span class='ocrx_word' id='word_1_35' title='bbox 1599 765 1792 833; x_wconf 88' lang='lat' dir='ltr'><strong>copia,</strong></span> 
     </span>
    </p>
   </div>
   <div class='ocr_carea' id='block_1_7' title="bbox 222 855 1793 928">
    <p class='ocr_par' dir='ltr' id='par_1_7' title="bbox 222 855 1793 928">
     <span class='ocr_line' id='line_1_7' title="bbox 222 855 1793 928; baseline 0.003 -21"><span class='ocrx_word' id='word_1_36' title='bbox 222 855 395 909; x_wconf 78' lang='lat' dir='ltr'><strong>cuivis</strong></span> <span class='ocrx_word' id='word_1_37' title='bbox 455 857 746 926; x_wconf 62' lang='lat' dir='ltr'><strong>provincia</strong></span> <span class='ocrx_word' id='word_1_38' title='bbox 792 860 1028 913; x_wconf 89' lang='lat' dir='ltr'><strong>conferri</strong></span> <span class='ocrx_word' id='word_1_39' title='bbox 1073 873 1233 928; x_wconf 81' lang='lat' dir='ltr'><strong>posse</strong></span> <span class='ocrx_word' id='word_1_40' title='bbox 1282 859 1619 914; x_wconf 90' lang='lat' dir='ltr'><strong>viderentur.</strong></span> <span class='ocrx_word' id='word_1_41' title='bbox 1677 857 1793 912; x_wconf 83' lang='lat' dir='ltr'><strong>Non</strong></span> 
     </span>
    </p>
   </div>
   <div class='ocr_carea' id='block_1_8' title="bbox 222 948 1793 1016">
    <p class='ocr_par' dir='ltr' id='par_1_8' title="bbox 222 948 1793 1016">
     <span class='ocr_line' id='line_1_8' title="bbox 222 948 1793 1016; baseline 0.002 -17"><span class='ocrx_word' id='word_1_42' title='bbox 222 948 344 1000; x_wconf 79' lang='lat' dir='ltr'><strong>dico</strong></span> <span class='ocrx_word' id='word_1_43' title='bbox 375 961 534 1014; x_wconf 86' lang='lat' dir='ltr'><strong>quam</strong></span> <span class='ocrx_word' id='word_1_44' title='bbox 567 950 744 1013; x_wconf 85' lang='lat' dir='ltr'><strong>docte,</strong></span> <span class='ocrx_word' id='word_1_45' title='bbox 776 963 951 1016; x_wconf 86' lang='lat' dir='ltr'><strong>quam,</strong></span> <span class='ocrx_word' id='word_1_46' title='bbox 977 949 1290 1004; x_wconf 83' lang='lat' dir='ltr'><strong>memoriter</strong></span> <span class='ocrx_word' id='word_1_47' title='bbox 1320 949 1512 1004; x_wconf 84' lang='lat' dir='ltr'><strong>horum</strong></span> <span class='ocrx_word' id='word_1_48' title='bbox 1555 949 1793 1004; x_wconf 89' lang='lat' dir='ltr'><strong>locorum</strong></span> 
     </span>
    </p>
   </div>
   <div class='ocr_carea' id='block_1_9' title="bbox 224 1044 1796 1114">
    <p class='ocr_par' dir='ltr' id='par_1_9' title="bbox 224 1044 1796 1114">
     <span class='ocr_line' id='line_1_9' title="bbox 224 1044 1796 1114; baseline 0.003 -19"><span class='ocrx_word' id='word_1_49' title='bbox 224 1056 310 1096; x_wconf 80' lang='lat' dir='ltr'><strong>res</strong></span> <span class='ocrx_word' id='word_1_50' title='bbox 335 1044 580 1112; x_wconf 89' lang='lat' dir='ltr'><strong>publicas</strong></span> <span class='ocrx_word' id='word_1_51' title='bbox 608 1052 663 1097; x_wconf 91' lang='lat' dir='ltr'><strong>et</strong></span> <span class='ocrx_word' id='word_1_52' title='bbox 695 1044 958 1113; x_wconf 89' lang='lat' dir='ltr'><strong>quidquid</strong></span> <span class='ocrx_word' id='word_1_53' title='bbox 985 1045 1040 1099; x_wconf 88' lang='lat' dir='ltr'><strong>in</strong></span> <span class='ocrx_word' id='word_1_54' title='bbox 1071 1044 1157 1099; x_wconf 91' lang='lat' dir='ltr'><strong>his</strong></span> <span class='ocrx_word' id='word_1_55' title='bbox 1181 1056 1291 1100; x_wconf 90' lang='lat' dir='ltr'><strong>tum</strong></span> <span class='ocrx_word' id='word_1_56' title='bbox 1325 1045 1481 1109; x_wconf 90' lang='lat' dir='ltr'><strong>bello,</strong></span> <span class='ocrx_word' id='word_1_57' title='bbox 1514 1054 1625 1100; x_wconf 91' lang='lat' dir='ltr'><strong>tum</strong></span> <span class='ocrx_word' id='word_1_58' title='bbox 1660 1059 1796 1114; x_wconf 88' lang='lat' dir='ltr'><strong>pace</strong></span> 
     </span>
    </p>
   </div>
   <div class='ocr_carea' id='block_1_10' title="bbox 223 1135 1796 1204">
    <p class='ocr_par' dir='ltr' id='par_1_10' title="bbox 223 1135 1796 1204">
     <span class='ocr_line' id='line_1_10' title="bbox 223 1135 1796 1204; baseline 0.001 -17"><span class='ocrx_word' id='word_1_59' title='bbox 223 1144 435 1202; x_wconf 84' lang='lat' dir='ltr'><strong>gestum</strong></span> <span class='ocrx_word' id='word_1_60' title='bbox 461 1135 551 1200; x_wconf 84' lang='lat' dir='ltr'><strong>sit,</strong></span> <span class='ocrx_word' id='word_1_61' title='bbox 580 1145 1006 1202; x_wconf 88' lang='lat' dir='ltr'><strong>commemoret,</strong></span> <span class='ocrx_word' id='word_1_62' title='bbox 1035 1136 1329 1201; x_wconf 82' lang='lat' dir='ltr'><strong>describat,</strong></span> <span class='ocrx_word' id='word_1_63' title='bbox 1364 1144 1537 1197; x_wconf 86' lang='lat' dir='ltr'><strong>notet,</strong></span> <span class='ocrx_word' id='word_1_64' title='bbox 1575 1136 1626 1189; x_wconf 89' lang='lat' dir='ltr'><strong>id</strong></span> <span class='ocrx_word' id='word_1_65' title='bbox 1675 1136 1796 1204; x_wconf 86' lang='lat' dir='ltr'><strong>qui-</strong></span> 
     </span>
    </p>
   </div>
   <div class='ocr_carea' id='block_1_11' title="bbox 226 1226 1794 1295">
    <p class='ocr_par' dir='ltr' id='par_1_11' title="bbox 226 1226 1794 1295">
     <span class='ocr_line' id='line_1_11' title="bbox 226 1226 1794 1295; baseline 0.003 -20"><span class='ocrx_word' id='word_1_66' title='bbox 226 1226 342 1278; x_wconf 87' lang='lat' dir='ltr'><strong>dem</strong></span> <span class='ocrx_word' id='word_1_67' title='bbox 378 1226 512 1280; x_wconf 86' lang='lat' dir='ltr'><strong>adeo</strong></span> <span class='ocrx_word' id='word_1_68' title='bbox 558 1227 842 1295; x_wconf 75' lang='lat' dir='ltr'><strong>ingeniose</strong></span> <span class='ocrx_word' id='word_1_69' title='bbox 878 1236 932 1281; x_wconf 93' lang='lat' dir='ltr'><strong>et</strong></span> <span class='ocrx_word' id='word_1_70' title='bbox 983 1235 1259 1290; x_wconf 88' lang='lat' dir='ltr'><strong>accurate,</strong></span> <span class='ocrx_word' id='word_1_71' title='bbox 1296 1237 1353 1280; x_wconf 92' lang='lat' dir='ltr'><strong>ut</strong></span> <span class='ocrx_word' id='word_1_72' title='bbox 1403 1242 1490 1281; x_wconf 90' lang='lat' dir='ltr'><strong>res</strong></span> <span class='ocrx_word' id='word_1_73' title='bbox 1527 1226 1657 1295; x_wconf 74' lang='lat' dir='ltr'><strong>ipsa:</strong></span> <span class='ocrx_word' id='word_1_74' title='bbox 1689 1241 1794 1280; x_wconf 91' lang='lat' dir='ltr'><strong>non</strong></span> 
     </span>
    </p>
   </div>
   <div class='ocr_carea' id='block_1_12' title="bbox 222 1317 1798 1388">
    <p class='ocr_par' dir='ltr' id='par_1_12' title="bbox 222 1317 1798 1388">
     <span class='ocr_line' id='line_1_12' title="bbox 222 1317 1798 1388; baseline 0 -18"><span class='ocrx_word' id='word_1_75' title='bbox 222 1317 530 1388; x_wconf 70' lang='lat' dir='ltr'><strong>descriptae,</strong></span> <span class='ocrx_word' id='word_1_76' title='bbox 568 1319 664 1375; x_wconf 88' lang='lat' dir='ltr'><strong>sed</strong></span> <span class='ocrx_word' id='word_1_77' title='bbox 696 1320 764 1373; x_wconf 89' lang='lat' dir='ltr'><strong>ab</strong></span> <span class='ocrx_word' id='word_1_78' title='bbox 796 1323 984 1376; x_wconf 89' lang='lat' dir='ltr'><strong>eodem</strong></span> <span class='ocrx_word' id='word_1_79' title='bbox 1014 1320 1272 1374; x_wconf 67' lang='lat' dir='ltr'><strong>instituta:</strong></span> <span class='ocrx_word' id='word_1_80' title='bbox 1296 1328 1350 1374; x_wconf 90' lang='lat' dir='ltr'><strong>et</strong></span> <span class='ocrx_word' id='word_1_81' title='bbox 1381 1329 1545 1387; x_wconf 73' lang='lat' dir='ltr'><strong>gestae</strong></span> <span class='ocrx_word' id='word_1_82' title='bbox 1575 1318 1798 1372; x_wconf 81' lang='lat' dir='ltr'><strong>videan-</strong></span> 
     </span>
    </p>
   </div>
   <div class='ocr_carea' id='block_1_13' title="bbox 193 1401 1793 1481">
    <p class='ocr_par' dir='ltr' id='par_1_13' title="bbox 193 1401 1793 1481">
     <span class='ocr_line' id='line_1_13' title="bbox 193 1401 1793 1481; baseline -0.001 -18"><span class='ocrx_word' id='word_1_83' title='bbox 193 1401 196 1404; x_wconf 69' lang='grc'><strong>’</strong></span> <span class='ocrx_word' id='word_1_84' title='bbox 229 1421 331 1465; x_wconf 89' lang='lat' dir='ltr'><strong>tur.</strong></span> <span class='ocrx_word' id='word_1_85' title='bbox 363 1410 422 1465; x_wconf 90' lang='lat' dir='ltr'><strong>lu</strong></span> <span class='ocrx_word' id='word_1_86' title='bbox 473 1411 938 1467; x_wconf 84' lang='lat' dir='ltr'><strong>consolationibus</strong></span> <span class='ocrx_word' id='word_1_87' title='bbox 971 1411 1142 1480; x_wconf 82' lang='lat' dir='ltr'><strong>tribus</strong></span> <span class='ocrx_word' id='word_1_88' title='bbox 1159 1427 1295 1481; x_wconf 81' lang='lat' dir='ltr'><strong>quas</strong></span> <span class='ocrx_word' id='word_1_89' title='bbox 1322 1410 1388 1465; x_wconf 88' lang='lat' dir='ltr'><strong>ad</strong></span> <span class='ocrx_word' id='word_1_90' title='bbox 1413 1411 1793 1479; x_wconf 84' lang='lat' dir='ltr'><strong>imperatorem</strong></span> 
     </span>
    </p>
   </div>
   <div class='ocr_carea' id='block_1_14' title="bbox 224 1499 1793 1572">
    <p class='ocr_par' dir='ltr' id='par_1_14' title="bbox 224 1499 1793 1572">
     <span class='ocr_line' id='line_1_14' title="bbox 224 1499 1793 1572; baseline -0.002 -16"><span class='ocrx_word' id='word_1_91' title='bbox 224 1501 878 1572; x_wconf 83' lang='lat' dir='ltr'><strong>Constantinopolitanum</strong></span> <span class='ocrx_word' id='word_1_92' title='bbox 913 1504 966 1556; x_wconf 92' lang='lat' dir='ltr'><strong>in</strong></span> <span class='ocrx_word' id='word_1_93' title='bbox 1018 1513 1193 1557; x_wconf 90' lang='lat' dir='ltr'><strong>morte</strong></span> <span class='ocrx_word' id='word_1_94' title='bbox 1238 1502 1422 1556; x_wconf 83' lang='lat' dir='ltr'><strong>uxoris</strong></span> <span class='ocrx_word' id='word_1_95' title='bbox 1470 1499 1692 1564; x_wconf 85' lang='lat' dir='ltr'><strong>habuit,</strong></span> <span class='ocrx_word' id='word_1_96' title='bbox 1727 1501 1793 1553; x_wconf 89' lang='lat' dir='ltr'><strong>ad</strong></span> 
     </span>
    </p>
   </div>
   <div class='ocr_carea' id='block_1_15' title="bbox 224 1591 1795 1662">
    <p class='ocr_par' dir='ltr' id='par_1_15' title="bbox 224 1591 1795 1662">
     <span class='ocr_line' id='line_1_15' title="bbox 224 1591 1795 1662; baseline -0.003 -15"><span class='ocrx_word' id='word_1_97' title='bbox 224 1593 586 1648; x_wconf 84' lang='lat' dir='ltr'><strong>constantiam</strong></span> <span class='ocrx_word' id='word_1_98' title='bbox 617 1604 668 1646; x_wconf 89' lang='lat' dir='ltr'><strong>et</strong></span> <span class='ocrx_word' id='word_1_99' title='bbox 694 1594 1072 1649; x_wconf 89' lang='lat' dir='ltr'><strong>fortitudinem</strong></span> <span class='ocrx_word' id='word_1_100' title='bbox 1100 1593 1374 1648; x_wconf 84' lang='lat' dir='ltr'><strong>hominem</strong></span> <span class='ocrx_word' id='word_1_101' title='bbox 1414 1593 1586 1662; x_wconf 89' lang='lat' dir='ltr'><strong>ipsum</strong></span> <span class='ocrx_word' id='word_1_102' title='bbox 1623 1591 1795 1660; x_wconf 82' lang='lat' dir='ltr'><strong>pluri-</strong></span> 
     </span>
    </p>
   </div>
   <div class='ocr_carea' id='block_1_16' title="bbox 225 1683 1797 1752">
    <p class='ocr_par' dir='ltr' id='par_1_16' title="bbox 225 1683 1797 1752">
     <span class='ocr_line' id='line_1_16' title="bbox 225 1683 1797 1752; baseline -0.003 -12"><span class='ocrx_word' id='word_1_103' title='bbox 225 1685 322 1740; x_wconf 79' lang='lat' dir='ltr'><strong>bus</strong></span> <span class='ocrx_word' id='word_1_104' title='bbox 356 1685 660 1741; x_wconf 78' lang='lat' dir='ltr'><strong>rationibus</strong></span> <span class='ocrx_word' id='word_1_105' title='bbox 713 1697 951 1751; x_wconf 84' lang='lat' dir='ltr'><strong>revocat,</strong></span> <span class='ocrx_word' id='word_1_106' title='bbox 996 1684 1174 1742; x_wconf 78' lang='lat' dir='ltr'><strong>verbis</strong></span> <span class='ocrx_word' id='word_1_107' title='bbox 1217 1683 1553 1752; x_wconf 71' lang='lat' dir='ltr'><strong>gravissimis</strong></span> <span class='ocrx_word' id='word_1_108' title='bbox 1584 1691 1636 1737; x_wconf 91' lang='lat' dir='ltr'><strong>et</strong></span> <span class='ocrx_word' id='word_1_109' title='bbox 1671 1698 1797 1738; x_wconf 89' lang='lat' dir='ltr'><strong>sen-</strong></span> 
     </span>
    </p>
   </div>
   <div class='ocr_carea' id='block_1_17' title="bbox 227 1774 1796 1848">
    <p class='ocr_par' dir='ltr' id='par_1_17' title="bbox 227 1774 1796 1848">
     <span class='ocr_line' id='line_1_17' title="bbox 227 1774 1796 1848; baseline -0.003 -16"><span class='ocrx_word' id='word_1_110' title='bbox 227 1781 404 1834; x_wconf 82' lang='lat' dir='ltr'><strong>tentiis</strong></span> <span class='ocrx_word' id='word_1_111' title='bbox 438 1779 734 1834; x_wconf 86' lang='lat' dir='ltr'><strong>ostendens</strong></span> <span class='ocrx_word' id='word_1_112' title='bbox 775 1779 851 1834; x_wconf 93' lang='lat' dir='ltr'><strong>nil</strong></span> <span class='ocrx_word' id='word_1_113' title='bbox 877 1778 1000 1833; x_wconf 90' lang='lat' dir='ltr'><strong>novi</strong></span> <span class='ocrx_word' id='word_1_114' title='bbox 1047 1777 1163 1848; x_wconf 83' lang='lat' dir='ltr'><strong>ejus</strong></span> <span class='ocrx_word' id='word_1_115' title='bbox 1209 1775 1479 1844; x_wconf 74' lang='lat' dir='ltr'><strong>maiestati</strong></span> <span class='ocrx_word' id='word_1_116' title='bbox 1531 1774 1796 1829; x_wconf 86' lang='lat' dir='ltr'><strong>accidisse</strong></span> 
     </span>
    </p>
   </div>
   <div class='ocr_carea' id='block_1_18' title="bbox 226 1865 1793 1930">
    <p class='ocr_par' dir='ltr' id='par_1_18' title="bbox 226 1865 1793 1930">
     <span class='ocr_line' id='line_1_18' title="bbox 226 1865 1793 1930; baseline -0.006 -3"><span class='ocrx_word' id='word_1_117' title='bbox 226 1885 342 1927; x_wconf 85' lang='lat' dir='ltr'><strong>curn</strong></span> <span class='ocrx_word' id='word_1_118' title='bbox 383 1885 538 1924; x_wconf 88' lang='lat' dir='ltr'><strong>mors</strong></span> <span class='ocrx_word' id='word_1_119' title='bbox 569 1871 818 1925; x_wconf 87' lang='lat' dir='ltr'><strong>omnibus</strong></span> <span class='ocrx_word' id='word_1_120' title='bbox 849 1870 919 1924; x_wconf 89' lang='lat' dir='ltr'><strong>sit</strong></span> <span class='ocrx_word' id='word_1_121' title='bbox 960 1884 1066 1924; x_wconf 90' lang='lat' dir='ltr'><strong>non</strong></span> <span class='ocrx_word' id='word_1_122' title='bbox 1100 1869 1222 1924; x_wconf 88' lang='lat' dir='ltr'><strong>dico</strong></span> <span class='ocrx_word' id='word_1_123' title='bbox 1253 1881 1538 1922; x_wconf 87' lang='lat' dir='ltr'><strong>commune</strong></span> <span class='ocrx_word' id='word_1_124' title='bbox 1569 1865 1793 1930; x_wconf 87' lang='lat' dir='ltr'><strong>malum,</strong></span> 
     </span>
    </p>
   </div>
   <div class='ocr_carea' id='block_1_19' title="bbox 229 1961 1796 2031">
    <p class='ocr_par' dir='ltr' id='par_1_19' title="bbox 229 1961 1796 2031">
     <span class='ocr_line' id='line_1_19' title="bbox 229 1961 1796 2031; baseline -0.006 -15"><span class='ocrx_word' id='word_1_125' title='bbox 229 1962 314 2016; x_wconf 80' lang='lat' dir='ltr'><strong>sed</strong></span> <span class='ocrx_word' id='word_1_126' title='bbox 349 1962 755 2031; x_wconf 81' lang='lat' dir='ltr'><strong>receptaculum</strong></span> <span class='ocrx_word' id='word_1_127' title='bbox 797 1975 828 2015; x_wconf 91' lang='lat' dir='ltr'><strong>a</strong></span> <span class='ocrx_word' id='word_1_128' title='bbox 877 1961 1056 2024; x_wconf 88' lang='lat' dir='ltr'><strong>malis,</strong></span> <span class='ocrx_word' id='word_1_129' title='bbox 1097 1961 1142 2014; x_wconf 85' lang='lat' dir='ltr'><strong>si</strong></span> <span class='ocrx_word' id='word_1_130' title='bbox 1195 1961 1333 2014; x_wconf 90' lang='lat' dir='ltr'><strong>bene</strong></span> <span class='ocrx_word' id='word_1_131' title='bbox 1383 1973 1448 2012; x_wconf 92' lang='lat' dir='ltr'><strong>ac</strong></span> <span class='ocrx_word' id='word_1_132' title='bbox 1485 1964 1796 2012; x_wconf 84' lang='lat' dir='ltr'><strong>constanter</strong></span> 
     </span>
    </p>
   </div>
   <div class='ocr_carea' id='block_1_20' title="bbox 231 2051 1792 2124">
    <p class='ocr_par' dir='ltr' id='par_1_20' title="bbox 231 2051 1792 2124">
     <span class='ocr_line' id='line_1_20' title="bbox 231 2051 1792 2124; baseline -0.004 -16"><span class='ocrx_word' id='word_1_133' title='bbox 231 2057 384 2109; x_wconf 75' lang='lat' dir='ltr'><strong>vitam</strong></span> <span class='ocrx_word' id='word_1_134' title='bbox 429 2055 753 2110; x_wconf 75' lang='lat' dir='ltr'><strong>duxerimus</strong></span> <span class='ocrx_word' id='word_1_135' title='bbox 812 2055 1264 2124; x_wconf 83' lang='lat' dir='ltr'><strong>quemadmodum</strong></span> <span class='ocrx_word' id='word_1_136' title='bbox 1314 2052 1556 2122; x_wconf 81' lang='lat' dir='ltr'><strong>reginam</strong></span> <span class='ocrx_word' id='word_1_137' title='bbox 1620 2051 1792 2119; x_wconf 82' lang='lat' dir='ltr'><strong>ipsam</strong></span> 
     </span>
    </p>
   </div>
   <div class='ocr_carea' id='block_1_21' title="bbox 235 2144 1798 2214">
    <p class='ocr_par' dir='ltr' id='par_1_21' title="bbox 235 2144 1798 2214">
     <span class='ocr_line' id='line_1_21' title="bbox 235 2144 1798 2214; baseline -0.002 -16"><span class='ocrx_word' id='word_1_138' title='bbox 235 2150 429 2203; x_wconf 61' lang='lat' dir='ltr'><strong>vixisse</strong></span> <span class='ocrx_word' id='word_1_139' title='bbox 453 2148 714 2204; x_wconf 85' lang='lat' dir='ltr'><strong>ostendit.</strong></span> <span class='ocrx_word' id='word_1_140' title='bbox 752 2147 1068 2204; x_wconf 79' lang='lat' dir='ltr'><strong>Confutavit</strong></span> <span class='ocrx_word' id='word_1_141' title='bbox 1116 2146 1381 2202; x_wconf 83' lang='lat' dir='ltr'><strong>acerrime</strong></span> <span class='ocrx_word' id='word_1_142' title='bbox 1414 2144 1563 2214; x_wconf 81' lang='lat' dir='ltr'><strong>gravi</strong></span> <span class='ocrx_word' id='word_1_143' title='bbox 1593 2152 1644 2196; x_wconf 93' lang='lat' dir='ltr'><strong>et</strong></span> <span class='ocrx_word' id='word_1_144' title='bbox 1707 2157 1798 2196; x_wconf 91' lang='lat' dir='ltr'><strong>co-</strong></span> 
     </span>
    </p>
   </div>
   <div class='ocr_carea' id='block_1_22' title="bbox 229 2235 1795 2310">
    <p class='ocr_par' dir='ltr' id='par_1_22' title="bbox 229 2235 1795 2310">
     <span class='ocr_line' id='line_1_22' title="bbox 229 2235 1795 2310; baseline -0.004 -18"><span class='ocrx_word' id='word_1_145' title='bbox 229 2242 371 2310; x_wconf 77' lang='lat' dir='ltr'><strong>piosa</strong></span> <span class='ocrx_word' id='word_1_146' title='bbox 400 2241 652 2294; x_wconf 86' lang='lat' dir='ltr'><strong>oratione</strong></span> <span class='ocrx_word' id='word_1_147' title='bbox 679 2253 777 2294; x_wconf 86' lang='lat' dir='ltr'><strong>eos</strong></span> <span class='ocrx_word' id='word_1_148' title='bbox 801 2238 892 2307; x_wconf 86' lang='lat' dir='ltr'><strong>q-ui</strong></span> <span class='ocrx_word' id='word_1_149' title='bbox 928 2236 1273 2306; x_wconf 89' lang='lat' dir='ltr'><strong>pertinaciter</strong></span> <span class='ocrx_word' id='word_1_150' title='bbox 1295 2235 1457 2291; x_wconf 91' lang='lat' dir='ltr'><strong>nimis</strong></span> <span class='ocrx_word' id='word_1_151' title='bbox 1481 2241 1795 2308; x_wconf 85' lang='lat' dir='ltr'><strong>asseverant</strong></span> 
     </span>
    </p>
   </div>
   <div class='ocr_carea' id='block_1_23' title="bbox 232 2327 1796 2394">
    <p class='ocr_par' dir='ltr' id='par_1_23' title="bbox 232 2327 1796 2394">
     <span class='ocr_line' id='line_1_23' title="bbox 232 2327 1796 2394; baseline -0.005 -8"><span class='ocrx_word' id='word_1_152' title='bbox 232 2335 426 2389; x_wconf 88' lang='lat' dir='ltr'><strong>dictum</strong></span> <span class='ocrx_word' id='word_1_153' title='bbox 455 2333 584 2388; x_wconf 88' lang='lat' dir='ltr'><strong>illud</strong></span> <span class='ocrx_word' id='word_1_154' title='bbox 606 2332 831 2388; x_wconf 78' lang='lat' dir='ltr'><strong>Joannis</strong></span> <span class='ocrx_word' id='word_1_155' title='bbox 857 2332 922 2387; x_wconf 81' lang='lat' dir='ltr'><strong>de</strong></span> <span class='ocrx_word' id='word_1_156' title='bbox 951 2331 1112 2385; x_wconf 89' lang='lat' dir='ltr'><strong>Petro</strong></span> <span class='ocrx_word' id='word_1_157' title='bbox 1132 2369 1148 2394; x_wconf 93' lang='lat'><strong>,</strong></span> <span class='ocrx_word' id='word_1_158' title='bbox 1184 2347 1203 2381; x_wconf 74' lang='grc' dir='ltr'>ι</span> <span class='ocrx_word' id='word_1_159' title='bbox 1242 2329 1336 2383; x_wconf 87' lang='lat' dir='ltr'><strong>Sic</strong></span> <span class='ocrx_word' id='word_1_160' title='bbox 1365 2343 1486 2382; x_wconf 90' lang='lat' dir='ltr'><strong>eum</strong></span> <span class='ocrx_word' id='word_1_161' title='bbox 1520 2327 1639 2382; x_wconf 77' lang='lat' dir='ltr'><strong>volo</strong></span> <span class='ocrx_word' id='word_1_162' title='bbox 1683 2342 1796 2380; x_wconf 81' lang='lat' dir='ltr'><strong>ma-</strong></span> 
     </span>
    </p>
   </div>
   <div class='ocr_carea' id='block_1_24' title="bbox 231 2419 1796 2494">
    <p class='ocr_par' dir='ltr' id='par_1_24' title="bbox 231 2419 1796 2494">
     <span class='ocr_line' id='line_1_24' title="bbox 231 2419 1796 2494; baseline -0.004 -13"><span class='ocrx_word' id='word_1_163' title='bbox 231 2441 373 2490; x_wconf 86' lang='lat' dir='ltr'><strong>nere,</strong></span> <span class='ocrx_word' id='word_1_164' title='bbox 403 2425 533 2494; x_wconf 88' lang='lat' dir='ltr'><strong>quid</strong></span> <span class='ocrx_word' id='word_1_165' title='bbox 557 2427 622 2480; x_wconf 88' lang='lat' dir='ltr'><strong>ad</strong></span> <span class='ocrx_word' id='word_1_166' title='bbox 651 2435 724 2494; x_wconf 86' lang='lat' dir='ltr'><strong>te,</strong></span> <span class='ocrx_word' id='word_1_167' title='bbox 755 2445 773 2478; x_wconf 78' lang='grc' dir='ltr'><strong><em>ι</em></strong></span> <span class='ocrx_word' id='word_1_168' title='bbox 811 2439 932 2481; x_wconf 91' lang='lat' dir='ltr'><strong>cum</strong></span> <span class='ocrx_word' id='word_1_169' title='bbox 956 2424 1244 2478; x_wconf 89' lang='lat' dir='ltr'><strong>dicendum</strong></span> <span class='ocrx_word' id='word_1_170' title='bbox 1263 2421 1358 2486; x_wconf 88' lang='lat' dir='ltr'><strong>sit,</strong></span> <span class='ocrx_word' id='word_1_171' title='bbox 1385 2438 1405 2472; x_wconf 74' lang='grc' dir='ltr'>ι</span> <span class='ocrx_word' id='word_1_172' title='bbox 1442 2421 1499 2476; x_wconf 84' lang='lat' dir='ltr'><strong>Si</strong></span> <span class='ocrx_word' id='word_1_173' title='bbox 1518 2435 1639 2476; x_wconf 86' lang='lat' dir='ltr'><strong>eum</strong></span> <span class='ocrx_word' id='word_1_174' title='bbox 1676 2419 1796 2474; x_wconf 88' lang='lat' dir='ltr'><strong>volo</strong></span> 
     </span>
    </p>
   </div>
   <div class='ocr_carea' id='block_1_25' title="bbox 230 2513 1801 2585">
    <p class='ocr_par' dir='ltr' id='par_1_25' title="bbox 230 2513 1801 2585">
     <span class='ocr_line' id='line_1_25' title="bbox 230 2513 1801 2585; baseline -0.004 -13"><span class='ocrx_word' id='word_1_175' title='bbox 230 2517 616 2585; x_wconf 87' lang='lat' dir='ltr'><strong>manere,quid</strong></span> <span class='ocrx_word' id='word_1_176' title='bbox 644 2516 709 2571; x_wconf 86' lang='lat' dir='ltr'><strong>ad</strong></span> <span class='ocrx_word' id='word_1_177' title='bbox 743 2517 832 2572; x_wconf 78' lang='lat' dir='ltr'><strong>te?</strong></span> <span class='ocrx_word' id='word_1_178' title='bbox 862 2535 882 2567; x_wconf 73' lang='grc' dir='ltr'><strong><em>ι</em></strong></span> <span class='ocrx_word' id='word_1_179' title='bbox 917 2515 1030 2571; x_wconf 83' lang='lat' dir='ltr'><strong>Hoc</strong></span> <span class='ocrx_word' id='word_1_180' title='bbox 1050 2523 1230 2570; x_wconf 89' lang='lat' dir='ltr'><strong>autem</strong></span> <span class='ocrx_word' id='word_1_181' title='bbox 1250 2515 1444 2585; x_wconf 89' lang='lat' dir='ltr'><strong>probat</strong></span> <span class='ocrx_word' id='word_1_182' title='bbox 1472 2521 1526 2568; x_wconf 90' lang='lat' dir='ltr'><strong>et</strong></span> <span class='ocrx_word' id='word_1_183' title='bbox 1549 2513 1801 2568; x_wconf 78' lang='lat' dir='ltr'><strong>doetissi-</strong></span> 
     </span>
    </p>
   </div>
   <div class='ocr_carea' id='block_1_26' title="bbox 228 2606 1795 2674">
    <p class='ocr_par' dir='ltr' id='par_1_26' title="bbox 228 2606 1795 2674">
     <span class='ocr_line' id='line_1_26' title="bbox 228 2606 1795 2674; baseline -0.003 -12"><span class='ocrx_word' id='word_1_184' title='bbox 228 2627 433 2664; x_wconf 80' lang='lat' dir='ltr'><strong>morum</strong></span> <span class='ocrx_word' id='word_1_185' title='bbox 488 2610 769 2665; x_wconf 89' lang='lat' dir='ltr'><strong>hominum</strong></span> <span class='ocrx_word' id='word_1_186' title='bbox 814 2610 1140 2664; x_wconf 86' lang='lat' dir='ltr'><strong>auctoritate</strong></span> <span class='ocrx_word' id='word_1_187' title='bbox 1173 2617 1227 2663; x_wconf 92' lang='lat' dir='ltr'><strong>et</strong></span> <span class='ocrx_word' id='word_1_188' title='bbox 1255 2607 1441 2663; x_wconf 84' lang='lat' dir='ltr'><strong>Graeca</strong></span> <span class='ocrx_word' id='word_1_189' title='bbox 1485 2606 1659 2660; x_wconf 77' lang='lat' dir='ltr'><strong>littera</strong></span> <span class='ocrx_word' id='word_1_190' title='bbox 1692 2620 1795 2674; x_wconf 90' lang='lat' dir='ltr'><strong>qua</strong></span> 
     </span>
    </p>
   </div>
   <div class='ocr_carea' id='block_1_27' title="bbox 227 2699 1796 2772">
    <p class='ocr_par' dir='ltr' id='par_1_27' title="bbox 227 2699 1796 2772">
     <span class='ocr_line' id='line_1_27' title="bbox 227 2699 1796 2772; baseline -0.003 -14"><span class='ocrx_word' id='word_1_191' title='bbox 227 2702 461 2758; x_wconf 62' lang='lat' dir='ltr'><strong>Joannes</strong></span> <span class='ocrx_word' id='word_1_192' title='bbox 488 2702 836 2772; x_wconf 83' lang='lat' dir='ltr'><strong>Evangelium</strong></span> <span class='ocrx_word' id='word_1_193' title='bbox 863 2700 1102 2770; x_wconf 86' lang='lat' dir='ltr'><strong>scripsit,</strong></span> <span class='ocrx_word' id='word_1_194' title='bbox 1133 2712 1188 2756; x_wconf 89' lang='lat' dir='ltr'><strong>et</strong></span> <span class='ocrx_word' id='word_1_195' title='bbox 1221 2699 1405 2754; x_wconf 87' lang='lat' dir='ltr'><strong>Latina</strong></span> <span class='ocrx_word' id='word_1_196' title='bbox 1439 2700 1728 2766; x_wconf 91' lang='lat' dir='ltr'><strong>locutione,</strong></span> <span class='ocrx_word' id='word_1_197' title='bbox 1765 2714 1796 2753; x_wconf 90' lang='lat' dir='ltr'><strong>a</strong></span> 
     </span>
    </p>
   </div>
   <div class='ocr_carea' id='block_1_28' title="bbox 226 2790 1800 2867">
    <p class='ocr_par' dir='ltr' id='par_1_28' title="bbox 226 2790 1800 2867">
     <span class='ocr_line' id='line_1_28' title="bbox 226 2790 1800 2867; baseline -0.002 -18"><span class='ocrx_word' id='word_1_198' title='bbox 226 2813 326 2867; x_wconf 85' lang='lat' dir='ltr'><strong>qua</strong></span> <span class='ocrx_word' id='word_1_199' title='bbox 364 2799 562 2852; x_wconf 85' lang='lat' dir='ltr'><strong>modus</strong></span> <span class='ocrx_word' id='word_1_200' title='bbox 609 2795 698 2849; x_wconf 91' lang='lat' dir='ltr'><strong>ille</strong></span> <span class='ocrx_word' id='word_1_201' title='bbox 741 2793 959 2849; x_wconf 88' lang='lat' dir='ltr'><strong>dicendi</strong></span> <span class='ocrx_word' id='word_1_202' title='bbox 992 2794 1148 2864; x_wconf 87' lang='lat' dir='ltr'><strong>longe</strong></span> <span class='ocrx_word' id='word_1_203' title='bbox 1197 2792 1478 2849; x_wconf 86' lang='lat' dir='ltr'><strong>abhorret.</strong></span> <span class='ocrx_word' id='word_1_204' title='bbox 1508 2790 1614 2847; x_wconf 90' lang='lat' dir='ltr'><strong>Sed</strong></span> <span class='ocrx_word' id='word_1_205' title='bbox 1667 2794 1800 2846; x_wconf 90' lang='lat' dir='ltr'><strong>adeo</strong></span> 
     </span>
    </p>
   </div>
   <div class='ocr_carea' id='block_1_29' title="bbox 227 2883 1797 2960">
    <p class='ocr_par' dir='ltr' id='par_1_29' title="bbox 227 2883 1797 2960">
     <span class='ocr_line' id='line_1_29' title="bbox 227 2883 1797 2960; baseline -0.004 -18"><span class='ocrx_word' id='word_1_206' title='bbox 227 2890 451 2960; x_wconf 82' lang='lat' dir='ltr'><strong>copiose</strong></span> <span class='ocrx_word' id='word_1_207' title='bbox 480 2887 534 2942; x_wconf 90' lang='lat' dir='ltr'><strong>in</strong></span> <span class='ocrx_word' id='word_1_208' title='bbox 564 2886 933 2942; x_wconf 88' lang='lat' dir='ltr'><strong>adversarium</strong></span> <span class='ocrx_word' id='word_1_209' title='bbox 968 2886 1162 2955; x_wconf 84' lang='lat' dir='ltr'><strong>surgit,</strong></span> <span class='ocrx_word' id='word_1_210' title='bbox 1204 2884 1467 2951; x_wconf 84' lang='lat' dir='ltr'><strong>Quirites,</strong></span> <span class='ocrx_word' id='word_1_211' title='bbox 1499 2892 1558 2937; x_wconf 90' lang='lat' dir='ltr'><strong>ut</strong></span> <span class='ocrx_word' id='word_1_212' title='bbox 1592 2883 1797 2938; x_wconf 90' lang='lat' dir='ltr'><strong>nullum</strong></span> 
     </span>
    </p>
   </div>
   <div class='ocr_carea' id='block_1_30' title="bbox 226 2975 1799 3051">
    <p class='ocr_par' dir='ltr' id='par_1_30' title="bbox 226 2975 1799 3051">
     <span class='ocr_line' id='line_1_30' title="bbox 226 2975 1799 3051; baseline -0.006 -15"><span class='ocrx_word' id='word_1_213' title='bbox 226 2994 393 3051; x_wconf 84' lang='lat' dir='ltr'><strong>prope</strong></span> <span class='ocrx_word' id='word_1_214' title='bbox 418 2990 682 3044; x_wconf 87' lang='lat' dir='ltr'><strong>erratum,</strong></span> <span class='ocrx_word' id='word_1_215' title='bbox 709 2986 806 3032; x_wconf 90' lang='lat' dir='ltr'><strong>aut</strong></span> <span class='ocrx_word' id='word_1_216' title='bbox 852 2975 984 3031; x_wconf 89' lang='lat' dir='ltr'><strong>vitio</strong></span> <span class='ocrx_word' id='word_1_217' title='bbox 1018 2976 1376 3046; x_wconf 88' lang='lat' dir='ltr'><strong>interpretum</strong></span> <span class='ocrx_word' id='word_1_218' title='bbox 1422 2975 1799 3035; x_wconf 89' lang='lat' dir='ltr'><strong>commissum,</strong></span> 
     </span>
    </p>
   </div>
   <div class='ocr_carea' id='block_1_31' title="bbox 226 3067 1800 3142">
    <p class='ocr_par' dir='ltr' id='par_1_31' title="bbox 226 3067 1800 3142">
     <span class='ocr_line' id='line_1_31' title="bbox 226 3067 1800 3142; baseline -0.004 -16"><span class='ocrx_word' id='word_1_219' title='bbox 226 3081 314 3126; x_wconf 88' lang='lat' dir='ltr'><strong>aut</strong></span> <span class='ocrx_word' id='word_1_220' title='bbox 350 3070 682 3142; x_wconf 80' lang='lat' dir='ltr'><strong>negligentia</strong></span> <span class='ocrx_word' id='word_1_221' title='bbox 713 3069 1083 3132; x_wconf 89' lang='lat' dir='ltr'><strong>librariorum,</strong></span> <span class='ocrx_word' id='word_1_222' title='bbox 1122 3076 1216 3122; x_wconf 89' lang='lat' dir='ltr'><strong>aut</strong></span> <span class='ocrx_word' id='word_1_223' title='bbox 1259 3067 1465 3122; x_wconf 88' lang='lat' dir='ltr'><strong>incuria</strong></span> <span class='ocrx_word' id='word_1_224' title='bbox 1507 3067 1800 3138; x_wconf 86' lang='lat' dir='ltr'><strong>legentium</strong></span> 
     </span>
    </p>
   </div>
   <div class='ocr_carea' id='block_1_32' title="bbox 226 3160 1796 3234">
    <p class='ocr_par' dir='ltr' id='par_1_32' title="bbox 226 3160 1796 3234">
     <span class='ocr_line' id='line_1_32' title="bbox 226 3160 1796 3234; baseline -0.002 -15"><span class='ocrx_word' id='word_1_225' title='bbox 226 3168 275 3219; x_wconf 88' lang='lat' dir='ltr'><strong>in</strong></span> <span class='ocrx_word' id='word_1_226' title='bbox 302 3174 423 3222; x_wconf 90' lang='lat' dir='ltr'><strong>tota</strong></span> <span class='ocrx_word' id='word_1_227' title='bbox 450 3164 732 3234; x_wconf 88' lang='lat' dir='ltr'><strong>Scriptura</strong></span> <span class='ocrx_word' id='word_1_228' title='bbox 766 3177 924 3218; x_wconf 88' lang='lat' dir='ltr'><strong>sacra</strong></span> <span class='ocrx_word' id='word_1_229' title='bbox 958 3163 1354 3232; x_wconf 73' lang='lat' dir='ltr'><strong>praetermittat.</strong></span> <span class='ocrx_word' id='word_1_230' title='bbox 1383 3160 1572 3232; x_wconf 82' lang='lat' dir='ltr'><strong>Aperit</strong></span> <span class='ocrx_word' id='word_1_231' title='bbox 1593 3163 1796 3225; x_wconf 87' lang='lat' dir='ltr'><strong>omnia,</strong></span> 
     </span>
    </p>
   </div>
   <div class='ocr_carea' id='block_1_33' title="bbox 228 3253 1805 3326">
    <p class='ocr_par' dir='ltr' id='par_1_33' title="bbox 228 3253 1805 3326">
     <span class='ocr_line' id='line_1_33' title="bbox 228 3253 1805 3326; baseline -0.001 -18"><span class='ocrx_word' id='word_1_232' title='bbox 228 3259 488 3326; x_wconf 83' lang='lat' dir='ltr'><strong>disputat,</strong></span> <span class='ocrx_word' id='word_1_233' title='bbox 546 3255 759 3320; x_wconf 78' lang='lat' dir='ltr'><strong>refellit,</strong></span> <span class='ocrx_word' id='word_1_234' title='bbox 802 3256 984 3310; x_wconf 84' lang='lat' dir='ltr'><strong>docet.</strong></span> <span class='ocrx_word' id='word_1_235' title='bbox 1025 3253 1228 3309; x_wconf 87' lang='lat' dir='ltr'><strong>Eodem</strong></span> <span class='ocrx_word' id='word_1_236' title='bbox 1263 3253 1478 3309; x_wconf 89' lang='lat' dir='ltr'><strong>dicendi</strong></span> <span class='ocrx_word' id='word_1_237' title='bbox 1511 3263 1566 3308; x_wconf 88' lang='lat' dir='ltr'><strong>et</strong></span> <span class='ocrx_word' id='word_1_238' title='bbox 1617 3254 1805 3324; x_wconf 87' lang='lat' dir='ltr'><strong>dispu-</strong></span> 
     </span>
    </p>
   </div>
   <div class='ocr_carea' id='block_1_34' title="bbox 227 3345 1804 3418">
    <p class='ocr_par' dir='ltr' id='par_1_34' title="bbox 227 3345 1804 3418">
     <span class='ocr_line' id='line_1_34' title="bbox 227 3345 1804 3418; baseline -0.002 -15"><span class='ocrx_word' id='word_1_239' title='bbox 227 3351 374 3404; x_wconf 86' lang='lat' dir='ltr'><strong>tandi</strong></span> <span class='ocrx_word' id='word_1_240' title='bbox 409 3357 654 3404; x_wconf 88' lang='lat' dir='ltr'><strong>torrente</strong></span> <span class='ocrx_word' id='word_1_241' title='bbox 695 3345 955 3418; x_wconf 83' lang='lat' dir='ltr'><strong>Ephesini</strong></span> <span class='ocrx_word' id='word_1_242' title='bbox 994 3347 1239 3417; x_wconf 83' lang='lat' dir='ltr'><strong>episcopi</strong></span> <span class='ocrx_word' id='word_1_243' title='bbox 1267 3346 1599 3416; x_wconf 89' lang='lat' dir='ltr'><strong>opinionem,</strong></span> <span class='ocrx_word' id='word_1_244' title='bbox 1650 3361 1804 3401; x_wconf 87' lang='lat' dir='ltr'><strong>asse-</strong></span> 
     </span>
    </p>
   </div>
   <div class='ocr_carea' id='block_1_35' title="bbox 230 3439 1800 3510">
    <p class='ocr_par' dir='ltr' id='par_1_35' title="bbox 230 3439 1800 3510">
     <span class='ocr_line' id='line_1_35' title="bbox 230 3439 1800 3510; baseline -0.003 -13"><span class='ocrx_word' id='word_1_245' title='bbox 230 3443 420 3507; x_wconf 76' lang='lat' dir='ltr'><strong>rentis,</strong></span> <span class='ocrx_word' id='word_1_246' title='bbox 471 3439 737 3510; x_wconf 88' lang='lat' dir='ltr'><strong>Spiritum</strong></span> <span class='ocrx_word' id='word_1_247' title='bbox 773 3449 1020 3496; x_wconf 87' lang='lat' dir='ltr'><strong>sanctum</strong></span> <span class='ocrx_word' id='word_1_248' title='bbox 1056 3454 1086 3493; x_wconf 90' lang='lat' dir='ltr'><strong>a</strong></span> <span class='ocrx_word' id='word_1_249' title='bbox 1119 3439 1283 3494; x_wconf 89' lang='lat' dir='ltr'><strong>Patre</strong></span> <span class='ocrx_word' id='word_1_250' title='bbox 1315 3448 1520 3493; x_wconf 85' lang='lat' dir='ltr'><strong>tantum</strong></span> <span class='ocrx_word' id='word_1_251' title='bbox 1559 3441 1800 3508; x_wconf 90' lang='lat' dir='ltr'><strong>prodire,</strong></span> 
     </span>
    </p>
   </div>
   <div class='ocr_carea' id='block_1_36' title="bbox 225 3529 1805 3600">
    <p class='ocr_par' dir='ltr' id='par_1_36' title="bbox 225 3529 1805 3600">
     <span class='ocr_line' id='line_1_36' title="bbox 225 3529 1805 3600; baseline -0.003 -12"><span class='ocrx_word' id='word_1_252' title='bbox 225 3539 492 3590; x_wconf 85' lang='lat' dir='ltr'><strong>acerrime</strong></span> <span class='ocrx_word' id='word_1_253' title='bbox 532 3530 803 3589; x_wconf 78' lang='lat' dir='ltr'><strong>confutet.</strong></span> <span class='ocrx_word' id='word_1_254' title='bbox 859 3529 1046 3586; x_wconf 86' lang='lat' dir='ltr'><strong>Sancti</strong></span> <span class='ocrx_word' id='word_1_255' title='bbox 1086 3531 1462 3598; x_wconf 86' lang='lat' dir='ltr'><strong>Bessarionis,</strong></span> <span class='ocrx_word' id='word_1_256' title='bbox 1494 3531 1633 3585; x_wconf 88' lang='lat' dir='ltr'><strong>unde</strong></span> <span class='ocrx_word' id='word_1_257' title='bbox 1685 3530 1805 3600; x_wconf 89' lang='lat' dir='ltr'><strong>ipse</strong></span> 
     </span>
    </p>
   </div>
   <div class='ocr_carea' id='block_1_37' title="bbox 227 3620 1802 3693">
    <p class='ocr_par' dir='ltr' id='par_1_37' title="bbox 227 3620 1802 3693">
     <span class='ocr_line' id='line_1_37' title="bbox 227 3620 1802 3693; baseline -0.004 -13"><span class='ocrx_word' id='word_1_258' title='bbox 227 3640 428 3680; x_wconf 84' lang='lat' dir='ltr'><strong>nomen</strong></span> <span class='ocrx_word' id='word_1_259' title='bbox 475 3625 706 3693; x_wconf 84' lang='lat' dir='ltr'><strong>accepit,</strong></span> <span class='ocrx_word' id='word_1_260' title='bbox 755 3622 946 3693; x_wconf 59' lang='lat' dir='ltr'><strong>patria!</strong></span> <span class='ocrx_word' id='word_1_261' title='bbox 977 3623 1218 3692; x_wconf 88' lang='lat' dir='ltr'><strong>parentis</strong></span> <span class='ocrx_word' id='word_1_262' title='bbox 1270 3635 1332 3676; x_wconf 83' lang='lat' dir='ltr'><strong>ac</strong></span> <span class='ocrx_word' id='word_1_263' title='bbox 1367 3621 1601 3691; x_wconf 86' lang='lat' dir='ltr'><strong>patroni,</strong></span> <span class='ocrx_word' id='word_1_264' title='bbox 1641 3620 1802 3675; x_wconf 87' lang='lat' dir='ltr'><strong>vitam</strong></span> 
     </span>
    </p>
   </div>
   <div class='ocr_carea' id='block_1_38' title="bbox 230 3710 1801 3784">
    <p class='ocr_par' dir='ltr' id='par_1_38' title="bbox 230 3710 1801 3784">
     <span class='ocr_line' id='line_1_38' title="bbox 230 3710 1801 3784; baseline -0.002 -17"><span class='ocrx_word' id='word_1_265' title='bbox 230 3715 519 3784; x_wconf 79' lang='lat' dir='ltr'><strong>diligenter</strong></span> <span class='ocrx_word' id='word_1_266' title='bbox 549 3729 611 3769; x_wconf 91' lang='lat' dir='ltr'><strong>ac</strong></span> <span class='ocrx_word' id='word_1_267' title='bbox 640 3714 863 3783; x_wconf 88' lang='lat' dir='ltr'><strong>copiose</strong></span> <span class='ocrx_word' id='word_1_268' title='bbox 904 3711 1141 3780; x_wconf 86' lang='lat' dir='ltr'><strong>scripsit.</strong></span> <span class='ocrx_word' id='word_1_269' title='bbox 1184 3711 1369 3768; x_wconf 89' lang='lat' dir='ltr'><strong>Sancti</strong></span> <span class='ocrx_word' id='word_1_270' title='bbox 1397 3710 1674 3767; x_wconf 81' lang='lat' dir='ltr'><strong>Francisci</strong></span> <span class='ocrx_word' id='word_1_271' title='bbox 1706 3726 1801 3767; x_wconf 87' lang='lat' dir='ltr'><strong>or-</strong></span> 
     </span>
    </p>
   </div>
   <div class='ocr_carea' id='block_1_39' title="bbox 229 3805 1804 3880">
    <p class='ocr_par' dir='ltr' id='par_1_39' title="bbox 229 3805 1804 3880">
     <span class='ocr_line' id='line_1_39' title="bbox 229 3805 1804 3880; baseline -0.003 -18"><span class='ocrx_word' id='word_1_272' title='bbox 229 3810 437 3874; x_wconf 88' lang='lat' dir='ltr'><strong>dinem,</strong></span> <span class='ocrx_word' id='word_1_273' title='bbox 483 3808 637 3880; x_wconf 86' lang='lat' dir='ltr'><strong>cujus</strong></span> <span class='ocrx_word' id='word_1_274' title='bbox 677 3816 938 3877; x_wconf 76' lang='lat' dir='ltr'><strong>patronus</strong></span> <span class='ocrx_word' id='word_1_275' title='bbox 976 3805 1210 3862; x_wconf 87' lang='lat' dir='ltr'><strong>habetur</strong></span> <span class='ocrx_word' id='word_1_276' title='bbox 1231 3847 1246 3872; x_wconf 93' lang='lat'><strong>,</strong></span> <span class='ocrx_word' id='word_1_277' title='bbox 1279 3814 1590 3860; x_wconf 81' lang='lat' dir='ltr'><strong>constanter</strong></span> <span class='ocrx_word' id='word_1_278' title='bbox 1621 3821 1684 3860; x_wconf 90' lang='lat' dir='ltr'><strong>ac</strong></span> <span class='ocrx_word' id='word_1_279' title='bbox 1713 3820 1804 3860; x_wconf 80' lang='lat' dir='ltr'><strong>sa-</strong></span> 
     </span>
    </p>
   </div>
   <div class='ocr_carea' id='block_1_40' title="bbox 230 3899 1805 3970">
    <p class='ocr_par' dir='ltr' id='par_1_40' title="bbox 230 3899 1805 3970">
     <span class='ocr_line' id='line_1_40' title="bbox 230 3899 1805 3970; baseline 0.001 -18"><span class='ocrx_word' id='word_1_280' title='bbox 230 3903 446 3970; x_wconf 87' lang='lat' dir='ltr'><strong>pienter</strong></span> <span class='ocrx_word' id='word_1_281' title='bbox 471 3911 678 3955; x_wconf 86' lang='lat' dir='ltr'><strong>tutatus</strong></span> <span class='ocrx_word' id='word_1_282' title='bbox 699 3911 804 3956; x_wconf 90' lang='lat' dir='ltr'><strong>est.</strong></span> <span class='ocrx_word' id='word_1_283' title='bbox 838 3899 954 3954; x_wconf 86' lang='lat' dir='ltr'><strong>Non</strong></span> <span class='ocrx_word' id='word_1_284' title='bbox 985 3909 1068 3954; x_wconf 88' lang='lat' dir='ltr'><strong>est</strong></span> <span class='ocrx_word' id='word_1_285' title='bbox 1099 3913 1288 3968; x_wconf 87' lang='lat' dir='ltr'><strong>passus</strong></span> <span class='ocrx_word' id='word_1_286' title='bbox 1321 3899 1628 3969; x_wconf 88' lang='lat' dir='ltr'><strong>quempiam</strong></span> <span class='ocrx_word' id='word_1_287' title='bbox 1666 3900 1805 3954; x_wconf 88' lang='lat' dir='ltr'><strong>bene</strong></span> 
     </span>
    </p>
   </div>
   <div class='ocr_carea' id='block_1_41' title="bbox 232 3990 1803 4062">
    <p class='ocr_par' dir='ltr' id='par_1_41' title="bbox 232 3990 1803 4062">
     <span class='ocr_line' id='line_1_41' title="bbox 232 3990 1803 4062; baseline 0 -16"><span class='ocrx_word' id='word_1_288' title='bbox 232 3994 299 4046; x_wconf 89' lang='lat' dir='ltr'><strong>de</strong></span> <span class='ocrx_word' id='word_1_289' title='bbox 321 4008 521 4062; x_wconf 75' lang='lat' dir='ltr'><strong>genere</strong></span> <span class='ocrx_word' id='word_1_290' title='bbox 549 3994 788 4046; x_wconf 89' lang='lat' dir='ltr'><strong>humano</strong></span> <span class='ocrx_word' id='word_1_291' title='bbox 815 3992 1068 4046; x_wconf 87' lang='lat' dir='ltr'><strong>meritum</strong></span> <span class='ocrx_word' id='word_1_292' title='bbox 1111 3990 1490 4046; x_wconf 88' lang='lat' dir='ltr'><strong>maledicentia</strong></span> <span class='ocrx_word' id='word_1_293' title='bbox 1515 4001 1638 4062; x_wconf 91' lang='lat' dir='ltr'><strong>post</strong></span> <span class='ocrx_word' id='word_1_294' title='bbox 1663 4007 1803 4046; x_wconf 84' lang='lat' dir='ltr'><strong>mor-</strong></span> 
     </span>
    </p>
   </div>
   <div class='ocr_carea' id='block_1_42' title="bbox 231 4081 1804 4148">
    <p class='ocr_par' dir='ltr' id='par_1_42' title="bbox 231 4081 1804 4148">
     <span class='ocr_line' id='line_1_42' title="bbox 231 4081 1804 4148; baseline 0 -10"><span class='ocrx_word' id='word_1_295' title='bbox 231 4093 339 4138; x_wconf 86' lang='lat' dir='ltr'><strong>tem</strong></span> <span class='ocrx_word' id='word_1_296' title='bbox 362 4085 614 4139; x_wconf 86' lang='lat' dir='ltr'><strong>lacerari.</strong></span> <span class='ocrx_word' id='word_1_297' title='bbox 650 4081 805 4139; x_wconf 84' lang='lat' dir='ltr'><strong>Unde</strong></span> <span class='ocrx_word' id='word_1_298' title='bbox 828 4085 1094 4148; x_wconf 85' lang='lat' dir='ltr'><strong>acerrime</strong></span> <span class='ocrx_word' id='word_1_299' title='bbox 1120 4085 1175 4139; x_wconf 90' lang='lat' dir='ltr'><strong>in</strong></span> <span class='ocrx_word' id='word_1_300' title='bbox 1207 4084 1647 4140; x_wconf 87' lang='lat' dir='ltr'><strong>calumniatorem</strong></span> <span class='ocrx_word' id='word_1_301' title='bbox 1679 4085 1804 4139; x_wconf 88' lang='lat' dir='ltr'><strong>Pla-</strong></span> 
     </span>
    </p>
   </div>
   <div class='ocr_carea' id='block_1_43' title="bbox 235 4175 1804 4246">
    <p class='ocr_par' dir='ltr' id='par_1_43' title="bbox 235 4175 1804 4246">
     <span class='ocr_line' id='line_1_43' title="bbox 235 4175 1804 4246; baseline -0.001 -16"><span class='ocrx_word' id='word_1_302' title='bbox 235 4177 376 4231; x_wconf 84' lang='lat' dir='ltr'><strong>tenis</strong></span> <span class='ocrx_word' id='word_1_303' title='bbox 410 4177 646 4246; x_wconf 83' lang='lat' dir='ltr'><strong>insurgit</strong></span> <span class='ocrx_word' id='word_1_304' title='bbox 679 4190 744 4231; x_wconf 90' lang='lat' dir='ltr'><strong>eo</strong></span> <span class='ocrx_word' id='word_1_305' title='bbox 788 4175 1066 4229; x_wconf 89' lang='lat' dir='ltr'><strong>volumine</strong></span> <span class='ocrx_word' id='word_1_306' title='bbox 1104 4184 1157 4230; x_wconf 93' lang='lat' dir='ltr'><strong>et</strong></span> <span class='ocrx_word' id='word_1_307' title='bbox 1191 4175 1410 4245; x_wconf 89' lang='lat' dir='ltr'><strong>quidem</strong></span> <span class='ocrx_word' id='word_1_308' title='bbox 1448 4175 1632 4230; x_wconf 90' lang='lat' dir='ltr'><strong>divino</strong></span> <span class='ocrx_word' id='word_1_309' title='bbox 1661 4177 1804 4246; x_wconf 88' lang='lat' dir='ltr'><strong>quod</strong></span> 
     </span>
    </p>
   </div>
   <div class='ocr_carea' id='block_1_44' title="bbox 236 4268 1803 4338">
    <p class='ocr_par' dir='ltr' id='par_1_44' title="bbox 236 4268 1803 4338">
     <span class='ocr_line' id='line_1_44' title="bbox 236 4268 1803 4338; baseline 0.001 -18"><span class='ocrx_word' id='word_1_310' title='bbox 236 4285 402 4338; x_wconf 87' lang='lat' dir='ltr'><strong>nuper</strong></span> <span class='ocrx_word' id='word_1_311' title='bbox 451 4285 647 4336; x_wconf 87' lang='lat' dir='ltr'><strong>magna</strong></span> <span class='ocrx_word' id='word_1_312' title='bbox 707 4283 827 4324; x_wconf 89' lang='lat' dir='ltr'><strong>cum</strong></span> <span class='ocrx_word' id='word_1_313' title='bbox 880 4281 1058 4324; x_wconf 87' lang='lat' dir='ltr'><strong>vestra</strong></span> <span class='ocrx_word' id='word_1_314' title='bbox 1131 4270 1548 4338; x_wconf 78' lang='lat' dir='ltr'><strong>exspectatione</strong></span> <span class='ocrx_word' id='word_1_315' title='bbox 1614 4268 1803 4324; x_wconf 87' lang='lat' dir='ltr'><strong>edidit.</strong></span> 
     </span>
    </p>
   </div>
   <div class='ocr_carea' id='block_1_45' title="bbox 235 4359 1806 4430">
    <p class='ocr_par' dir='ltr' id='par_1_45' title="bbox 235 4359 1806 4430">
     <span class='ocr_line' id='line_1_45' title="bbox 235 4359 1806 4430; baseline -0.001 -18"><span class='ocrx_word' id='word_1_316' title='bbox 235 4359 401 4423; x_wconf 87' lang='lat' dir='ltr'><strong>Quam</strong></span> <span class='ocrx_word' id='word_1_317' title='bbox 438 4361 621 4430; x_wconf 74' lang='lat' dir='ltr'><strong>gravis</strong></span> <span class='ocrx_word' id='word_1_318' title='bbox 667 4361 740 4414; x_wconf 86' lang='lat' dir='ltr'><strong>sit</strong></span> <span class='ocrx_word' id='word_1_319' title='bbox 774 4360 828 4413; x_wconf 91' lang='lat' dir='ltr'><strong>in</strong></span> <span class='ocrx_word' id='word_1_320' title='bbox 876 4360 1166 4424; x_wconf 85' lang='lat' dir='ltr'><strong>laudando,</strong></span> <span class='ocrx_word' id='word_1_321' title='bbox 1200 4360 1428 4415; x_wconf 86' lang='lat' dir='ltr'><strong>acerbus</strong></span> <span class='ocrx_word' id='word_1_322' title='bbox 1474 4360 1526 4413; x_wconf 91' lang='lat' dir='ltr'><strong>in</strong></span> <span class='ocrx_word' id='word_1_323' title='bbox 1591 4363 1806 4429; x_wconf 76' lang='lat' dir='ltr'><strong>vitupe-</strong></span> 
     </span>
    </p>
   </div>
   <div class='ocr_carea' id='block_1_46' title="bbox 240 4452 1804 4522">
    <p class='ocr_par' dir='ltr' id='par_1_46' title="bbox 240 4452 1804 4522">
     <span class='ocr_line' id='line_1_46' title="bbox 240 4452 1804 4522; baseline 0.002 -18"><span class='ocrx_word' id='word_1_324' title='bbox 240 4455 426 4516; x_wconf 58' lang='lat' dir='ltr'><strong>rando,</strong></span> <span class='ocrx_word' id='word_1_325' title='bbox 453 4455 506 4506; x_wconf 93' lang='lat' dir='ltr'><strong>in</strong></span> <span class='ocrx_word' id='word_1_326' title='bbox 530 4453 820 4507; x_wconf 89' lang='lat' dir='ltr'><strong>sententiis</strong></span> <span class='ocrx_word' id='word_1_327' title='bbox 846 4461 1094 4522; x_wconf 86' lang='lat' dir='ltr'><strong>argutus,</strong></span> <span class='ocrx_word' id='word_1_328' title='bbox 1123 4453 1176 4505; x_wconf 90' lang='lat' dir='ltr'><strong>in</strong></span> <span class='ocrx_word' id='word_1_329' title='bbox 1206 4452 1524 4506; x_wconf 89' lang='lat' dir='ltr'><strong>disserendo</strong></span> <span class='ocrx_word' id='word_1_330' title='bbox 1567 4453 1804 4518; x_wconf 87' lang='lat' dir='ltr'><strong>subtilis,</strong></span> 
     </span>
    </p>
   </div>
   <div class='ocr_carea' id='block_1_47' title="bbox 240 4544 1810 4615">
    <p class='ocr_par' dir='ltr' id='par_1_47' title="bbox 240 4544 1810 4615">
     <span class='ocr_line' id='line_1_47' title="bbox 240 4544 1810 4615; baseline 0.002 -18"><span class='ocrx_word' id='word_1_331' title='bbox 240 4550 291 4597; x_wconf 90' lang='lat' dir='ltr'><strong>in</strong></span> <span class='ocrx_word' id='word_1_332' title='bbox 313 4545 644 4600; x_wconf 85' lang='lat' dir='ltr'><strong>confutando</strong></span> <span class='ocrx_word' id='word_1_333' title='bbox 680 4561 830 4610; x_wconf 90' lang='lat' dir='ltr'><strong>acer,</strong></span> <span class='ocrx_word' id='word_1_334' title='bbox 881 4561 945 4599; x_wconf 91' lang='lat' dir='ltr'><strong>ex</strong></span> <span class='ocrx_word' id='word_1_335' title='bbox 980 4545 1083 4599; x_wconf 90' lang='lat' dir='ltr'><strong>hoc</strong></span> <span class='ocrx_word' id='word_1_336' title='bbox 1117 4544 1260 4599; x_wconf 86' lang='lat' dir='ltr'><strong>libro</strong></span> <span class='ocrx_word' id='word_1_337' title='bbox 1301 4545 1684 4614; x_wconf 88' lang='lat' dir='ltr'><strong>comprehendi</strong></span> <span class='ocrx_word' id='word_1_338' title='bbox 1714 4560 1810 4615; x_wconf 89' lang='lat' dir='ltr'><strong>po—</strong></span> 
     </span>
    </p>
   </div>
   <div class='ocr_carea' id='block_1_48' title="bbox 240 4636 1806 4706">
    <p class='ocr_par' dir='ltr' id='par_1_48' title="bbox 240 4636 1806 4706">
     <span class='ocr_line' id='line_1_48' title="bbox 240 4636 1806 4706; baseline 0 -17"><span class='ocrx_word' id='word_1_339' title='bbox 240 4647 359 4699; x_wconf 82' lang='lat' dir='ltr'><strong>test,</strong></span> <span class='ocrx_word' id='word_1_340' title='bbox 389 4640 442 4690; x_wconf 91' lang='lat' dir='ltr'><strong>in</strong></span> <span class='ocrx_word' id='word_1_341' title='bbox 473 4652 581 4706; x_wconf 89' lang='lat' dir='ltr'><strong>quo</strong></span> <span class='ocrx_word' id='word_1_342' title='bbox 607 4651 786 4692; x_wconf 90' lang='lat' dir='ltr'><strong>rerum</strong></span> <span class='ocrx_word' id='word_1_343' title='bbox 812 4636 1052 4692; x_wconf 89' lang='lat' dir='ltr'><strong>omnium</strong></span> <span class='ocrx_word' id='word_1_344' title='bbox 1074 4674 1091 4699; x_wconf 90' lang='lat'><strong>,</strong></span> <span class='ocrx_word' id='word_1_345' title='bbox 1121 4636 1424 4690; x_wconf 89' lang='lat' dir='ltr'><strong>divinarum</strong></span> <span class='ocrx_word' id='word_1_346' title='bbox 1459 4647 1514 4690; x_wconf 92' lang='lat' dir='ltr'><strong>et</strong></span> <span class='ocrx_word' id='word_1_347' title='bbox 1544 4636 1806 4689; x_wconf 75' lang='lat' dir='ltr'><strong>humana-</strong></span> 
     </span>
    </p>
   </div>
   <div class='ocr_carea' id='block_1_49' title="bbox 239 4727 1805 4797">
    <p class='ocr_par' dir='ltr' id='par_1_49' title="bbox 239 4727 1805 4797">
     <span class='ocr_line' id='line_1_49' title="bbox 239 4727 1805 4797; baseline 0.003 -19"><span class='ocrx_word' id='word_1_348' title='bbox 239 4742 378 4794; x_wconf 86' lang='lat' dir='ltr'><strong>rum,</strong></span> <span class='ocrx_word' id='word_1_349' title='bbox 411 4729 635 4783; x_wconf 85' lang='lat' dir='ltr'><strong>scientia</strong></span> <span class='ocrx_word' id='word_1_350' title='bbox 665 4739 921 4796; x_wconf 86' lang='lat' dir='ltr'><strong>tanquam</strong></span> <span class='ocrx_word' id='word_1_351' title='bbox 955 4728 1006 4781; x_wconf 89' lang='lat' dir='ltr'><strong>in</strong></span> <span class='ocrx_word' id='word_1_352' title='bbox 1041 4727 1282 4781; x_wconf 87' lang='lat' dir='ltr'><strong>sacrario</strong></span> <span class='ocrx_word' id='word_1_353' title='bbox 1309 4728 1547 4797; x_wconf 88' lang='lat' dir='ltr'><strong>reposita</strong></span> <span class='ocrx_word' id='word_1_354' title='bbox 1574 4729 1805 4784; x_wconf 88' lang='lat' dir='ltr'><strong>videtur.</strong></span> 
     </span>
    </p>
   </div>
   <div class='ocr_carea' id='block_1_50' title="bbox 243 4819 1806 4890">
    <p class='ocr_par' dir='ltr' id='par_1_50' title="bbox 243 4819 1806 4890">
     <span class='ocr_line' id='line_1_50' title="bbox 243 4819 1806 4890; baseline 0.003 -19"><span class='ocrx_word' id='word_1_355' title='bbox 243 4819 380 4873; x_wconf 78' lang='lat' dir='ltr'><strong>[line</strong></span> <span class='ocrx_word' id='word_1_356' title='bbox 418 4832 497 4874; x_wconf 89' lang='lat' dir='ltr'><strong>est</strong></span> <span class='ocrx_word' id='word_1_357' title='bbox 535 4829 685 4875; x_wconf 83' lang='lat' dir='ltr'><strong>certe</strong></span> <span class='ocrx_word' id='word_1_358' title='bbox 715 4823 860 4889; x_wconf 89' lang='lat' dir='ltr'><strong>quod</strong></span> <span class='ocrx_word' id='word_1_359' title='bbox 889 4819 1139 4872; x_wconf 89' lang='lat' dir='ltr'><strong>hauriant</strong></span> <span class='ocrx_word' id='word_1_360' title='bbox 1176 4819 1446 4889; x_wconf 83' lang='lat' dir='ltr'><strong>theologi,</strong></span> <span class='ocrx_word' id='word_1_361' title='bbox 1475 4820 1806 4890; x_wconf 88' lang='lat' dir='ltr'><strong>philosophi,</strong></span> 
     </span>
    </p>
   </div>
   <div class='ocr_carea' id='block_1_51' title="bbox 243 4913 1811 4985">
    <p class='ocr_par' dir='ltr' id='par_1_51' title="bbox 243 4913 1811 4985">
     <span class='ocr_line' id='line_1_51' title="bbox 243 4913 1811 4985; baseline 0.004 -21"><span class='ocrx_word' id='word_1_362' title='bbox 243 4913 634 4978; x_wconf 85' lang='lat' dir='ltr'><strong>mathematici,</strong></span> <span class='ocrx_word' id='word_1_363' title='bbox 686 4923 954 4974; x_wconf 89' lang='lat' dir='ltr'><strong>oratores.</strong></span> <span class='ocrx_word' id='word_1_364' title='bbox 987 4913 1252 4968; x_wconf 89' lang='lat' dir='ltr'><strong>dialectici</strong></span> <span class='ocrx_word' id='word_1_365' title='bbox 1297 4923 1352 4967; x_wconf 91' lang='lat' dir='ltr'><strong>et</strong></span> <span class='ocrx_word' id='word_1_366' title='bbox 1390 4916 1618 4983; x_wconf 88' lang='lat' dir='ltr'><strong>quodvis</strong></span> <span class='ocrx_word' id='word_1_367' title='bbox 1644 4931 1811 4985; x_wconf 90' lang='lat' dir='ltr'><strong>genus</strong></span> 
     </span>
    </p>
   </div>
   <div class='ocr_carea' id='block_1_52' title="bbox 245 5005 1808 5063">
    <p class='ocr_par' dir='ltr' id='par_1_52' title="bbox 245 5005 1808 5063">
     <span class='ocr_line' id='line_1_52' title="bbox 245 5005 1808 5063; baseline 0.003 -6"><span class='ocrx_word' id='word_1_368' title='bbox 245 5005 522 5060; x_wconf 87' lang='lat' dir='ltr'><strong>hominum</strong></span> <span class='ocrx_word' id='word_1_369' title='bbox 552 5005 790 5059; x_wconf 88' lang='lat' dir='ltr'><strong>civilium</strong></span> <span class='ocrx_word' id='word_1_370' title='bbox 828 5020 896 5059; x_wconf 89' lang='lat' dir='ltr'><strong>ac</strong></span> <span class='ocrx_word' id='word_1_371' title='bbox 935 5007 1326 5060; x_wconf 84' lang='lat' dir='ltr'><strong>studiosorum.</strong></span> <span class='ocrx_word' id='word_1_372' title='bbox 1365 5006 1576 5060; x_wconf 80' lang='lat' dir='ltr'><strong>Nullam</strong></span> <span class='ocrx_word' id='word_1_373' title='bbox 1607 5017 1808 5063; x_wconf 90' lang='lat' dir='ltr'><strong>sectam</strong></span> 
     </span>
    </p>
   </div>
   <div class='ocr_carea' id='block_1_53' title="bbox 239 5095 1803 5167">
    <p class='ocr_par' dir='ltr' id='par_1_53' title="bbox 239 5095 1803 5167">
     <span class='ocr_line' id='line_1_53' title="bbox 239 5095 1803 5167; baseline 0.003 -19"><span class='ocrx_word' id='word_1_374' title='bbox 239 5095 683 5166; x_wconf 80' lang='lat' dir='ltr'><strong>philosuphorutn</strong></span> <span class='ocrx_word' id='word_1_375' title='bbox 721 5098 1088 5166; x_wconf 58' lang='lat' dir='ltr'><strong>pratermittit</strong></span> <span class='ocrx_word' id='word_1_376' title='bbox 1114 5113 1274 5166; x_wconf 81' lang='lat' dir='ltr'><strong>quam</strong></span> <span class='ocrx_word' id='word_1_377' title='bbox 1311 5113 1420 5151; x_wconf 92' lang='lat' dir='ltr'><strong>non</strong></span> <span class='ocrx_word' id='word_1_378' title='bbox 1450 5109 1600 5153; x_wconf 90' lang='lat' dir='ltr'><strong>notet</strong></span> <span class='ocrx_word' id='word_1_379' title='bbox 1631 5113 1647 5152; x_wconf 88' lang='lat'><strong>:</strong></span> <span class='ocrx_word' id='word_1_380' title='bbox 1676 5101 1803 5167; x_wconf 89' lang='lat' dir='ltr'><strong>quid</strong></span> 
     </span>
    </p>
   </div>
   <div class='ocr_carea' id='block_1_54' title="bbox 239 5188 1816 5260">
    <p class='ocr_par' dir='ltr' id='par_1_54' title="bbox 239 5188 1816 5260">
     <span class='ocr_line' id='line_1_54' title="bbox 239 5188 1816 5260; baseline 0.004 -19"><span class='ocrx_word' id='word_1_381' title='bbox 239 5190 468 5257; x_wconf 82' lang='lat' dir='ltr'><strong>quisque</strong></span> <span class='ocrx_word' id='word_1_382' title='bbox 501 5188 724 5251; x_wconf 80' lang='lat' dir='ltr'><strong>dixerit,</strong></span> <span class='ocrx_word' id='word_1_383' title='bbox 763 5189 905 5256; x_wconf 85' lang='lat' dir='ltr'><strong>quod</strong></span> <span class='ocrx_word' id='word_1_384' title='bbox 963 5190 1176 5258; x_wconf 87' lang='lat' dir='ltr'><strong>probari</strong></span> <span class='ocrx_word' id='word_1_385' title='bbox 1232 5189 1595 5259; x_wconf 87' lang='lat' dir='ltr'><strong>irnprobarive</strong></span> <span class='ocrx_word' id='word_1_386' title='bbox 1632 5203 1816 5260; x_wconf 89' lang='lat' dir='ltr'><strong>posset</strong></span> 
     </span>
    </p>
   </div>
   <div class='ocr_carea' id='block_1_55' title="bbox 241 5278 1817 5352">
    <p class='ocr_par' dir='ltr' id='par_1_55' title="bbox 241 5278 1817 5352">
     <span class='ocr_line' id='line_1_55' title="bbox 241 5278 1817 5352; baseline 0.001 -19"><span class='ocrx_word' id='word_1_387' title='bbox 241 5280 502 5333; x_wconf 78' lang='lat' dir='ltr'><strong>ostendit:</strong></span> <span class='ocrx_word' id='word_1_388' title='bbox 525 5289 585 5332; x_wconf 91' lang='lat' dir='ltr'><strong>ut</strong></span> <span class='ocrx_word' id='word_1_389' title='bbox 609 5278 1073 5349; x_wconf 81' lang='lat' dir='ltr'><strong>Pythagoreorum</strong></span> <span class='ocrx_word' id='word_1_390' title='bbox 1100 5279 1320 5334; x_wconf 90' lang='lat' dir='ltr'><strong>nimiam</strong></span> <span class='ocrx_word' id='word_1_391' title='bbox 1357 5281 1640 5348; x_wconf 85' lang='lat' dir='ltr'><strong>pietatem,</strong></span> <span class='ocrx_word' id='word_1_392' title='bbox 1657 5281 1817 5352; x_wconf 80' lang='lat' dir='ltr'><strong>Cyni-</strong></span> 
     </span>
    </p>
   </div>
   <div class='ocr_carea' id='block_1_56' title="bbox 245 5370 1812 5443">
    <p class='ocr_par' dir='ltr' id='par_1_56' title="bbox 245 5370 1812 5443">
     <span class='ocr_line' id='line_1_56' title="bbox 245 5370 1812 5443; baseline 0.004 -21"><span class='ocrx_word' id='word_1_393' title='bbox 245 5385 425 5427; x_wconf 83' lang='lat' dir='ltr'><strong>corum</strong></span> <span class='ocrx_word' id='word_1_394' title='bbox 448 5373 836 5437; x_wconf 86' lang='lat' dir='ltr'><strong>rusticitatem,</strong></span> <span class='ocrx_word' id='word_1_395' title='bbox 866 5370 1174 5425; x_wconf 90' lang='lat' dir='ltr'><strong>Stoicorum</strong></span> <span class='ocrx_word' id='word_1_396' title='bbox 1203 5371 1576 5427; x_wconf 85' lang='lat' dir='ltr'><strong>austeritatem</strong></span> <span class='ocrx_word' id='word_1_397' title='bbox 1615 5374 1812 5443; x_wconf 84' lang='lat' dir='ltr'><strong>carpit.</strong></span> 
     </span>
    </p>
   </div>
   <div class='ocr_carea' id='block_1_57' title="bbox 248 5462 1812 5534">
    <p class='ocr_par' dir='ltr' id='par_1_57' title="bbox 248 5462 1812 5534">
     <span class='ocr_line' id='line_1_57' title="bbox 248 5462 1812 5534; baseline 0.003 -18"><span class='ocrx_word' id='word_1_398' title='bbox 248 5462 313 5516; x_wconf 88' lang='lat' dir='ltr'><strong>ita</strong></span> <span class='ocrx_word' id='word_1_399' title='bbox 328 5462 809 5534; x_wconf 81' lang='lat' dir='ltr'><strong>Peripateticorum</strong></span> <span class='ocrx_word' id='word_1_400' title='bbox 823 5473 877 5518; x_wconf 93' lang='lat' dir='ltr'><strong>et</strong></span> <span class='ocrx_word' id='word_1_401' title='bbox 893 5471 1132 5518; x_wconf 79' lang='lat' dir='ltr'><strong>veterum</strong></span> <span class='ocrx_word' id='word_1_402' title='bbox 1146 5463 1590 5519; x_wconf 86' lang='lat' dir='ltr'><strong>Academicorum</strong></span> <span class='ocrx_word' id='word_1_403' title='bbox 1606 5465 1812 5522; x_wconf 90' lang='lat' dir='ltr'><strong>medio-</strong></span> 
     </span>
    </p>
   </div>
   <div class='ocr_carea' id='block_1_58' title="bbox 248 5555 1816 5630">
    <p class='ocr_par' dir='ltr' id='par_1_58' title="bbox 248 5555 1816 5630">
     <span class='ocr_line' id='line_1_58' title="bbox 248 5555 1816 5630; baseline 0.006 -22"><span class='ocrx_word' id='word_1_404' title='bbox 248 5557 488 5611; x_wconf 87' lang='lat' dir='ltr'><strong>critatcm</strong></span> <span class='ocrx_word' id='word_1_405' title='bbox 512 5556 933 5624; x_wconf 81' lang='lat' dir='ltr'><strong>laudat;extul|it</strong></span> <span class='ocrx_word' id='word_1_406' title='bbox 953 5556 1322 5622; x_wconf 78' lang='lat' dir='ltr'><strong>Aristotelem,</strong></span> <span class='ocrx_word' id='word_1_407' title='bbox 1347 5555 1618 5612; x_wconf 81' lang='lat' dir='ltr'><strong>Platonem</strong></span> <span class='ocrx_word' id='word_1_408' title='bbox 1641 5560 1816 5630; x_wconf 86' lang='lat' dir='ltr'><strong>philo-</strong></span> 
     </span>
    </p>
   </div>
   <div class='ocr_carea' id='block_1_59' title="bbox 317 5739 1527 5811">
    <p class='ocr_par' dir='ltr' id='par_1_59' title="bbox 317 5739 1527 5811">
     <span class='ocr_line' id='line_1_59' title="bbox 317 5739 1527 5811; baseline 0.005 -19"><span class='ocrx_word' id='word_1_409' title='bbox 317 5740 389 5811; x_wconf 77' lang='grc'><strong>(1)</strong></span> <span class='ocrx_word' id='word_1_410' title='bbox 422 5739 518 5795; x_wconf 81' lang='lat' dir='ltr'><strong>llic</strong></span> <span class='ocrx_word' id='word_1_411' title='bbox 558 5742 698 5794; x_wconf 76' lang='lat' dir='ltr'><strong>enim</strong></span> <span class='ocrx_word' id='word_1_412' title='bbox 852 5741 1106 5796; x_wconf 64' lang='lat' dir='ltr'><strong>debuisset</strong></span> <span class='ocrx_word' id='word_1_413' title='bbox 1133 5755 1240 5797; x_wconf 89' lang='lat' dir='ltr'><strong>om.</strong></span> <span class='ocrx_word' id='word_1_414' title='bbox 1275 5739 1527 5798; x_wconf 81' lang='lat' dir='ltr'><strong>Bzovius.</strong></span> 
     </span>
    </p>
   </div>
   <div class='ocr_carea' id='block_1_60' title="bbox 1283 279 2383 350">
    <p class='ocr_par' dir='ltr' id='par_1_60' title="bbox 1283 279 2383 350">
     <span class='ocr_line' id='line_1_60' title="bbox 1283 279 2383 350; baseline 0.01 -12"><span class='ocrx_word' id='word_1_415' title='bbox 1283 279 1814 342; x_wconf 76' lang='lat' dir='ltr'><strong>PANEGYRIC‘US</strong></span> <span class='ocrx_word' id='word_1_416' title='bbox 1859 280 2383 350; x_wconf 78' lang='lat' dir='ltr'><strong>BESSARIONIS.</strong></span> 
     </span>
    </p>
   </div>
   <div class='ocr_carea' id='block_1_61' title="bbox 3349 306 3476 348">
    <p class='ocr_par' dir='ltr' id='par_1_61' title="bbox 3349 306 3476 348">
     <span class='ocr_line' id='line_1_61' title="bbox 3349 306 3476 348; baseline -0.024 0"><span class='ocrx_word' id='word_1_417' title='bbox 3349 306 3476 348; x_wconf 55' lang='grc' dir='ltr'><strong>εἵη</strong></span> 
     </span>
    </p>
   </div>
   <div class='ocr_carea' id='block_1_62' title="bbox 1903 401 3476 479">
    <p class='ocr_par' dir='ltr' id='par_1_62' title="bbox 1903 401 3476 479">
     <span class='ocr_line' id='line_1_62' title="bbox 1903 401 3476 479; baseline 0.011 -26"><span class='ocrx_word' id='word_1_418' title='bbox 1903 401 2197 468; x_wconf 89' lang='lat' dir='ltr'><strong>sophorum</strong></span> <span class='ocrx_word' id='word_1_419' title='bbox 2227 407 2526 479; x_wconf 88' lang='lat' dir='ltr'><strong>principem</strong></span> <span class='ocrx_word' id='word_1_420' title='bbox 2546 407 2694 475; x_wconf 84' lang='lat' dir='ltr'><strong>facit,</strong></span> <span class='ocrx_word' id='word_1_421' title='bbox 2722 423 2951 479; x_wconf 87' lang='lat' dir='ltr'><strong>quocum</strong></span> <span class='ocrx_word' id='word_1_422' title='bbox 2981 410 3130 479; x_wconf 84' lang='lat' dir='ltr'><strong>plura</strong></span> <span class='ocrx_word' id='word_1_423' title='bbox 3149 411 3476 470; x_wconf 73' lang='lat' dir='ltr'><strong>Christianis</strong></span> 
     </span>
    </p>
   </div>
   <div class='ocr_carea' id='block_1_63' title="bbox 1905 493 3473 576">
    <p class='ocr_par' dir='ltr' id='par_1_63' title="bbox 1905 493 3473 576">
     <span class='ocr_line' id='line_1_63' title="bbox 1905 493 3473 576; baseline 0.008 -26"><span class='ocrx_word' id='word_1_424' title='bbox 1905 493 2141 554; x_wconf 81' lang='lat' dir='ltr'><strong>ostendit</strong></span> <span class='ocrx_word' id='word_1_425' title='bbox 2165 504 2453 557; x_wconf 90' lang='lat' dir='ltr'><strong>convenire</strong></span> <span class='ocrx_word' id='word_1_426' title='bbox 2472 518 2632 573; x_wconf 90' lang='lat' dir='ltr'><strong>quam</strong></span> <span class='ocrx_word' id='word_1_427' title='bbox 2651 519 2772 558; x_wconf 88' lang='lat' dir='ltr'><strong>eum</strong></span> <span class='ocrx_word' id='word_1_428' title='bbox 2793 506 2973 576; x_wconf 87' lang='lat' dir='ltr'><strong>aliquo</strong></span> <span class='ocrx_word' id='word_1_429' title='bbox 2996 505 3434 576; x_wconf 88' lang='lat' dir='ltr'><strong>philosophorum</strong></span> <span class='ocrx_word' id='word_1_430' title='bbox 3455 526 3473 573; x_wconf 85' lang='lat'><strong>;</strong></span> 
     </span>
    </p>
   </div>
   <div class='ocr_carea' id='block_1_64' title="bbox 1904 595 3472 666">
    <p class='ocr_par' dir='ltr' id='par_1_64' title="bbox 1904 595 3472 666">
     <span class='ocr_line' id='line_1_64' title="bbox 1904 595 3472 666; baseline 0.007 -23"><span class='ocrx_word' id='word_1_431' title='bbox 1904 605 2082 660; x_wconf 89' lang='lat' dir='ltr'><strong>neque</strong></span> <span class='ocrx_word' id='word_1_432' title='bbox 2111 595 2162 648; x_wconf 92' lang='lat' dir='ltr'><strong>id</strong></span> <span class='ocrx_word' id='word_1_433' title='bbox 2200 596 2415 665; x_wconf 88' lang='lat' dir='ltr'><strong>quidem</strong></span> <span class='ocrx_word' id='word_1_434' title='bbox 2472 598 2842 666; x_wconf 86' lang='lat' dir='ltr'><strong>theologorum</strong></span> <span class='ocrx_word' id='word_1_435' title='bbox 2881 611 3190 655; x_wconf 89' lang='lat' dir='ltr'><strong>nostrorum</strong></span> <span class='ocrx_word' id='word_1_436' title='bbox 3235 604 3472 656; x_wconf 84' lang='lat' dir='ltr'><strong>auctori-</strong></span> 
     </span>
    </p>
   </div>
   <div class='ocr_carea' id='block_1_65' title="bbox 1904 689 3476 764">
    <p class='ocr_par' dir='ltr' id='par_1_65' title="bbox 1904 689 3476 764">
     <span class='ocr_line' id='line_1_65' title="bbox 1904 689 3476 764; baseline 0.006 -28"><span class='ocrx_word' id='word_1_437' title='bbox 1904 691 2012 736; x_wconf 90' lang='lat' dir='ltr'><strong>tate</strong></span> <span class='ocrx_word' id='word_1_438' title='bbox 2042 689 2418 743; x_wconf 88' lang='lat' dir='ltr'><strong>tantummodo</strong></span> <span class='ocrx_word' id='word_1_439' title='bbox 2457 691 2647 758; x_wconf 87' lang='lat' dir='ltr'><strong>probat</strong></span> <span class='ocrx_word' id='word_1_440' title='bbox 2675 733 2689 757; x_wconf 94' lang='lat'><strong>,</strong></span> <span class='ocrx_word' id='word_1_441' title='bbox 2740 706 2926 747; x_wconf 85' lang='lat' dir='ltr'><strong>verum</strong></span> <span class='ocrx_word' id='word_1_442' title='bbox 2959 693 3119 747; x_wconf 89' lang='lat' dir='ltr'><strong>etiam</strong></span> <span class='ocrx_word' id='word_1_443' title='bbox 3162 692 3476 764; x_wconf 72' lang='lat' dir='ltr'><strong>syllogismo</strong></span> 
     </span>
    </p>
   </div>
   <div class='ocr_carea' id='block_1_66' title="bbox 1902 777 3479 854">
    <p class='ocr_par' dir='ltr' id='par_1_66' title="bbox 1902 777 3479 854">
     <span class='ocr_line' id='line_1_66' title="bbox 1902 777 3479 854; baseline 0.008 -25"><span class='ocrx_word' id='word_1_444' title='bbox 1902 783 1954 829; x_wconf 91' lang='lat' dir='ltr'><strong>et</strong></span> <span class='ocrx_word' id='word_1_445' title='bbox 1987 777 2310 842; x_wconf 85' lang='lat' dir='ltr'><strong>rationibus.</strong></span> <span class='ocrx_word' id='word_1_446' title='bbox 2372 783 2570 851; x_wconf 85' lang='lat' dir='ltr'><strong>quibus</strong></span> <span class='ocrx_word' id='word_1_447' title='bbox 2620 783 2990 839; x_wconf 85' lang='lat' dir='ltr'><strong>adversarium</strong></span> <span class='ocrx_word' id='word_1_448' title='bbox 3044 785 3116 839; x_wconf 89' lang='lat' dir='ltr'><strong>ita</strong></span> <span class='ocrx_word' id='word_1_449' title='bbox 3151 785 3479 854; x_wconf 85' lang='lat' dir='ltr'><strong>circumagit</strong></span> 
     </span>
    </p>
   </div>
   <div class='ocr_carea' id='block_1_67' title="bbox 1901 871 3479 945">
    <p class='ocr_par' dir='ltr' id='par_1_67' title="bbox 1901 871 3479 945">
     <span class='ocr_line' id='line_1_67' title="bbox 1901 871 3479 945; baseline 0.007 -23"><span class='ocrx_word' id='word_1_450' title='bbox 1901 877 1955 923; x_wconf 92' lang='lat' dir='ltr'><strong>et</strong></span> <span class='ocrx_word' id='word_1_451' title='bbox 2000 871 2262 940; x_wconf 80' lang='lat' dir='ltr'><strong>opprimit</strong></span> <span class='ocrx_word' id='word_1_452' title='bbox 2317 883 2375 927; x_wconf 91' lang='lat' dir='ltr'><strong>ut</strong></span> <span class='ocrx_word' id='word_1_453' title='bbox 2411 889 2582 944; x_wconf 90' lang='lat' dir='ltr'><strong>neque</strong></span> <span class='ocrx_word' id='word_1_454' title='bbox 2608 891 2713 945; x_wconf 90' lang='lat' dir='ltr'><strong>quo</strong></span> <span class='ocrx_word' id='word_1_455' title='bbox 2747 891 2804 932; x_wconf 85' lang='lat' dir='ltr'><strong>se</strong></span> <span class='ocrx_word' id='word_1_456' title='bbox 2842 876 3070 945; x_wconf 87' lang='lat' dir='ltr'><strong>recipiat</strong></span> <span class='ocrx_word' id='word_1_457' title='bbox 3117 878 3479 933; x_wconf 88' lang='lat' dir='ltr'><strong>calumniator</strong></span> 
     </span>
    </p>
   </div>
   <div class='ocr_carea' id='block_1_68' title="bbox 1899 961 3473 1038">
    <p class='ocr_par' dir='ltr' id='par_1_68' title="bbox 1899 961 3473 1038">
     <span class='ocr_line' id='line_1_68' title="bbox 1899 961 3473 1038; baseline 0.006 -23"><span class='ocrx_word' id='word_1_458' title='bbox 1899 961 2073 1017; x_wconf 90' lang='lat' dir='ltr'><strong>divini</strong></span> <span class='ocrx_word' id='word_1_459' title='bbox 2133 964 2376 1022; x_wconf 85' lang='lat' dir='ltr'><strong>Platonis</strong></span> <span class='ocrx_word' id='word_1_460' title='bbox 2431 965 2658 1034; x_wconf 85' lang='lat' dir='ltr'><strong>haheat,</strong></span> <span class='ocrx_word' id='word_1_461' title='bbox 2723 982 2902 1036; x_wconf 90' lang='lat' dir='ltr'><strong>neque</strong></span> <span class='ocrx_word' id='word_1_462' title='bbox 2947 969 3074 1038; x_wconf 89' lang='lat' dir='ltr'><strong>quid</strong></span> <span class='ocrx_word' id='word_1_463' title='bbox 3131 971 3473 1038; x_wconf 88' lang='lat' dir='ltr'><strong>respondeat,</strong></span> 
     </span>
    </p>
   </div>
   <div class='ocr_carea' id='block_1_69' title="bbox 1899 1054 3470 1131">
    <p class='ocr_par' dir='ltr' id='par_1_69' title="bbox 1899 1054 3470 1131">
     <span class='ocr_line' id='line_1_69' title="bbox 1899 1054 3470 1131; baseline 0.007 -24"><span class='ocrx_word' id='word_1_464' title='bbox 1899 1054 2126 1110; x_wconf 90' lang='lat' dir='ltr'><strong>obrutus</strong></span> <span class='ocrx_word' id='word_1_465' title='bbox 2164 1059 2520 1125; x_wconf 81' lang='lat' dir='ltr'><strong>argumentis,</strong></span> <span class='ocrx_word' id='word_1_466' title='bbox 2561 1060 2696 1115; x_wconf 87' lang='lat' dir='ltr'><strong>satis</strong></span> <span class='ocrx_word' id='word_1_467' title='bbox 2729 1061 2991 1116; x_wconf 87' lang='lat' dir='ltr'><strong>inveniat.</strong></span> <span class='ocrx_word' id='word_1_468' title='bbox 3026 1061 3178 1116; x_wconf 81' lang='lat' dir='ltr'><strong>Hunc</strong></span> <span class='ocrx_word' id='word_1_469' title='bbox 3205 1062 3470 1131; x_wconf 84' lang='lat' dir='ltr'><strong>siquidem</strong></span> 
     </span>
    </p>
   </div>
   <div class='ocr_carea' id='block_1_70' title="bbox 1905 1143 3470 1218">
    <p class='ocr_par' dir='ltr' id='par_1_70' title="bbox 1905 1143 3470 1218">
     <span class='ocr_line' id='line_1_70' title="bbox 1905 1143 3470 1218; baseline 0.008 -21"><span class='ocrx_word' id='word_1_470' title='bbox 1905 1143 2322 1202; x_wconf 87' lang='lat' dir='ltr'><strong>homuncionem</strong></span> <span class='ocrx_word' id='word_1_471' title='bbox 2347 1150 2428 1204; x_wconf 92' lang='lat' dir='ltr'><strong>vir</strong></span> <span class='ocrx_word' id='word_1_472' title='bbox 2454 1151 2821 1218; x_wconf 88' lang='lat' dir='ltr'><strong>amplissimus</strong></span> <span class='ocrx_word' id='word_1_473' title='bbox 2846 1155 2916 1207; x_wconf 91' lang='lat' dir='ltr'><strong>ita</strong></span> <span class='ocrx_word' id='word_1_474' title='bbox 2948 1153 3216 1208; x_wconf 87' lang='lat' dir='ltr'><strong>interdum</strong></span> <span class='ocrx_word' id='word_1_475' title='bbox 3239 1152 3470 1218; x_wconf 83' lang='lat' dir='ltr'><strong>deridet,</strong></span> 
     </span>
    </p>
   </div>
   <div class='ocr_carea' id='block_1_71' title="bbox 1899 1241 3469 1316">
    <p class='ocr_par' dir='ltr' id='par_1_71' title="bbox 1899 1241 3469 1316">
     <span class='ocr_line' id='line_1_71' title="bbox 1899 1241 3469 1316; baseline 0.007 -26"><span class='ocrx_word' id='word_1_476' title='bbox 1899 1245 2111 1291; x_wconf 87' lang='lat' dir='ltr'><strong>servata</strong></span> <span class='ocrx_word' id='word_1_477' title='bbox 2142 1241 2406 1308; x_wconf 88' lang='lat' dir='ltr'><strong>gravitate</strong></span> <span class='ocrx_word' id='word_1_478' title='bbox 2435 1243 2736 1312; x_wconf 85' lang='lat' dir='ltr'><strong>dignitatis,</strong></span> <span class='ocrx_word' id='word_1_479' title='bbox 2771 1253 2830 1299; x_wconf 92' lang='lat' dir='ltr'><strong>ut</strong></span> <span class='ocrx_word' id='word_1_480' title='bbox 2874 1245 3028 1300; x_wconf 89' lang='lat' dir='ltr'><strong>fateri</strong></span> <span class='ocrx_word' id='word_1_481' title='bbox 3074 1255 3234 1316; x_wconf 83' lang='lat' dir='ltr'><strong>cogat</strong></span> <span class='ocrx_word' id='word_1_482' title='bbox 3269 1261 3328 1301; x_wconf 90' lang='lat' dir='ltr'><strong>se</strong></span> <span class='ocrx_word' id='word_1_483' title='bbox 3361 1261 3469 1301; x_wconf 91' lang='lat' dir='ltr'><strong>non</strong></span> 
     </span>
    </p>
   </div>
   <div class='ocr_carea' id='block_1_72' title="bbox 1901 1328 3470 1407">
    <p class='ocr_par' dir='ltr' id='par_1_72' title="bbox 1901 1328 3470 1407">
     <span class='ocr_line' id='line_1_72' title="bbox 1901 1328 3470 1407; baseline 0.009 -28"><span class='ocrx_word' id='word_1_484' title='bbox 1901 1328 2061 1382; x_wconf 91' lang='lat' dir='ltr'><strong>modo</strong></span> <span class='ocrx_word' id='word_1_485' title='bbox 2085 1329 2419 1388; x_wconf 81' lang='lat' dir='ltr'><strong>intellexisse</strong></span> <span class='ocrx_word' id='word_1_486' title='bbox 2439 1332 2680 1391; x_wconf 87' lang='lat' dir='ltr'><strong>Platonis</strong></span> <span class='ocrx_word' id='word_1_487' title='bbox 2704 1345 2964 1402; x_wconf 88' lang='lat' dir='ltr'><strong>mentem,</strong></span> <span class='ocrx_word' id='word_1_488' title='bbox 2997 1352 3153 1407; x_wconf 86' lang='lat' dir='ltr'><strong>quem</strong></span> <span class='ocrx_word' id='word_1_489' title='bbox 3187 1338 3272 1392; x_wconf 92' lang='lat' dir='ltr'><strong>hic</strong></span> <span class='ocrx_word' id='word_1_490' title='bbox 3297 1352 3470 1393; x_wconf 85' lang='lat' dir='ltr'><strong>novus</strong></span> 
     </span>
    </p>
   </div>
   <div class='ocr_carea' id='block_1_73' title="bbox 1897 1417 3474 1496">
    <p class='ocr_par' dir='ltr' id='par_1_73' title="bbox 1897 1417 3474 1496">
     <span class='ocr_line' id='line_1_73' title="bbox 1897 1417 3474 1496; baseline 0.008 -22"><span class='ocrx_word' id='word_1_491' title='bbox 1897 1417 2209 1476; x_wconf 88' lang='lat' dir='ltr'><strong>Carneades</strong></span> <span class='ocrx_word' id='word_1_492' title='bbox 2263 1423 2596 1492; x_wconf 65' lang='lat' dir='ltr'><strong>imperitiae,</strong></span> <span class='ocrx_word' id='word_1_493' title='bbox 2653 1428 3027 1496; x_wconf 86' lang='lat' dir='ltr'><strong>turpitudinis,</strong></span> <span class='ocrx_word' id='word_1_494' title='bbox 3090 1422 3474 1486; x_wconf 75' lang='lat' dir='ltr'><strong>inconstantia:</strong></span> 
     </span>
    </p>
   </div>
   <div class='ocr_carea' id='block_1_74' title="bbox 1899 1512 3473 1590">
    <p class='ocr_par' dir='ltr' id='par_1_74' title="bbox 1899 1512 3473 1590">
     <span class='ocr_line' id='line_1_74' title="bbox 1899 1512 3473 1590; baseline 0.007 -26"><span class='ocrx_word' id='word_1_495' title='bbox 1899 1512 2095 1580; x_wconf 89' lang='lat' dir='ltr'><strong>arguit,</strong></span> <span class='ocrx_word' id='word_1_496' title='bbox 2126 1514 2220 1568; x_wconf 91' lang='lat' dir='ltr'><strong>sed</strong></span> <span class='ocrx_word' id='word_1_497' title='bbox 2263 1529 2331 1569; x_wconf 91' lang='lat' dir='ltr'><strong>ne</strong></span> <span class='ocrx_word' id='word_1_498' title='bbox 2367 1515 2563 1586; x_wconf 70' lang='lat' dir='ltr'><strong>lingua:</strong></span> <span class='ocrx_word' id='word_1_499' title='bbox 2611 1519 2828 1588; x_wconf 87' lang='lat' dir='ltr'><strong>quidem</strong></span> <span class='ocrx_word' id='word_1_500' title='bbox 2857 1521 3059 1576; x_wconf 58' lang='lat' dir='ltr'><strong>Graeca:</strong></span> <span class='ocrx_word' id='word_1_501' title='bbox 3090 1522 3473 1590; x_wconf 82' lang='lat' dir='ltr'><strong>preprietatem</strong></span> 
     </span>
    </p>
   </div>
   <div class='ocr_carea' id='block_1_75' title="bbox 1900 1603 3472 1683">
    <p class='ocr_par' dir='ltr' id='par_1_75' title="bbox 1900 1603 3472 1683">
     <span class='ocr_line' id='line_1_75' title="bbox 1900 1603 3472 1683; baseline 0.007 -28"><span class='ocrx_word' id='word_1_502' title='bbox 1900 1603 2156 1671; x_wconf 89' lang='lat' dir='ltr'><strong>tenuisse,</strong></span> <span class='ocrx_word' id='word_1_503' title='bbox 2189 1620 2313 1661; x_wconf 89' lang='lat' dir='ltr'><strong>cum</strong></span> <span class='ocrx_word' id='word_1_504' title='bbox 2345 1608 2462 1677; x_wconf 91' lang='lat' dir='ltr'><strong>ipse</strong></span> <span class='ocrx_word' id='word_1_505' title='bbox 2495 1607 2714 1666; x_wconf 70' lang='lat' dir='ltr'><strong>Graecus</strong></span> <span class='ocrx_word' id='word_1_506' title='bbox 2744 1611 2815 1666; x_wconf 91' lang='lat' dir='ltr'><strong>sit</strong></span> <span class='ocrx_word' id='word_1_507' title='bbox 2840 1622 2893 1666; x_wconf 91' lang='lat' dir='ltr'><strong>et</strong></span> <span class='ocrx_word' id='word_1_508' title='bbox 2921 1611 3160 1667; x_wconf 81' lang='lat' dir='ltr'><strong>Platonis</strong></span> <span class='ocrx_word' id='word_1_509' title='bbox 3195 1614 3338 1683; x_wconf 89' lang='lat' dir='ltr'><strong>leges</strong></span> <span class='ocrx_word' id='word_1_510' title='bbox 3363 1629 3472 1667; x_wconf 92' lang='lat' dir='ltr'><strong>non</strong></span> 
     </span>
    </p>
   </div>
   <div class='ocr_carea' id='block_1_76' title="bbox 1863 1698 3472 1774">
    <p class='ocr_par' dir='ltr' id='par_1_76' title="bbox 1863 1698 3472 1774">
     <span class='ocr_line' id='line_1_76' title="bbox 1863 1698 3472 1774; baseline 0.002 -20"><span class='ocrx_word' id='word_1_511' title='bbox 1863 1728 1872 1731; x_wconf 91' lang='lat'><em>-</em></span> <span class='ocrx_word' id='word_1_512' title='bbox 1902 1698 2123 1754; x_wconf 87' lang='lat' dir='ltr'><strong>Latinas</strong></span> <span class='ocrx_word' id='word_1_513' title='bbox 2155 1699 2356 1766; x_wconf 85' lang='lat' dir='ltr'><strong>facere,</strong></span> <span class='ocrx_word' id='word_1_514' title='bbox 2408 1701 2504 1756; x_wconf 89' lang='lat' dir='ltr'><strong>sed</strong></span> <span class='ocrx_word' id='word_1_515' title='bbox 2558 1701 2854 1772; x_wconf 84' lang='lat' dir='ltr'><strong>depravare</strong></span> <span class='ocrx_word' id='word_1_516' title='bbox 2879 1715 3125 1770; x_wconf 89' lang='lat' dir='ltr'><strong>conatus,</strong></span> <span class='ocrx_word' id='word_1_517' title='bbox 3163 1704 3472 1774; x_wconf 87' lang='lat' dir='ltr'><strong>philosophi</strong></span> 
     </span>
    </p>
   </div>
   <div class='ocr_carea' id='block_1_77' title="bbox 1897 1789 3472 1861">
    <p class='ocr_par' dir='ltr' id='par_1_77' title="bbox 1897 1789 3472 1861">
     <span class='ocr_line' id='line_1_77' title="bbox 1897 1789 3472 1861; baseline 0.003 -16"><span class='ocrx_word' id='word_1_518' title='bbox 1897 1790 2195 1846; x_wconf 90' lang='lat' dir='ltr'><strong>sententias</strong></span> <span class='ocrx_word' id='word_1_519' title='bbox 2217 1792 2543 1848; x_wconf 83' lang='lat' dir='ltr'><strong>everteritet</strong></span> <span class='ocrx_word' id='word_1_520' title='bbox 2560 1792 2904 1849; x_wconf 89' lang='lat' dir='ltr'><strong>obscuriores</strong></span> <span class='ocrx_word' id='word_1_521' title='bbox 2932 1789 3242 1849; x_wconf 85' lang='lat' dir='ltr'><strong>reddiderit.</strong></span> <span class='ocrx_word' id='word_1_522' title='bbox 3261 1795 3472 1861; x_wconf 87' lang='lat' dir='ltr'><strong>Quanta</strong></span> 
     </span>
    </p>
   </div>
   <div class='ocr_carea' id='block_1_78' title="bbox 1898 1871 3473 1955">
    <p class='ocr_par' dir='ltr' id='par_1_78' title="bbox 1898 1871 3473 1955">
     <span class='ocr_line' id='line_1_78' title="bbox 1898 1871 3473 1955; baseline 0.004 -19"><span class='ocrx_word' id='word_1_523' title='bbox 1898 1883 2238 1953; x_wconf 86' lang='lat' dir='ltr'><strong>fuerithujus</strong></span> <span class='ocrx_word' id='word_1_524' title='bbox 2261 1884 2513 1950; x_wconf 88' lang='lat' dir='ltr'><strong>audacia,</strong></span> <span class='ocrx_word' id='word_1_525' title='bbox 2535 1883 2793 1951; x_wconf 86' lang='lat' dir='ltr'><strong>Quirites,</strong></span> <span class='ocrx_word' id='word_1_526' title='bbox 2813 1886 3248 1951; x_wconf 80' lang='lat' dir='ltr'><strong>animadvertite,</strong></span> <span class='ocrx_word' id='word_1_527' title='bbox 3263 1871 3473 1955; x_wconf 77' lang='lat' dir='ltr'><strong>quaeso.</strong></span> 
     </span>
    </p>
   </div>
   <div class='ocr_carea' id='block_1_79' title="bbox 1897 1975 3480 2047">
    <p class='ocr_par' dir='ltr' id='par_1_79' title="bbox 1897 1975 3480 2047">
     <span class='ocr_line' id='line_1_79' title="bbox 1897 1975 3480 2047; baseline 0.001 -17"><span class='ocrx_word' id='word_1_528' title='bbox 1897 1975 1995 2030; x_wconf 85' lang='lat' dir='ltr'><strong>llic</strong></span> <span class='ocrx_word' id='word_1_529' title='bbox 2028 1976 2174 2031; x_wconf 91' lang='lat' dir='ltr'><strong>enim</strong></span> <span class='ocrx_word' id='word_1_530' title='bbox 2210 1992 2272 2031; x_wconf 92' lang='lat' dir='ltr'><strong>ac</strong></span> <span class='ocrx_word' id='word_1_531' title='bbox 2304 1978 2348 2031; x_wconf 90' lang='lat' dir='ltr'><strong>si</strong></span> <span class='ocrx_word' id='word_1_532' title='bbox 2386 1979 2440 2031; x_wconf 89' lang='lat' dir='ltr'><strong>in</strong></span> <span class='ocrx_word' id='word_1_533' title='bbox 2465 1976 2659 2047; x_wconf 89' lang='lat' dir='ltr'><strong>quavis</strong></span> <span class='ocrx_word' id='word_1_534' title='bbox 2691 1977 2916 2033; x_wconf 89' lang='lat' dir='ltr'><strong>scientia</strong></span> <span class='ocrx_word' id='word_1_535' title='bbox 2939 2020 2954 2044; x_wconf 89' lang='lat'><strong>,</strong></span> <span class='ocrx_word' id='word_1_536' title='bbox 2984 1980 3232 2034; x_wconf 86' lang='lat' dir='ltr'><strong>doctrina</strong></span> <span class='ocrx_word' id='word_1_537' title='bbox 3260 1990 3313 2034; x_wconf 92' lang='lat' dir='ltr'><strong>et</strong></span> <span class='ocrx_word' id='word_1_538' title='bbox 3337 1979 3480 2033; x_wconf 90' lang='lat' dir='ltr'><strong>anti-</strong></span> 
     </span>
    </p>
   </div>
   <div class='ocr_carea' id='block_1_80' title="bbox 1899 2067 3476 2138">
    <p class='ocr_par' dir='ltr' id='par_1_80' title="bbox 1899 2067 3476 2138">
     <span class='ocr_line' id='line_1_80' title="bbox 1899 2067 3476 2138; baseline 0.005 -21"><span class='ocrx_word' id='word_1_539' title='bbox 1899 2067 2110 2136; x_wconf 88' lang='lat' dir='ltr'><strong>quitate</strong></span> <span class='ocrx_word' id='word_1_540' title='bbox 2158 2067 2308 2123; x_wconf 89' lang='lat' dir='ltr'><strong>solus</strong></span> <span class='ocrx_word' id='word_1_541' title='bbox 2343 2068 2537 2122; x_wconf 90' lang='lat' dir='ltr'><strong>doctor</strong></span> <span class='ocrx_word' id='word_1_542' title='bbox 2585 2069 2827 2138; x_wconf 90' lang='lat' dir='ltr'><strong>gentium</strong></span> <span class='ocrx_word' id='word_1_543' title='bbox 2880 2069 3175 2125; x_wconf 88' lang='lat' dir='ltr'><strong>haberetur</strong></span> <span class='ocrx_word' id='word_1_544' title='bbox 3221 2078 3276 2124; x_wconf 88' lang='lat' dir='ltr'><strong>et</strong></span> <span class='ocrx_word' id='word_1_545' title='bbox 3327 2069 3476 2125; x_wconf 90' lang='lat' dir='ltr'><strong>solus</strong></span> 
     </span>
    </p>
   </div>
   <div class='ocr_carea' id='block_1_81' title="bbox 1901 2155 3478 2233">
    <p class='ocr_par' dir='ltr' id='par_1_81' title="bbox 1901 2155 3478 2233">
     <span class='ocr_line' id='line_1_81' title="bbox 1901 2155 3478 2233; baseline 0.002 -19"><span class='ocrx_word' id='word_1_546' title='bbox 1901 2155 2442 2232; x_wconf 86' lang='lat' dir='ltr'><strong>peragrassetorbem</strong></span> <span class='ocrx_word' id='word_1_547' title='bbox 2461 2171 2729 2218; x_wconf 87' lang='lat' dir='ltr'><strong>terrarum</strong></span> <span class='ocrx_word' id='word_1_548' title='bbox 2753 2164 2998 2220; x_wconf 88' lang='lat' dir='ltr'><strong>discendi</strong></span> <span class='ocrx_word' id='word_1_549' title='bbox 3026 2179 3190 2218; x_wconf 84' lang='lat' dir='ltr'><strong>causa</strong></span> <span class='ocrx_word' id='word_1_550' title='bbox 3217 2163 3478 2233; x_wconf 89' lang='lat' dir='ltr'><strong>quidquid</strong></span> 
     </span>
    </p>
   </div>
   <div class='ocr_carea' id='block_1_82' title="bbox 1902 2243 3477 2320">
    <p class='ocr_par' dir='ltr' id='par_1_82' title="bbox 1902 2243 3477 2320">
     <span class='ocr_line' id='line_1_82' title="bbox 1902 2243 3477 2320; baseline 0.001 -15"><span class='ocrx_word' id='word_1_551' title='bbox 1902 2252 2102 2320; x_wconf 87' lang='lat' dir='ltr'><strong>ubique</strong></span> <span class='ocrx_word' id='word_1_552' title='bbox 2133 2243 2389 2306; x_wconf 85' lang='lat' dir='ltr'><strong>arcanum</strong></span> <span class='ocrx_word' id='word_1_553' title='bbox 2419 2261 2472 2307; x_wconf 92' lang='lat' dir='ltr'><strong>et</strong></span> <span class='ocrx_word' id='word_1_554' title='bbox 2497 2253 2836 2306; x_wconf 86' lang='lat' dir='ltr'><strong>reconditum</strong></span> <span class='ocrx_word' id='word_1_555' title='bbox 2872 2264 2948 2308; x_wconf 87' lang='lat' dir='ltr'><strong>est</strong></span> <span class='ocrx_word' id='word_1_556' title='bbox 2971 2292 2988 2318; x_wconf 93' lang='lat'><strong>,</strong></span> <span class='ocrx_word' id='word_1_557' title='bbox 3017 2264 3074 2307; x_wconf 91' lang='lat' dir='ltr'><strong>ut</strong></span> <span class='ocrx_word' id='word_1_558' title='bbox 3108 2254 3389 2308; x_wconf 86' lang='lat' dir='ltr'><strong>Platonem</strong></span> <span class='ocrx_word' id='word_1_559' title='bbox 3420 2263 3477 2308; x_wconf 91' lang='lat' dir='ltr'><strong>et</strong></span> 
     </span>
    </p>
   </div>
   <div class='ocr_carea' id='block_1_83' title="bbox 1899 2343 3477 2414">
    <p class='ocr_par' dir='ltr' id='par_1_83' title="bbox 1899 2343 3477 2414">
     <span class='ocr_line' id='line_1_83' title="bbox 1899 2343 3477 2414; baseline 0.001 -18"><span class='ocrx_word' id='word_1_560' title='bbox 1899 2343 2256 2414; x_wconf 80' lang='lat' dir='ltr'><strong>Pythagoram</strong></span> <span class='ocrx_word' id='word_1_561' title='bbox 2295 2343 2490 2398; x_wconf 86' lang='lat' dir='ltr'><strong>iecisse</strong></span> <span class='ocrx_word' id='word_1_562' title='bbox 2539 2343 2942 2408; x_wconf 67' lang='lat' dir='ltr'><strong>intelleximus,</strong></span> <span class='ocrx_word' id='word_1_563' title='bbox 2974 2345 3125 2396; x_wconf 88' lang='lat' dir='ltr'><strong>solus</strong></span> <span class='ocrx_word' id='word_1_564' title='bbox 3151 2344 3203 2396; x_wconf 91' lang='lat' dir='ltr'><strong>in</strong></span> <span class='ocrx_word' id='word_1_565' title='bbox 3248 2344 3477 2410; x_wconf 84' lang='lat' dir='ltr'><strong>publicis</strong></span> 
     </span>
    </p>
   </div>
   <div class='ocr_carea' id='block_1_84' title="bbox 1904 2434 3475 2508">
    <p class='ocr_par' dir='ltr' id='par_1_84' title="bbox 1904 2434 3475 2508">
     <span class='ocr_line' id='line_1_84' title="bbox 1904 2434 3475 2508; baseline -0.001 -19"><span class='ocrx_word' id='word_1_566' title='bbox 1904 2435 2132 2505; x_wconf 80' lang='lat' dir='ltr'><strong>Europae</strong></span> <span class='ocrx_word' id='word_1_567' title='bbox 2184 2436 2483 2508; x_wconf 84' lang='lat' dir='ltr'><strong>gymnasiis</strong></span> <span class='ocrx_word' id='word_1_568' title='bbox 2550 2436 2767 2506; x_wconf 69' lang='lat' dir='ltr'><strong>Gorgia:</strong></span> <span class='ocrx_word' id='word_1_569' title='bbox 2815 2435 3066 2490; x_wconf 86' lang='lat' dir='ltr'><strong>Leontini</strong></span> <span class='ocrx_word' id='word_1_570' title='bbox 3114 2445 3171 2489; x_wconf 89' lang='lat' dir='ltr'><strong>et</strong></span> <span class='ocrx_word' id='word_1_571' title='bbox 3219 2434 3475 2490; x_wconf 83' lang='lat' dir='ltr'><strong>Archelai</strong></span> 
     </span>
    </p>
   </div>
   <div class='ocr_carea' id='block_1_85' title="bbox 1902 2527 3475 2597">
    <p class='ocr_par' dir='ltr' id='par_1_85' title="bbox 1902 2527 3475 2597">
     <span class='ocr_line' id='line_1_85' title="bbox 1902 2527 3475 2597; baseline -0.002 -14"><span class='ocrx_word' id='word_1_572' title='bbox 1902 2544 2106 2585; x_wconf 90' lang='lat' dir='ltr'><strong>morem</strong></span> <span class='ocrx_word' id='word_1_573' title='bbox 2141 2543 2172 2583; x_wconf 88' lang='lat' dir='ltr'><strong>a</strong></span> <span class='ocrx_word' id='word_1_574' title='bbox 2219 2529 2442 2585; x_wconf 89' lang='lat' dir='ltr'><strong>Socrate</strong></span> <span class='ocrx_word' id='word_1_575' title='bbox 2473 2528 2710 2584; x_wconf 90' lang='lat' dir='ltr'><strong>derisum</strong></span> <span class='ocrx_word' id='word_1_576' title='bbox 2745 2537 3080 2597; x_wconf 89' lang='lat' dir='ltr'><strong>usurpasset,</strong></span> <span class='ocrx_word' id='word_1_577' title='bbox 3119 2527 3475 2596; x_wconf 64' lang='lat' dir='ltr'><strong>quiestionem</strong></span> 
     </span>
    </p>
   </div>
   <div class='ocr_carea' id='block_1_86' title="bbox 1905 2619 3476 2688">
    <p class='ocr_par' dir='ltr' id='par_1_86' title="bbox 1905 2619 3476 2688">
     <span class='ocr_line' id='line_1_86' title="bbox 1905 2619 3476 2688; baseline -0.004 -8"><span class='ocrx_word' id='word_1_578' title='bbox 1905 2625 2114 2680; x_wconf 86' lang='lat' dir='ltr'><strong>scilicet</strong></span> <span class='ocrx_word' id='word_1_579' title='bbox 2158 2625 2214 2680; x_wconf 91' lang='lat' dir='ltr'><strong>in</strong></span> <span class='ocrx_word' id='word_1_580' title='bbox 2244 2634 2518 2679; x_wconf 90' lang='lat' dir='ltr'><strong>conventu</strong></span> <span class='ocrx_word' id='word_1_581' title='bbox 2548 2632 2602 2678; x_wconf 89' lang='lat' dir='ltr'><strong>et</strong></span> <span class='ocrx_word' id='word_1_582' title='bbox 2635 2636 2838 2678; x_wconf 88' lang='lat' dir='ltr'><strong>corona</strong></span> <span class='ocrx_word' id='word_1_583' title='bbox 2889 2621 3167 2674; x_wconf 81' lang='lat' dir='ltr'><strong>hominum</strong></span> <span class='ocrx_word' id='word_1_584' title='bbox 3220 2619 3476 2688; x_wconf 89' lang='lat' dir='ltr'><strong>poscendi</strong></span> 
     </span>
    </p>
   </div>
   <div class='ocr_carea' id='block_1_87' title="bbox 1901 2711 3477 2787">
    <p class='ocr_par' dir='ltr' id='par_1_87' title="bbox 1901 2711 3477 2787">
     <span class='ocr_line' id='line_1_87' title="bbox 1901 2711 3477 2787; baseline -0.003 -16"><span class='ocrx_word' id='word_1_585' title='bbox 1901 2724 1956 2771; x_wconf 92' lang='lat' dir='ltr'><strong>et</strong></span> <span class='ocrx_word' id='word_1_586' title='bbox 1983 2717 2176 2787; x_wconf 89' lang='lat' dir='ltr'><strong>jubere</strong></span> <span class='ocrx_word' id='word_1_587' title='bbox 2203 2717 2404 2782; x_wconf 90' lang='lat' dir='ltr'><strong>dicere,</strong></span> <span class='ocrx_word' id='word_1_588' title='bbox 2429 2731 2550 2786; x_wconf 80' lang='lat' dir='ltr'><strong>quae</strong></span> <span class='ocrx_word' id='word_1_589' title='bbox 2581 2716 2649 2770; x_wconf 90' lang='lat' dir='ltr'><strong>de</strong></span> <span class='ocrx_word' id='word_1_590' title='bbox 2683 2730 2738 2769; x_wconf 92' lang='lat' dir='ltr'><strong>re</strong></span> <span class='ocrx_word' id='word_1_591' title='bbox 2774 2715 3004 2782; x_wconf 84' lang='lat' dir='ltr'><strong>quisque</strong></span> <span class='ocrx_word' id='word_1_592' title='bbox 3050 2712 3230 2777; x_wconf 65' lang='lat' dir='ltr'><strong>vellet,</strong></span> <span class='ocrx_word' id='word_1_593' title='bbox 3266 2711 3477 2777; x_wconf 86' lang='lat' dir='ltr'><strong>audire,</strong></span> 
     </span>
    </p>
   </div>
   <div class='ocr_carea' id='block_1_88' title="bbox 1899 2790 3482 2876">
    <p class='ocr_par' dir='ltr' id='par_1_88' title="bbox 1899 2790 3482 2876">
     <span class='ocr_line' id='line_1_88' title="bbox 1899 2790 3482 2876; baseline -0.004 -16"><span class='ocrx_word' id='word_1_594' title='bbox 1899 2821 2009 2861; x_wconf 89' lang='lat' dir='ltr'><strong>non</strong></span> <span class='ocrx_word' id='word_1_595' title='bbox 2043 2821 2109 2861; x_wconf 89' lang='lat' dir='ltr'><strong>eo</strong></span> <span class='ocrx_word' id='word_1_596' title='bbox 2156 2806 2479 2861; x_wconf 89' lang='lat' dir='ltr'><strong>temeritatis</strong></span> <span class='ocrx_word' id='word_1_597' title='bbox 2511 2804 2759 2876; x_wconf 89' lang='lat' dir='ltr'><strong>progredi</strong></span> <span class='ocrx_word' id='word_1_598' title='bbox 2797 2806 2959 2872; x_wconf 57' lang='lat' dir='ltr'><strong>Ecertc</strong></span> <span class='ocrx_word' id='word_1_599' title='bbox 2999 2790 3279 2858; x_wconf 75' lang='lat' dir='ltr'><strong>debuisset</strong></span> <span class='ocrx_word' id='word_1_600' title='bbox 3310 2803 3385 2872; x_wconf 84' lang='grc' dir='ltr'><strong>(Ι)</strong></span> <span class='ocrx_word' id='word_1_601' title='bbox 3423 2811 3482 2855; x_wconf 85' lang='grc' dir='ltr'><strong>ιιι</strong></span> 
     </span>
    </p>
   </div>
   <div class='ocr_carea' id='block_1_89' title="bbox 1903 2895 3476 2957">
    <p class='ocr_par' dir='ltr' id='par_1_89' title="bbox 1903 2895 3476 2957">
     <span class='ocr_line' id='line_1_89' title="bbox 1903 2895 3476 2957; baseline -0.008 -3"><span class='ocrx_word' id='word_1_602' title='bbox 1903 2899 2274 2954; x_wconf 87' lang='lat' dir='ltr'><strong>doctissimum</strong></span> <span class='ocrx_word' id='word_1_603' title='bbox 2309 2899 2661 2954; x_wconf 84' lang='lat' dir='ltr'><strong>Aristotelem</strong></span> <span class='ocrx_word' id='word_1_604' title='bbox 2692 2914 2812 2953; x_wconf 89' lang='lat' dir='ltr'><strong>cum</strong></span> <span class='ocrx_word' id='word_1_605' title='bbox 2854 2896 3037 2950; x_wconf 89' lang='lat' dir='ltr'><strong>divino</strong></span> <span class='ocrx_word' id='word_1_606' title='bbox 3085 2895 3330 2957; x_wconf 82' lang='lat' dir='ltr'><strong>Platone,</strong></span> <span class='ocrx_word' id='word_1_607' title='bbox 3365 2895 3476 2946; x_wconf 65' lang='grc' dir='ltr'><strong>(Ιίς-</strong></span> 
     </span>
    </p>
   </div>
   <div class='ocr_carea' id='block_1_90' title="bbox 1903 2987 3483 3060">
    <p class='ocr_par' dir='ltr' id='par_1_90' title="bbox 1903 2987 3483 3060">
     <span class='ocr_line' id='line_1_90' title="bbox 1903 2987 3483 3060; baseline -0.003 -16"><span class='ocrx_word' id='word_1_608' title='bbox 1903 2991 2135 3057; x_wconf 78' lang='lat' dir='ltr'><strong>cipulutn</strong></span> <span class='ocrx_word' id='word_1_609' title='bbox 2164 3003 2382 3046; x_wconf 83' lang='lat' dir='ltr'><strong>acutum</strong></span> <span class='ocrx_word' id='word_1_610' title='bbox 2401 3007 2519 3047; x_wconf 91' lang='lat' dir='ltr'><strong>cum</strong></span> <span class='ocrx_word' id='word_1_611' title='bbox 2553 2991 2888 3052; x_wconf 86' lang='lat' dir='ltr'><strong>amplissimo</strong></span> <span class='ocrx_word' id='word_1_612' title='bbox 2913 2999 3240 3060; x_wconf 69' lang='lat' dir='ltr'><strong>praeceptore</strong></span> <span class='ocrx_word' id='word_1_613' title='bbox 3268 2987 3483 3043; x_wconf 83' lang='lat' dir='ltr'><strong>confer-</strong></span> 
     </span>
    </p>
   </div>
   <div class='ocr_carea' id='block_1_91' title="bbox 1904 3079 3482 3150">
    <p class='ocr_par' dir='ltr' id='par_1_91' title="bbox 1904 3079 3482 3150">
     <span class='ocr_line' id='line_1_91' title="bbox 1904 3079 3482 3150; baseline -0.001 -16"><span class='ocrx_word' id='word_1_614' title='bbox 1904 3091 1987 3134; x_wconf 92' lang='lat' dir='ltr'><strong>ret</strong></span> <span class='ocrx_word' id='word_1_615' title='bbox 2015 3097 2078 3135; x_wconf 88' lang='lat' dir='ltr'><strong>ac</strong></span> <span class='ocrx_word' id='word_1_616' title='bbox 2104 3083 2492 3138; x_wconf 90' lang='lat' dir='ltr'><strong>committeret.</strong></span> <span class='ocrx_word' id='word_1_617' title='bbox 2538 3080 2710 3150; x_wconf 81' lang='lat' dir='ltr'><strong>llujus</strong></span> <span class='ocrx_word' id='word_1_618' title='bbox 2755 3091 2933 3134; x_wconf 88' lang='lat' dir='ltr'><strong>tamen</strong></span> <span class='ocrx_word' id='word_1_619' title='bbox 2971 3081 3196 3134; x_wconf 75' lang='lat' dir='ltr'><strong>audacia</strong></span> <span class='ocrx_word' id='word_1_620' title='bbox 3225 3080 3297 3133; x_wconf 88' lang='lat' dir='ltr'><strong>nil</strong></span> <span class='ocrx_word' id='word_1_621' title='bbox 3322 3079 3482 3134; x_wconf 88' lang='lat' dir='ltr'><strong>nobis</strong></span> 
     </span>
    </p>
   </div>
   <div class='ocr_carea' id='block_1_92' title="bbox 1905 3172 3478 3244">
    <p class='ocr_par' dir='ltr' id='par_1_92' title="bbox 1905 3172 3478 3244">
     <span class='ocr_line' id='line_1_92' title="bbox 1905 3172 3478 3244; baseline -0.003 -15"><span class='ocrx_word' id='word_1_622' title='bbox 1905 3175 2097 3236; x_wconf 84' lang='lat' dir='ltr'><strong>obfuit,</strong></span> <span class='ocrx_word' id='word_1_623' title='bbox 2131 3175 2391 3242; x_wconf 73' lang='lat' dir='ltr'><strong>Quirites,</strong></span> <span class='ocrx_word' id='word_1_624' title='bbox 2416 3175 2524 3228; x_wconf 87' lang='lat' dir='ltr'><strong>imo</strong></span> <span class='ocrx_word' id='word_1_625' title='bbox 2556 3176 2903 3228; x_wconf 86' lang='lat' dir='ltr'><strong>vehementer</strong></span> <span class='ocrx_word' id='word_1_626' title='bbox 2945 3172 3148 3244; x_wconf 83' lang='lat' dir='ltr'><strong>profuit</strong></span> <span class='ocrx_word' id='word_1_627' title='bbox 3178 3191 3193 3241; x_wconf 91' lang='lat'>;</span> <span class='ocrx_word' id='word_1_628' title='bbox 3227 3184 3279 3226; x_wconf 92' lang='lat' dir='ltr'><strong>et</strong></span> <span class='ocrx_word' id='word_1_629' title='bbox 3311 3173 3358 3229; x_wconf 92' lang='lat' dir='ltr'><strong>si</strong></span> <span class='ocrx_word' id='word_1_630' title='bbox 3391 3173 3478 3226; x_wconf 88' lang='lat' dir='ltr'><strong>cui</strong></span> 
     </span>
    </p>
   </div>
   <div class='ocr_carea' id='block_1_93' title="bbox 1906 3265 3480 3340">
    <p class='ocr_par' dir='ltr' id='par_1_93' title="bbox 1906 3265 3480 3340">
     <span class='ocr_line' id='line_1_93' title="bbox 1906 3265 3480 3340; baseline -0.002 -18"><span class='ocrx_word' id='word_1_631' title='bbox 1906 3266 2031 3322; x_wconf 80' lang='lat' dir='ltr'><strong>licet</strong></span> <span class='ocrx_word' id='word_1_632' title='bbox 2065 3278 2255 3336; x_wconf 89' lang='lat' dir='ltr'><strong>optare</strong></span> <span class='ocrx_word' id='word_1_633' title='bbox 2283 3277 2340 3320; x_wconf 92' lang='lat' dir='ltr'><strong>ut</strong></span> <span class='ocrx_word' id='word_1_634' title='bbox 2373 3267 2568 3335; x_wconf 86' lang='lat' dir='ltr'><strong>aliquis</strong></span> <span class='ocrx_word' id='word_1_635' title='bbox 2597 3275 2805 3340; x_wconf 86' lang='lat' dir='ltr'><strong>peccet,</strong></span> <span class='ocrx_word' id='word_1_636' title='bbox 2850 3265 2901 3320; x_wconf 91' lang='lat' dir='ltr'><strong>id</strong></span> <span class='ocrx_word' id='word_1_637' title='bbox 2942 3275 3091 3321; x_wconf 90' lang='lat' dir='ltr'><strong>certe</strong></span> <span class='ocrx_word' id='word_1_638' title='bbox 3137 3265 3292 3320; x_wconf 89' lang='lat' dir='ltr'><strong>nobis</strong></span> <span class='ocrx_word' id='word_1_639' title='bbox 3341 3266 3480 3320; x_wconf 90' lang='lat' dir='ltr'><strong>adeo</strong></span> 
     </span>
    </p>
   </div>
   <div class='ocr_carea' id='block_1_94' title="bbox 1905 3357 3479 3428">
    <p class='ocr_par' dir='ltr' id='par_1_94' title="bbox 1905 3357 3479 3428">
     <span class='ocr_line' id='line_1_94' title="bbox 1905 3357 3479 3428; baseline 0.003 -20"><span class='ocrx_word' id='word_1_640' title='bbox 1905 3359 2157 3428; x_wconf 81' lang='lat' dir='ltr'><strong>precibus</strong></span> <span class='ocrx_word' id='word_1_641' title='bbox 2179 3359 2577 3426; x_wconf 86' lang='lat' dir='ltr'><strong>exposcendum</strong></span> <span class='ocrx_word' id='word_1_642' title='bbox 2625 3357 2746 3413; x_wconf 88' lang='lat' dir='ltr'><strong>fuit.</strong></span> <span class='ocrx_word' id='word_1_643' title='bbox 2783 3357 2892 3413; x_wconf 39' lang='lat' dir='ltr'><strong>i‘lac</strong></span> <span class='ocrx_word' id='word_1_644' title='bbox 2923 3357 3066 3412; x_wconf 89' lang='lat' dir='ltr'><strong>enim</strong></span> <span class='ocrx_word' id='word_1_645' title='bbox 3105 3357 3479 3425; x_wconf 85' lang='lat' dir='ltr'><strong>indignatione</strong></span> 
     </span>
    </p>
   </div>
   <div class='ocr_carea' id='block_1_95' title="bbox 1906 3449 3482 3518">
    <p class='ocr_par' dir='ltr' id='par_1_95' title="bbox 1906 3449 3482 3518">
     <span class='ocr_line' id='line_1_95' title="bbox 1906 3449 3482 3518; baseline -0.001 -13"><span class='ocrx_word' id='word_1_646' title='bbox 1906 3452 2214 3506; x_wconf 87' lang='lat' dir='ltr'><strong>cuncitatus</strong></span> <span class='ocrx_word' id='word_1_647' title='bbox 2248 3449 2556 3518; x_wconf 86' lang='lat' dir='ltr'><strong>Bessarion,</strong></span> <span class='ocrx_word' id='word_1_648' title='bbox 2595 3465 2812 3504; x_wconf 90' lang='lat' dir='ltr'><strong>ornuem</strong></span> <span class='ocrx_word' id='word_1_649' title='bbox 2853 3452 3091 3504; x_wconf 87' lang='lat' dir='ltr'><strong>omnium</strong></span> <span class='ocrx_word' id='word_1_650' title='bbox 3129 3449 3482 3518; x_wconf 80' lang='lat' dir='ltr'><strong>pliilosOpho-</strong></span> 
     </span>
    </p>
   </div>
   <div class='ocr_carea' id='block_1_96' title="bbox 1906 3540 3482 3614">
    <p class='ocr_par' dir='ltr' id='par_1_96' title="bbox 1906 3540 3482 3614">
     <span class='ocr_line' id='line_1_96' title="bbox 1906 3540 3482 3614; baseline -0.001 -17"><span class='ocrx_word' id='word_1_651' title='bbox 1906 3559 2023 3597; x_wconf 84' lang='lat' dir='ltr'><strong>rum</strong></span> <span class='ocrx_word' id='word_1_652' title='bbox 2049 3545 2140 3613; x_wconf 91' lang='lat' dir='ltr'><strong>qui</strong></span> <span class='ocrx_word' id='word_1_653' title='bbox 2176 3560 2410 3614; x_wconf 85' lang='lat' dir='ltr'><strong>unquam</strong></span> <span class='ocrx_word' id='word_1_654' title='bbox 2445 3545 2592 3597; x_wconf 86' lang='lat' dir='ltr'><strong>fuere</strong></span> <span class='ocrx_word' id='word_1_655' title='bbox 2622 3544 2943 3598; x_wconf 83' lang='lat' dir='ltr'><strong>sententiain</strong></span> <span class='ocrx_word' id='word_1_656' title='bbox 2974 3543 3226 3611; x_wconf 81' lang='lat' dir='ltr'><strong>explicat,</strong></span> <span class='ocrx_word' id='word_1_657' title='bbox 3253 3549 3307 3594; x_wconf 91' lang='lat' dir='ltr'><strong>et</strong></span> <span class='ocrx_word' id='word_1_658' title='bbox 3337 3540 3482 3609; x_wconf 84' lang='lat' dir='ltr'><strong>quod</strong></span> 
     </span>
    </p>
   </div>
   <div class='ocr_carea' id='block_1_97' title="bbox 1909 3629 3482 3704">
    <p class='ocr_par' dir='ltr' id='par_1_97' title="bbox 1909 3629 3482 3704">
     <span class='ocr_line' id='line_1_97' title="bbox 1909 3629 3482 3704; baseline -0.003 -15"><span class='ocrx_word' id='word_1_659' title='bbox 1909 3637 2147 3690; x_wconf 86' lang='lat' dir='ltr'><strong>maxime</strong></span> <span class='ocrx_word' id='word_1_660' title='bbox 2180 3638 2474 3704; x_wconf 87' lang='lat' dir='ltr'><strong>Optandurn</strong></span> <span class='ocrx_word' id='word_1_661' title='bbox 2501 3645 2638 3697; x_wconf 88' lang='lat' dir='ltr'><strong>erat,</strong></span> <span class='ocrx_word' id='word_1_662' title='bbox 2677 3635 2978 3691; x_wconf 85' lang='lat' dir='ltr'><strong>doctrinam</strong></span> <span class='ocrx_word' id='word_1_663' title='bbox 3005 3645 3058 3687; x_wconf 89' lang='lat' dir='ltr'><strong>et</strong></span> <span class='ocrx_word' id='word_1_664' title='bbox 3095 3641 3328 3688; x_wconf 86' lang='lat' dir='ltr'><strong>mentem</strong></span> <span class='ocrx_word' id='word_1_665' title='bbox 3358 3629 3482 3684; x_wconf 85' lang='lat' dir='ltr'><strong>Pla-</strong></span> 
     </span>
    </p>
   </div>
   <div class='ocr_carea' id='block_1_98' title="bbox 1909 3726 3485 3797">
    <p class='ocr_par' dir='ltr' id='par_1_98' title="bbox 1909 3726 3485 3797">
     <span class='ocr_line' id='line_1_98' title="bbox 1909 3726 3485 3797; baseline -0.003 -14"><span class='ocrx_word' id='word_1_666' title='bbox 1909 3731 2072 3792; x_wconf 88' lang='lat' dir='ltr'><strong>tonis,</strong></span> <span class='ocrx_word' id='word_1_667' title='bbox 2121 3745 2150 3782; x_wconf 88' lang='lat' dir='ltr'><strong>a</strong></span> <span class='ocrx_word' id='word_1_668' title='bbox 2190 3730 2404 3782; x_wconf 85' lang='lat' dir='ltr'><strong>neruine</strong></span> <span class='ocrx_word' id='word_1_669' title='bbox 2443 3727 2555 3781; x_wconf 88' lang='lat' dir='ltr'><strong>fere</strong></span> <span class='ocrx_word' id='word_1_670' title='bbox 2597 3728 2874 3797; x_wconf 85' lang='lat' dir='ltr'><strong>junioruni</strong></span> <span class='ocrx_word' id='word_1_671' title='bbox 2913 3729 3210 3797; x_wconf 70' lang='lat' dir='ltr'><strong>eugnitam,</strong></span> <span class='ocrx_word' id='word_1_672' title='bbox 3245 3726 3485 3796; x_wconf 87' lang='lat' dir='ltr'><strong>explicat</strong></span> 
     </span>
    </p>
   </div>
   <div class='ocr_carea' id='block_1_99' title="bbox 1909 3806 3484 3892">
    <p class='ocr_par' dir='ltr' id='par_1_99' title="bbox 1909 3806 3484 3892">
     <span class='ocr_line' id='line_1_99' title="bbox 1909 3806 3484 3892; baseline -0.003 -16"><span class='ocrx_word' id='word_1_673' title='bbox 1909 3832 1964 3876; x_wconf 88' lang='lat' dir='ltr'><strong>et</strong></span> <span class='ocrx_word' id='word_1_674' title='bbox 1998 3823 2191 3892; x_wconf 86' lang='lat' dir='ltr'><strong>aperit,</strong></span> <span class='ocrx_word' id='word_1_675' title='bbox 2225 3833 2281 3874; x_wconf 84' lang='lat' dir='ltr'><strong>ili.</strong></span> <span class='ocrx_word' id='word_1_676' title='bbox 2313 3819 2572 3889; x_wconf 79' lang='lat' dir='ltr'><strong>perfacile</strong></span> <span class='ocrx_word' id='word_1_677' title='bbox 2605 3826 2884 3888; x_wconf 84' lang='lat' dir='ltr'><strong>appareat,</strong></span> <span class='ocrx_word' id='word_1_678' title='bbox 2917 3834 3107 3873; x_wconf 84' lang='lat' dir='ltr'><strong>omnes</strong></span> <span class='ocrx_word' id='word_1_679' title='bbox 3151 3806 3328 3883; x_wconf 67' lang='lat' dir='ltr'><strong>sectas</strong></span> <span class='ocrx_word' id='word_1_680' title='bbox 3361 3833 3484 3887; x_wconf 65' lang='lat' dir='ltr'><strong>quae</strong></span> 
     </span>
    </p>
   </div>
   <div class='ocr_carea' id='block_1_100' title="bbox 1911 3891 3486 3980">
    <p class='ocr_par' dir='ltr' id='par_1_100' title="bbox 1911 3891 3486 3980">
     <span class='ocr_line' id='line_1_100' title="bbox 1911 3891 3486 3980; baseline -0.004 -13"><span class='ocrx_word' id='word_1_681' title='bbox 1911 3891 2102 3968; x_wconf 85' lang='lat' dir='ltr'><strong>sanum</strong></span> <span class='ocrx_word' id='word_1_682' title='bbox 2138 3891 2338 3980; x_wconf 86' lang='lat' dir='ltr'><strong>aliquid</strong></span> <span class='ocrx_word' id='word_1_683' title='bbox 2368 3925 2559 3978; x_wconf 90' lang='lat' dir='ltr'><strong>sapere</strong></span> <span class='ocrx_word' id='word_1_684' title='bbox 2587 3909 2860 3970; x_wconf 89' lang='lat' dir='ltr'><strong>videntur,</strong></span> <span class='ocrx_word' id='word_1_685' title='bbox 2888 3906 2953 3958; x_wconf 81' lang='lat' dir='ltr'><strong>ah</strong></span> <span class='ocrx_word' id='word_1_686' title='bbox 2975 3907 3092 3974; x_wconf 78' lang='lat' dir='ltr'><strong>ipso</strong></span> <span class='ocrx_word' id='word_1_687' title='bbox 3127 3906 3349 3961; x_wconf 81' lang='lat' dir='ltr'><strong>Platone</strong></span> <span class='ocrx_word' id='word_1_688' title='bbox 3369 3916 3486 3960; x_wconf 89' lang='lat' dir='ltr'><strong>tan-</strong></span> 
     </span>
    </p>
   </div>
   <div class='ocr_carea' id='block_1_101' title="bbox 1907 3997 3163 4074">
    <p class='ocr_par' dir='ltr' id='par_1_101' title="bbox 1907 3997 3163 4074">
     <span class='ocr_line' id='line_1_101' title="bbox 1907 3997 3163 4074; baseline -0.005 -19"><span class='ocrx_word' id='word_1_689' title='bbox 1907 4018 2070 4074; x_wconf 88' lang='lat' dir='ltr'><strong>quam</strong></span> <span class='ocrx_word' id='word_1_690' title='bbox 2102 4003 2325 4074; x_wconf 88' lang='lat' dir='ltr'><strong>perenni</strong></span> <span class='ocrx_word' id='word_1_691' title='bbox 2353 4011 2405 4055; x_wconf 89' lang='lat' dir='ltr'><strong>et</strong></span> <span class='ocrx_word' id='word_1_692' title='bbox 2438 3999 2712 4053; x_wconf 87' lang='lat' dir='ltr'><strong>uberrimo</strong></span> <span class='ocrx_word' id='word_1_693' title='bbox 2743 3997 2888 4052; x_wconf 86' lang='lat' dir='ltr'><strong>fonte</strong></span> <span class='ocrx_word' id='word_1_694' title='bbox 2923 4012 3163 4049; x_wconf 86' lang='lat' dir='ltr'><strong>manare.</strong></span> 
     </span>
    </p>
   </div>
   <div class='ocr_carea' id='block_1_102' title="bbox 1980 4085 3479 4161">
    <p class='ocr_par' dir='ltr' id='par_1_102' title="bbox 1980 4085 3479 4161">
     <span class='ocr_line' id='line_1_102' title="bbox 1980 4085 3479 4161; baseline -0.007 -13"><span class='ocrx_word' id='word_1_695' title='bbox 1980 4095 2075 4150; x_wconf 89' lang='lat' dir='ltr'><strong>llis</strong></span> <span class='ocrx_word' id='word_1_696' title='bbox 2105 4094 2287 4159; x_wconf 88' lang='lat' dir='ltr'><strong>rebus,</strong></span> <span class='ocrx_word' id='word_1_697' title='bbox 2322 4107 2442 4161; x_wconf 63' lang='lat' dir='ltr'><strong>quae</strong></span> <span class='ocrx_word' id='word_1_698' title='bbox 2471 4090 2806 4159; x_wconf 67' lang='lat' dir='ltr'><strong>graviSs&#39;imaa</strong></span> <span class='ocrx_word' id='word_1_699' title='bbox 2840 4099 2967 4141; x_wconf 89' lang='lat' dir='ltr'><strong>sunt</strong></span> <span class='ocrx_word' id='word_1_700' title='bbox 3003 4098 3057 4140; x_wconf 90' lang='lat' dir='ltr'><strong>et</strong></span> <span class='ocrx_word' id='word_1_701' title='bbox 3097 4097 3266 4140; x_wconf 89' lang='lat' dir='ltr'><strong>totum</strong></span> <span class='ocrx_word' id='word_1_702' title='bbox 3305 4085 3479 4140; x_wconf 85' lang='lat' dir='ltr'><strong>homi-</strong></span> 
     </span>
    </p>
   </div>
   <div class='ocr_carea' id='block_1_103' title="bbox 1909 4179 3486 4256">
    <p class='ocr_par' dir='ltr' id='par_1_103' title="bbox 1909 4179 3486 4256">
     <span class='ocr_line' id='line_1_103' title="bbox 1909 4179 3486 4256; baseline -0.006 -15"><span class='ocrx_word' id='word_1_703' title='bbox 1909 4203 2030 4242; x_wconf 89' lang='lat' dir='ltr'><strong>nem</strong></span> <span class='ocrx_word' id='word_1_704' title='bbox 2075 4201 2245 4256; x_wconf 83' lang='lat' dir='ltr'><strong>pmpc</strong></span> <span class='ocrx_word' id='word_1_705' title='bbox 2301 4186 2619 4254; x_wconf 79' lang='lat' dir='ltr'><strong>requirunt,</strong></span> <span class='ocrx_word' id='word_1_706' title='bbox 2670 4182 2911 4234; x_wconf 90' lang='lat' dir='ltr'><strong>intentus</strong></span> <span class='ocrx_word' id='word_1_707' title='bbox 2951 4195 3046 4250; x_wconf 91' lang='lat' dir='ltr'><strong>pro</strong></span> <span class='ocrx_word' id='word_1_708' title='bbox 3083 4188 3325 4248; x_wconf 72' lang='lat' dir='ltr'><strong>tempore</strong></span> <span class='ocrx_word' id='word_1_709' title='bbox 3354 4179 3486 4234; x_wconf 81' lang='lat' dir='ltr'><strong>Bes-</strong></span> 
     </span>
    </p>
   </div>
   <div class='ocr_carea' id='block_1_104' title="bbox 1908 4270 3484 4346">
    <p class='ocr_par' dir='ltr' id='par_1_104' title="bbox 1908 4270 3484 4346">
     <span class='ocr_line' id='line_1_104' title="bbox 1908 4270 3484 4346; baseline -0.005 -13"><span class='ocrx_word' id='word_1_710' title='bbox 1908 4280 2117 4344; x_wconf 88' lang='lat' dir='ltr'><strong>sarion,</strong></span> <span class='ocrx_word' id='word_1_711' title='bbox 2157 4280 2231 4333; x_wconf 88' lang='lat' dir='ltr'><strong>nil</strong></span> <span class='ocrx_word' id='word_1_712' title='bbox 2271 4289 2450 4332; x_wconf 88' lang='lat' dir='ltr'><strong>tamen</strong></span> <span class='ocrx_word' id='word_1_713' title='bbox 2494 4290 2732 4346; x_wconf 89' lang='lat' dir='ltr'><strong>unquam</strong></span> <span class='ocrx_word' id='word_1_714' title='bbox 2761 4275 2944 4328; x_wconf 82' lang='lat' dir='ltr'><strong>omisit</strong></span> <span class='ocrx_word' id='word_1_715' title='bbox 2969 4275 3112 4344; x_wconf 91' lang='lat' dir='ltr'><strong>quod</strong></span> <span class='ocrx_word' id='word_1_716' title='bbox 3156 4274 3222 4326; x_wconf 88' lang='lat' dir='ltr'><strong>ad</strong></span> <span class='ocrx_word' id='word_1_717' title='bbox 3246 4270 3484 4326; x_wconf 84' lang='lat' dir='ltr'><strong>officiunt</strong></span> 
     </span>
    </p>
   </div>
   <div class='ocr_carea' id='block_1_105' title="bbox 1908 4359 3484 4437">
    <p class='ocr_par' dir='ltr' id='par_1_105' title="bbox 1908 4359 3484 4437">
     <span class='ocr_line' id='line_1_105' title="bbox 1908 4359 3484 4437; baseline -0.005 -15"><span class='ocrx_word' id='word_1_718' title='bbox 1908 4367 2276 4422; x_wconf 82' lang='lat' dir='ltr'><strong>cardinalatus</strong></span> <span class='ocrx_word' id='word_1_719' title='bbox 2326 4367 2644 4437; x_wconf 88' lang='lat' dir='ltr'><strong>pertineret.</strong></span> <span class='ocrx_word' id='word_1_720' title='bbox 2679 4363 2810 4418; x_wconf 79' lang='lat' dir='ltr'><strong>Rem</strong></span> <span class='ocrx_word' id='word_1_721' title='bbox 2859 4364 3094 4416; x_wconf 73' lang='lat' dir='ltr'><strong>divinam</strong></span> <span class='ocrx_word' id='word_1_722' title='bbox 3135 4372 3190 4415; x_wconf 90' lang='lat' dir='ltr'><strong>et</strong></span> <span class='ocrx_word' id='word_1_723' title='bbox 3234 4359 3378 4412; x_wconf 87' lang='lat' dir='ltr'><strong>domi</strong></span> <span class='ocrx_word' id='word_1_724' title='bbox 3429 4368 3484 4414; x_wconf 88' lang='lat' dir='ltr'><strong>et</strong></span> 
     </span>
    </p>
   </div>
   <div class='ocr_carea' id='block_1_106' title="bbox 1911 4451 3484 4528">
    <p class='ocr_par' dir='ltr' id='par_1_106' title="bbox 1911 4451 3484 4528">
     <span class='ocr_line' id='line_1_106' title="bbox 1911 4451 3484 4528; baseline -0.006 -14"><span class='ocrx_word' id='word_1_725' title='bbox 1911 4461 2049 4516; x_wconf 90' lang='lat' dir='ltr'><strong>foris</strong></span> <span class='ocrx_word' id='word_1_726' title='bbox 2073 4476 2347 4528; x_wconf 90' lang='lat' dir='ltr'><strong>nunquaru</strong></span> <span class='ocrx_word' id='word_1_727' title='bbox 2381 4457 2692 4511; x_wconf 89' lang='lat' dir='ltr'><strong>intermittit</strong></span> <span class='ocrx_word' id='word_1_728' title='bbox 2725 4471 2742 4510; x_wconf 91' lang='lat'><strong>:</strong></span> <span class='ocrx_word' id='word_1_729' title='bbox 2773 4465 3022 4508; x_wconf 85' lang='lat' dir='ltr'><strong>senatum</strong></span> <span class='ocrx_word' id='word_1_730' title='bbox 3056 4453 3383 4521; x_wconf 88' lang='lat' dir='ltr'><strong>frequentat,</strong></span> <span class='ocrx_word' id='word_1_731' title='bbox 3429 4451 3484 4504; x_wconf 89' lang='lat' dir='ltr'><strong>in</strong></span> 
     </span>
    </p>
   </div>
   <div class='ocr_carea' id='block_1_107' title="bbox 1910 4543 3484 4621">
    <p class='ocr_par' dir='ltr' id='par_1_107' title="bbox 1910 4543 3484 4621">
     <span class='ocr_line' id='line_1_107' title="bbox 1910 4543 3484 4621; baseline -0.006 -17"><span class='ocrx_word' id='word_1_732' title='bbox 1910 4567 2017 4621; x_wconf 91' lang='lat' dir='ltr'><strong>quo</strong></span> <span class='ocrx_word' id='word_1_733' title='bbox 2061 4551 2335 4606; x_wconf 86' lang='lat' dir='ltr'><strong>secundus</strong></span> <span class='ocrx_word' id='word_1_734' title='bbox 2393 4565 2421 4603; x_wconf 91' lang='lat' dir='ltr'><strong>a</strong></span> <span class='ocrx_word' id='word_1_735' title='bbox 2455 4547 2709 4617; x_wconf 87' lang='lat' dir='ltr'><strong>pontiﬁce</strong></span> <span class='ocrx_word' id='word_1_736' title='bbox 2759 4546 3009 4600; x_wconf 86' lang='lat' dir='ltr'><strong>habetur.</strong></span> <span class='ocrx_word' id='word_1_737' title='bbox 3042 4544 3379 4598; x_wconf 88' lang='lat' dir='ltr'><strong>Sententiarn</strong></span> <span class='ocrx_word' id='word_1_738' title='bbox 3432 4543 3484 4596; x_wconf 91' lang='lat' dir='ltr'><strong>in</strong></span> 
     </span>
    </p>
   </div>
   <div class='ocr_carea' id='block_1_108' title="bbox 1911 4635 3484 4710">
    <p class='ocr_par' dir='ltr' id='par_1_108' title="bbox 1911 4635 3484 4710">
     <span class='ocr_line' id='line_1_108' title="bbox 1911 4635 3484 4710; baseline -0.007 -11"><span class='ocrx_word' id='word_1_739' title='bbox 1911 4643 2411 4699; x_wconf 87' lang='lat' dir='ltr'><strong>consultationibus</strong></span> <span class='ocrx_word' id='word_1_740' title='bbox 2438 4641 2673 4710; x_wconf 88' lang='lat' dir='ltr'><strong>graviter</strong></span> <span class='ocrx_word' id='word_1_741' title='bbox 2717 4649 2772 4692; x_wconf 90' lang='lat' dir='ltr'><strong>et</strong></span> <span class='ocrx_word' id='word_1_742' title='bbox 2799 4647 3117 4692; x_wconf 89' lang='lat' dir='ltr'><strong>constanter</strong></span> <span class='ocrx_word' id='word_1_743' title='bbox 3154 4651 3184 4690; x_wconf 92' lang='lat' dir='ltr'><strong>e</strong></span> <span class='ocrx_word' id='word_1_744' title='bbox 3210 4635 3484 4706; x_wconf 86' lang='lat' dir='ltr'><strong>republica</strong></span> 
     </span>
    </p>
   </div>
   <div class='ocr_carea' id='block_1_109' title="bbox 1911 4727 3483 4800">
    <p class='ocr_par' dir='ltr' id='par_1_109' title="bbox 1911 4727 3483 4800">
     <span class='ocr_line' id='line_1_109' title="bbox 1911 4727 3483 4800; baseline -0.01 -7"><span class='ocrx_word' id='word_1_745' title='bbox 1911 4737 2225 4793; x_wconf 82' lang='lat' dir='ltr'><strong>Christiana</strong></span> <span class='ocrx_word' id='word_1_746' title='bbox 2260 4744 2442 4788; x_wconf 89' lang='lat' dir='ltr'><strong>tuetur</strong></span> <span class='ocrx_word' id='word_1_747' title='bbox 2472 4749 2488 4800; x_wconf 87' lang='lat'><strong>;</strong></span> <span class='ocrx_word' id='word_1_748' title='bbox 2538 4730 2827 4786; x_wconf 81' lang='lat' dir='ltr'><strong>clientibus</strong></span> <span class='ocrx_word' id='word_1_749' title='bbox 2859 4737 2912 4782; x_wconf 90' lang='lat' dir='ltr'><strong>et</strong></span> <span class='ocrx_word' id='word_1_750' title='bbox 2959 4728 3313 4783; x_wconf 82' lang='lat' dir='ltr'><strong>familiaribus</strong></span> <span class='ocrx_word' id='word_1_751' title='bbox 3345 4727 3483 4795; x_wconf 89' lang='lat' dir='ltr'><strong>apud</strong></span> 
     </span>
    </p>
   </div>
   <div class='ocr_carea' id='block_1_110' title="bbox 1915 4820 3486 4899">
    <p class='ocr_par' dir='ltr' id='par_1_110' title="bbox 1915 4820 3486 4899">
     <span class='ocr_line' id='line_1_110' title="bbox 1915 4820 3486 4899; baseline -0.006 -16"><span class='ocrx_word' id='word_1_752' title='bbox 1915 4829 2227 4899; x_wconf 86' lang='lat' dir='ltr'><strong>pontificem</strong></span> <span class='ocrx_word' id='word_1_753' title='bbox 2249 4826 2608 4894; x_wconf 88' lang='lat' dir='ltr'><strong>patrocinium</strong></span> <span class='ocrx_word' id='word_1_754' title='bbox 2638 4839 2793 4878; x_wconf 88' lang='lat' dir='ltr'><strong>suum</strong></span> <span class='ocrx_word' id='word_1_755' title='bbox 2813 4830 3062 4891; x_wconf 67' lang='lat' dir='ltr'><strong>praestat;</strong></span> <span class='ocrx_word' id='word_1_756' title='bbox 3081 4820 3286 4874; x_wconf 89' lang='lat' dir='ltr'><strong>circum</strong></span> <span class='ocrx_word' id='word_1_757' title='bbox 3299 4832 3486 4874; x_wconf 82' lang='lat' dir='ltr'><strong>ventos</strong></span> 
     </span>
    </p>
   </div>
   <div class='ocr_carea' id='block_1_111' title="bbox 1917 4912 3489 4982">
    <p class='ocr_par' dir='ltr' id='par_1_111' title="bbox 1917 4912 3489 4982">
     <span class='ocr_line' id='line_1_111' title="bbox 1917 4912 3489 4982; baseline -0.007 -7"><span class='ocrx_word' id='word_1_758' title='bbox 1917 4921 2184 4975; x_wconf 85' lang='lat' dir='ltr'><strong>malorum</strong></span> <span class='ocrx_word' id='word_1_759' title='bbox 2219 4918 2447 4971; x_wconf 80' lang='lat' dir='ltr'><strong>fallaciis</strong></span> <span class='ocrx_word' id='word_1_760' title='bbox 2476 4917 2728 4982; x_wconf 78' lang='lat' dir='ltr'><strong>adjuvat;</strong></span> <span class='ocrx_word' id='word_1_761' title='bbox 2767 4916 2940 4969; x_wconf 88' lang='lat' dir='ltr'><strong>honos</strong></span> <span class='ocrx_word' id='word_1_762' title='bbox 2968 4923 3024 4968; x_wconf 92' lang='lat' dir='ltr'><strong>et</strong></span> <span class='ocrx_word' id='word_1_763' title='bbox 3064 4913 3251 4965; x_wconf 90' lang='lat' dir='ltr'><strong>doctos</strong></span> <span class='ocrx_word' id='word_1_764' title='bbox 3283 4912 3348 4964; x_wconf 89' lang='lat' dir='ltr'><strong>ad</strong></span> <span class='ocrx_word' id='word_1_765' title='bbox 3377 4926 3489 4964; x_wconf 87' lang='lat' dir='ltr'><strong>me-</strong></span> 
     </span>
    </p>
   </div>
   <div class='ocr_carea' id='block_1_112' title="bbox 1916 5001 3482 5073">
    <p class='ocr_par' dir='ltr' id='par_1_112' title="bbox 1916 5001 3482 5073">
     <span class='ocr_line' id='line_1_112' title="bbox 1916 5001 3482 5073; baseline -0.01 -7"><span class='ocrx_word' id='word_1_766' title='bbox 1916 5013 2105 5067; x_wconf 87' lang='lat' dir='ltr'><strong>liorem</strong></span> <span class='ocrx_word' id='word_1_767' title='bbox 2135 5013 2410 5065; x_wconf 85' lang='lat' dir='ltr'><strong>fortunam</strong></span> <span class='ocrx_word' id='word_1_768' title='bbox 2445 5021 2493 5061; x_wconf 89' lang='lat' dir='ltr'><strong>et</strong></span> <span class='ocrx_word' id='word_1_769' title='bbox 2545 5009 2912 5062; x_wconf 90' lang='lat' dir='ltr'><strong>honestiorem</strong></span> <span class='ocrx_word' id='word_1_770' title='bbox 2945 5003 3220 5073; x_wconf 88' lang='lat' dir='ltr'><strong>dignitatis</strong></span> <span class='ocrx_word' id='word_1_771' title='bbox 3259 5001 3482 5071; x_wconf 86' lang='lat' dir='ltr'><strong>gradum</strong></span> 
     </span>
    </p>
   </div>
   <div class='ocr_carea' id='block_1_113' title="bbox 1917 5092 3486 5170">
    <p class='ocr_par' dir='ltr' id='par_1_113' title="bbox 1917 5092 3486 5170">
     <span class='ocr_line' id='line_1_113' title="bbox 1917 5092 3486 5170; baseline -0.011 -10"><span class='ocrx_word' id='word_1_772' title='bbox 1917 5103 2484 5160; x_wconf 87' lang='lat' dir='ltr'><strong>commendationibus</strong></span> <span class='ocrx_word' id='word_1_773' title='bbox 2515 5103 2630 5156; x_wconf 84' lang='lat' dir='ltr'><strong>suis</strong></span> <span class='ocrx_word' id='word_1_774' title='bbox 2657 5097 3000 5170; x_wconf 86' lang='lat' dir='ltr'><strong>gravissimis</strong></span> <span class='ocrx_word' id='word_1_775' title='bbox 3044 5109 3108 5150; x_wconf 82' lang='lat' dir='ltr'><strong>ac</strong></span> <span class='ocrx_word' id='word_1_776' title='bbox 3132 5094 3360 5164; x_wconf 74' lang='lat' dir='ltr'><strong>propriis</strong></span> <span class='ocrx_word' id='word_1_777' title='bbox 3402 5092 3486 5144; x_wconf 79' lang='lat' dir='ltr'><strong>fa-</strong></span> 
     </span>
    </p>
   </div>
   <div class='ocr_carea' id='block_1_114' title="bbox 1917 5186 3486 5258">
    <p class='ocr_par' dir='ltr' id='par_1_114' title="bbox 1917 5186 3486 5258">
     <span class='ocr_line' id='line_1_114' title="bbox 1917 5186 3486 5258; baseline -0.011 -5"><span class='ocrx_word' id='word_1_778' title='bbox 1917 5200 2210 5253; x_wconf 84' lang='lat' dir='ltr'><strong>cultatibus</strong></span> <span class='ocrx_word' id='word_1_779' title='bbox 2261 5196 2531 5251; x_wconf 85' lang='lat' dir='ltr'><strong>interdum</strong></span> <span class='ocrx_word' id='word_1_780' title='bbox 2583 5193 2779 5258; x_wconf 77' lang='lat' dir='ltr'><strong>erigit,</strong></span> <span class='ocrx_word' id='word_1_781' title='bbox 2813 5188 3070 5244; x_wconf 81' lang='lat' dir='ltr'><strong>fatrtiliatn</strong></span> <span class='ocrx_word' id='word_1_782' title='bbox 3116 5187 3261 5241; x_wconf 87' lang='lat' dir='ltr'><strong>domi</strong></span> <span class='ocrx_word' id='word_1_783' title='bbox 3293 5186 3390 5239; x_wconf 88' lang='lat' dir='ltr'><strong>alit</strong></span> <span class='ocrx_word' id='word_1_784' title='bbox 3434 5186 3486 5238; x_wconf 89' lang='lat' dir='ltr'><strong>iu</strong></span> 
     </span>
    </p>
   </div>
   <div class='ocr_carea' id='block_1_115' title="bbox 1922 5276 3489 5357">
    <p class='ocr_par' dir='ltr' id='par_1_115' title="bbox 1922 5276 3489 5357">
     <span class='ocr_line' id='line_1_115' title="bbox 1922 5276 3489 5357; baseline -0.011 -16"><span class='ocrx_word' id='word_1_785' title='bbox 1922 5300 2150 5357; x_wconf 86' lang='lat' dir='ltr'><strong>utraque</strong></span> <span class='ocrx_word' id='word_1_786' title='bbox 2170 5286 2352 5356; x_wconf 86' lang='lat' dir='ltr'><strong>lingua</strong></span> <span class='ocrx_word' id='word_1_787' title='bbox 2381 5283 2812 5340; x_wconf 82' lang='lat' dir='ltr'><strong>eruditissimant</strong></span> <span class='ocrx_word' id='word_1_788' title='bbox 2851 5287 2907 5334; x_wconf 80' lang='lat' dir='ltr'><strong>et</strong></span> <span class='ocrx_word' id='word_1_789' title='bbox 2931 5278 2984 5333; x_wconf 88' lang='lat' dir='ltr'><strong>in</strong></span> <span class='ocrx_word' id='word_1_790' title='bbox 3012 5278 3202 5348; x_wconf 77' lang='lat' dir='ltr'><strong>quavis</strong></span> <span class='ocrx_word' id='word_1_791' title='bbox 3230 5276 3489 5329; x_wconf 83' lang='lat' dir='ltr'><strong>facultate</strong></span> 
     </span>
    </p>
   </div>
   <div class='ocr_carea' id='block_1_116' title="bbox 1917 5368 3494 5442">
    <p class='ocr_par' dir='ltr' id='par_1_116' title="bbox 1917 5368 3494 5442">
     <span class='ocr_line' id='line_1_116' title="bbox 1917 5368 3494 5442; baseline -0.011 -8"><span class='ocrx_word' id='word_1_792' title='bbox 1917 5379 2315 5434; x_wconf 79' lang='lat' dir='ltr'><strong>doctissimum.</strong></span> <span class='ocrx_word' id='word_1_793' title='bbox 2355 5375 2528 5431; x_wconf 84' lang='lat' dir='ltr'><strong>Vestri</strong></span> <span class='ocrx_word' id='word_1_794' title='bbox 2583 5374 2656 5428; x_wconf 87' lang='lat' dir='ltr'><strong>illi</strong></span> <span class='ocrx_word' id='word_1_795' title='bbox 2711 5373 2985 5442; x_wconf 86' lang='lat' dir='ltr'><strong>majores,</strong></span> <span class='ocrx_word' id='word_1_796' title='bbox 3025 5369 3286 5436; x_wconf 87' lang='lat' dir='ltr'><strong>Quirites,</strong></span> <span class='ocrx_word' id='word_1_797' title='bbox 3341 5368 3494 5418; x_wconf 40' lang='lat' dir='ltr'><strong>virus.</strong></span> 
     </span>
    </p>
   </div>
   <div class='ocr_carea' id='block_1_117' title="bbox 1921 5459 3491 5540">
    <p class='ocr_par' dir='ltr' id='par_1_117' title="bbox 1921 5459 3491 5540">
     <span class='ocr_line' id='line_1_117' title="bbox 1921 5459 3491 5540; baseline -0.014 -11"><span class='ocrx_word' id='word_1_798' title='bbox 1921 5472 2268 5529; x_wconf 82' lang='lat' dir='ltr'><strong>doctissimos</strong></span> <span class='ocrx_word' id='word_1_799' title='bbox 2289 5472 2343 5525; x_wconf 90' lang='lat' dir='ltr'><strong>in</strong></span> <span class='ocrx_word' id='word_1_800' title='bbox 2375 5467 2792 5525; x_wconf 88' lang='lat' dir='ltr'><strong>contubernium</strong></span> <span class='ocrx_word' id='word_1_801' title='bbox 2824 5479 2978 5521; x_wconf 90' lang='lat' dir='ltr'><strong>suum</strong></span> <span class='ocrx_word' id='word_1_802' title='bbox 3015 5460 3348 5540; x_wconf 78' lang='lat' dir='ltr'><strong>recipiebant</strong></span> <span class='ocrx_word' id='word_1_803' title='bbox 3402 5459 3491 5512; x_wconf 67' lang='grc' dir='ltr'><strong>(Ιὶς</strong></span> 
     </span>
    </p>
   </div>
   <div class='ocr_carea' id='block_1_118' title="bbox 1919 5552 3493 5647">
    <p class='ocr_par' dir='ltr' id='par_1_118' title="bbox 1919 5552 3493 5647">
     <span class='ocr_line' id='line_1_118' title="bbox 1919 5552 3493 5647; baseline -0.011 -26"><span class='ocrx_word' id='word_1_804' title='bbox 1919 5565 2100 5621; x_wconf 82' lang='lat' dir='ltr'><strong>scendi</strong></span> <span class='ocrx_word' id='word_1_805' title='bbox 2132 5572 2186 5621; x_wconf 93' lang='lat' dir='ltr'><strong>et</strong></span> <span class='ocrx_word' id='word_1_806' title='bbox 2212 5562 2630 5647; x_wconf 81' lang='lat' dir='ltr'><strong>philosophandi</strong></span> <span class='ocrx_word' id='word_1_807' title='bbox 2657 5574 2844 5627; x_wconf 87' lang='lat' dir='ltr'><strong>causa,</strong></span> <span class='ocrx_word' id='word_1_808' title='bbox 2882 5569 2936 5613; x_wconf 91' lang='lat' dir='ltr'><strong>ut</strong></span> <span class='ocrx_word' id='word_1_809' title='bbox 2968 5555 3152 5627; x_wconf 88' lang='lat' dir='ltr'><strong>Scipio</strong></span> <span class='ocrx_word' id='word_1_810' title='bbox 3177 5552 3493 5620; x_wconf 81' lang='lat' dir='ltr'><strong>Africanus,</strong></span> 
     </span>
    </p>
   </div>
  </div>
