3990 6218
474 304 580 348 (τιν

477 402 713 460 Ennium
739 410 974 472 poetam,
999 399 1282 455 Panetium
1315 399 1716 468 pbilosopnum,
1768 397 2044 469 Polybium

479 497 840 561 historicum;
875 493 1100 559 Luculli,
1139 492 1372 548 Catones
1403 500 1454 544 et
1483 489 1754 545 Hortensii
1792 491 2046 544 Arcliiam

480 597 694 655 poetam
723 603 738 651 ;
774 587 1067 639 (licerones
1118 582 1434 652 Cratippum
1486 581 1866 651 philosophum
1897 599 1911 648 ;
1943 582 2046 636 Cn.

477 681 771 748 Pompeius
830 680 1078 732 Letimum
1148 677 1399 731 libertum
1430 694 1446 744 ;
1512 679 1788 746 Augustus
1846 677 2046 741 Caesar,

477 771 817 844 Apollonium
849 767 1263 835 Pergamenum.
1297 765 1495 822 Multos
1531 768 1619 836 qui
1653 769 1704 822 id
1732 768 1910 823 fecere
1938 782 2045 821 non

478 864 544 916 de
585 861 846 915 Romanis
882 868 1107 923 tantum,
1137 859 1232 913 sed
1265 860 1524 913 etiam.dc
1547 861 1791 916 externis
1813 876 2052 916 comme-

479 967 690 1030 morare
743 967 976 1020 possem.
1038 951 1162 1004 lla-c
1197 962 1374 1005 tamen
1417 951 1487 1008 sit
1541 953 1874 1008 Bessarionis
1908 969 2046 1022 pra;-

478 1047 629 1112 cipna
664 1044 780 1096 laus
810 1043 950 1111 quod
978 1057 1105 1096 suos
1132 1057 1232 1096 non
1267 1044 1522 1110 religione
1549 1053 1760 1098 tantum
1791 1055 1844 1097 et
1874 1045 2046 1098 mori-

477 1141 574 1189 bus
630 1137 695 1189 ad
744 1137 879 1188 bene
941 1135 1225 1188 vivendum
1299 1135 1571 1198 instituit,
1638 1150 1820 1188 verum
1881 1135 2045 1189 etiam

478 1227 803 1290 litteratura,
836 1226 1167 1290 eruditione,
1215 1226 1459 1280 doctrina
1517 1226 1588 1280 ita
1631 1225 1864 1288 imbuit,
1899 1226 1987 1280 ubi
2016 1242 2045 1278 a

480 1319 716 1387 negetiis
769 1317 1001 1386 publicis
1054 1326 1230 1380 vacat,
1287 1328 1341 1372 ut
1398 1317 1561 1382 idem,
1595 1319 2044 1386 quemadmodum

479 1410 713 1479 quotidie
739 1410 1034 1474 cernimus,
1068 1408 1220 1462 tnulti
1251 1419 1304 1464 et
1346 1408 1560 1476 quidem
1598 1408 1742 1464 docti
1781 1421 2043 1478 tanquam

479 1519 542 1557 ex
566 1517 705 1570 equo
731 1501 966 1571 Trojano
986 1500 1066 1570 (ut
1085 1502 1149 1554 de
1187 1500 1424 1555 Isocrate
1454 1501 1529 1556 ait
1551 1500 1762 1571 Cicero)
1791 1502 2046 1555 continue

480 1591 761 1660 prodeant,
804 1604 866 1644 ac
892 1588 1073 1658 plures
1103 1604 1269 1658 prope
1293 1605 1453 1659 quam
1479 1605 1546 1644 ex
1573 1589 1776 1658 reliqua
1804 1590 2043 1646 Romana

479 1683 649 1738 curia.
684 1680 825 1748 Quid
872 1681 1025 1736 deest
1075 1680 1292 1736 Nicolao
1349 1681 1601 1746 Perotto.
1641 1683 2048 1752 archiepiscopo

483 1773 791 1846 Sipontino,
825 1774 968 1844 quod
1025 1774 1090 1827 atl
1153 1787 1330 1828 mores
1378 1783 1434 1827 et
1491 1773 1790 1828 doctrinam
1841 1773 2054 1829 faciat?

483 1867 678 1921 Gravis
715 1880 810 1934 pro
841 1865 1126 1936 dignitate,
1152 1865 1322 1920 comis
1356 1874 1410 1920 et
1443 1865 1734 1931 humanus,
1763 1866 1954 1920 scribit
1985 1880 2050 1921 ac

480 1959 610 2012 dicit
639 1957 909 2026 eleganter
939 1967 991 2012 et
1040 1957 1302 2024 copiose;
1354 1956 1448 2012 sed
1490 1957 1582 2026 qui
1641 1956 1826 2012 Graeca
1862 1957 2049 2013 Latina

482 2050 684 2104 faceret
735 2063 894 2102 nemo
959 2049 1136 2101 adhuc
1199 2054 1353 2101 artate
1409 2058 1589 2102 nostra
1645 2049 1894 2103 inventus
1943 2058 2048 2106 est.

485 2139 694 2204 Quanta
729 2139 799 2194 sit
838 2138 1108 2192 Theodori
1129 2137 1307 2204 Gazae,
1332 2138 1430 2192 viri
1469 2139 1682 2207 Optimi,
1716 2140 1962 2197 doctrina
1996 2148 2052 2194 et

488 2229 872 2302 ct'titlitio,Jutn
906 2226 1091 2282 Grmca
1125 2237 1234 2282 tum
1259 2217 1550 2294 Latina,ex
1580 2229 1681 2283 hoc
1710 2229 1792 2283 vel
1815 2229 2050 2284 maxime

481 2319 805 2386 deprehendi
853 2326 1033 2388 potest
1076 2319 1218 2386 quod
1273 2333 1464 2372 omnes
1520 2319 1784 2374 bonarum
1848 2321 2047 2375 artium

481 2412 708 2464 studiosi
755 2412 820 2464 de
847 2410 1026 2482 aliqua
1075 2425 1133 2464 re
1163 2410 1500 2480 ambigentes
1549 2412 1695 2467 hunc
1727 2413 1929 2468 adeunt
1979 2429 2047 2470 ex

483 2512 594 2555 tota
625 2500 842 2555 civitate
879 2512 937 2556 ut
974 2487 1255 2555 oraculum
1295 2501 1484 2568 ,totius
1519 2503 1837 2560 eruditionis
1871 2519 1934 2560 ac
1967 2507 2018 2560 di

483 2593 736 2661 ενίνὶίυιυ.
768 2591 884 2658 llic,
918 2593 1018 2646 etsi
1057 2591 1273 2646 Graacus
1308 2594 1396 2658 sit,
1426 2595 1496 2646 ita
1527 2593 1715 2650 Latine
1747 2597 1958 2662 scribit,
1988 2607 2047 2651 ut

485 2682 684 2736 nulfant
710 2682 936 2750 hospitis
967 2683 1197 2752 speciem
1215 2699 1321 2752 pra:
1343 2701 1402 2739 se
1427 2686 1584 2740 ferat.
1619 2686 1735 2740 Non
1767 2695 1852 2742 est
1883 2667 2048 2744 omit-

485 2779 676 2829 tendus
722 2773 956 2828 Joannes
1003 2774 1218 2841 Gallus,
1275 2776 1555 2846 theologus
1587 2777 2048 2848 philosophusque

484 2865 737 2935 insignis;
769 2879 876 2918 non
917 2865 1154 2919 Valerius
1189 2867 1562 2929 Viterhiensis,
1589 2869 1890 2925 eruditione
1922 2885 2044 2925 cum

485 2957 670 3026 quovis
712 2955 913 3023 optimo
961 2955 1140 3009 atatis
1167 2965 1361 3011 nostrae
1395 2959 1604 3013 medico
1643 2960 2046 3028 conferendus;

485 3061 590 3098 non
619 3044 981 3108 Andronicus,
1013 3042 1195 3098 Grazca
1247 3055 1299 3097 et
1344 3044 1536 3100 Latina
1593 3045 1772 3117 lingua
1805 3049 2050 3118 apprime

485 3137 750 3190 eruditus.
807 3134 944 3190 Sunt
975 3144 1030 3189 et
1057 3135 1107 3188 in
1151 3135 1268 3205 ejus
1298 3137 1652 3193 contubernio
1687 3139 1776 3208 qni
1833 3141 2051 3208 pontiii-

486 3230 626 3279 rium
661 3242 723 3281 ac
763 3226 920 3282 civile
956 3227 1046 3298 jus
1078 3229 1277 3298 quique
1324 3231 1705 3284 mathematica
1739 3233 1942 3301 Optime
1977 3241 2052 3286 te-

487 3329 668 3374 neant.
703 3319 1121 3390 Subsequuntur
1157 3331 1210 3376 et
1253 3320 1478 3390 juvenes
1526 3322 1740 3393 quidam
1773 3325 1864 3394 qui
1919 3323 2051 3380 vali-

486 3412 666 3467 diores
716 3410 865 3479 facti,
916 3421 1172 3481 tauquam
1210 3412 1459 3483 generosi
1491 3413 1621 3484 pulli
1656 3423 1710 3470 et
1740 3429 1804 3468 ex
1852 3416 2052 3483 optima

487 3505 636 3576 prole
699 3505 923 3574 sumpti,
955 3519 1060 3560 non
1093 3505 1276 3559 tubam
1326 3515 1418 3560 aut
1463 3521 1775 3576 campanam
1809 3509 2056 3563 reformi-

488 3600 714 3654 dabunt.
747 3597 812 3653 lli
835 3599 1044 3653 fructus
1069 3597 1390 3653 oboriuntur
1408 3597 1645 3669 undique
1675 3600 1738 3654 ad
1755 3601 2053 3657 ubertatem

491 3703 598 3742 non
638 3688 801 3744 unius
843 3687 1098 3755 civitatis,
1151 3690 1248 3743 sed
1296 3691 1458 3768 totius
1511 3690 1823 3759 provinciae,
1858 3691 2054 3747 Bessa-

488 3776 658 3834 rionis
687 3793 851 3849 opera
889 3789 943 3833 et
978 3779 1249 3848 impensa,
1280 3780 1374 3848 qui
1403 3795 1512 3836 non
1542 3797 1648 3837 una
1672 3781 1725 3837 in
1759 3798 1817 3839 re
1846 3793 2053 3839 tantum

488 3868 903 3926 liberalissimas
942 3887 1171 3938 manus,
1205 3871 1302 3929 sed
1344 3873 1399 3928 in
1435 3873 1677 3942 pluribus
1719 3875 2052 3932 circumfert.

489 3959 774 4018 Miseratus
804 3963 1110 4019 Grabcorum
1143 3964 1506 4022 calamitatem
1531 4007 1546 4033 ,
1583 3963 1748 4020 multa
1771 3981 2055 4023 nummum

493 4054 659 4108 millia
686 4069 971 4112 aureorum
1006 4070 1104 4126 pro
1135 4056 1464 4113 redimendis
1503 4055 1731 4126 captivis
1757 4059 2052 4128 expendit;

1255 289 1467 350 BAPT.
1512 289 1862 349 PLATINA!
1902 287 2434 353 PANEGYRICUS
2468 293 2982 358 BESSARIONIS.

3607 301 3724 351 (ἔχει

2148 403 2356 471 puellas
2387 404 2580 458 multas
2609 403 2786 473 inopia
2813 408 3096 475 parentum
3121 407 3316 462 marito
3346 420 3594 465 carentes
3615 429 3720 466 acre

2151 495 2371 564 proprio
2409 495 2534 550 dote
2577 494 2720 549 facta
2753 497 2940 564 nuptui
2981 497 3233 553 collocat.
3267 497 3461 572 Inopes
3490 512 3544 556 et
3583 504 3722 557 vale-

2150 585 2455 640 tudinarius
2481 585 2738 641 continuo
2765 585 2921 654 juvat
2943 602 2959 652 ;
2983 587 3126 642 aedes
3159 602 3343 643 sacras
3372 599 3464 644 aut
3495 591 3723 645 instituit

2151 685 2243 728 ant
2276 675 2541 742 collapsas
2569 683 2833 730 vetustate
2861 676 3052 744 relicit,
3073 677 3215 744 quod
3241 678 3438 734 indicat
3466 682 3720 751 templum

2151 767 2518 834 apostolorum
2547 765 2598 819 in
2629 765 2796 828 Urbe.
2839 767 2926 821 ubi
2957 767 3216 823 sacellum
3243 768 3346 822 sibi
3377 771 3637 836 condidit,
3669 783 3722 828 et

2150 869 2402 912 secessus
2446 856 2662 925 Gryptze
2708 855 2948 912 Ferratae
3004 859 3178 914 beata:
3224 859 3432 932 Virgini
3484 863 3718 921 dicatus.

2149 947 2382 1002 Domum
2403 962 2616 1018 quoque
2637 949 2742 1003 sibi
2773 951 2986 1018 paravit
3023 951 3093 1007 ita
3135 952 3384 1021 dignitati
3406 963 3460 1009 et
3489 954 3719 1010 faculta-

2153 1041 2296 1096 tibus
2316 1051 2725 1111 congruentem,
2744 1051 2802 1097 ut
2822 1057 2994 1112 neque
3025 1045 3220 1100 melius
3235 1046 3520 1116 quisquam
3548 1063 3720 1118 neque

2151 1133 2450 1188 modestius
2498 1133 2549 1186 in
2586 1132 2730 1189 Urbe
2771 1135 2997 1192 habitet.
3045 1138 3378 1192 Accedentes
3415 1147 3468 1193 et
3500 1140 3717 1207 quidem

2148 1225 2468 1295 frequenter
2501 1227 2734 1282 libenter
2765 1228 3000 1284 admittit
3036 1245 3050 1280 :
3083 1231 3232 1285 audit
3252 1237 3306 1286 et
3332 1232 3474 1302 quod
3503 1231 3617 1285 ﬁeri
3651 1233 3719 1285 ab

2148 1333 2212 1372 eo
2269 1318 2564 1372 amicorum
2617 1332 2778 1374 causa
2832 1328 3024 1388 potest,
3077 1320 3358 1376 doctorum
3420 1323 3718 1390 praesertim

2149 1424 2377 1479 quorum
2409 1420 2668 1478 patronus
2699 1418 2802 1473 est,
2853 1410 2906 1464 id
2955 1424 3015 1464 se
3067 1411 3303 1467 libenter
3337 1411 3605 1468 facturum
3637 1427 3723 1468 re.

2149 1501 2435 1571 promittit.
2461 1500 2557 1556 llis
2581 1515 2706 1556 vero
2741 1503 2805 1556 de
2831 1516 2930 1557 suo
2948 1503 3216 1559 interdum
3251 1505 3720 1574 donat,quantum

2151 1592 2199 1647 ei
2275 1607 2372 1662 per
2424 1591 2754 1646 domesticas
2801 1593 3074 1662 impensas
3128 1593 3274 1650 licet.
3333 1594 3720 1651 Bibliothecam

2152 1681 2414 1747 Graecam,
2435 1681 2651 1750 triginta
2674 1681 2908 1738 millibus
2937 1697 3280 1740 nummorum
3305 1697 3592 1739 aureorum
3611 1699 3720 1740 em-

2153 1787 2295 1848 ptam
2324 1777 2560 1832 Venetiis
2579 1775 2866 1840 exstruxit,
2887 1791 2954 1830 ne
2974 1777 3196 1833 omnino
3218 1778 3514 1832 litteratura
3538 1777 3724 1833 Graeca

2154 1867 2427 1923 deﬁceret.
2462 1865 2610 1920 thlt
2642 1866 2785 1920 enim
2819 1879 2938 1920 eam
2971 1867 3158 1922 urbem
3205 1878 3426 1937 propter
3473 1867 3724 1922 vicinita-

2153 1967 2334 2013 temet
2371 1958 2762 2028 navigationem
2793 1956 2996 2013 Graecis
3037 1973 3068 2012 a
3096 1958 3343 2013 barbaris
3368 1959 3577 2014 vexatis
3605 1973 3727 2014 esse

2153 2047 2614 2117 percommodam.
2645 2047 2875 2104 Ornabit
2904 2056 2960 2102 et
2988 2045 3129 2102 hanc
3173 2053 3406 2100 vestram
3454 2046 3726 2100 civitatem

2153 2136 2346 2192 Latina
2419 2137 2778 2208 supellectile,
2836 2137 2880 2192 si
2943 2137 2992 2192 ei
3057 2135 3368 2206 aliquandiu
3427 2136 3607 2192 vivere
3663 2136 3728 2190 li-

2151 2229 2319 2284 currit
2329 2267 2344 2282 .

2221 2318 2378 2375 Hunc
2410 2321 2589 2388 itaque
2619 2318 2918 2385 hominem,
2943 2315 3208 2384 Quirites,
3231 2316 3323 2388 qui
3348 2317 3418 2373 ob
3440 2331 3592 2373 suam
3622 2315 3732 2371 sin-

2152 2413 2395 2481 gularem
2427 2410 2771 2480 sapientiam,
2815 2409 3202 2475 constantiam,
3237 2408 3419 2474 fidem,
3453 2407 3729 2475 pietatem,

2152 2498 2549 2564 fortitudinem,
2589 2498 3010 2564 humanitatem,
3046 2501 3298 2570 gratiam,
3345 2497 3729 2560 eruditionem,

2151 2592 2451 2648 doctrinam
2487 2591 2610 2646 facit
2657 2591 2954 2662 quominus
2995 2589 3274 2656 Socrates,
3316 2589 3734 2655 Platones,Ari-

2152 2684 2395 2751 stoteles,
2441 2684 2678 2749 Grazcos,
2741 2681 2965 2748 Numas,
3021 2679 3312 2749 Varrones,
3350 2680 3563 2745 Brutos,
3605 2679 3735 2734 Sul-

2152 2776 2337 2845 pitios,
2369 2775 2608 2830 Catones
2631 2784 2843 2830 vestros
2886 2773 3229 2839 desideretis,
3283 2772 3446 2838 hunc,
3490 2772 3732 2841 inquam,

2157 2867 2396 2922 omnium
2448 2866 2725 2922 hominem
2772 2866 2910 2920 bene
2941 2866 3005 2920 de
3047 2867 3248 2934 optimo
3298 2877 3512 2935 quoque
3561 2872 3615 2917 et
3650 2862 3732 2916 in-

2159 2958 2366 3014 dustrio
2423 2957 2699 3023 meritum,
2726 2954 2909 3022 colite,
2941 2955 3228 3010 observate
3267 2969 3331 3010 ac
3359 2953 3734 3022 frequentibus

2157 3048 2410 3104 laudibus
2431 3046 2723 3102 celebrate.
2744 3043 2870 3109 Illac
2891 3044 3097 3098 ratione
3117 3043 3289 3116 (tanta
3321 3053 3398 3098 est
3443 3041 3736 3097 auctoritas

2158 3140 2357 3210 vestra)
2392 3150 2445 3194 ct
2477 3139 2744 3194 bonorum
2772 3137 2984 3208 ingenia
3013 3137 3078 3192 ad
3113 3136 3365 3191 virtutem
3396 3132 3724 3198 excitabitis,

2159 3234 2434 3303 proposita
2491 3231 2658 3301 gloria
2717 3230 2921 3300 optima
2981 3227 3050 3283 ad
3109 3228 3424 3282 excitandos
3489 3225 3737 3282 homines

2162 3325 2393 3380 calcaria
2417 3341 2433 3390 ;
2467 3331 2522 3379 et
2557 3322 2731 3378 malos
2759 3335 2788 3375 a
2815 3321 2950 3375 vitio
2974 3319 3339 3381 deterrebitis,
3364 3332 3484 3372 cum
3520 3332 3550 3370 a
3580 3315 3736 3371 vobis

2167 3415 2474 3486 posthaberi
2515 3424 2609 3470 aut
2649 3412 2825 3486 notari
2866 3411 3160 3481 llagitiosos
3200 3407 3481 3464 dedecoris
3510 3423 3573 3462 ac
3617 3417 3734 3462 tur-

2161 3510 2418 3578 pitudiuis
2451 3516 2574 3564 uota
2603 3506 2878 3562 videbunt.
2940 3503 3050 3574 Ego
3105 3518 3229 3558 vero
3285 3501 3556 3569 maximas.
3582 3498 3736 3554 vobis

2161 3600 2364 3672 gratias
2389 3612 2488 3670 ago
2510 3597 2650 3668 quod
2687 3611 2772 3651 me
2796 3595 2982 3650 audire
3007 3596 3197 3664 quovis
3232 3593 3390 3649 modo
3420 3592 3732 3661 loquentem

2161 3691 2481 3755 volueritis;
2507 3688 2737 3758 majores
2769 3698 2948 3766 tamen
2987 3683 3269 3742 habiturus
3316 3686 3361 3740 si
3393 3701 3486 3740 vos
3519 3699 3734 3752 quoque

2163 3783 2562 3846 Bessat'iouem,
2629 3779 2843 3838 Patrem
2892 3780 3313 3850 amplissimum,
3362 3777 3556 3848 quovis
3597 3791 3736 3846 pra:-

2163 3875 2322 3930 conio
2343 3873 2586 3945 dignum,
2612 3871 2862 3930 laudibus
2887 3871 3083 3928 vestris
3103 3885 3222 3952 qua:
3236 3868 3568 3940 gravissima:
3584 3873 3728 3929 sunt,

2165 3961 2590 4023 celebraveritis.
3740 3953 3744 3957 ”
