3990 6218
447 414 590 454 ἰλιι

1219 507 1282 565 ΙΙ.

537 626 847 690 Bessarion,
873 626 1224 680 miseratione
1247 626 1427 681 divina
1445 637 1648 683 sanctae
1667 627 1920 683 Romanae
1945 628 2042 682 Ec-

469 718 647 774 clesiae
671 717 992 782 cardiualis,
1020 716 1310 788 episcopus
1337 718 1706 784 Tusculanus,
1731 719 2044 790 apostolica:

471 809 617 865 sedis
649 811 854 878 legatus
901 810 967 864 de
997 809 1168 864 latere
1225 809 1280 863 in
1313 810 1533 866 civitate
1569 809 1848 874 Bononiae,
1881 824 2044 864 exar-

470 903 635 956 chatu
668 901 940 956 Ravennae
971 910 1024 956 et
1047 901 1420 957 Romandiolze
1469 901 1751 970 provincia
1782 901 1837 956 in
1877 901 2044 970 spiri-

472 993 709 1046 tualibus
743 1005 794 1046 et
827 994 1215 1060 temporalibus
1264 993 1536 1063 generalis
1577 992 1837 1058 vicarius,
1893 1006 2046 1046 reve-

472 1084 640 1137 rendo
679 1085 730 1136 in
757 1083 973 1139 Christo
1010 1083 1152 1139 Patri
1183 1085 1412 1138 Domino
1456 1085 1712 1154 episcopo
1751 1082 1945 1153 Regin,
1991 1092 2046 1136 et

473 1174 684 1230 dilectis
714 1176 767 1228 in
813 1172 1031 1232 Christo
1084 1177 1210 1233 ﬁliis
1240 1175 1478 1247 capitulo
1510 1175 1758 1246 ejusdem
1798 1175 2045 1231 ecclesiae

474 1269 700 1323 salutem
724 1270 776 1322 in
799 1270 1168 1336 Domino,etc.
1835 1315 1840 1318 -

545 1361 676 1416 Cum
699 1379 727 1415 a
755 1363 907 1417 nobis
937 1365 1138 1432 petitur
1159 1363 1298 1432 quod
1326 1361 1596 1417 honestati
1627 1361 1951 1416 convenitet
1979 1360 2044 1414 ad

477 1453 1107 1509 honoremecclesiarum
1142 1456 1442 1524 praesertim
1467 1453 1856 1508 cathedralium
1883 1453 2045 1518 cedit,

481 1547 664 1600 animo
695 1560 792 1599 nos
815 1545 973 1600 decet
999 1546 1186 1601 libenti
1207 1547 1526 1611 concedere,
1551 1555 1605 1598 et
1631 1545 1926 1614 petentium
1952 1545 2048 1597 de-

476 1638 689 1692 sideriis
718 1640 1028 1708 praesidium
1058 1639 1343 1707 impertiri.
1369 1638 1502 1692 Cum
1533 1639 1742 1708 itaque.
1763 1639 1921 1694 sicuti
1952 1652 2046 1706 pce

479 1729 688 1784 titionis
718 1741 910 1786 vestra:
945 1731 1099 1786 nobis
1133 1732 1329 1786 oblata:
1381 1735 1551 1786 series
1581 1733 1916 1794 continebat,
1955 1745 2049 1784 vos

477 1821 730 1889 pratiatus
753 1822 1008 1877 dominus
1043 1823 1326 1892 episcopus
1347 1823 1540 1893 Regin.
1577 1836 1683 1878 una
1711 1841 1832 1879 cum
1856 1824 2050 1877 vestris

478 1912 758 1966 canonicis
775 1927 871 1982 pro
901 1915 1107 1968 honore
1131 1915 1284 1968 dictae
1303 1913 1560 1968 Ecclesiae
1587 1915 1655 1968 ad
1690 1914 2046 1967 imitationem

479 2007 706 2062 aliarum
729 2008 1078 2063 ecclesiarum
1118 2009 1508 2064 cathedralium
1528 2009 1792 2062 duxeritis
1809 2017 2052 2060 statuen-

478 2100 609 2153 dum
645 2101 785 2168 quod
821 2099 1052 2170 qttilibet
1079 2101 1234 2154 dicta:
1263 2101 1504 2155 ecclesiae.
1533 2101 1831 2156 Canonicus
1879 2101 2050 2154 almu-

483 2191 555 2245 tia
582 2189 774 2245 debeat
811 2193 888 2244 uti
939 2192 993 2244 in
1048 2192 1274 2246 ecclesia
1310 2193 1584 2261 praelibata
1635 2192 1829 2246 saltem
1863 2191 2050 2244 diebus

481 2283 684 2338 festivis
709 2291 762 2338 et
780 2284 1113 2339 solemnibus
1142 2285 1193 2337 in
1223 2283 1439 2350 olﬁciis,
1479 2294 1534 2338 et
1557 2286 1716 2339 etiam
1743 2282 2051 2338 Mansiona-

480 2376 545 2429 rii
577 2377 847 2446 praedictae
863 2377 1280 2432 ecclesiae‘more
1303 2377 1792 2432 mansionariorum
1819 2377 2048 2430 aliarum

479 2466 832 2522 ecclesiarum
853 2468 1245 2524 cathedralium
1276 2467 1517 2535 subjecta
1551 2483 1711 2538 pinna
1755 2469 1806 2522 iu
1866 2467 2052 2538 hujus-

480 2563 625 2617 modi
705 2563 1089 2619 constitutione
1140 2572 1419 2628 contenta,
1477 2573 1531 2619 et
1594 2564 1903 2620 successive
1957 2578 2054 2634 per

481 2654 640 2708 aliam
669 2657 826 2710 modo
892 2656 1054 2710 simili
1079 2655 1522 2710 constitutionem
1551 2657 1879 2710 celebratam
1912 2656 2053 2709 inhi-

483 2743 731 2808 bueritis,
765 2755 820 2798 et
847 2758 1103 2814 expresse
1133 2744 1520 2798 mandaveritis
1552 2759 1619 2798 ne
1649 2745 1769 2812 quis
1794 2745 1936 2799 alius
1963 2760 2054 2800 ca-

484 2835 711 2892 nonicus
747 2836 988 2907 cujusvis
1023 2836 1246 2892 alterius
1285 2835 1528 2892 ecclesia:
1561 2836 1859 2908 collegiate:
1892 2841 1943 2891 in
1975 2837 2055 2892 ci-

481 2928 668 2992 vitate,
705 2927 788 2982 vel
847 2928 1072 2984 dioecesi
1123 2927 1332 2999 Rrgina
1365 2925 1672 2983 constitutae
1714 2929 1791 2984 uti
1839 2928 2052 2996 debeat,

482 3019 678 3088 possit,
712 3019 797 3074 vel
827 3026 1118 3089 praesumat
1147 3019 1442 3088 aliquibus,
1470 3019 1558 3074 vel
1599 3019 1780 3089 aliqua
1811 3019 2051 3087 almutia,

483 3114 567 3167 vel
599 3112 840 3168 almutiis
854 3112 1017 3167 simili
1035 3111 1114 3166 vel
1144 3111 1430 3176 similibus,
1453 3110 1697 3166 dissimili
1725 3110 2054 3166 veldissimi-

481 3201 625 3257 libus
651 3202 750 3256 sub
789 3215 948 3272 paena
973 3200 1555 3256 excommunicationis
1588 3211 1641 3256 et
1669 3202 2053 3262 beneﬁciorum

482 3293 822 3363 privationis,
843 3301 1001 3362 prout
1027 3291 1081 3345 iu
1111 3291 1270 3346 dictis
1293 3290 1772 3347 constitutionibus
1800 3305 1933 3360 quas
1967 3292 2056 3346 hic

483 3399 582 3457 pro
639 3385 912 3464 aspressis
968 3385 1157 3439 haberi
1199 3383 1468 3449 volumus,
1502 3382 1663 3439 latius
1722 3384 2052 3438 continetur.

480 3477 663 3544 Quare
697 3491 792 3548 pro
823 3485 978 3546 parte
1035 3485 1212 3530 vestra
1274 3485 1329 3529 et
1381 3474 1602 3546 capituli
1653 3473 1864 3544 praefati
1901 3475 2056 3530 nobis

483 3570 841 3640 supplicatum
865 3569 989 3633 l’uit,
1020 3575 1283 3637 quatenus
1305 3581 1403 3635 pro
1423 3567 1682 3621 validiori
1705 3566 2053 3622 subsistentia

483 3661 964 3718 conatitutionibus
993 3646 1287 3730 prwdictis,
1325 3674 1388 3712 ac
1427 3659 1679 3713 omnibus
1729 3666 1783 3712 et
1827 3659 2057 3731 singulis

483 3753 753 3809 contentis
782 3753 1015 3808 indictis
1032 3751 1512 3806 constitutionibus
1533 3761 1736 3806 nostrae
1765 3753 2060 3806 conﬁrma-

487 3846 652 3903 tionis
674 3846 836 3900 robur
856 3844 1092 3913 adjicere
1123 3843 1489 3912 dignaremur,
1512 3856 1728 3896 onmem
1757 3840 2056 3911 supplendo

485 3940 780 4004 delectum,
811 3939 854 3994 si
881 3938 1003 4008 quis
1040 3938 1219 3992 forsan
1246 3937 1601 3991 intervenerit
1637 3936 1688 3988 in
1712 3932 2058 3989 eisdem.Nos

483 4046 612 4100 ergo
638 4031 832 4085 vestris
853 4040 901 4082 et
929 4029 1147 4099 capituli
1175 4027 1416 4096 praedicti
1451 4027 1502 4080 in
1545 4027 1646 4080 hac
1676 4036 1825 4095 parte
1853 4025 2058 4095 suppli-

484 4124 808 4188 cationibus,
827 4129 1088 4191 quantum
1125 4133 1246 4173 cum
1270 4118 1376 4172 Deo
1399 4131 1712 4186 possumus,
1730 4126 2055 4181 annuentes,

486 4216 904 4271 constitutiones
959 4212 1269 4280 praedictas,
1297 4224 1524 4278 quarum
1559 4216 1798 4262 tenorem
1843 4208 1929 4261 hic
1961 4223 2058 4276 pro

485 4323 748 4379 expresso
781 4305 969 4360 haberi
1003 4301 1271 4367 volumus,
1305 4301 1595 4369 omniaque
1623 4299 1727 4354 alia
1768 4310 1822 4354 et
1851 4299 2060 4369 singula

489 4417 586 4475 per
612 4418 729 4466 vos,
759 4406 815 4453 ut
837 4397 1140 4469 praefertur,
1176 4393 1317 4448 facta
1351 4401 1407 4448 et
1431 4393 1678 4446 ordinata
1712 4399 1825 4446 rata
1855 4391 2060 4448 haben-

489 4508 568 4554 tes
595 4507 651 4552 et
671 4503 844 4562 grata,
875 4493 962 4547 illa
993 4490 1317 4544 auctoritate
1341 4486 1634 4556 apostolica
1667 4494 1869 4540 nostra:
1905 4485 2053 4556 lega-

488 4590 654 4646 tionis
680 4589 938 4656 omnique
986 4584 1089 4638 alia
1117 4581 1461 4643 auctoritate,
1497 4593 1603 4647 qua
1632 4577 1909 4648 fungimur
1931 4593 2060 4633 cou-

488 4684 789 4746 iirmantus,
804 4677 1167 4751 approbauitts
1187 4687 1240 4728 et
1260 4673 1539 4744 praesentis
1555 4672 1736 4743 scripti
1761 4672 2062 4742 patrocinio

490 4769 889 4825 commtmitnus
920 4764 1222 4835 supplendo
1245 4775 1437 4817 omnes
1460 4762 1728 4828 delectus,
1771 4763 1816 4817 si
1849 4764 1938 4831 qui
1976 4763 2063 4817 in-

491 4862 825 4918 tervenerint
858 4860 910 4913 in
943 4857 1261 4928 praemissis,
1315 4853 1512 4924 illaque
1545 4853 1894 4908 decernimus
1940 4869 2063 4925 per-

493 4955 674 5025 petuis
725 4950 929 5007 futuris
957 4948 1286 5017 temporibus
1325 4945 1714 5001 inviolabiliter
1749 4946 2058 5010 observari,

495 5063 600 5102 nou
623 5043 967 5101 obstantibus
991 5041 1408 5111 quibuscunque
1433 5037 1932 5100 constitutionibus,
1957 5049 2067 5092 sta-

495 5140 627 5194 tutis
647 5145 701 5194 et
720 5135 1200 5193 consuetudinibus
1222 5141 1275 5186 et
1296 5131 1417 5186 aliis
1435 5131 1487 5185 in
1505 5129 1841 5185 contrarium
1865 5128 2067 5185 facien-

495 5231 657 5288 tibus.

563 5322 755 5378 Datum
792 5321 1069 5385 Bononize,
1091 5321 1174 5374 die
1209 5335 1259 5372 vt
1301 5316 1612 5380 Decembris
1641 5313 1792 5369 “5'2.

567 5574 876 5639 Bessarion,
905 5583 1035 5636 etc.,
1057 5570 1350 5626 venerabili
1383 5571 1499 5622 viro
1524 5566 1801 5639 Sylvestro
1839 5565 2070 5631 Quirino

495 5666 829 5734 deVrnetiis,
856 5668 1196 5721 decretorum
1243 5665 1476 5728 doctori,
1509 5658 1949 5716 reverendissimi
1973 5657 2071 5711 do-

499 5761 631 5816 tnini
659 5759 1056 5828 archiepiscopi
1107 5757 1449 5811 Ravennatis
1497 5754 1722 5819 vicario,
1745 5752 1974 5807 salutem
2017 5757 2071 5806 et

496 5857 773 5918 sinceram
805 5856 857 5914 in
889 5855 1118 5915 Domino
1154 5851 1506 5907 cbaritatcut.

1733 401 2250 462 BESSARIONIS
2289 396 2478 458 ACTA

3615 381 3720 428 δικ

2225 507 2386 564 Sedis
2417 505 2734 577 apostolicae
2768 490 3111 572 providentia
3157 494 3552 564 circumxpecta
3588 507 3725 547 non-

2151 619 2425 673 nunquam
2467 604 2702 670 rigorem
2727 597 2869 665 juris
2899 590 3320 649 mansuetudine
3351 598 3637 656 temperat.
3668 597 3726 642 et

2150 695 2295 763 quod
2329 708 2608 749 sacrorum
2642 703 2911 746 canonum
2931 681 3486 756 prohibentinstituta
3515 679 3583 733 de
3604 693 3731 748 gra-

2100 787 2106 794 ’
2154 789 2227 844 tia
2253 787 2607 858 benignitatis
2638 781 2897 853 indulget,
2932 789 3091 850 prout
3119 791 3476 845 personarum
3505 782 3560 828 et
3593 783 3730 827 tem-

2153 895 2344 950 porum
2380 879 2641 948 qualitate
2667 884 2892 944 pensata
2917 873 2968 928 id
3000 873 3054 926 in
3093 869 3206 924 Deo
3236 868 3532 923 salubriter
3564 879 3730 933 expe-

2152 973 2271 1028 dire
2299 971 2601 1043 cognoscit.
2639 968 2783 1025 Sane
2785 983 2874 1037 ,ει
2901 973 3056 1036 parte
3086 960 3468 1017 Bartholomzei
3495 961 3562 1013 de
3584 957 3730 1010 Stre-

2154 1067 2384 1136 gonibns
2422 1073 2479 1119 et
2512 1061 2696 1116 Mariae
2732 1059 2997 1128 Gasparis
3031 1055 3100 1111 de
3148 1053 3412 1109 Manusiis
3441 1051 3507 1105 de
3539 1047 3733 1103 Russis

2154 1156 2399 1211 mulieris
2422 1154 2715 1225 coniugum
2757 1151 2917 1206 nobis
2946 1147 3130 1204 oblata
3160 1144 3350 1214 petitio
3395 1140 3731 1198 continebat,

2155 1249 2296 1316 quod
2323 1246 2424 1316 ipsi
2447 1246 2535 1300 diu
2555 1247 2894 1316 ignorantes,
2924 1239 3142 1310 aliquod
3166 1233 3616 1306 impedimentum
3649 1228 3734 1281 in-

2158 1348 2240 1390 ter
2268 1351 2365 1391 eos
2400 1336 2664 1391 exsistere
2692 1333 2987 1404 quominus
3013 1335 3233 1400 possent
3267 1326 3333 1379 ad
3358 1324 3589 1378 invicem
3620 1333 3733 1373 ma-

2156 1427 2541 1481 trimonialiter
2597 1424 2864 1496 capulari,
2923 1418 3338 1476 matrimonium
3377 1415 3521 1469 inter
3549 1427 3609 1468 se
3637 1426 3734 1481 per

2157 1520 2318 1572 verba
2349 1519 2412 1572 de
2441 1517 2693 1586 praesenti
2730 1514 3067 1570 clandestine
3087 1515 3504 1570 contraxerunt,
3528 1503 3733 1559 carnali

2157 1609 2346 1676 copula
2407 1609 2548 1664 inter
2581 1624 2677 1664 eos
2714 1607 2955 1662 nondum
3009 1602 3353 1666 subsecuta;
3393 1595 3733 1667 postmodum

2159 1714 2290 1754 vero
2319 1701 2386 1754 ad
2421 1714 2606 1754 eurum
2642 1699 2887 1768 pervenit
2923 1696 3172 1750 notitiam
3201 1691 3346 1761 quod
3373 1697 3567 1759 quarto
3599 1700 3734 1739 con—

2161 1791 2550 1860 sanguinitatis
2581 1792 2744 1860 gradu
2779 1790 3012 1845 invicem
3042 1793 3168 1842 sunt
3191 1780 3494 1854 conjuuCti,
3515 1787 3737 1857 propter

2160 1883 2304 1952 quod
2339 1884 2391 1937 in
2423 1884 2731 1951 huiusmodi
2767 1879 3115 1938 matrimonio
3162 1888 3440 1930 remanere
3470 1887 3577 1926 non
3611 1884 3742 1940 pos-

2162 1983 2311 2040 sunt,
2364 1976 2662 2044 apostolica
2694 1989 2857 2045 super
2899 1973 3003 2027 hoc
3036 1985 3142 2025 non
3173 1969 3395 2024 obtenta
3452 1963 3736 2032 dispensaa-

2165 2075 2329 2128 tione.
2363 2070 2424 2124 Et
2477 2071 2620 2125 sicut
2645 2068 2834 2122 eadem
2885 2063 3076 2137 petitio
3109 2058 3471 2130 subiungebat
3519 2058 3563 2112 si
3601 2059 3741 2111 inter

2163 2162 2615 2219 Bartholomazum
2643 2169 2697 2214 et
2717 2159 2939 2214 Mariam
2969 2154 3221 2226 praefatos
3245 2151 3538 2207 divortium
3563 2149 3738 2214 ﬁeret,

2161 2255 2552 2318 dissensiones,
2578 2253 2778 2306 damna
2801 2261 2857 2306 et
2881 2248 3136 2304 scandala
3160 2247 3302 2300 inter
3329 2244 3496 2314 ipsos.
3518 2256 3740 2295 eorum-

2161 2362 2268 2416 que
2299 2348 2740 2419 consanguineos
2793 2350 2848 2398 et
2876 2342 3082 2396 amicos
3114 2339 3313 2394 exinde
3361 2333 3741 2390 verosimiiiter

2162 2437 2366 2493 exoriri
2429 2445 2674 2507 possent.
2703 2434 2887 2502 Quare
2915 2447 3013 2502 pro
3067 2443 3224 2502 parte
3271 2425 3652 2482 Bartholomati
3684 2432 3742 2479 et

2163 2527 2347 2584 Marias
2382 2528 2543 2583 nobis
2577 2526 2682 2582 fuit
2722 2524 3000 2582 humiliter
3029 2521 3389 2592 supplicatum
3425 2527 3483 2572 ut
3518 2515 3648 2585 ipsis
3684 2520 3741 2570 et

2163 2635 2350 2676 eorum
2382 2619 2607 2674 cuilibet
2643 2633 2808 2688 super
2835 2618 2940 2673 hoc
2964 2615 3032 2670 de
3079 2611 3441 2669 absolutionis
3474 2608 3740 2664 beneﬁcio

2164 2728 2193 2767 a
2219 2710 2454 2783 generali
2491 2707 3071 2764 exeommnnicatiouis
3099 2704 3393 2766 sententia,
3413 2717 3573 2772 quam
3614 2714 3742 2767 pro-

2162 2812 2283 2874 pter
2337 2811 2674 2860 coutractum
2711 2801 3046 2857 clandestine
3099 2797 3506 2852 matrimonium
3551 2793 3742 2862 hujus-

2163 2896 2308 2951 modi
2371 2893 2778 2965 quomodolibet
2855 2892 3224 2957 incurrerunt,
3281 2898 3336 2943 et
3422 2896 3743 2956 opportunae

2162 2986 2581 3056 dispensationis
2605 2984 2779 3055 gratia
2799 2983 3086 3054 providere
3108 2982 3174 3037 de
3194 2979 3528 3049 benignitate
3551 2985 3736 3031 nostra

2162 3080 2539 3150 dignaremur.
2581 3076 2692 3133 Nos
2742 3077 2926 3143 itaque
2975 3076 3218 3143 ipsorum
3258 3067 3638 3126 Bartholomaai
3689 3075 3745 3122 et

2163 3169 2348 3226 Mariae
2381 3171 2434 3224 in
2486 3169 2586 3223 hac
2605 3177 2763 3237 parte
2803 3163 3298 3236 supplicationibus
3339 3158 3608 3220 inclinati,
3649 3171 3745 3210 eo-

2164 3277 2391 3332 rumque
2422 3262 2731 3317 animarum
2776 3259 2936 3313 saluti
2991 3255 3282 3326 providere
3325 3261 3381 3308 et
3427 3245 3741 3321 hujnsmodi

2163 3354 2599 3414 dissensionibus
2628 3369 2692 3408 ac
2714 3349 3004 3414 scandalis,
3027 3357 3293 3418 quantum
3321 3359 3445 3398 cum
3473 3341 3584 3395 Deo
3611 3352 3746 3410 pos-

2165 3461 2372 3512 sumus,
2398 3445 2619 3502 obviare
2646 3443 2912 3506 volentes,
2939 3440 3005 3493 li.
3034 3437 3100 3494 ν.
3121 3437 3190 3493 de
3219 3450 3325 3505 qua
3358 3434 3408 3487 in
3443 3433 3508 3486 iis
3542 3440 3596 3486 et
3625 3429 3749 3485 aliis

2162 3537 2380 3606 plenam
2429 3535 2482 3589 in
2524 3532 2756 3588 Domino
2786 3529 3040 3586 ﬁduciam
3071 3526 3383 3582 obtinemus
3415 3520 3746 3577 auctoritate

2165 3615 2459 3699 apostolica
2477 3625 2632 3680 nobis
2653 3636 2932 3688 concessa,
2947 3634 3054 3691 qua
3080 3618 3352 3688 iungimur
3367 3615 3419 3670 in
3439 3615 3540 3669 hac
3562 3623 3738 3684 parte,

2166 3735 2262 3788 per
2292 3718 2406 3772 haec
2450 3717 2652 3786 scripta
2690 3712 3107 3776 committimus,
3140 3719 3195 3788 et
3233 3708 3577 3769 mandamus,
3606 3718 3744 3774 qua-

2169 3822 2326 3866 tenus
2359 3811 2580 3864 eosdetn
2615 3807 3076 3862 Bartholomatum
3111 3813 3167 3859 et
3197 3801 3423 3856 Mariam
3461 3808 3622 3868 atque
3647 3812 3750 3851 eo-

2169 3917 2290 3957 rum
2315 3901 2632 3970 quemlibet,
2671 3899 2717 3954 si
2760 3899 2876 3952 haec
2903 3895 3182 3950 humiliter
3215 3892 3498 3960 petierint,
3539 3890 3606 3944 ab
3643 3889 3751 3941 hu-

2161 3991 2398 4062 jusutodi
2451 3988 3035 4046 excommunicationis
3091 3985 3390 4046 setttentia,
3424 3984 3753 4037 auctoritate

2167 4084 2472 4154 apostolica
2491 4081 2710 4151 praelata
2735 4078 3029 4134 absolvatis
3053 4077 3108 4130 in
3133 4075 3308 4130 forma
3337 4073 3595 4130 Ecclesia:
3616 4086 3751 4126 θοιν-

2167 4184 2345 4241 sueta,
2371 4174 2637 4245 iniunctis
2693 4173 2820 4226 inde
2853 4184 3044 4225 eorum
3065 4170 3289 4224 cuilibet
3317 4184 3413 4236 pro
3443 4166 3602 4220 modo
3625 4166 3752 4220 cul-

2175 4283 2254 4338 pae
2285 4265 2604 4335 ptenitcntia
2647 4261 2875 4320 salutari
2910 4270 2966 4316 et
2985 4260 3125 4323 aliis,
3157 4275 3277 4330 quae
3303 4259 3510 4329 dejure
3547 4258 3755 4312 iuerint

2175 4360 2518 4430 injungenda.
2581 4357 2801 4412 Deututn
2841 4357 2886 4411 si
2921 4357 2993 4411 ita
3022 4363 3123 4421 est,
3150 4365 3205 4409 et
3248 4353 3392 4406 dicta
3423 4351 3590 4406 Maria
3624 4364 3757 4420 pro-

2176 4460 2293 4521 pter
2316 4452 2418 4505 hoc
2445 4459 2604 4518 rapta
2624 4463 2730 4502 non
2764 4447 3085 4511 luerit,cutn
3119 4445 3322 4500 eisdem
3352 4441 3755 4498 Bartholonuro

2174 4553 2229 4599 et
2265 4543 2435 4598 Maria
2469 4550 2529 4595 ut
2575 4539 2965 4609 impedimento
2995 4537 3176 4607 quarti
3259 4533 3754 4602 consanguinitatis

2173 4636 2379 4703 gradus
2411 4630 2731 4702 huiusmodi
2760 4645 2877 4684 non
2917 4627 3190 4694 obstante,
3219 4627 3273 4681 in
3318 4626 3461 4681 dicto
3496 4626 3577 4680 sic
3609 4625 3760 4678 inter

2174 4741 2267 4782 eos
2289 4733 2574 4781 contracto
2604 4720 2951 4776 matrimonio
2993 4732 3274 4774 remanere
3301 4726 3356 4772 et
3393 4717 3458 4772 ad
3495 4716 3642 4770 illius
3664 4731 3760 4770 so-

2174 4818 2611 4874 lemnizationem
2647 4815 2800 4885 juxta
2838 4821 3041 4866 sanch
3089 4811 3276 4866 matris
3309 4809 3568 4864 Ecclesiae
3600 4809 3762 4862 iusti-

2177 4912 2441 4966 tutionem
2464 4918 2520 4964 et
2545 4922 2750 4962 morem
2781 4905 2988 4975 patriae,
3031 4903 3327 4974 procedere
3375 4899 3547 4955 libere
3607 4910 3663 4953 et
3693 4899 3762 4952 li-

2176 5003 2283 5058 cite
2319 5003 2619 5072 possint,et
2647 4997 2858 5053 valeant
2880 4995 3206 5051 auctoritate
3238 4993 3532 5064 apostolica
3555 4992 3761 5063 praedi-

2176 5104 2264 5148 cta
2291 5093 2614 5161 dispensetis
2637 5091 2842 5160 prolem
2872 5103 2938 5142 ex
2969 5087 3318 5142 matrimonio
3347 5084 3758 5153 suscipiendam

2177 5188 2488 5260 hujusmodi
2539 5187 2841 5258 legitimam
2873 5184 3241 5241 decernendo.
3272 5181 3336 5238 In
3363 5198 3610 5254 quorum,
3643 5192 3756 5237 etc.

2251 5307 2442 5359 Datum
2465 5301 2744 5367 Bononia,
2772 5299 2844 5352 22
2872 5298 3001 5353 Maii
3033 5296 3191 5352 1455.

2921 5433 3010 5489 ιν.

2250 5555 2559 5619 Bessarion,
2608 5553 2959 5607 miseratione
2990 5549 3174 5604 divina
3213 5549 3499 5618 episcopus
3549 5544 3762 5600 Tuscu-

2182 5633 2357 5715 lanus,
2381 5650 2439 5702 S.
2458 5647 2595 5702 ΚΕ.
2619 5645 2935 5710 cardiualis,
2967 5642 3215 5697 Nicaeuus
3234 5641 3526 5710 vulgariter
3544 5653 3760 5690 IIIIIICII-

2183 5755 2360 5816 patus,
2383 5744 2433 5795 in
2452 5741 2674 5796 civitate
2692 5739 2944 5792 Bononia:
2977 5736 3305 5790 e'xarchatus
3325 5732 3759 5787 Ravennate-usis

2182 5847 2236 5896 ct
2272 5833 2643 5892 ltomandiolm
2674 5831 2953 5902 provincia
3008 5830 3152 5886 sedis
3185 5827 3495 5900 apostolica:
3549 5826 3761 5893 legatus
