3990 6218
361 327 482 368 CXXI

359 430 426 484 de
449 426 638 485 latere.
663 425 862 482 dilecto
897 427 1004 480 lilio
1025 426 1218 480 Joanni
1251 429 1529 493 Anthomi,
1553 430 1754 484 clerico
1789 429 1922 482 Par-

360 518 552 584 mensi,
571 517 862 573 habitatori
896 518 1073 573 Castri
1109 518 1462 588 Crepalcorii,
1495 521 1721 576 salutem
1752 522 1927 578 ctsin-

357 623 538 667 eorum
570 609 623 663 in
654 608 886 664 Domino
912 609 1256 666 charitatem.

427 701 564 756 Vitae
588 709 644 757 et
669 716 883 757 morum
910 701 1189 770 honestas,
1233 703 1450 774 aliaque
1476 705 1762 760 laudabilia
1798 718 1926 773 pro-

360 795 542 850 bitatis
570 804 624 848 et
669 794 933 850 virtutum
963 796 1176 861 merita,
1209 809 1372 865 super
1404 798 1600 866 quibus
1653 798 1792 866 apud
1829 811 1926 851 nos

361 886 467 940 ﬁde
504 886 665 956 digno
713 887 1114 940 commendaris
1147 888 1481 954 testimonio,
1510 903 1608 942 nos
1640 889 1926 950 inducunt,

361 988 420 1032 t
451 979 548 1033 tibi
581 978 881 1033 reddamur
906 980 969 1033 ad
1002 980 1230 1050 gratiam
1271 980 1542 1036 liberales.
1570 981 1705 1036 Cum
1747 983 1928 1050 itaque

358 1071 520 1126 sicuti
553 1069 828 1139 petitionis
861 1079 964 1124 tuae
993 1071 1149 1125 nobis
1165 1072 1360 1126 oblata:
1388 1073 1558 1127 series
1589 1072 1926 1136 continebat,

363 1160 692 1215 venerabilis
751 1160 833 1215 vir
883 1161 1134 1216 dominus
1191 1161 1428 1218 Joannes
1497 1162 1756 1218 Senensis
1830 1163 1927 1218 de—

341 1225 636 1340 :eretorum
681 1252 893 1317 doctor,
929 1251 1211 1308 reverendi
1244 1256 1411 1322 patris
1459 1255 1665 1309 domini
1717 1253 1926 1310 Guroni

321 1342 550 1409 falari:
583 1341 833 1398 Estensis
879 1345 1329 1399 commendatarii
1371 1345 1690 1399 monasterii
1742 1345 1926 1400 Sancti

318 1417 327 1486 ί
363 1433 612 1488 Silvestri
666 1435 730 1488 de
788 1433 1002 1488 Mantua
1059 1433 1380 1489 Mutinensis
1411 1435 1658 1490 dimcesis
1696 1437 1750 1490 in
1783 1436 1929 1490 dicto

320 1497 332 1602 ξ
361 1527 692 1580 onasterio
715 1526 981 1595 generalis
1003 1526 1260 1592 vicarius,
1277 1537 1504 1583 vacante
1527 1528 1808 1594 clericato,
1829 1545 1925 1583 seu

362 1617 598 1672 clericus
638 1616 904 1672 beneﬁcio
931 1618 1176 1672 instituto
1230 1620 1282 1673 in
1328 1619 1568 1674 Ecclesia
1625 1634 1721 1676 seu
1774 1620 1930 1689 plebe

364 1709 583 1764 Sanctae
607 1708 786 1764 Maria:
809 1709 876 1762 de
899 1708 1202 1765 Brennucio
1233 1711 1299 1764 de
1325 1710 1666 1779 Crepalcorio
1687 1712 1928 1781 subjecta

366 1801 699 1856 monasterio
759 1801 1020 1868 praedicto
1068 1799 1252 1857 Sancti
1287 1801 1574 1862 .Silvestri
1621 1803 1926 1865 Cumoleni,

365 1894 681 1948 clericatum
713 1892 808 1950 tibi
835 1890 1036 1947 Joanni
1072 1893 1294 1963 prazfato
1325 1895 1636 1959 contulerit,
1677 1905 1732 1949 ct
1769 1895 1838 1951 de
1865 1911 1930 1951 eo

369 1984 661 2050 providerit
685 2001 701 2041 :
741 1997 912 2054 quare
937 2001 1036 2056 pro
1062 1995 1216 2056 parte
1237 1996 1325 2041 tua
1354 1987 1514 2043 nobis
1539 1986 1640 2041 fuit
1660 1988 1932 2057 supplica-

369 2085 506 2142 tum,
536 2085 594 2130 ut
623 2077 830 2131 dictum
861 2077 1175 2132 clericatum
1204 2067 1271 2132 de
1299 2093 1438 2134 novo
1473 2079 1570 2133 tibi
1597 2079 1846 2134 conferre
1874 2087 1930 2133 et

374 2167 438 2220 de
468 2181 531 2220 eo
554 2169 840 2235 providere
873 2168 1149 2224 vellemus.
1180 2167 1288 2224 Nos
1322 2169 1500 2239 itaque
1527 2170 1636 2224 tuis
1657 2169 1932 2239 supplica-

374 2257 606 2311 tionibus
627 2257 1267 2322 inelinati,collationem
1311 2270 1364 2315 et
1387 2263 1753 2332 provisionem
1795 2277 1934 2331 prte-

369 2347 543 2400 dictas
596 2349 918 2403 auctoritate
967 2361 1167 2405 nostra:
1223 2352 1512 2422 legationis
1546 2355 1929 2424 approbantes,

369 2439 615 2493 eumdem
640 2440 956 2496 clericatum
983 2457 1106 2498 cum
1141 2445 1395 2500 omnibus
1414 2446 1627 2515 juribus
1677 2455 1734 2502 et
1761 2448 1932 2517 perti-

371 2533 569 2586 nentiis
597 2533 710 2586 suis
734 2532 834 2587 tibi
858 2534 921 2588 de
947 2549 1088 2590 novo
1119 2537 1468 2604 conferimus,
1490 2547 1543 2593 et
1566 2538 1742 2593 deillo
1769 2539 1932 2594 etiam

369 2622 738 2688 providemus,
767 2624 875 2678 nisi
904 2623 970 2679 de
1008 2625 1104 2680 ille
1139 2636 1383 2696 tempore
1416 2627 1557 2684 datae
1581 2630 1932 2700 praesentium

370 2714 442 2767 sit
473 2714 629 2770 alteri
653 2714 744 2782 jus
767 2717 1080 2785 quaesitum,
1101 2731 1319 2786 curam,
1353 2720 1593 2788 regimen
1624 2732 1678 2776 et
1703 2722 1936 2777 admini-

371 2809 691 2862 strationem
741 2808 911 2876 ipsius
963 2819 1068 2863 tam
1127 2811 1182 2864 in
1222 2811 1628 2880 temporalibus,
1685 2827 1848 2880 quam
1883 2814 1933 2866 iti

373 2900 748 2969 spiritualibus
770 2901 863 2954 tibi
882 2901 1124 2970 plenarie
1152 2903 1541 2959 committenda
1565 2921 1580 2972 ;
1614 2905 1937 2960 mandantes

372 2992 626 3045 Omnibus
670 3003 725 3046 et
752 2993 979 3062 singulis
1027 2995 1260 3059 colonis,
1295 2995 1691 3051 laboratoribus
1724 3005 1777 3051 et
1814 2996 1937 3051 aliis

375 3094 547 3138 terras
593 3094 647 3136 et
683 3084 1050 3152 possessiones
1098 3085 1225 3139 dicti
1277 3085 1570 3140 clericatus
1627 3087 1938 3142 tenentibus

373 3188 512 3242 quos
565 3174 658 3227 tibi
697 3175 764 3228 de
796 3175 1040 3244 ejusdem
1076 3173 1359 3242 fructibus,
1424 3177 1684 3231 reditibus
1731 3184 1785 3232 et
1813 3192 1941 3248 pro-

377 3265 626 3319 velitibus
656 3265 866 3334 integre
888 3273 944 3319 et
973 3264 1142 3320 libere
1174 3265 1538 3334 respondeant
1567 3276 1622 3322 et
1658 3276 1716 3320 ut
1746 3268 1942 3322 litterae

376 3365 576 3406 nostrae
597 3353 836 3407 debitum
882 3357 1180 3408 sortiantur
1234 3355 1508 3422 etl'ectnm,
1549 3358 1941 3412 committimus

376 3455 431 3498 et
457 3445 774 3500 mandamus
799 3446 1053 3501 omnibus
1072 3459 1126 3501 et
1151 3447 1382 3516 singulis
1399 3448 1785 3503 ecclesiasticis
1800 3450 1940 3502 dun-

376 3545 530 3589 taxat
563 3537 808 3604 personis
833 3538 934 3590 sub
965 3547 1151 3592 nostra
1201 3538 1470 3608 legatione
1500 3538 1844 3608 degentibus,
1875 3539 1941 3593 ad

376 3644 516 3700 quos
553 3639 846 3699 pra:sentes
902 3638 1100 3685 nostra:
1128 3631 1320 3685 litterae
1353 3630 1716 3700 pervenerint,
1765 3638 1819 3684 et
1849 3644 1942 3684 ea-

379 3721 625 3775 rumdem
651 3721 834 3790 vigore
883 3720 1087 3775 fuerint
1118 3722 1368 3790 requisiti
1400 3721 1754 3791 singulariter
1782 3721 1865 3776 vel
1889 3725 1941 3775 in

378 3811 649 3876 solidum;
676 3821 940 3879 quatenus
972 3819 1024 3866 te
1049 3812 1304 3868 inducant
1323 3815 1375 3867 in
1411 3814 1606 3868 realem
1631 3822 1794 3883 atque
1823 3827 1944 3869 cor-

379 3902 619 3973 poralem
645 3905 1054 3972 possessionem
1083 3903 1216 3958 dicti
1256 3905 1546 3961 clericatus
1582 3913 1636 3960 et
1667 3906 1944 3960 inductum

378 4005 665 4066 protegant
710 4005 872 4065 atque
921 3994 1232 4061 defendant,
1295 4006 1478 4052 amoto
1529 3997 1725 4052 exinde
1775 3997 1948 4066 quoli-

379 4090 468 4143 bet
494 4090 685 4143 illicito
704 4089 1008 4153 detentore,
1027 4089 1461 4144 contradictores
1486 4091 1759 4160 quoslibet
1781 4100 1946 4162 atque

382 4182 607 4235 rebelles
636 4195 732 4250 per
762 4194 1047 4234 censuram
1069 4181 1495 4236 ecclesiasticam
1527 4183 1944 4253 compescendo.

454 4299 645 4351 Datum
682 4296 952 4360 Bonooize,
1003 4296 1090 4350 die
1119 4295 1186 4350 18
1213 4281 1412 4365 Aprilis
1458 4296 1618 4378 1450,
1656 4295 1946 4352 indictione

384 4392 473 4458 15,
498 4390 845 4458 pontiﬁcatus
870 4387 934 4442 Ι).
963 4387 1170 4444 Nicolai
1205 4402 1350 4443 anno
1374 4388 1429 4443 4.

1141 4522 1204 4578 ν.

453 4642 763 4705 Bessarion,
812 4650 919 4696 etc.
969 4642 1166 4697 dilecto
1220 4641 1372 4696 nobis
1403 4640 1603 4697 Pasino
1652 4641 1830 4696 Melmi
1884 4642 1952 4697 de

321 4775 334 4786 .
385 4735 754 4790 Malebiavelis
785 4736 1014 4789 salutem
1046 4738 1098 4788 in
1141 4749 1227 4802 eo,
1264 4737 1316 4789 in
1356 4751 1464 4804 quo
1495 4745 1578 4789 cst
1612 4751 1738 4789 vera
1778 4735 1948 4790 salus.

455 4828 710 4882 Exltibita
741 4827 1011 4896 siquidem
1057 4828 1214 4882 nobis
1256 4844 1352 4899 pro
1394 4829 1468 4881 tui
1496 4840 1650 4897 parte
1688 4829 1956 4897 supplica-

387 4923 457 4974 tio
484 4923 802 4976 continebat
833 4937 849 4976 :
879 4923 1020 4990 quod
1049 4935 1172 4974 cum
1221 4922 1286 4975 de
1311 4934 1453 4974 anno
1488 4920 1624 4973 1450
1660 4935 1751 4988 per
1782 4920 1842 4973 Ι).
1891 4920 1952 4974 L.

384 5016 714 5069 cardinalem
741 5014 807 5067 de
829 5013 1040 5067 Comite
1067 5023 1124 5066 tu
1149 5013 1474 5082 supplicaret
1492 5013 1537 5066 is
1560 5024 1612 5066 et
1633 5013 1722 5066 alii
1747 5013 1957 5067 nobiles

387 5111 451 5160 de
480 5106 849 5160 Malcbiavelis
875 5107 1110 5174 gratiose
1133 5107 1374 5160 exauditi
1398 5107 1752 5161 obtinueritis
1771 5107 1958 5160 decre-

389 5211 520 5265 tum,
550 5197 694 5267 quod
720 5197 851 5252 dicti
885 5197 1113 5262 nobiles,
1145 5199 1234 5266 qui
1259 5206 1418 5251 erant
1467 5213 1695 5251 numero
1722 5197 1752 5249 7
1778 5198 1957 5266 capita

388 5293 717 5346 familiarum
773 5288 918 5343 nullo
954 5289 1116 5342 modo
1153 5300 1436 5344 teneantur
1493 5290 1840 5344 contribuere
1890 5289 1960 5344 ad

386 5399 553 5436 onera
587 5381 756 5434 rcalia
807 5381 1113 5448 personalia
1148 5379 1228 5433 vel
1269 5379 1420 5449 juxta
1457 5394 1578 5433 cum
1640 5380 1960 5435 hominibus

388 5473 763 5539 ltoncastaldi,
798 5473 892 5527 sed
925 5472 1360 5542 intelligerentur
1403 5488 1526 5527 esse
1568 5476 1836 5544 segregati
1891 5475 1959 5528 ab

390 5565 701 5617 hominibus
732 5561 1104 5628 Roncastaldi,
1138 5563 1433 5616 dummodo
1453 5565 1726 5618 solverent
1746 5566 1960 5637 singulo

389 5670 576 5708 mense
598 5654 843 5708 Cameris
862 5653 1164 5708 communis
1187 5652 1548 5708 Bononiensis
1575 5655 1744 5708 libras
1773 5658 1960 5710 decem

388 5757 692 5812 etsi-ptem,
725 5742 928 5800 solidos
959 5745 1143 5798 decem
1170 5741 1377 5801 Bonon.
1431 5745 1681 5803 videlicet
1714 5745 1882 5802 libras
1920 5747 1982 5801 tt'

1437 318 1518 378 IN
1566 316 2000 378 LEGATIONE
2045 310 2540 373 BONONIENSI.

3450 323 3599 364 CIIII

2037 424 2243 479 solidos
2277 425 2461 479 decem
2490 438 2588 494 pro
2617 422 2857 493 quolibet
2884 424 3060 493 capite
3082 422 3312 477 familias
3335 435 3492 495 prout
3516 439 3606 480 se-

2038 519 2237 572 riosius
2273 525 2422 587 patet
2475 518 2528 570 in
2574 516 2723 570 dicto
2767 514 3010 580 decreto,
3054 525 3349 585 petensque
3389 526 3444 569 ut
3475 531 3604 570 cum

2036 610 2199 679 aliqui
2238 625 2306 664 ex
2362 609 2524 664 dictis
2574 609 2606 661 7
2654 606 2928 677 capitibus
2980 606 3095 661 sive
3135 607 3472 675 impotentia,
3512 615 3606 660 aut

2037 700 2372 770 malignitate
2399 708 2652 754 recusent
2679 699 2890 754 solvere
2911 707 3118 768 partem
3140 696 3243 752 sibi
3275 706 3601 766 tangentem,

2038 791 2380 861 inquietaris,
2435 800 2600 859 atque
2631 789 2975 860 compelleris
3002 803 3242 859 persaepe
3283 788 3350 842 ad
3387 788 3606 842 εοΙνεη-

2037 883 2164 938 dum
2192 891 2398 954 partem
2434 883 2623 937 talium
2649 884 2764 937 sive
2789 881 3184 936 recusantium.
3211 880 3388 946 Quare
3413 880 3607 946 digna-

2038 989 2222 1029 remur
2250 983 2434 1030 nostro
2460 973 2684 1043 speciali
2732 974 2950 1028 decreto
2980 987 3266 1027 secernere
3317 982 3368 1026 te
3395 971 3610 1039 suppli-

2035 1074 2249 1121 cantem
2280 1066 2350 1119 ab
2372 1065 2495 1120 aliis
2541 1065 2857 1119 hominibus
2887 1063 2954 1119 de
3003 1063 3393 1126 Malchiavelis,
3427 1063 3606 1116 soluta

2036 1167 2187 1228 parte
2213 1158 2309 1213 tibi
2341 1167 2614 1228 tangente.
2635 1156 2742 1212 Nos
2773 1165 2953 1212 autem
2996 1157 3088 1227 qui
3136 1164 3356 1211 assueto
3407 1167 3606 1210 nostrae

2040 1261 2246 1305 naturae
2287 1251 2476 1305 ordine
2521 1249 2835 1320 supplicum
2891 1247 3146 1318 precibus
3176 1263 3335 1314 quam
3373 1246 3609 1301 libenter

2038 1343 2351 1406 annuimus,
2388 1341 2657 1410 siquidem
2687 1339 2847 1409 digna
2866 1354 3054 1394 eorum
3089 1338 3413 1393 intercessio
3449 1337 3602 1392 vobis

2041 1437 2304 1500 videatur,
2340 1450 2456 1490 rem
2489 1435 2799 1504 prmdictam
2831 1433 2896 1487 ad
2933 1443 3169 1487 nostram
3209 1433 3453 1486 notitiam
3473 1446 3606 1484 exa-

2042 1530 2352 1583 ntinandam
2404 1526 2776 1581 commisimus
2830 1525 3080 1595 prudenti
3141 1523 3258 1577 viro
3316 1520 3608 1576 Paschasio

2041 1619 2274 1674 auditori
2303 1629 2510 1681 nostro,
2561 1617 2651 1685 qui
2701 1627 2916 1686 sumpta
2949 1615 3334 1670 informatione
3363 1609 3606 1681 diligenti

2041 1712 2198 1766 nobis
2253 1711 2460 1775 retulit,
2492 1725 2613 1780 qua:
2660 1725 2758 1774 pro
2787 1709 2863 1763 tui
2910 1718 3060 1778 parte
3116 1708 3359 1776 exposita
3392 1705 3610 1760 filerunt

2037 1818 2168 1858 vera
2201 1817 2346 1859 esse.
2370 1802 2480 1858 Nos
2508 1816 2637 1871 ergo
2662 1801 2910 1870 precibus
2944 1801 3049 1854 tuis
3085 1813 3290 1853 morem
3331 1805 3606 1868 gerentes,

2038 1897 2095 1952 in
2128 1895 2194 1952 iis
2233 1909 2354 1964 quae
2404 1909 2712 1963 possumus,
2763 1892 2946 1948 habita
3010 1891 3271 1944 relatione
3326 1877 3607 1958 praedicta,

2039 1989 2332 2060 apostolica
2356 1989 2696 2051 auctoritate,
2719 2000 2822 2054 qua
2851 1983 3150 2053 fungimur,
3173 1983 3448 2037 decretum
3476 1979 3611 2034 alias

2039 2081 2137 2136 tibi
2164 2089 2220 2136 et
2253 2081 2377 2134 aliis
2407 2079 2474 2133 de
2507 2075 2879 2130 Malcbiavelis
2913 2074 3184 2128 indultum
3214 2072 3604 2127 confirmamus

2041 2187 2105 2228 ac
2136 2173 2202 2226 de
2234 2185 2373 2225 novo
2400 2169 2748 2224 concedimus
2780 2167 2874 2220 tibi
2904 2165 3101 2218 Pasino
3134 2163 3317 2225 modo,
3361 2173 3414 2218 et
3443 2165 3493 2216 in
3533 2163 3613 2216 iu-

2040 2275 2221 2319 turnm
2247 2272 2304 2316 ut
2337 2262 2526 2316 solutis
2565 2259 2753 2315 solidis
2812 2258 3210 2330 quinquaginta
3248 2256 3456 2310 Bonon.
3511 2257 3607 2310 tibi

2045 2353 2389 2423 tangentibus
2427 2351 2637 2406 solvere
2666 2364 2763 2419 pro
2804 2359 2959 2420 parte
2989 2359 3080 2405 tua
3126 2351 3272 2404 nullo
3315 2349 3480 2403 modo
3513 2349 3613 2403 de-

2043 2446 2173 2501 beas
2199 2446 2316 2500 sive
2352 2445 2526 2513 possis
2556 2442 2768 2512 gravari
2803 2457 2924 2496 cum
2953 2440 3116 2496 dictis
3148 2442 3215 2496 de
3246 2441 3614 2496 Malchiavelis

2043 2551 2139 2605 per
2169 2538 2398 2606 aliquem
2433 2535 2714 2590 otllcialem
2745 2537 3055 2590 communis
3081 2534 3438 2590 Bononiensis
3466 2549 3480 2601 ;
3518 2534 3614 2587 de-

2045 2630 2316 2685 clarantes
2345 2639 2403 2684 ut
2433 2627 2626 2684 solutis
2663 2627 2824 2683 dictis
2864 2627 3053 2682 solidis
3102 2627 3492 2698 quinquaginta
3525 2642 3618 2680 ca-

2047 2738 2207 2778 merae
2236 2721 2586 2786 Bononiensi,
2635 2730 2690 2776 tu
2737 2731 2835 2774 aut
2863 2719 3003 2774 alius
3039 2713 3128 2774 tuo
3157 2720 3395 2784 nomine,
3429 2719 3510 2774 vel
3538 2719 3615 2773 tui

2047 2813 2401 2883 imposterum
2465 2813 2853 2868 descendentes
2906 2811 3018 2866 ullo
3061 2813 3240 2876 modo,
3279 2821 3374 2864 aut
3427 2812 3617 2864 ordine

1998 2918 2006 2926 '
2048 2906 2269 2960 minime
2327 2905 2507 2959 valeas
2566 2903 2844 2959 molestari
2873 2920 2888 2969 ;
2924 2903 3243 2957 mandantes
3272 2903 3616 2958 thesaurario

2046 3012 2273 3054 camerae
2295 2994 2652 3050 Bononiensis
2681 3009 2746 3048 ac
2773 2993 3150 3049 defensoribus
3183 2992 3402 3048 baveris
3433 3007 3617 3046 came-

2047 3105 2123 3145 rae
2151 3106 2214 3144 ac
2244 3089 2479 3153 caeteris,
2510 3092 2576 3142 ad
2602 3101 2738 3156 quos
2758 3087 2999 3155 pertinet
3027 3104 3040 3140 :
3077 3095 3346 3156 quatenus
3375 3099 3618 3156 praesens

2049 3195 2293 3240 nostrum
2329 3182 2605 3236 decretum
2632 3181 2924 3235 observent
2953 3189 3007 3234 et
3042 3179 3248 3235 faciant
3273 3182 3340 3236 ab
3369 3181 3491 3236 aliis
3528 3179 3616 3235 in-

2049 3273 2371 3329 violabiliter
2409 3270 2710 3327 observari.
2739 3269 2796 3323 In
2829 3282 3060 3339 quorum
3093 3269 3249 3325 tidem
3293 3280 3405 3324 etc.

2121 3389 2310 3445 Datum
2350 3395 2455 3444 etc.
2479 3386 2566 3442 die
2586 3385 2760 3454 prima
2784 3383 2985 3456 Aprilis
3016 3392 3121 3438 etc.

2790 3522 2882 3579 Vl.

2125 3637 2429 3698 Bessarion,
2457 3647 2570 3691 etc.
2631 3635 2882 3690 discretis
2915 3632 3071 3687 nobis
3107 3631 3159 3687 in
3188 3630 3408 3687 Christo
3440 3630 3622 3684 Balta.

2056 3733 2163 3786 sari
2197 3731 2512 3800 presbytero
2536 3728 3010 3796 archipresbytero
3031 3725 3308 3790 Imolensi,
3327 3735 3380 3780 et
3397 3724 3622 3778 'l‘honize

2054 3840 2117 3878 ac
2171 3821 2584 3891 Chrismphoro,
2634 3817 2914 3874 canonicis
2946 3816 3321 3882 lmolensibus,
3370 3826 3479 3870 etc.
3533 3831 3621 3868 sa-

2057 3917 2244 3970 lutetn.

2133 4007 2359 4077 Dignum
2390 4003 2720 4059 arbitramur
2739 4009 2794 4056 et
2829 4013 3127 4070 congruum
3163 4006 3221 4052 ut
3264 3997 3370 4051 illis
3431 3997 3618 4050 reili'a-

2057 4119 2179 4160 mur
2205 4104 2256 4155 in
2302 4097 2635 4154 exhibitione
2684 4093 2871 4165 gratia,
2919 4091 3191 4156 liberales,
3228 4090 3424 4158 quibus
3459 4088 3524 4140 ad
3565 4088 3616 4139 id

2057 4195 2326 4266 praecipua
2359 4191 2618 4245 virtutum
2641 4186 2836 4241 merita
2867 4183 3210 4239 laudabiliter
3237 4181 3621 4249 sull'ragantur.

2057 4292 2190 4347 Cum
2223 4290 2446 4356 litaque,
2476 4285 2616 4338 sicut
2667 4281 2994 4350 accepimus,
3043 4276 3625 4347 archipresbyter-atus.

2059 4400 2179 4447 seu,
2201 4383 2352 4452 plebs
2385 4381 2599 4434 Sanctae
2622 4375 2803 4430 Maria:
2824 4374 2890 4428 de
2916 4369 3176 4427 Salustria
3193 4367 3476 4423 lmolcnsis
3497 4365 3632 4418 dite-

2060 4477 2202 4533 cesis
2224 4491 2346 4529 cum
2373 4489 2504 4528 cura
2533 4481 2706 4536 vacet,
2729 4477 2782 4524 et
2811 4482 3000 4522 vacare
3018 4472 3272 4520 noscatur
3296 4462 3362 4516 ad
3388 4474 3630 4531 pricsens

2063 4583 2158 4638 pro
2211 4582 2297 4632 eo,
2357 4565 2502 4634 quod
2557 4560 2862 4616 Ludovicus
2921 4556 3196 4618 Francisci
3243 4594 3257 4609 .
3281 4593 3295 4610 .
3317 4592 3332 4609 .
3355 4595 3367 4608 .
3395 4592 3409 4608 .
3430 4595 3444 4608 .
3467 4592 3482 4607 .
3499 4592 3514 4607 .
3535 4591 3549 4607 .
3574 4591 3589 4606 .
3613 4592 3628 4606 .

2062 4663 2337 4730 presbyter
2371 4654 2654 4710 lmolcnsis
2681 4652 2885 4707 dudum
2915 4647 3371 4718 archipresbyter,
3408 4662 3504 4700 seu
3550 4659 3632 4698 re-

2062 4761 2178 4804 ctor
2212 4752 2369 4802 dictae
2402 4747 2573 4815 plebis
2617 4744 2762 4798 aliud
2798 4751 3045 4798 curatum
3101 4755 3193 4795 seu
3229 4736 3635 4806 incompatibtle

2063 4836 2491 4892 ecclesiasticum
2508 4832 2717 4888 exstitit
2733 4831 3052 4887 benelicium
3073 4829 3297 4898 paciﬂce
3316 4837 3595 4882 assecutus
3617 4841 3634 4891 ;

2067 4944 2162 4996 nos
2193 4929 2435 4982 volentes
2469 4927 2723 4981 dilectum
2775 4925 2933 4978 nobis
2965 4923 3017 4976 in
3060 4921 3280 4975 Christo
3310 4919 3639 4974 Emmanue-

2067 5020 2169 5074 lem
2194 5017 2464 5090 quondam
2499 5015 2761 5072 Autbonii
2791 5015 3120 5070 Cremonen.
3170 5012 3393 5066 fratrem
3427 5011 3635 5066 ordinis

2067 5111 2479 5180 prrdicatorum
2551 5116 2606 5162 et
2650 5106 3026 5176 cappellanum
3095 5103 3368 5174 magniﬁci
3428 5101 3635 5157 domini

2067 5203 2284 5258 Tbadzei
2309 5201 2509 5266 lmolie,
2525 5210 2654 5266 etc.,
2693 5201 2758 5253 de
2773 5200 2894 5252 vitae
2915 5207 2969 5252 et
2984 5211 3196 5251 morum
3223 5200 3501 5250 honestate
3521 5197 3636 5263 pb.-

2069 5295 2262 5348 rimum
2299 5291 2956 5357 commendatum,horum
2985 5288 3183 5342 intuitu
3224 5288 3410 5341 favore
3443 5300 3634 5354 prose-

2069 5389 2160 5457 qui
2211 5390 2475 5456 gratioso,
2526 5385 2814 5455 praefatum
2872 5381 3489 5453 arehipresbyteratum,
3536 5368 3637 5434 seu

2072 5478 2280 5548 plebem
2313 5475 2526 5529 Sanctae
2555 5473 2738 5527 Mariae
2763 5474 2829 5527 de
2865 5470 3151 5536 Salustria,
3193 5472 3332 5526 sicut
3357 5471 3638 5540 prasini“.-

2073 5579 2182 5633 tur,
2207 5567 2322 5626 sive
2350 5567 2456 5620 alio
2474 5567 2663 5634 quovis
2688 5566 2865 5626 modo,
2897 5573 2989 5618 aut
3009 5577 3076 5617 ex
3099 5562 3322 5636 alterius
3348 5562 3639 5630 cujuscun-

2072 5671 2178 5726 que
2209 5665 2362 5726 parte
2393 5663 2710 5719 vacantem;
2747 5653 2958 5708 etiamsi
2992 5667 3088 5720 per
3135 5651 3361 5704 liberam
3395 5650 3636 5717 resigna-

2075 5749 2279 5804 tioneni
2335 5747 2463 5804 dicti
2501 5746 2783 5816 Ludovici,
2838 5755 2930 5801 aut
2992 5744 3217 5803 alterius
3249 5744 3637 5816 cujuscunque
