3990 6218
411 367 530 410 εκκι
541 369 580 411 ll

410 481 562 528 extra
594 467 895 524 Romanam
947 468 1153 524 curiam
1182 481 1368 522 coram
1401 466 1614 522 notario
1653 475 1710 522 et
1749 467 1978 521 testibus

411 572 608 633 sponte
635 561 870 626 factam;
897 569 952 616 et
986 561 1030 614 si
1066 568 1215 614 tanto
1238 568 1477 628 tempore
1503 561 1801 622 vacaverit,
1835 558 1978 627 quod

411 652 531 720 ejus
556 651 776 706 collatio
805 664 897 706 seu
924 648 1164 716 provisio
1187 649 1250 702 ad
1267 649 1446 702 sedem
1462 648 1816 717 apostolicam
1849 649 1982 718 jux-

413 751 468 796 ta
521 740 905 802 Lateranensis
965 747 1169 796 statuta
1201 737 1416 794 concilii
1449 748 1544 793 aut
1579 737 1718 793 alias
1749 750 1981 805 quomo-

415 834 616 890 dolibet
648 833 885 902 legitime
909 831 1164 886 devoluta
1199 846 1296 886 seu
1333 830 1646 900 specialiter
1696 830 1780 884 vel
1813 843 1980 900 gene-

412 925 602 978 raliter
626 923 852 978 exsistat
882 933 967 977 :et
996 923 1039 977 si
1064 937 1226 992 super
1244 938 1306 977 ea
1345 922 1488 976 inter
1513 921 1727 990 aliquos
1760 920 1824 974 lis
1853 932 1983 988 pen-

411 1017 536 1072 deat
570 1015 830 1080 indecisa,
859 1014 1015 1084 cujus
1041 1023 1246 1069 statum
1282 1013 1371 1068 hic
1397 1029 1495 1082 pro
1527 1011 1862 1068 sullicienter
1886 1025 1986 1065 ex-

411 1122 604 1176 presso
639 1106 1126 1162 baberivolumus.
1200 1104 1370 1172 Cujus
1418 1105 1646 1169 fructus,
1698 1103 1903 1158 reditus
1931 1109 1986 1156 et

411 1209 708 1265 proventus
745 1197 814 1251 40
847 1196 1178 1252 ﬂorenorum
1205 1199 1320 1250 auri
1349 1197 1416 1250 de
1430 1196 1657 1250 Camera
1688 1193 1984 1250 secundum

411 1303 754 1345 communem
786 1291 1194 1345 aestimationem
1231 1289 1467 1346 valerem
1489 1302 1754 1352 annuum,
1788 1296 1846 1341 ut
1875 1286 1988 1344 dic-

415 1391 504 1438 tus
532 1381 850 1436 Emmanuel
873 1381 1089 1444 asserit,
1125 1395 1232 1435 non
1262 1380 1549 1444 excedunt,
1581 1393 1704 1432 cum
1733 1376 1986 1432 omnibus

412 1474 630 1542 jnribns
694 1483 750 1528 et
779 1473 1117 1543 pertinentiis
1150 1473 1263 1527 suis
1293 1468 1985 1532 eidemEmmanuechum

417 1578 546 1630 quo,
581 1573 636 1616 ut
658 1564 878 1628 asserit,
908 1562 1198 1633 apostolica
1232 1561 1552 1617 auctoritate
1607 1559 1742 1613 alias
1774 1559 1989 1626 dispen-

417 1662 597 1708 satum
656 1655 887 1719 exstitit,
917 1665 975 1709 ut
1009 1663 1317 1724 acceptare,
1353 1652 1596 1720 recipere
1653 1658 1710 1705 et
1753 1648 1988 1702 retinere

416 1744 614 1810 valeat,
675 1745 847 1800 donec
885 1746 1082 1799 vixerit
1122 1745 1490 1815 quodcunque
1537 1740 1856 1796 beneficium
1885 1754 1987 1794 cu-

420 1844 598 1890 ratum
630 1836 842 1890 etiamsi
886 1837 1474 1906 arcliipresbyteratus,
1531 1846 1627 1886 seu
1696 1831 1984 1900 prioratus,

411 1926 504 1982 vel
535 1927 637 1981 alia
675 1927 910 1995 dignitas
932 1926 1116 1991 fuerit,
1156 1925 1450 1995 apostolica
1508 1931 1562 1978 et
1609 1931 1807 1978 nostra:
1846 1921 1991 1990 lega-

421 2019 585 2073 tionis
623 2028 678 2072 et
729 2018 876 2074 omni
908 2018 1254 2082 auctoritate,
1302 2031 1406 2086 qua
1460 2015 1757 2086 fungimur,
1800 2023 1989 2068 tenore

420 2109 767 2180 praesentium
803 2109 1136 2166 confecimus
1167 2118 1220 2163 et
1249 2109 1317 2163 de
1350 2108 1439 2163 illo
1480 2106 1646 2161 etiam
1713 2106 1818 2162 sibi
1860 2120 1987 2174 pro-

419 2201 687 2264 videmus,
742 2201 1095 2255 decernentes
1128 2215 1195 2254 ex
1252 2214 1392 2253 nunc
1441 2198 1654 2252 irritum
1703 2205 1758 2250 et
1805 2196 1984 2258 inane,

419 2291 464 2346 si
490 2305 647 2345 secus
675 2305 838 2360 ευμεν
867 2290 936 2344 iis
971 2290 1205 2344 scienter
1235 2290 1317 2344 vel
1362 2289 1671 2358 ignoranter
1701 2286 1990 2356 contigerit

419 2381 749 2449 attemptari.
771 2377 886 2433 Non
901 2381 1150 2434 obstante
1173 2381 1314 2448 quod
1347 2381 1414 2434 de
1442 2378 1587 2434 dicto
1611 2378 1992 2449 archipresby-

421 2479 618 2534 teratu,
650 2484 742 2526 seu
773 2470 926 2538 plebe
953 2485 1046 2541 per
1085 2469 1371 2538 quemdam
1393 2467 1678 2566 yicolanm
1710 2465 1902 2522 Joanni
1938 2475 1991 2521 et

420 2563 740 2617 canonicum
773 2561 1094 2616 lmoleusem
1140 2558 1412 2630 tanquam'
1453 2561 1716 2614 vicarium
1767 2558 1988 2626 capituli

420 2652 724 2715 Imolensis,
749 2651 1040 2721 episcopali
1083 2651 1210 2706 sede
1240 2659 1464 2704 vacante
1516 2650 1821 2720 fungentem
1861 2663 1990 2704 auc-

423 2744 640 2799 toritate
672 2741 992 2810 episcopalis
1016 2741 1160 2796 sedis
1185 2739 1457 2811 praedictae
1509 2740 1784 2810 provisum
1821 2737 1992 2805 fuisse

424 2833 639 2888 dicatur
693 2832 821 2886 licet
880 2832 1100 2886 nulliter
1130 2840 1182 2886 et
1215 2831 1284 2887 de
1337 2829 1481 2886 facto
1512 2830 1727 2885 cuidam
1765 2827 1990 2883 Nicolao

359 2991 371 3002 \
423 2923 578 2993 Lippi
643 2923 710 2977 de
734 2924 916 2978 Ferris
936 2923 1004 2979 de
1035 2924 1287 2978 Faventia
1304 2929 1358 2976 et
1379 2921 1518 2990 quod
1535 2921 1820 2976 occasione
1853 2935 2013 2990 prae-.

399 3003 589 3070 'niissa
623 3015 762 3069 idem
788 3017 1038 3072 Nicolaus
1063 3014 1475 3085 praesentialiter
1499 3014 1731 3068 detineat
1750 3022 1803 3066 et
1832 3026 1995 3066 occu-

422 3122 515 3180 pet
561 3112 762 3167 dictum
810 3108 1396 3177 archipresbyteratum
1429 3118 1523 3160 seu
1584 3104 1831 3173 plebem:
1892 3119 1994 3158 nos

423 3206 566 3258 enim
594 3204 837 3257 volumus
863 3200 1005 3269 quod
1047 3215 1152 3254 non
1197 3197 1450 3254 obstante
1499 3195 1641 3250 dicta
1693 3195 1995 3264 provisione

425 3295 565 3349 idem
594 3292 912 3348 Emmanuel
940 3291 1109 3359 possit
1149 3290 1351 3344 habere
1381 3287 1990 3358 archipresbyteratum,

423 3401 517 3440 seu
546 3386 756 3455 plebem
801 3383 1112 3452 praedictam
1163 3389 1218 3434 et
1266 3379 1384 3449 ejus
1445 3378 1654 3433 fructus
1689 3388 1743 3431 et
1790 3379 1995 3432 reditus

422 3492 546 3532 cum
571 3475 881 3544 integritate
911 3473 1193 3543 percipere
1237 3471 1436 3526 valeat.
1469 3469 1732 3535 Quocirca
1792 3467 1998 3522 discre-

425 3567 558 3621 tioni
589 3576 785 3620 vestra:
808 3565 1130 3618 auctoritate
1154 3560 1376 3633 praefata
1424 3571 1478 3615 et
1511 3571 1698 3616 tenore
1754 3573 1996 3629 praesen-

423 3659 558 3714 tium
589 3657 977 3712 committimus
1003 3664 1059 3710 et
1090 3655 1417 3711 mandamus
1447 3666 1717 3722 quatenus
1747 3667 1843 3720 per
1899 3665 1997 3706 vos

424 3752 508 3816 vel
544 3751 710 3806 alium
744 3765 841 3806 seu
869 3750 1002 3803 alios
1029 3749 1278 3804 eumdem
1309 3745 1713 3801 Emmanuelem
1758 3744 1838 3798 vel
1873 3758 1998 3812 pro-

423 3852 733 3896 curatorem
754 3857 910 3897 suum
936 3841 1054 3910 ejus
1096 3841 1316 3895 nomine
1351 3840 1674 3908 recipientes
1707 3837 1760 3890 in
1788 3837 1992 3890 rcalem

422 3945 478 3990 et
506 3935 842 4003 corporalem
869 3933 1269 4002 possessionem
1293 3930 1872 3999 arcliipresbyteratus,
1901 3939 1997 3979 seu

425 4026 594 4098 plebis
619 4026 886 4095 praedictae
915 4033 1117 4079 sanctae
1135 4022 1342 4077 sMariae
1372 4022 1439 4075 de
1463 4019 1751 4083 Salustria,
1799 4032 1860 4072 ac
1905 4016 1995 4085 ju-

425 4124 564 4178 rium
597 4132 650 4178 et
675 4121 1128 4192 pertinentiarum
1163 4119 1404 4188 ejusdem
1431 4116 1715 4180 inducatis,
1737 4125 1997 4172 etaucto-

426 4219 588 4272 ritate
620 4225 802 4269 nostra
827 4213 1101 4266 inductum
1159 4208 1489 4273 defendatis,
1574 4216 1757 4262 amoto
1800 4207 1997 4262 exinde

424 4307 662 4379 quolibet
688 4306 877 4360 illicito
907 4305 1207 4370 detentore,
1241 4299 1504 4356 facientes
1537 4299 1739 4354 dictum
1781 4299 1996 4353 Emma-

426 4399 660 4465 nuelem,
689 4396 774 4451 vel
804 4395 920 4462 ejus
959 4400 1370 4463 procuratorem
1400 4406 1496 4460 pro
1528 4405 1592 4445 eo
1647 4397 1714 4444 ad
1748 4392 1992 4446 eamdem

424 4490 632 4562 plebem
663 4502 756 4543 seu
791 4486 1393 4556 archipresbyteratum,
1429 4493 1486 4534 ut
1517 4492 1598 4535 est
1657 4485 1849 4546 moris,
1901 4483 1996 4536 ad-

426 4583 570 4636 mitti
601 4582 813 4650 sibique
839 4579 921 4634 vel
951 4578 1068 4648 ejus
1093 4576 1430 4647 procuratori
1479 4574 1543 4628 de
1577 4573 1859 4641 fructibus,
1914 4590 1999 4629 re-

426 4675 634 4728 ditibus
699 4684 755 4728 et
805 4670 1177 4741 proventibus,
1213 4667 1424 4735 juribns
1475 4675 1530 4720 et
1583 4665 1998 4720 obventionibas

427 4766 700 4820 universis
727 4755 1060 4832 responderi,
1109 4760 1536 4814 contradictores
1574 4757 1844 4828 quoslibet
1900 4773 1996 4827 per

426 4873 712 4914 censuram
745 4854 1170 4909 ecclesiasticam
1204 4861 1259 4904 et
1291 4851 1392 4903 alia
1422 4850 1557 4920 juris
1581 4850 1820 4904 remedia
1843 4865 1994 4905 com-

425 4953 718 5022 pescendo.
751 4948 809 5002 lu
840 4961 1068 5016 quorum
1094 4943 1276 5008 fidem,
1303 4957 1409 4998 etc.

501 5067 690 5121 Datum
737 5061 1011 5125 Bononiae,
1045 5059 1115 5114 25
1149 5058 1297 5114 Junii
1331 5057 1485 5126 1450,
1509 5071 1616 5114 etc.

1154 5195 1264 5251 Vll.

498 5317 809 5382 Bessarion,
850 5321 981 5380 etc.,
1009 5311 1308 5367 venerabili
1335 5310 1478 5366 Patri
1509 5308 1690 5366 Blasio
1721 5309 1902 5364 abbati
1935 5310 1991 5366 S.

426 5413 498 5468 Μ.
536 5413 586 5465 iu
625 5409 938 5466 Cosmedin.
965 5407 1099 5460 alias
1134 5405 1316 5458 Sancti
1352 5401 1591 5473 Spiritus
1619 5402 1684 5456 de
1716 5401 1991 5456 Ravenna.

503 5501 670 5574 Digna
703 5500 977 5555 reddiinnr
1012 5513 1074 5549 ex
1113 5495 1353 5564 injuncto
1387 5491 1546 5547 nobis
1572 5491 1994 5562 legationtsofli-

425 5596 511 5650 cio
535 5594 831 5649 attentione
859 5589 1099 5649 solliciti,
1128 5597 1184 5639 ut
1213 5587 1265 5639 in
1301 5583 1652 5638 admittendis
1681 5599 1864 5637 eorum
1903 5600 1995 5636 vo-

425 5688 496 5740 tis
536 5683 851 5740 bencvnlum
881 5679 1254 5737 impertiuntur
1279 5689 1559 5730 assensum
1592 5673 1682 5742 qui
1726 5688 1994 5726 nionaSIc-

423 5783 651 5844 rioroni,
691 5773 1148 5838 ecclesiaruinquc
1180 5783 1338 5838 atque
1369 5769 1605 5824 locorum
1642 5765 1994 5836 quibttSpt'ac-

1663 353 1900 417 BESSA
1913 352 2097 414 RION
2108 354 2178 415 IS
2219 354 2408 416 ACTA
3371 421 3380 426 _

2079 477 2228 529 sunt,
2255 475 2448 521 vacant
2479 467 2815 522 incremento
2837 475 2893 522 et
2923 467 3149 538 paciﬁco
3171 470 3355 524 statui.
3383 470 3529 527 Sane
3555 488 3649 542 pro

3495 369 3652 412 CXXIV

2084 564 2235 622 parte
2252 565 2340 608 tua
2374 553 2564 623 petitio
2592 555 2752 610 nobis
2769 555 2948 611 oblata
2978 557 3291 612 continebat
3317 560 3461 626 quod
3483 561 3655 616 eccle-

2085 647 2160 701 sia
2199 646 2370 700 sancti
2406 645 2550 700 Petri
2588 646 2642 700 in
2673 645 2938 703 Brcsseda
2963 647 3084 703 sine
3105 663 3236 703 cura
3262 648 3366 703 sita
3399 649 3452 702 iu
3499 651 3652 704 terri-

2088 737 2223 790 torio
2251 735 2545 803 Ravennae,
2579 754 2697 808 quae
2722 737 2932 808 jamdiu
2961 749 3047 796 est
3077 741 3413 795 circumdata
3451 741 3659 811 paludi-

2085 828 2186 882 bus
2207 837 2261 881 et
2301 828 2550 884 funditus
2582 830 2817 896 ruinata,
2847 831 2920 885 ita
2943 832 3086 901 quod
3129 848 3234 888 non
3270 845 3355 888 est
3399 835 3657 890 memoria

2087 922 2138 975 in
2165 922 2522 988 contrarium,
2549 924 2694 992 quod
2727 939 2962 993 unquam
2997 923 3159 980 fuerit
3185 923 3420 994 alicujus
3450 924 3658 982 fructus

2084 1012 2168 1065 vel
2202 1013 2424 1077 valoris,
2449 1024 2604 1070 vacat
2634 1015 2700 1069 ad
2733 1030 2992 1084 praesens,
3027 1028 3084 1072 et
3109 1027 3218 1072 tam
3277 1017 3368 1070 diu
3420 1019 3656 1083 vacavit,

2086 1105 2230 1172 quod
2263 1104 2309 1160 si
2334 1104 2452 1174 ejus
2487 1105 2704 1160 collatio
2738 1107 3019 1174 spectabat
3061 1109 3130 1162 ad
3187 1107 3424 1176 aliquem
3471 1109 3659 1178 praela-

2088 1202 2224 1259 tum,
2269 1195 2426 1250 modo
2471 1205 2553 1249 est
2608 1195 2856 1252 devoluta
2887 1196 2955 1251 ad
3024 1200 3208 1251 sedem
3267 1198 3653 1267 apostolicam;

2088 1287 2335 1354 quodque
2373 1287 2655 1355 praefatum
2689 1272 3076 1343 monasterium
3123 1288 3333 1344 Sanctae
3362 1288 3545 1345 Mariae
3598 1291 3652 1345 in

2083 1377 2377 1434 Cosmedin
2405 1379 2564 1432 habet
2592 1379 2830 1448 undique
2858 1380 3023 1434 multa
3049 1377 3188 1435 bona
3211 1381 3413 1435 circum
3456 1381 3658 1436 dictam

2087 1470 2398 1534 ecclesiam,
2432 1470 2575 1524 unde
2633 1470 2796 1526 facile
2853 1471 3080 1536 videtur,
3117 1471 3316 1526 dictam
3372 1469 3656 1528 ecclesiam

2089 1559 2258 1614 fuisse
2291 1560 2585 1629 subjectam
2611 1561 2754 1616 dicto
2788 1569 2880 1616 tuo
2923 1562 3254 1616 monasterio
3307 1561 3440 1617 licet
3493 1563 3657 1630 ipsius

2091 1651 2402 1704 monasterii
2430 1650 2556 1720 jura
2588 1665 2685 1720 pro
2732 1651 2928 1720 majori
2978 1661 3135 1722 parte
3197 1651 3308 1707 sint
3355 1651 3655 1720 deperdita,

2088 1757 2189 1795 nec
2219 1743 2274 1798 id
2326 1743 2530 1810 liquido
2562 1743 2740 1798 valeas
2798 1744 3190 1799 demonstrare.
3248 1743 3425 1810 Quare
3470 1745 3658 1799 eadem

2087 1833 2274 1902 petitio
2307 1833 2668 1903 subjungebat
2700 1843 2761 1888 ut
2811 1822 3016 1888 dictam
3064 1834 3348 1890 ecclesiam
3407 1835 3560 1889 unire
3607 1842 3660 1888 et

2090 1924 2437 1993 incorporare
2473 1926 2820 1994 dignaremur
2854 1934 2943 1981 tuo
2982 1926 3330 1981 monasterio.
3359 1925 3470 1981 Nos
3504 1939 3656 1995 ergo,

2089 2017 2182 2086 qui
2214 2016 2514 2073 indefessis
2542 2017 2738 2073 studiis
2776 2018 2917 2074 votis
2937 2018 3181 2074 favemus
3211 2017 3399 2087 justis,
3427 2016 3658 2088 praedic-

2089 2116 2198 2163 tam
2231 2109 2515 2164 ecclesiam
2549 2109 2724 2165 sancti
2754 2109 2898 2164 Petri
2931 2118 2986 2164 ut
3015 2110 3360 2180 praemittitur
3378 2118 3659 2164 vacantem

2071 2199 2144 2282 in
2177 2211 2491 2269 perpetuum
2537 2201 2775 2266 unimus,
2823 2208 2934 2257 etc.
2962 2200 3274 2258 Mandantes
3325 2201 3529 2255 vicario
3592 2198 3657 2254 1).

2089 2293 2488 2361 archiepiscopi
2523 2293 2975 2359 Ravennatensis,
3015 2302 3072 2349 et
3107 2292 3360 2348 omnibus
3412 2291 3660 2362 personls

2089 2381 2473 2437 ecclesiasticis
2503 2384 2602 2438 sub
2631 2395 2812 2438 noetra
2869 2385 3136 2451 legatione
3174 2382 3512 2448 degentibus,
3569 2379 3662 2450 qui

2089 2471 2284 2525 harum
2315 2471 2496 2541 vigore
2521 2471 2725 2528 fuerint
2775 2474 3024 2544 requisiti
3071 2481 3339 2544 quatenus
3398 2481 3453 2528 te
3503 2473 3663 2528 indu-

2089 2578 2236 2633 cant,
2267 2577 2370 2631 etc.

2159 2655 2351 2713 Datum
2375 2657 2652 2726 Bononiae,
2682 2659 2753 2715 20
2784 2659 3036 2716 Octobris
3068 2657 3230 2715 {$50.

2813 2749 2948 2805 Vlll.

2162 2840 2476 2906 Bessarion,
2501 2851 2611 2897 etc.
2648 2841 2861 2897 dilectis
2892 2840 3050 2897 nobis
3081 2841 3134 2895 in
3167 2839 3386 2896 Christo
3415 2853 3662 2896 commu-

2092 2932 2168 2993 ni,
2206 2932 2484 2985 inessariis
2517 2942 2574 2985 et
2627 2930 2938 2986 hominibus
2995 2938 3262 2983 terrarum
3319 2928 3560 2984 Succidae
3609 2940 3664 2985 et

2093 3021 2448 3092 Garnaglonis
2470 3023 2682 3090 Alpium
2717 3021 3127 3076 communitatis
3155 3019 3406 3075 Bononiae
3434 3021 3661 3076 salutem

2093 3124 2147 3170 et
2171 3114 2394 3170 sincerae
2420 3113 2730 3167 dilectionis
2755 3112 3029 3166 affectum.

2165 3203 2324 3257 Fides
2357 3214 2409 3258 et
2443 3205 2658 3258 devotio
2690 3213 2868 3258 vestra
2895 3219 3031 3272 quas
3055 3203 3120 3259 ad
3153 3203 3450 3258 Romanam
3479 3202 3665 3258 Eccle-

2093 3297 2228 3351 siam
2254 3295 2463 3350 habetis
2481 3305 2532 3348 et
2553 3302 3094 3363 praesentemﬁtatnm
3113 3295 3349 3350 civitatis
3372 3295 3658 3350 Bononiae:

2093 3388 2376 3443 calamitas
2426 3386 2670 3455 insuper,
2703 3400 2864 3456 quam
2913 3386 2987 3442 ob
3038 3386 3216 3440 varias
3273 3401 3554 3455 pressnras
3609 3396 3666 3441 et

2093 3478 2336 3534 locorum
2371 3479 2611 3548 ipsorum
2640 3478 2981 3533 sterilitatem
3009 3478 3351 3542 substinetis,
3385 3493 3482 3533 nos
3511 3478 3667 3532 induo

2093 3579 2245 3634 cunt,
2271 3579 2329 3624 ut
2351 3585 2446 3625 vos
2471 3568 2864 3639 amplectamur
2889 3568 3168 3624 favoribus
3220 3569 3494 3635 gratiosis.
3549 3570 3665 3624 Du-

2095 3661 2220 3715 dum
2272 3660 2535 3728 siquidem
2593 3675 2689 3728 per
2756 3658 2909 3716 bonae
2969 3660 3246 3716 memoriae
3309 3662 3662 3714 reverendum

2095 3752 2310 3808 Patrem
2339 3750 2402 3805 D.
2435 3750 2724 3806 Fantiunm
2764 3749 3029 3806 Venetum
3064 3766 3160 3820 pro
3189 3760 3372 3807 sancta
3419 3752 3663 3806 Romana

2095 3841 2336 3898 Ecclesia
2364 3841 2786 3913 gubernatorem
2829 3842 3064 3898 civitatis
3087 3843 3358 3912 praedictae
3387 3843 3664 3898 decretum

2101 3937 2256 3990 nobis
2291 3932 2655 4004 comperimus
2715 3933 2890 3988 fuisse
2936 3947 3276 4000 concessum,
3332 3943 3386 3988 et
3433 3932 3668 4004 gratiose

2098 4025 2359 4081 indultum
2384 4025 2600 4080 tenoris
2632 4033 2686 4080 et
2707 4024 3486 4095 conliuentiazsubsequentis,
3519 4025 3670 4080 vide-

2095 4119 2222 4174 licet
2253 4133 2268 4171 :
2305 4117 2569 4173 Fantinus
2591 4118 3003 4186 protonorarius
3025 4114 3260 4172 Venetus
3303 4130 3400 4184 pro
3430 4115 3670 4171 sanctis-

2099 4211 2243 4267 simo
2275 4210 2493 4265 domino
2529 4217 2717 4263 nostro
2741 4208 2804 4262 ι).
2839 4208 3074 4276 Eugenio
3101 4223 3235 4277 papa
3263 4207 3331 4262 Ν
3379 4216 3434 4266 et
3481 4217 3668 4262 sancta

2097 4301 2337 4357 Romana
2369 4301 2607 4356 Ecclesia
2636 4299 2844 4355 Bonon.
2877 4310 2984 4356 etc.
3034 4301 3361 4368 gubernator
3383 4341 3398 4360 .
3461 4300 3671 4354 dilectis

2097 4396 2254 4449 nobis
2283 4396 2335 4447 iu
2369 4391 2588 4448 Christo
2616 4391 2895 4448 communi
2935 4390 3195 4446 Maseario
3252 4400 3306 4446 et
3358 4391 3670 4447 hominibus

2098 4497 2258 4541 terrae
2295 4484 2537 4540 Snccidae
2561 4495 2615 4538 et
2641 4484 2999 4555 Garnaglonis
3017 4484 3226 4554 Alpium
3256 4483 3668 4539 communitatis

2095 4579 2351 4633 Bononiae
2381 4577 2611 4633 salutem
2639 4577 2688 4630 in
2725 4591 2812 4640 eo,
2848 4579 2939 4646 qui
2973 4589 3055 4632 est
3086 4592 3210 4631 vera
3243 4578 3411 4632 salus.
3465 4577 3669 4636 Ditluse

2095 4672 2228 4727 satis
2260 4673 2327 4726 de
2359 4670 2672 4724 calamitate
2706 4678 2886 4724 vestra
2920 4670 3051 4725 fides
3081 4669 3236 4724 nobis
3276 4670 3418 4725 faeta
3451 4680 3536 4725 est
3567 4685 3669 4739 per

2098 4763 2360 4818 redditam
2392 4759 2842 4830 supplicationem
2873 4773 3035 4827 quam
3057 4768 3111 4813 et
3127 4758 3672 4815 communiSiiomine

2097 4858 2248 4912 nobis
2274 4853 2646 4910 exhibuistis:
2685 4851 2783 4906 fuit
2813 4852 2954 4906 enim
2996 4865 3160 4906 casus
3223 4853 3337 4920 ipse
3384 4850 3674 4905 miserabi-

2095 4951 2224 5003 lium
2253 4946 2409 5002 facile
2430 4945 2522 5014 qui
2558 4944 2939 5002 misericordes
2958 4951 3106 5009 sunt,
3136 4941 3205 4996 ad
3237 4941 3672 4997 misericordiam

2093 5032 2452 5105 devinciens;
2503 5051 2616 5091 non
2643 5050 2764 5088 cum
2790 5034 2972 5089 omnia
3003 5035 3273 5104 insperata
3311 5045 3500 5088 natura
3537 5048 3676 5103 qna-

2095 5132 2215 5186 dam
2251 5143 2355 5182 non
2384 5126 2545 5182 facile
2597 5124 2894 5194 tolerabilia
2937 5125 3068 5189 sint,
3099 5125 3214 5194 ipse
3248 5124 3537 5179 imminens
3580 5139 3674 5179 ca-

2094 5237 2188 5276 sus
2215 5221 2266 5273 in
2293 5218 2446 5274 vobis
2471 5233 2596 5288 erga
2630 5225 2868 5272 nostram
2922 5215 3079 5268 fidem
3135 5215 3389 5283 pietatem
3420 5213 3670 5269 adduxit.

2095 5314 2228 5367 Cum
2263 5318 2468 5370 autem,
2531 5308 2673 5362 sicut
2705 5304 3055 5374 exposuistis,
3101 5305 3373 5361 domicilia
3420 5319 3669 5361 comnm-

2097 5416 2303 5471 nesque
2353 5400 2714 5454 habitationes
2750 5409 2944 5459 vestrae
2973 5412 3166 5452 omnes
3213 5397 3468 5462 radicatae
3498 5395 3701 5462 lapsa.

2095 5501 2218 5542 sunt
2245 5492 2418 5553 fluxu,
2449 5498 2503 5541 et
2535 5487 2688 5540 ruina
2742 5486 2963 5550 montis,
3020 5485 3111 5539 ubi
3157 5487 3446 5541 residentia
3500 5489 3672 5541 vestri

2095 5579 2404 5635 communis
2437 5578 2540 5632 sita
2571 5587 2709 5640 erat,
2740 5576 2963 5647 locaque
2993 5576 3190 5632 fertilia
3218 5579 3361 5634 dicto
3391 5592 3516 5632 casu
3553 5586 3673 5634 ste-

2100 5667 2251 5728 rilem
2279 5670 2612 5738 susceperint
2635 5668 3022 5735 conditionem,
3060 5668 3411 5739 snpplicastis
3445 5669 3671 5727 humili-

2107 5778 2212 5832 ter,
2252 5774 2307 5819 ut
2333 5776 2551 5819 causam
2577 5760 2841 5817 haberent
2869 5762 3118 5819 homines
3158 5763 3381 5820 minime
3401 5761 3670 5820 deseren-
