3990 6218
841 265 878 283 δ

272 315 398 356 CXXV

270 416 318 469 di
341 427 634 470 commune
671 419 936 474 vestrum,
961 408 1103 478 quod
1147 406 1471 462 imminuere
1496 409 1843 476 dignaremur

266 521 360 576 pro
384 505 609 558 dimidio
658 518 924 556 summam
954 501 1214 555 librarum
1253 500 1650 570 quinquaginta
1705 501 1838 551 dua-

269 613 422 660 rum,
493 593 788 650 solidorum
843 591 1144 654 tredecim,
1203 590 1550 644 denariorum
1611 599 1842 658 quatuor

265 689 632 755 Bonott.quos
657 683 873 752 singulo
895 697 1041 736 anno
1095 680 1304 736 solvere
1335 695 1431 748 pro
1479 692 1594 732 rata
1653 679 1838 733 salarii

265 780 586 834 vicariorum
612 775 952 846 Capugnani,
979 789 1043 828 ac
1065 774 1205 842 quod
1221 771 1418 827 ‘saltent
1456 772 1534 825 sal
1586 771 1740 825 vobis
1785 780 1838 824 et

263 883 443 927 vestro
470 869 744 924 communi
780 867 1151 922 necessarium
1181 863 1404 919 daretur
1454 863 1608 918 vobis
1660 877 1689 916 a
1729 854 1842 917 'ca-

263 978 422 1017 mera
457 962 650 1016 salium
682 959 1026 1013 Bononiense
1052 973 1150 1026 pro
1205 955 1358 1009 libris
1411 954 1582 1008 tribus
1631 954 1838 1009 Bonon.

261 1056 321 1104 ad
363 1052 626 1105 rationem
659 1049 869 1112 Corbis,
899 1049 1041 1101 sicut
1066 1048 1123 1100 fit
1153 1046 1364 1102 caneris
1397 1046 1519 1098 aliis
1570 1047 1843 1100 (2011ιὶ111ιί-

265 1144 362 1196 bus
389 1141 794 1196 communitatis
820 1139 1031 1193 Bonon.
1068 1144 1294 1206 propter
1328 1151 1516 1189 eorum
1549 1145 1839 1206 pauperta-

263 1245 392 1286 tem.
420 1233 528 1285 Nos
561 1243 738 1285 autem
773 1232 875 1284 etsi
924 1229 1156 1284 firmiter
1210 1229 1497 1284 credamus
1547 1228 1744 1282 damna
1790 1237 1843 1282 et

257 1323 500 1392 jacturas
527 1333 757 1384 vestras,
791 1332 969 1374 tamen
1001 1321 1204 1374 habere
1235 1321 1482 1375 volumus
1530 1319 1584 1372 in
1631 1333 1689 1373 re
1725 1318 1841 1386 ipsa

260 1430 479 1470 omnem
512 1414 824 1482 possibilem
887 1411 1369 1477 informationem;
1411 1424 1632 1479 remque
1691 1424 1840 1464 com-

261 1507 516 1560 misimus
548 1505 838 1559 reverendo
869 1505 936 1557 D.
981 1502 1324 1558 thesaurario
1364 1512 1418 1556 et
1462 1501 1842 1556 defensoribus

259 1599 480 1649 liaveris
517 1595 820 1649 connnunis
843 1579 1049 1649 Bouon.
1078 1593 1180 1663 Ipsi
1207 1595 1347 1647 enim
1379 1593 1637 1648 infirmati
1663 1592 1843 1645 firma-

261 1695 460 1740 verunt
496 1687 655 1738 nobis
675 1699 736 1738 ea
757 1699 874 1752 qua:
897 1685 949 1736 in
982 1683 1374 1752 supplicatione
1397 1697 1494 1751 per
1514 1695 1608 1738 vos
1629 1688 1842 1735 narrata

263 1789 412 1842 sunt,
484 1791 612 1830 vera
671 1791 810 1841 esse,
864 1775 1260 1844 imminereque
1325 1774 1389 1828 ad
1446 1775 1558 1828 haec
1607 1771 1842 1843 pericula

263 1879 463 1938 prmtcr
486 1870 625 1937 ipsa,
649 1883 767 1936 (ira:
806 1883 962 1922 mons
985 1866 1097 1937 ipse
1125 1868 1300 1922 adhuc
1329 1866 1581 1921 tenditad
1612 1865 1844 1920 decisio—

267 1975 385 2012 nem
423 1974 440 2010 :
477 1958 933 2012 undesuadebant
987 1958 1164 2023 nobis,
1212 1958 1358 2026 quod
1411 1959 1638 2025 gratiam
1687 1958 1843 2012 vobis

267 2051 575 2105 faceremus
607 2065 622 2104 :
654 2051 794 2118 quod
822 2049 902 2104 sal
942 2050 1094 2104 vobis
1139 2051 1358 2103 daretur
1405 2048 1613 2104 ratione
1665 2051 1844 2104 corbis

270 2159 368 2209 pro
398 2143 550 2196 libris
582 2142 754 2196 tribus
774 2142 986 2197 Bonon.
1013 2154 1043 2194 a
1099 2156 1334 2205 camera,
1361 2155 1453 2195 seu
1485 2140 1674 2209 canipa
1716 2141 1844 2195 salis

272 2244 456 2287 nostra
477 2248 493 2286 :
514 2242 569 2287 et
597 2235 742 2303 quod
773 2231 1028 2287 salarium
1048 2233 1355 2286 communis
1378 2232 1569 2294 vestri,
1591 2224 1844 2286 videlicet

270 2327 531 2380 librarum
554 2325 1214 2394 quinquagintaduarum,
1239 2322 1538 2377 solidorum
1565 2323 1843 2383 tredecim,

271 2417 620 2470 denariorum
660 2426 910 2485 quatuor,
937 2415 1082 2483 quod
1115 2416 1412 2467 annuatim
1450 2413 1657 2468 solvere
1691 2425 1844 2467 tene-

271 2507 401 2560 mini
429 2522 529 2576 pro
561 2508 764 2561 salario
790 2506 1118 2560 vicariorum
1165 2505 1508 2575 Capugnaui;
1561 2506 1704 2574 quod
1763 2519 1846 2557 re-

275 2600 640 2664 mitteremus,
676 2611 728 2653 et
789 2599 1234 2654 imn‘tinueremus
1289 2601 1354 2653 ad
1420 2599 1586 2653 libras
1626 2599 1843 2668 triginta

275 2691 410 2745 duas
440 2691 645 2746 solidos
703 2690 978 2752 tredecim,
1030 2690 1286 2745 denarios
1358 2701 1591 2758 quatuor
1634 2689 1840 2745 Bonon.

274 2797 393 2851 quae
419 2782 699 2836 annuatim
725 2781 862 2835 solvi
900 2797 992 2849 per
1015 2796 1108 2836 vos
1137 2797 1234 2851 pro
1264 2781 1464 2837 salario
1513 2781 1841 2836 vicariorum

274 2884 580 2930 teneantur.
613 2873 904 2928 Residuum
957 2883 1160 2939 autem,
1188 2874 1437 2928 videlicet
1479 2875 1645 2928 libras
1671 2873 1743 2928 20
1774 2889 1843 2928 ne

274 2962 648 3034 prejudicium
681 2963 775 3016 ftat
799 2977 1032 3017 camerae
1059 2974 1145 3015 aut
1180 2964 1301 3018 aliis
1337 2964 1840 3032 comnnmitatibus,

275 3057 489 3111 solvant
511 3057 616 3108 hoc
647 3056 828 3125 modo,
853 3066 956 3111 etc.
992 3051 1125 3109 Nam
1149 3053 1292 3111 facta
1317 3068 1400 3112 est
1423 3059 1556 3112 alias
1578 3058 1842 3114 constitu-

278 3147 350 3201 tio
382 3161 478 3215 per
510 3146 774 3216 regimina
798 3147 1032 3202 civitatis
1061 3147 1312 3203 Bononiae
1330 3158 1383 3204 et
1409 3150 1725 3204 confirmata
1749 3164 1846 3219 per

280 3235 563 3304 quemdam
592 3235 1097 3289 reverendissimum
1128 3236 1456 3290 cardinalem
1505 3236 1639 3289 alias
1665 3233 1844 3291 Bono-

280 3325 380 3378 nia:
403 3325 660 3392 legatum,
692 3323 834 3392 quod
881 3324 1136 3380 introitus
1186 3323 1335 3379 Dacii
1391 3325 1842 3390 molendinorum,

282 3415 367 3484 qui
396 3429 494 3482 pro
518 3423 637 3469 rata
671 3417 1023 3484 contingente
1059 3415 1543 3469 communitatibus
1576 3413 1843 3481 Succidm,

282 3505 654 3574 Gamaglonis,
684 3514 739 3560 et
762 3504 1076 3576 Capugnani
1120 3505 1186 3559 ad
1236 3506 1500 3560 rationem
1547 3505 1844 3561 solidorum

282 3609 512 3667 quatuor
550 3611 648 3666 pro
673 3601 844 3652 bucca
867 3611 1220 3666 personarum
1239 3596 1505 3651 dictatum
1528 3600 1845 3652 comitatum

281 3697 724 3743 converterentur
750 3687 816 3740 ad
845 3686 1242 3755 reparationem
1271 3696 1326 3741 et
1350 3689 1416 3741 ad
1452 3687 1844 3756 reaptationem

281 3779 594 3833 balneorum
623 3778 688 3832 de
710 3776 1000 3846 Laporetta
1033 3777 1434 3832 communitatis
1465 3777 1845 3836 Bononiensis.

279 3869 411 3924 Cum
444 3878 623 3924 autem
648 3871 965 3924 constitutio
1001 3869 1113 3938 ipsa
1133 3871 1243 3939 jam
1270 3871 1424 3926 annis
1450 3871 1636 3924 decem
1665 3885 1849 3925 serva-

286 3973 332 4015 ta
357 3963 451 4026 sit,
489 3962 969 4029 reparatiouesque
993 3976 1088 4029 pro
1129 3961 1338 4031 majore
1369 3974 1519 4031 parte
1575 3965 1686 4017 sint
1721 3979 1846 4033 per-

283 4053 454 4116 tectae,
485 4066 789 4121 parumque
823 4061 986 4107 restet
1011 4054 1075 4106 ad
1101 4067 1252 4106 suam
1278 4051 1683 4122 perfectionem,
1717 4070 1846 4107 sua-

283 4145 502 4212 debant,
534 4143 682 4214 quod
708 4157 773 4199 ex
799 4143 1021 4197 introitu
1053 4145 1316 4212 pradicto
1337 4144 1484 4198 Dacii
1511 4145 1848 4200 molendino-

285 4254 400 4290 rum
431 4252 530 4304 pro
581 4248 700 4290 rata
763 4237 1112 4305 contingente
1145 4237 1307 4291 dictis
1353 4239 1704 4292 comitatibus
1755 4238 1846 4308 qui

283 4344 376 4398 per
402 4329 663 4383 ofllciales
689 4328 975 4397 deputatos
1004 4329 1278 4399 colligitur
1303 4345 1464 4384 causa
1507 4332 1664 4385 dicta:
1696 4347 1848 4399 repa-

285 4422 528 4482 rationis,
566 4421 850 4488 capiantur
898 4419 1054 4473 dictae
1113 4419 1260 4473 libra.-
1306 4420 1376 4474 20
1433 4437 1530 4488 pro
1578 4422 1846 4490 completa

284 4512 552 4567 solutione
581 4526 772 4565 eorum
800 4525 919 4580 qua:
962 4511 1173 4564 solvere
1209 4512 1535 4564 tenebamiui
1574 4529 1668 4580 pro
1708 4513 1850 4565 sala-

286 4607 361 4659 rio
416 4604 604 4657 vicarii
661 4602 848 4666 vestri,
885 4603 1158 4654 residuum
1207 4616 1334 4654 vero
1383 4602 1635 4655 introitus
1677 4602 1849 4671 depu-

287 4709 424 4751 tetur
447 4698 513 4751 ad
542 4697 756 4751 solitam
791 4695 1056 4749 dictorum
1080 4693 1395 4747 balneorum
1429 4695 1847 4764 reparationem.

285 4789 395 4842 lloc
424 4791 572 4842 enim
612 4786 792 4840 suasis
819 4785 973 4840 nobis
1013 4798 1232 4853 propter
1267 4784 1464 4838 damna
1529 4796 1705 4840 testra
1744 4802 1848 4841 non

288 4882 630 4934 mediocriter
690 4879 935 4947 placuit:
997 4877 1140 4930 unde
1193 4877 1435 4932 volentes
1481 4879 1531 4930 in
1591 4881 1678 4941 iis,
1732 4894 1852 4947 qua:

287 4987 594 5040 possumus,
626 4969 780 5023 vobis
833 4979 891 5020 et
935 4979 1125 5020 vestra:
1183 4969 1476 5022 calamitati
1536 4971 1848 5034 subvenire,

288 5058 603 5114 auctoritate
632 5057 929 5126 apostolica
971 5071 1074 5124 qua
1111 5054 1388 5125 fungimur
1427 5059 1659 5127 gratiam
1698 5060 1850 5114 vobis

287 5151 532 5214 facimus,
553 5149 905 5204 concedimus
933 5156 988 5202 et
1021 5147 1316 5217 illargimur
1372 5151 1667 5203 secundant
1705 5153 1849 5219 quod

290 5243 339 5295 in
383 5241 644 5296 relatione
697 5239 958 5310 praedicta
998 5239 1354 5307 significatum
1405 5253 1511 5305 est,
1573 5245 1718 5311 quod
1771 5244 1850 5297 sal

288 5336 534 5390 videlicet
553 5315 707 5388 vobis
733 5347 832 5402 pro
864 5348 963 5386 usu
1009 5341 1191 5386 vestro
1217 5333 1540 5386 exhibeatur
1575 5351 1605 5386 a
1658 5336 1848 5401 cauipa

291 5429 410 5482 salis
455 5428 667 5482 Borion.
717 5442 814 5496 pro
867 5426 1022 5479 libris
1084 5425 1253 5476 tribus
1316 5425 1524 5480 Bouon.
1589 5435 1854 5494 quatenus

293 5521 549 5588 siquidem
581 5520 788 5573 solvere
816 5525 1024 5570 tantum
1056 5515 1298 5567 debeatis
1334 5532 1431 5584 pro
1464 5516 1662 5570 Salario
1695 5518 1854 5569 vica-

295 5614 348 5663 rti
379 5613 692 5681 Capugnani
721 5610 1000 5663 annuatim
1052 5608 1220 5662 libras
1282 5607 1565 5675 prandimus
1629 5608 1847 5676 triginta

351 5739 417 5800 tl)
453 5739 590 5788 Falsa
627 5736 934 5800 pontificatus
969 5740 1100 5782 nota.

729 5823 994 5882 PATROL.
1039 5820 1154 5877 Gn.
1205 5816 1398 5877 CLXI.

1334 298 1412 355 1N
1460 296 1897 358 LEGATIONE
1943 298 2086 359 BON
2099 299 2437 360 ONIENSL

3384 303 3542 344 CXXVI

1949 413 2102 471 duas.
2144 412 2344 465 solidos
2411 409 2691 475 tredecim,
2750 409 3006 465 denarios
3071 415 3302 476 quatuor
3369 406 3542 460 Bono-
3609 421 3625 482 ζ

1951 502 2200 555 nienses:
2230 502 2346 554 alia:
2387 517 2516 556 vero
2549 501 2619 554 20
2651 502 2805 555 libra:
2836 510 3045 553 tantum
3097 498 3380 554 Solvantur
3451 497 3521 550 de
3614 487 3625 561 ξ

1949 591 2176 646 introitu
2211 593 2466 661 deputato
2522 608 2619 662 pro
2678 593 2993 646 balneorum
3045 591 3388 659 reparatione
3442 604 3537 657 per

1946 697 2091 746 eum,
2123 682 2338 749 velcos,
2378 685 2469 748 qui
2499 685 2565 736 ad
2599 683 2833 737 similem
2885 681 3233 736 exactionem
3287 680 3533 750 deputati

1946 780 2098 835 sunt,
2125 772 2265 826 sicut
2285 772 2446 825 latius
2464 773 2708 840 superius
2735 785 3056 840 expressum
3081 782 3194 835 eSt;
3225 771 3539 825 mandantcs

1951 858 2285 912 thesaurario
2324 874 2556 914 camera:
2588 859 2802 912 Bonon.
2834 860 2925 925 qui
2983 873 3078 927 pro
3123 867 3366 928 tempore
3399 861 3526 924 erit,
3587 884 3592 886 -

1947 949 2327 1004 defensoribus
2355 950 2591 1014 haveris,
2622 950 3068 1015 conductoribus,
3093 965 3156 1004 ac
3209 960 3534 1020 superstan-

1949 1040 2092 1094 tibus
2123 1041 2274 1106 salis,
2309 1043 2663 1097 exactoribus
2696 1043 2914 1096 vicariis
2939 1042 3284 1111 Capugnani,
3327 1043 3534 1105 ofﬁcia-

1946 1130 2091 1185 libus
2138 1133 2412 1202 deputatis
2453 1134 2519 1188 ad
2581 1133 2706 1187 dicti
2764 1133 3020 1188 introitus
3059 1133 3396 1188 exactionem
3438 1149 3536 1203 pro

1948 1223 2295 1290 reparatione
2327 1225 2645 1279 balneorum
2675 1238 2740 1278 ac
2769 1224 3020 1279 omnibus
3047 1232 3100 1279 et
3144 1224 3375 1293 singulis
3403 1226 3524 1281 aliis

1945 1312 2264 1370 oflicialibus
2295 1316 2495 1370 nostris
2522 1325 2576 1368 et
2607 1315 2913 1370 communis
2947 1315 3302 1371 Bononiensis
3331 1318 3533 1386 quibus

1946 1400 2152 1473 spectat
2182 1411 2276 1460 aut
2317 1417 2565 1476 spectare
2619 1409 2789 1476 possit
2837 1408 2891 1462 in
2949 1405 3213 1474 futurum,
3266 1417 3534 1476 quatenus

1947 1494 2092 1549 hanc
2143 1508 2386 1551 nostram
2416 1497 2642 1566 gratiam
2681 1508 2916 1564 servent,
2950 1498 3258 1569 faciantque
3281 1499 3350 1554 de
3398 1511 3534 1554 tent-

1947 1602 2077 1657 pore
2110 1590 2162 1642 itt
2191 1599 2405 1659 tempus
2430 1589 2497 1644 ab
2528 1591 2651 1645 aliis
2679 1591 2984 1646 observari.
3021 1591 3078 1644 In
3098 1607 3328 1660 quorum
3369 1591 3532 1646 fidem

1946 1683 2229 1749 praesentis
2245 1682 2619 1737 concessionis
2651 1692 2849 1738 nostra:
2879 1683 3152 1738 decretum
3205 1684 3345 1750 fieri,
3380 1685 3532 1754 sigil-

1947 1773 2093 1840 liqne
2114 1772 2288 1828 nostri
2323 1773 2538 1828 rotundi
2578 1773 2844 1842 iussimus
2910 1773 3266 1842 impressione
3311 1777 3529 1830 muniri;

2019 1864 2208 1918 Datum
2238 1864 2492 1920 Bononiae
2527 1865 2582 1918 in
2623 1864 2822 1935 palatio
2853 1876 3051 1920 nostra:
3083 1867 3412 1930 residentiar,
3445 1867 3533 1922 die

1946 1957 2138 2028 quinto
2169 1955 2382 2011 decimo
2405 1955 2607 2010 mensis
2639 1955 2922 2012 Februarii
2962 1954 3123 2021 i452,
3183 1955 3530 2025 pontifiratus

1947 2047 2285 2104 sanctissimi
2331 2047 2537 2102 domini
2566 2047 2738 2103 nostri
2778 2047 2842 2101 D.
2888 2046 3116 2116 Eugenii
3168 2045 3328 2118 Papa:
3388 2063 3532 2105 anno

1943 2143 2121 2210 primo
2153 2140 2253 2210 (l),
2283 2149 2391 2194 etc.

2692 2231 2784 2290 IX.

2018 2325 2145 2379 Post
2179 2324 2339 2395 cujus
2381 2324 2601 2394 quidem
2628 2323 2830 2379 decreti
2869 2332 2923 2378 et
2971 2322 3163 2378 indulti
3214 2324 3523 2379 concessio-

1947 2431 2094 2476 nem,
2127 2413 2444 2482 spectabilis
2478 2415 2634 2469 miles
2659 2414 2723 2470 D.
2763 2411 3021 2468 Nicolaus
3049 2415 3114 2468 de
3143 2414 3362 2468 Sanatis
3395 2415 3528 2467 civi-

1949 2507 2076 2561 tatis
2108 2506 2469 2561 Bouoniensis
2489 2505 2815 2559 auctoritate
2834 2504 3127 2573 apostolica
3161 2504 3216 2557 in
3265 2505 3525 2560 comitem

1946 2598 2243 2654 Palatinum
2275 2607 2609 2670 assumptus,
2654 2600 2705 2652 in
2748 2598 2965 2651 titulum
2999 2595 3080 2652 sui
3120 2595 3414 2650 comitatus
3443 2597 3523 2649 lo.

1947 2709 2068 2749 Cum
2102 2693 2443 2762 praedictum,
2475 2691 2568 2760 qui
2603 2689 2804 2745 dicitur
2832 2689 3161 2758 Laporetta,
3199 2704 3322 2743 cum
3352 2691 3529 2745 omni-

1947 2787 2049 2840 bus
2085 2783 2431 2854 pertinentiis
2469 2781 3023 2852 etjurisdictionibus
3053 2783 3192 2844 suis,
3254 2794 3314 2834 ac
3359 2780 3524 2834 etiam

1948 2891 2069 2929 cum
2103 2875 2369 2930 vicariatu
2399 2874 2670 2928 dielarum
2705 2884 2997 2935 terrarum,
3026 2880 3080 2925 et
3111 2871 3383 2925 solutione
3425 2885 3520 2924 so-

1949 2970 2181 3024 lidorum
2240 2979 2476 3039 quatuor
2529 2983 2625 3035 pro
2655 2965 2899 3036 qualibet
2927 2965 3094 3020 bucca
3135 2964 3412 3018 hominum
3473 2975 3526 3016 et

1950 3076 2304 3131 personarum
2333 3062 2387 3115 in
2418 3060 2549 3130 ipsis
2578 3060 2734 3115 terris
2763 3057 3163 3122 exsistentium,
3183 3067 3343 3126 prout
3369 3064 3529 3109 antea

1948 3169 2045 3224 pro
2072 3153 2349 3209 macinatu
2383 3166 2610 3207 camerae
2635 3148 2993 3204 Bononiensis
3027 3147 3240 3202 solvere
3298 3162 3528 3202 consue-

1949 3253 2159 3307 verant,
2201 3243 2395 3298 eadem
2436 3241 2765 3297 auctoritate
2792 3237 3031 3294 obtinuit
3053 3236 3346 3308 provideri,
3370 3245 3530 3308 prout

1947 3335 2001 3390 in
2026 3335 2228 3391 litteris
2260 3332 2574 3404 apostolicis
2602 3331 2728 3386 inde
2757 3329 3043 3394 confectis,
3067 3337 3124 3384 et
3149 3344 3333 3383 coram
3363 3329 3524 3382 nobis

1948 3429 2206 3485 exhibitis
2234 3429 2378 3483 clare
2411 3434 2644 3482 constat.
2675 3426 2810 3480 Cum
2842 3434 3022 3480 autem
3051 3423 3194 3479 inter
3229 3421 3520 3493 praefatum

1948 3535 2269 3592 generosum
2295 3519 2546 3592 comitem
2578 3527 2634 3573 et
2663 3516 3016 3586 spectabilem
3050 3515 3274 3569 militem
3309 3528 3374 3568 ex
3410 3528 3516 3567 una

1949 3623 2100 3685 parte
2122 3623 2175 3669 et
2206 3612 2437 3666 vicarios
2464 3625 2560 3680 pro
2584 3619 2826 3680 tempore
2848 3610 3133 3678 deputatas
3159 3607 3226 3661 ad
3279 3607 3522 3674 regimen

1947 3716 2216 3761 terrarum
2251 3719 2318 3758 ex
2347 3704 2541 3768 altera,
2577 3717 2641 3758 ac
2679 3703 2843 3758 etiam
2884 3700 3311 3756 communitates
3336 3709 3390 3754 et
3425 3701 3524 3752 ho-

1949 3797 2123 3851 mines
2154 3795 2466 3849 earumdem
2494 3801 2648 3863 parte
2669 3792 2933 3856 exaltera
2963 3792 3161 3861 sapius
3208 3801 3526 3844 controver-

1949 3887 2029 3940 sia
2063 3886 2250 3946 fuerit.
2271 3895 2324 3940 et
2339 3884 2505 3940 etiam
2534 3885 2712 3954 vigeat
2741 3883 2805 3937 de
2836 3883 3090 3951 praesenti
3125 3881 3414 3937 occasione
3437 3896 3525 3934 so-

1957 3976 2181 4032 lutionis
2217 3974 2404 4032 salarii
2437 3973 2565 4029 dicti
2588 3973 2909 4037 vicariatus,
2939 3983 2996 4028 et
3025 3972 3189 4027 etiam
3235 3969 3528 4026 solutionis

1950 4066 2210 4124 librarum
2264 4067 2474 4137 viginti,
2527 4079 2663 4134 quas
2715 4063 2954 4136 praefatae
2998 4062 3441 4125 communitates,
3471 4071 3527 4114 et

1951 4162 2198 4215 homines
2216 4175 2312 4229 pro
2341 4174 2526 4214 eorum
2559 4158 2747 4213 buccis
2767 4157 3073 4213 inacinatus
3092 4156 3202 4225 jam
3229 4152 3395 4211 certis
3415 4155 3526 4209 ela-

1951 4253 2062 4318 psis
2089 4253 2249 4306 annis
2305 4252 2517 4306 solvere
2575 4264 2674 4319 pro
2708 4249 3053 4320 reparatione
3098 4248 3422 4322 balneorum
3456 4247 3525 4301 do

1952 4341 2242 4410 Laporetta
2284 4351 2710 4403 consueverunt,
2777 4340 2842 4394 ad
2905 4353 3139 4408 quorum
3195 4339 3522 4393 solutionem

1953 4433 2184 4499 praefatae
2216 4431 2595 4486 universitates
2615 4439 2668 4486 et
2692 4431 2941 4486 homines
2957 4431 3226 4486 dictarum
3249 4439 3517 4486 terrarum

1951 4525 2280 4580 auctoritate
2309 4523 2606 4593 praeinserti
2637 4521 2842 4578 decreti
2889 4538 2949 4576 se
2992 4529 3246 4578 asserunt
3291 4538 3398 4577 non
3438 4534 3518 4577 tc-

1953 4620 2066 4671 neri
2096 4625 2108 4669 :‘
2147 4628 2245 4669 nos
2289 4615 2765 4685 ergo’jurgioru’m
2829 4615 3086 4669 materias
3117 4625 3398 4684 amputare
3426 4631 3521 4668 cu-

1952 4711 2180 4777 pientes,
2215 4722 2278 4760 ac
2307 4707 2451 4776 paci,
2485 4707 2652 4774 quieti
2679 4715 2736 4761 et
2765 4706 3146 4776 tranquillitati
3185 4708 3524 4761 subditorum

1954 4807 2258 4854 nostrorum
2279 4798 2562 4864 providere
2588 4797 2879 4868 plurimum
2904 4796 3248 4861 aﬂ‘ectantes,
3272 4797 3521 4865 praesenti

1956 4901 2139 4945 nostro
2163 4889 2382 4943 decreto
2424 4889 2724 4954 firmamus,
2753 4888 2897 4958 quod
2928 4889 3166 4958 praefatae
3196 4887 3524 4942 universita-

1956 4990 2034 5035 tes
2059 4992 2110 5034 et
2147 4979 2394 5033 homines
2416 4979 2734 5032 earumdem
2764 4994 2862 5048 pro
2882 4981 3029 5032 omni
3059 4994 3125 5035 eo
3151 4989 3204 5033 et
3225 4990 3357 5044 tOtO,
3379 4980 3522 5045 quod

1953 5071 2238 5126 occasione
2268 5069 2396 5123 dicti
2422 5067 2722 5122 macinatus
2757 5083 2853 5135 pro
2900 5081 3086 5122 eorum
3123 5070 3309 5122 buccis
3341 5083 3518 5120 came-

1957 5177 2030 5216 rae
2072 5161 2400 5215 Bononiensi
2449 5158 2662 5212 solvere
2696 5167 2946 5212 tenentur
3000 5159 3066 5212 de
3097 5167 3298 5213 caetero
3331 5173 3525 5212 Omnes

1954 5255 2198 5324 singulas
2232 5253 2396 5306 libras
2455 5251 2706 5306 undecim
2767 5249 2977 5304 Bonon.
3047 5261 3243 5304 etnon
3302 5251 3528 5303 ulterius

1956 5345 2178 5415 pra'fato
2207 5342 2266 5396 D.
2304 5343 2522 5396 Nicolao
2550 5341 2734 5396 comiti
2765 5343 3022 5411 praedicto
3059 5351 3113 5395 et
3148 5341 3301 5395 militi
3333 5357 3362 5394 a
3391 5350 3530 5394 tem-

1957 5451 2086 5507 pore
2113 5433 2487 5488 erittcessionis
2548 5433 2873 5486 auctoritate
2905 5432 3202 5502 apostolica
3247 5430 3351 5484 sibi
3384 5429 3526 5484 facta

1958 5531 2090 5583 citra
2126 5544 2191 5581 ex
2243 5526 2604 5593 computando
2644 5525 2770 5578 illud
2813 5534 2976 5578 totum
3017 5523 3086 5577 de
3134 5524 3278 5578 dicta
3312 5538 3526 5578 summa

1958 5623 2100 5692 quod
2147 5621 2320 5674 dictas
2361 5619 2744 5673 universitates
2783 5629 2840 5673 et
2887 5618 3134 5670 homines
3189 5616 3415 5687 prazf'ato
3461 5617 3529 5671 D.

3088 5787 3115 5827 ε
