3990 6218
386 315 584 374 'cxxvu

397 431 618 490 Nieolao
644 429 983 499 reperiretur
1007 442 1126 486 esse
1159 428 1416 492 solutum,
1451 425 1812 503 eﬂectualiter
1859 428 1973 484 sol-

397 530 530 575 vant
556 519 674 574 sine
705 518 1069 574 diminutione
1095 519 1315 587 aliqua;
1369 535 1488 590 qua:
1514 519 1666 575 libra:
1723 519 1973 576 undecim

400 612 768 670 emolumento
792 612 921 667 dicti
944 611 1026 666 sui
1064 612 1359 667 comitatus
1381 612 1577 666 cedant
1621 627 1719 682 pro
1753 628 1976 683 repara-

402 709 552 762 tione
587 706 902 760 balneorum
932 703 1000 759 de
1032 703 1348 774 Laporetta,
1385 713 1548 775 prout
1580 706 1760 761 eidem
1796 721 1862 762 ex
1886 706 1976 761 lit-

402 799 536 855 teris
551 795 866 868 apostolicis
881 796 1154 866 reperitur
1176 811 1298 853 esse
1321 811 1645 854 concessum
1679 817 1693 854 :
1726 813 1790 855 ac
1811 800 1976 856 etiam

400 892 673 963 praedicta:
699 889 1081 946 universitates
1113 900 1168 946 et
1197 890 1447 948 homines
1487 906 1586 962 pro
1619 892 1822 947 salario
1853 893 1977 948 uni-

402 982 676 1040 versitatis
706 981 974 1037 dictarqu
1001 991 1270 1037 terrarum
1312 983 1474 1040 annis
1501 984 1733 1056 singulis
1766 985 1980 1041 solvere

402 1076 653 1139 debeant,
697 1072 854 1144 juxta
918 1073 1167 1128 ordinem
1225 1087 1548 1130 consuetum
1599 1075 1820 1131 vicariis
1879 1091 1980 1146 pro

402 1177 648 1237 tempore
706 1165 999 1236 deputatis,
1033 1174 1088 1221 et
1132 1169 1489 1237 imposterum
1515 1166 1848 1238 deputandis
1881 1183 1980 1239 per

355 1258 668 1336 ‘habentes
725 1257 793 1312 ad
850 1259 953 1312 hoc
985 1257 1322 1324 facultatem,
1374 1258 1540 1315 libras
1581 1259 1979 1330 quinquaginta

354 1337 361 1345 ”
401 1351 561 1417 duas,
596 1349 801 1406 solidos
846 1349 1130 1417 tredecim,
1153 1361 1206 1406 et
1233 1351 1490 1407 denarios
1521 1362 1759 1422 quatuor
1796 1352 1983 1423 plena-

402 1444 539 1498 riam
569 1459 598 1498 a
630 1445 848 1501 residuo
881 1445 1184 1518 ejus,quod
1220 1462 1318 1517 pro
1338 1456 1451 1502 toto
1475 1458 1717 1517 tempore
1755 1459 1981 1517 practer-

404 1535 484 1591 ito
539 1547 594 1591 et
641 1552 813 1608 usque
843 1539 911 1592 ad
945 1548 1156 1608 tempus
1201 1539 1528 1609 provisionis
1554 1540 1890 1612 apostolicae,
1927 1551 1984 1595 ut

404 1629 772 1699 praemittitur,
805 1628 986 1695 factae,
1011 1630 1172 1686 dicta:
1207 1632 1590 1688 universitatcs
1639 1641 1695 1686 et
1733 1632 1982 1688 homines

1594 315 2019 379 MICHAELIS
2056 316 2461 379 APOSTOLII

3455 324 3657 366 CXXVII!

2083 429 2297 486 solvere
2310 432 2628 484 tenerentur
2642 426 2932 484 occasione
2952 426 3211 498 praedicta
3254 427 3657 494 remissionem,

2077 521 2477 586 liberationem,
2507 528 2562 576 et
2581 520 2980 590 exemptionem
2999 519 3378 576 concedendo.
3415 518 3481 575 Et
3512 523 3662 577 insu-

2079 626 2173 681 per
2213 609 2496 681 prmfatum
2545 610 2850 675 decretum,
2893 617 2955 664 ut
2986 610 3356 679 praemittitur,
3393 613 3657 667 insertum

2079 719 2178 775 per
2205 718 2307 759 nos
2325 703 2615 774 dignanter
2639 703 2947 774 inspectum
2974 703 3028 758 in
3061 704 3319 758 omnibus
3348 705 3466 760 suis
3498 707 3664 776 parti-

2077 795 2180 851 bus
2198 797 2336 851 ultra
2361 795 2641 866 praemissa
2660 795 2987 850 auctoritate
3003 803 3203 850 nostra;
3226 795 3506 864 legationis
3534 811 3665 852 cou-

2081 889 2363 944 ﬁrmamus
2417 896 2472 944 et
2525 887 2912 959 approbemus,
2957 897 3012 942 et
3042 887 3206 943 etiam
3247 889 3315 945 de
3354 905 3496 944 novo
3534 905 3664 945 con-

2081 982 2284 1052 scripta
2340 983 2396 1037 in
2454 997 2520 1038 eo
2577 983 2984 1049 concedimus;
3041 983 3370 1039 mandantes
3438 982 3659 1038 domino
3748 1056 3750 1058 ν

2086 1075 2454 1141 thesaurario,
2494 1074 2876 1132 defensoribus
2928 1076 3148 1131 haveris
3178 1075 3417 1132 civitatis
3451 1074 3664 1132 Bouon.

2083 1175 2138 1222 et
2167 1166 2311 1230 aliis,
2364 1164 2434 1220 ad
2480 1182 2617 1238 quos
2653 1177 2885 1238 spectat,
2931 1176 3040 1222 tam
3087 1167 3446 1239 praesentibus
3505 1184 3664 1237 quam

2083 1259 2304 1327 futuris,
2347 1269 2406 1314 ut
2463 1259 2723 1328 praedicta
2779 1261 2966 1335 omnia
2992 1247 3312 1327 observent,
3343 1268 3398 1314 et
3425 1260 3517 1315 'ab
3548 1260 3666 1315 aliis

2083 1350 2468 1406 inviolabiliter
2505 1350 2705 1406 faciant
2735 1352 3044 1409 observari.

2159 1442 2352 1499 Datum
2398 1443 2677 1508 Bononiae,
2715 1455 2825 1501 etc.
2879 1446 2968 1501 die
3022 1445 3094 1500 20
3151 1445 3479 1502 Novembris
3504 1444 3666 1512 1450,

2085 1537 2381 1592 indictione
2414 1538 2468 1606 ὅ,
2509 1538 2856 1607 pontiﬁcatus
2912 1539 2969 1592 ι).
3016 1537 3221 1592 Nicolai
3264 1553 3414 1609 papa:
3453 1537 3496 1593 Ὗ
3525 1552 3670 1593 anno

2087 1638 2305 1701 quarto.

964 1970 1874 2111 ΜΙΧΑΗΑΟΥ
1949 1915 3097 2115 ΑΠΟΣΤΟΛΙΟΥ

1710 2223 2342 2314 ΒΥΖΑΝΤΙΟΥ

410 2391 779 2454 ΕΠΙΤΑΦΙΟΣ
815 2395 1185 2457 ΘΡΗΝΩΔῙΙΣ
1224 2399 1408 2457 ΕΧΩΝ
1441 2404 1784 2461 ΦΡΟΙΜΙΟΝ
1823 2407 1940 2462 ΕΠΙ
1995 2405 2086 2480 Ἰᾮ
2137 2408 2485 2483 ΘΕΙΟΤᾹΤῼ
2538 2409 2954 2468 ΒΗΣΣΔΡΙΩΝΙ
3019 2410 3108 2482 Τῼ
3158 2410 3676 2485 ΑῘΔΕΣΙΜΩΤΑΤῼ

517 2491 966 2550 ΚΑΡΔΗΝΑΛΕῙ
1019 2494 1158 2551 ΤΗΣ
1216 2498 1426 2553 ΑΓΙΔΣ
1483 2500 1790 2560 ΣΔΒΙΝΗΣ
1847 2504 1969 2560 ΚΑΙ
2020 2505 2512 2579 ΠΔΝΑΓΙΩΤΔΤῼ
2553 2506 2960 2578 ΠΑΤΡῙΛΡΧῌ
3005 2507 3678 2563 ΚΩΝΣΤΔΝΤΙΝΟΥΠΟ-

515 2588 714 2648 ΔΕΩΣ.

946 2843 1987 3070 MICHAELIS
2049 2893 3141 3072 'APOSTOLII

1724 3201 2396 3292 BYZANTINI

416 3389 727 3456 ORATIO
770 3389 1153 3452 FUNEBRIS
1195 3388 1774 3451 LAMENTABILE
1808 3390 2118 3452 HABENS
2155 3391 2625 3454 PROOEMIUM
2676 3395 2752 3455 IN
2797 3394 3362 3458 DIVINISSIMUM
3411 3395 3686 3456 BESSA-

541 3493 856 3556 RIONEM
886 3489 1657 3552 REVERENDISSIMUM
1689 3490 2222 3554 CARDINALEM
2255 3492 2588 3556 SANCTIE
2622 3493 2934 3558 SABINIE
2973 3495 3068 3555 ET
3101 3496 3682 3560 SANCTISSIMUM

536 3596 1127 3671 PATRIARCHAM
1165 3593 2246 3662 CONSTANTINOPOLITANUM.

495 3945 634 4017 Ergo
663 3955 778 4001 erat
807 3946 857 4000 in
890 3945 1014 4002 fatis
1045 3957 1125 4012 ut,
1156 3944 1578 4017 post‘plurimas
1611 3947 1730 4001 illas
1769 3945 1998 4001 Calami-

424 4048 563 4094 tates
591 4049 643 4094 et
669 4054 838 4093 sacrae
869 4041 1104 4110 mihique
1143 4039 1478 4094 charissima:
1517 4028 1706 4108 patria:
1728 4053 2002 4108 expugna-

425 4133 625 4188 tionem
673 4143 727 4188 et
779 4133 1090 4196 excidium,
1123 4132 1341 4186 vixdum
1392 4141 1702 4197 recreatus,
1757 4141 1814 4186 et
1860 4131 2005 4185 hunc

423 4221 818 4277 intolerabilem
890 4221 1139 4275 nuntium
1197 4220 1466 4274 audirem.
1535 4217 2006 4286 Sapientissimum

424 4327 671 4369 nostrum
727 4323 781 4378 ct
822 4313 1220 4367 divinissimum
1277 4310 1553 4366 dominum
1606 4319 1661 4365 et
1709 4309 2006 4372 fautorem,

424 4420 582 4477 quem
609 4415 794 4476 gentes
809 4414 862 4459 et
889 4393 1157 4468 civitates,
1177 4402 1526 4472 ecclesiaeque
1553 4410 1608 4456 et
1669 4401 2008 4471 principatus

426 4498 794 4554 consiliarium
825 4508 878 4552 et
911 4497 1193 4567 praesidem
1218 4497 1269 4550 in
1287 4495 1755 4550 onmibushabere
1786 4501 2011 4562 exopta-

377 4643 382 4648 .
425 4596 579 4658 bant,
611 4607 676 4645 ex
728 4591 1066 4656 hominibus,
1113 4589 1261 4662 heu!
1302 4589 1584 4659 inopinato
1613 4587 1781 4643 fuisse
1829 4587 2010 4642 subla-

427 4685 576 4739 tum!
606 4683 652 4739 Ο
693 4684 834 4755 longi
873 4683 1142 4754 temporis
1176 4681 1476 4737 infortunia
1509 4692 1564 4736 et
1593 4684 1786 4736 subitae
1827 4695 2008 4735 rermn

363 4794 370 4812 ί
428 4779 813 4834 conversiones
838 4777 1124 4847 reﬂuaeque
1149 4778 1398 4842 fortunae,
1421 4777 1548 4846 quid
1575 4777 2009 4847 hocjarndudum

427 4880 827 4941 concoqueutes
850 4879 1036 4926 nostra
1068 4880 1229 4925 aetate
1265 4869 1592 4938 perfecistis,
1625 4887 1746 4925 cum
1768 4869 1852 4925 vel
1884 4879 2010 4925 ante

429 4967 515 5020 vel
548 4975 736 5019 nostra
765 4973 884 5034 post
903 4975 1148 5032 tempora
1181 4961 1408 5018 liceret?
1456 4965 1648 5018 Annon
1680 4963 1924 5032 dignam,
1955 4971 2012 5016 ut

429 5071 528 5125 par
562 5056 684 5122 fuit,
726 5056 983 5110 ultionem
1020 5074 1048 5106 a
1102 5055 1258 5109 nobis
1287 5055 1515 5123 sumpsit
1550 5071 1794 5112 summus
1825 5071 2008 5110 rerum

431 5147 741 5232 moderator
780 5161 875 5215 per
923 5161 1014 5200 eas
1040 5160 1157 5215 qua:
1192 5155 1593 5215 praecesserunt
1635 5146 2013 5201 calamitates?

432 5255 500 5293 an
521 5248 575 5295 et
602 5239 844 5292 ultimam
876 5239 1013 5293 hanc
1037 5239 1190 5308 quasi
1223 5238 1457 5292 debitam
1488 5237 1897 5308 superinduxit;
1957 5246 2012 5290 ιιι

432 5350 553 5388 cum
581 5334 718 5405 .ipsa
763 5340 816 5387 et
847 5333 1008 5386 vitam
1045 5331 1222 5398 nobis,
1278 5331 1416 5387 heu!
1485 5331 1692 5384 utinam
1737 5330 2008 5400 eriperet!

505 5491 579 5560 (1)
614 5489 1052 5560 ’Δναλαμϐἁνειν
1083 5501 1139 5542 ιιι
1181 5488 1476 5554 ἀναφερειν
1509 5485 1727 5560 ἑαυτὸν,
1757 5483 1996 5560 recreari

432 5554 539 5616 sic}:
563 5554 1158 5632 'erholen.'lllppocrat.
1194 5566 1324 5628 περὶ
1355 5574 1475 5625 γυν.
1508 5556 1572 5617 ll,
1607 5570 1726 5623 pag.
1753 5554 1880 5616 267,
1907 5555 2002 5608 “28.

2184 3949 2448 4018 Ἔμελλον
2478 3949 2584 4016 ἄρα
2639 3947 2778 4016 μετὰ
2809 3947 2880 4001 τὰ
2926 3946 3098 4000 πολλὰ
3132 3947 3316 4002 ἐκεῖνα
3361 3949 3532 4014 δεινὰ,
3592 3951 3688 4006 καὶ

2110 4039 2208 4110 τῆς
2263 4040 2412 4109 ἱερᾶς
2454 4039 2548 4092 καὶ
2578 4042 2739 4110 φίλης
2771 4055 2863 4109 μοι
2911 4039 3172 4104 πατρίδος
3210 4039 3311 4110 τὴν
3356 4039 3560 4095 ἅλωσιν
3592 4046 3691 4098 καὶ

2109 4133 2405 4188 ἀνάστασιν
2439 4132 2592 4203 μόλις
2617 4133 2694 4202 (1)
2730 4130 3019 4186 ἀναλαϐὼν
3055 4132 3316 4197 ἐμαυτὸν,
3351 4133 3450 4186 καὶ
3481 4133 3690 4204 ταύτην

2109 4223 2426 4278 πευσεϊσθαι
2446 4223 2544 4294 τὴν
2569 4223 2893 4277 ἀνύποιστον
2922 4223 3210 4292 ἀγγελίαν,
3247 4226 3339 4278 τὸν
3372 4227 3692 4296 σοφώτατον

2107 4315 2270 4386 ἡμῶν
2302 4319 2398 4370 καὶ
2423 4314 2696 4369 θειότατον
2716 4314 2985 4384 δεσπότην
3017 4316 3110 4369 καὶ
3137 4316 3435 4386 κηδεμόνα,
3473 4317 3533 4371 ὃν
3556 4316 3692 4387 ἔθνη

2110 4408 2207 4461 καὶ
2238 4407 2444 4475 πόλεις,
2489 4407 2782 4477 ἐκκλησίαι
2810 4423 2869 4460 τε
2903 4407 2998 4460 καὶ
3029 4409 3225 4479 ἀρχεῖα
3259 4408 3565 4478 ξύμϐουλον
3595 4413 3698 4464 καὶ

2112 4499 2426 4571 προστάτην
2454 4499 2686 4552 ἐπόθουν
2707 4498 2856 4568 ἔχειν
2882 4496 2972 4551 διὰ
3021 4499 3245 4565 παντὸς,
3274 4497 3334 4564 ἐξ
3357 4499 3696 4570 ἀνθρώπων,

2110 4594 2292 4664 οῐμοιι
2353 4593 2483 4662 παρ’
2537 4591 2729 4645 ἐλπίδα
2783 4589 3072 4659 γενέσθαι.
3125 4588 3196 4644 Ὠ
3227 4592 3553 4662 δυσκληρίαι
3595 4592 3697 4645 τοῦ

2115 4684 2329 4756 μακροῦ
2380 4684 2577 4755 χρόνου
2606 4684 2700 4736 καὶ
2734 4683 3080 4753 περιπέτειαι
3109 4685 3203 4737 καὶ
3232 4683 3592 4755 παλίρροιαιί
3635 4683 3694 4737 τι

2111 4779 2268 4832 τοῦτο
2315 4776 2642 4846 τυρεύουσαι
2690 4774 2899 4829 ἄνωθεν
2977 4775 3064 4844 ἐφ’
3115 4776 3276 4846 ἡμῶν
3330 4776 3699 4842 τετελέκατε,

2113 4868 2231 4934 ἐξὸν
2259 4868 2334 4936 (2)
2362 4867 2465 4937 πρὸ
2496 4866 2654 4937 ἡμῶν
2683 4881 2746 4936 γε
2779 4865 2812 4936 ἢ
2847 4865 2973 4935 μεθ’
3007 4866 3156 4937 ἡμᾶς
3180 4885 3195 4932 ;
3223 4867 3256 4936 ἢ
3284 4867 3383 4937 οὐχ
3413 4867 3487 4929 ὡς
3518 4867 3706 4919 ἔοικεν

2113 4958 2270 5024 ἀξίαν
2304 4959 2460 5030 δίκην
2490 4958 2652 5012 ἔλαϐε
2685 4957 2994 5028 παρ’ἠμῶν
3021 4961 3048 5011 ό
3073 4958 3300 5029 ταμίας,
3333 4959 3454 5021 ταῖς
3487 4957 3702 5028 προλασ

2116 5051 2343 5114 ϐοὐσαις
2370 5051 2478 5104 τῶν
2525 5048 2841 5121 ξυμφορῶν,
2880 5053 2974 5106 καὶ
3026 5052 3102 5114 ὡς
3151 5051 3543 5121 προσήκουσαν
3599 5064 3701 5101 τα-

2119 5144 2326 5214 μιεύων
2374 5143 2578 5213 ταύτην
2633 5146 2994 5213 ὲπεισήνεγκε
3051 5142 3390 5204 τελευταίαν,
3457 5141 3546 5194 ἵνα
3601 5139 3703 5204 ξὺν

2115 5235 2290 5306 ταύτῃ
2316 5236 2410 5287 καὶ
2445 5234 2504 5285 τὸ
2534 5234 2633 5302 ζῇν
2663 5234 2812 5304 ἡμᾶς
2839 5234 2914 5298 ὡς
2946 5233 3140 5303 ὄφελον
3160 5232 3559 5302 ἀφαιρήσεται.
3605 5228 3704 5291 Ὧς

2119 5328 2237 5380 εἶπε
2249 5345 2278 5397 ρ
2305 5327 2459 5380 τοῦτό
2489 5344 2550 5394 γε
2582 5327 2756 5397 ᾔδειν,
2783 5327 3060 5389 τοσοῦτοις
3092 5327 3149 5390 ἐς
3172 5326 3290 5378 τόδε
3306 5322 3701 5393 ’περιπεσόντα

2186 5483 2261 5552 (2)
2291 5483 2419 5537 Cum
2447 5483 2647 5536 liceret.
2686 5482 2937 5550 Exempla
2971 5483 3033 5534 ad
3066 5479 3392 5549 Viger.550.
3414 5477 3704 5532 —Parum

2115 5555 2351 5608 humane
2385 5555 2500 5607 haec
2527 5553 2760 5607 Noster:
2795 5555 2886 5606 sed
2920 5552 3153 5621 indulget
3177 5552 3373 5604 dolori.

491 5703 510 5721 '
538 5703 958 5750 lianciiratiouem
987 5701 1151 5749 Graece
1185 5699 1538 5756 ediditGeorg.
1564 5691 2290 5761 Gustav._l7iil!cliorn,Lipsiae
2347 5691 2623 5761 1792.7cum
2667 5694 2864 5761 Georgii
2915 5693 3118 5744 Gemisti
3173 5696 3452 5750 laudatione
3508 5692 3711 5746 iuuet-rt

433 5766 625 5825 Cleopze
648 5766 901 5824 Augustae.
928 5760 1390 5821 lulerprctationem
1426 5754 1622 5808 lati—nam
1656 5755 1940 5806 addidimus.
1983 5754 2102 5804 Vide
2127 5761 2310 5804 toznum
2336 5760 2644 5814 superiorem
2670 5770 2713 5804 in
2745 5754 3004 5805 l‘letlto.:e.
