3990 6218
299 308 464 353 CXXIX

297 417 510 480 δεινοῖς,
531 414 626 468 καὶ
649 415 850 485 ταύτην
875 417 1057 471 δοῦναι
1079 418 1234 488 δίκην
1264 417 1868 487 ἐξωλεστάτην,ξῆδιστα

299 508 366 561 ἂν
399 507 670 577 εὐξαίμην
722 509 780 560 έν
827 507 905 577 τῷ
952 509 1028 578 (5)
1077 511 1198 562 τότε
1231 509 1601 580 κατακαῆναι,
1661 509 1727 578 τῇ
1762 507 1868 560 τῶν

308 599 704 669 Ἀχαιμενιδῶν
728 601 1016 671 τομωτάτῃ
1055 600 1299 672 μαχαίρᾳ.
1330 600 1363 671 ἢ
1398 599 1578 671 φαύλῃ
1603 598 1743 670 τύχῃ
1771 615 1867 651 πε-

303 688 695 757 ριγενόμενον,
757 689 968 758 μυρίων
1013 688 1171 754 ἀξίας
1231 690 1483 744 θανάτων
1535 690 1870 758 ὑφίστασθαι

296 778 600 848 ξυμφορᾶς.
651 781 924 848 κρεῖσσον
956 781 1066 852 γὰρ
1123 781 1352 848 ἰσάπαξ,
1397 781 1519 837 κατ⁴
1546 781 1868 851 Εὐριπίδην,

297 867 500 924 θανεῖν.
531 869 565 937 ἥ
595 870 693 932 τὰς
725 869 946 933 ἁπάσας
972 871 1190 942 ἡμέρας
1228 872 1459 943 πάσχειν
1489 871 1695 936 κακῶς.

370 1123 444 1182 Ὦ
465 1129 574 1182 τῶν
595 1131 895 1200 γινομένων
945 1131 1366 1198 όξυωπέστατον
1396 1134 1592 1204 βλέπος
1616 1135 1629 1190 l
1657 1129 1703 1190 ὦ
1730 1137 1874 1190 οἰκο-

294 1221 430 1289 νόμε
466 1221 744 1288 σοφώτατε
773 1222 878 1274 τῶν
909 1222 957 1274 θ’
985 1224 1078 1292 ὑφ’
1115 1225 1269 1293 ἣλιον
1294 1225 1404 1279 τῶν
1449 1227 1498 1280 θ’
1528 1226 1670 1297 ὑπὲρ
1697 1227 1868 1298 ἣλιον,

295 1310 354 1361 τί
376 1311 468 1363 τὸν
491 1313 790 1380 φανότατον
814 1312 1024 1384 πυρσὸν
1047 1314 1148 1383 τῆς
1179 1315 1509 1387 οἰκουμένης
1536 1317 1869 1382 ἀπέσϐεσαςί

298 1402 503 1470 μᾶλλον
526 1401 604 1465 δὲ,
621 1404 675 1453 τί
703 1401 794 1455 τὸν
811 1404 965 1472 ἡλίου
995 1404 1352 1476 φαιδρότερον
1376 1406 1643 1478 ἐξέκοψας
1670 1410 1871 1479 ὀφθαλ-

259 1489 428 1568 δμόνί
466 1494 542 1546 Οὐ
578 1493 832 1564 θεοσεϐὴς
865 1497 1164 1566 ἐτύγχανεν
1197 1498 1272 1551 ὧν
1296 1517 1310 1566 ;
1335 1500 1396 1554 οὗ
1431 1507 1740 1574 προστάτης
1768 1504 1876 1574 τῆς

307 1583 676 1654 Ἐκκλησίας;
710 1587 773 1638 ού
825 1589 1184 1658 μισοπόνηρος
1209 1606 1224 1655 ;
1283 1591 1345 1643 οὐ
1385 1592 1757 1660 φιλοδίκαιος;
1808 1596 1868 1648 οὐ

300 1675 657 1744 σοφώτατος;
686 1677 746 1729 ού
783 1680 905 1740 ταῖς
931 1680 1156 1747 ἀρεταῖς
1205 1682 1370 1735 αὑτοῦ
1420 1685 1518 1751 τὴν
1546 1685 1876 1758 οἰκουμένην

300 1767 486 1818 πᾶσαν
530 1767 858 1837 διέπρεπεν;
918 1769 979 1822 ού
1038 1774 1150 1834 τοῖς
1210 1772 1487 1843 δεομένοις
1553 1777 1877 1848 καθημέραν

302 1856 540 1927 ἰπήρκει
565 1873 580 1923 ;
608 1858 709 1910 οὐκ
737 1861 1112 1928 ἀναιμάκτους
1136 1863 1404 1933 ὁσημέραι
1429 1865 1621 1931 θυσίας
1649 1869 1876 1923 διετέλει

303 1950 472 2003 ποιῶν
496 1968 513 2017 ;
543 1951 641 2020 οὐχ
667 1951 696 2003 ὃ
719 1967 771 2004 τι
802 1952 867 2006 ἂν
890 1953 1034 2006 εῐποι
1070 1971 1156 2017 τις
1187 1955 1393 2022 ἀγαθὸν
1417 1959 1514 2011 καὶ
1538 1958 1743 2014 δίκαιον
1778 1961 1876 2015 καὶ

306 2041 554 2109 φιλόθεον
575 2059 592 2108 ;
615 2037 688 2095 Ὦ
720 2043 880 2112 σοφία
910 2045 1006 2097 καί¹
1030 2046 1200 2118 ἀρετὴ
1231 2047 1326 2101 καί⁵
1355 2049 1594 2117 παιδεία,
1618 2052 1700 2116 τίς
1726 2055 1880 2124 ὑμῶν

304 2132 402 2202 τὴν
439 2134 626 2187 ἑστίαν
653 2135 918 2202 διέλυσεν,
962 2138 1162 2208 ἄριστά
1193 2157 1250 2192 τε
1276 2141 1659 2215 ἀπεξεσμένην
1691 2148 1781 2199 καὶ
1804 2141 1878 2212 ὡς

309 2225 406 2275 οὐκ
437 2225 610 2288 ἄλλως
639 2226 767 2294 ἐνῆν
792 2229 806 2281 ι
853 2229 914 2280 οὐ
949 2231 1057 2300 γὰρ
1104 2231 1266 2300 μόνον
1295 2233 1398 2305 τὴν
1431 2235 1624 2304 σοφίαν
1653 2239 1880 2310 τάνδρὸς

308 2313 402 2365 καὶ
455 2314 553 2381 τὴν
607 2314 776 2384 ἄλλην
824 2317 1045 2382 ἃπασαν
1093 2323 1431 2393 κοσμιότητα
1471 2326 1734 2395 Ἕλληνες
1785 2331 1882 2384 καὶ

317 2402 580 2473 Ῥωμαῖοι
606 2405 988 2475 θαυμάσαντες
1019 2410 1227 2480 ἔχουσι,
1259 2415 1352 2465 καὶ
1381 2415 1498 2468 ὅσοι
1538 2421 1628 2470 τὸν
1664 2418 1871 2474 τούτων

310 2493 567 2560 ἀγαπῶσι
589 2495 752 2562 ζυγὸν
787 2499 879 2550 καὶ
902 2500 1006 2552 ὑπὸ
1025 2501 1232 2554 τούτων
1275 2503 1566 2570 ἰθύνονται,
1612 2507 1749 2562 ἀλλὰ
1786 2511 1885 2565 καὶ

309 2584 603 2661 Βρεττανοὶ
629 2589 724 2640 καὶ
750 2589 988 2659 Κίμϐροι
1015 2593 1108 2645 καὶ
1135 2592 1430 2664 Γερμανοὶ,
1465 2596 1666 2652 Κελτοί
1701 2616 1758 2653 τε
1785 2603 1882 2654 καὶ

313 2675 546 2730 Γαλάται
573 2679 669 2731 καὶ
714 2679 976 2748 Ἰσπανοὶ,
1031 2686 1266 2750 Παίονες
1300 2707 1360 2742 τε
1390 2691 1487 2745 καὶ
1536 2691 1758 2764 Ἰδηρες
1787 2697 1883 2750 καὶ

311 2768 666 2839 Κελτίϐηρες,
698 2771 968 2836 ξυνελόντι
997 2792 1054 2828 τε
1074 2777 1264 2845 φάναι,
1299 2778 1447 2832 ἅπαν
1477 2780 1634 2847 γένος
1685 2781 1878 2853 Ἐλλη-

311 2859 465 2912 νικόν
493 2877 549 2912 τε
577 2863 676 2914 καὶ
721 2863 1019 2935 βάρϐαρον,
1047 2868 1177 2939 παρ’
1205 2865 1280 2923 ὧν
1303 2873 1398 2924 καὶ
1428 2871 1584 2936 κλέος
1618 2874 1882 2946 ἐκτήσατο

311 2950 706 3022 οὐρανόμηκες,
732 2956 828 3008 καὶ
878 2961 1097 3028 μνήμην
1138 2961 1406 3027 ἐντεῦθεν,
1431 2963 1506 3026 ὡς
1537 2966 1744 3034 οἴομαι,
1765 2968 1878 3034 ἕξει

314 3043 514 3106 παντὸς
541 3045 637 3097 τοῦ
671 3046 864 3116 χρόνου
886 3047 986 3119 τὴν
1016 3049 1178 3119 φύσιν
1205 3056 1698 3124 υπερνικήσουσαν.

382 3309 489 3364 Φεῦ
513 3312 526 3365 ἰ
551 3310 636 3373 τίς
669 3327 768 3383 μου
791 3313 894 3382 τὴν
910 3311 1100 3368 ἐλπίδα
1126 3314 1234 3368 τῶν
1265 3317 1447 3370 καλῶν
1479 3317 1882 3389 ἀποτεφρῶσας

320 3399 765 3470 κατῄσχυνείτίς
805 3421 907 3473 μου
931 3405 1025 3456 τὸν
1053 3407 1260 3476 τροφέα
1313 3409 1421 3459 τῶν
1477 3410 1686 3463 παίδων
1723 3412 1882 3478 ἀφεί-

319 3492 439 3545 λετο
461 3494 474 3545 l
497 3493 582 3555 τίς
615 3511 718 3562 μου
737 3496 838 3562 τῆς
869 3495 1236 3564 πρεσϐυτικῆς
1256 3497 1472 3567 ἡλικίας
1498 3500 1592 3552 καὶ
1620 3499 1719 3567 τῆς
1749 3500 1884 3570 ξυμ-

326 3583 492 3652 μόρου
548 3584 722 3655 ταύτῃ
755 3584 948 3647 πενίας
981 3583 1152 3656 ᾤχετο
1197 3588 1382 3641 λαϐὼν
1407 3590 1500 3642 τὸν
1528 3591 1878 3660 παρήγορονι

322 3675 484 3727 Οὐδέν
518 3693 608 3743 μοι
644 3678 781 3746 πρὸς
807 3676 966 3731 τοῦτο
992 3678 1063 3730 τὰ
1093 3678 1352 3747 πατρίδος
1384 3679 1712 3747 λελόγισται,
1733 3683 1886 3734 οὐδὲν

322 3765 565 3837 emam,
590 3768 791 3821 παίδων
825 3768 919 3822 καὶ
941 3770 1176 3840 ὀρφανία
1206 3771 1485 3841 πατέρων,
1527 3772 1679 3825 οὐδὲν
1720 3775 1886 3826 οξκῶν

324 3859 417 3912 καὶ
449 3859 749 3929 χρημάτων
796 3849 1064 3926 ἀπὶἱιλεια,
1121 3863 1222 3916 οὐκ
1245 3862 1374 3917 ἄλλο
1399 3879 1462 3932 γε
1506 3864 1628 3917 οὐδὲ
1661 3865 1718 3917 ἓν
1753 3867 1880 3930 τῶν,

325 3951 417 4004 ὅσα
438 3951 620 4021 λύπην
645 3953 742 4004 καὶ
770 3953 924 4006 νόσον
954 3955 1052 4007 καὶ
1095 3955 1199 4008 ὅσα
1228 3955 1488 4024 σύστοιχα
1523 3955 1732 4010 τούτοιν
1772 3960 1886 4020 τοῖς

324 4042 546 4096 τάλασιν
564 4041 872 4112 ἀνθρώποις
893 4045 1188 4112 ἐπάγουσιν
1217 4045 1580 4116 έπερχόμενα.
1611 4041 1684 4102 Ὅ
1709 4049 1892 4117 σοφώο

324 4149 451 4186 τατε
484 4133 830 4202 Βησσαρίων,
857 4133 917 4186 τὸ
945 4133 1226 4204 αἰδέσιμον
1249 4135 1437 4204 ἔμοιγε
1472 4138 1566 4189 καὶ
1592 4137 1764 4203 γλυκὺ
1793 4139 1896 4190 καῖ

324 4225 589 4295 καύχημα
619 4225 715 4278 καὶ
748 4228 980 4297 πρᾶγμα
1014 4242 1107 4283 και
1131 4226 1323 4299 ὄνομα,
1366 4222 1476 4290 οἷος
1511 4227 1588 4280 ὢν
1618 4231 1748 4298 ἡμῖν
1778 4227 1898 4281 eiu

324 4318 612 4388 τέθνηκας,
631 4319 815 4386 οῐμοιι
845 4319 904 4382 ὃς
931 4320 1030 4390 οὐχ
1059 4319 1247 4390 ὥσπερ
1272 4337 1363 4388 μοι
1384 4321 1649 4389 δεσπότης
1691 4319 1896 4389 όμιλῶν

325 4411 606 4473 διετέλεις,
645 4411 745 4480 οὐχ
779 4411 854 4475 ὼς
890 4413 1186 4482 εὐεργέτης
1225 4413 1260 4482 ἢ
1292 4412 1368 4476 ὼς
1403 4411 1739 4480 σοφώτατος,
1771 4411 1888 4464 ἀλλ’

325 4503 396 4563 ὡς
422 4503 537 4563 ἰσος
566 4503 666 4570 τὴν
691 4503 862 4572 τύχην
902 4504 997 4555 καὶ
1053 4503 1128 4566 ὡς
1181 4505 1412 4571 ὀφείλων
1470 4505 1643 4574 μοι,ἢ
1696 4485 1898 4567 καὶ-ὠς

326 4595 439 4648 ἔνια
465 4597 577 4648 τῶν
605 4594 754 4665 ἠθῶν
781 4596 876 4648 καὶ
899 4595 1192 4664 δογμάτων
1220 4597 1318 4664 τῆς
1350 4597 1668 4662 φιλοσοφίας
1703 4596 1889 4648 εἰδότι.

397 4775 509 4830 Εἶθ’
537 4775 663 4844 ἐμοὶ
691 4774 863 4826 ταῦτα
919 4773 1135 4840 λέγοντι
1186 4771 1281 4825 νῦν
1314 4773 1450 4826 όστᾶ
1476 4773 1568 4825 καὶ
1589 4771 1759 4840 νεῦρα
1796 4774 1892 4825 καὶ

333 4868 463 4938 σὰρξ
493 4868 628 4936 μύες
653 4882 712 4918 τε
736 4866 830 4918 καὶ
867 4864 1050 4925 ἀδένες
1085 4863 1180 4916 καὶ
1211 4863 1420 4933 χόνδροι
1450 4864 1543 4915 καὶ
1581 4862 1777 4932 μυελὸς
1800 4861 1897 4914 καὶ

334 4962 434 5012 πᾶν
461 4977 553 5028 μοι
582 4959 691 5011 τῶν
718 4957 906 5026 χυμῶν
939 4957 1121 5009 θεόθεν
1149 4955 1515 5026 μεταϐληθείη
1547 4955 1607 5007 τὸ
1641 4954 1897 5024 σύστημα

336 5056 508 5121 πηταί
541 5052 795 5120 δακρύων
825 5050 1152 5118 γενόμενονί
1179 5049 1253 5110 ὡς
1287 5050 1386 5101 οὐκ
1423 5049 1542 5100 ἐνὸν
1577 5048 1750 5110 ἄλλως
1773 5048 1892 5100 κατ’

341 5146 490 5210 ἀξίαν
524 5145 792 5214 θρηνῆσαι
835 5143 925 5196 τὸν
977 5141 1222 5210 ἡγεμόνα
1288 5142 1398 5192 τῶν
1454 5139 1629 5207 λόγων
1679 5140 1900 5209 καὶτῆς

343 5240 530 5306 σοφίας
556 5238 746 5306 αὐτῆς,
775 5237 863 5287 τόν
901 5235 1184 5294 Πλάτωνος
1215 5232 1643 5301 εὐγλωττότερον
1676 5233 1767 5282 καὶ
1794 5235 1900 5298 Δη-

344 5330 636 5394 μοσθένους
678 5327 1001 5396 δεινότερον,
1035 5326 1127 5376 τὸν
1150 5323 1469 5376 Θουκυδίδου
1510 5325 1600 5375 τὸν
1629 5321 1792 5389 ὄγκον
1823 5324 1900 5392 (4)

405 5497 480 5560 (‘5)
509 5496 582 5549 De
611 5493 820 5547 excidio
851 5489 1342 5560 Constantinopolis
1371 5491 1594 5551 cogitat.
1628 5491 1899 5560 Constan-

339 5566 594 5636 tinopolis
639 5563 897 5636 aiancis
929 5559 1316 5636 _occupataest
1367 5562 1501 5636 l4_55
1533 5562 1585 5614 d.
1635 5561 1706 5613 29
1748 5559 1895 5636 Maii,

349 5631 823 5704 'A7‘2'v.usvt6&:v_h.
847 5648 897 5685 ο.
929 5631 1214 5704 Persarth
1244 5645 1369 5698 pro:
1406 5631 1729 5704 Turcarnm,
1754 5631 1895 5704 quod

338 5695 494 5774 sepe.
523 5704 684 5758 Conl’.
733 5701 1004 5756 Pontanus
1045 5701 1109 5753 ad
1144 5695 1462 5753 Phraozam.
1502 5699 1535 5753 Ι.
1571 5713 1610 5766 ι,
1653 5695 1889 5767 ςυρέῖἓ,

1218 283 1617 362 ιΑυῡΑΤιο
1642 297 2034 360 FUNEBRIS
2081 293 2612 356 BESSAlthNlS.

3417 301 3551 342 CXX‘

1972 409 2117 476 Ideo,
2152 412 2252 465 hoc
2286 411 2503 478 quidem
2536 409 2580 462 si
2614 406 2986 475 praevidissem
3023 419 3106 459 me
3143 413 3288 459 tanta
3322 405 3373 458 in
3403 405 3545 459 mala

1973 515 2118 556 nunc
2181 502 2527 555 incnrsurum
2584 507 2637 551 et
2704 499 2799 551 has
2854 496 3255 552 funestissimas
3298 496 3551 549 daturmn

1971 605 2194 662 pmnas,
2240 593 2494 646 libentius
2524 599 2797 658 optassem
2832 599 2958 642 tunc
2979 589 3238 656 temporis
3280 586 3558 658 comburi,

1973 684 2472 738 Achaemenidarum
2534 679 2754 734 acinace
2819 678 3235 745 interemptum.
3297 692 3456 746 quam
3506 678 3560 730 in

1973 776 2224 830 miseram
2250 772 2529 840 delapsum
2560 769 2825 824 fortunam
2869 769 3140 824 sexcentis
3179 769 3391 838 pejores
3417 783 3559 823 mor-

1974 865 2118 919 tibus
2167 862 2356 917 subire
2419 861 2774 915 calamitates.
2827 858 3006 913 Satius
3035 869 3116 913 est
3163 860 3333 922 enim,
3379 868 3434 912 ut
3485 859 3563 912 ait

1973 953 2281 1022 Euripides,
2330 954 2496 1009 semel
2556 949 2690 1002 mori
2738 963 2899 1018 quam
2929 949 3139 1003 cunctis
3179 949 3365 1004 diebus
3417 949 3554 1003 male

1975 1045 2208 1115 perpeti.

2046 1135 2091 1190 Ο
2131 1144 2186 1190 ιιι
2227 1134 2317 1203 ιιιιί
2349 1131 2817 1204 perspicacissimo
2849 1145 2910 1186 ea
2941 1133 3221 1201 quaoliunt
3254 1132 3406 1186 oculo
3425 1147 3552 1186 con-

1975 1227 2177 1297 spicisl
2213 1225 2256 1280 Ο
2291 1223 2692 1292 sapientissime
2723 1237 2936 1287 eorum,
2963 1237 3084 1290 quae
3126 1224 3227 1277 sub
3271 1223 3383 1277 sole
3433 1232 3559 1277 sunt

1976 1327 2029 1372 et
2059 1333 2228 1388 super
2252 1315 2454 1382 solem,
2500 1315 2869 1383 dispensator,
2909 1315 2974 1367 ad
3018 1314 3144 1382 quid
3186 1313 3557 1384 splendidissi-

1976 1424 2117 1464 mam
2175 1407 2321 1462 orbis
2361 1405 2529 1461 facem
2591 1401 2943 1458 exstinxisti?
2998 1401 3094 1457 Vel
3152 1403 3331 1472 potius
3389 1417 3560 1471 quare

1980 1501 2132 1554 illum
2191 1499 2305 1553 sole
2361 1496 2738 1566 fulgentiorem
2805 1493 3024 1548 oculum
3076 1492 3310 1548 eruisti?
3367 1491 3556 1546 Nonne

1978 1590 2197 1658 pietatis
2250 1589 2428 1644 cultor
2487 1587 2645 1643 erat?
2698 1585 2888 1640 Nonne
2949 1585 3202 1640 Ecclesia:
3265 1583 3558 1640 defensor?

1975 1677 2164 1733 Nonne
2193 1678 2455 1733 malorum
2472 1679 2637 1731 osor?
2677 1677 2864 1733 Nonne
2883 1676 3108 1745 iustitia:
3130 1689 3316 1730 amans
3335 1673 3558 1728 ?Nunne

1979 1767 2458 1836 sapientissimus?
2517 1767 2705 1822 Nonne
2735 1771 2850 1821 suis
2879 1767 3166 1822 virtutibus
3189 1766 3375 1821 orbem
3434 1765 3554 1820 uni-

1981 1875 2194 1915 versum
2227 1859 2551 1915 decorabat?
2579 1857 2770 1914 Nonne
2828 1860 3013 1927 egenis
3058 1857 3296 1927 quotidie
3321 1857 3558 1927 opitula-

1978 1953 2182 2008 batur?
2207 1952 2398 2007 Nonne
2434 1952 2738 2014 incruenta,
2768 1958 3035 2020 quotquot
3064 1958 3194 2004 eunt
3222 1949 3359 2014 dies,
3387 1948 3558 2003 sacri-

1985 2040 2106 2094 licia
2157 2036 2532 2096 indesinenter
2568 2039 2848 2094 faciebat?
2903 2037 3092 2093 Nonne
3137 2036 3398 2107 quidquid
3454 2035 3559 2089 dici

1985 2137 2161 2198 potest
2185 2137 2238 2184 et
2287 2129 2436 2194 boni,
2471 2137 2526 2183 et
2565 2127 2720 2198 justi,
2757 2137 2809 2184 et
2852 2127 3140 2196 religiosi?
3176 2126 3220 2182 Ο
3268 2125 3558 2194 sapientia,

1983 2220 2264 2291 virtusque
2295 2231 2351 2276 et
2402 2219 2714 2290 disciplina,
2761 2219 2884 2288 quis
2915 2229 3155 2273 vestrum
3188 2218 3430 2273 dissolvit
3461 2218 3559 2271 do-

1983 2311 2244 2366 micilium
2273 2311 2344 2365 ita
2371 2311 2571 2380 Optime
2619 2311 2962 2378 perpolitum,
3009 2317 3070 2364 ut
3099 2309 3254 2364 aliter
3288 2323 3394 2363 non
3427 2309 3556 2361 licc-

1989 2401 2111 2456 ret?
2141 2397 2310 2470 Hujus
2337 2400 2480 2455 enim
2511 2399 2605 2452 viri
2629 2399 2946 2468 sapientiam
2979 2410 3032 2454 et
3054 2412 3268 2453 omnem
3289 2398 3554 2467 reliquum

1984 2491 2242 2546 decorem
2274 2505 2382 2544 non
2417 2490 2578 2546 modo
2611 2489 2783 2545 Graaci
2809 2498 2864 2545 et
2890 2489 3119 2544 Romani
3151 2498 3206 2545 et
3251 2489 3560 2558 quicunque

1984 2597 2170 2638 eorum
2195 2582 2382 2653 jugum
2419 2591 2602 2637 amant
2648 2584 2714 2638 ab
2736 2582 2914 2652 iisque
2951 2589 3214 2651 reguntur
3242 2582 3295 2637 in
3321 2581 3558 2636 admira—

1987 2677 2129 2732 tione
2177 2676 2396 2740 habent,
2440 2677 2535 2731 sed
2582 2684 2637 2730 et
2671 2674 2914 2729 Britanni
2957 2682 3014 2728 et
3062 2672 3269 2728 Cimbri
3322 2681 3378 2728 et
3427 2672 3562 2727 (εει-ι

1984 2769 2153 2834 mani,
2198 2767 2472 2838 Celtaeque
2491 2777 2546 2823 et
2576 2766 2716 2823 Galli
2752 2775 2918 2835 atque
2950 2764 3201 2836 Hispani,
3232 2763 3563 2834 Paeonesque

1989 2869 2043 2916 et
2071 2861 2258 2916 lberes
2287 2873 2347 2914 ac
2377 2858 2696 2923 Celtiberes,
2729 2867 2916 2928 atque,
2944 2867 3002 2911 ut
3037 2871 3144 2912 uno
3175 2856 3339 2913 verbo
3361 2856 3562 2921 dicam,

1999 2950 2366 3006 Grecanicum
2387 2963 2556 3019 genus
2586 2963 2745 3004 omne
2782 2956 2836 3003 et
2863 2946 3226 3012 barbaricum,
3255 2949 3398 3018 apud
3423 2964 3562 3018 quos

1998 3042 2222 3114 gloriam
2252 3042 2480 3112 adeptus
2510 3049 2592 3096 est
2621 3054 2744 3110 quae
2783 3040 2980 3096 caelum
3010 3055 3181 3110 usque
3214 3041 3480 3111 pertingat
3507 3049 3563 3094 et

2001 3133 2313 3188 memoriam
2374 3132 2589 3194 exinde,
2642 3140 2702 3185 ut
2749 3143 2897 3196 reor,
2946 3130 3166 3187 habebit
3217 3146 3337 3202 qua
3383 3131 3561 3188 omnis

2001 3220 2257 3289 temporis
2287 3228 2541 3274 naturam
2576 3220 2787 3275 abunde
2813 3220 2884 3274 sit
2914 3228 3258 3290 superatura.

2076 3313 2262 3368 Eheu!
2299 3313 2421 3382 quis
2460 3312 2591 3367 mihi
2637 3311 2904 3366 honorum
2939 3326 3090 3381 spem
3121 3312 3177 3368 in
3219 3311 3431 3368 cineres
3472 3327 3561 3366 τρε

2003 3408 2216 3461 dartam
2266 3405 2552 3461 confudit?
2595 3405 2729 3472 Quis
2775 3403 2911 3460 mihi
2945 3418 3236 3474 puerorum
3279 3406 3561 3460 nutritium

1999 3496 2260 3550 abstulit?
2293 3498 2415 3565 quis
2439 3495 2574 3550 mihi
2602 3495 2791 3551 senilis
2819 3495 2994 3551 aetatis
3019 3504 3074 3550 et
3117 3496 3384 3552 consociat
3413 3497 3567 3551 senio

2002 3586 2331 3656 paupertatis
2364 3587 2539 3656 rapuit
2570 3587 2977 3642 consolatorem
3004 3585 3190 3642 ‘lNihil
3217 3587 3346 3642 mihi
3368 3588 3436 3644 ad
3464 3589 3566 3644 hoc

2002 3684 2259 3743 reputatae
2288 3683 2418 3730 sunt
2451 3691 2537 3730 res
2582 3676 2770 3744 patriae
2807 3675 3066 3740 civitatis,
3107 3675 3240 3730 nihil
3275 3675 3566 3734 liberorum

2001 3766 2240 3831 amissio,
2279 3767 2412 3822 nihil
2451 3781 2661 3835 patrum
2715 3768 2954 3834 orbitas,
3002 3769 3134 3825 nihil
3190 3773 3474 3826 domorum
3515 3780 3569 3824 et

2003 3860 2349 3927 pecuniarum
2372 3861 2587 3927 jactura
2613 3901 2627 3926 ,
2661 3875 2836 3929 neque
2872 3862 3164 3930 quidquam
3195 3861 3339 3917 aliud
3360 3863 3565 3931 jltorutn

2001 3965 2340 4022 quacunque
2390 3954 2628 4009 dolorem
2659 3965 2715 4010 et
2745 3955 2986 4011 morbum
3034 3965 3089 4010 et
3118 3957 3201 4012 his
3240 3955 3415 4012 alﬁnia
3467 3958 3568 4010 mi-

2001 4044 2138 4097 seris
2153 4043 2461 4098 hominibus
2496 4046 2797 4114 iugruendo
2813 4045 3068 4100 aii'erunt.
3107 4045 3152 4100 Ο
3167 4046 3568 4115 sapientissime

2001 4135 2315 4200 Bessarion,
2362 4141 2724 4193 venerandum
2757 4148 2903 4195 certe
2953 4140 3080 4194 mihi
3127 4146 3182 4196 et
3208 4139 3366 4196 dulce
3403 4141 3570 4196 decus

1997 4239 2050 4282 et
2075 4243 2159 4282 res
2187 4237 2240 4283 et
2265 4244 2479 4291 nomen.
2516 4229 2691 4296 qualis
2723 4229 2872 4284 fuisti
2913 4229 3067 4285 nobis
3119 4240 3175 4285 et
3229 4231 3442 4298 deinde,
3480 4233 3565 4286 hci

1996 4321 2159 4374 mihi!
2202 4331 2446 4375 mortuus
2474 4321 2566 4374 est
2619 4322 2710 4389 qui
2746 4337 2951 4377 mecum
2987 4337 3094 4377 non
3141 4323 3294 4391 quasi
3319 4323 3571 4377 dominus

1991 4412 2302 4467 conversari
2352 4415 2745 4481 perseverasti,
2782 4429 2889 4469 non
2939 4415 3092 4484 quasi
3141 4415 3453 4470 benefactor
3479 4429 3571 4469 aut

1994 4507 2441 4575 sapientissimus,
2491 4508 2584 4562 sed
2631 4509 2785 4577 quasi
2845 4510 2936 4578 qui
2993 4507 3207 4563 fortuna
3262 4511 3480 4580 aqualis
3515 4521 3571 4566 et.

1999 4598 2128 4650 mihi
2172 4599 2379 4652 debitor
2426 4613 2607 4665 esses,
2656 4600 2739 4654 vel
2782 4600 2945 4654 etiam
2991 4601 3148 4669 quasi
3187 4615 3307 4654 cum
3364 4602 3570 4656 sciente

2001 4689 2242 4743 nonnihil
2270 4687 2628 4756 philosophiae
2660 4704 2869 4743 tuorum
2901 4699 2956 4742 et
2979 4689 3314 4758 dogmatum.

2077 4775 2287 4831 Utinam
2310 4778 2440 4832 mihi
2471 4781 2584 4833 haec
2607 4779 2805 4834 dicenti
2840 4795 2980 4834 nunc
2997 4793 3120 4834 ossa
3153 4791 3207 4833 et
3229 4780 3380 4834 nervi
3411 4790 3568 4848 atque

2002 4883 2132 4924 caro
2160 4871 2498 4939 musculique
2528 4878 2584 4925 et
2626 4871 2813 4941 adipes
2855 4881 2907 4927 et
2932 4887 3054 4926 cum
3087 4871 3317 4926 medulla
3356 4872 3574 4924 cartila-

1995 4961 2145 5030 giues
2202 4970 2257 5014 et
2319 4961 2497 5014 omnis
2548 4961 2602 5014 in
2648 4977 2735 5017 me
2769 4977 3052 5018 succorum
3103 4964 3375 5018 concretio
3431 4963 3569 5016 divi-

1997 5054 2141 5106 nitus
2163 5061 2523 5104 transmutata
2555 5053 2607 5105 in
2637 5052 2992 5123 lacrymarum
3015 5053 3188 5106 fontes
3217 5052 3558 5107 dilIluerent!

1997 5143 2166 5195 Aliter
2206 5143 2348 5195 enim
2422 5157 2528 5195 non
2571 5144 2703 5194 satis
2727 5143 2886 5210 digne
2906 5140 3100 5196 deﬂere
3131 5143 3328 5210 possim
3367 5142 3566 5194 littera-

2003 5248 2117 5284 rum
2156 5233 2430 5300 ipsiusque
2459 5231 2736 5295 sapientiae
2784 5231 3080 5300 principem
3141 5231 3312 5294 illum,
3349 5231 3571 5285 Platone

2003 5323 2880 5384 disertiorem,-vehementiorem
2929 5323 3312 5387 Demosthene,
3369 5337 3464 5376 sua
3520 5323 3572 5374 in

2011 5505 2130 5559 p'g.
2176 5489 2301 5542 9.55.
2355 5490 2616 5558 Μάχαιρα
2663 5505 2832 5557 genus
2894 5506 3169 5544 armorum
3219 5490 3395 5543 Persis
3445 5492 3576 5546 olim

2011 5561 2442 5630 usitatissimum:
2486 5559 2729 5630 XenOph.
2760 5560 2826 5616 de
2879 5561 2955 5615 lie
3005 5561 3142 5629 Equ.
3171 5559 3281 5626 ΧΗ,
3339 5577 3399 5625 ιι,
3453 5565 3486 5616 i.
3518 5577 3573 5630 q.

2007 5632 2163 5690 κοπὶς
2192 5628 2387 5697 Cyrop.
2426 5629 2466 5691 Ι,
2494 5630 2548 5694 2,
2577 5627 2631 5681 9.

2077 5701 2152 5765 (ti)
2191 5699 2389 5766 ὐγκος
2415 5698 2734 5754 sublimitas.
2783 5701 2939 5768 Παρὰ
2965 5719 3026 5770 γε
3067 5701 3172 5771 μὴν
3205 5706 3316 5765 τοῖς
3340 5702 3569 5774 ῥήτορσι
