3990 6218
402 309 560 353 CXXXI

373 406 790 467 ~concinnandis
864 398 1198 462 orationibus
1251 399 1530 469 majestate
1568 408 1625 453 et
1680 392 1973 466 pulchritu-

402 502 550 566 dine,
571 495 899 569 Thucydidi:
928 494 1240 551 sublimitati
1272 490 1526 545 tenebras
1581 486 1974 546 on‘undentetn,

401 592 554 648 illum
593 589 687 657 qui
739 585 1118 643 insolubilibus
1148 580 1581 653 syllogismorum
1606 572 1975 633 conclusioni-

402 682 503 735 bus
548 658 892 747 nequaquam
918 689 976 728 se
1009 671 1078 727 ab
1100 670 1393 726 Aristotele
1410 677 1464 724 et
1485 664 1786 739 Chrysippo
1811 678 1972 733 supe-

402 778 576 825 ratum
603 783 734 824 esse
776 763 1207 827 demonstravit,
1231 761 1586 830 omniumque
1616 754 1974 813 cardinalium

403 859 681 929 ipsiusque
736 856 912 912 Patris
965 864 1179 923 patrum
1231 852 1394 907 velint
1446 849 1637 908 nolint.
1702 848 1867 902 decus
1920 852 1975 901 et

403 964 603 1005 corona
639 948 763 1002 fuit.

474 1039 633 1094 Nunc
680 1040 874 1094 adesse
904 1047 1184 1110 oporteret
1226 1035 1470 1106 Orphea,
1504 1032 1869 1100 Musammque
1918 1041 1973 1088 et

398 1130 717 1195 Homerum,
751 1144 894 1185 nunc
916 1128 1170 1198 Gorgiam
1204 1138 1257 1184 et
1277 1125 1496 1197 Lysiam
1530 1131 1586 1178 et
1632 1118 1966 1176 Andocidem

398 1238 543 1277 nunc
564 1221 932 1291 Pherecyden,
978 1219 1445 1290 Pythagoramque
1495 1223 1548 1271 et
1578 1213 1880 1278 Platonem,
1907 1216 1968 1265 ut

396 1313 453 1368 in
485 1312 659 1368 virum
697 1312 956 1383 virtutum
988 1309 1262 1379 exemplar
1295 1319 1351 1363 et
1396 1307 1684 1377 imaginem
1740 1303 1968 1373 hymnos

397 1413 451 1461 et
480 1402 737 1459 funebres
755 1404 1030 1459 orationes
1054 1412 1107 1457 et
1124 1401 1514 1473 epigrammata
1538 1397 1963 1459 conscriberent,

398 1500 445 1554 si
478 1506 660 1552 tamen
694 1505 751 1552 et
802 1497 872 1551 illi
905 1496 1119 1567 hymnis
1162 1510 1284 1550 eum
1336 1493 1610 1550 celebrare
1651 1505 1808 1562 pares
1843 1500 1966 1543 esse

394 1598 638 1659 possent.
686 1586 810 1643 Mihi
846 1602 998 1654 vero,
1030 1602 1151 1643 cum
1203 1587 1306 1642 sim
1338 1599 1496 1648 unus,
1536 1598 1659 1637 cum
1705 1582 1805 1634 sint
1848 1590 1965 1633 tau-

340 1742 351 1749 ,
395 1679 567 1747 tillus,
617 1689 672 1735 et
712 1690 895 1734 tamen
947 1678 1277 1747 praeconium
1319 1685 1605 1731 contexere
1633 1672 1856 1726 audeam
1908 1679 1963 1725 et

395 1769 709 1825 monodiam
741 1770 1033 1824 decantare
1070 1766 1394 1835 funebrique
1440 1765 1680 1818 Oratione
1727 1761 1963 1827 denique

395 1860 671 1930 prosequi,
702 1858 827 1927 quis
859 1873 964 1914 non
996 1859 1121 1925 jure
1161 1854 1521 1911 succenseat?
1553 1856 1749 1920 Qureve
1781 1853 1831 1906 in
1861 1865 1963 1907 nos

397 1966 504 2007 non
546 1952 821 2021 jactentur
853 1950 1118 2013 convicia,
1155 1948 1246 2018 qui
1294 1962 1357 2002 ea
1389 1963 1505 2013 qua:
1551 1947 1815 2012 attingere
1854 1958 1960 1997 non

397 2057 690 2114 possumus
721 2053 953 2111 etsupra
985 2041 1126 2094 vircs
1155 2045 1287 2094 sunt
1310 2035 1672 2091 attentamus?
1700 2034 1804 2089 Sed
1829 2033 1961 2088 nihil

392 2136 586 2191 horum
639 2134 769 2189 mihi
811 2148 956 2189 cura:
984 2141 1093 2195 est,
1138 2130 1428 2185 dummodo
1456 2138 1514 2182 tu
1558 2142 1859 2186 sermones.
1902 2135 1958 2181 ut

391 2228 604 2292 vivens,
653 2227 728 2281 ita
756 2233 903 2281 certe
936 2232 990 2279 et
1025 2229 1147 2293 post
1183 2232 1413 2276 mortem
1448 2220 1677 2275 libenter
1704 2220 1957 2288 accipias.

461 2319 632 2375 Porro
678 2316 754 2372 illi
787 2324 907 2371 erat
953 2312 1126 2384 patria
1152 2327 1270 2383 quae
1317 2321 1439 2381 post
1481 2310 1718 2380 reginam
1770 2311 1957 2366 urbem

392 2410 607 2467 urbium
643 2407 741 2463 fuit
771 2406 955 2476 regina
972 2404 1249 2474 Trapezus
1280 2404 1653 2472 antiquissima
1698 2415 1751 2458 et
1770 2402 1956 2459 Graeca

392 2504 583 2558 civitas
619 2515 649 2554 a
682 2497 1019 2569 philosophis
1054 2496 1108 2551 in
1143 2496 1421 2551 sexcentis
1461 2497 1790 2562 scriptorum
1821 2494 1955 2551 lucis

394 2597 726 2651 decantata:
781 2598 836 2646 et
886 2588 1300 2659 quibuscunque
1326 2587 1465 2643 inter
1493 2587 1638 2655 ipsos
1666 2585 1815 2641 cordi
1858 2585 1956 2642 fuit

392 2695 655 2753 prospere
699 2695 760 2737 se
807 2677 1099 2734 habentem
1129 2675 1697 2742 ordinarecivitatem,
1744 2675 1956 2746 legibus

366 2762 530 2829 ‘bcne
556 2771 931 2837 constitutam,
959 2768 1241 2823 ﬂorentem
1275 2767 1489 2835 litteris,
1524 2775 1671 2823 recte
1703 2769 1754 2824 in
1780 2769 1955 2823 omni-

390 2866 492 2922 bus
512 2864 854 2936 dispositam,
885 2862 919 2916 ii
941 2875 1038 2932 pro
1060 2858 1234 2915 forma
1252 2869 1306 2915 et
1327 2859 1619 2930 exemplari
1647 2859 1955 2930 Trapezun-

390 2968 498 3014 teni
530 2963 951 3027 proposuerunt.

461 3048 721 3105 Parentes
746 3054 927 3102 autem
952 3059 1059 3103 non
1082 3059 1148 3103 ex
1180 3044 1451 3102 nobilibus
1476 3051 1635 3100 erant
1656 3053 1710 3100 et
1736 3044 1955 3101 fortuna

392 3139 710 3212 insignibus,
748 3141 842 3195 sed
881 3152 1045 3194 manu
1088 3147 1143 3196 et
1189 3138 1419 3195 artiﬁcio
1448 3137 1649 3194 victum
1698 3140 1956 3208 transige-

390 3232 542 3299 bant,
569 3230 793 3297 victnm,
845 3240 905 3285 ut
941 3244 1042 3301 ego
1068 3229 1293 3301 quidem
1330 3243 1472 3294 reor,
1506 3229 1791 3299 iustiorem
1816 3229 1956 3285 divi-

389 3323 712 3393 nioremque
755 3332 1110 3392 tyrannorum
1160 3321 1303 3378 victu
1348 3322 1830 3394 dynastarumque,
1862 3322 1952 3392 qui

389 3425 578 3487 gentes
607 3428 660 3470 et
689 3416 938 3471 civitates
968 3413 1196 3485 imperio
1228 3422 1412 3470 tenent
1449 3424 1504 3470 et
1545 3415 1784 3486 dirigunt
1824 3431 1839 3469 :
1877 3414 1951 3470 illi

387 3519 621 3575 namque
660 3505 909 3563 homines
965 3504 1156 3560 iisdem
1214 3503 1593 3562 aﬂ'ectionibus
1644 3505 1847 3561 inditus
1885 3520 1951 3561 ex

389 3596 582 3652 iisdem
636 3606 947 3665 procreatos
1001 3595 1390 3667 sanguinibus,
1425 3607 1481 3653 et
1530 3598 1717 3653 iisdem
1755 3597 1952 3669 quibus

387 3684 747 3754 ipsil‘ortunis
776 3694 830 3741 et
848 3684 1063 3741 casibus
1107 3685 1372 3743 obnoxios
1392 3725 1409 3754 ,
1450 3701 1516 3743 ex
1547 3688 1737 3744 liberis
1764 3701 1953 3744 servos

386 3776 440 3831 vi
465 3775 694 3853 faciunt,
719 3786 883 3847 atque
909 3776 1110 3833 tributa
1144 3776 1533 3847 vectigaliaque
1564 3786 1624 3833 et
1642 3778 1954 3836 exactiones

386 3866 597 3923 solvere
626 3876 848 3939 cogunt,
879 3875 933 3923 et
962 3882 1069 3924 non
1117 3867 1481 3940 praebentibus
1530 3882 1708 3939 neque
1751 3870 1954 3926 haben-

386 3960 532 4016 tibus
562 3960 703 4015 unde
731 3959 1010 4029 praebeant
1060 3969 1301 4016 extrema
1333 3959 1679 4024 minitentur,
1709 3969 1764 4017 et
1800 3960 1954 4016 Pluto

384 4049 504 4119 ipso
530 4050 620 4120 qui
653 4062 829 4104 caecus
858 4058 941 4105 est
975 4063 1040 4104 ac
1089 4049 1288 4104 dicitur
1309 4047 1569 4104 θεοῖσι-οε
1601 4051 1654 4104 in
1681 4064 1775 4104 eos
1808 4050 1954 4106 rabie

384 4137 694 4194 cil‘erantur.
721 4136 785 4192 Hi
815 4148 1014 4203 autem,
1056 4138 1156 4191 etsi
1192 4137 1322 4191 nihil
1361 4137 1549 4191 horum
1587 4140 1826 4191 omnium
1859 4140 1952 4192 ha-

380 4231 578 4287 bentes
612 4230 743 4295 sint,
781 4229 1009 4284 honeste
1042 4238 1225 4282 tamen
1270 4236 1325 4283 et
1355 4227 1653 4284 secundum
1700 4238 1952 4282 naturam

384 4321 598 4387 vivunt,
630 4318 906 4389 copiosius
930 4331 1088 4386 quam
1130 4316 1325 4372 divites
1344 4318 1574 4386 propriis
1594 4331 1660 4372 ea
1678 4316 1952 4375 laboribus

384 4415 570 4485 egenis
614 4426 769 4482 opem
808 4409 1082 4475 ferentes,
1145 4408 1458 4479 peregrinos
1495 4408 1729 4480 hospitio
1778 4412 1952 4468 susci-

385 4508 614 4579 pientes,
655 4502 1013 4572 alacriorique
1042 4501 1225 4557 animo
1267 4501 1449 4573 ignem
1504 4501 1824 4569 accendunt,
1848 4517 1952 4558 un-

384 4609 518 4669 gunt
565 4597 723 4660 oleo,
798 4592 1137 4650 vestimentis
1207 4593 1439 4648 induunt
1511 4602 1566 4647 et
1629 4595 1953 4651 accumbere

386 4688 613 4744 faciunt.

452 4870 744 4940 Postquam
771 4880 900 4920 vero
930 4865 982 4920 in
1003 4863 1286 4935 pueritiam
1310 4872 1601 4933 provectus
1622 4871 1726 4927 est,
1750 4863 1950 4930 optima

383 4970 511 5017 nota
551 4961 820 5031 signatum
858 4970 982 5010 eum
1007 4972 1035 5010 a
1074 4954 1388 5024 pereuntibus
1426 4966 1611 5009 secum
1656 4954 1951 5023 assumpsit

380 5138 450 5191 τὰ
480 5134 734 5204 ἐγκώμια
776 5158 846 5173 --
879 5133 970 5204 τὸν
1027 5131 1124 5202 μὲν
1174 5131 1352 5204 δγκονΔ
1379 5130 1594 5204 minim
1628 5129 1832 5204 ύψηλὸν
1890 5131 1950 5199 ἐξ

382 5199 919 5275 ἅπαντοςίπεριὲχει.
949 5199 1119 5275 Long.
1137 5199 1227 5275 de
1244 5200 1444 5275 Δδορὴ,Δ
1466 5199 1604 5275 Vill,
1625 5199 1680 5255 5,

453 5274 531 5348 (5)
567 5274 692 5348 Πῶς
716 5270 782 5327 ἄν
809 5270 925 5326 τοδε
950 5274 1018 5348 τὸ
1052 5271 1149 5348 du‘
1176 5270 1385 5348 (αύτοῦ)
1431 5270 1723 5348 λεγόμενον
1740 5273 1950 5348 μπαρὼν

380 5339 632 5417 Ὄμηρος
659 5346 917 5417 ἢκουσεν,
943 5342 995 5417 ἢ.
1037 5339 1430 5417 Δημοσθένης,
1455 5340 1502 5417 ἢῆ
1519 5339 1718 5417 ηπῶς-
1735 5343 1823 5417 δινΔ
1840 5339 1950 5398 ’ἐπὶ

377 5406 554 5483 τούτῘῤ
587 5406 938 5483 διετέθησανς
966 5406 1204 5483 Iacuit-in.
1240 5413 1306 5483 de
1336 5406 1659 5483 SubﬂXl‘V,
1779 5412 1947 5481 Magis

378 5432 554 5483 τουτηρ
587 5431 938 5483 οιετευησαν;
975 5431 1088 5469 μου
1131 5431 1204 5468 Ill.
1240 5431 1306 5464 σε
1336 5431 1490 5465 δυυΙ.
1518 5431 1659 5473 ΛΠ,
1688 5431 1743 5465 τι
1779 5431 1945 5481 magis

378 5488 558 5540 adhuc
608 5496 777 5540 tutnct
838 5482 1051 5538 Manuel
1096 5431 1427 5549 g‘almulogtts
1479 5479 1534 5534 in
1579 5477 1835 5549 Oratione
1891 5484 1945 5536 in

379 5555 647 5609 Tltctttht'.
710 5572 793 5622 ap.
818 5553 1202 5608 Combcﬁsium
1252 5547 1489 5622 (Ρᾶιιύί.
1536 5562 1591 5622 ιη
1642 5547 1948 5622 CLVI).—

378 5627 513 5679 ΙΙοία
567 5643 640 5704 τις
696 5619 1104 5704 γὶ.ῶσσα.-ποί.α
1166 5619 1347 5701 φωνὴ,
1378 5619 1499 5704 νοῦς
1550 5620 1607 5704 δὲ
1646 5619 1948 5704 τίςῇξρρό-

379 5712 533 5767 νησις
594 5701 880 5767 ἀρκεσειεν
939 5693 1006 5747 ἂν
1053 5693 1330 5763 ύμνὴοαις
1377 5693 1483 5744 οὐδ’
1536 5692 1586 5742 sl
1640 5692 1944 5745 συνέλθοιεν

1578 258 1997 345 MICHAELIS
2036 279 2433 341 APOSTOLII

3432 272 3435 277 ’
3466 296 3638 340 cum

2081 394 2156 463 τῷ
2189 394 2408 463 μεγέθει
2438 392 2533 448 καὶ
2560 394 2745 448 κάλλει
2774 396 2873 467 τῆς
2903 397 3173 466 σφετέρας
3194 396 3306 452 τῶν
3324 397 3497 466 λόγων
3521 398 3644 465 ξυνι-

2077 483 2279 546 θέσεως
2311 484 2728 557 ἀποκρύψαντα,
2753 486 2846 540 τὸν
2877 490 2986 551 τοῖς
3009 488 3227 553 ἀλύτοις
3256 489 3366 545 τῶν
3393 491 3639 559 συλλογι-

2077 577 2230 645 σμῶν
2285 576 2750 649 ξυμπεράσμασιν
2771 579 2924 634 οὐδέν
2973 597 3026 633 τι
3056 580 3252 634 ἑαυτοῦ
3300 581 3637 653 διενηνοχύτε

2086 667 2431 741 Ἀριστοτέλη
2457 671 2552 725 καὶ
2575 669 2904 740 Χρύσιππον
2925 672 3305 742 ἀποφήναντα,
3324 675 3415 728 τὸν
3436 676 3639 747 κόσμον

2073 757 2168 811 καὶ
2192 759 2455 826 στέφανον
2487 760 2743 814 ἁπάντων
2776 760 2885 815 τῶν
2934 761 3300 831 καρδινάλεων
3349 763 3445 818 καὶ
3476 766 3638 818 αὐτοῦ

2072 864 2136 916 γε
2176 848 2240 918 δὴ
2265 849 2360 902 τοῦ
2391 850 2598 921 πατρὸς
2651 852 2761 906 τῶν
2794 851 3070 922 πατέρων,
3104 852 3208 906 κᾶν
3248 856 3298 908 εἰ
3331 853 3405 926 μὴ
3437 855 3640 911 θέλοιεν

2072 958 2237 1005 τινες,
2266 941 2373 995 κᾶν
2402 942 2451 995 εί
2482 942 2712 997 θέλοιεν.

2141 1032 2256 1086 Νῦν
2288 1034 2454 1107 ἐχρῆν
2496 1037 2766 1105 περιεῖναι
2828 1035 3031 1106 Ὀρφέα
3076 1037 3172 1091 καὶ
3220 1040 3491 1095 Μουσαῖον
3538 1042 3639 1096 καὶ

2074 1122 2342 1194 Ὅμηρον,
2395 1125 2492 1179 νῦν
2520 1127 2758 1197 Γοργίαν
2805 1126 2903 1180 καὶ
2941 1127 3150 1181 Λυσίαν
3178 1130 3270 1183 καὶ
3297 1130 3634 1203 ’Δνδοκίδην,

2072 1215 2169 1270 νῦν
2223 1218 2533 1289 Φερεκύδην
2571 1223 2667 1274 καὶ
2720 1220 3046 1292 Πυθαγόραν
3100 1225 3194 1276 καὶ
3241 1223 3498 1279 Πλάτωνα
3533 1227 3647 1296 (5i,-

2071 1305 2139 1358 ἶν’
2175 1307 2323 1370 ὅπως
2350 1306 2551 1379 ὕμνους
2584 1309 2825 1375 ξυνθεῖεν
2851 1314 2917 1382 τῇ
2958 1313 3130 1366 εἰκόνι
3167 1315 3277 1367 τῶν
3309 1318 3517 1386 ἀρετῶν
3548 1320 3637 1371 καί

2069 1398 2120 1466 γ’
2145 1400 2466 1470 ἐπιταφίους
2499 1401 2666 1470 καίγ’
2720 1390 3143 1476 ἐπιγράμματα,
3194 1408 3354 1476 εἴπερ
3401 1410 3509 1477 ἄρα
3542 1413 3637 1463 καὶ

2067 1490 2276 1555 τούτοις
2298 1493 2495 1559 ἐφικτὰ
2521 1510 2584 1561 γε
2614 1495 2681 1548 τὰ
2711 1495 2807 1564 τῆς
2838 1495 3145 1568 ὑμνήσεως.
3200 1497 3354 1568 Ἐμοὶ
3387 1498 3434 1552 δ’
3467 1500 3548 1552 ἐνί
3576 1516 3635 1553 τε

2066 1580 2179 1632 ὄντι
2203 1582 2297 1633 καὶ
2321 1582 2545 1652 τοιούτῳ
2571 1600 2634 1649 γε
2666 1583 2802 1647 ὄντι,
2835 1584 2945 1637 τῶν
2976 1584 3111 1654 πρὸς
3139 1586 3341 1653 ἐλόγων
3376 1591 3635 1641 κατατολ-

2068 1670 2241 1739 μῶντι
2282 1671 2378 1725 καὶ
2412 1674 2670 1742 μονῳδεῖν
2701 1674 3066 1743 ἐγχειροῦντι,
3103 1676 3197 1731 καὶ
3223 1677 3403 1745 λόγοις
3438 1681 3632 1732 ἐπιταο

2067 1761 2209 1829 φίοις
2241 1763 2299 1815 τὸ
2326 1761 2639 1817 τελευταῖον
2689 1766 3098 1835 προπέμποντι,
3132 1767 3217 1830 τίς
3244 1769 3342 1820 οὐκ
3387 1770 3454 1823 ἂν
3490 1770 3634 1824 sitd-

2064 1870 2170 1915 τως
2203 1854 2601 1924 ἐπιτιμήσειεν,
2651 1855 2684 1926 ἢ
2728 1855 2872 1920 τινος
2918 1855 3029 1909 τῶν
3062 1858 3149 1926 ἐφ’
3176 1861 3324 1928 ἡμᾶς
3356 1861 3631 1930 λοιδοριῶν

2064 1943 2300 2014 φείσαιτ’
2321 1943 2389 1997 ἂν
2418 1944 2527 1997 τῶν
2556 1944 2862 2013 ἀνεφίκτων
2897 1948 3316 2015 ἐπιχειροῦντας
3367 1952 3460 2004 καὶ
3492 1953 3629 2023 ὑπὲρ

2060 2035 2291 2105 δύναμιν
2310 2052 2327 2103 ;
2373 2037 2512 2088 Ἀλλ’
2535 2035 2598 2089 ού
2650 2054 2741 2106 μοι
2772 2038 2926 2108 μέλει
2961 2038 3068 2091 τῶν
3091 2041 3346 2095 τοιούτων
3385 2060 3449 2109 γε
3480 2044 3629 2096 οὐδε-

2060 2127 2171 2190 νὶς,
2201 2126 2368 2180 αὑτοῦ
2401 2143 2496 2180 σου
2533 2127 2694 2196 μόνον
2722 2122 3017 2200 δεχομένου
3044 2130 3168 2192 τοὺς
3211 2131 3403 2201 λόγους
3437 2134 3626 2206 ὥσπερ

2061 2218 2315 2288 ἁσμένως
2347 2220 2628 2290 περιόντος
2658 2218 2830 2282 οὕτως
2860 2221 3053 2291 ἀμέλει
3082 2223 3175 2276 καὶ
3197 2224 3340 2291 μετὰ
3371 2225 3624 2287 θάνατον.

2129 2308 2318 2379 Τούτῳ
2362 2310 2459 2379 μὲν
2491 2310 2554 2380 δὴ
2579 2312 2779 2380 πατρὶς
2801 2311 3100 2380 ἐτύγχανεν
3128 2315 3266 2368 οὖσα
3297 2318 3328 2384 ἠ
3361 2319 3498 2384 μετά
3524 2320 3623 2383 τὴν

2060 2399 2309 2470 βασιλίδα
2335 2400 2544 2471 βασιλὶς
2572 2402 2679 2456 τῶν
2724 2404 2928 2456 πόλεων
2961 2406 3038 2474 (6)
3094 2408 3434 2478 Τραπεζοῦς,
3468 2412 3622 2475 πόλις

2056 2495 2393 2564 ἀρχαιοτάτη
2444 2497 2541 2549 καὶ
2600 2495 2870 2565 Ἑλληνὶς,
2905 2501 3001 2552 καὶ
3031 2501 3274 2570 μυριαχῆ
3313 2503 3420 2555 τῶν
3449 2503 3622 2570 λόγων

2058 2585 2295 2657 ᾀδομένη
2323 2587 2432 2643 τῶν
2455 2587 2786 2657 φιλοσόφων,
2804 2591 2898 2644 καὶ
2919 2590 3063 2654 ὅσοις
3081 2590 3136 2643 δὲ
3158 2592 3389 2663 ἐμέλησε
3415 2594 3622 2648 τούτων

2057 2678 2241 2743 καλῶς
2296 2681 2572 2749 κοσμῆσαι
2629 2680 2982 2749 πράττουσαν
3011 2681 3192 2745 πόλιν,
3218 2678 3277 2736 εὖ
3309 2701 3367 2737 τε
3392 2684 3624 2753 ἔχουσαν

2056 2771 2257 2842 νόμων,
2292 2766 2351 2825 εὖ
2390 2788 2448 2826 τε
2476 2770 2710 2840 ἔχουσαν
2757 2773 2957 2841 λόγων,
2994 2773 3054 2828 εῦ
3086 2791 3144 2829 τε
3167 2778 3279 2840 τοῖς
3333 2779 3468 2832 πᾶσι
3509 2779 3623 2833 δια-

2056 2861 2318 2930 κειμένην
2376 2860 2762 2932 Τραπεζοῦντα
2828 2862 2996 2920 τύπον
3042 2867 3501 2937 προύτεθείκεσαν
3524 2871 3619 2925 καὶ

2055 2953 2432 3024 παράδειγμα.

2127 3045 2363 3116 Πατέρες
2390 3046 2465 3111 δὲ,
2491 3045 2553 3100 ού
2589 3046 2699 3101 τῶν
2729 3046 2790 3101 εὖ
2817 3047 3122 3116 γεγονότων
3173 3052 3268 3105 καὶ
3302 3054 3619 3124 περιφανῶν

2052 3134 2121 3188 τὰ
2153 3137 2210 3195 ἐς
2239 3136 2429 3206 τύχην,
2461 3136 2578 3191 ἀλλ’
2609 3141 2826 3204 ἑαυτοῖς
2844 3140 2943 3215 τδν
2976 3140 3093 3210 βίον
3139 3145 3479 3214 ποιουμένων
3508 3164 3626 3218 χει-

2058 3227 2308 3298 ρωναξία,
2347 3228 2480 3298 βίον,
2514 3229 2588 3293 ὡς
2612 3223 2848 3300 ἐγῷμαι,
2896 3231 3241 3304 δικαιότερον
3275 3237 3367 3288 καὶ
3422 3236 3624 3291 θειότε-

2057 3334 2148 3388 ρον
2172 3322 2279 3372 τῶν
2309 3320 2366 3372 ἐν
2398 3321 2680 3389 τυραννίσι
2710 3323 2815 3376 καὶ
2838 3324 3184 3388 δυναστείαις
3236 3326 3365 3396 ἔθνη
3396 3330 3492 3382 καὶ
3527 3330 3623 3383 πό-

2053 3411 2166 3475 λεις
2191 3411 2481 3467 διεπόντων
2542 3414 2639 3467 καὶ
2697 3414 2990 3469 ίθυνόντων
3020 3429 3036 3447 '
3074 3418 3229 3489 ειπερ
3277 3422 3472 3475 ἐκεῖνοι
3525 3424 3627 3493 μιν

2052 3502 2377 3572 ἀνθρώπους
2424 3504 2810 3569 ταυτοπαθεῖς,
2866 3508 2975 3560 κάκ
3029 3508 3139 3564 τῶν
3192 3511 3397 3580 ὁμοίων
3459 3512 3624 3577 ὄντας

2054 3593 2329 3663 αἱμάτων,
2358 3594 2453 3646 καὶ
2477 3597 2598 3658 ταῖς
2626 3595 2815 3658 αὐταῖς
2860 3598 3045 3661 αὐτοῖς
3074 3599 3265 3670 τύχαις
3294 3606 3387 3655 καὶ
3420 3606 3626 3659 πάθεσι

2052 3685 2501 3754 περιπίπτοντας,
2528 3686 2748 3751 δούλους
2772 3690 3022 3745 ποιοῦσιν
3049 3692 3106 3758 ἐξ
3129 3695 3428 3766 ἐλευθέρων
3454 3698 3626 3765 ἀνάγ-ι

2053 3791 2146 3846 κῃ.
2180 3777 2274 3828 καὶ
2301 3775 2540 3843 δασμοὺς
2567 3777 2661 3831 καὶ
2703 3779 2905 3847 φόρους
2931 3784 3027 3835 καὶ
3053 3787 3417 3857 συνεισφορὰς
3442 3787 3626 3841 τελεῖν

2053 3864 2238 3928 αύτοῖς
2263 3864 2617 3932 ἐπιτίθενται,
2658 3867 2754 3920 καὶ
2781 3870 2896 3931 τοῖς
2927 3870 3004 3941 μὴ
3051 3862 3352 3941 παρέχουσι
3400 3876 3497 3928 καὶ
3520 3875 3622 3929 οὐκ

2053 3951 2235 4022 ἔχουσι
2265 3952 2332 4007 τὰ
2356 3953 2559 4024 ἔσχατα
2584 3954 2892 4024 ἀπειλοῦσι,
2916 3960 3012 4012 καὶ
3037 3959 3113 4030 (7)
3142 3962 3344 4029 τυφλοῦ
3374 3980 3437 4031 γε
3469 3963 3624 4027 ὄντος

2053 4044 2149 4096 καὶ
2173 4044 2467 4113 λεγομένου
2518 4045 2614 4099 τοῦ
2658 4046 2899 4102 Πλούτου
2934 4051 3257 4123 τυφλότεροι
3312 4053 3465 4117 δντες
3494 4054 3625 4108 λυτ-

2052 4133 2187 4186 τῶσι
2214 4137 2345 4203 περὶ
2366 4135 2565 4189 αὐτῶν.
2616 4130 2775 4191 Οὗτοι
2799 4138 2858 4192 δέ
2879 4139 2990 4193 τῶν
3012 4141 3275 4197 τοιούτων
3337 4145 3621 4213 ἁπάντων,

2053 4225 2152 4296 οὐχ
2173 4224 2255 4280 ὅτι
2303 4241 2365 4294 γε
2396 4225 2550 4281 οὐδέν
2583 4228 2725 4282 είσιν
2760 4230 2999 4299 ἔχοντες,
3032 4232 3170 4286 ἀλλὰ
3204 4236 3302 4287 καὶ
3348 4238 3625 4308 εὐσχημό-

2055 4332 2159 4379 νως
2187 4316 2280 4369 καὶ
2309 4317 2450 4371 κατὰ
2472 4316 2636 4384 φύσιν
2664 4317 2876 4389 βιοῦσιν
2898 4321 3297 4393 εὐπετέστερον
3324 4326 3433 4381 τῶν
3454 4327 3625 4381 πλου-

2056 4405 2207 4471 σίων,
2270 4406 2334 4459 ἐκ
2383 4405 2493 4460 τῶν
2541 4407 2822 4477 σφετέρων
2862 4410 3040 4463 πόνων
3066 4412 3450 4480 ἐπαρκοῦντες
3505 4419 3624 4478 τοῖς

2052 4497 2348 4567 δεομένοις,
2380 4497 2619 4562 καὶτοὺς
2649 4501 2835 4564 ξένους
2869 4500 3256 4573 ὑποδεχόμενοι
3275 4540 3291 4566 ,
3340 4506 3623 4576 προθυμό-

2051 4587 2210 4659 τερόν
2237 4603 2296 4640 τε
2324 4589 2575 4642 ἐναύουσι
2598 4589 2729 4661 πῦρ,
2755 4590 2853 4644 καὶ
2879 4591 3024 4663 ὕδωρ
3072 4594 3277 4665 θερμὸν
3304 4596 3486 4650 αὐτῶν
3517 4615 3624 4653 κα.

2052 4678 2355 4749 ταχέουσιν,
2391 4677 2554 4747 ἐλαίῳ
2613 4696 2671 4733 τε
2698 4680 3049 4751 ἅνατρίσουσι
3093 4689 3187 4739 καὶ
3233 4688 3623 4757 περιϐάλλουσι

2053 4768 2146 4822 καὶ
2178 4768 2654 4833 ἐγκατακλίνουσι.

2125 4861 2581 4932 Παραγγείλαντα
2613 4863 2670 4915 δὲ
2708 4865 2789 4925 είς
2846 4865 3052 4919 παίδων
3091 4869 3189 4920 καὶ
3215 4869 3404 4939 κόμμα
3433 4872 3624 4938 φαινό-

2054 4968 2213 5020 μενον
2243 4951 2445 5021 ἀγαθὸν
2490 4954 2854 5023 προσελάϐετο
2886 4959 2984 5027 μὲν
3027 4965 3180 5028 παρὰ
3207 4962 3313 5013 τῶν
3365 4963 3619 5033 πατέρων

2049 5126 2183 5202 ego?)
2207 5129 2359 5202 πᾶσα
2382 5128 2673 5202 συγγραφή
2691 5146 2751 5182 τε
2773 5130 2863 5184 καὶ
2888 5130 3127 5202 ποίησις,
3150 5131 3419 5202 Νέπορές
3440 5149 3499 5185 τε
3521 5135 3622 5189 καὶ

2063 5197 2335 5272 Ὀδυσσεῖς
2354 5199 2455 5272 καὶ⁸
2488 5197 2803 5272 ’ἐντηνορες
2822 5200 2929 5272 καὶλ
2952 5197 3150 5272 οῖ’λτῶν
3201 5197 3446 5272 ρητόρων
3481 5204 3619 5254 πάν-

2047 5283 2143 5329 τες
2171 5267 2344 5340 χοροὶ,
2377 5268 2468 5319 καὶ
2504 5267 2817 5340 Πυθαγόραι
2849 5270 2944 5322 καὶ
2978 5267 3270 5334 Πλάτωνες
3285 5267 3382 5325 κάι
3410 5272 3459 5323 el
3492 5272 3619 5324 κατ’

2049 5340 2245 5398 αὐτοὺς
2280 5336 2389 5390 arra
2398 5353 2538 5399 ντες.
2726 5336 2737 5340 ⁷
3438 5370 3443 5379 .

2143 5404 2582 5486 βλΤραπεζοῦς-
2607 5407 2764 5486 πόλις
2806 5408 3055 5486 Ἑλληνὶς
3102 5413 3395 5486 οἰκουμένη
3432 5415 3490 5486 ἐν
3535 5413 3620 5486 τῷ

2050 5476 2518 5602 ᾗύξὲίνιὲὲπόντῳ,
2543 5477 2832 5533 Σινωπέων
2864 5476 3114 5537 ἀποικία.
3150 5476 3395 5551 Xintupr
3439 5476 3615 5539 Attali.

2119 5588 2134 5614 ,
2165 5586 2218 5608 ν.
2249 5586 2335 5600 --ο

2119 5616 2196 5686 (7)
2224 5618 2440 5671 Caecum
2495 5616 2767 5686 tinxerunt
2817 5630 3028 5680 veteres
3078 5622 3392 5679 divitiarum
3426 5626 3614 5680 deum.

2051 5684 2185 5745 Vide
2217 5688 2494 5759 Aristoph.
2530 5684 2670 5743 Plut.
2707 5690 2757 5744 οί
2797 5696 2859 5745 o'.
