3990 6218
337 399 539 457 cnsui

336 523 498 577 αὐτὸν
523 521 553 573 ό
575 519 684 573 τῶν
716 498 1053 587 ἱεροφαντῶν
1090 519 1346 589 μέγιστος
1382 518 1806 591 Τραπεζοῦντος
1830 517 1909 588 (8)

335 615 584 677 Δοσίθεος
615 615 761 669 πάνυ
791 629 875 667 τοι
907 613 1132 674 πολλαῖς
1162 612 1337 675 λιταῖς
1360 613 1457 666 καὶ
1478 612 1699 682 δεήσεσι
1733 612 1911 681 λόγοις

334 724 393 761 τε
419 706 586 759 αὐτὸν
610 703 953 757 ὲκπαιδεύειν
980 702 1076 758 καὶ
1098 702 1216 774 ἅμα
1261 703 1451 759 θέσθαι
1499 703 1615 757 υίδν
1647 702 1741 757 τοῦ
1771 701 1912 757 κατὰ

245 852 257 863 ,
336 799 502 867 φύσιν
537 796 956 867 ἐπικυδέστεροι)
975 812 989 828 ·
1020 797 1147 850 ἐπεὶ
1183 796 1230 848 δ’
1251 795 1400 867 αὐτῷ
1430 796 1575 850 κατὰ
1599 795 1724 850 νοῦν
1749 795 1911 866 ἐπῄει

337 891 803 960 παλινδρομήσειν
838 891 897 953 ἐς
917 889 978 942 τὸ
1016 888 1336 952 Βυζάντιον,
1373 888 1789 958 ξυνεπηγάγετο
1820 888 1913 941 καὶ

334 982 425 1037 τὸν
459 983 625 1035 παῖδα
655 983 758 1050 τῆς
780 983 982 1052 ἀρετῆς
1009 982 1071 1036 τὸ
1104 982 1304 1045 κάλλος
1334 981 1766 1054 ἐπιφερόμενον,
1792 979 1913 1050 μετ’

332 1077 396 1128 οὐ
426 1076 563 1128 πολὺ
590 1075 636 1128 δ’
668 1076 821 1143 ἄγων
849 1075 1148 1146 ἐνεχείρισε
1170 1075 1500 1147 διδασκάλῳ,
1533 1075 1625 1129 τὸν
1662 1075 1763 1145 μὲν
1798 1072 1917 1143 βίον

333 1169 676 1237 ἀδιαόλήτῳ,
704 1168 797 1221 τὸν
816 1166 876 1221 δὲ
908 1167 1116 1236 τρόπον
1155 1166 1538 1239 ἀνεπιλήπτῳ,
1585 1168 1686 1237 τήν
1741 1165 1787 1219 δ’
1813 1169 1916 1235 ἔμ-

326 1261 561 1331 πειρίαν
588 1260 924 1339 δεξιντάτῳ,
955 1255 1016 1314 εὖ
1044 1259 1189 1330 μάλα
1211 1258 1392 1325 εἰδὼς,
1435 1262 1520 1315 ὅτι
1552 1260 1621 1314 τὰ.
1642 1260 1749 1330 μὲν
1779 1259 1916 1314 ἄλλα

332 1353 447 1407 τῶν
495 1354 553 1403 ὲν
591 1350 908 1421 ἀνθρώποις
964 1350 1148 1404 καλῶν
1188 1348 1353 1419 φύσει
1380 1352 1444 1404 τέ
1493 1353 1646 1404 ἐστιν
1674 1348 1915 1405 ἀϐέϐαια

334 1445 433 1498 καὶ
459 1443 823 1515 ὀλιγοχρόνια,
860 1441 1080 1496 παιδεία
1122 1442 1181 1496 δὲ
1213 1442 1352 1514 μόνη
1382 1441 1492 1497 τῶν
1527 1444 1585 1496 ὲν
1614 1444 1749 1515 ήμῐν
1777 1442 1919 1497 ἀθά-

333 1537 502 1590 νατόν
531 1553 590 1589 τε
623 1537 719 1589 καὶ
745 1534 1142 1606 ἀναφαίρετον.

407 1711 487 1773 OE
507 1719 554 1772 δ’
584 1717 679 1772 οὖν
703 1717 888 1773 ἐπόθει
921 1717 1066 1789 μάλα
1116 1718 1316 1789 τυχὼν,
1374 1718 1571 1773 θᾶττον
1615 1719 1648 1789 ἢ
1685 1718 1822 1772 πᾶσί
1855 1733 1917 1786 γε

335 1814 462 1868 κατ’
494 1812 706 1876 ἐλπίδα,
735 1812 940 1884 μελέτῃ
970 1829 1030 1864 τε
1062 1811 1159 1867 καὶ
1186 1811 1387 1882 γνώσει
1426 1812 1520 1866 καὶ
1561 1809 1764 1881 εὐφυΐᾳ
1793 1827 1924 1864 συν·

336 1908 546 1976 αγήοχε
579 1905 797 1974 μὲντὴν
828 1905 1052 1975 πρώτην
1081 1907 1279 1975 τέχνην
1306 1905 1403 1958 καὶ
1455 1903 1765 1972 ἀναγκαίαν
1791 1905 1917 1967 ταῖς

342 2000 465 2070 μετ’
495 1999 686 2069 αὐτὴν,
716 1999 1022 2068 συναγήοχε
1052 1997 1107 2051 δὲ
1128 1997 1424 2070 ποιητικὴν
1450 1997 1554 2067 τὴν
1592 1996 1919 2067 πολυσχιδῆ,

340 2091 576 2161 εὔπορον
627 2087 798 2145 οὖσαν
831 2091 1024 2161 χρῆμα
1079 2091 1176 2144 καὶ
1204 2089 1456 2159 δαψιλὲς,
1486 2092 1557 2163 τῇ
1585 2107 1644 2143 τε
1685 2089 1924 2160 χορηγίᾳ

341 2187 441 2256 τῆς
488 2185 757 2255 γλώττης,
788 2184 868 2253 τῷ
920 2201 983 2237 τε
1032 2183 1229 2255 πλήθει
1260 2183 1370 2235 τῶν
1402 2183 1708 2253 ὀνομάτων,
1740 2183 1921 2235 πάντα

346 2275 539 2347 ita:qu
564 2275 809 2347 δηλῶσαι
834 2274 905 2327 τὰ
926 2274 1249 2346 βουλήματα
1274 2274 1377 2345 τῆς
1391 2273 1595 2345 ψυχῆς,
1624 2274 1720 2327 καὶ
1739 2274 1924 2328 ὁποῖον

341 2365 375 2434 ἣ
408 2366 569 2437 ἔργον
590 2366 624 2435 ἢ
661 2364 855 2435 σχῆμα
882 2364 915 2435 ἢ
940 2364 1110 2428 πάθος
1139 2364 1172 2426 ἢ
1205 2362 1437 2434 μέγεθος
1462 2364 1698 2427 ἕκαστος
1722 2365 1923 2432 κέκτη-

343 2475 435 2512 ται
463 2457 570 2511 τῶν
599 2458 901 2529 ἀνθρώπων
934 2458 967 2527 ἦ
1010 2458 1105 2510 καὶ
1143 2456 1305 2523 θεῶν,
1339 2456 1591 2526 ἐναργῶς
1620 2457 1802 2510 πάντα
1828 2457 1925 2510 καὶ

333 2549 520 2624 ’ῥᾷστα
544 2550 1032 2621 διασημαίνουσαν.
1080 2548 1407 2620 Ῥητορικὴν
1426 2550 1483 2602 δέ
1514 2566 1579 2618 γε
1615 2550 1716 2620 τήν
1747 2549 1924 2619 πυρὸς

347 2645 511 2715 μένος
550 2644 863 2706 πνείουσαν,
893 2643 943 2695 εί
980 2644 1074 2695 καὶ
1119 2641 1305 2713 ἱλαρὸς
1359 2640 1527 2703 αὐτὸς
1580 2643 1676 2695 καὶ
1729 2639 1926 2711 ήθικδς

343 2738 645 2805 ἐτύγχανεν
673 2736 773 2800 ὣν,
799 2734 933 2788 πολὺ
964 2734 1073 2787 τῶν
1107 2734 1285 2788 ἄλλων
1315 2733 1568 2802 διέφερεν
1616 2732 1675 2785 έν
1703 2749 1763 2785 τε
1800 2731 1926 2802 βου-

344 2823 468 2884 λαῖς
504 2823 561 2874 εν
590 2839 650 2875 τε
708 2822 887 2883 δίκαις
945 2824 1049 2876 κάν
1105 2821 1456 2889 ἐπιδείξεσιν.
1509 2823 1662 2874 Ἐπεὶ
1695 2821 1741 2874 δ’
1776 2820 1929 2891 αὐτῷ

345 2914 524 2970 ταῦτα
557 2910 673 2986 εἶχε
735 2914 919 2977 καλῶς
973 2915 1070 2968 καὶ.
1098 2910 1245 2987 ᾗπερ
1304 2915 1586 2977 ἐϐούλετο,
1617 2916 1843 2985 λογικῆς
1865 2931 1926 2968 τε

346 3009 452 3080 ήδη
487 3010 584 3061 καὶ
637 3009 834 3079 ήθικῆς
886 3008 1205 3078 ἐπεθύμησε
1250 3009 1345 3062 καὶ
1393 3010 1521 3074 τοὺς
1555 3007 1926 3079 περὶφύσεως

352 3101 597 3172 μετιέναι
625 3100 821 3168 λόγους
850 3103 947 3154 καὶ
973 3100 1151 3163 ίδεῶν,
1204 3103 1300 3154 καὶ
1328 3100 1428 3171 τῆς
1473 3097 1717 3170 ἐφέσεως
1750 3102 1930 3169 ὲπηυς

350 3194 621 3266 μοίρησεν
674 3194 733 3246 οὗ
769 3195 911 3248 πάνυ
934 3210 1017 3247 τοι
1046 3192 1228 3263 πολλῷ
1258 3194 1353 3246 καὶ
1380 3193 1469 3247 διὰ
1526 3192 1765 3264 μακροῦ.
1806 3194 1928 3246 Ἔτι

348 3299 408 3336 τε
443 3282 512 3335 αὖ
548 3284 639 3336 καὶ
670 3283 778 3335 τῶν
806 3282 1204 3353 μαθηματικῶν
1238 3284 1448 3354 τεχνῶν
1472 3286 1567 3337 καὶ
1605 3284 1930 3355 ἐπιστημῶν

351 3376 409 3426 ἐν
437 3376 499 3427 οὐ
535 3374 710 3443 πολλῷ
732 3392 836 3427 τινι
859 3376 1055 3444 χρόνῳ,
1085 3375 1353 3444 Πλήοωνα
1379 3376 1516 3445 ἔχων
1542 3376 1929 3446 καθηγεμόνα,

351 3466 419 3516 σὺ
442 3464 704 3517 κάλλιστα
728 3464 1049 3535 ξυναγήοχε.
1077 3465 1157 3518 Τὰ
1192 3464 1236 3517 δ’
1271 3465 1430 3530 ἄλλα,
1457 3465 1533 3528 ὡς
1560 3465 1794 3535 περιττὰ
1819 3468 1931 3528 τοῖς

352 3557 635 3612 οὖσεὸοὖσι
676 3559 769 3610 καὶ
820 3559 1095 3628 ἄχρηστα,
1140 3559 1253 3621 τοῖς
1293 3557 1644 3627 βουλομένοις
1676 3558 1930 3628 παρῆκεν

352 3634 660 3718 ἐπιζητεῖν.
699 3650 856 3703 Οὕτω
888 3651 954 3719 δὴ
990 3647 1083 3703 οὖν
1112 3650 1243 3721 περὶ
1265 3651 1440 3704 ταῦτα
1461 3650 1680 3722 ἔχοντος
1712 3651 1807 3704 τοῦ
1834 3653 1930 3704 ἀν·

353 3744 477 3814 δρὸς
504 3746 599 3794 καὶ
635 3744 757 3811 δίχα
803 3744 1117 3813 μερίζοντος
1173 3744 1366 3797 ἑαυτὸν
1401 3746 1468 3813 τῇ
1533 3744 1632 3814 μὲν
1670 3743 1809 3814 πρὸς
1838 3743 1930 3796 λόο

353 3852 505 3904 γους,
569 3828 644 3888 ὧν
697 3836 826 3888 ἄνευ
856 3834 1054 3903 τυφλὸς
1101 3836 1129 3886 ὁ
1161 3834 1297 3905 βίος,
1328 3838 1394 3906 τῇ
1435 3835 1492 3888 δὲ
1524 3836 1663 3907 πρὸς
1696 3838 1931 3906 ἄσκησιν

355 3926 631 3988 πολιτείας
661 3927 1025 3997 θεοπρεποῦς,
1061 3921 1201 3997 ἧκεν
1252 3928 1466 3991 ἐκεῖνος
1502 3926 1717 3996 φθάσας
1747 3928 1775 3980 ό
1806 3929 1932 3998 χρό-

355 4035 465 4082 νος,
496 4021 526 4069 ὁ
557 4021 674 4070 τοῖν
720 4021 899 4085 γενοῖν
954 4018 1238 4089 ἑκατέροιν
1271 4017 1348 4091 (9)
1403 4018 1728 4088 ἐπέραστος,
1774 4019 1833 4083 ὃς
1862 4020 1931 4073 τὰ

356 4108 700 4180 διερρωγότα
757 4108 892 4178 γένη
949 4110 1152 4177 συνῆψε
1208 4112 1302 4163 καὶ
1329 4110 1429 4180 τήν
1464 4110 1700 4163 παλαιὰν
1731 4109 1932 4181 ἔχθραν

356 4201 572 4265 ἐκείνην
626 4200 890 4252 διέλυσεν.
954 4200 1302 4270 Ἐπηγάγετο
1350 4200 1407 4253 δὲ
1453 4200 1553 4271 τὴν
1585 4202 1815 4273 εἰρήνην
1839 4202 1935 4256 καὶ

356 4292 452 4362 τὴν
474 4291 756 4361 ὁμόνοιαν,
787 4293 897 4345 τῶν
936 4295 993 4346 ὲν
1018 4292 1117 4363 βίῳ
1151 4296 1219 4347 τὰ
1250 4292 1524 4348 κάλλιστὰ
1561 4308 1625 4362 γε
1660 4294 1757 4347 καὶ
1795 4292 1933 4365 ξυμ.

356 4384 677 4454 ψορὼτατα.

429 4555 500 4613 Ὠ
533 4559 652 4622 πῶς
683 4559 952 4629 ἀδακρυτὶ
986 4560 1159 4615 ταῦτα
1189 4562 1284 4617 καὶ
1307 4564 1529 4634 μέτειμι
1552 4568 1643 4618 καὶ
1662 4562 1932 4633 attempt!

355 4651 476 4714 πῶς
528 4651 607 4704 τὼ
658 4653 908 4719 δυστήνω
966 4672 1070 4721 μου
1115 4654 1382 4724 ὀφθαλμὼ
1413 4656 1931 4727 κατεξηρανθήτην,

358 4746 452 4797 καὶ
476 4745 654 4815 φρίκη
677 4744 793 4813 (l0)
834 4746 1011 4798 πάντα
1050 4747 1307 4817 περιέσχε
1341 4749 1410 4801 τὰ
1438 4749 1576 4818 μέλη
1613 4767 1718 4819 μου
1739 4793 1753 4816 ,
1786 4748 1819 4820 ἢ
1850 4749 1936 4804 ὅτι

358 4836 419 4888 τι
451 4831 594 4905 αἷμα
625 4840 690 4906 τῇ
720 4837 783 4888 λύ
795 4854 866 4906 πῃ
905 4838 1167 4901 ξυσταλὲν
1197 4857 1264 4891 πε
1276 4840 1329 4909 ρὶ
1356 4838 1567 4905 τᾶνδον,
1595 4841 1695 4893 οὐκ
1722 4841 1934 4909 ἀλόγως

359 4928 425 4979 τὰ
446 4927 555 4992 ἔξω
576 4929 591 4946 ⁸
625 4930 1087 4997 κατεστερίφωσε.
1112 4931 1244 4983 Τότε
1274 4931 1339 5002 δὴ
1358 4928 1453 4984 οὖν
1482 4934 1561 4994 είς
1594 4932 1763 5004 ἄνδρα
1798 4949 1942 5001 παρ-

358 5020 688 5087 αγγείλαντα
750 5022 843 5075 τὸν
891 5026 1159 5089 γενναῖον,
1212 5025 1478 5093 ἀρχιερέα
1552 5026 1804 5092 γενέσθαι
1840 5026 1977 5094 τῆς.

361 5112 743 5180 πολυυμνήτου
767 5112 1024 5178 Νικαίας,
1069 5118 1166 5170 καὶ
1215 5118 1604 5187 παρεκάλεσαν
1650 5120 1745 5187 καὶ
1772 5119 1941 5189 ἠνάγ-

361 5218 556 5256 κασαν.
590 5201 657 5254 Τί
689 5204 753 5255 τὸ
785 5202 1036 5256 ἐντεῦθεν
1067 5206 1319 5277 ἀπῆρκεν
1348 5210 1404 5270 ἐς
1447 5209 1682 5262 Ἰταλίαν
1718 5211 1934 5280 σύναμα

361 5294 437 5362 τῷ
470 5296 819 5364 γαληνοτὰτῳ
847 5295 960 5366 (ll)
1005 5296 1163 5367 ἡμῶν
1194 5298 1409 5365 βασιλεῖ
1455 5303 1549 5354 καὶ
1581 5286 1658 5372 τῷ
1686 5303 1806 5356 τότε
1837 5304 1939 5367 τὰς

266 5425 283 5443 ,
361 5385 515 5454 ήνίας
572 5386 671 5455 τῆς
744 5387 1071 5457 Ἐκκλησὶας
1125 5390 1381 5458 ἰθύνοντι,
1436 5396 1530 5446 καὶ
1578 5394 1844 5467 ξυμπάσῃ
1875 5401 1936 5469 τῇ

542 5564 619 5642 QE!
647 5564 924 5642 Dositbeis
946 5572 1119 5642 variis
1152 5572 1259 5642 egit
1309 5570 1524 5628 Fabric.
1558 5574 1689 5629 bibl.
1720 5575 1815 5629 Gr.
1847 5575 1936 5642 Ill,

365 5638 415 5703 5,
441 5632 682 5711 .I‘Vol.
718 5636 781 5702 ll,
806 5655 861 5707 p.
898 5640 965 5694 88
1005 5657 1122 5711 seq.

368 5779 399 5834 ﬁ
430 5707 507 5776 (9)
534 5704 867 5763 Orientalem
896 5722 950 5765 et
992 5704 1394 5768 Océidenlalent
1433 5714 1728 5769 Ecclesium
1767 5717 1939 5785 signi-

403 5792 507 5834 cat.

403 5792 507 5835 (⁵21.

430 5850 541 5921 (to)
571 5849 752 5921 Φρίκη
788 5852 842 5906 ιι.
898 5851 932 5905 l.
985 5852 1177 5910 horror
1223 5852 1449 5911 [ειη-ἱεῖς.
1490 5853 1641 5912 Alex.
1691 5859 1933 5925 Aphrod.

1256 400 1648 462 LAUDATIO
1691 397 2088 463 FUNEBHIS
2133 400 2675 497 BESSARIONIS.

3392 418 3591 461 σικιιν

2019 519 2290 575 maximus
2322 521 2628 578 antistitum
2664 521 3060 591 Trapezuntios
3086 522 3396 588 Dosithetts,
3427 542 3591 596 quem

2021 607 2203 664 multis
2224 611 2445 667 omnino
2469 612 2725 681 precibus
2742 613 3317 684 obsecrationibusque
3332 625 3388 671 et
3411 618 3593 672 verbis

2019 697 2350 769 institueret,
2376 703 2651 774 simulque
2682 703 2737 757 in
2764 703 2930 758 ﬁlium
2956 703 3059 760 sibi
3077 705 3363 774 adoptaret
3390 716 3445 761 et
3465 707 3591 775 qui-

2020 787 2140 843 dem
2173 791 2328 862 longe
2372 793 2747 863 gloriosiorem
2786 809 2853 850 eo
2878 796 2969 864 qui
3001 796 3298 855 secundum
3339 807 3593 853 naturam

2018 884 2255 949 genitus.
2287 885 2421 940 Cum
2470 896 2646 941 autem
2685 886 2787 957 ipsi
2810 888 2883 950 .in
2928 897 3161 944 mentem
3202 890 3441 946 venisset
3494 890 3599 962 By-

2021 976 2261 1031 zantium
2284 991 2549 1044 remeare,
2574 993 2759 1033 secum
2784 978 3011 1034 adduxit
3038 988 3094 1034 et
3124 994 3351 1051 puerum
3377 981 3596 1037 virtutis
3688 1006 3703 1030 ο

2020 1070 2483 1141 pulchritudinem
2520 1086 2631 1140 prae
2664 1087 2723 1128 se
2771 1070 3072 1133 ferentem.
3124 1086 3224 1128 nec
3265 1073 3432 1130 multo
3481 1084 3602 1145 post

2024 1162 2306 1231 magistro,
2376 1161 2537 1231 cujus
2585 1162 2691 1217 vita
2740 1163 3142 1233 irreprehensa,
3191 1166 3600 1236 ineorruptique

2023 1268 2223 1317 mores,
2257 1254 2328 1309 ob
2357 1255 2754 1325 experientiam
2789 1257 3122 1326 peritissimo
3160 1257 3213 1314 in
3264 1274 3458 1315 manus
3498 1270 3603 1315 tra-

2022 1346 2180 1412 didit,
2239 1347 2484 1417 apprime
2529 1348 2710 1403 sciens
2752 1358 2946 1403 czetera
2999 1365 3119 1420 quas
3174 1360 3302 1406 sunt
3335 1352 3388 1405 iu
3428 1352 3601 1405 homi-

2023 1441 2182 1494 nibus
2200 1439 2343 1495 bona
2372 1453 2563 1510 parum
2578 1454 2701 1495 esse
2726 1440 2878 1495 ﬁrma
2903 1450 2958 1496 et
2976 1440 3281 1498 bremsimi
3313 1445 3597 1512 temporis,

2022 1533 2362 1603 disciplinam
2390 1547 2519 1588 vero
2546 1533 2597 1587 in
2632 1530 2789 1586 nobis
2817 1532 3172 1589 immortalem
3208 1550 3329 1590 esse
3380 1545 3435 1590 et
3483 1551 3603 1605 quae

2023 1626 2227 1680 auferri
2268 1635 2523 1696 nequeat.

2095 1715 2266 1771 Porro
2291 1717 2344 1771 id
2389 1718 2543 1788 cujus
2573 1733 2767 1787 magno
2798 1724 3085 1774 tenebatur
3123 1718 3402 1775 desiderio
3447 1734 3601 1776 asse-

2025 1817 2205 1873 cutus,
2235 1809 2482 1864 omnium
2516 1824 2614 1881 spe
2634 1810 2796 1866 citius
2817 1849 2837 1874 ,
2860 1810 3063 1875 studio,
3092 1810 3290 1865 mentis
3321 1812 3606 1867 accumine

2025 1911 2080 1958 et
2118 1903 2257 1958 bona
2286 1903 2466 1959 indole
2494 1903 2728 1975 primam
2762 1913 2936 1959 artem
2973 1903 3121 1959 illam
3147 1942 3163 1970 ,
3190 1905 3400 1959 caeteris
3428 1904 3607 1959 omni-

2026 1993 2130 2050 bus
2162 2010 2281 2065 quas
2317 2009 2440 2051 eam
2485 2006 2793 2066 sequuntur
2836 1996 3205 2052 necessariam
3268 1994 3607 2061 condidicit;

2026 2088 2322 2144 condidicit
2350 2099 2404 2144 et
2426 2088 2752 2160 multiplices
2781 2089 3009 2160 poeticas
3040 2099 3246 2159 partes,
3292 2096 3352 2143 ut
3378 2103 3500 2159 qua:
3532 2091 3607 2145 sit

2030 2195 2124 2237 ars
2146 2181 2392 2251 locuples
2424 2190 2479 2234 et
2508 2181 2752 2251 copiosa,
2797 2181 2991 2251 lingua:
3028 2192 3298 2252 apparatu
3332 2189 3387 2237 et
3429 2178 3611 2235 nomi-

2029 2288 2156 2327 num
2211 2272 2555 2327 multitudine
2596 2286 2787 2327 omnes
2846 2273 3010 2328 animi
3054 2288 3255 2329 sensus
3299 2273 3608 2342 exprimere

2028 2364 2233 2429 valens,
2263 2371 2317 2419 et
2343 2362 2555 2432 qualem
2584 2362 2668 2418 vel
2699 2363 3097 2433 operationem,
3121 2363 3207 2418 vel
3234 2364 3497 2430 habitum,
3522 2364 3609 2419 vel

2029 2456 2392 2521 aﬂ‘ectiouem,
2414 2456 2498 2510 vel
2522 2456 2948 2522 magnitudinem
2975 2457 3204 2512 sortitus
3233 2456 3304 2512 sit
3322 2456 3608 2513 hominum

2032 2561 2123 2605 aut
2153 2551 2315 2605 etiam
2349 2548 2577 2605 deorum
2621 2548 2997 2621 unusquisque
3024 2548 3262 2605 dilucide
3303 2549 3526 2606 omnino
3554 2554 3611 2604 et

2032 2640 2289 2696 facillime
2335 2640 2803 2697 commonstrans-r
2828 2641 2985 2697 Tunc
3038 2640 3090 2695 in
3137 2641 3434 2703 rhetorica,
3487 2656 3610 2710 quae

2030 2733 2137 2788 vim
2172 2733 2312 2803 ignis
2334 2732 2526 2804 spirat,
2548 2735 2651 2790 etsi
2680 2734 2851 2788 comis
2873 2734 2988 2804 ipse
3009 2742 3065 2789 et
3091 2743 3359 2796 moratus.
3381 2745 3610 2789 caeteros

2031 2824 2145 2879 sive
2178 2825 2229 2881 in
2259 2823 2635 2893 deliberando,
2663 2827 2783 2882 sive
2818 2827 2869 2881 in
2894 2825 3074 2881 causis
3106 2816 3371 2892 dicendis,
3405 2826 3521 2881 sive
3552 2827 3609 2881 in

2033 2918 2437 2973 demonstrandi
2472 2933 2671 2988 genere
2717 2919 2876 2989 longe
2905 2920 3219 2988 superabat.
3255 2919 3390 2976 Cum
3422 2929 3607 2976 autem

2035 3009 2147 3063 haec
2177 3008 2380 3076 optime
2414 3017 2470 3062 et
2516 3022 2583 3062 ex
2630 2990 2754 3063 veto
2786 3008 2992 3075 callttit,
3043 3008 3274 3079 logicam
3337 3024 3501 3078 porro
3551 3021 3609 3064 et

2034 3093 2268 3149 ethicam
2304 3104 2359 3148 et
2386 3107 2481 3149 eas
2514 3109 2634 3163 quae
2672 3104 2799 3151 sunt
2845 3097 2909 3151 de
2941 3104 3133 3152 natura
3169 3106 3224 3151 et
3263 3099 3400 3154 ideis
3430 3097 3610 3154 scien-

2014 3187 2140 3247 Jlas
2176 3184 2383 3241 discere
2432 3186 2485 3241 in
2537 3186 2811 3242 desiderio
2864 3187 3072 3255 habuit,
3137 3191 3293 3258 eique
3332 3205 3418 3244 res
3471 3191 3609 3246 bene

2034 3276 2333 3343 successit,
2382 3278 2514 3346 quin
2570 3286 2747 3333 tamen
2804 3279 3032 3335 multum
3088 3295 3312 3351 prorsus
3367 3297 3466 3338 nec
3518 3283 3611 3338 diu

2038 3369 2355 3425 studuisset.
2389 3368 2898 3426 Matltematicarum
2933 3387 3060 3427 vero
3090 3374 3288 3427 artium
3321 3384 3376 3429 et
3423 3376 3578 3431 sciw‘
3608 3407 3616 3417 ι

2038 3463 2259 3527 tiarum,
2305 3461 2459 3516 brevi
2497 3461 2714 3531 quidem
2746 3470 3010 3534 tempore,
3054 3463 3367 3519 Plethoncm
3408 3467 3613 3524 habens

2037 3555 2251 3622 ducem,
2285 3557 2486 3624 optima
2517 3570 2745 3627 quaeque
2776 3559 3040 3629 percepit.
3068 3556 3173 3613 Sed
3206 3559 3432 3629 reliqua,
3455 3562 3613 3632 quasi

2037 3660 2375 3714 supervacua
2404 3649 2654 3715 pietatem
2678 3649 2984 3705 colentibus
3022 3658 3079 3706 et
3115 3649 3353 3718 inutilia,
3410 3653 3475 3710 iis
3515 3654 3613 3725 qui

2039 3739 2237 3794 vellent
2270 3740 2588 3810 inquirenda
2617 3740 2842 3797 dimisit.
2875 3742 3016 3813 Ergo
3041 3744 3107 3799 iis
3140 3743 3211 3801 de
3258 3746 3418 3801 rebus
3455 3748 3524 3801 ita
3555 3760 3619 3802 se

2041 3831 2272 3887 habente
2288 3833 2404 3887 viro
2434 3842 2488 3887 et
2514 3832 2762 3889 bifariam
2791 3850 2956 3890 curas
2989 3838 3215 3905 partito,
3238 3838 3367 3894 hinc
3394 3840 3614 3910 quidem

2040 3925 2094 3979 in
2126 3925 2352 3991 litteras,
2382 3927 2501 3981 sine
2526 3927 2723 3997 quibus
2766 3944 2908 3984 caeca
2943 3940 3024 3985 est
3060 3931 3192 3998 vita,
3225 3932 3373 3989 illinc
3398 3949 3525 3991 vero
3556 3936 3613 3990 in

2039 4018 2485 4074 exercitationem
2512 4020 2741 4075 instituti
2783 4036 2894 4092 quo
2929 4021 3039 4077 Deo
3082 4023 3243 4094 digne
3276 4027 3493 4090 vivitur,
3522 4044 3617 4080 vc-

2044 4111 2123 4164 nit
2147 4113 2361 4165 tandem
2392 4121 2605 4181 tempus
2643 4112 2799 4180 illud,
2833 4114 3076 4185 utrisque
3108 4116 3321 4188 p0pulis
3344 4118 3617 4175 desidera-

2043 4204 2334 4270 tissitnum,
2373 4204 2517 4274 quod
2545 4205 2817 4274 disruptas
2867 4216 3056 4276 gentes
3086 4210 3406 4265 condonavit
3435 4222 3489 4267 et
3521 4228 3618 4266 an-

2045 4297 2247 4365 tiquam
2311 4295 2457 4349 illam
2518 4296 2767 4351 dissolvit
2820 4298 3188 4365 inimicitiam,
3240 4315 3539 4371 pacemque
3563 4315 3618 4357 et

2043 4386 2414 4453 concordiam,
2445 4402 2531 4441 res
2565 4388 2803 4443 omnium
2835 4404 2953 4457 quae
2984 4399 3110 4445 sunt
3143 4393 3194 4445 in
3226 4393 3332 4449 vita
3365 4395 3618 4464 pulcher-

2045 4478 2213 4533 rimas
2242 4488 2295 4532 et
2328 4480 2648 4535 utilissimas
2684 4483 2920 4537 reduxit.

2118 4569 2265 4625 lleu!
2293 4571 2382 4642 qui
2403 4575 2517 4628 sine
2543 4574 2795 4643 lacryntis
2826 4573 2914 4628 illa
2931 4584 3102 4633 tracto
3124 4588 3176 4632 et
3195 4594 3390 4634 enarro
3411 4578 3617 4646 ?Quam

2044 4664 2115 4719 ob
2166 4679 2385 4721 causam
2432 4665 2723 4722 miserrimi
2751 4667 2891 4721 oculi
2939 4671 3040 4722 mei
3085 4680 3210 4725 sunt
3258 4672 3532 4736 exsiccati,
3566 4682 3622 4727 et

2044 4755 2225 4810 omnia
2269 4755 2508 4811 membra
2567 4770 2688 4812 mea
2739 4758 2966 4813 horrore
3010 4759 3242 4814 coercita
3270 4800 3287 4827 ,
3342 4764 3444 4815 nisi
3489 4763 3618 4831 quia

2045 4853 2269 4919 sanguis
2312 4866 2421 4920 pra:
2474 4852 2662 4907 dolore
2722 4854 2929 4908 circum
2984 4857 3278 4925 praecordia
3334 4869 3622 4913 c0ncretus

2045 4942 2313 4998 exteriora
2345 4957 2461 4997 mea
2499 4958 2606 4998 non
2657 4946 2859 5014 absque
2920 4949 3132 5003 ratione
3189 4950 3464 5005 induravit
3494 4951 3515 5003 ?
3546 4952 3622 5006 Eo

2048 5034 2210 5103 igitur
2240 5042 2485 5102 tempore
2516 5033 2727 5091 virilem
2784 5036 2837 5089 in
2892 5046 3107 5092 mtatem
3140 5053 3485 5109 progressum
3518 5058 3620 5095 no-

2047 5123 2207 5178 bilem
2256 5133 2501 5177 nostrom
2556 5124 2751 5190 civem,
2784 5135 2843 5179 ut
2891 5127 3258 5185 celeberrimae
3288 5126 3475 5187 Nicaea:
3530 5148 3622 5185 ar-

2047 5215 2423 5284 chiepiscopus
2484 5216 2636 5272 ﬁeret
2694 5227 2751 5272 et
2808 5229 3134 5288 rogaverunt
3199 5233 3252 5276 et
3304 5239 3619 5291 coegerunt.

2050 5307 2280 5372 Exinde,
2310 5324 2410 5363 una
2441 5322 2562 5361 eum
2596 5309 2944 5365 serenissima
2973 5310 3301 5381 imperatore
3348 5327 3533 5371 nostro
3569 5326 3625 5374 et

2047 5418 2167 5455 cum
2197 5418 2261 5455 eo
2290 5401 2378 5469 qui
2403 5410 2531 5454 tunc
2553 5403 2810 5468 temporis
2838 5401 3089 5458 Ecclesia:
3113 5406 3347 5459 habenas
3380 5410 3619 5479 regebat,
3655 5433 3663 5439 α

2048 5580 2228 5633 Probi.
2258 5577 2312 5636 9.,
2352 5580 2432 5631 i6.

2121 5653 2164 5717 (i
2188 5653 2231 5717 Ι)
2261 5647 2493 5701 Joannes
2532 5650 2862 5721 Pulmnlogus
2902 5652 2988 5706 ille
3022 5672 3035 5703 :
3067 5653 3110 5706 si
3149 5655 3211 5707 de
3245 5658 3473 5711 conttiz'io
3496 5658 3624 5711 Fer-

2050 5722 2277 5773 rariensi
2328 5722 2414 5773 hic
2448 5736 2630 5773 sermo
2676 5733 2780 5783 est,
2821 5724 2912 5786 qui
2966 5734 3119 5777 certo
3153 5735 3253 5779 est.
3314 5726 3432 5783 th.
3489 5731 3623 5782 Arta

2050 5790 2210 5862 hujus
2256 5804 2379 5862 syrt.
2435 5790 2580 5862 ξῆν)
2618 5793 2867 5861 Syrnpuli
2926 5807 3045 5862 pag.
3090 5793 3177 5848 59.
3230 5796 3387 5850 Conl'.
3438 5798 3623 5852 icoucs

2048 5877 2132 5922 ap.
2173 5859 2425 5914 Lalttbct'.
2460 5858 2596 5920 Vill.
2641 5858 2691 5922 ιὶ.
2730 5863 2852 5922 504.
