3990 6218
366 351 544 394 CXXXV

362 464 595 521 cumque
626 448 769 504 omni
797 446 1088 503 Orientalis
1129 444 1377 500 Ecclesiae
1405 454 1615 506 senatu,
1643 443 1698 498 in
1723 442 1932 497 Italiam

361 542 481 598 vela
533 541 681 596 fecit.
733 539 833 604 Qui
881 553 1008 592 vero
1062 536 1188 590 illuc
1221 537 1609 600 convenerant",
1644 535 1934 589 voluerunt

365 634 582 702 utrique
619 647 683 686 ex
719 631 963 698 utrisque
1015 626 1223 696 papulis
1269 627 1500 694 optimos
1548 640 1794 696 quosque
1825 639 1938 680 sua:

364 727 608 796 ipsorum
637 738 817 779 causae
865 731 1120 789 patronos
1151 718 1332 787 deligi,
1390 727 1444 772 et
1477 718 1618 772 hunc
1665 733 1828 770 unum
1867 731 1935 771 ex

367 819 474 874 illis
503 819 558 872 in
591 817 780 887 primis
813 815 1109 882 elegerunt.
1149 812 1320 878 Quam
1364 810 1527 864 multa
1569 821 1744 864 autem
1780 809 1938 864 dixe-

372 913 462 976 rit,
493 922 760 979 quamque
804 905 964 958 multa
995 902 1376 971 conscripserit
1402 903 1454 956 in
1484 917 1636 956 sacra
1688 902 1774 955 illa
1805 899 1939 954 divi-

303 981 308 986 .
373 1003 704 1070 nissimaque
744 997 950 1068 synodo
975 996 1100 1051 etin
1130 1009 1189 1049 ea
1214 1007 1334 1062 qua:
1369 993 1470 1046 alia
1504 994 1555 1048 in
1597 1003 1747 1063 parte
1775 993 1941 1047 Italiae

368 1101 452 1147 est
481 1090 684 1156 habita,
719 1095 1004 1143 senserunt
1032 1096 1086 1141 et
1111 1087 1146 1141 ii
1195 1090 1504 1156 quicunque
1529 1094 1658 1138 tunc
1681 1084 1790 1138 illic
1812 1082 1937 1138 ade'

369 1190 514 1245 rant,
559 1189 846 1235 senserunt
877 1189 929 1233 et
975 1179 1010 1231 ii
1063 1179 1257 1247 quibus
1299 1191 1442 1230 curae
1483 1175 1699 1230 fuerunt
1727 1189 1788 1228 ea
1821 1188 1942 1243 qua:

369 1273 711 1344 postmodum
745 1282 896 1341 gesta
938 1281 1090 1335 sunt,
1119 1268 1354 1324 sentient
1378 1280 1505 1320 vero
1529 1266 1823 1320 etiamnum
1850 1265 1939 1333 qui

372 1369 573 1431 volent,
609 1381 728 1418 cum
773 1363 928 1416 liceat
962 1361 1222 1431 plurimas
1258 1368 1312 1413 et
1340 1358 1574 1427 optimas
1609 1357 1706 1410 viri
1740 1357 1946 1410 0r:ttio-'

373 1475 468 1512 nes
493 1471 653 1510 manu
689 1463 974 1523 usurpatas
1009 1452 1304 1521 perlegere.
1500 1453 1506 1461 '

444 1548 488 1600 Ο
516 1561 674 1616 quam
711 1544 864 1597 tnulti
896 1553 1022 1596 tunc
1056 1542 1108 1596 in
1136 1541 1493 1596 admiratione
1519 1548 1569 1594 te
1597 1538 1895 1593 habuerunt
1926 1537 1939 1589 ι

373 1651 534 1707 quam
569 1635 717 1688 multi
771 1642 986 1703 propter
1029 1640 1078 1687 te
1102 1631 1242 1701 genti
1275 1642 1471 1685 nostra:
1497 1631 1747 1699 gratulati
1778 1630 1939 1683 sunt!

373 1743 533 1799 quam
588 1726 735 1780 multi
787 1725 938 1795 prole
996 1722 1371 1778 felicissimum
1439 1731 1646 1793 patrem
1727 1721 1942 1776 beatum

373 1820 799 1888 pranliraverunt
827 1827 877 1870 et
908 1814 1294 1868 laudaverunt!
1330 1829 1489 1884 quam
1539 1813 1692 1868 multi
1715 1812 1945 1868 divinis-

376 1913 516 1966 simo
547 1909 828 1970 Dositheo,
855 1917 960 1960 tua:
1016 1906 1375 1961 institutionis
1396 1921 1582 1972 causa,
1613 1906 1942 1961 faustissima

375 2013 503 2058 sunt
547 1999 862 2068 apprecati!
914 1997 1082 2052 Porro
1133 2007 1350 2066 propter
1404 1996 1515 2049 hrcc
1559 2005 1614 2050 et
1656 1995 1736 2049 his
1769 1995 1945 2048 adhuc

379 2091 554 2155 plura,
587 2098 637 2140 te
674 2085 899 2140 Romani
952 2084 1243 2140 cardiualis
1295 2086 1551 2154 dignitate
1595 2086 1944 2147 decorurunt,

378 2191 433 2235 et
463 2182 681 2248 insinper
737 2189 785 2231 te
827 2177 1186 2244 putriarcham
1220 2176 1336 2246 ejus
1370 2192 1487 2246 qua:
1519 2192 1623 2232 non
1657 2177 1728 2229 ita
1778 2175 1946 2229 inulto

381 2283 562 2332 antea,
597 2271 682 2325 hei
706 2269 833 2324 mihi
857 2269 869 2321 l
896 2268 1166 2322 civitatum
1197 2268 1378 2337 regina
1403 2266 1504 2321 fuit
1532 2269 1944 2322 constituerunt.

381 2365 519 2431 Quin
555 2365 663 2417 imo
695 2362 888 2430 dignus
919 2374 977 2414 es
1005 2359 1278 2429 judicatus
1312 2359 1402 2427 qui
1449 2359 1514 2413 ad
1570 2375 1841 2413 summum
1893 2370 1948 2413 et

380 2454 778 2509 divinissimum
814 2452 1037 2506 ltomani
1079 2451 1421 2521 pontiﬁcatus
1453 2451 1658 2518 apicem
1690 2451 1947 2506 evehere-

383 2549 483 2610 ris,
529 2557 580 2604 et
627 2546 844 2616 quidem
871 2551 1090 2597 evectus
1119 2557 1271 2597 esses
1321 2542 1420 2595 nisi
1479 2541 1674 2597 fuisset
1723 2543 1948 2611 impedi?

380 2647 560 2693 mento
585 2648 782 2693 nosuae
819 2634 994 2705 gentis
1036 2633 1350 2700 infelicitas,
1383 2634 1464 2687 vel
1497 2635 1676 2703 potius
1712 2633 1801 2688 Dei
1832 2648 1947 2688 om-

387 2729 471 2783 nia
497 2728 822 2796 pervidentis
844 2727 1034 2782 oculus
1059 2725 1158 2779 alia
1194 2725 1246 2780 in
1270 2725 1508 2780 futurum
1541 2739 1804 2796 reponens
1827 2741 1946 2796 qua:

377 2822 659 2876 hominum
702 2819 926 2875 scientia
961 2832 1157 2886 capere
1193 2833 1296 2872 non
1328 2827 1520 2888 potest.

451 2913 600 2967 illum
650 2927 796 2976 vero,
845 2925 966 2965 cuin
1023 2909 1148 2965 talis
1193 2925 1258 2964 ac
1310 2919 1489 2966 tantus
1536 2918 1700 2975 esset,
1739 2919 1946 2964 natura:

379 3003 678 3058 concedere
709 3010 978 3068 coactum,
1007 3014 1074 3056 ex
1107 3001 1210 3056 hac
1266 3001 1481 3056 mortali
1523 3009 1575 3056 et
1608 3001 1943 3070 corruptibili

376 3095 486 3148 vita
521 3094 572 3146 in
607 3093 973 3160 incorruptam
995 3100 1051 3145 et
1082 3090 1437 3146 immortalem
1478 3091 1748 3146 transtulit
1769 3090 1943 3157 Deus;

379 3186 578 3255 quippe
632 3181 772 3239 haud
819 3182 965 3252 digni
1023 3180 1227 3236 luimus
1270 3182 1360 3252 qui
1404 3183 1493 3236 diu
1547 3191 1696 3235 tanto
1750 3181 1972 3242 decore.

377 3279 701 3332 fruerentur.

447 3369 565 3424 Non
591 3384 674 3422 me
694 3367 1068 3438 quidetnlatet,
1087 3365 1399 3420 amicissimi
1417 3366 1539 3432 viri,
1566 3371 1808 3425 homines
1835 3371 1949 3436 ple-

379 3475 573 3528 rosque
593 3459 794 3514 nullum
817 3458 1124 3513 existimare
1147 3457 1383 3514 dolorem
1403 3459 1670 3515 acriorem
1688 3474 1753 3514 eo
1770 3462 1861 3530 qui
1880 3464 1945 3514 ad

383 3560 612 3606 mortem
635 3549 822 3615 ducit;
857 3563 955 3619 ego
985 3560 1116 3604 vero
1144 3547 1299 3605 bonis
1334 3549 1538 3604 nullam
1573 3565 1691 3605 esse
1729 3553 1947 3605 suavio-

387 3656 498 3696 rem
523 3653 714 3696 censeo
746 3639 1074 3708 voluptatem
1107 3652 1272 3708 quam
1300 3653 1365 3694 ex
1403 3639 1502 3694 hac
1543 3640 1647 3692 vita
1679 3641 1950 3706 migratio-

384 3748 544 3798 nem;
568 3732 716 3800 quia,
745 3746 866 3785 cum
897 3729 1004 3784 sint
1024 3730 1176 3798 quasi
1207 3729 1257 3783 in
1280 3729 1643 3784 carceralibus
1666 3733 1942 3797 custodiis,

384 3821 838 3891 compedibusqne
884 3828 939 3874 et
979 3817 1261 3889 suppliciis
1291 3818 1519 3882 detenti,
1570 3820 1636 3874 ab
1669 3818 1736 3874 iis
1769 3820 1945 3874 educti

315 3920 317 3927 λ
381 3913 448 3969 ad
491 3911 850 3968 immortalem
905 3909 1459 3981 jucundissimamque
1484 3912 1648 3966 vitam
1693 3913 1944 3966 transmi-

382 4013 566 4074 grant,
594 4014 648 4056 et
675 4018 768 4057 eos
805 4002 944 4056 Deus
997 4001 1257 4070 paredros
1304 4001 1410 4057 sibi
1455 4003 1753 4068 constituit,
1805 4003 1949 4058 sedis

381 4095 519 4150 alios
552 4093 766 4162 quidem
804 4091 1035 4156 altioris,
1086 4089 1222 4145 alios
1251 4098 1432 4145 autem
1466 4089 1760 4153 inferioris,
1791 4090 1949 4158 juxta

384 4185 806 4252 uniuscujusque
837 4179 1190 4236 certaminum
1218 4192 1552 4247 mensuram,
1579 4179 1839 4249 dignitate
1869 4195 1952 4236 re-

384 4289 695 4332 munerans.

446 4366 641 4422 Verum
661 4360 895 4431 perversi
917 4361 1179 4425 homines,
1197 4361 1489 4432 voluptatis
1507 4371 1728 4416 veterno
1745 4363 1948 4432 ohruti,

385 4458 539 4530 quasi
567 4455 814 4528 graviore
853 4460 978 4522 potu
1026 4466 1122 4522 per
1155 4461 1317 4508 totam
1352 4453 1516 4506 vitam
1554 4453 1822 4519 iuebriati,
1853 4471 1951 4524 pro

320 4615 322 4617 ς
384 4544 818 4603 immarcescihili
851 4552 1004 4613 pr:th
1045 4542 1186 4598 hunc
1225 4556 1495 4598 carcerem
1524 4541 1722 4598 habent
1775 4559 1951 4615 neque

389 4640 597 4694 vincula
639 4636 860 4692 dissolvi
908 4637 1152 4706 cupiunt,
1206 4635 1406 4706 quippe
1453 4635 1543 4703 qui
1598 4635 1782 4690 intima
1838 4638 1952 4692 haec

383 4731 630 4804 supernis
657 4735 989 4799 praeportant.
1012 4726 1138 4781 Mihi
1171 4735 1347 4780 autem
1385 4741 1556 4795 neque
1582 4723 1646 4782 de
1673 4726 1753 4780 his
1779 4741 1951 4799 neque

452 4913 562 4985 (12)
591 4910 869 4985 Synoduni
910 4904 1314 4985 [errariens'e'm
1361 4905 1652 4972 signiﬁcat,
1689 4920 1740 4958 a.

382 4971 498 5042 d.‘6
525 4971 746 5038 Octobr.
791 4980 857 5032 ab
910 4974 1148 5044 Eugenio
1198 4971 1266 5028 IV
1311 4971 1585 5044 emptam,
1615 4991 1760 5029 anno
1811 4979 1948 5032 M39

383 5064 504 5126 post
552 5052 852 5126 sessionem
884 5042 1025 5126 -ξνιῖ
1053 5042 1760 5126 Florentiam;trans|a_tam.
1800 5047 1945 5126 Duca

383 5114 524 5182 Hist.
551 5123 681 5191 Byz.
711 5134 827 5185 cap.
884 5116 974 5191 5t.
1009 5129 1060 5181 p.
1109 5114 1206 5191 ll_8
1254 5129 1368 5191 Seq.
1396 5114 1453 5168 lu
1500 5116 1741 5191 sessione
1775 5116 1947 5191 prima

380 5183 715 5248 Bessariimis
744 5183 1124 5253 προσφώνημα
1157 5185 1220 5238 de
1259 5188 1456 5239 unione
1521 5183 1748 5253 incunda
1813 5186 1944 5250 (vid.

379 5264 592 5319 Fabric.
621 5258 686 5320 Χ,
713 5273 764 5326 p.
787 5257 911 5315 ιοι.
949 5257 1018 5326 ι),
1045 5252 1222 5326 thalia
1250 5252 1737 5326 quadamejustleni
1771 5257 1947 5326 oratio

379 5334 612 5388 occurrit
649 5322 724 5382 det
746 5328 959 5379 unione.
998 5323 1174 5390 (Cotti.
1213 5325 1350 5394 idem
1389 5339 1441 5393 p.
1464 5323 1590 5389 402,
1607 5322 1687 5394 2).
1712 5323 1946 5394 Pertinet

323 5419 332 5426 -
382 5407 488 5459 huc
516 5415 728 5469 quoque
755 5397 838 5469 illa
873 5394 1210 5469 Bessan-iouis
1241 5393 1492 5469 epistola,
1532 5393 1942 5469 denqnauFahr.

379 5476 457 5528 ib.
511 5460 565 5522 ti.
599 5460 654 5522 6:
685 5467 842 5522 Conf.
873 5467 937 5518 de
970 5466 1069 5516 hoc
1118 5461 1326 5515 Concil.
1361 5461 1549 5515 Labbei
1588 5461 1715 5528 Syn.
1741 5460 1941 5516 Histor.

377 5541 588 5598 Concil.
623 5540 790 5589 l’atis.
830 5534 984 5594 1661,
1019 5534 1069 5586 4.
1102 5531 1309 5588 Concil.
1341 5532 1472 5586 Coll.
1507 5530 1699 5585 Labb'ei
1732 5548 1781 5584 τι.
1809 5532 1944 5586 1672

379 5609 553 5666 absol.
584 5606 736 5660 Τυιιι.
775 5601 906 5665 XIII,
949 5605 994 5664 Ι,
1030 5603 1154 5667 ἳὸὅ,
1220 5609 1272 5656 ct
1303 5602 1564 5656 Hardnim'
1603 5601 1750 5671 (Par.
1784 5602 1940 5668 1715,

379 5680 599 5726 abso“.
635 5677 722 5726 ΙΧ.
769 5675 814 5726 ί.

379 5680 599 5737 absol.),
635 5677 722 5735 lx,
769 5677 814 5726 l.

537 5718 548 5729 .
660 5683 722 5735 ,⁷,
769 5683 814 5726 ι.

448 5683 1077 5817 3%))hliistmtinopolis
1102 5738 1320 5818 eum;
1348 5744 1455 5798 τῶν
1489 5742 1694 5798 πόλεων
1717 5757 1939 5800 sexcen-

1566 334 1986 397 MICHAELIS
2028 335 2428 396 APOSTOLII

3423 340 3615 390 ειιχνι

2039 443 2299 513 γερουσίᾳ
2331 444 2426 513 τῆς
2451 439 2772 510 ἀνατολικῆς
2800 439 3160 512 Ἐκκλησίας;
3191 442 3256 498 Οἱ
3291 442 3346 498 δὲ
3376 444 3616 512 φθασάν-

2039 552 2147 588 των
2168 533 2469 604 ἠϐούλοντο
2498 534 2631 604 παρ’
2653 533 2940 604 ἑκατέροιν
2974 533 3228 605 ἑκάτεροι
3270 539 3385 590 τοῖν
3413 542 3612 606 γενοίν,

2038 626 2163 687 τοὺς
2193 624 2447 695 ἀρίστους
2483 623 2694 678 ἑαυτῶν
2728 623 3066 694 ξυνηγόρους
3094 625 3342 696 ἑλόμενοι
3372 628 3467 680 καὶ
3488 628 3614 682 τοῦ-

2038 731 2129 766 τον
2158 713 2255 767 ἕνα
2277 713 2482 767 τούτων
2513 712 2854 784 προείλοντο,
2897 715 3008 768 Καὶ
3035 717 3138 771 ὅσα
3174 717 3272 786 μὲν
3320 713 3492 782 εἶπεν,
3516 722 3618 776 ὅσα

2037 804 2096 857 δὲ
2127 805 2502 875 ξυνεγράψατο
2525 805 2583 858 ἐν
2602 821 2661 856 τε
2682 807 2748 874 τῇ
2770 805 2889 875 ἱερᾷ
2910 807 3091 878 ἐκείνῃ
3120 810 3212 862 καὶ
3227 808 3480 880 θειοτάτῃ
3503 810 3615 881 (12)

2042 896 2244 966 ξυνόδῳ
2281 898 2337 950 ἐν
2366 913 2422 949 τε
2448 897 2583 968 ἄλλῃ
2605 914 2679 967 πη
2710 897 2809 966 τῆς
2847 897 3099 964 ⁹ιταλίας,
3130 899 3363 971 ᾔσθοντο
3397 901 3497 972 μὲν
3522 905 3620 957 καὶ

2040 988 2158 1041 ὅσοι
2188 989 2310 1042 τότε
2341 991 2598 1059 παρῆσαν
2625 989 2757 1054 ἐκεῖ,
2791 988 3022 1058 ᾔσθοντο
3050 991 3107 1044 δὲ
3136 988 3230 1058 αὖ,
3255 993 3350 1046 καὶ
3379 987 3461 1058 οἷς
3487 996 3617 1063 ἑμέ-

2039 1081 2174 1149 λησε
2195 1079 2305 1133 τῶν
2336 1081 2475 1149 μετὰ
2507 1081 2682 1133 ταῦτα
2707 1082 3112 1151 γεγενημένων,
3163 1083 3523 1155 αἰσθήσονται
3557 1086 3616 1138 δὲ

2042 1172 2138 1227 καὶ
2169 1169 2262 1225 νῦν
2287 1175 2338 1225 oi
2365 1172 2705 1243 βουλόμενοι,
2746 1171 2869 1238 ἐξὸν
2919 1172 3150 1237 πολλούς
3199 1190 3261 1227 τε
3293 1175 3391 1228 καί
3419 1176 3616 1240 καλοὺς

2043 1267 2234 1335 λόγους
2264 1266 2640 1328 ἀναλαϐόντας
2667 1263 2964 1330 διεξελθεῖν
2989 1265 3083 1317 τοῦ
3113 1265 3327 1336 ἀνδμς.

2115 1525 2184 1578 Ὠ
2216 1527 2370 1578 πόσοι
2424 1543 2482 1579 σε
2523 1527 2641 1579 τότε
2697 1527 2784 1580 διὰ
2815 1525 3095 1596 θαύματος
3137 1523 3308 1598 ἦγονί
3344 1530 3501 1585 πόσοι
3526 1532 3615 1588 διὰ

2049 1618 2106 1670 σὲ
2135 1618 2194 1670 τὸ
2224 1619 2377 1686 γένος
2403 1620 2749 1688 ἐμακάρισαν
2780 1619 2839 1672 τὸ
2862 1620 3165 1690 ὴμέτερονί
3223 1621 3380 1675 πόσοι
3401 1622 3495 1676 τὸν
3527 1625 3616 1676 εύ-

2045 1709 2365 1762 τεκνότατόν
2394 1725 2489 1762 σου
2527 1711 2742 1779 πατέρα
2764 1711 2858 1764 καὶ
2889 1710 3276 1782 εύδαιμόνισαν
3303 1714 3397 1768 καὶ
3422 1714 3620 1785 ἐπῄνει-

2050 1801 2182 1855 cavi
2210 1800 2366 1854 πόσοι
2397 1801 2635 1870 Δοσιθέῳ
2663 1801 2740 1870 τῷ
2771 1801 3033 1874 θειοτάτῳ
3061 1804 3160 1872 τῆς
3205 1808 3335 1872 περὶ
3363 1807 3422 1861 σὲ
3454 1808 3619 1878 κηδε-

2053 1895 2242 1963 μονίας
2304 1893 2493 1946 ἕνεκεν
2547 1893 2781 1965 ηῠξαντο
2826 1897 2894 1949 τά
2947 1895 3175 1965 βελτίωῐ
3212 1898 3301 1954 διά
3330 1915 3413 1952 τοι
3445 1900 3618 1956 ταῦτα

2051 1987 2145 2038 καὶ
2171 1986 2250 2038 ἔτι
2287 1985 2455 2039 πλείω
2489 2003 2553 2053 γε
2606 1986 2814 2040 τούτων
2857 1989 2953 2041 καὶ
3003 1988 3082 2060 τῷ
3114 1989 3210 2044 τοῦ
3241 1992 3612 2063 καρδηνάλεος

2050 2077 2110 2130 σὲ
2142 2075 2402 2147 Ῥωμαῖοι
2450 2079 2816 2149 τετιμήκεσαν
2862 2079 3154 2151 ἀξιώματι,
3198 2084 3288 2135 καὶ
3338 2084 3419 2136 ἔτι
3453 2101 3515 2154 γε
3541 2085 3619 2158 τῷ

2047 2167 2141 2222 τοῦ
2171 2168 2515 2240 πατριάρχου
2545 2171 2644 2239 τῆς
2680 2170 2862 2241 μικρῷ
2886 2158 3142 2243 πρόσθεν,
3169 2176 3312 2243 οἴμοι
3338 2176 3350 2227 ί
3375 2176 3622 2244 βασιλευο

2047 2261 2214 2332 ούσης
2246 2261 2358 2332 (15)
2387 2262 2496 2314 τῶν
2525 2262 2754 2318 πόλεων.
2817 2265 2958 2334 [Ιρὸς
2989 2264 3044 2318 δέ
3078 2267 3130 2334 γ’
3164 2267 3257 2320 ἐπὶ
3284 2266 3496 2332 τούτοις
3525 2272 3619 2322 καὶ

2047 2353 2197 2417 ἄξιος
2242 2353 2470 2424 ἑκρίθης
2520 2353 2636 2425 (Η)
2662 2355 2762 2423 τῆς
2785 2354 2963 2424 ἄκρας
3010 2356 3103 2409 καὶ
3145 2355 3297 2420 θείας
3331 2364 3439 2412 τῶν
3489 2359 3618 2414 Ῥωο

2050 2446 2224 2514 μαίων
2252 2446 2558 2516 ἱεραρχίας,
2615 2446 2712 2499 ml.
2745 2447 2929 2516 μέντοι
2985 2449 3083 2500 καὶ
3121 2447 3302 2516 γένοιο
3336 2451 3424 2517 ἂν,
3456 2451 3504 2503 εί
3542 2452 3619 2521 μὴ

2047 2536 2141 2589 τοῦ
2165 2537 2354 2605 γένους
2387 2537 2547 2608 ἡμῶν
2575 2540 2607 2607 ἡ
2644 2539 2996 2607 κακοπραγία
3027 2538 3271 2591 ἐκώλυσε
3297 2555 3310 2569 ·
3347 2541 3546 2608 μᾶλλον
3573 2540 3620 2594 δ’

2049 2627 2078 2679 ὁ
2108 2627 2199 2681 τοῦ
2230 2629 2366 2680 Θεοῦ
2388 2629 2854 2698 πανδερκέστατος
2894 2629 3173 2699 ὀφθαλμὸς
3206 2631 3338 2685 ἄλλα
3358 2632 3620 2698 ταμιευόν

2053 2735 2235 2786 μενος,
2263 2711 2337 2772 ὧν
2364 2719 2564 2787 γνῶσις
2597 2719 2905 2790 ἀνθρώπων
2934 2722 3222 2776 αἰσθέσθαι
3257 2724 3317 2776 ού
3343 2723 3587 2779 δύναται.

2119 2894 2374 2948 Τοιοῦτον
2422 2895 2478 2948 δὲ
2532 2895 2662 2948 ὄντα
2717 2896 2809 2950 καὶ
2840 2897 3160 2964 τηλικοῦτον
3209 2903 3272 2954 ὲκ
3320 2899 3472 2954 τοῦδε
3521 2903 3616 2955 τοῦ

2050 2987 2290 3054 φθαρτοῦ
2326 2987 2444 3056 βίου
2502 2987 2596 3040 καὶ
2628 2987 2740 3057 (1’5)
2799 2990 3068 3059 ἐπικήρου
3124 2994 3181 3053 ἐς
3211 2992 3488 3060 ἀκήρατον
3523 2995 3620 3048 atat
3675 3026 3678 3028 ~

2048 3073 2324 3143 ἄφθαρτον
2359 3075 2691 3145 μετέστησεν
2750 3079 2778 3130 ὁ
2809 3077 2940 3141 Θεὸς
2971 3082 3035 3149 τῇ
3092 3080 3254 3149 φύσει
3284 3086 3621 3154 παραχωρή-
3664 3116 3666 3119 -

2052 3183 2242 3231 σαντα,
2273 3169 2347 3230 ὠς
2379 3167 2481 3220 ούκ
2512 3168 2680 3233 ἀξίων
2711 3168 2878 3224 ὄντων
2905 3171 3084 3240 ἡμῶν,
3107 3174 3362 3228 τοσούτου
3389 3177 3620 3241 κάλλους

2049 3258 2342 3312 ἀπολαύειν
2378 3259 2544 3328 μέχρι
2567 3259 2788 3314 πολλοῦ.

2120 3344 2290 3400 Οἶσθα
2325 3350 2425 3417 μὲν
2447 3349 2558 3414 οὖν,
2587 3343 2631 3402 ὦ
2662 3349 3005 3420 ἑταιρότατοι
3045 3352 3257 3423 ἄνδρες,
3295 3352 3369 3418 ὡς
3395 3357 3442 3408 oi
3470 3355 3622 3409 πλεῖς

2051 3440 2166 3492 στοί
2198 3458 2259 3508 γε
2283 3441 2392 3493 τῶν
2419 3441 2724 3512 ἁνθρῦπων
2751 3442 2871 3496 οὐδὲ
2904 3443 3034 3511 μίαν
3055 3445 3250 3517 ὀδύνην
3281 3449 3618 3502 ἐπιπονωτὲα

2055 3546 2150 3596 ραν
2177 3531 2442 3599 ἡγοῦνται
2471 3531 2574 3599 τῆς
2601 3532 2843 3602 ἀγούσης
2877 3533 2968 3586 ἐπὶ
2997 3535 3090 3587 τὸν
3118 3534 3344 3592 θάνατον
3365 3554 3378 3569 ·
3418 3538 3535 3605 ἐγὼ
3563 3538 3620 3591 δὲ

2049 3620 2168 3672 οὐδὲ
2203 3621 2332 3684 μίαν
2366 3619 2606 3690 ἠγοῦμαι
2661 3622 2898 3690 κρείττω
2930 3639 2995 3690 γε
3049 3624 3240 3694 ἡδονὴν
3274 3626 3381 3680 τῶν
3406 3625 3616 3698 ἀνθρὼ-

2051 3727 2170 3762 πων
2223 3712 2332 3772 τοῖς
2367 3709 2591 3775 ἀγαθοῖς
2651 3711 2750 3780 τῆς
2781 3710 2877 3766 τοῦ
2931 3713 3049 3782 βίον
3085 3715 3240 3767 τοῦδε
3270 3716 3615 3786 ἀπαλλαγῆς.

2052 3803 2174 3854 Ὅτι
2202 3817 2262 3867 γε
2291 3804 2348 3854 ἐν
2376 3802 2642 3870 φρουραῖς
2671 3801 2824 3861 ὅντες
2849 3803 2941 3854 καὶ
2973 3803 3164 3867 πέδαις
3202 3805 3298 3858 καὶ
3327 3809 3620 3876 τιμωρίαις

2051 3892 2126 3953 ὡς
2158 3892 2215 3943 ὲν
2245 3890 2626 3962 δεσμωτηρίῳ,
2659 3891 2767 3944 τῶν
2797 3891 3058 3946 τοιούτων
3082 3895 3514 3964 ἀπαλλαγέντες,
3540 3900 3620 3961 εἰς

2053 3981 2317 4035 ἀθάνατον
2341 3980 2458 4052 βίον
2492 3981 2586 4034 καὶ
2614 3983 2979 4052 τερπνότατον
3035 3984 3443 4053 μεταϐαίνουσι,
3473 3989 3568 4042 καὶ
3593 3991 3622 4042 ὁ

2055 4073 2190 4136 Θεὸς
2216 4075 2233 4143 (
2245 4073 2328 4143 l6)
2363 4073 2671 4144 παρέδρους
2693 4071 2873 4142 ἐαυτῷ
2902 4077 3140 4128 ποιεῖται
3160 4075 3228 4128 δι’
3257 4075 3480 4148 ἀρετὴν,
3513 4077 3626 4147 χώσ-

2057 4183 2154 4237 ρας
2192 4184 2252 4220 τε
2277 4167 2399 4228 τοὺς
2426 4165 2525 4235 μὲν
2555 4165 2865 4236 ἀμείνονος,
2885 4166 3013 4228 τοὺς
3035 4165 3090 4218 δὲ
3115 4167 3401 4231 ἐλάττονος
3429 4169 3620 4238 ἀξιῶν,

2053 4257 2197 4312 κατὰ
2232 4258 2292 4311 τὸ
2324 4259 2523 4328 μέτρον
2547 4257 2764 4328 ἑκάστῳ
2789 4255 2883 4310 τοῦ
2909 4258 3318 4326 ἀγωνίσματος.

2127 4351 2190 4402 0t
2229 4348 2284 4402 δὲ
2313 4348 2579 4419 μοχθηροὶ
2601 4349 2710 4401 τῶν
2741 4347 3066 4420 ἀνθρώπων,
3103 4349 3192 4417 ὑφ’
3218 4350 3413 4422 ἡδονῆς
3443 4368 3623 4420 καρω-

2056 4440 2259 4506 θέντες,
2287 4439 2362 4500 ὡς
2394 4441 2459 4493 ἂν
2491 4440 2582 4494 ὑπ’
2617 4440 2969 4510 ἰσχυροτέρου
2995 4441 3239 4509 πόματος
3264 4443 3622 4512 κατεχόμενοι

2053 4531 2118 4586 δι’
2146 4532 2267 4584 ὅλου
2333 4530 2427 4586 τοῦ
2479 4529 2619 4598 βίου,
2656 4531 2927 4602 ἀκήρατον
2976 4531 3167 4601 ὥσπερ
3219 4531 3460 4602 λειμῶνα
3506 4533 3621 4587 τόδε

2062 4627 2325 4699 ἡγοῦνται
2350 4630 2407 4683 τὺ
2431 4628 2829 4699 δεσμωτήριον,
2856 4631 2952 4682 καὶ
2975 4628 3072 4696 τὴν
3103 4627 3254 4682 λύσιν
3281 4628 3390 4682 τῶν
3409 4628 3624 4697 δεσμῶν

2057 4723 2117 4775 ού
2150 4723 2490 4792 προσίενται,
2524 4720 2619 4776 ἀτε
2653 4721 2723 4774 τὰ
2755 4721 2882 4790 τῇδε
2914 4721 3160 4791 ἑλόμενοι
3180 4721 3289 4775 τῶν
3310 4724 3446 4777 ἐκεῖ.
3467 4723 3624 4791 Ἐμοὶ

1996 4904 1999 4905 ⁷
2047 4869 2157 4958 ἰίεε
2202 4917 2230 4957 a
2285 4901 2484 4968 Graecis
2521 4899 2842 4968 appellatur.
2893 4897 3012 4953 Vid.
3071 4897 3284 4968 Niceros
3341 4899 3395 4953 in
3433 4899 3624 4953 Alexio

2054 4972 2334 5026 Murzullo.
2369 4967 2586 5038 Niceph.
2616 4967 2886 5038 Callistus
2937 4968 3148 5038 praafat.
3173 4967 3451 5023 Constant.
3490 4969 3617 5023 Mu-

2055 5044 2226 5096 uassis
2251 5040 2448 5110 Annal.
2487 5037 2708 5110 passim.

2125 5112 2238 5181 (14)
2285 5105 2517 5181 Futurus
2549 5119 2669 5176 post
2717 5105 2868 5181 Pium
2926 5107 2992 5172 ll,
3035 5124 3180 5181 anno
3217 5108 3374 5170 146i.
3427 5109 3503 5181 (εί.
3551 5110 3618 5164 N

2052 5179 2584 5250 Ang.)'del‘unctunt,
2618 5179 2881 5250 pontil'egt__
2907 5180 3171 5250 maximus
3215 5191 3350 5250 erat,
3388 5179 3488 5250 nisi
3527 5195 3622 5248 pa-

2051 5245 2468 5313 rum'ol'ticiosa,
2511 5256 2568 5302 ut
2619 5245 2790 5310 aiunt,
2821 5245 3030 5302 Nicolai
3082 5246 3284 5302 Pcrotti
3339 5245 3627 5304 admisit)-

2052 5322 2191 5374 nalis
2222 5319 2302 5372 sui
2341 5317 2660 5372 morositate
2704 5317 3062 5370 cardinalinm
3095 5318 3308 5374 animos
3350 5334 3380 5372 a
3407 5331 3468 5372 se
3497 5321 3628 5373 alie-

2049 5400 2256 5448 nasset.
2291 5387 2357 5450 Χ,
2393 5403 2443 5454 p.
2477 5387 2603 5442 401.

2123 5459 2235 5527 (l5)
2267 5457 2386 5527 Vid.
2413 5456 2652 5511 Fischcri
2689 5455 2860 5527 V._C|.
2896 5454 3013 5510 Ind.
3051 5457 3116 5511 ad
3151 5456 3338 5512 Escb.
3375 5459 3513 5512 Dial.

2122 5524 2233 5599 (ιο)
2273 5525 2715 5599 Notissimusille
2745 5524 2982 5599 Orientis
3003 5542 3120 5581 mos
3151 5529 3420 5598 παρεδρίᾳ
3454 5529 3630 5583 hono-

2050 5595 2224 5654 raudi‘
2258 5598 2478 5658 «uncos.
2536 5595 2552 5649 |
2616 5596 2745 5658 Reg.
2796 5611 2854 5658 ιι,
2925 5595 3009 5652 l9.
3055 5595 3290 5652 (ὲοηίζοί
3329 5595 3407 5661 υ,
3438 5599 3628 5652 Matth.

2051 5685 2186 5730 χχιι,
2223 5669 2314 5729 44,
2347 5667 2608 5738 ίιιψτὲηιίε
2638 5664 2888 5738 Knappji
2908 5665 3088 5738 νέῖι,
3116 5666 3302 5738 Progr.
3331 5672 3393 5722 de
3418 5671 3634 5724 Lhristo

2049 5740 2116 5798 ad
2143 5743 2382 5794 dextram
2417 5737 2505 5790 Det
2537 5738 2776 5801 sedcntc.
2797 5733 2941 5790 Halat:
2967 5735 3119 5801 1790,
3153 5739 3204 5792 4.
