3990 6218
365 348 593 391 σιικνΊι

1188 342 1201 357 ’
1294 337 1692 399 LAUDATIO
1720 329 2114 396 FUNEBRIS
2157 333 2702 402 BESSARIONIS.
3381 353 3626 397 cum"

365 452 428 508 δὲ
461 452 563 507 νῦν
609 453 671 507 οὗ
722 450 1113 524 περὶτούτων,
1135 452 1258 507 οὐδὲ
1302 452 1433 523 περ)⁸
1469 451 1579 507 τῶν
1604 449 1888 514 τοιούτων,
1921 443 1949 496 ὃ

2071 447 2128 508 de
2159 454 2357 513 talibus
2382 466 2468 515 est
2508 472 2710 517 sermo.
2741 458 2848 516 Sed
2878 458 2971 530 qui
2992 472 3103 529 pra
3122 462 3355 517 terrenis
3384 463 3625 519 calcatis

366 545 552 615 λόγος.
594 545 738 599 Ἀλλ’
758 545 808 599 ei
834 543 943 598 τῶν
968 544 1094 615 τῇδε
1119 546 1342 599 τάκεῖσε
1376 544 1712 616 προείλοντο,
1744 537 1827 607 οἷς
1859 558 1950 610 γε,

2071 552 2467 623 iraaelegerunt,
2528 553 2634 608 nisi
2685 551 2740 608 id
2784 553 2949 609 etiam
2996 553 3053 610 in
3083 566 3145 608 ea
3176 554 3263 611 sui
3315 565 3469 624 parte
3505 572 3626 625 qua

374 638 425 690 si
465 636 545 708 μὴ
581 637 677 691 καὶ
733 636 930 706 βλάϐος
960 635 1077 707 (Π)
1128 632 1198 708 ἦν
1254 636 1496 707 μάλιστα
1543 637 1600 690 ὲν
1649 634 1728 705 τῷ
1770 631 1952 689 αὐτῶν

2071 646 2229 699 totior
2257 654 2343 698 est
2376 645 2613 699 maximo
2636 654 2783 700 esset
2804 645 3154 710 detrimento,
3180 649 3483 705 sexcenties
3505 661 3627 706 sese

375 728 671 799 κρείττονι,
694 727 957 801 μυριάκις
991 728 1059 784 ἂν
1083 728 1178 783 τοῦ
1210 729 1464 800 σώματος
1496 726 1871 798 ἀπελύθησαν,
1895 727 1965 809 ἐς⁹

2071 747 2237 790 ’ποι-ο
2272 733 2571 800 exuissent,
2596 734 2988 791 divinissimam
3018 737 3186 793 vitam
3213 746 3271 794 et
3297 738 3480 795 sedem
3508 753 3626 795 sor-

376 819 495 890 βίον
526 822 622 875 καὶ
650 821 828 892 χῶρον
858 820 1137 876 θειότατον
1162 821 1507 893 βιωσόμενοι.
1558 819 1731 874 Τοῦτο
1773 819 1818 873 δ’
1852 818 1955 873 οὐκ

375 914 443 968 ἄν
475 931 559 976 τις
594 913 832 984 ἐζήτησε
865 914 969 975 τὴν
998 912 1199 985 ἀρχὴν,
1233 914 1285 967 εί
1314 913 1393 985 μὴ
1427 913 1489 967 τὸ
1517 912 1577 966 ὲν
1612 913 1746 984 ἡμῖν
1771 913 1955 983 κρεῖτ-

374 1021 471 1057 τον
501 1003 769 1059 ἀθάνατον
804 1003 1217 1075 ὑπελάμϐανεν.

452 1118 578 1172 Ὀτι
614 1117 672 1171 δὲ
703 1118 767 1172 τδ
790 1118 850 1172 ὲν
874 1119 1009 1188 ἡμῖν
1037 1116 1287 1190 κρεῖττόν
1315 1132 1375 1172 τε
1400 1119 1494 1170 καὶ
1516 1115 1793 1185 θειότερον
1817 1113 1957 1185 μετά

378 1212 480 1283 τὴν
517 1211 612 1265 τοῦ
643 1210 765 1281 βίου
820 1210 974 1264 τοῦδε
1007 1209 1332 1281 ἀπαλλαγὴν
1384 1210 1658 1267 ἀθάνατον
1683 1207 1954 1278 διαμένει,

384 1304 599 1367 πολλοῖς
628 1320 689 1356 τε
715 1303 898 1367 ἄλλοις
926 1302 1017 1357 διὰ
1050 1302 1277 1373 μακρῶν
1302 1302 1599 1372 δεδήλωται
1625 1301 1825 1371 λόγων,
1865 1297 1960 1352 καὶ

382 1394 540 1462 ἡμῶν
581 1394 759 1461 τοῖσδε
804 1395 993 1463 οτομαι
1025 1395 1100 1455 ὠς
1132 1393 1233 1446 οὐκ
1283 1392 1483 1461 ἄδηλον
1517 1391 1695 1458 ἐσται,
1743 1392 1857 1454 τοῖς
1894 1407 1958 1459 γε

380 1487 615 1557 βραχέσι
634 1488 726 1541 καὶ
754 1486 973 1556 πένησι.
1006 1484 1229 1557 Πρῶτον
1264 1485 1364 1554 μὲν
1401 1485 1466 1554 δὴ
1493 1525 1509 1549 ,
1543 1485 1627 1538 ὅτι
1650 1482 1989 1555 ἀρχαιότατ

378 1597 477 1633 τον
504 1580 565 1633 τὸ
601 1579 778 1648 δόγμα
803 1578 965 1634 τοῦτο
991 1580 1086 1632 καὶ
1115 1577 1583 1650 πολυθρύλλητον,
1616 1577 1716 1649 οὐχ
1743 1577 1826 1631 ὃτι
1849 1577 1961 1638 τοῖς

382 1673 602 1735 πολλοῖς
625 1672 721 1728 καὶ
750 1670 1030 1741 ἀδοκίμοις
1055 1669 1163 1724 τῶν
1200 1686 1261 1723 τε
1319 1668 1704 1740 παλαιοτέρων
1742 1667 1853 1721 τῶν
1902 1682 1961 1721 τε

381 1765 670 1833 νεωτέρων
699 1760 892 1830 γενῶν,
916 1760 1054 1816 ἀλλὰ
1076 1761 1172 1815 καὶ
1196 1761 1309 1823 τοῖς
1341 1761 1611 1824 πλείστοις
1632 1760 1728 1814 καὶ⁵
1751 1758 1963 1811 εὐδοκι-

385 1854 661 1924 μωτάτοις
678 1854 786 1907 τῶν
813 1853 920 1908 ὑπὸ
956 1853 1127 1923 ἥλιον.
1150 1849 1265 1917 Οἷς.
1292 1854 1341 1907 εί
1374 1855 1449 1924 μὴ
1481 1851 1638 1907 τοῦτό
1660 1868 1722 1919 γε
1771 1848 1963 1904 δοκοῦν

379 1943 476 2017 ἦν,
507 1947 707 2002 οὔτ’ἆν
734 1948 860 2011 τοὺς
887 1947 1112 2008 δικαίως
1135 1947 1260 2019 τῇδε
1294 1947 1388 2000 καὶ
1413 1945 1576 2009 ὁσίως
1606 1944 1959 2015 βεϐιωκότας,

381 2040 614 2093 ἔπειδάν
680 2039 1054 2103 ἀποθάνωσιν,
1093 2042 1155 2103 ἐς
1204 2040 1455 2093 Ἠλύσιον
1487 2037 1670 2092 πεδίον
1701 2039 1960 2099 ἀπιόντας

381 2133 559 2186 οἰκεῖν
609 2135 672 2186 ἐν
701 2132 853 2203 πάσῃ
883 2131 1205 2203 εὐδαιμονίᾳ
1235 2132 1412 2200 λύπης
1450 2131 1604 2194 ἐκτὸς
1641 2131 1731 2185 καὶ
1778 2129 1963 2183 κακῶν

384 2223 644 2278 ἁπάντων
679 2222 962 2289 ἐδόξαζον,
984 2222 1110 2277 οὔτε
1152 2225 1267 2287 τοῖς
1294 2223 1603 2293 οίχομένοις
1663 2220 1963 2289 θεραπείας

390 2316 758 2386 προσέφερον,
797 2315 913 2370 οὔτ’
947 2315 1077 2370 ἀλλο
1116 2332 1182 2384 γε
1210 2315 1391 2370 ὁτιοῦν
1421 2315 1596 2383 ἔδρων
1626 2316 1693 2368 ἂν
1716 2314 1826 2368 τῶν
1863 2315 1965 2368 ὅσα

383 2410 503 2471 τοῖς
532 2408 962 2479 ἀπογενομένοις
990 2406 1288 2479 ξυμφέρειν
1322 2406 1683 2477 νομίζουσιν.ι

461 2591 697 2645 Ἔπειτα
726 2591 776 2644 εί
803 2590 879 2661 μὴ
903 2589 1061 2644 τοῦτὸ
1082 2605 1146 2658 γε
1171 2583 1240 2660 ἦν
1259 2587 1433 2652 οὕτως
1463 2588 1610 2658 ἕχον,
1642 2587 1756 2641 οὔτ’
1786 2588 1850 2642 ἄν
1880 2604 1965 2650 τις

386 2679 488 2735 τοῦ
523 2679 671 2734 Θείου
704 2699 757 2734 τι
786 2679 1086 2751 νενομίκοι,
1127 2676 1241 2731 οὔτ’
1300 2678 1368 2732 ἂν
1400 2677 1583 2740 αἰτίας
1620 2676 1832 2746 ξυνείη,
1869 2676 1967 2728 καὶ

390 2773 583 2843 μέντοι
629 2773 742 2828 οὔτ’
783 2773 1042 2845 ἀπειρίας
1092 2771 1206 2825 οὔτ’
1234 2771 1444 2839 ὲφίοιτο
1498 2768 1603 2836 τῆς
1634 2768 1961 2837 ἀῖδιότητος.

390 2864 570 2919 Τοῦτο
595 2866 653 2919 δὲ
686 2865 844 2937 δῆλον
880 2866 991 2929 τοῖς
1031 2865 1096 2917 ὲκ
1122 2862 1217 2918 τοῦ
1244 2861 1445 2925 παντὸς
1474 2860 1669 2923 αἰῶνος
1696 2859 1967 2929 γεννωμέ-

392 2976 508 3023 νοις
528 2976 587 3013 τε
615 2959 737 3030 ἅμα
759 2960 856 3013 καὶ
882 2958 1187 3030 οίχομένοις
1220 2953 1549 3026 ἀνθρώποις.
1588 2954 1653 3008 Ἦ
1682 2953 1831 3024 ψυχὴ
1858 2952 1968 3023 ἀρα

390 3050 672 3107 ἀθάνατον
700 3052 797 3105 καὶ
822 3051 1014 3109 ἀΐδιον.

475 3166 621 3231 Ἐτι,
650 3165 803 3220 οὐδὲν
860 3164 969 3219 τῶν
998 3165 1169 3219 ὄντων
1197 3164 1333 3219 αὐτὸ
1374 3165 1538 3218 ἐαυτδ
1570 3163 1824 3234 φαίνεται
1851 3163 1971 3216 δια-

396 3256 622 3328 φθεῖρον
641 3256 987 3326 αὐθαίρετον.
1015 3257 1137 3310 Τῶν
1165 3256 1211 3311 δ’
1244 3256 1551 3327 ἀνθρώπων
1586 3256 1726 3315 εἰσὶν
1758 3255 1807 3309 οἳ
1845 3254 1972 3308 ἑαυ-

395 3351 525 3412 τοὺς
554 3348 979 3403 ἀποκτιννύουσί
1000 3366 1062 3403 τε
1092 3348 1190 3403 καὶ
1221 3348 1627 3420 διαφθείρουσι.
1674 3348 1868 3417 Δῆλον,
1888 3347 1970 3399 ὅτι

396 3441 669 3495 ἀθάνατον
720 3442 756 3512 ἡ
804 3442 975 3512 ψυχή.
1030 3441 1094 3496 El
1118 3440 1229 3511 γὰρ
1262 3440 1359 3511 μὴ,
1395 3440 1497 3493 οὐκ
1523 3439 1589 3493 ἂν
1622 3440 1650 3493 ό
1681 3438 1970 3509 ἄνθρωπος

396 3533 542 3587 ἑκὼν
563 3528 706 3586 εἶναι
723 3531 888 3603 ῶρμα
910 3530 1006 3587 ἐπὶ
1031 3534 1126 3589 τὸν
1158 3532 1288 3587 ῐδιον
1312 3532 1556 3604 ὄλεθρον.
1585 3531 1695 3587 Νῦν
1724 3531 1782 3584 δὲ
1811 3532 1972 3584 τοῦτο

396 3626 523 3701 δρᾷ,
555 3623 736 3688 εἰδὼς,
757 3627 840 3680 ὅτι
874 3628 938 3679 τὸ
964 3625 1308 3696 κυριώτατον
1336 3626 1502 3679 αὐτοῦ
1526 3625 1621 3679 καὶ
1650 3625 1679 3677 ὃ
1711 3623 1776 3694 δὴ
1806 3622 1971 3686 αὐτός

401 3720 572 3785 ἔστιν,
602 3718 702 3787 οὐχ
725 3718 874 3783 ὅπως
894 3718 976 3772 ὅτι
1016 3717 1335 3786 ξυνίσταταί
1362 3734 1423 3771 τε
1474 3718 1569 3771 καὶ
1620 3716 1967 3781 διασώζεται,

398 3809 539 3864 ἀλλά
567 3809 663 3863 καὶ
697 3810 832 3880 πρὸς
859 3810 1106 3880 ἀμείνοσι
1134 3809 1252 3864 τῶν
1280 3808 1411 3881 τῇδε
1457 3807 1766 3879 διατριϐαῖς
1796 3808 1972 3881 ἀπορ-

400 3899 573 3970 ραγὲν
602 3898 706 3969 ἤδη
744 3898 984 3966 γίνεται.

476 4013 600 4066 Ἔτι
633 4014 742 4066 πᾶν
773 4012 836 4066 τδ
865 4011 941 4084 μὴ
966 4012 1072 4066 ὑπὸ
1091 4013 1190 4083 τῆς
1219 4013 1357 4077 ἰδίας
1387 4012 1583 4076 κακίας
1612 4012 1971 4085 φθειρόμενον

398 4102 684 4173 ἇφθαρτόν
715 4101 888 4158 ἐστιν.
934 4103 1002 4156 Ἡ
1030 4103 1089 4157 δὲ
1137 4102 1289 4175 ψυχὴ
1318 4102 1424 4157 ὕπὸ
1453 4103 1554 4174 τῆς
1600 4103 1739 4169 ιδίας
1773 4104 1971 4168 κακίας

394 4194 461 4245 οὐ
490 4192 777 4262 φθείρεται
800 4208 815 4224 ⁸
847 4192 1027 4262 ψυχῆς
1056 4191 1113 4245 δὲ
1149 4192 1319 4247 κακία
1358 4192 1555 4258 δειλία,
1596 4193 1813 4261 φθόνος,
1840 4195 1973 4247 ἁκο-

400 4281 587 4344 ὶασία,
652 4282 750 4337 καὶ
810 4281 948 4335 ἀλλα
983 4280 1086 4334 ὅσα
1142 4280 1478 4351 τυγχάνουσι
1534 4281 1759 4337 τοιαῦτα
1816 4284 1969 4337 ὂντα.

403 4373 724 4444 ’Δφοαρτον
747 4374 860 4444 (l8)
892 4373 1001 4446 ἀρα
1024 4375 1061 4444 ὴ
1096 4373 1249 4445 ψυχὴ
1279 4376 1374 4429 καὶ
1396 4373 1685 4431 ἀθάνατον.

477 4573 605 4627 Ἔτι
639 4576 750 4628 πᾶν
795 4573 857 4627 τὸ
915 4570 1277 4643 αὐτοκίνητον
1324 4574 1412 4628 ἀεὶ
1440 4575 1681 4645 κινητὸν,
1710 4573 1771 4628 τὸ
1802 4574 1859 4629 δὲ
1888 4575 1977 4629 ἀεὶ

406 4666 625 4737 κινητὸν
652 4667 955 4731 ἄπαυστον,
987 4666 1047 4721 τὸ
1075 4665 1132 4721 δὲ
1155 4665 1436 4724 ἄπαυστον
1487 4666 1873 4737 ἀτελεύτητον,
1914 4668 1977 4722 τδ

405 4760 461 4813 δὲ
520 4759 885 4829 ἀτελεύτητον
942 4758 1235 4815 ἀθάνατον.
1298 4760 1369 4813 Ἥ
1419 4759 1478 4813 δὲ
1524 4760 1673 4832 ψυχὴ
1706 4761 1977 4819 τοιοῦτον.

418 4850 718 4904 ’Δθὰνατον
748 4850 859 4920 ἄρα
909 4850 1006 4905 καὶ
1063 4849 1446 4922 ἀτελεύτητον,
1470 4851 1568 4905 καὶ⁵
1612 4853 1680 4905 ὲκ
1707 4851 1901 4905 τούτου
1921 4852 1978 4905 δὲ

406 4941 566 5008 δῆλον
593 4942 697 4994 ἔτι.
724 4941 919 4995 Πολλοὶ
944 4942 1053 5011 γὰρ
1082 4941 1192 4997 τῶν
1219 4942 1698 5013 ὑπεκχωρούντων
1719 4943 1813 4997 τοῦ
1845 4944 1975 5015 τῇδε

2054 823 2227 880 tituri.
2265 821 2379 878 Hoc
2417 830 2597 878 autem
2639 839 2667 878 a
2703 825 2973 897 principio
3002 825 3186 884 nullus
3226 821 3634 899 inquisivisset,

2055 915 2155 971 nisi
2179 930 2302 971 esse
2329 915 2632 971 immortale
2661 916 2712 972 id
2738 916 2884 989 quod
2907 918 2965 973 in
2994 918 3154 974 nobis
3179 925 3263 974 est
3289 918 3625 988 praecipuum

2053 1007 2413 1064 existimaret.

2130 1120 2301 1178 Porro
2330 1121 2606 1177 meliorem
2631 1122 3063 1196 divinioremque
3092 1127 3262 1197 nostri
3293 1135 3499 1198 partem
3522 1116 3642 1201 ἰηισῖ

2057 1210 2341 1267 mortalem
2369 1227 2713 1282 permanere,
2764 1223 2820 1271 et
2869 1230 2899 1270 a
2948 1217 3136 1273 multis
3167 1217 3285 1274 aliis
3312 1230 3410 1289 per
3442 1206 3641 1291 longas

2058 1304 2501 1360 ratiocinationes
2526 1304 2959 1362 demonstratum
2990 1317 3093 1375 est,
3126 1318 3181 1365 et
3214 1323 3308 1378 per
3343 1311 3508 1364 hasce
3533 1290 3643 1364 tto—1

2058 1403 2221 1460 stras,
2257 1396 2447 1451 breves
2500 1395 2626 1452 licet
2668 1405 2724 1452 et
2757 1411 2953 1466 egenas
3004 1399 3146 1454 baud
3205 1400 3488 1455 inevidens
3512 1399 3632 1455 fore

2060 1485 2316 1543 arbitror.
2353 1487 2590 1543 Primum
2619 1489 2865 1560 quidem,
2899 1491 3026 1562 quia
3060 1490 3492 1561 antiquissimum
3524 1500 3628 1556 est,

2062 1579 2164 1633 hoc
2197 1578 2391 1649 dogma
2414 1587 2467 1634 et
2506 1579 2800 1635 multorum
2833 1595 2929 1635 ore
2966 1580 3455 1636 celebratissimum
3477 1621 3491 1645 ,
3522 1595 3635 1635 non

2061 1674 2237 1726 solum
2265 1671 2406 1739 apud
2453 1672 2695 1743 vulgaria
2728 1681 2783 1728 et
2832 1671 3111 1743 ignobilia,
3163 1672 3281 1729 sive
3308 1672 3631 1733 vetustiora.

2060 1762 2177 1817 sive
2201 1761 2505 1816 recentiora
2541 1760 2820 1817 hominum
2858 1775 3078 1832 genera,
3128 1762 3222 1817 sed
3261 1769 3315 1817 et
3343 1762 3484 1830 apud
3541 1770 3636 1817 eas

2059 1865 2248 1927 gentes
2276 1869 2397 1923 qua
2418 1855 2521 1910 sub
2549 1854 2667 1911 sole
2692 1863 2818 1911 sunt
2849 1855 3111 1926 plurimas
3127 1862 3184 1910 et
3207 1853 3633 1909 laudatissimas.

2061 1944 2267 2011 Quibus
2295 1944 2397 2000 nisi
2427 1944 2480 2000 id
2512 1953 2657 2001 esset
2702 1943 3196 2016 persuasissimum,
3216 1958 3386 2014 neque
3416 1957 3511 1998 eos
3542 1942 3636 2007 qui

2058 2034 2202 2104 iuste
2243 2042 2298 2090 et
2341 2044 2530 2092 sancte
2577 2036 2849 2102 vixerunt,
2901 2042 3023 2105 post
3069 2034 3274 2090 obitum
3317 2034 3370 2088 in
3424 2031 3637 2105 Elysios

2059 2141 2283 2197 campos
2338 2126 2623 2195 abeuntes,
2682 2128 2738 2183 in
2788 2124 3079 2183 onnimoda
3121 2125 3381 2182 felicitate
3430 2123 3635 2180 doloris

2060 2219 2434 2288 malorumque
2456 2218 2696 2273 omnium
2723 2231 2946 2274 securos
2972 2215 3223 2271 habitare
3253 2214 3630 2284 opinarentur,

2059 2326 2238 2380 neque
2291 2310 2563 2365 defunctis
2610 2308 2933 2364 adhiberent
2980 2306 3264 2377 obsequia,
3325 2320 3426 2359 nec
3476 2303 3636 2373 quid-

2059 2418 2220 2472 quam
2276 2401 2420 2457 aliud
2476 2415 2664 2456 eorum
2715 2413 2835 2469 qua:
2903 2397 3142 2455 mortuis
3191 2395 3441 2452 conferre
3486 2393 3635 2449 arbiu

2063 2503 2356 2550 trarentur.

2136 2586 2355 2647 Deinde,
2387 2585 2489 2640 nisi
2532 2585 2606 2639 ita
2636 2597 2695 2640 se
2720 2596 2806 2638 res
2835 2582 3093 2649 haberet,
3126 2580 3309 2636 nullus
3338 2578 3635 2649 quidquam

2060 2679 2227 2734 divini
2246 2678 2599 2744 existimaret,
2618 2690 2791 2746 neque
2810 2689 3028 2743 causam
3048 2672 3390 2743 intelligeret,
3410 2672 3638 2739 ideoque

2064 2784 2163 2826 nec
2191 2770 2473 2825 inﬁnitatis
2500 2783 2598 2825 nec
2635 2768 2955 2826 aeternitatis
2995 2766 3269 2824 desiderio
3300 2765 3633 2821 afﬁceretur.

2064 2861 2175 2918 Hoc
2207 2871 2389 2916 autem
2438 2860 2661 2915 evidens
2705 2858 2961 2915 omnibus
2983 2859 3076 2929 qui
3106 2870 3341 2927 unquam
3372 2869 3445 2910 ex
3486 2855 3638 2910 omni

2064 2967 2179 3010 tero
2210 2954 2320 3006 nati
2351 2960 2480 3006 sunt
2504 2960 2559 3004 et
2591 2949 2917 3004 interierunt
2945 2947 3277 3003 hominibus.
3309 2941 3637 2999 Immortalis

2065 3059 2192 3118 ergo
2214 3054 2271 3100 et
2304 3044 2629 3112 sempiterna
2657 3050 2739 3097 est
2768 3039 2968 3094 anima.

2134 3161 2403 3218 Praeterea
2431 3160 2629 3215 nullum
2650 3159 2833 3214 videas
2853 3132 3045 3212 eorum
3087 3168 3208 3225 quae
3236 3154 3363 3210 sunt
3397 3153 3635 3222 seipsum

2066 3257 2209 3312 ultro
2241 3242 2572 3321 interimere.
2596 3249 2768 3306 Porro
2797 3263 2863 3305 ex
2897 3247 3208 3304 hominibus
3239 3252 3366 3302 sunt
3410 3244 3500 3314 qui
3533 3241 3637 3297 sibi

2066 3349 2167 3420 ipsi
2199 3362 2391 3403 manus
2426 3344 2666 3399 inferunt
2688 3351 2744 3398 et
2785 3350 3011 3397 mortem
3039 3344 3317 3410 oppetunt.
3354 3335 3506 3391 Patet
3532 3335 3637 3389 im-

2068 3440 2348 3497 mortalem
2384 3453 2501 3494 esse
2528 3436 2759 3491 animam
2785 3452 2801 3502 ;
2830 3434 2913 3490 sin
2938 3434 3139 3497 minus,
3171 3432 3332 3487 homo
3358 3443 3635 3500 nunquam

2068 3533 2344 3604 proprium
2373 3530 2426 3585 in
2453 3528 2731 3584 interitum
2761 3526 2936 3583 libens
2988 3524 3239 3581 irrueret.
3262 3520 3417 3577 Nunc
3457 3529 3635 3575 autem

2067 3628 2170 3681 hoc
2206 3623 2354 3691 facit,
2378 3623 2556 3680 sciens
2588 3621 2640 3677 id
2670 3608 2821 3690 quod
2865 3619 2921 3675 in
2956 3630 3015 3673 se
3036 3615 3363 3688 praecipuum
3399 3622 3503 3686 est.
3526 3612 3635 3665 imo

2065 3718 2119 3774 id
2151 3718 2293 3788 quod
2322 3725 2405 3774 est
2435 3717 2569 3786 ipse,
2603 3730 2709 3769 non
2737 3713 2911 3771 solum
2945 3718 3200 3766 constare
3226 3715 3279 3762 et
3296 3719 3636 3777 permanere,

2065 3811 2159 3866 sed
2189 3810 2255 3865 ad
2288 3808 2543 3863 meliores
2566 3821 2729 3877 quam
2762 3818 2884 3875 quae
2932 3801 3020 3858 hic
3052 3807 3179 3857 sunt
3203 3797 3383 3864 sedes,
3409 3795 3638 3864 abrupto

2067 3899 2428 3969 vittculo,jam
2462 3908 2816 3953 transmeare.

2139 4015 2369 4087 Insuper
2415 4013 2466 4067 id
2498 4025 2659 4068 omne
2692 4008 2834 4081 quod
2864 4022 2963 4079 per
2998 4006 3275 4080 proprium
3308 4002 3494 4058 vitium
3528 4016 3633 4055 non

2068 4108 2382 4165 dissolvitur
2439 4100 2844 4172 ineorrttptibile
2910 4107 3027 4165 est;
3098 4095 3247 4166 atqui
3310 4092 3487 4146 anima
3542 4104 3637 4158 per

2070 4201 2347 4272 praprium
2384 4199 2569 4255 vitium
2607 4212 2709 4249 non
2755 4193 3068 4247 dissolvitur
3098 4207 3112 4245 :
3144 4204 3304 4263 porro
3333 4188 3521 4243 vitium
3553 4192 3638 4237 est

2069 4297 2264 4351 anima:
2297 4293 2581 4353 timiditas,
2607 4288 2828 4351 invidia,
2851 4285 3069 4340 lascivia
3089 4292 3142 4338 et
3165 4292 3356 4336 (αξιοι-ιι
3388 4277 3638 4347 qlia-libet

2072 4385 2419 4457 huiusmodi;
2482 4377 2907 4449 incorruptibilis
2937 4393 3061 4444 etgu
3100 4375 3278 4428 anima
3305 4381 3356 4424 et
3410 4370 3637 4424 ἱιιιιιιοΐ-

2071 4478 2216 4533 talis.

2147 4572 2343 4643 Adnue
2367 4599 2552 4640 autem
2581 4600 2740 4637 omne
2766 4584 2909 4649 (μιοιι
2941 4583 3178 4647 seipsuttt
3213 4583 3390 4628 muwt
3428 4585 3641 4641 semper

2074 4677 2532 4748 moretur!;,quod
2567 4691 2697 4730 vero
2738 4686 2951 4741 semper
2995 4678 3240 4725 movetur
3290 4665 3640 4735 irrequietum

2074 4783 2193 4841 est;
2241 4786 2405 4843 porro
2454 4767 2806 4838 irrequietum
2862 4763 2985 4819 linis
3018 4776 3249 4831 expers;
3276 4758 3415 4828 quod
3460 4766 3641 4811 autem

2077 4865 2199 4920 linis
2220 4876 2431 4932 expers,
2464 4856 2788 4914 immortale.
2820 4854 2993 4910 Porro
3027 4852 3147 4907 talis
3196 4862 3275 4906 est
3305 4849 3507 4903 anima.
3543 4847 3645 4899 lm-

2076 4957 2361 5012 murtalem
2391 4955 2557 5023 igitur
2584 4962 2636 5007 et
2672 4950 2803 5005 fluis
2819 4957 3095 5020 expertem
3121 4960 3243 5002 esse
3262 4946 3423 4997 etiam
3455 4958 3518 4994 ex
3542 4943 3645 4995 hoc

409 5032 526 5099 βίου
560 5035 620 5085 ἐν
644 5032 824 5086 αὐτῶν
858 5034 995 5102 αὐτῇ
1026 5048 1090 5101 γε
1122 5035 1187 5107 τῇ
1214 5032 1444 5104 τελευτῇ
1468 5034 1682 5088 πολλῶν
1713 5033 1981 5099 θανάτους

409 5126 726 5194 ὡριτμένως
781 5126 1163 5194 προλέγουσιν,
1211 5126 1270 5181 οὐ
1301 5125 1409 5180 τῶν
1445 5128 1504 5180 ὲν
1535 5130 1602 5198 τῇ
1635 5128 1771 5199 αὐτῇ
1831 5128 1983 5182 πόλει

415 5204 597 5281 μόνον,
631 5216 769 5268 ἀλλὰ
794 5214 892 5268 καὶ
919 5216 1030 5269 τῶν
1063 5216 1255 5287 πόρρω
1285 5234 1359 5286 πη
1402 5218 1729 5288 οἰχομένων.
1761 5220 1983 5289 Ἔγωγε

2078 5059 2243 5121 patet,
2269 5048 2413 5118 quod
2449 5046 2601 5100 multi
2628 5059 2818 5101 eorum
2858 5042 2950 5111 qui
2999 5041 3053 5095 in
3106 5054 3171 5093 eo
3206 5045 3412 5091 suntut
3447 5049 3513 5088 ex
3545 5034 3646 5085 ltnc

2082 5145 2187 5199 vita
2232 5140 2515 5205 decedant,
2580 5138 2698 5208 ipso
2757 5136 2808 5189 iu
2858 5135 3039 5195 exitu,
3073 5130 3321 5184 deﬁnitas
3355 5128 3644 5182 multorum

2082 5238 2285 5284 mortes
2302 5226 2601 5298 praedicunt
2622 5240 2725 5281 non
2751 5238 2935 5279 eorum
2966 5219 3330 5275 tantummodo
3347 5221 3436 5287 qui
3460 5218 3645 5270 eadem

2084 5324 2137 5377 in
2173 5321 2305 5376 urbe
2335 5320 2429 5375 sed
2458 5328 2511 5375 et
2542 5320 2633 5389 qui
2666 5318 2856 5389 procul
2886 5314 2995 5370 fato
3033 5313 3347 5384 funguntur.
3368 5312 3477 5382 Ego
3500 5321 3650 5365 certe

2083 5412 2135 5466 id
2160 5411 2448 5481 ipsissintis
2480 5410 2650 5463 et-ulis
2682 5409 2789 5464 vidi
2816 5417 2869 5462 et
2895 5423 2960 5463 ex
3001 5407 3227 5460 aliorum
3262 5419 3356 5459 ore
3384 5405 3497 5458 haec
3520 5419 3648 5459 eve-

2084 5504 2227 5556 nisse
2274 5500 2479 5555 audivi.
2514 5499 2712 5552 Verum
2771 5507 2995 5552 mortem
3024 5496 3252 5549 aliorum
3300 5509 3477 5562 neque
3516 5508 3651 5561 pra}-

2084 5605 2368 5648 nnscnrvnt
2410 5609 2579 5660 neque
2617 5593 2969 5661 pra-dicerent
3014 5588 3112 5641 nisi
3158 5604 3253 5652 per
3278 5587 3649 5653 prmvisionent

412 5307 555 5360 τοῦτ’
581 5304 724 5361 εἶδον
783 5310 970 5363 αὐτοῖν
1019 5309 1322 5380 ὀφθαλμοῖν
1381 5312 1478 5365 καὶ
1509 5311 1686 5367 ἄλλων
1714 5313 1985 5380 λεγόντων

410 5396 623 5467 ηκουσα
677 5400 924 5467 γεγονός.
976 5401 1090 5454 Οὐκ
1126 5400 1193 5455 ἂν
1246 5401 1339 5456 οὖν
1374 5402 1607 5457 Θάνατον
1637 5403 1816 5459 ἄλλων
1858 5404 1984 5458 οὔτε

413 5490 822 5560 προὺγίνωσκὸν
854 5489 981 5545 οὔτε
1013 5491 1336 5563 προῦλεγον,
1361 5495 1409 5547 εί
1435 5494 1510 5565 μὴ
1550 5498 1616 5566 τῇ
1656 5496 1889 5567 προόψει
1917 5514 1980 5564 γε

412 5583 511 5654 τῆς
533 5582 715 5653 ψυχῆς
747 5584 1018 5639 ἀθανάτου
1050 5603 1107 5639 τε
1138 5586 1306 5657 οὔσης
1361 5590 1456 5642 καὶ
1515 5588 1624 5642 αἰεὶ
1681 5589 1835 5642 τοῦτο
1864 5592 1985 5643 ἐπι-

485 5768 597 5836 (l7)
625 5768 700 5820 Τὸ
740 5767 928 5839 βἰἑῆπ
966 5780 1011 5824 et
1051 5770 1079 5839 ἡ
1117 5770 1309 5842 {Sitiﬁm
1344 5770 1548 5839 Pollux,
1575 5772 1634 5840 ν,
1687 5775 1775 5829 30.
2154 5776 2265 5846 (l8)
2295 5772 2452 5827 Curti.
2489 5772 2697 5828 Platon.
2724 5770 2937 5838 Piucdo,
2960 5781 3011 5826 ct
3054 5770 3245 5828 Cicero
3278 5770 3442 5826 Tusc.
3481 5763 3521 5832 l,
3551 5726 3643 5819 {i3-
