3990 6218
337 329 537 374 CXXXIX

346 435 538 490 anima:
561 451 680 507 quae
706 438 1029 498 immortalis
1052 451 1136 498 est
1153 441 1316 514 idque
1341 457 1553 513 semper
1571 447 1793 517 inquirit
1819 463 1913 517 per

337 541 402 582 ea
453 539 507 583 et
538 545 656 598 quae
699 532 968 600 providet,
1017 543 1072 590 et
1113 549 1232 604 quae
1278 536 1409 607 agit,
1440 547 1496 593 et
1528 553 1647 607 quas
1678 541 1826 609 cupit
1858 550 1912 596 et

337 620 538 689 quibus
573 623 827 680 abstinet.

409 711 473 766 Et
513 714 627 768 haec
656 717 895 783 quidem,
932 733 964 773 ο
998 719 1192 786 amici,
1227 721 1278 775 in
1330 723 1586 791 prmscnti
1638 723 1772 777 satis
1803 722 1913 778 sint

335 803 516 869 nobis,
558 807 751 874 quippe
777 807 870 876 qui
923 823 1232 866 sermonum
1292 813 1470 883 inopia
1520 819 1575 868 et
1607 815 1911 870 humilitate

334 893 671 951 divinissimo
705 898 819 951 viro
851 898 1084 970 ducique
1137 912 1326 959 nostro
1375 906 1566 961 nielius
1592 907 1793 975 gratias
1825 921 1914 960 re-

334 982 475 1039 ferre
509 1001 610 1039 non
645 988 939 1057 possimus,
975 1002 1028 1046 et
1071 993 1207 1050 alios
1255 997 1568 1053 noverimus
1605 996 1760 1066 longe
1795 999 1911 1066 pul-

335 1073 580 1130 chriores
618 1089 800 1132 nostra
837 1080 1094 1137 funebres
1141 1084 1412 1140 orationes
1436 1096 1489 1140 et
1525 1087 1910 1156 epigrammata

335 1173 731 1240 composuisse.
792 1188 1146 1246 quoscunque
1209 1177 1534 1234 circumiens
1593 1180 1910 1244 honorabat,

333 1260 742 1332 omnigenisque
775 1263 995 1334 optimis
1039 1274 1094 1320 et
1141 1266 1689 1335 magnificentissimis
1717 1282 1909 1321 cumu-

334 1351 479 1405 labat
528 1354 823 1409 beneﬁciis.
863 1354 972 1410 Vos
1001 1365 1204 1423 autem,
1239 1357 1497 1425 inspectis
1523 1358 1736 1413 cmteris
1805 1358 1906 1412 viri

336 1443 647 1508 virtutibus,
685 1460 1058 1515 memoresque
1111 1447 1282 1516 ipsum
1317 1464 1455 1502 Vt‘t‘tB
1489 1449 1788 1518 divinaque
1820 1463 1909 1503 sa-

337 1535 551 1604 pientiae
574 1537 845 1604 exemplar
866 1539 1161 1604 exstitisse,
1186 1541 1396 1594 beatum
1433 1539 1912 1608 felicissimumque

337 1624 592 1680 arbitrari
629 1637 886 1696 oportet:
939 1628 1107 1683 Deum
1153 1645 1282 1685 vero
1325 1632 1504 1685 onmia
1543 1633 1906 1700 pervidentem

341 1730 435 1771 eos
461 1717 711 1773 homines
741 1720 827 1787 qui
864 1719 1119 1789 praeclare
1159 1731 1211 1776 et
1239 1732 1424 1776 sancte
1463 1723 1734 1788 vixerunt,
1777 1723 1919 1777 inter

342 1822 480 1882 quos
505 1824 642 1864 unus
668 1817 784 1863 erat
802 1821 854 1864 et
875 1810 963 1865 hic
987 1821 1169 1866 noster
1199 1813 1376 1866 fautor
1398 1817 1588 1877 bonus,
1615 1813 1922 1882 religiosus.

340 1877 600 1965 liheralis,
652 1907 980 1968 temperans,
1033 1900 1389 1969 irtlelligcues,
1422 1902 1793 1970 magnanimus
1817 1941 1832 1965 ,
1868 1910 1922 1956 et

343 1994 446 2047 hoc
475 2004 622 2048 certe
663 1996 836 2063 ipsum
878 1998 1056 2052 sciens
1086 1999 1205 2066 quis
1244 1999 1316 2052 sit
1346 1999 1426 2051 vir
1457 2015 1616 2053 sensu
1661 2000 1918 2069 praeditus

344 2086 662 2155 beatusque,
698 2089 814 2150 hos,
845 2089 1092 2158 inquam,
1114 2091 1204 2159 qui
1233 2093 1365 2144 tales
1398 2101 1522 2145 sunt
1557 2106 1767 2158 semper
1792 2105 1916 2159 pro-

340 2175 512 2242 priam
541 2177 592 2228 in
627 2179 840 2231 domum
869 2180 935 2232 ad
965 2193 1022 2234 se
1052 2195 1302 2244 evocare,
1335 2191 1386 2234 et
1404 2197 1563 2250 quem
1599 2183 1666 2235 ob
1692 2181 1916 2234 virtutes

340 2267 589 2323 dilexerit
616 2283 736 2322 eum
787 2270 895 2324 illic
947 2272 1273 2325 commorari
1314 2272 1502 2341 jubere
1531 2282 1585 2326 et
1632 2272 1914 2326 convivam

340 2357 537 2412 factum
589 2359 768 2413 vinum
805 2360 988 2416 bibere
1030 2374 1246 2416 nectare
1283 2373 1336 2416 et
1369 2364 1635 2419 ambrosia
1662 2363 1906 2420 suavius.

341 2449 484 2518 quod
512 2465 706 2504 novum
743 2467 862 2506 cum
899 2452 1144 2508 fidelibus
1196 2469 1254 2507 se
1307 2454 1597 2507 hibiturum
1629 2455 1908 2522 discipulis

340 2541 456 2596 suis
483 2541 749 2608 pollicitus
778 2553 858 2597 est
890 2542 941 2596 in
978 2544 1155 2611 primo
1199 2543 1290 2596 illo
1328 2559 1426 2598 suo
1460 2553 1511 2598 ct
1547 2543 1910 2612 pulcherrimo

343 2642 392 2684 et
421 2631 724 2701 justissima
741 2647 934 2703 regno.
955 2634 1096 2702 quod
1129 2634 1345 2703 iamiam
1380 2635 1462 2688 his
1497 2634 1586 2702 qui
1615 2634 1756 2702 digni
1786 2643 1916 2689 sunt

344 2723 604 2790 spondeo,
641 2738 707 2778 ex
758 2725 825 2778 iis
873 2739 1066 2795 nempe
1096 2741 1215 2795 quae
1269 2725 1423 2780 nobis
1470 2724 1793 2796 significavit
1825 2726 1915 2795 qui

346 2814 523 2868 futura
546 2817 802 2886 praevidet
837 2815 997 2872 Dens.

419 2973 531 3042 (t9)
566 2973 698 3028 Mire
727 2974 831 3031 hoc
865 2983 1043 3040 sonat,
1067 2975 1154 3028 Ubl
1187 2978 1253 3030 de
1281 2979 1452 3044 primo
1474 2985 1528 3029 et
1548 2976 1915 3044 pulcherrimo

325 3043 756 3113 iustissimoque
806 3059 974 3113 regno
1009 3059 1056 3113 et
1100 3045 1166 3098 de
1213 3043 1458 3101 ﬁdelibus
1490 3043 1665 3100 sermo
1691 3056 1795 3100 est.
1837 3046 1912 3100 lta

350 3111 581 3171 miscent
611 3111 683 3168 illi
716 3111 890 3170 saera
902 3111 1141 3183 profanis
1168 3116 1180 3168 l

1541 328 1810 389 JOANN.
1852 331 2021 395 ALB.
2066 332 2410 396 FABRICII

3483 351 3592 406 ext.

2022 451 2317 521 ζητούσης,
2345 447 2426 517 οἷς
2449 471 2507 507 τε
2547 456 2782 525 προνοεῖ,
2809 448 2890 521 οἷς
2917 473 2976 511 τε
3008 457 3132 528 δρᾷ,
3162 450 3236 512 ὧν
3267 475 3326 510 τε
3353 457 3590 528 ἐφίεται,

2019 540 2096 597 ὧν
2123 563 2181 598 τε
2205 547 2495 616 ἀπέχεται.
2533 541 2544 550 ’

2091 715 2202 767 Καὶ
2231 714 2404 769 ταῦτα
2448 716 2570 786 μὲν,
2627 712 2670 770 ὦ
2701 717 2846 786 φίλοι
2881 717 3096 788 ἄνδρες,
3143 719 3299 774 ἱκανά
3330 736 3393 789 γε
3426 722 3481 774 ὲν
3511 721 3591 793 τῷ

2019 807 2266 875 παρόντι,
2298 807 2374 870 ὡς
2409 812 2473 878 τῇ
2534 809 2698 880 πενίᾳ
2751 809 2861 863 τῶν
2905 810 3082 878 λόγων
3106 811 3198 864 καὶ
3231 813 3589 881 ταπεινότητι

2021 899 2227 970 βέλτιον
2264 901 2342 972 τῷ
2369 902 2632 973 θειοτάτῳ
2661 903 2816 970 ἀνδρὶ
2846 903 2940 956 καὶ
2962 902 3120 974 ἡμῶν
3149 905 3378 975 ἡγεμόνι
3401 904 3478 974 μὴ
3502 904 3593 956 δυ-

2018 995 2272 1063 ναμένοις
2325 995 2808 1065 ἁντιχαρίσασθαι,
2851 998 3013 1050 ὁπότε
3049 997 3144 1050 καὶ
3192 997 3387 1060 ἄλλους
3422 997 3590 1049 εἰδόσι

2019 1084 2198 1155 πολλῷ
2236 1102 2318 1137 τοι
2349 1086 2564 1139 κάλλιον
2593 1085 2752 1156 ἡμῶν
2782 1087 3109 1155 ἐπιταφίους
3155 1087 3447 1151 ξυνθέντας
3499 1086 3594 1139 καὶ

2017 1177 2437 1246 ἐπιγράμματα,
2481 1177 2640 1239 ὅσους
2697 1174 2906 1247 περιὼν
2967 1177 3129 1246 ἐτίμα
3179 1176 3274 1229 καὶ
3308 1176 3594 1245 εὐεργέτει

2018 1267 2295 1330 παντοίοις
2324 1285 2383 1321 τε
2411 1269 2638 1336 ἀγαθοῖς
2685 1271 2782 1323 καὶ
2849 1268 3219 1322 πολυτελέσιν.
3293 1269 3472 1338 ’Υμᾶς
3507 1267 3589 1332 δὲ,

2015 1360 2115 1423 τάς
2145 1377 2202 1412 τε
2229 1360 2394 1422 ἄλλας
2425 1358 2862 1424 ἐπισκοποῦντας
2894 1360 2988 1414 τοῦ
3017 1358 3209 1429 ἀνδρὸς
3240 1359 3462 1430 ἀρετὰς,
3489 1359 3587 1411 καὶ

2017 1451 2099 1503 ὄτι
2131 1450 2284 1512 Θείας
2316 1452 2410 1503 καὶ
2444 1450 2680 1519 ἀληθοῦς
2717 1450 3082 1522 σωφροσύνης
3103 1449 3266 1503 εἰκὼν
3289 1448 3588 1519 ἐτύγχανεν

2016 1542 2113 1607 ὢν,
2151 1543 2356 1595 ἐκεῖνον
2389 1543 2485 1611 μὶν
2518 1542 2592 1605 ὡς
2631 1542 2901 1612 μακάριον
2931 1540 3186 1611 ἡγεῖσθαι
3231 1541 3338 1611 χρὴ
3376 1541 3470 1594 καὶ
3497 1539 3590 1591 su-

2016 1635 2246 1704 δαίμονα
2269 1646 2284 1662 °
2320 1633 2413 1686 τὸν
2443 1633 2500 1685 δὲ
2529 1633 2684 1687 πάντ’
2713 1633 2998 1703 ἐφορῶντα
3047 1631 3202 1695 Θεὸν,
3234 1631 3363 1691 τοὺς
3407 1629 3591 1693 καλῶς

2023 1725 2116 1776 καὶ
2151 1723 2313 1786 ὁσίως
2342 1724 2451 1777 τῶν
2482 1723 2786 1796 ἀνθρώπων
2813 1725 3167 1795 βεϐιωκότας,
3189 1718 3265 1778 ὧν
3289 1717 3370 1786 εἷς
3397 1718 3466 1794 ἦν
3495 1723 3593 1776 καὶ

2021 1808 2176 1877 οὗτος
2199 1813 2226 1865 ὁ
2253 1814 2523 1883 ἡμέτερος
2555 1813 2811 1884 κηδεμὼν
2859 1812 3088 1882 ἀγαθὸς.
3123 1811 3404 1881 θεοσεὸὴς,
3439 1811 3596 1863 ὲλευυ

2021 1907 2221 1976 θέριος,
2261 1905 2516 1976 σώφρων,
2549 1905 2791 1970 συνετὸς,
2828 1903 3213 1974 μεγαλόφρων,
3253 1901 3349 1955 καὶ
3377 1901 3509 1956 αὐτό
3527 1917 3592 1969 γε

2020 1996 2177 2050 τοῦτο
2203 1996 2379 2063 εἰδὼς,
2414 1999 2564 2058 ὅστις
2589 1999 2651 2050 τέ
2699 1997 2848 2049 ἐστιν
2876 1998 2904 2049 ὁ
2936 1995 3062 2049 νοῦν
3110 1994 3249 2063 ἔχων
3284 1995 3381 2048 καὶ
3416 1993 3594 2047 εὐδαί-

2023 2105 2138 2156 μων
2195 2088 2356 2158 ἁνὴρ,
2409 2089 2536 2150 τοὺς
2597 2087 2661 2157 δὴ
2691 2087 2966 2149 τοιούτους
3010 2088 3098 2140 ἀεὶ
3141 2085 3329 2140 καλεῖν
3358 2101 3421 2154 γε
3462 2082 3594 2155 παρ’

1966 2193 1969 2196 ·
2019 2179 2212 2233 ἑαυτὸν
2245 2181 2298 2242 ἐς
2333 2181 2422 2231 τὸν
2453 2178 2582 2232 ῐδιον
2615 2174 2765 2232 οἷκον
2787 2196 2800 2210 υ
2834 2181 2928 2231 καὶ
2959 2178 3018 2231 οὗ
3061 2178 3127 2231 ἂν
3161 2175 3420 2248 ἐρασθείη
3473 2177 3592 2238 ταῖς

2019 2272 2264 2341 ἀρεταῖς,
2291 2269 2482 2324 τοῦτον
2506 2271 2685 2323 ὲκεῖσε
2719 2270 2906 2340 μένειν
2938 2269 3204 2333 κελεύειν,
3238 2270 3333 2322 καὶ
3382 2266 3596 2337 συμπό-

2018 2380 2119 2432 την
2148 2362 2422 2416 ποιεῖσθαι
2462 2362 2556 2422 τοῦ
2594 2361 2708 2434 (19)
2746 2362 2890 2430 ὑπὲρ
2920 2363 3127 2431 νέκταρ
3176 2359 3323 2412 οἴνου
3359 2359 3457 2412 καὶ
3487 2359 3594 2427 ἀμ-

2022 2453 2271 2523 ϐροσίαν,
2313 2452 2371 2504 ὃν
2424 2455 2571 2506 πιεῖν
2623 2451 2812 2507 καινὸν
2839 2455 2951 2513 τοῖς
2999 2453 3269 2521 μαθηταῖς
3299 2449 3465 2503 αὐτοῦ
3495 2448 3591 2501 σὺν

2018 2548 2130 2606 τοῖς
2161 2548 2372 2608 πιστοῖς
2412 2546 2791 2615 ἐπηγγείλατο
2817 2547 2875 2597 ἐν
2909 2547 2975 2616 τῇ
3016 2544 3299 2615 πρωτίστη
3334 2543 3428 2595 καὶ
3458 2541 3592 2594 καλ-

2019 2638 2178 2708 λίστῃ
2219 2640 2314 2691 καὶ
2357 2639 2678 2710 δικαιοτάτῃ
2709 2636 2872 2691 αὐτοῦ
2898 2636 3148 2708 βασιλείᾳ
3174 2653 3187 2666 ·
3211 2637 3280 2708 ἡν
3330 2637 3456 2688 ὅσον
3490 2635 3602 2702 οὐχ,

2024 2731 2127 2798 ήδη
2163 2729 2274 2799 (20)
2309 2731 2420 2793 τοῖς
2442 2729 2613 2794 ἀξίοις
2641 2729 3064 2798 παρεγγυῶμαι,
3087 2729 3147 2792 ἐξ
3175 2721 3248 2780 ὧν
3286 2728 3416 2796 ἡμῖν
3449 2741 3509 2794 γε
3533 2724 3595 2778 τὸ

2027 2820 2182 2873 Θ.ἰον
2212 2822 2616 2890 ἐπεσημήνατο,
2655 2821 2722 2874 τὰ
2753 2820 3013 2890 μέλλοντα
3042 2819 3448 2891 προορώμενος.

2095 2978 2207 3047 (20)
2245 2979 2411 3031 Ὅσον
2469 2979 2568 3032 ούκ
2621 2979 2743 3049 ἤδη,
2785 2979 2894 3048 jam
2928 2979 3066 3048 jam.
3117 2977 3272 3034 Conf.
3309 2977 3475 3048 Viger.
3527 2976 3596 3038 d9

2025 3050 2179 3102 Idiot.
2209 3065 2329 3120 pag.
2367 3050 2486 3114 151,
2522 3051 2605 3103 ed.
2641 3048 2808 3103 Zc’un.

615 3683 620 3692 ι
767 3351 1322 3609 JOAN.
1423 3445 2244 3604 ALBERTI
2339 3449 3159 3610 FABRICII

1079 3727 1290 3840 ΙΝ
1385 3726 2872 3844 BESSABIONEM

645 3977 1158 4107 NOTITIA
1255 3981 1912 4078 HISTORICA

2013 3981 2162 4070 ET
2277 3983 3337 4090 BlBLIOGRAPHICA.

1144 4171 1441 4235 'l(Biblioth.
1476 4173 1634 4225 Graec.
1673 4175 1790 4221 tom.
1819 4170 1902 4233 Xl,
1933 4184 2043 4222 cum
2064 4173 2433 4237 supplementis
2468 4174 2726 4239 Harlesii.)

423 4473 760 4533 Bessarionis
803 4477 904 4549 (α),
935 4478 1036 4534 viri
1069 4480 1245 4550 magni
1279 4487 1438 4551 atque
1491 4480 1867 4542 eruditissimi,
1909 4479 2096 4534 laudes
2127 4480 2288 4548 digna
2323 4481 2570 4535 oratione
2609 4489 2927 4550 persecutus
2955 4491 3039 4536 est
3087 4479 3326 4549 Baptista
3359 4477 3589 4544 Platina,

353 4577 472 4630 quae
514 4564 655 4631 apud
684 4563 935 4621 Bzovium
964 4567 1028 4620 ad
1064 4581 1115 4620 a.
1145 4566 1306 4632 M72,
1337 4584 1392 4623 η.
1421 4569 1604 4634 51-58,
1643 4568 1836 4638 legitur
1860 4565 1962 4639 (Ι).
1993 4566 2122 4620 Mihi
2183 4569 2235 4621 in
2286 4567 2536 4637 prmsenti
2569 4569 2700 4622 satis
2745 4577 2829 4624 est
2859 4577 3094 4632 nutasse,
3123 4569 3266 4638 quod
3299 4567 3386 4623 ille
3422 4570 3592 4636 patria

353 4647 751 4718 Trapezuntius
805 4660 860 4706 et
898 4653 1197 4708 monachus
1245 4655 1452 4710 ordinis
1477 4655 1535 4710 S.
1565 4654 1746 4711 Basilii
1775 4666 1828 4710 et
1884 4654 2322 4725 archiepiscopus
2371 4653 2623 4710 Nicaenus
2650 4655 2955 4724 Graecaeque
2991 4654 3242 4711 Ecclesia:
3276 4667 3432 4712 antea
3467 4669 3590 4723 pro-

353 4737 598 4804 machus,
629 4739 858 4807 primum
885 4741 1066 4796 studio
1099 4741 1448 4806 conciliandi,
1479 4743 1696 4808 deinde,
1723 4745 1814 4798 ubi
1849 4745 1951 4799 hoc
1985 4757 2090 4797 non
2114 4741 2262 4796 videt
2292 4742 2605 4807 succedere,
2638 4741 2824 4796 Latina
2867 4744 3114 4812 dogmata
3140 4743 3403 4796 adversus
3431 4741 3583 4798 Cra:-

351 4839 444 4879 cos
469 4839 596 4880 suos
627 4826 966 4883 defendendo
998 4829 1273 4883 Romanas
1307 4840 1489 4900 partes
1519 4840 1741 4888 strenue
1769 4841 1822 4886 et
1852 4839 2167 4887 constanter
2221 4839 2458 4885 sectatus
2514 4830 2636 4893 fuit,
2673 4845 3020 4899 summosque
3051 4833 3119 4886 ab
3145 4831 3227 4884 his
3265 4831 3384 4883 tulit
3415 4832 3589 4882 hono-

351 4926 456 4977 res,
489 4913 694 4980 primus
723 4913 1032 4969 Graecorum
1065 4915 1205 4970 inter
1228 4917 1530 4972 cardinales
1569 4927 1878 4987 cooptatus,
1907 4933 1958 4972 a.
1995 4919 2155 4983 “'59,
2217 4920 2284 4971 ab
2310 4916 2550 4988 Eugenio
2605 4917 2694 4984 IV,
2725 4928 2778 4972 et
2801 4935 2827 4969 a
2859 4916 2954 4971 Pio
2986 4917 3028 4971 ll
3062 4917 3382 4986 patriarchae
3405 4916 3587 4985 Cpoli-

351 5001 458 5052 tani
509 5011 732 5056 ornatus
762 5001 916 5056 titulo
943 5017 1083 5056 anno
1112 5003 1249 5058 “65
1276 5005 1374 5069 (bi.
1429 5004 1727 5076 Episcopus
1784 5017 2045 5076 praeterea
2072 5005 2411 5060 Tusculanus
2470 5008 2812 5070 constitutus,
2844 5005 3058 5060 futurus
3089 5007 3250 5058 etiam
3277 5016 3396 5072 post
3433 5006 3585 5057 Pium

350 5085 419 5150 ll,
454 5105 596 5142 anno
632 5091 768 5144 1464
795 5090 1133 5158 defunctum,
1166 5093 1403 5161 pontifex
1439 5095 1730 5159 maximus,
1769 5094 1875 5149 nisi
1910 5109 2096 5164 parum
2131 5093 2390 5156 officiosa,
2419 5106 2476 5148 ut
2503 5095 2672 5158 aiunt,
2707 5093 2906 5149 Νίσυιαὶ
2942 5093 3145 5149 Perotti
3183 5093 3584 5149 atlmissionalis

418 5253 496 5321 (al
531 5252 604 5306 De
653 5252 973 5310 Bessarione
1004 5260 1200 5322 praeter
1229 5251 1486 5322 Bzm'ium
1534 5264 1589 5307 et
1627 5251 1919 5310 Odoricum

345 5323 708 5392 thynznldum,
743 5336 905 5395 atque
939 5320 1384 5395 inﬁcat'dinalrun‘t
1414 5320 1548 5395 V_iti_s
1573 5323 1917 5395 Ciacconiutn

348 5395 404 5448 in
438 5389 698 5463 promptu
751 5389 836 5451 est
889 5395 1171 5449 consulere
1211 5389 1368 5463 ,ΙΨ-εί.
1397 5392 1596 5459 elogia,
1651 5393 1916 5447 Gaddium

350 5464 425 5517 De
453 5462 811 5533 scriptoribus
858 5481 961 5518 non
1002 5463 1208 5525 eccles.,
1256 5462 1592 5518 Varillasium
1643 5465 1794 5533 libro;
1843 5479 1915 5519 tv.

343 5532 660 5588 Αηεειιοιοτ.
691 5536 1002 5598 Ριονεηιὶησ,
1033 5533 1279 5588 Bullartii
1307 5536 1578 5594 Academ.,
1607 5542 1735 5588 tom.
1781 5532 1821 5595 Ι,
1861 5550 1915 5602 p.

2027 5254 2318 5309 Pan/lectos
2353 5252 2619 5317 Brandeb.
2648 5262 2752 5309 etc.

2097 5325 2170 5392 (ὁ)
2205 5327 2434 5378 Bzovins
2464 5326 2560 5384 ait,
2594 5324 2696 5378 hoc
2749 5323 2948 5376 factum
2977 5338 3096 5379 esse
3131 5341 3181 5378 a.
3227 5325 3392 5390 1455,
3423 5345 3451 5380 a
3491 5326 3589 5382 Ni-

2023 5396 2177 5468 colao
2204 5397 2266 5468 ν.
2305 5394 2809 5468 sedumaluiscqui
2850 5392 3180 5468 ltaynaldum
3225 5407 3279 5451 et
3311 5399 3466 5461 alios,
3493 5400 3588 5468 qui

2023 5464 2128 5520 hoc
2165 5467 2229 5519 ad
2264 5481 2314 5518 a.
2355 5464 2492 5519 1465
2555 5464 2816 5517 referunt.
2850 5462 3010 5532 |Add.
3057 5466 3221 5520 Leon.
3278 5469 3443 5521 Allat.
3512 5462 3592 5524 De

2023 5534 2168 5607 Eccl.
2202 5535 2466 5607 0ccid.__et
2501 5535 2708 5607 Orient.
2731 5549 3005 5607 consensu,
3040 5537 3144 5591 col.
3168 5536 3308 5607 9‘28;
3334 5537 3586 5596 lintribus.

342 5606 412 5672 9;
442 5604 716 5662 Boissardi
765 5605 1048 5676 Imagines,
1073 5612 1201 5657 tom.
1232 5603 1272 5668 l,
1312 5604 1514 5672 p.156.
1572 5602 1916 5660 llendreichii
2019 5604 2348 5674 Connuent.,
2392 5603 2450 5672 V,
2486 5621 2540 5675 p.
2573 5605 2697 5659 565.
2731 5602 2926 5675 Hane.)

409 5763 480 5825 (1)
507 5767 572 5818 At
601 5766 816 5820 Exordio
839 5777 890 5822 et
915 5770 1034 5824 locis
1061 5769 1191 5822 bene
1216 5772 1383 5824 multis
1413 5772 1684 5823 decurtata.
1711 5773 1846 5825 Em.
