3990 6218
329 302 528 347 CXXXIX

337 407 529 463 animae
552 423 672 479 quae
699 411 1020 470 immortalis
1045 422 1128 470 est
1145 413 1307 486 idque
1332 429 1544 485 semper
1562 417 1784 488 inquirit
1811 433 1905 488 per

328 514 394 555 ea
444 512 498 556 et
529 518 648 570 quae
691 504 960 573 providet,
1008 516 1063 562 et
1103 520 1223 576 quae
1270 507 1401 579 agit,
1432 519 1487 564 et
1519 524 1638 579 qua:
1670 511 1817 580 cupit
1849 520 1903 566 et

329 593 530 662 quibus
565 596 819 652 abstinet.

401 683 466 738 Et
506 687 620 741 haec
648 690 886 756 quidem,
923 705 956 746 o
990 691 1183 758 amici,
1219 693 1270 747 in
1323 693 1578 762 praesenti
1629 693 1763 748 satis
1795 693 1904 748 sint

327 776 508 842 nobis,
550 780 744 847 quippe
769 779 863 849 qui
915 795 1224 838 sermonum
1284 785 1462 854 inopia
1513 791 1567 839 et
1599 785 1903 842 humilitate

327 867 664 924 divinissimo
697 871 812 924 viro
843 871 1076 943 ducique
1130 884 1318 931 nostro
1369 877 1558 932 melius
1584 879 1785 946 gratias
1817 892 1905 930 re-

328 955 468 1012 ferre
501 974 602 1012 non
638 961 931 1029 possimus,
967 974 1022 1018 et
1064 965 1200 1021 alios
1247 967 1560 1024 noverimus
1599 968 1752 1036 longe
1788 969 1903 1037 pnl-

327 1046 572 1102 chriores
610 1062 792 1104 nostra
831 1052 1088 1109 funebres
1133 1055 1405 1111 orationes
1429 1067 1482 1112 et
1518 1058 1902 1126 epigrammata

328 1146 724 1212 composuisse.
785 1160 1139 1218 quoscunque
1203 1149 1526 1205 circumiens
1587 1151 1902 1214 honorabat,

326 1233 735 1305 omnigenisque
768 1236 988 1306 optimis
1032 1246 1086 1291 et
1134 1237 1682 1307 magniﬁcentissimis
1710 1253 1902 1292 cumn-

328 1323 472 1378 labat
521 1326 816 1382 beneficiis.
858 1327 965 1382 Vos
994 1337 1196 1394 autem,
1232 1329 1491 1396 inspectis
1517 1329 1729 1384 emteris
1798 1329 1899 1383 viri

329 1416 640 1481 virtutibus,
679 1432 1052 1487 memoresque
1104 1419 1275 1488 ipsum
1310 1434 1448 1474 νυνίε
1483 1419 1781 1488 divinzeqne
1813 1434 1902 1474 sa-

331 1508 545 1576 pientiae
567 1509 838 1576 exemplar
859 1511 1154 1575 exstitisse,
1179 1512 1390 1566 beatum
1425 1510 1904 1578 felicissimumque

331 1597 585 1653 arbitrari
622 1609 879 1668 oportet:
931 1600 1101 1654 Deum
1147 1615 1276 1656 vero
1318 1603 1497 1656 υιιιιιὶτι
1537 1603 1899 1671 pervidentem

335 1703 428 1744 eos
455 1690 705 1746 homines
735 1692 821 1758 qui
858 1691 1114 1761 praeclare
1153 1702 1205 1748 et
1233 1703 1418 1747 sancte
1457 1695 1728 1758 vixerunt,
1771 1693 1912 1747 inter

337 1795 474 1853 quos
499 1796 636 1836 unus
662 1790 778 1834 erat
796 1793 848 1836 et
869 1782 958 1836 hic
982 1793 1163 1838 noster
1194 1784 1370 1837 ianitor
1392 1788 1582 1848 bonus,
1609 1783 1916 1853 religiosus,

334 1850 594 1936 liberalis,
646 1879 976 1940 temperans,
1028 1871 1383 1940 intelligcnes,
1417 1850 1787 1940 magnanimus
1812 1911 1826 1936 ,
1862 1880 1917 1926 et

338 1966 441 2019 hoc
470 1976 616 2021 certe
659 1967 830 2034 ipsum
873 1970 1051 2024 sciens
1081 1970 1200 2037 quis
1239 1970 1311 2023 sit
1341 1969 1421 2022 vir
1452 1985 1610 2024 sensu
1655 1970 1912 2040 praeditus

338 2058 656 2127 beatusque,
693 2060 809 2122 hos,
839 2060 1087 2130 inquam,
1109 2061 1199 2130 qui
1227 2065 1360 2114 tales
1393 2072 1518 2115 sunt
1551 2077 1761 2128 semper
1786 2077 1910 2130 pro-

335 2147 507 2214 priam
536 2149 587 2200 in
621 2151 835 2202 domum
864 2152 929 2204 ad
959 2165 1017 2205 se
1047 2167 1298 2214 evocare,
1330 2163 1558 2220 etqnem
1593 2153 1661 2205 ob
1687 2151 1911 2204 virtutes

335 2239 584 2296 dilexerit
611 2255 731 2294 eum
783 2242 890 2296 illic
942 2243 1267 2296 cmnntorari
1309 2243 1498 2312 jubere
1526 2253 1580 2296 et
1627 2242 1908 2296 convivam

336 2330 532 2384 factum
583 2332 762 2385 vinum
799 2332 982 2387 bibere
1026 2345 1241 2387 neotare
1277 2345 1332 2387 et
1365 2335 1630 2389 ambrosia
1657 2333 1901 2391 suavius.

335 2421 479 2490 quod
507 2438 702 2476 novum
737 2439 857 2477 cum
894 2424 1139 2480 ﬁdelibus
1191 2441 1248 2479 se
1303 2425 1592 2478 bibiturnm
1625 2425 1902 2492 discipulis

335 2513 450 2567 suis
479 2513 745 2580 pollicitus
773 2525 853 2568 est
885 2513 936 2568 in
973 2516 1151 2582 primo
1195 2515 1285 2568 illo
1323 2529 1421 2569 suo
1455 2524 1508 2569 et
1543 2514 1905 2583 pulcherrimo

338 2614 386 2656 et
416 2603 719 2674 jusrissimo
738 2619 930 2674 regno,
950 2605 1092 2673 quod
1124 2605 1341 2674 iatnjam
1376 2606 1458 2659 his
1492 2604 1582 2673 qui
1610 2605 1752 2672 digni
1781 2613 1912 2659 sunt

339 2695 600 2761 spondeo,
637 2711 703 2750 ex
755 2696 821 2750 iis
869 2711 1062 2766 nempe
1092 2712 1211 2766 quae
1265 2696 1420 2751 nobis
1466 2694 1788 2766 signiﬁcavit
1821 2696 1910 2764 qui

342 2787 519 2840 futura
543 2789 798 2858 praevidet
833 2786 992 2843 Deus.

415 2946 527 3012 (19)
563 2945 694 3000 Mire
724 2945 828 3002 hoc
861 2954 1039 3011 sonat,
1063 2947 1151 2999 ubi
1183 2949 1250 3001 de
1277 2950 1448 3015 primo
1470 2956 1524 3000 et
1544 2946 1910 3014 pulcherrimo

323 3015 752 3084 iustissimoque
803 3031 970 3084 regno
1005 3030 1053 3084 et
1096 3016 1162 3070 de
1209 3017 1455 3071 lidelibus
1486 3031 1662 3070 sermo
1687 3026 1791 3070 est.
1833 3017 1908 3070 lta

346 3083 577 3142 miscent
607 3085 678 3139 illi
713 3083 886 3142 sacra
897 3083 1138 3154 profanis
1164 3087 1176 3139 ι

1532 299 1802 360 JOANN.
1844 300 2012 365 ALB.
2057 301 2402 366 FABRICII

3475 319 3580 374 ciu,

2013 421 2308 491 ζητούσης,
2336 417 2418 486 οἷς
2440 441 2499 477 τε
2539 425 2775 494 προνοεῖ,
2801 417 2882 490 οἷς
2909 441 2968 479 τε
3000 425 3123 497 δρᾷ,
3153 419 3228 480 ὧν
3259 443 3318 478 τε
3345 425 3578 496 ἐφίεται,

2011 510 2088 567 ὢν
2115 533 2173 568 τε
2197 517 2487 585 ἀπέχεται.
2529 509 2536 516 ’

2085 685 2194 738 Καὶ
2223 683 2396 738 ταῦτα
2440 685 2562 756 μὲν,
2620 681 2663 740 ὦ
2693 686 2838 755 φίλοι
2874 686 3088 757 ἄνδρες,
3135 687 3292 743 ἰκανά
3322 704 3386 757 γε
3418 689 3473 742 ὲν
3503 688 3580 760 τῷ

2011 777 2259 845 παρόντι,
2291 778 2366 840 ὡς
2402 781 2465 848 τῇ
2526 778 2690 850 πενίᾳ
2743 779 2853 832 τῶν
2897 779 3074 846 λόγων
3098 780 3191 832 καί⁵
3223 781 3579 849 ταπεινότητι

2013 870 2219 940 βέλτιον
2256 871 2334 941 τῷ
2361 872 2624 942 θειοτάτῳ
2653 872 2808 939 ἀνδρὶ
2839 872 2932 924 καὶ
2954 871 3114 942 ήμῶν
3142 873 3370 943 ἡγεμόνι
3393 871 3470 942 μὴ
3494 872 3582 924 δυ-

2010 966 2264 1033 ναμένοις
2317 964 2800 1034 ἁντιχαρίσασοαι,
2843 967 3005 1018 ὁπότε
3041 965 3136 1019 καὶ
3184 966 3380 1028 ἄλλους
3415 965 3579 1017 εἰδόσι

2012 1054 2190 1125 πολλῷ
2228 1072 2312 1107 τοι
2341 1055 2556 1108 κάλλιον
2587 1054 2745 1126 ἡμῶν
2775 1055 3101 1124 ἐπιταφίους
3147 1055 3440 1119 ξυνθέντας
3493 1054 3584 1106 καὶ

2010 1146 2431 1216 ἐπιγράμματα,
2474 1146 2632 1208 ὅσους
2689 1142 2899 1216 περιὼν
2959 1145 3122 1214 ὲτίμα
3172 1144 3267 1197 καὶ
3301 1144 3584 1214 εὐεργέτει

2011 1237 2288 1300 παντοίοις
2317 1254 2374 1290 τε
2403 1237 2630 1306 ἀγαθοῖς
2677 1240 2776 1292 καὶ
2842 1237 3212 1291 πολυτελέσιν.
3285 1237 3465 1306 Ὕμᾶς
3500 1234 3579 1300 at,

2008 1330 2108 1392 τάς
2138 1347 2194 1382 τε
2222 1330 2388 1391 ἄλλας
2418 1327 2856 1393 ἐπισκοποῦντας
2887 1328 2982 1382 τοῦ
3010 1326 3202 1397 ἀνδρὸς
3233 1327 3456 1398 ἀρετὰς,
3482 1327 3578 1379 καὶ

2010 1421 2092 1473 ὅτι
2124 1420 2277 1482 θείας
2309 1421 2403 1472 καὶ
2437 1419 2673 1488 ἀληθοῦς
2711 1419 3074 1491 σωφροσύνης
3096 1419 3260 1471 εἰκὼν
3283 1417 3579 1488 ἐτύγχανεν

2009 1512 2106 1577 ὢν,
2143 1513 2350 1564 ἐκεῖνον
2382 1512 2478 1580 μὲν
2511 1511 2586 1574 ὼς
2624 1511 2895 1581 μακάριον
2924 1508 3179 1580 ἡγεῖσθαι
3225 1509 3331 1580 χρὴ
3369 1509 3463 1562 καὶ
3490 1507 3581 1559 δύο

2010 1605 2239 1674 δαίμονα
2263 1616 2277 1632 ⁸
2313 1603 2406 1656 τὸν
2437 1602 2494 1654 δὲ
2522 1603 2677 1656 πάντ’
2707 1601 2991 1672 ἐφορῶντα
3041 1599 3195 1663 Θεὸν,
3228 1599 3356 1659 τοὺς
3400 1597 3584 1661 καλῶς

2016 1695 2110 1746 καὶ
2144 1693 2306 1756 ὁσίως
2335 1693 2445 1746 τῶν
2476 1691 2780 1765 ἀνθρώπων
2807 1693 3160 1764 βεϐιωκότας,
3183 1687 3260 1746 ὧν
3283 1685 3362 1755 εἷς
3391 1687 3460 1762 ἦν
3487 1691 3586 1744 καὶ

2015 1777 2170 1846 οὗτος
2192 1783 2221 1834 ό
2246 1784 2517 1852 ἡμέτερος
2549 1781 2805 1854 κηδεμὼν
2853 1781 3082 1850 ἀγαθδς,
3117 1778 3397 1849 θεοσεὸὴς,
3432 1779 3589 1831 ἐλευο

2015 1877 2215 1945 θέριος,
2256 1875 2510 1946 σώφρων,
2543 1873 2785 1939 συνετὸς,
2822 1871 3207 1942 μεγαλόφρων,
3247 1869 3343 1923 καὶ
3371 1869 3503 1923 αὐτό
3521 1885 3585 1936 γι

2014 1965 2172 2020 τοῦτο
2197 1966 2374 2032 εἰδὼς,
2407 1968 2558 2028 ὅστις
2583 1967 2644 2019 τέ
2693 1966 2842 2018 ἐστιν
2870 1967 2898 2018 ό
2930 1964 3056 2017 νοῦν
3104 1961 3243 2031 ἔχων
3279 1962 3375 2015 καὶ
3410 1961 3588 2014 εὐδαί-

2018 2075 2133 2126 μων
2190 2057 2350 2127 ἀνὴρ,
2404 2059 2530 2119 τοὺς
2591 2056 2656 2126 δὴ
2685 2056 2960 2118 τοιούτους
3005 2056 3092 2108 ἀεὶ
3135 2053 3323 2108 καλεῖν
3352 2069 3416 2121 γε
3457 2050 3589 2122 παρ’

1960 2162 1963 2165 ·
2015 2149 2208 2202 ἑαυτὸν
2239 2151 2293 2212 ὲς
2327 2150 2417 2200 τὸν
2447 2147 2578 2201 ἴδιον
2609 2143 2760 2201 οἷκον
2781 2165 2794 2178 ·
2829 2149 2922 2200 καὶ
2953 2146 3012 2199 οὗ
3055 2147 3122 2199 ἂν
3155 2143 3415 2216 ἐρασθείη
3468 2145 3587 2206 ταῖς

2013 2242 2258 2311 ἀρεταῖς,
2286 2239 2477 2293 τοῦτον
2501 2240 2680 2292 ἐκεῖσε
2714 2239 2901 2308 μένειν
2932 2237 3199 2301 κελεύειν,
3233 2238 3328 2289 καὶ
3377 2233 3590 2304 συμπό·

2013 2351 2114 2401 την
2143 2332 2417 2386 ποιεῖσθαι
2457 2331 2550 2391 τοῦ
2589 2329 2703 2402 (19)
2740 2331 2884 2399 ὑπὲρ
2915 2330 3122 2399 νέκταρ
3171 2328 3318 2380 οἴνου
3354 2327 3451 2380 καὶ
3482 2327 3589 2394 ἁμ-

2017 2423 2266 2493 6ροσίαν,
2308 2422 2366 2474 ὃν
2419 2423 2566 2475 πιεῖν
2618 2420 2807 2475 καινὸν
2834 2423 2946 2482 τοῖς
2994 2420 3263 2489 μαθηταῖς
3293 2417 3460 2471 αὐτοῦ
3489 2416 3587 2468 σὺν

2013 2518 2125 2576 τοῖς
2156 2518 2368 2578 πιστοῖς
2407 2515 2786 2584 ἐπηγγείλατο
2813 2515 2870 2566 ἐν
2905 2516 2970 2584 τῇ
3011 2513 3294 2583 πρωτίστη
3329 2511 3423 2562 καὶ
3453 2508 3589 2562 καλ⁴

2015 2607 2173 2676 λίστῃ
2214 2609 2310 2660 καὶ
2352 2607 2672 2678 δικαιοτάτῃ
2704 2604 2867 2660 αὐτοῦ
2894 2605 3143 2676 βασιλείᾳ
3169 2621 3182 2635 ·
3207 2605 3274 2676 ἣν
3324 2605 3451 2656 ὅσον
3485 2603 3599 2670 ούκη

2020 2701 2122 2768 ἥδη
2158 2699 2269 2768 (20)
2305 2701 2415 2763 τοῖς
2438 2698 2608 2763 ἀξίοις
2637 2698 3059 2767 παρεγγυῶμαι,
3083 2697 3142 2760 ἐξ
3170 2689 3244 2748 ὧν
3281 2697 3412 2764 ἡμῖν
3443 2709 3504 2762 γε
3529 2691 3591 2746 τὸ

2023 2789 2178 2842 Θ.ῖον
2208 2791 2612 2860 ἐπεσημήνατο,
2651 2789 2718 2844 τὰ
2748 2789 3008 2859 μέλλοντα
3037 2787 3444 2860 προορώμενος.

2090 2947 2203 3017 (20)
2241 2949 2406 3001 Ὅσον
2464 2949 2564 3003 ούκ
2617 2949 2739 3018 ἥβη,
2781 2948 2891 3017 jam
2925 2948 3062 3017 jam.
3113 2945 3268 3003 Conf.
3304 2945 3470 3017 Viger.
3523 2944 3591 3008 ἀρ

2019 3021 2175 3072 ldiut.
2205 3035 2325 3090 pag.
2364 3019 2482 3083 151,
2518 3020 2601 3072 ed.
2636 3017 2804 3072 Ze’un.

609 3653 620 3668 ί
764 3322 1318 3580 JOAN.
1421 3415 2240 3574 ALBERTI
2336 3418 3156 3579 FABRICII

1077 3698 1287 3812 ΙΝ
1381 3697 2869 3814 BESSARIONEM

643 3949 1156 4080 NOTITIA
1253 3951 1909 4048 HISTORICA
2011 3951 2160 4040 ET
2274 3952 3334 4058 BlBLIOGRAPHICA.

1167 4142 1438 4206 1(Biblioth.
1473 4144 1631 4196 Grac.
1671 4146 1788 4192 tom.
1817 4140 1900 4203 XI,
1930 4153 2041 4192 cum
2062 4143 2431 4206 supplementis
2467 4144 2724 4208 Harlesii.)

421 4445 758 4505 Bessarionis
801 4448 901 4521 (α),
933 4449 1035 4505 viri
1067 4451 1243 4521 magni
1277 4458 1436 4522 atque
1489 4450 1865 4512 eruditissimi,
1907 4450 2095 4504 laudes
2125 4450 2286 4518 digna
2321 4450 2568 4505 oratione
2607 4457 2925 4518 persecutus
2954 4459 3037 4504 est
3085 4447 3324 4517 Baptista
3356 4445 3588 4512 Platina,

351 4549 469 4603 quae
512 4536 653 4604 apud
682 4535 933 4594 Bzovium
961 4538 1026 4592 ad
1062 4552 1113 4592 a.
1143 4538 1304 4602 1472,
1335 4555 1390 4594 n.
1420 4540 1603 4606 51-58,
1642 4538 1835 4609 legitur
1858 4535 1936 4609 (1)

2014 4537 2120 4591 dubi
2182 4538 2233 4591 in
2284 4536 2535 4608 praesenti
2567 4538 2698 4591 satis
2743 4546 2827 4593 est
2857 4547 3092 4601 notasse,
3121 4539 3264 4607 quod
3297 4535 3384 4591 ille
3420 4538 3590 4605 patria

351 4619 749 4690 Trapezuntius
803 4632 858 4678 et
896 4625 1195 4680 monachus
1244 4625 1450 4681 ordinis
1475 4626 1533 4680 S.
1564 4625 1745 4682 Basilii
1774 4637 1826 4680 et
1882 4625 2320 4696 archiepiscopus
2370 4623 2620 4680 Nicaenus
2648 4624 2953 4693 Grecamque
2989 4623 3240 4679 Ecclesia!
3275 4635 3430 4681 antea
3466 4637 3589 4692 pro-

351 4709 596 4776 maehus,
627 4711 856 4780 primum
883 4713 1064 4767 studio
1096 4713 1446 4777 conciliandi,
1477 4714 1694 4778 deinde,
1722 4715 1813 4769 ubi
1848 4715 1949 4769 hoc
1984 4727 2088 4767 non
2113 4711 2261 4767 videt
2291 4711 2603 4776 succedere,
2636 4711 2823 4765 Latina
2865 4713 3113 4781 dogmata
3138 4711 3402 4766 adversus
3429 4709 3582 4766 ϐιω-

349 4811 442 4852 eos
467 4811 594 4852 suos
625 4798 964 4855 defendendo
995 4800 1272 4854 Romanas
1306 4810 1487 4870 partes
1518 4810 1739 4858 strenue
1768 4811 1821 4856 et
1851 4809 2166 4857 constanter
2220 4809 2457 4854 sectatus
2513 4799 2635 4862 fuit,
2671 4814 3018 4868 summosque
3050 4800 3226 4853 abhis
3263 4799 3382 4852 tulit
3415 4801 3588 4850 bono-

350 4899 454 4949 res,
487 4885 692 4952 primus
722 4885 1030 4941 Graecorum
1063 4886 1204 4940 inter
1226 4888 1529 4943 cardinales
1567 4897 1877 4958 cooptatus,
1906 4903 1956 4942 a.
1994 4889 2153 4951 1.559,
2215 4889 2282 4940 ab
2308 4885 2548 4957 Eugenio
2604 4887 2692 4952 IV,
2723 4898 2776 4942 et
2799 4905 2826 4938 ιι
2857 4885 2952 4940 Pio
2985 4886 3026 4940 ll
3060 4886 3382 4954 patriarcha:
3405 4884 3586 4954 Cpoli-

349 4973 456 5024 tani
507 4983 730 5028 ornatus
761 4973 915 5028 titulo
941 4988 1081 5027 anno
1111 4974 1248 5029 1465
1275 4977 1372 5038 (bi.
1428 4975 1726 5047 Episcopus
1782 4987 2043 5046 praeterea
2071 4975 2410 5030 Tusculanus
2469 4977 2810 5040 constitutus,
2842 4973 3056 5029 iuturus
3087 4975 3248 5027 etiam
3277 4984 3396 5041 post
3432 4974 3584 5026 Pium

349 5059 417 5122 ll,
452 5076 594 5115 anno
631 5063 766 5116 1464
793 5062 1132 5130 defuncutm,
1164 5065 1403 5133 pontifex
1438 5065 1729 5130 maximus,
1768 5065 1873 5119 nisi
1909 5079 2096 5134 parum
2129 5062 2389 5125 olliciosa,
2418 5075 2474 5116 ut
2501 5064 2671 5128 aiunt,
2706 5062 2904 5118 Nicolai
2941 5061 3144 5118 Perotti
3181 5062 3582 5118 admissionalis

417 5227 494 5293 (al
529 5225 602 5278 De
651 5225 971 5282 Bessarione
1003 5232 1199 5294 praeter
1229 5222 1485 5294 Bzovium
1506 5293 1510 5294 ί
1533 5234 1595 5294 et
1626 5221 1918 5280 O.loricum
2026 5224 2317 5278 Pandectns
2353 5221 2618 5294 Brandeb.
2647 5231 2751 5277 etc.

345 5291 707 5365 Rnynnldnm,
742 5309 904 5367 atque
938 5291 1383 5367 in'cardinalintn
1413 5291 1547 5367 Yitis
1571 5293 1916 5367 Ciacconium
2093 5295 2169 5367 (ὁ)
2203 5296 2434 5367 Bzojius
2463 5295 2560 5367 ait,
2594 5293 2696 5367 hoc
2748 5291 2948 5367 laetum
2977 5307 3094 5367 esse
3130 5309 3180 5346 a.
3226 5294 3391 5358 1455,
3423 5313 3450 5348 a
3492 5295 3587 5350 Ni-

348 5368 402 5420 in
437 5360 696 5436 promptu
749 5360 835 5424 est
889 5366 1170 5436 consulere
1211 5360 1373 5436 invii.
1397 5363 1594 5436 elogia,
1643 5363 1915 5436 iquldium
2022 5360 2176 5436 colao
2203 5366 2265 5420 V.
2303 5364 2411 5436 Sed
2434 5364 2637 5436 Amalni‘
2657 5363 2808 5429 sequi
2849 5361 3180 5436 liaynalrlnm
3224 5375 3278 5419 et
3311 5367 3466 5429 alios,
3493 5368 3587 5436 qni

351 5429 810 5504 lie'scriptoribus
858 5452 959 5489 non
1001 5434 1207 5495 eccles.,
1255 5433 1591 5489 Varillasium
1641 5435 1796 5504 libro,
1842 5450 1915 5490 ιν.
2021 5433 2127 5504 hoc
2164 5437 2228 5487 ad
2263 5450 2314 5488 a.
2355 5433 2492 5489 146⁸5
2555 5433 2815 5486 referunt.
2849 5429 3009 5502 ιΑᾱά.
3057 5434 3220 5488 Leon.
3278 5437 3442 5489 Allat.
3511 5429 3591 5492 De

344 5503 659 5560 Anecdotbr.
691 5508 1001 5570 Florentin.,
1033 5504 1278 5559 Bullartii
1307 5506 1583 5574 Academ.,
1602 5512 1734 5574 tom.
1779 5503 1820 5565 i,
1859 5520 1915 5572 p.
2022 5503 2168 5559 Eccl.
2201 5505 2381 5560 Occid.
2419 5516 2466 5558 et
2501 5505 2708 5560 Orienl.
2731 5518 3004 5574 consensu,
3039 5505 3143 5559 col.
3167 5505 3306 5574 99.8;
3334 5505 3584 5564 Lartibec.

343 5578 412 5644 9;
441 5576 715 5632 Boissardi
765 5577 1047 5646 Imagines,
1072 5583 1200 5628 tom.
1231 5574 1272 5640 l,
1313 5589 1363 5643 p.
1395 5575 1513 5628 156.
1572 5571 1915 5630 llendreichii
2019 5575 2348 5642 Comment,
2392 5573 2451 5642 V,
2487 5591 2540 5644 p.
2573 5575 2697 5630 565.
2731 5571 2926 5644 Manu]

409 5737 480 5798 (1)
507 5739 572 5790 Δι
601 5737 816 5792 Ειοτάὶυ
839 5746 890 5791 et
914 5741 1033 5794 locls
1059 5741 1190 5794 bene
1215 5742 1383 5794 multis
1413 5742 1682 5794 decurtata.
1710 5743 1846 5795 Ευιτ.
