3990 6218
381 353 547 396 cxtttt
1547 423 1554 428 ο
1629 347 1892 408 JOANN.
1927 347 2086 407 ALB.
2133 352 2466 410 FABliICH
2496 387 2511 403 ι
3484 370 3639 412 CXLIV

386 486 470 541 his
500 483 736 555 suppleri
771 497 932 552 posse
964 482 1208 538 Bandinli
1243 485 1692 542 commentarium
1719 488 1788 542 de
1815 486 2156 552 Bessarione,
2219 463 2380 556 Eique
2430 487 2594 562 multa
2626 487 2728 542 alia
2760 498 2812 545 et
2841 489 3063 561 majoris
3097 490 3314 561 quidem
3383 499 3638 553 momenti

388 574 630 627 addenda
664 583 888 627 restare.
925 573 1065 626 Idem
1104 589 1155 639 p.
1194 573 1322 637 120,
1345 583 1399 628 et
1429 575 1551 643 121,
1590 575 1719 640 249,
1747 576 1872 638 250,
1904 574 2032 637 269,
2065 576 2132 630 de
2180 577 2300 630 aliis
2362 577 2519 631 codd.
2572 591 2710 646 quos
2743 576 2995 632 Bessario
3024 579 3447 635 conscribendos
3478 598 3638 640 cura-

388 661 462 710 vit
489 675 501 710 :
533 656 599 709 ad
629 656 835 709 initium
866 655 1022 723 primi
1057 665 1181 710 sunt
1208 657 1503 712 Andronici
1555 659 1812 728 (Callisti)
1870 661 2157 732 Byzantini
2206 679 2393 718 versus
2443 664 2741 717 hexametri
2774 665 3306 734 undequinquaginta
3334 667 3387 720 in
3422 668 3634 727 Iaudem

391 747 726 800 Bessarionis
755 746 822 798 oh
848 745 1023 798 editos
1054 760 1150 808 pro
1178 745 1406 801 Platone
1430 749 1616 814 libros,
1656 749 1746 816 qui
1781 752 1942 804 etiam
1973 759 2188 804 exstant
2242 751 2293 801 in
2347 746 2506 800 codd.
2569 746 2949 802 Laurentianis
2979 750 3118 816 apud
3141 747 3374 804 Bandin.
3413 760 3540 805 tom.
3565 752 3634 815 II,

391 848 442 893 ιι.
478 832 566 894 9⁷2,
599 832 688 896 96,
715 843 762 885 et
788 831 927 885 aliis.
949 863 1020 873 -—
1043 831 1187 887 Idem
1210 833 1314 888 cel.
1344 833 1594 889 Morellus
1616 835 1772 896 ibid..
1812 852 1862 904 p.
1899 837 2001 892 114
2022 853 2126 907 sq.,
2153 838 2331 898 docet,
2363 829 2734 889 Bessarionem
2766 836 2886 890 cod.
2931 835 3096 890 Marc.
3124 836 3246 900 I90,
3270 838 3358 906 qui
3395 839 3638 894 continet

394 919 565 970 Procli
613 917 965 971 Commentar.
1004 919 1058 971 in
1116 919 1356 973 Platonis
1411 920 1694 984 Timwum,
1759 931 1928 976 tomm
1986 921 2443 978 adnotatiunculis
2475 918 2538 971 ad
2571 929 2887 987 argumenta
2923 923 3398 974 commonstranda
3439 923 3635 992 reple-

395 1009 567 1070 vissc;
628 1009 689 1057 ad
740 1005 953 1059 initium
1010 1014 1192 1061 autem
1218 1023 1339 1062 esse
1363 1008 1472 1063 duo
1501 1009 1915 1079 epigrammata,
1951 1009 2178 1062 alterum
2232 1006 2566 1058 Bessat'ittnis
2590 1005 2920 1072 epitaphium
2945 1004 2998 1058 in
3029 1019 3087 1058 se
3117 1005 3304 1060 Graece
3338 1008 3630 1075 scriptum,

390 1111 417 1144 a
461 1093 663 1145 'I‘Insod.
715 1093 855 1147 Gaza
892 1093 1085 1148 Latine
1130 1095 1422 1162 redditum,
1493 1097 1718 1151 alterum
1773 1097 1929 1151 Gaza:
1972 1098 2022 1150 in
2082 1094 2289 1148 Bessar.
2359 1092 2569 1144 laudem
2603 1090 2802 1144 Latine‘
2865 1089 3104 1157 factum;
3141 1101 3430 1162 utrumque
3459 1109 3630 1149 esse:

393 1179 652 1258 Itarntinio
713 1182 916 1235 editum
979 1183 1030 1235 in
1085 1182 1262 1238 Catal.
1318 1184 1445 1239 Mss.
1508 1184 1788 1250 Laurent.,
1847 1185 1912 1245 II,
1965 1199 2019 1253 p.
2070 1181 2193 1240 I53,
2229 1178 2500 1247 posterius
2543 1189 2721 1230 tamen
2761 1191 2865 1230 non
2918 1176 3036 1232 sine
3066 1178 3296 1233 mendis.
3330 1210 3399 1220 —
3433 1179 3632 1234 Veneto

392 1267 666 1321 Marciano
699 1271 822 1322 cod.
853 1269 979 1333 504,
1014 1270 1105 1339 qui
1137 1272 1378 1325 continet
1412 1270 1651 1326 Euclidis
1677 1273 1893 1342 Optica,
1926 1269 2142 1326 Bessar.
2197 1282 2289 1335 per
2335 1274 2507 1320 totum
2534 1265 2780 1318 codicem
2809 1264 3277 1320 adnotatiunculas
3309 1266 3525 1336 adjecit,
3567 1269 3633 1322 de

391 1356 586 1422 quibus
626 1356 829 1412 Mnrell.
884 1358 918 1410 1.
947 1372 996 1418 c,
1031 1373 1082 1426 p.
1123 1357 1322 1412 I85.—
1351 1373 1405 1426 p.
1440 1359 1563 1415 I86.
1591 1361 1654 1414 de
1679 1359 2020 1416 Archimedis
2072 1371 2196 1424 opp.
2243 1355 2293 1406 in
2327 1353 2466 1406 cod.‘
2487 1353 2591 1406 305
2630 1366 2788 1421 quem
2835 1351 3120 1407 Besssrion
3155 1367 3316 1406 manu
3349 1369 3443 1415 sua
3497 1369 3628 1422 pas-

392 1444 496 1496 sim
543 1445 828 1509 supplevit.
859 1473 925 1484 —
954 1445 1138 1498 Romae
1175 1445 1227 1500 in
1271 1447 1392 1501 cod.
1448 1447 1576 1502 bibl.
1630 1448 1918 1508 Vaticana),
1965 1443 2191 1498 Andrea:
2225 1441 2377 1494 arclt.
2412 1440 2581 1494 Rhodi
2641 1439 2896 1510 Apologia
2929 1443 2997 1494 ad
3030 1441 3392 1495 Bessarionem
3429 1443 3628 1508 missa;

399 1545 448 1580 ν.
489 1529 780 1583 Montfaue.
839 1529 977 1584 Bibl.
1030 1533 1448 1599 biblioth.mss.,
1481 1550 1534 1603 p.
1585 1534 1614 1586 7
1675 1535 1737 1590 C.
1764 1565 1834 1575 -—
1858 1532 1990 1586 Ibid.
2041 1547 2094 1598 p.
2150 1528 2250 1583 106
2290 1527 2354 1590 C,
2409 1538 2460 1581 et
2515 1542 2636 1595 pag.
2694 1527 2795 1579 112
2826 1527 2888 1590 Β,
2917 1529 2968 1580 in
3031 1528 3160 1582 bibl.
3205 1529 3380 1583 Vatic.
3415 1531 3534 1584 cod.
3569 1547 3623 1584 ιι.

390 1616 521 1668 2741
558 1625 718 1683 atque
755 1635 808 1672 tt.
832 1618 991 1672 5920.
1031 1617 1099 1673 Ν.
1137 1621 1363 1689 episcopi
1396 1620 1656 1675 Firmiani
1689 1624 1856 1674 oratio
1881 1624 1933 1675 in
1972 1621 2154 1689 funere
2182 1621 2388 1673 cardiu.
2446 1616 2797 1671 Bessarionis.
2871 1615 3265 1672 Bibliothecam
3317 1618 3628 1687 locupletis-

393 1707 607 1765 simam,
651 1705 1026 1761 Grzecislibris
1058 1722 1253 1772 magno
1287 1718 1502 1776 sumptu
1538 1711 1588 1762 in
1618 1710 1824 1764 Italiam
1861 1707 2207 1766 transvectis.
2252 1704 2495 1760 Venetiis
2545 1705 2832 1757 Bessarion
2857 1703 3206 1769 condiderat;
3235 1716 3353 1756 eam
3391 1705 3631 1758 moriens

394 1789 612 1847 Veneta:
667 1793 977 1860 reipublicm
1019 1796 1161 1848 dono
1189 1797 1354 1852 dedit.
1392 1798 1550 1852 Conl.
1586 1795 1865 1861 Lambcc.,
1898 1796 1984 1861 III,
2011 1811 2065 1864 p.
2100 1793 2222 1854 I63.
2258 1803 2370 1847 not.
2405 1790 2634 1854 Kollar.,
2665 1800 2718 1843 et
2770 1789 2917 1843 inira.
2967 1806 3022 1844 n.
3058 1789 3149 1845 23.
3188 1789 3416 1856 Quidam
3451 1799 3631 1845 tamen
3740 1823 3745 1828 -

395 1880 554 1932 codd.
591 1895 727 1948 qum
767 1881 1080 1948 possederat
1107 1883 1392 1938 Bessariou
1443 1895 1812 1955 pervenerunt
1859 1885 1911 1939 in
1945 1883 2074 1938 bibl.
2133 1880 2339 1934 Caesar.
2378 1877 2442 1932 V.
2481 1876 2735 1930 Lambec.
2765 1875 2900 1940 VIII,
2934 1891 2987 1945 p.
3023 1875 3178 1940 1095,
3207 1876 3387 1944 ibique
3417 1884 3533 1931 not.
3563 1905 3634 1918 —-

392 1963 568 2020 Catal.
603 1969 652 2020 in
687 1968 816 2022 bibl.
849 1969 1019 2024 Vatic.
1057 1985 1105 2022 v.
1141 1969 1433 2024 Montfauc.
1466 1970 1604 2027 Bibl.
1640 1973 1876 2025 bibliot/i.
1910 1987 2139 2041 mss.,p.
2172 1971 2241 2024 ‘27
2273 1969 2332 2032 C,
2357 1984 2402 2022 et
2437 1981 2486 2034 p.
2530 1968 2628 2020 I12
2658 1967 2722 2032 Α,
2751 1984 2802 2036 p.
2841 1968 2998 2021 1181.
3027 1965 3346 2022 ΗΑῐιιεειυε.

1501 2088 1785 2143 SCRIPTA
1834 2087 2275 2144 BESSARIONIS
2321 2086 2576 2142 GRAECA
2615 2105 2630 2142 :

468 2191 520 2247 1.
560 2192 746 2246 Oratio
771 2193 833 2246 de
864 2196 1053 2248 unione
1111 2196 1361 2250 ineunda.
1410 2196 1638 2264 Incipit:
1667 2197 1786 2251 Τῶν
1819 2196 2042 2267 μεγάλω

2061 2212 2073 2248 ι
2131 2193 2480 2266 πραγμάτων
2519 2192 2580 2245 οὗ
2635 2192 2701 2245 τὰ
2752 2192 2879 2264 τέλη
2929 2192 3111 2260 μόνον.
3149 2193 3335 2250 Grmce
3371 2203 3424 2250 et
3448 2191 3637 2251 Latine

396 2274 446 2332 in
480 2277 630 2333 Actis
691 2281 902 2335 concilii
924 2282 1245 2348 Florentini,
1277 2291 1412 2341 tom.
1445 2282 1563 2338 XIII
1603 2283 1825 2348 Labbei,
1849 2300 1902 2353 p.
1937 2283 2122 2348 55-46,
2145 2291 2197 2337 et
2237 2290 2377 2335 tom.
2402 2279 2471 2334 IX
2497 2279 2782 2344 Ilarduini,
2810 2295 2861 2348 p.
2897 2279 3087 2336 27-35.
3116 2280 3276 2337 Fann.
3326 2311 3398 2323 —
3427 2282 3634 2339 Monac.

394 2362 446 2417 in
480 2366 603 2420 cod.
630 2367 698 2420 27
727 2378 853 2421 sunt
876 2368 1023 2438 plura
1054 2370 1357 2425 Bessarion.
1394 2373 1613 2439 scripta,
1647 2387 1765 2440 quae
1788 2373 1923 2426 duce
1953 2370 2177 2424 Hardtio
2211 2369 2261 2422 in
2303 2369 2507 2421 Aretini
2538 2367 2852 2439 Beytrdgen,
2889 2377 3021 2432 etc.,
3050 2383 3102 2421 a.
3135 2368 3293 2437 1803,
3326 2378 3544 2439 part.tv,
3578 2385 3632 2442 ρ,

400 2451 432 2504 5
461 2467 580 2521 sqq.
613 2457 911 2510 secundum
945 2458 1191 2513 ordinem
1223 2459 1384 2513 Fabr.
1411 2461 1601 2528 paucis
1629 2461 1914 2514 iudicabo:
1941 2459 2060 2513 scil.
2088 2473 2141 2526 p.
2173 2458 2229 2522 5,
2257 2472 2310 2510 n.
2335 2456 2392 2515 2.
2424 2457 2477 2510 in
2511 2470 2670 2524 capp.
2695 2455 2876 2510 decem
2907 2455 3097 2518 divisa,
3127 2471 3248 2511 cum
3276 2458 3440 2512 variis
3481 2457 3633 2521 lectt,

393 2545 450 2593 et
483 2541 626 2595 notis
660 2542 713 2596 in
741 2544 982 2614 margine
1012 2547 1224 2613 positis,
1244 2557 1374 2601 etn.
1406 2547 1439 2602 6
1472 2562 1593 2601 cum
1625 2547 1767 2601 notis
1795 2547 2022 2614 margin.
2049 2553 2102 2599 ct
2136 2561 2186 2614 p.
2218 2543 2272 2609 6,
2304 2560 2355 2598 ιι.
2385 2544 2452 2608 7;
2481 2559 2597 2611 pag.
2629 2543 2659 2596 7
2699 2561 2711 2596 :
2749 2541 2958 2597 Bessar.
2978 2543 3228 2598 allocutio
3246 2545 3312 2599 ad
3347 2545 3634 2616 synodum,

398 2626 606 2695 (quaain
631 2630 752 2682 cod.
778 2630 977 2683 dicitur
1001 2631 1150 2700 VIII.)
1179 2633 1603 2702 Florentindinc.
1633 2633 1754 2687 Τῶν
1779 2634 1974 2704 μεγάλω

2057 2632 2410 2703 πραγμάτων,
2430 2640 2536 2684 etc.
2564 2630 2786 2699 Reliqua
2807 2631 2920 2684 suis
2943 2633 3072 2685 locis
3105 2633 3438 2687 memorabo.
3461 2631 3633 2688 ΒΑΜ..

464 2713 518 2766 2.
556 2712 742 2768 Oratio
768 2715 1071 2786 dogmatica
1124 2719 1186 2772 de
1221 2721 1432 2775 unione.
1459 2719 1649 2790 Incipit
1685 2739 1699 2776 :
1732 2719 1844 2790 Τὴν
1880 2720 1978 2789 μὲν
2031 2736 2040 2752 ·

2059 2719 2138 2771 κῶν
2181 2717 2523 2788 Ἐκκλησιῶν
2576 2716 2669 2770 τοῦ
2698 2716 2855 2772 Θεοῦ.
2900 2717 3087 2773 Grrcce
3140 2726 3193 2773 et
3229 2719 3418 2774 Latine
3445 2719 3635 2775 Bessa-

398 2803 550 2856 rione
581 2803 694 2870 ipso
730 2804 1022 2873 interprete
1073 2809 1124 2862 in
1159 2808 1310 2863 Actis
1334 2809 1548 2864 concilii
1594 2809 1915 2875 Florentini,
1961 2821 2093 2862 tom.
2153 2806 2216 2861 IV
2249 2804 2412 2869 Bittii,
2451 2819 2503 2874 p.
2537 2805 2681 2870 557;
2719 2815 2852 2860 tom.
2882 2803 3002 2860 XIII
3039 2806 3263 2870 Lahhei,
3293 2821 3347 2875 p.
3375 2807 3633 2875 '59I-455,

393 2905 447 2946 et
486 2892 744 2949 Ilarduini
799 2908 928 2951 tom.
991 2897 1083 2962 IX,
1118 2915 1170 2967 p.
1202 2901 1458 2962 519-572.
1484 2901 1682 2957 Confer
1738 2903 1969 2958 Allatiuu

2054 2917 2106 2962 ιι,
2140 2899 2194 2962 5,
2235 2897 2306 2952 De
2343 2913 2620 2957 consensu,
2665 2912 2718 2966 p.
2769 2897 2894 2952 951.
2943 2897 3108 2952 Fann.
3140 2898 3515 2954 —Florentite
3578 2901 3630 2955 in

398 2983 524 3035 hibl.
557 2981 815 3039 Laurent.
846 2986 968 3056 cod.
1006 2987 1094 3052 11,
1130 3005 1184 3042 n.
1214 2989 1268 3052 2,
1301 2992 1432 3056 plut.
1474 2991 1559 3055 10,
1592 2991 1686 3046 Gr.
1720 2990 1784 3046 V.
1820 2989 2047 3046 Bandin.
2083 2986 2204 3040 Cat.
2236 2985 2391 3040 codd.
2429 2984 2524 3038 Gr.
2575 2982 2734 3037 Laur.
2767 2983 2808 3048 I,
2840 2999 2893 3053 p.
2930 2983 3056 3052 483,
3093 2986 3182 3053 qui
3207 2987 3447 3052 adnotat,
3486 2986 3630 3041 illam

396 3079 537 3122 orat.
585 3079 800 3125 exstare
842 3070 938 3127 Gr.
985 3082 1041 3128 et
1069 3074 1189 3131 Lat.
1229 3077 1280 3131 in
1320 3077 1452 3131 edit.
1513 3079 1808 3134 Concilior.
1850 3078 1972 3131 γους

2060 3117 2072 3135 ,
2131 3074 2289 3134 1759,
2327 3082 2459 3127 tom.
2485 3069 2677 3134 XVIII,
2716 3085 2767 3138 p.
2804 3071 2926 3126 185.
2953 3102 3026 3112 -
3055 3071 3110 3126 Itt
3141 3072 3262 3127 eod.
3296 3073 3446 3135 cod.,
3480 3090 3534 3127 η.
3577 3074 3631 3138 5,

396 3142 594 3223 legitur
642 3157 948 3213 Bessarion.
989 3169 1132 3217 orat.
1165 3163 1229 3216 ad
1264 3163 1375 3218 VIII
1437 3166 1723 3235 synodum,
1779 3165 1987 3235 publice
2035 3163 2382 3232 pronuntiata
2426 3162 2476 3212 in
2537 3158 2773 3226 cjusdcm
2803 3158 3089 3227 principio,
3121 3157 3372 3216 Octobris
3398 3161 3450 3213 d.
3493 3151 3641 3227 VIII,

396 3241 508 3296 ind.
542 3259 578 3297 II
633 3247 813 3314 (quam
845 3247 1007 3302 etiam
1042 3250 1093 3303 iu
1123 3252 1245 3304 cod.
1271 3250 1468 3306 Ba'var.
1495 3264 1729 3317 exstare,
1757 3252 1914 3320 paulo
1968 3264 2092 3304 an'e
2147 3248 2590 3313 signiﬁcavimus,
2631 3247 2723 3302 sed
2756 3247 2900 3302 conf.
2937 3249 3068 3302 ibid.
3098 3258 3210 3303 not.
3241 3248 3508 3320 IIardtii);
3540 3265 3632 3306 ca-

396 3344 524 3391 que,
571 3330 866 3386 adnotante
915 3332 1199 3402 Bandinio,
1257 3337 1400 3392 edita
1448 3350 1529 3394 cst
1569 3339 1661 3394 Gr.
1703 3346 1754 3392 ct
1783 3337 1895 3391 Lat.
1937 3337 1988 3390 in
2046 3338 2133 3391 ed.
2181 3334 2474 3391 Concilior.
2515 3346 2645 3389 tom.
2681 3334 2801 3398 cit.,
2837 3351 2888 3404 p.
2919 3335 3008 3389 '55.
3040 3350 3161 3404 sqq.
3201 3366 3272 3377 --
3307 3335 3546 3394 Venetiis
3575 3329 3639 3394 in

396 3414 525 3470 bibl.
564 3417 727 3472 Marc.
753 3420 874 3474 cod.
905 3420 1030 3483 527,
1067 3421 1119 3474 in
1153 3438 1260 3490 quo
1305 3425 1465 3478 etiam
1515 3425 1618 3479 alia
1666 3437 1792 3479 sunt.
1827 3442 1948 3493 opp.
1977 3438 2146 3491 caque
2193 3423 2490 3475 secundum
2542 3419 2814 3484 ordinem,
2843 3435 2869 3472 a
2900 3420 3149 3477 Fabricio
3184 3421 3542 3493 designatum,
3573 3422 3641 3478 u.'

397 3501 450 3561 7,
488 3503 572 3567 Ili,
622 3506 678 3569 4,
713 3505 798 3571 17,
842 3507 906 3564 18
933 3519 985 3563 et
1045 3509 1130 3573 I9,
1165 3509 1350 3565 Graece
1377 3521 1428 3565 et
1453 3511 1663 3566 Latine.
1693 3543 1761 3553 —-
1792 3510 1928 3566 Ibid.
1961 3511 2011 3565 in
2045 3511 2167 3564 cod.
2197 3508 2322 3572 589,
2355 3506 2452 3562 0r.
2503 3507 2568 3562 de
2591 3509 2806 3573 unione,
2853 3507 2982 3562 item
3015 3523 3123 3563 sec.
3161 3508 3404 3564 ordinem
3441 3510 3630 3566 Fabri-

395 3591 487 3655 cii,
527 3608 578 3644 n.
613 3592 664 3659 6,
697 3594 728 3648 9
755 3603 808 3647 et
846 3595 929 3650 I6.
963 3596 1024 3651 V.
1059 3607 1162 3651 cat.
1195 3598 1352 3652 codd.
1400 3599 1492 3653 Gr.
1523 3598 1712 3660 Mare.
1776 3615 1826 3666 p.
1861 3598 1964 3652 285
1998 3607 2050 3651 et
2089 3597 2212 3652 509.
2247 3627 2311 3636 --
2341 3595 2415 3650 De
2441 3596 2560 3649 cod.
2615 3595 2788 3650 Paris.
2824 3610 2874 3650 ν.
2905 3597 2970 3649 ad
3005 3611 3059 3652 n.
3094 3596 3146 3648 7.
3201 3594 3298 3650 lin.
3327 3626 3398 3638 -—
3423 3596 3629 3653 Vindo-

396 3679 525 3734 bon.
583 3681 633 3734 in
669 3685 788 3736 cml.
824 3683 962 3739 Cres.
1011 3685 1138 3752 9.57,
1191 3703 1244 3741 ιι.
1277 3686 1328 3753 7,
1369 3684 1464 3742 0r.
1496 3688 1558 3742 de
1598 3690 1865 3741 unionein
1913 3685 2141 3740 concilio
2196 3683 2508 3738 Florentino
2545 3697 2596 3736 a.
2659 3683 2797 3737 1459
2830 3683 3030 3737 habita.
3087 3682 3151 3737 ν.
3185 3681 3439 3739 Latnbec.
3475 3683 3537 3752 V,
3569 3671 3640 3754 pf

397 3767 523 3823 566.
555 3797 621 3811 -—
645 3768 849 3823 Latinae
880 3781 1041 3828 oratt.
1069 3774 1206 3827 binm
1236 3775 1298 3828 de
1324 3776 1536 3840 unione,
1567 3790 1688 3829 cuzn
1725 3776 1843 3828 aliis
1899 3772 2231 3828 Bessarionis
2262 3770 2377 3824 Lat.
2412 3784 2538 3839 opp.
2569 3767 2810 3825 Venetiis
2841 3770 2892 3824 in
2929 3769 3063 3826 bibl.
3100 3770 3267 3827 Marc.
3304 3773 3462 3828 codd.
3501 3773 3625 3838 23b,

397 3869 461 3908 ac
494 3857 664 3909 tribus
685 3872 840 3924 seqq.
873 3855 934 3912 γ.
973 3859 1089 3914 Lat.
1121 3871 1173 3914 et
1202 3861 1384 3914 Italica
1421 3861 1481 3917 D.
1507 3861 1666 3914 Marci
1692 3861 2015 3914 bibliotheca
2047 3860 2203 3912 codd.
2234 3874 2360 3922 mss,
2387 3856 2581 3912 Venet.
2620 3857 2774 3922 1711,
2811 3857 2930 3922 fol.,
2956 3875 3008 3927 p.
3039 3857 3104 3911 77
3139 3874 3288 3928 sqq.,
3321 3868 3374 3915 et
3398 3860 3627 3916 adnota-

399 3951 508 4007 tur,
572 3951 858 4011 utramque
924 3947 1224 3999 orationem
1269 3957 1489 4002 exstare
1554 3946 1975 4001 inconciliormr

2049 3945 2236 3998 [δείΜωί
2291 3943 2425 3998 edit.
2466 3942 2694 4007 Veneta,
2753 3944 2912 4000 1752.
2945 3961 2997 4012 ι).
3032 3946 3123 4010 55,
3153 3947 3280 4013 599,
3313 3947 3444 4002 467.
3475 3976 3543 3988 -
3569 3948 3625 4004 In

398 4027 765 4085 Montl‘aucon.
814 4029 954 4085 Bibl.
1008 4031 1246 4087 biblioth.
1297 4051 1423 4088 mss.
1475 4035 1558 4088 Ita:
1619 4041 1781 4088 oratt.
1822 4032 2032 4100 aliaque
2085 4031 2420 4085 Bessariouis
2450 4044 2578 4100 opp.
2615 4031 2664 4084 in
2695 4033 2859 4086 variis
2892 4033 3048 4087 codd.
3083 4041 3139 4087 ut
3166 4033 3456 4101 plurimum
3489 4035 3629 4090 baud

400 4117 668 4171 distinctae
696 4128 1026 4184 occurrunt;
1054 4133 1347 4188 eorumque
1379 4121 1606 4175 indicem
1643 4121 1818 4175 verbis
1847 4117 2228 4174 Montlauconii
2284 4117 2611 4188 subiungere
2658 4117 2841 4171 licebit
2867 4135 2882 4172 :
2911 4133 3035 4187 pag.
3065 4118 3170 4174 489
3203 4119 3269 4180 Α.
3306 4119 3512 4176 Patavii
3542 4138 3627 4193 ap.

401 4203 709 4264 Fichetum.
742 4202 1086 4259 Bessarionis
1120 4207 1416 4272 orationes;
1454 4222 1508 4274 p.
1545 4205 1645 4261 109
1677 4207 1741 4259 Α.
1771 4216 1826 4259 et
1855 4205 1957 4260 111

2074 4205 2296 4276 (Romae
2353 4204 2407 4259 in
2461 4204 2591 4260 bihl.
2626 4203 2799 4259 Vatic.
2827 4222 2882 4271 n,
2918 4205 3081 4271 2526,
3117 4206 3256 4262 3585
3285 4218 3338 4262 et
3365 4209 3528 4276 5586,
3565 4224 3630 4266 ac

401 4291 560 4358 1057,
613 4292 756 4345 varia
791 4291 1100 4361 opuscula.)
1129 4321 1198 4331 —
1225 4294 1352 4363 Pag.
1408 4294 1510 4349 I86
1543 4295 1604 4355 Α,
1649 4293 1783 4348 ibid.
1812 4294 1862 4347 in
1919 4294 2043 4349 cod.
2085 4293 2344 4350 Ottobon.
2381 4307 2464 4349 or.
2497 4292 2565 4346 ad
2597 4293 2878 4362 synodum,
2911 4303 3044 4364 etp.
3077 4294 3202 4350 191.
3230 4294 3295 4350 Β.
3327 4296 3462 4354 Ibid.
3489 4299 3630 4357 liber

401 4379 742 4449 dogmaticus
791 4378 857 4432 de
910 4379 1135 4445 unitate,
1187 4379 1278 4434 Gr.
1331 4391 1464 4435 tom.
1517 4380 1578 4448 II,
1613 4396 1734 4450 pag.
1769 4380 1869 4436 169
1919 4381 1960 4436 C
1993 4391 2046 4436 et
2080 4380 2128 4435 D
2167 4395 2230 4435 ac
2259 4393 2384 4450 pag.
2447 4377 2552 4434 470
2582 4383 2648 4443 A,
2683 4394 2870 4449 opera,
2902 4380 3089 4439 Venet.
3127 4382 3183 4437 in
3207 4382 3340 4439 bibl.
3367 4382 3532 4442 Marc.
3559 4415 3628 4432 ν-

396 4465 528 4536 Pag.
571 4467 674 4521 485
708 4466 776 4528 Ε,
811 4481 948 4535 opus
1005 4467 1070 4522 de
1100 4468 1299 4522 unione
1335 4467 1588 4523 Ecclesia:
1640 4467 1844 4524 Letiuze
1883 4483 2002 4524 cum
2059 4467 2265 4523 Graeca.
2296 4466 2486 4521 Venet.
2537 4465 2590 4521 in
2640 4466 2771 4522 bibl.
2805 4465 3122 4522 Iustiniani.
3158 4471 3309 4526 -—-P.
3342 4471 3469 4536 3H,
3508 4471 3630 4530 Flo-

398 4568 538 4609 rent.
573 4556 624 4608 in
670 4554 803 4608 bibl.
854 4552 1136 4620 Laurent.,
1185 4554 1322 4624 plut.
1369 4555 1458 4621 54,
1502 4556 1646 4610 inter
1696 4555 1851 4612 codd.
1900 4555 2226 4626 scriptorum
2256 4552 2465 4619 Latin.,
2498 4554 2619 4608 cod.
2647 4553 2702 4618 2,
2734 4569 2818 4608 or.
2855 4555 3094 4624 dogmat.
3128 4556 3195 4610 de
3226 4558 3441 4623 unione,
3467 4574 3625 4627 quam

394 4640 585 4696 Graece
639 4642 876 4696 habitam
929 4640 1180 4697 Bessario
1228 4643 1343 4712 ipse
1390 4643 1728 4710 postmodum
1779 4641 1904 4698 fecit
1957 4640 2249 4708 Latinam;
2303 4641 2596 4696 declaratio
2627 4641 2933 4710 aliquorum
2971 4657 3091 4712 quae
3118 4643 3172 4698 in
3201 4645 3343 4700 dicta
3379 4648 3629 4702 oratione

397 4731 766 4792 continentur,
831 4745 952 4798 qua:
999 4729 1204 4784 Graecis
1256 4729 1558 4796 notissima,
1613 4728 1817 4783 Latinis
1865 4731 2040 4800 ignota
2074 4737 2230 4794 sunt;
2264 4727 2342 4782 De
2371 4743 2614 4782 successu
2666 4728 2851 4797 synodi
2877 4726 3200 4784 Florentino:
3217 4741 3269 4800 et
3299 4733 3629 4801 processionc

395 4816 543 4885 Spir.
581 4815 682 4880 Sti,
709 4830 756 4870 s.
790 4815 941 4886 Epist
971 4815 1036 4869 ad
1068 4815 1336 4880 Alexium,
1364 4829 1498 4880 etc.,
1535 4817 1766 4885 primum
1798 4815 1984 4872 Graece
2012 4816 2150 4871 liber
2178 4817 2378 4880 editus,
2416 4815 2611 4870 deinde
2643 4815 2710 4869 ab
2738 4816 2852 4884 ipso
2882 4814 3086 4872 Latinis
3117 4817 3315 4876 litteris
3351 4820 3625 4886 donatus;

403 4905 739 4974 Defensiones
793 4905 922 4958 recti
970 4903 1319 4973 catholicique
1369 4905 1625 4974 dogmatis
1647 4904 1978 4968 Latinorum,
2021 4902 2274 4959 videlicet
2318 4901 2386 4956 de
2439 4915 2682 4971 process.
2721 4899 2866 4970 Spir.
2893 4902 3006 4957 Scti
3037 4904 3297 4960 adversus
3329 4905 3623 4973 Palamant,

395 4992 554 5062 cujus
581 4992 1037 5048 contradictiones
1069 4990 1223 5046 Vecci
1250 4992 1583 5060 argumentis
1643 4991 1991 5046 confutantur
2019 5010 2033 5056 ;
2072 5019 2145 5031 —
2167 4988 2409 5058 Epistola
2454 4989 2715 5057 generalis
2752 4990 2820 5042 ad
2844 4988 3075 5056 ercos,
3110 4993 3406 5047 exhortans
3436 5007 3530 5046 eos
3561 4993 3627 5047 ad

398 5080 760 5135 obedientiam
807 5077 1065 5133 Romana:
1111 5077 1383 5144 Ecclesiae,
1417 5090 1548 5147 etc.,
1580 5089 1633 5134 et
1665 5081 1728 5133 de
1758 5080 2022 5136 electione
2070 5093 2165 5132 sua
2197 5079 2252 5133 in
2296 5078 2692 5145 patriarcltam,
2721 5094 2882 5148 qualn
2911 5079 3008 5134 Gr.
3036 5090 3090 5134 et
3121 5079 3240 5134 Lat.
3279 5080 3441 5147 fecit;
3467 5110 3536 5121 —
3563 5081 3628 5136 de
3657 5137 3664 5158 ι

394 5176 726 5223 sacramento
796 5167 1188 5232 Eucharisriaa;
1219 5198 1284 5210 -ρ
1316 5169 1524 5224 deloco
1575 5167 1846 5237 Evangelii
1890 5166 2114 5222 Joannis
2147 5169 2221 5233 (ν.
2254 5167 2415 5222 Fabr.
2453 5184 2505 5221 n.
2545 5166 2618 5220 21
2655 5167 2816 5237 infra)
2850 5185 2941 5233 ;—-
2971 5169 3125 5222 Orat.
3160 5169 3225 5223 ad
3254 5183 3404 5222 arma
3439 5178 3625 5224 contra
3657 5161 3665 5220 ἶ

399 5256 606 5310 Turcas
647 5255 998 5322 capessenda,
1048 5256 1226 5309 habita
1261 5254 1312 5308 iu
1369 5264 1634 5309 conventu
1702 5253 1989 5310 Mantuano
2022 5253 2103 5308 Pii
2135 5254 2176 5309 ll
2211 5255 2402 5324 poutil'.
2464 5257 2624 5310 Rom.
2650 5253 2802 5320 jussu
2829 5266 3154 5324 congregato
3196 5255 3417 5324 (prodiit
3451 5255 3624 5311 Islebii

397 5360 448 5398 tt.
482 5343 668 5416 I003);
699 5373 772 5384 —
796 5347 888 5398 0r.
925 5343 1094 5398 altera
1131 5344 1415 5412 ipsiusmet
1447 5343 1767 5411 argumenti,
1803 5342 1981 5396 habita
2016 5343 2070 5396 in
2103 5350 2365 5395 conventu
2397 5338 2858 5410 Norimliergcnsi,
2887 5357 3011 5395 cum
3049 5342 3162 5397 illic
3198 5343 3409 5412 legatus
3457 5355 3620 5408 esset,

397 5433 584 5486 soluto
630 5433 918 5488 Mantuano
963 5442 1263 5498 conventu;
1293 5431 1563 5501 replicatio
1602 5431 1672 5484 ad
1705 5431 2088 5500 responsionem
2122 5429 2413 5500 legatorum
2448 5426 2758 5488 Germania},
2794 5429 2966 5496 ejusd.
3003 5430 3297 5498 argumenti
3325 5449 3416 5499 ;—
3437 5446 3624 5486 eorum

395 5540 518 5596 qua:
554 5537 673 5594 post
713 5526 1011 5595 proximam
1065 5524 1182 5594 ejus
1211 5523 1614 5593 replicationem
1675 5532 1857 5576 secuta
1886 5530 2034 5584 sunt,
2081 5519 2244 5574 brevis
2277 5530 2325 5574 et
2363 5521 2630 5573 succim-ta
2691 5519 2997 5582 enarratio;
3024 5549 3093 5560 —-
3122 5531 3260 5574 orat.
3297 5521 3476 5574 habita
3532 5535 3625 5591 pro

395 5614 505 5668 line
535 5625 589 5667 et
632 5613 1084 5670 solutione‘conv.
1117 5611 1473 5679 Viennensis;
1508 5640 1572 5650 —
1602 5608 1841 5678 Epistola
1868 5609 2158 5678 legatorum
2189 5607 2426 5662 UIIIIIItItIt
2451 5605 2751 5660 Germaniae
2805 5605 3097 5676 principum
3130 5607 3194 5660 ad
3229 5606 3626 5672 Bcssarinnem,

395 5712 570 5769 apost.
626 5704 774 5758 sedis
833 5713 1203 5772 tcgalum;-—-
1234 5699 1560 5755 Bessarionis
1604 5697 1870 5766 responsio
1915 5697 1982 5749 ad
2043 5696 2380 5760 legatos;-——
2409 5693 2584 5764 ejuzd.
2649 5693 2952 5748 incivitate
3003 5691 3420 5764 Bononialegati
3451 5696 3626 5749 oratio

396 5780 598 5853 habita,
643 5805 762 5846 cum
801 5789 1004 5844 Ludov.
1042 5788 1373 5843 Bcntivolcn.
1416 5786 1608 5841 vexillo
1639 5790 1883 5847 donaret,
1920 5799 2074 5852 quem
2102 5783 2349 5840 Nicolaus
2391 5783 2427 5836 γ
2492 5783 2650 5836 natali
2683 5781 2985 5835 SCI'VJIOI‘IS
3025 5793 3180 5836 nocte
3227 5799 3355 5835 tflISt‘.
3391 5787 3623 5838 donave-
