3990 6218
351 325 488 369 CXLV
1463 302 1611 364 NOT
1623 305 1780 364 [TIA
1823 304 1901 362 ΙΝ
1949 301 2516 376 BESSARlONEM.
3455 319 3611 360 CXLVI

356 440 480 496 rat;
508 457 582 469 —
619 437 761 482 orat.
809 427 863 480 in
903 421 1305 493 caputAndrete
1368 422 1612 492 apostoli,
1655 436 1684 473 e
1719 421 2086 487 Peloponneso
2142 420 2367 474 Romam
2423 423 2642 476 allatum
2680 431 2786 478 etc.
2814 452 2885 463 —
2918 423 3090 476 oratio
3133 425 3200 476 ad
3254 422 3483 478 Paulum
3518 425 3614 484 III

353 519 546 591 pontif.
579 527 624 571 et
652 526 888 570 oratores
944 511 1120 568 Italia:
1149 512 1220 570 de
1253 512 1504 581 periculis
1541 510 1635 563 loli
1667 508 1829 562 Italia:
1861 507 2268 561 imminentibus
2292 525 2306 572 ;
2332 539 2402 551 --
2433 525 2512 562 or.
2546 510 2611 564 ad
2642 510 2858 564 eosdem
2901 511 2969 564 de
3001 511 3289 565 discordiis
3319 513 3598 582 sedandis,

356 617 412 662 et
445 606 592 661 bello
627 605 680 659 in
711 602 919 657 Turcas
950 603 1332 666 decernendo;
1369 631 1439 641 —
1473 594 1707 664 Epistola
1737 595 1802 648 ad
1828 594 2046 646 Paulum
2089 592 2178 646 lll.
2243 594 2306 646 de
2335 595 2506 659 prima
2560 594 2859 663 Philippica
2893 595 3291 662 Demosthenis;
3317 627 3387 637 —
3419 597 3611 651 Deum-

356 693 572 750 sthenis
602 707 683 746 or.
716 691 805 745 illa
833 709 860 743 a
891 690 1221 744 Bessarione
1251 690 1535 751 traducta;
1561 714 1631 724 —
1653 685 1801 752 epist.
1843 681 1908 734 ad
1962 683 2208 734 eumdem
2241 682 2550 751 pontiﬁcem
2601 683 2668 738 de
2725 681 2915 736 eadem
2951 683 3238 750 oratione;
3275 715 3343 723 —
3368 684 3613 753 Epistola

360 785 428 834 ad
462 783 524 838 P.
559 780 618 832 1).
654 777 1028 832 Bessarionem
1062 776 1181 831 ord.
1228 777 1286 830 S.
1328 772 1605 827 Benedict.
1649 771 1894 826 soi-ient.
1947 765 2010 822 S.
2037 764 2286 831 Iustinae,
2328 777 2381 821 et
2439 767 2691 823 abbatem
2728 768 2788 823 S.
2824 768 3367 838 SeveriniNeapolis,
3401 773 3604 840 scripta

357 867 545 921 Romae
585 879 635 930 ι’,
672 865 812 931 Aug.
860 861 1017 916 1470.
1046 860 1262 916 Gratias
1288 861 1418 928 agit,
1451 859 1593 928 quod
1642 870 1833 926 prorex
1904 851 2294 920 Neapolitanus
2316 867 2376 906 se
2411 867 2532 906 cum
2588 853 2758 922 copiis
2798 855 2914 910 suis
2981 856 3244 910 adversus
3275 856 3482 910 Turcas
3516 873 3612 926 pa-

357 955 692 1008 ratissimum
731 952 845 1004 fore
876 960 1179 1018 spondeat;
1211 977 1280 989 —
1309 949 1440 1001 Acta
1469 945 1735 1014 generalis
1764 958 1814 996 ο(
1834 950 1970 994 tavm
1998 940 2208 1008 synodi,
2241 940 2342 992 sub
2380 939 2614 1008 Eugenio
2651 939 2719 994 ιν
2752 940 3014 996 Ferrarius
3045 942 3292 1011 inceptte,
3329 942 3612 1000 Florentize

356 1054 488 1092 vero
515 1046 773 1106 peractae,
800 1051 830 1089 e
859 1035 1048 1090 Graeco
1076 1035 1128 1089 in
1163 1034 1342 1088 Latin.
1376 1046 1546 1101 nuper
1582 1030 1852 1087 traducta,
1889 1027 2184 1095 interprete
2222 1025 2464 1081 Barthol.
2491 1028 2800 1083 Abrahamo
2831 1028 3074 1086 Cretensi
3101 1047 3116 1096 ;
3152 1059 3220 1070 --
3259 1032 3388 1085 item
3419 1030 3609 1085 Bessa-

355 1127 528 1179 rionis
566 1152 635 1163 —
667 1122 853 1176 Oratio
883 1122 949 1176 ad
979 1121 1196 1176 Graecos
1227 1120 1405 1174 habita
1433 1135 1548 1188 qua:
1579 1114 1887 1169 inscribitur
1919 1113 2219 1180 dogmatica
2251 1141 2321 1152 —-
2355 1114 2478 1169 eod.
2535 1113 2857 1170 Bessarione
2893 1117 3223 1186 interprete;
3258 1117 3430 1185 ejusd.
3475 1116 3610 1170 Bes-

352 1227 465 1269 sar.
487 1228 571 1281 ep.
605 1213 669 1265 de
699 1225 941 1265 successu
967 1210 1130 1276 ipsius
1163 1209 1348 1278 synodi
1381 1223 1441 1260 ac
1472 1208 1534 1258 de
1561 1204 1704 1270 Spir.
1734 1201 1788 1256 S.
1827 1201 2171 1270 processione.
2204 1203 2273 1254 ad
2310 1202 2554 1255 Alexium
2582 1202 2882 1268 Lascarim,
2909 1203 3031 1259 eod.
3066 1204 3395 1272 interprete;
3426 1204 3612 1258 Roma;

352 1315 445 1370 ap.
481 1302 608 1354 Ant.
646 1299 868 1354 Bladum
902 1299 968 1352 de
993 1297 1181 1362 Asula,
1215 1295 1372 1350 1526.
1404 1295 1458 1348 in
1491 1294 1586 1348 l'ol.
1629 1292 1688 1346 ν.
1720 1290 1896 1345 Catal.
1932 1289 2022 1341 des
2052 1286 2231 1342 Livres
2265 1288 2339 1342 du
2386 1289 2588 1343 cabinet
2617 1291 2680 1342 de
2718 1320 2784 1330 —
2807 1288 3062 1358 Gaignat,
3099 1305 3198 1358 par
3228 1289 3374 1345 Guil.
3407 1289 3608 1345 Franc.

349 1390 414 1440 de
437 1387 612 1449 ,Bure,
643 1396 772 1439 tom.
805 1385 847 1446 1,
880 1399 931 1454 p.
963 1385 1053 1448 61,
1086 1392 1140 1438 et
1163 1382 1279 1438 Cat.
1313 1381 1444 1454 bibl.
1477 1379 1653 1445 Lei.l.,
1693 1395 1746 1448 p.
1775 1379 1864 1432 27.
1889 1407 1920 1417 -

2035 1393 2045 1430 ι
2099 1384 2228 1432 tom.
2287 1375 2331 1430 ll
2396 1377 2624 1446 operis:
2687 1377 2753 1431 Ἦ
2817 1378 2948 1446 ἁγία
2994 1377 3091 1432 καὶ
3148 1379 3503 1449 οἱκουμενικὴ
3553 1381 3611 1432 ὲν

352 1473 670 1544 Φλωρεντὶᾳ
706 1451 945 1536 σύνοδός,
977 1469 1017 1525 1⁵.
1048 1486 1098 1524 a.
1130 1485 1184 1538 p.
1216 1451 1478 1534 187-273,
1515 1478 1599 1523 est
1623 1477 1765 1522 orat.
1799 1466 1928 1535 dogn

2022 1463 2118 1520 lete
2157 1465 2338 1520 versio
2377 1465 2498 1519 Lat.
2537 1466 2606 1520 ab
2639 1465 2760 1533 ipso
2787 1465 3104 1521 Bessarione
3140 1466 3308 1533 facta,
3343 1477 3395 1520 et
3426 1466 3598 1520 multo

350 1561 572 1631 longior
603 1573 762 1629 quam
795 1572 858 1612 ea
891 1571 1010 1626 quae
1038 1555 1228 1612 Greece
1276 1554 1474 1624 scripta
1535 1554 1637 1609 fuit
1665 1556 1732 1608 ab
1757 1555 1878 1622 illo;
1931 1561 1984 1610 et
2027 1552 2200 1623 ipsius
2243 1550 2458 1606 Bessar.
2488 1549 2668 1607 versio
2695 1551 2816 1606 Lat.
2849 1567 2965 1608 sua:
3001 1553 3387 1608 Declarationis
3426 1554 3602 1624 (post-

351 1650 472 1703 hac
499 1662 554 1701 ιι.
583 1645 647 1698 21
682 1649 1033 1712 memoratas).
1066 1643 1128 1698 V.
1165 1643 1471 1712 Baumgart.
1503 1642 1814 1696 Nachricht.
1848 1659 1946 1698 von
1976 1640 2280 1696 merkwitrd.
2313 1637 2575 1704 Bt’tchern,
2612 1647 2744 1694 tom.
2773 1638 2865 1706 1X,
2907 1655 2959 1710 p.
2986 1641 3085 1696 451
3121 1655 3204 1710 sq.
3235 1640 3410 1696 Hane.

421 1735 478 1788 5.
519 1731 757 1801 Physica:
780 1731 1248 1785 demonstrationes
1291 1728 1355 1784 de
1384 1729 1514 1797 Deo,
1547 1730 1614 1783 de
1653 1729 2059 1785 immortalitate
2109 1729 2302 1782 animae
2331 1735 2386 1780 et
2430 1727 2500 1781 de
2556 1726 2929 1782 incarnatione
2961 1724 3184 1792 Christi,
3218 1743 3349 1783 mss.
3380 1727 3435 1783 in
3471 1727 3603 1784 bibl.

350 1821 651 1877 Bodleiana
667 1859 680 1872 .

422 1912 479 1965 4.
507 1909 707 1963 Contra
731 1905 975 1960 Marcum
1006 1903 1312 1974 Ephesium,
1350 1918 1474 1958 cum
1500 1904 1568 1959 ad
1602 1904 1784 1974 priora
1823 1903 1940 1972 ejus
1993 1902 2169 1971 capita
2207 1916 2320 1954 xvu
2368 1899 2577 1956 Latinis
2618 1901 2869 1969 opposita
2905 1902 3274 1971 respondisset
3308 1903 3609 1971 Gregorius

302 1990 310 1995 ’
350 1996 806 2068 protosyncellus,
847 2003 900 2049 et
934 2005 1128 2049 caetera
1161 1992 1440 2048 absolvere
1472 1993 1698 2062 perlata
1736 1991 1929 2046 fuisset
1981 1988 2305 2058 prohibitus.
2339 1985 2477 2043 Vide
2527 1987 2818 2042 Arcudium
2875 1988 2970 2043 lib.
3007 1988 3051 2042 ll
3103 1987 3177 2042 De
3215 1989 3517 2052 concordia,
3549 2003 3602 2058 p.

351 2086 481 2141 115.
539 2083 820 2138 Allatium.
882 2096 1005 2152 pag.
1063 2079 1190 2145 952,
1228 2089 1283 2135 et
1307 2079 1652 2135 Lambecium
1701 2080 1795 2133 lib.
1831 2095 1880 2143 v,
1921 2091 2043 2147 pag.
2074 2074 2195 2140 174,
2227 2073 2439 2145 (Fam)
2473 2087 2520 2129 ε.
2549 2089 2674 2142 pag.
2702 2073 2808 2128 566
2834 2074 3064 2140 Kollar.,
3092 2091 3152 2132 ιι.
3179 2074 3233 2129 6.
3262 2075 3398 2132 Cod.
3429 2076 3608 2130 257-

351 2172 563 2226 Blonac.
597 2170 651 2224 in
677 2169 802 2224 eod.
835 2167 1027 2222 Bavar.
1063 2169 1151 2220 ad.
1185 2183 1242 2220 ιι.
1277 2165 1334 2221 2.
1367 2167 1486 2230 cit.,
1510 2170 1649 2234 apud
1709 2165 1918 2230 llardt.,
1952 2179 2074 2234 pag.
2111 2162 2194 2227 12,
2231 2171 2356 2217 sunt
2405 2161 2500 2217 fol.
2541 2162 2684 2217 180:
2713 2161 2879 2216 Marci
2909 2163 3124 2231 Ephesii
3167 2162 3421 2234 Eugenici
3451 2178 3609 2235 capp.

349 2259 684 2329 syllogistica
719 2257 785 2310 ad
826 2255 1080 2318 Latinos;
1117 2252 1361 2322 sequitur
1394 2251 1490 2308 fol.
1529 2253 1661 2314 224,
1694 2252 2026 2306 Bessarionis
2081 2251 2360 2320 responsio
2409 2253 2474 2305 ad
2529 2262 2694 2319 caput
2752 2267 2913 2318 xv1tt,
2949 2269 3046 2317 per
3083 2254 3300 2308 modum
3342 2253 3605 2321 epistola‘.

351 2377 424 2388 —
473 2345 698 2400 l'enetiis
742 2345 798 2398 in
827 2342 958 2397 bibl.
993 2342 1156 2396 Marci
1196 2341 1318 2396 cod.
1363 2341 1489 2406 527,
1527 2343 1594 2396 ad
1650 2357 1707 2395 ιι.
1752 2341 1786 2394 2
1840 2341 1935 2395 cit.
1967 2367 2038 2377 —
2067 2336 2305 2393 Floreat.
2353 2338 2406 2391 in
2449 2338 2581 2392 bibl.
2624 2337 2884 2393 Laurent.
2947 2339 3070 2393 cod.
3139 2341 3223 2404 14,
3260 2356 3315 2394 ιι.
3342 2339 3428 2406 14,
3469 2338 3605 2408 plut.

356 2437 445 2499 10,
474 2433 662 2488 Marcii
702 2430 923 2501 Ephesii
951 2443 1104 2498 capp.
1134 2429 1380 2497 sequitur
1409 2428 1621 2496 Georgii
1654 2429 1918 2483 Scholarii
1966 2425 2245 2492 responsio
2285 2424 2350 2476 ad
2391 2437 2552 2492 capp.
2608 2438 2771 2478 t-xvu
2821 2423 3122 2492 inclusive;
3179 2435 3291 2479 tum
3322 2425 3605 2482 Bessario-

351 2525 440 2578 nis
470 2520 754 2589 responsio
812 2516 876 2570 ad
909 2531 1066 2586 capp.
1100 2515 1309 2584 reliqua
1357 2531 1466 2568 xxi.
1503 2512 1568 2566 V.
1593 2514 1816 2568 Batttlini
1861 2515 1981 2570 Cat.
2013 2515 2106 2567 cit.
2139 2512 2182 2574 Ι,
2243 2527 2364 2582 pag.
2397 2512 2524 2566 484.
2555 2542 2621 2553 -
2659 2511 2947 2568 Mediolani
3006 2513 3062 2568 in
3101 2514 3230 2568 bibl.
3256 2515 3506 2568 Ambros.
3539 2514 3606 2570 de

347 2622 597 2678 process.
620 2605 766 2674 Spir.
797 2603 908 2658 Scti
960 2612 1148 2657 contra
1174 2601 1412 2656 Marcum
1441 2601 1805 2671 Ephesinum;
1854 2611 2016 2672 epist.
2053 2604 2118 2656 ad
2158 2602 2424 2671 Ephesios
2469 2602 2532 2656 de
2577 2603 2679 2670 ﬁde
2705 2603 2967 2657 catholica
2993 2613 3041 2656 et
3078 2603 3301 2657 Romani
3341 2603 3606 2672 pontiﬁcis

349 2697 612 2762 primatu.
652 2690 716 2746 γ.
749 2689 1042 2746 Montlauc.
1073 2687 1215 2743 Bibl.
1253 2687 1490 2741 biblioth.
1527 2705 1677 2752 mss.,
1710 2705 1759 2758 p.
1803 2690 1906 2744 510
1939 2692 1998 2745 C.
2027 2724 2093 2733 —
2125 2691 2364 2748 Venetiis
2401 2695 2452 2745 in
2505 2693 2638 2752 bibl.
2688 2692 2855 2748 Marc.
2892 2696 2944 2748 in
2977 2692 3136 2748 codd.
3164 2692 3372 2746 Latinis
3410 2691 3514 2746 155
3546 2699 3605 2747 et

350 2784 565 2836 duobus
587 2794 740 2848 seqq.
772 2777 983 2832 Bessar.
1020 2776 1279 2831 adversus
1301 2785 1698 2844 argumentum,
1731 2793 1836 2844 quo
1868 2779 1920 2830 in
1959 2781 2147 2847 primis
2177 2781 2274 2834 niti
2324 2780 2530 2837 solebat
2580 2782 2792 2836 advers.
2821 2781 3142 2836 catholicam
3198 2781 3356 2834 iidem
3389 2779 3606 2834 Marcus

355 2868 717 2939 Ephesiorum
747 2864 973 2918 antistes
1007 2881 1020 2918 :
1052 2864 1170 2917 init.
1204 2859 1400 2930 Magna
1437 2861 1532 2915 illa
1558 2864 1696 2916 inter
1739 2863 1948 2919 (ἔναιε-οδ
1998 2877 2044 2920 et
2071 2865 2308 2921 Latinos.
2358 2867 2617 2936 Sequitur
2668 2867 2888 2923 Bessar.
2922 2867 3241 2936 opusculum
3272 2865 3339 2920 ab
3368 2866 3513 2930 aliis,
3543 2871 3603 2919 ut

352 2959 432 3008 ait
463 2963 653 3009 auctor
693 2963 800 3008 cat.
841 2951 998 3006 codd.
1030 2948 1185 3004 latin.
1222 2949 1351 3004 bibl.
1385 2949 1550 3004 Marc.
1579 2966 1699 3020 pag.
1734 2953 1824 3016 78,
1863 2953 2003 3007 haud
2041 2965 2396 3009 memoratum
2435 2972 2450 3008 :
2487 2953 2887 3024 Confatationes
2911 2956 3230 3024 reliquorum
3261 2963 3603 3024 argumento—

355 3043 477 3097 ru‘in
509 3042 675 3112 ipsius
710 3039 918 3114 Ephesii
947 3034 1196 3105 confecta:
1223 3044 1379 3106 atque
1407 3039 1580 3092 editte.
1615 3039 1693 3090 Αιι
1730 3039 1883 3107 prius
1912 3056 2102 3111 opusc.
2139 3043 2381 3097 continet
2414 3044 2822 3112 responsionem
2866 3043 2932 3097 ad
2967 3058 3087 3113 cap.
3113 3058 3263 3106 XVIII,
3332 3041 3605 3112 posterius

363 3141 547 3183 autem
585 3129 650 3184 ad
680 3126 884 3196 reliqua
911 3139 1067 3194 capp.
1105 3124 1510 3191 responsionem
1543 3125 1662 3196 (1)?
1687 3124 1854 3182 11Λιιι..

433 3217 486 3272 5.
515 3215 756 3284 Epistola
782 3215 849 3266 ad
880 3212 1092 3266 Thomte
1133 3208 1429 3281 Pala'ologi
1453 3211 1686 3280 ﬁliorum
1735 3215 2099 3286 paedagogum,
2154 3216 2434 3272 Anconam
2487 3217 2648 3273 missa
2677 3217 2844 3272 Roma
2875 3217 2909 3273 9
2963 3220 3100 3288 Aug.
3135 3217 3294 3282 1465,
3323 3225 3537 3273 servata
3569 3229 3602 3270 a

352 3305 598 3360 Pbranza
621 3318 702 3366 ιιι,
734 3301 825 3366 27,
855 3312 909 3357 et
948 3317 978 3355 ιι
1029 3299 1148 3357 Jac.
1178 3299 1420 3354 Pontano
1457 3300 1602 3354 uotis
1631 3299 1700 3354 ad
1731 3300 1928 3355 Pbranz

2025 3326 2026 3354 ξ
2055 3318 2108 3373 ιι.
2139 3302 2269 3359 509.
2335 3304 2541 3371 (ἔπταισε,
2593 3305 2786 3360 deinde
2811 3321 2840 3360 a
2866 3304 3098 3360 Meursio
3126 3307 3308 3360 Graece
3328 3313 3384 3359 et
3405 3303 3601 3359 Latine

352 3396 520 3456 edita,
551 3405 652 3445 nec
682 3403 787 3445 non
821 3403 888 3445 ex
918 3387 1138 3442 Meursii
1177 3385 1415 3441 editione
1445 3401 1474 3438 a
1504 3383 1742 3451 Labbeo,
1777 3396 1833 3440 ut
1863 3387 1974 3442 dixi
2039 3391 2236 3445 volunt.
2269 3388 2360 3457 Vl,
2399 3407 2452 3460 p.
2482 3391 2580 3446 241
2618 3392 2689 3464 [s.
2715 3407 2769 3463 p.
2805 3393 2909 3449 545
2935 3394 3038 3449 vol.
3071 3391 3162 3446 Vll
3195 3408 3248 3446 n.
3282 3390 3422 3462 et].
3458 3390 3603 3445 luci-

361 3483 438 3551 pit
468 3495 485 3531 :
519 3478 883 3540 Εὐγενέστατε
918 3478 1049 3545 ἄνερ
1078 3477 1175 3528 καὶ
1213 3471 1369 3542 ἡμῶν
1398 3472 1620 3541 φίλτατε
1659 3473 1848 3540 φίλων,
1907 3475 2172 3546 ἐδεξάμην
2203 3477 2300 3531 καὶ
2334 3478 2624 3548 πρότερον.

427 3567 482 3620 6.
519 3564 767 3634 Epistola
818 3565 886 3617 ad
923 3562 1168 3616 Alexium
1219 3558 1492 3614 Lascau'm
1524 3557 2031 3630 Philanthropenum
2065 3564 2207 3619 dicta
2233 3565 2519 3620 Antidotus
2575 3568 2640 3624 de
2669 3582 2922 3623 successu
2964 3569 3150 3640 synodi
3183 3569 3508 3626 Florentinte
3537 3579 3593 3627 et

355 3657 418 3707 de
443 3655 776 3723 processiane
801 3650 861 3706 S.
896 3649 954 3705 S.
990 3648 1182 3718 Incipit
1209 3663 1226 3702 :
1258 3647 1330 3698 Σὺ
1357 3646 1456 3714 μὲν
1482 3646 1543 3698 οὐ
1597 3648 1664 3698 τὰ
1693 3647 1931 3719 ἁνθρώπε

2053 3654 2256 3722 μόνον..
2295 3651 2482 3709 Graece
2516 3663 2572 3709 et
2614 3653 2802 3709 Latine
2826 3670 2895 3710 ex
2928 3655 3128 3726 duplici
3162 3658 3429 3722 versione,
3460 3659 3595 3715 Bes-

355 3741 596 3794 sarionis
643 3741 814 3806 ipsius
874 3737 1066 3802 altera,
1121 3736 1290 3789 altera
1336 3733 1579 3800 Arcudii,
1629 3734 1772 3788 edita
1818 3737 1885 3790 ab
1943 3739 2056 3808 ipso
2105 3741 2336 3797 Arcudio
2370 3742 2422 3794 in
2456 3740 2738 3812 Opusculis
2791 3745 2967 3798 aureis
3001 3745 3325 3815 theologicis,
3357 3747 3596 3816 vulgatis

356 3831 544 3882 Romae
586 3826 744 3889 1630,
778 3827 832 3892 4,
857 3833 911 3880 et
937 3825 1144 3879 recusis
1167 3822 1326 3886 1671,
1355 3823 1408 3877 4.
1447 3821 1639 3876 Latine
1672 3833 1848 3877 exstat
1888 3824 1940 3878 in
1963 3826 2220 3883 Conciliis
2265 3828 2468 3885 Labbei
2525 3838 2657 3885 tom.
2682 3829 2825 3896 X111,
2862 3847 2983 3901 pag.
3021 3833 3354 3894 1228-1262.
3382 3847 3436 3889 et
3461 3837 3596 3890 llar-

356 3915 503 3968 duini
561 3922 694 3968 tom.
744 3911 836 3976 ιιι,
886 3927 1008 3981 pag.
1069 3909 1400 3965 1045-1077.
1428 3907 1686 3996 Fanna—
1707 3909 1807 3965 Ms.
1839 3909 2138 3971 Vindobon.
2190 3915 2243 3971 in
2295 3917 2418 3972 cod.
2483 3917 2622 3973 Cas.
2653 3917 2781 3982 257,
2815 3935 2868 3972 ιι.
2894 3919 2947 3973 8.
2986 3917 3048 3974 V.
3084 3919 3336 3974 Lambec.
3372 3921 3436 3986 V,
3470 3938 3594 3996 pag.

353 4000 481 4063 367,
516 4001 699 4069 ibique
733 4010 846 4053 not.
885 3999 1095 4053 Kollar.
1122 3999 1248 4051 add.
1283 3996 1536 4053 Lambec.
1577 3995 1637 4064 V,
1674 4012 1793 4067 uag.
1824 3999 1950 4068 516,
1979 4003 2031 4056 ἰιι
2062 4013 2190 4056 nota
2234 4004 2288 4068 1,
2325 4014 2379 4058 et
2407 4005 2610 4060 Kollar.
2636 4006 2950 4061 adnimadv.
2984 4007 3038 4062 in
3081 4018 3196 4062 not.
3225 4009 3289 4062 Β.
3327 4039 3398 4052 -
3425 3995 3600 4067 Vene-

353 4090 441 4143 tiis
472 4089 527 4140 in
557 4087 687 4142 bibl.
716 4085 884 4140 Marc.
922 4086 1044 4140 cod.
1078 4085 1203 4150 589,
1231 4094 1285 4138 et
1311 4085 1498 4138 Latine
1534 4086 1677 4139 inter
1711 4088 1869 4142 codd.
1895 4085 2010 4142 Lat.
2043 4089 2104 4144 V.
2141 4094 2257 4146 Cat.
2289 4093 2433 4148 illius
2457 4095 2705 4148 biblioth.
2743 4094 2903 4149 codd.
2955 4095 3051 4150 Gr.
3085 4111 3208 4166 pag.
3237 4097 3363 4163 509,
3396 4113 3460 4153 ac
3493 4099 3599 4153 La-

354 4175 515 4228 tinor.
554 4189 676 4242 pag.
713 4173 798 4228 78.
829 4204 899 4212 —
924 4172 1161 4228 Floreat.
1196 4175 1247 4224 in
1280 4171 1400 4224 cod.
1457 4169 1712 4224 Laurent.
1747 4175 1847 4240 14,
1895 4191 1949 4231 n.
1980 4177 2032 4246 5,
2069 4181 2199 4249 plut.
2233 4181 2318 4236 10.
2345 4181 2409 4236 ν.
2448 4182 2675 4237 Bandin.
2705 4183 2744 4237 l.
2773 4199 2822 4237 c.
2848 4183 2890 4250 I,
2916 4199 3041 4254 pag.
3075 4183 3200 4250 485,
3227 4186 3317 4254 qui
3339 4187 3593 4253 adnotat,

351 4269 404 4324 id
428 4280 623 4334 opusc.
656 4263 844 4318 Latine
873 4272 1088 4318 exstare
1120 4261 1170 4314 in
1199 4259 1329 4314 edit.
1385 4258 1678 4314 Concilior.
1719 4259 1907 4319 Venet.
1941 4282 1990 4320 a.
2045 4269 2201 4334 1752,
2259 4280 2389 4324 ιοιιι.
2421 4269 2612 4335 XVIII,
2653 4287 2704 4337 p.
2766 4271 2904 4327 1244
2938 4287 3062 4344 sqq.
3093 4303 3164 4314 —
3188 4272 3345 4328 Conl.
3401 4274 3594 4329 Baum-

349 4367 540 4428 garteu
601 4352 910 4407 Nachricht.
966 4370 1064 4407 von
1119 4349 1436 4406 merkwiird.
1483 4351 1752 4419 Biichern,
1817 4368 1950 4412 tom.
1984 4356 2073 4422 Vl,
2103 4372 2223 4428 pag.
2257 4358 2383 4425 427,
2439 4358 2536 4412 451
2575 4375 2720 4430 sqq.,
2777 4361 2874 4416 451
2907 4377 3052 4432 sqq.,
3086 4371 3141 4422 et
3169 4378 3322 4432 supr.
3355 4364 3421 4418 ad
3448 4378 3503 4418 ιι.
3536 4362 3594 4419 2.

349 4446 526 4500 ﬂant“

419 4532 476 4585 7.
503 4530 761 4597 Apologia
787 4529 1033 4584 adversus
1061 4526 1371 4597 Gregorium
1399 4529 1677 4584 Palamam
1702 4547 1796 4601 pro
1821 4529 2042 4586 Joannis
2073 4531 2220 4586 Vecci
2249 4535 2567 4601 patriarcha:
2593 4535 2742 4606 Cpol.
2773 4536 2911 4592 libro
2933 4538 3191 4592 adversus
3218 4539 3596 4606 responsiones

347 4623 662 4675 Graecorum
693 4619 763 4673 de
808 4618 1148 4686 processione
1193 4616 1426 4685 Spiritus
1460 4621 1518 4676 ὃ.
1547 4636 1575 4674 a
1605 4620 1761 4676 Filio.
1812 4619 1998 4676 Griece
2023 4629 2078 4672 et
2098 4618 2216 4672 Lat.
2239 4620 2289 4673 in
2329 4619 2517 4674 iisdem
2557 4621 2852 4699 opusculis:
2878 4622 3118 4677 Fum—
3134 4623 3235 4680 Ms.
3269 4623 3503 4679 Venetiis
3538 4625 3594 4678 in

348 4707 514 4761 codd.
561 4705 724 4758 Marc.
775 4703 875 4758 527
906 4713 1090 4758 contra
1143 4721 1294 4776 capp.
1332 4704 1560 4760 Maximi
1586 4705 1844 4761 Planudis
1875 4709 1938 4760 de
1963 4709 2290 4773 processione
2335 4706 2475 4777 Spir.
2539 4707 2597 4764 S.
2631 4717 2686 4765 et
2711 4709 2833 4764 589.
2860 4720 3042 4765 contra
3072 4711 3344 4765 Palamam
3384 4729 3479 4781 pro
3501 4713 3589 4766 Jo.

360 4792 545 4848 Veceo.
577 4791 641 4846 V.
672 4801 782 4846 cat.
810 4793 927 4855 cit.,
957 4807 1009 4860 p.
1045 4792 1153 4848 285
1175 4803 1228 4848 et
1259 4793 1387 4860 510,
1422 4803 1476 4848 et
1509 4793 1706 4848 Latina
1743 4794 2071 4848 Bessarionis
2103 4797 2266 4850 versio
2297 4796 2350 4849 in
2399 4806 2633 4865 quatuor
2661 4798 2816 4854 codd.
2857 4796 2922 4853 ν.
2956 4807 3064 4854 cat.
3095 4800 3249 4853 codd.
3292 4797 3414 4852 Lat.
3459 4799 3589 4852 bihl.

350 4882 540 4944 Marci,
574 4895 626 4948 p.
657 4881 722 4934 78
743 4894 863 4949 sqq.
892 4879 1153 4936 —Paris.
1210 4882 1264 4935 in
1315 4883 1436 4938 cod.
1488 4882 1617 4938 bibl.
1663 4883 1810 4952 publ.
1857 4883 2013 4947 1270,
2059 4883 2112 4950 5,
2143 4895 2195 4936 et
2231 4882 2471 4940 Florent.
2501 4885 2555 4939 in
2579 4887 2700 4941 cod.
2734 4885 2994 4943 Laurent.
3028 4887 3115 4953 14,
3151 4903 3206 4940 ιι.
3239 4889 3293 4949 4,
3321 4886 3405 4940 Jo.
3448 4877 3592 4942 Vecci

347 4969 712 5034 inscriptiones
738 4964 879 5030 XII,
929 4968 981 5020 in
1013 4969 1300 5022 sententias
1331 4967 1434 5024 SS.
1461 4968 1708 5032 Patrum,
1741 4987 1872 5039 quas
1913 4971 2118 5041 collegit
2169 4971 2233 5025 de
2263 4987 2491 5039 process.
2533 4971 2677 5040 Spir.
2715 4973 2775 5029 S.
2803 4992 2918 5029 cum
2959 4975 3179 5030 totidem
3210 4973 3445 5043 Gregorii
3481 4972 3591 5028 Pa-

349 5060 504 5110 lama:
533 5054 988 5123 confutationiltus
1034 5066 1080 5108 et
1107 5054 1442 5110 Bessarionis
1473 5058 1727 5127 apotogiis
1752 5074 1772 5112 :
1801 5059 1900 5113 sub
1935 5060 2028 5113 lin.
2073 5059 2288 5114 illorum
2322 5075 2514 5128 opusc.
2568 5063 2876 5132 iterumque
2903 5078 2958 5116 ιι.
2995 5064 3047 5127 6,
3076 5060 3300 5115 Maximi
3328 5059 3590 5116 Planuda:

347 5147 419 5217 de
441 5158 673 5211 process.
705 5141 799 5209 Sp.
832 5139 892 5196 S.
922 5151 1102 5196 contra
1127 5142 1346 5197 Latinos
1373 5143 1666 5214 syllogismi
1701 5160 1776 5208 tv,
1804 5161 1924 5199 cum
1959 5145 2290 5200 Bessariouis
2322 5148 2767 5213 responsionibus.
2800 5149 2862 5203 VL
2891 5148 3121 5204 Bandin.
3153 5149 3193 5214 1,
3218 5165 3269 5205 c.
3301 5149 3341 5215 Ι,
3374 5165 3426 5219 p.
3456 5148 3585 5204 485.

347 5261 416 5270 -
448 5228 752 5283 Vindobon.
778 5229 832 5282 in
865 5229 988 5283 cod.
1020 5227 1172 5294 CCL,
1204 5246 1263 5284 n.
1292 5231 1382 5294 15,
1417 5231 1618 5294 varior.
1648 5230 1871 5286 Patrum
1905 5231 2084 5288 Latin.
2121 5235 2432 5291 testimonia
2458 5237 2524 5290 de
2549 5250 2790 5305 process.
2826 5235 2970 5306 Spir.
3005 5237 3090 5302 5.,
3123 5248 3178 5292 et
3214 5255 3266 5292 ιι.
3297 5237 3387 5292 14.
3423 5237 3584 5296 Becci

347 5335 394 5375 δ.
428 5319 592 5375 Vecci
638 5321 964 5391 epigraphte,
1010 5321 1258 5392 Gregorii
1303 5324 1539 5378 Palamae
1561 5324 1850 5378 coniutatt.
1903 5333 1955 5378 et
1999 5324 2336 5383 Bessarionis
2361 5332 2743 5398 responsiones
2767 5343 2861 5397 pro
2901 5327 3094 5384 Vecco.
3136 5327 3201 5383 Υ.
3235 5328 3489 5382 Lambec.
3523 5327 3584 5394 V,

347 5425 470 5477 pag.
496 5410 624 5475 516,
659 5410 839 5478 ibique
861 5419 978 5466 not.
1005 5410 1234 5475 Kollar.,
1268 5419 1322 5466 et
1350 5426 1474 5481 pag.
1504 5411 1608 5465 517
1636 5427 1779 5480 sqq.,
1815 5413 1907 5480 qui
1939 5428 2004 5467 ex
2033 5413 2228 5467 Allatio
2262 5412 2336 5465 De
2371 5409 2620 5466 Ecclesia:
2659 5411 2840 5466 Occid.
2873 5421 2920 5465 et
2955 5409 3157 5466 Orient.
3187 5419 3435 5479 perpetua
3460 5426 3589 5464 con-

347 5499 607 5566 sensione,
641 5515 694 5569 p.
727 5499 852 5566 766,
887 5499 1104 5569 longum
1134 5499 1308 5554 locum
1327 5499 1394 5553 de
1424 5500 1530 5554 illis
1580 5501 1870 5570 excerpsit,
1903 5499 2237 5569 notavitque,
2287 5499 2418 5554 ibid.
2475 5499 2598 5556 libr.
2630 5499 2720 5564 Ill,
2747 5513 2865 5568 cap.
2891 5499 2944 5564 5,
2980 5496 3006 5569 §
3061 5515 3097 5566 ι,
3133 5515 3253 5569 pag.
3301 5497 3431 5564 950,
3468 5511 3589 5563 8pc-

349 5716 360 5725 .
402 5657 482 5765 r(1)
511 5656 648 5718 Opus
670 5662 842 5767 οοὲιη
870 5655 1079 5708 Marcum
1103 5655 1370 5718 Ephesium
1391 5652 1640 5706 inchoavit
1663 5652 1964 5715 Scholarius,
1986 5651 2188 5702 absolvit
2216 5650 2494 5705 Bessarion.
2529 5650 2794 5714 Utriusque
2817 5659 3106 5716 argumenta
3137 5648 3348 5712 iunctim
3373 5652 3585 5705 edemus

349 5732 394 5767 ιιι
419 5733 468 5767 ra
498 5732 559 5767 ex
583 5730 699 5766 mss.
770 5731 867 5767 ιιι-ι’.

347 5730 468 5767 ιιιιη
498 5732 559 5767 ex
583 5730 699 5766 ([155.
729 5730 867 5769 ινιτ.
