3990 6218
402 350 488 391 cm
1550 305 1554 308 7
1591 339 1863 408 JOANN.
1902 345 2064 428 ALB.
2103 345 2447 407 FABRICII
3551 341 3656 398 cm

401 451 504 507 527
526 459 580 505 et
609 450 732 509 589.
765 449 830 508 V.
864 461 972 508 cat.
1003 452 1247 526 cit."pag.
1273 452 1380 511 285
1404 463 1456 510 et
1483 455 1926 513 509.—Florent.
1954 457 2010 514 in
2042 462 2161 514 cod.
2195 458 2456 515 Laurent.
2493 457 2578 522 10,
2614 473 2669 513 n.
2717 457 2770 524 8,
2806 458 2940 527 plut.
2985 457 3070 513 10.
3123 456 3185 512 V.
3240 457 3491 517 Bandin.’
3517 460 3557 514 l.
3588 477 3639 520 c.

401 543 439 608 l,
474 558 596 613 pag.
628 541 753 598 485.
779 573 850 582 -
882 543 1087 601 Monac.
1121 546 1173 600 in
1201 546 1324 601 cod.
1348 546 1439 601 27.
1473 546 1538 602 V.
1579 547 1767 604 ilardt.
1827 547 1865 602 1.
1891 563 1941 604 c.
1973 566 1977 598 :

1507 547 1538 602 Γ.
1579 547 1767 604 ilardt.
1827 547 1865 602 1.
1891 563 1941 604 c.
1973 561 2024 600 a.
2051 547 2213 611 1805,
2240 556 2383 616 part.
2411 543 2500 612 IV,
2529 560 2650 615 pag.
2684 545 2740 599 9.
2782 542 2954 599 1111111..
3079 610 3083 614 ⁴

477 631 560 684 17.
589 631 724 700 Περὶ
751 629 846 683 τοῦ
889 631 989 700 τῆς
1038 631 1188 700 ἱερᾶς
1218 633 1574 703 εὐχαριστίας
1607 635 1932 706 μυστηρίου,
1965 635 2058 686 καὶ
2086 634 2161 695 ὡς
2185 635 2296 696 τοῖς
2318 632 2410 686 τοῦ
2442 632 2644 702 Κυρίου
2673 632 2884 702 ῥήμασι
2933 631 3171 697 μάλιστα
3202 632 3528 686 τελειοῦται.
3584 631 3660 694 De

401 727 584 771 sancto
623 718 974 774 Eucharistia.’
1004 721 1270 790 mysterio,
1305 733 1353 776 et
1378 725 1516 794 quod
1545 739 1637 792 per
1663 725 1814 778 verba
1849 721 2060 776 Domini
2090 720 2317 772 maxime
2343 717 2402 786 ﬁt
2441 719 2788 782 consecratio,
2822 725 3010 772 contra
3040 716 3281 774 Marcum
3326 716 3644 787 Ephesium.

400 801 585 859 Graece
606 819 705 859 ms.
723 806 775 858 111
789 805 917 860 bibl.
941 805 1208 861 Cmsarea.
1232 809 1462 880 Incipit:
1488 808 1596 864 Τοῦ
1622 811 1768 881 ἱεροῦ
1792 811 1893 879 τῆς
1917 826 1976 861 συ

2086 824 2184 869 su);
2200 805 2677 875 καὶεὺχαριστίας.
2698 804 2831 859 Vide
2855 803 3203 860 Lambecium
3229 804 3291 869 V,
3311 820 3436 876 pag.
3465 806 3566 861 175
3589 806 3662 877 (α)

401 889 589 944 Latine
651 892 845 959 prodiit
904 894 956 947 in
1009 894 1356 951 Bibliothecis
1405 896 1623 951 Patrum
1655 907 1705 952 et
1753 897 2041 951 novissima
2083 894 2215 949 edit.
2263 893 2606 964 Lugdunensi
2642 903 2775 949 tom.
2806 891 3001 958 XXVI,
3034 907 3158 962 pag.
3188 892 3311 948 787.
3341 893 3492 960 Quod
3539 909 3666 949 vero

403 978 756 1042 Whartonus,
787 978 1113 1051 Allatiump.
1143 981 1265 1046 952,
1308 982 1384 1037 De
1414 1000 1665 1038 consensu
1705 992 1954 1045 secutus,
1991 981 2205 1050 scripsit
2241 981 2428 1037 Grazce
2453 993 2506 1037 et
2544 982 2736 1037 Latine
2771 980 3040 1048 prodiisse
3091 996 3216 1036 cum
3269 980 3524 1052 Liturgiis
3567 979 3668 1034 Pa-

400 1075 567 1142 trttm,
600 1065 825 1122 Parisiis
855 1067 1020 1132 1560,
1046 1068 1138 1124 fol.
1165 1084 1320 1123 error
1346 1079 1426 1124 est
1449 1071 1546 1140 (1),
1583 1086 1704 1124 nam
1733 1085 1835 1125 nec
1863 1070 2046 1124 Graece
2069 1084 2168 1125 nec
2191 1069 2382 1124 Latine
2412 1071 2483 1126 ibi
2505 1069 2738 1127 habetur
2762 1069 3101 1127 Bessarionis
3136 1069 3419 1140 scriptum,
3437 1067 3667 1124 habetur

397 1150 575 1207 auiém
606 1153 871 1223 scriptum
901 1152 1067 1210 Marci
1111 1155 1346 1223 Ephesii,
1375 1157 1517 1225 quod
1546 1157 1794 1210 Bessario
1815 1158 2162 1227 oppugnavit.

471 1239 734 1313 [Epitome
753 1240 1094 1297 historiarum
1138 1233 1364 1312 Appiani
1391 1242 1736 1296 Alexandrini
1758 1253 1804 1296 et
1836 1242 2073 1310 Epitome
2099 1243 2230 1299 bibl.
2279 1245 2404 1298 hist.
2441 1243 2660 1297 Diodori
2690 1241 2879 1307 Siculi,
2914 1242 3035 1299 scil.
3085 1242 3348 1298 librorum
3426 1243 3668 1312 quinque

399 1329 645 1396 priorum
710 1338 766 1383 et
818 1329 886 1384 ab
919 1345 974 1384 ιι
1013 1329 1081 1383 ad
1128 1343 1194 1381 xv
1233 1329 1520 1395 inclusive,
1566 1329 1754 1392 Venet,
1791 1331 1842 1384 in
1876 1330 2008 1384 bibl.
2057 1329 2224 1387 Marc.
2255 1333 2376 1386 cod.
2400 1331 2526 1386 525.
2557 1329 2624 1386 V.
2651 1330 2770 1386 Cat.
2818 1331 2916 1386 cit.
2956 1346 3010 1399 p.
3076 1329 3205 1385 282.
3250 1329 3452 1402 Hum.)

475 1415 766 1486 [Excerpta
800 1431 864 1470 cx
923 1415 1216 1482 Herodoto,
1252 1417 1401 1472 libris
1454 1414 1787 1486 Thucydidis
1837 1427 1891 1470 et
1919 1415 2051 1471 alior

2085 1434 2166 1486 im,
2233 1419 2488 1489 inscripta
2521 1432 2552 1472 a
2593 1417 2913 1472 Bessarione
2933 1415 3420 1486 παρασημειώσεις
3457 1415 3661 1485 ἡμέτε-

408 1521 518 1572 ραι,
567 1503 765 1569 λέξεων
793 1503 1044 1573 δηλονότι
1079 1507 1240 1557 τινῶν
1274 1505 1827 1574 καινοπρεπεστέρων
1859 1513 1964 1559 etc.

2082 1505 2406 1575 bjunguntur
2432 1504 2671 1573 Epitome
2705 1504 2874 1574 legum
2897 1503 3134 1558 Platonis
3155 1515 3200 1557 et
3219 1503 3442 1570 epitonia
3468 1503 3658 1556 libror.

410 1591 744 1660 Hermogenis
776 1592 837 1645 de
871 1592 1054 1661 {armis
1094 1594 1372 1656 orationis,
1407 1590 1601 1648 Venet.
1638 1594 1688 1647 in
1719 1593 1838 1647 cod.
1860 1591 2025 1650 Marc.
2050 1591 2177 1647 526.
2213 1589 2282 1645 V.
2334 1589 2455 1646 Cat.
2488 1592 2580 1646 cit.
2613 1605 2736 1660 pag.
2788 1589 2894 1645 281
2942 1604 3061 1660 seq.
3095 1618 3166 1631 -—
3195 1590 3476 1656 Quaedam,
3544 1603 3664 1658 qua:

408 1677 623 1732 Fabric.
670 1679 812 1733 inter
846 1694 969 1748 opp.
1014 1679 1348 1735 Bessarionis
1371 1680 1555 1734 Latine
1586 1681 1786 1747 scripta
1816 1678 2022 1746 retulit,
2066 1680 2228 1735 etiam
2263 1677 2442 1734 Grece
2495 1676 2744 1734 coniecta
2810 1689 2928 1732 esse
2961 1715 2979 1741 ,
3029 1675 3283 1746 deinceps
3339 1675 3670 1734 monstrabi-

411 1779 553 1819 mus.
597 1763 768 1820 HARL.

1725 1849 1982 1906 LATINE
2033 1848 2350 1906 SCRIPTA.

478 1962 567 2019 18.
600 1963 800 2018 Contra
835 1965 1271 2020 calamniatorem
1290 1962 1530 2021 Platonis
1574 1965 1905 2037 (Georgium
1957 1963 2414 2036 Trapezuntium)
2468 1964 2592 2020 libri
2626 1980 2701 2034 tv,
2731 1965 2903 2022 Venet
2936 2005 2949 2020 .
2989 1965 3130 2034 apud
3175 1963 3367 2018 Aldum
3420 1961 3559 2018 1505
3609 1968 3665 2017 et

408 2050 545 2105 1516
580 2052 674 2107 fol.
695 2052 828 2107 Vide
861 2053 998 2106 infra
1033 2070 1084 2122 p.
1119 2053 1242 2120 722,
1270 2055 1394 2110 750.
1425 2053 1668 2108 Ἐλεω-
1696 2054 1984 2112 bis.Grtect

2117 2053 2274 2108 netiis
2294 2053 2347 2106 in
2379 2051 2512 2107 bibl.
2535 2051 2702 2108 Marc.
2731 2053 2892 2108 codd.
2917 2052 3020 2107 198
3045 2060 3101 2106 et
3127 2051 3248 2107 199.
3267 2049 3455 2103 Latina
3486 2057 3662 2104 autem
3687 2111 3693 2114 _

407 2153 464 2207 in
487 2138 731 2206 ejusdem
761 2139 1098 2196 bibliothecae
1130 2141 1292 2195 codd.
1315 2139 1654 2210 quinque.V.
1685 2142 1803 2196 Cat.
1832 2142 1988 2197 codd.
2023 2155 2106 2210 gr.
2134 2139 2303 2194 Marc.
2333 2154 2456 2209 pag.
2483 2139 2604 2204 110,
2641 2149 2697 2194 et
2727 2138 2888 2196 codd.
2923 2137 3045 2196 Lat.
3097 2152 3218 2207 pag.
3254 2136 3356 2192 110
3407 2151 3523 2205 seq.
3574 2145 3660 2190 at-

409 2241 514 2294 que
545 2227 611 2280 cl.
663 2226 863 2280 Morell.
894 2243 994 2282 ms.
1023 2226 1163 2282 Bibl.
1197 2227 1286 2283 Gr.
1319 2237 1368 2281 et
1405 2227 1521 2282 Lat.
1550 2237 1679 2284 tom.
1718 2227 1758 2294 l,
1795 2243 1915 2300 pag.
1959 2229 2061 2283 120
2086 2225 2517 2297 sem—«Monac.
2551 2225 2646 2282 Gr.
2681 2227 2734 2280 in
2763 2225 2884 2280 cod.
2911 2225 3105 2280 Bavar.
3135 2225 3226 2279 80.
3255 2222 3324 2277 V.
3356 2221 3427 2279 cl.
3459 2221 3628 2278 Hardt
3648 2261 3663 2280 .

409 2319 463 2371 in
493 2318 699 2372 Aretini
753 2317 1076 2388 Beytrwgert,
1128 2333 1256 2374 ann.
1299 2318 1457 2385 1801,
1497 2330 1640 2387 part.
1683 2319 1736 2385 5,
1779 2333 1900 2390 pag.
1953 2321 1988 2375 «1
2022 2335 2138 2386 seq.
2176 2347 2247 2359 —
2285 2318 2473 2373 Latine
2497 2328 2628 2374 sunt
2659 2318 2824 2373 multa
2866 2316 3202 2372 Bessarionis
3223 2330 3391 2385 opera
3421 2313 3659 2370 Floreat.

409 2403 464 2458 in
527 2404 658 2460 bibl.
704 2403 962 2460 Laurent.
1021 2405 1180 2461 codd.
1249 2405 1275 2458 1
1325 2406 1467 2476 (qtne
1509 2416 1594 2461 est
1621 2405 1757 2460 edit.
1817 2407 2074 2477 princeps
2123 2405 2307 2474 Rom.)
2363 2413 2418 2459 et
2472 2403 2555 2471 2-,
2625 2403 2759 2474 plut.
2809 2404 2917 2470 54,
2983 2417 3103 2472 quae
3189 2417 3252 2457 ex
3302 2399 3666 2457 Montfaucon.

415 2490 555 2546 Bibl.
631 2491 994 2547 biblioth.ms.
1046 2509 1166 2564 pag.
1217 2493 1342 2559 541,
1396 2509 1556 2563 supra
1587 2495 1652 2548 ad
1677 2509 1732 2550 η.
1784 2495 1820 2546 2
1877 2492 1976 2549 iin.
2040 2494 2150 2563 jam
2201 2492 2642 2548 commemoravi.
2703 2521 2782 2552 —_
2823 2490 2968 2546 Editi
2998 2499 3125 2544 sunt
3153 2490 3226 2544 illi
3275 2489 3397 2544 libri
3420 2490 3657 2559 primum

419 2582 766 2650 Bessarionis
800 2612 874 2622 —
904 2583 1169 2637 Adversus
1199 2583 1634 2638 calumniatorem
1662 2583 1902 2638 Platonis
1929 2582 2050 2636 libri
2083 2580 2144 2648 V,
2169 2590 2223 2638 et
2271 2582 2346 2637 De
2365 2591 2559 2635 natura
2604 2590 2654 2634 et
2685 2589 2796 2635 arte
2833 2579 3082 2635 adversus
3141 2577 3332 2647 Georg.
3370 2576 3669 2645 Trapezun-

428 2673 556 2726 tium
589 2671 744 2735 liber,
779 2671 898 2724 sine
929 2679 1057 2724 uota
1091 2671 1242 2734 anni,
1270 2670 1456 2725 Romae
1501 2682 1708 2734 autem,
1753 2681 1811 2726 ut
1841 2687 1912 2725 ex
1939 2663 2188 2725 versibus
2213 2670 2267 2723 in
2308 2670 2456 2724 calce
2485 2668 2675 2736 positis
2703 2678 2947 2739 apparet,
2984 2667 3130 2739 typis
3168 2666 3336 2722 Conr.
3369 2664 3666 2736 Sehweyn-

425 2759 568 2815 beim
612 2767 666 2811 et
693 2757 922 2812 Aruoldi
975 2757 1268 2822 Pannartz,
1301 2759 1354 2811 in
1393 2757 1599 2814 aedibus
1629 2757 2008 2814 Maximorum.
2047 2756 2171 2811 Vid.
2198 2756 2386 2825 Angeli
2443 2755 2624 2811 Mariae
2655 2754 2820 2812 Card.
2856 2755 3068 2822 Quirini
3101 2754 3193 2808 lib.
3242 2752 3320 2806 De
3349 2752 3671 2819 optimorum

413 2847 730 2916 scriptorum
783 2843 933 2898 (ditt.
961 2861 1077 2914 qua,
1108 2843 1286 2899 Romae
1314 2847 1536 2912 primum
1569 2848 1896 2915 prodierunt,
1943 2856 2047 2900 etc.
2097 2860 2219 2913 pag.
2265 2843 2371 2896 227
2406 2857 2522 2911 seq.
2569 2843 2704 2898 edit.
2740 2840 2831 2898 Jo.
2880 2841 2979 2898 Ge.
3036 2840 3402 2903 Scbelboruii,
3439 2838 3670 2916 Lindav.

412 2915 570 2997 1761,
604 2934 838 3002 ﬁatque
863 2931 1185 2987 Schelhorn.
1216 2933 1268 2986 in
1313 2933 1448 2989 Nom
1517 2933 1674 2989 docet
1725 2951 1791 2988 ex
1846 2933 2085 3004 Epistola
2137 2933 2205 2987 ad
2248 2932 2452 3009 Marsil.
2490 2930 2736 2988 Ficinum
2788 2932 2955 3002 (inter
2983 2930 3252 2999 Epistolas
3283 2927 3445 2982 Mars.
3506 2915 3674 2981 Ficini

423 3017 664 3073 Venetiis
688 3035 816 3073 ann.
849 3019 1009 3084 H95,
1044 3019 1096 3075 in
1124 3019 1215 3075 fol.
1245 3036 1472 3076 excusas
1499 3021 1593 3076 lib.
1623 3037 1662 3085 1,
1695 3022 1788 3078 fol.
1811 3038 1861 3075 vr
1883 3039 1900 3088 ;
1922 3033 2014 3076 aut
2038 3022 2090 3076 in
2122 3019 2473 3074 blars.Ficini
2496 3019 2632 3090 Opp.
2658 3017 2830 3075 Paris.
2860 3019 3024 3084 1611,
3046 3028 3176 3072 tom.
3213 3015 3252 3080 Ι,
3285 3030 3405 3086 pag.
3438 3013 3564 3079 602,
3587 3013 3672 3068 ubi

412 3107 575 3159 etiam
605 3104 778 3160 Ficini
821 3104 1122 3174 Responsio
1144 3108 1359 3177 legitur)
1388 3123 1522 3177 opus
1549 3108 1679 3163 illud
1721 3124 1850 3163 ann.
1891 3108 1988 3162 166

2099 3112 2196 3178 tpis
2226 3123 2346 3164 esse
2385 3109 2754 3176 exscriptum;
2807 3107 2950 3163 idem
2982 3122 3048 3162 ex
3099 3105 3288 3162 eadem
3325 3103 3498 3158 Ficini
3560 3101 3675 3171 epia

423 3194 582 3258 stola,
613 3204 666 3248 et
692 3209 752 3248 ex
788 3193 943 3261 epist.
979 3191 1240 3262 Philclplti
1281 3196 1345 3248 ad
1375 3194 1769 3260 Bcssarionem,
1797 3195 1892 3250 lib.
1925 3211 2050 3251 xxxi
2078 3197 2252 3265 Epist.
2287 3195 2576 3265 Pbilelphi,
2604 3194 2794 3251 Venet.
2820 3193 2982 3259 1502,
3035 3192 3156 3259 fol.,
3207 3207 3329 3262 pag.
3356 3190 3483 3255 214,
3526 3203 3672 3244 com-

422 3281 744 3334 monstravit
775 3279 966 3334 Franc.
995 3278 1192 3337 Xaver.
1236 3279 1392 3335 Laire
1419 3281 1472 3334 in
1509 3279 1814 3350 Specimine
1845 3293 2044 3353 typogr.
2091 3283 2366 3346 Romanae,
2397 3282 2578 3337 Roma:
2610 3283 2768 3349 1778,
2799 3281 2854 3348 8,
2888 3298 3009 3352 pag.
3057 3280 3160 3334 145
3226 3295 3339 3350 seq.
3371 3277 3677 3331 Assentitur

413 3366 737 3421 Audifredus
775 3366 828 3419 ἱιι
855 3365 1114 3435 Catalogo
1138 3367 1488 3422 hist.-critico
1517 3366 1876 3422 Romanarum
1901 3369 2024 3424 edd.
2060 3385 2184 3424 saec.
2211 3386 2298 3433 xv.
2335 3370 2520 3424 Romae
2547 3370 2704 3425 1785.
2736 3371 2790 3436 4,
2818 3386 2943 3440 pag.
2969 3370 3031 3424 21
3065 3383 3182 3439 seq.
3234 3367 3373 3421 Add.
3411 3365 3676 3420 Clement.

414 3451 546 3509 bibl.
577 3454 643 3508 ad
682 3469 739 3507 1ι.
775 3453 844 3506 20
903 3454 1078 3518 citat.,
1120 3468 1243 3523 pag.
1313 3454 1439 3508 218.
1480 3454 1624 3510 Guil.
1657 3457 1723 3510 de
1774 3453 1914 3511 Bure
1941 3456 2058 3512 Cat.
2095 3458 2223 3512 bibl.
2291 3457 2415 3512 duc.
2472 3459 2539 3512 de
2585 3456 2660 3512 La
2693 3457 2946 3524 Valliere,
2988 3465 3120 3510 tum.
3178 3455 3221 3519 1,
3255 3469 3378 3524 pag.
3409 3451 3513 3508 569
3554 3464 3672 3521 seq.

419 3551 474 3596 et
513 3541 671 3596 Ferd.
709 3540 960 3596 Fossium
1012 3542 1064 3594 in
1093 3541 1212 3596 Cat.
1236 3541 1368 3595 bibl.
1401 3541 1749 3612 Magliabecb.
1788 3551 1918 3598 tom.
1952 3544 1994 3607 1,
2019 3561 2139 3613 pag.
2163 3545 2268 3598 515
2305 3561 2446 3615 seq.,
2477 3545 2571 3614 qui
2596 3544 2813 3613 copiose
2843 3545 3063 3600 disserit
3092 3551 3146 3597 et
3182 3542 3249 3596 de
3276 3541 3377 3595 hac
3425 3538 3540 3594 edit
3574 3576 3590 3592 .
3627 3545 3680 3591 et

423 3631 490 3680 de
530 3628 648 3696 ipso
685 3627 1003 3682 Bessarioue
1033 3629 1256 3696 ejusque
1287 3629 1686 3702 controversiis.
1724 3629 1797 3683 De
1835 3631 2034 3699 quibus
2060 3631 2224 3685 etiam
2257 3632 2488 3700 agitura
2522 3631 2733 3686 Boivin.
2777 3632 2829 3684 in
2855 3629 3066 3686 Comm.
3131 3644 3294 3698 supra
3363 3627 3430 3681 ad
3493 3641 3551 3679 11.
3615 3623 3678 3676 11

418 3715 652 3777 laudata,
684 3722 738 3769 et
767 3713 982 3793 quidem
1017 3730 1068 3782 p.
1107 3713 1212 3766 562
1237 3728 1352 3783 seq.
1387 3729 1530 3769 vers.
1561 3716 1629 3770 ab
1649 3714 1981 3772 -Heumanno
2017 3717 2189 3782 factae,
2221 3717 2376 3786 cujus
2407 3725 2587 3771 notam
2615 3718 2804 3784 addes,
2861 3717 2988 3772 item
3043 3713 3355 3772 Schroeckh
3383 3751 3398 3767 .
3471 3709 3680 3766 Hister.

417 3801 594 3855 εστιεδ.
642 3801 926 3854 Christian.
958 3809 1089 3854 tom.
1128 3799 1298 3866 XXX,
1337 3815 1456 3872 pag.
1498 3801 1604 3856 451
1639 3817 1756 3873 sqq.
1791 3801 1993 3858 Brucke

2104 3805 2357 3861 list.crit.
2415 3807 2606 3876 philos.
2653 3817 2787 3863 tum.
2825 3805 2918 3876 ιγ,
2968 3816 3111 3876 part.
3173 3822 3211 3870 1,
3249 3818 3370 3874 pag.
3434 3801 3498 3857 41
3565 3812 3680 3867 seq.

421 3899 473 3957 ct
509 3888 567 3940 71
612 3904 727 3956 seq.
771 3886 943 3940 Hane.

492 3976 577 4031 19.
629 3976 703 4030 De
747 3985 941 4030 natura
1008 3986 1053 4028 et
1116 3985 1248 4040 arte,
1320 3978 1436 4033 sive
1492 3993 1558 4032 an
1627 3987 1822 4034 natura
1883 3989 1935 4032 et
1973 3993 2061 4033 ars
2081 3981 2328 4036 consulto
2357 3997 2538 4052 agam.
2577 3984 2871 4036 ‘Aslversus
2929 3979 3178 4035 eumdem
3230 3973 3679 4043 Trapezuntium.

419 4066 500 4119 Ad
525 4065 724 4119 calcem
761 4065 872 4135 jam
900 4065 1164 4120 dictorum
1194 4081 1245 4119 IV
1282 4066 1563 4120 librorum.
1600 4065 1840 4121 Fann.—
1864 4068 2046 4123 Graece
2076 4068 2266 4122 Venet.
2301 4069 2351 4121 in
2386 4071 2506 4124 cod.
2534 4070 2697 4124 Marc.
2729 4067 2851 4130 198,
2880 4082 2942 4122 ac
2977 4065 3070 4120 Gr.
3096 4074 3150 4119 et
3177 4063 3295 4117 Lat.
3326 4063 3456 4116 ibid.
3483 4063 3536 4114 in
3566 4059 3684 4113 cod.

422 4154 524 4207 5.9.7
553 4153 612 4207 V.
643 4162 750 4208 cat.
781 4155 872 4206 cit.
905 4166 1026 4221 pag.
1065 4152 1162 4206 HO
1199 4162 1254 4206 et
1311 4153 1439 4219 285,
1479 4154 1553 4208 ib.
1611 4155 1756 4209 inter
1773 4157 1933 4210 codd.
1967 4157 2141 4211 Latin.
2175 4159 2193 4228 (
2226 4174 2346 4228 pag.
2386 4174 2447 4212 111
2473 4157 2691 4220 Catal.)
2736 4158 2858 4212 cod.
2904 4155 3030 4210 229.
3082 4182 3154 4193 -
3213 4151 3388 4205 Paris.
3447 4151 3498 4204 in
3552 4147 3682 4203 bibl.

425 4243 572 4310 publ.
606 4234 724 4295 rod.
764 4241 948 4294 81711.
981 4241 1047 4293 16
1078 4239 1286 4294 Graaee.
1317 4239 1491 4294 lianc.

488 4328 579 4382 20.
613 4329 886 4384 Orationes
911 4338 1141 4398 quatuor
1168 4328 1240 4381 ad
1268 4330 1523 4397 principes
1563 4327 1734 4381 Italia:
1767 4328 1830 4382 de
1860 4327 2288 4382 Christianorum
2319 4328 2471 4382 clade
2516 4328 2567 4382 iu
2609 4328 2866 4382 Chalcide
2903 4327 3117 4383 Euboea:
3142 4365 3158 4392 ,
3200 4326 3454 4395 periculis
3499 4324 3687 4389 italize,

424 4431 546 4486 pust
573 4426 934 4487 expugnatum
968 4416 1327 4488 Hydruntum,
1396 4415 1839 4470 imminentibus:
1867 4417 1932 4472 de
1960 4418 2210 4472 sedandis
2243 4419 2529 4473 discordiis
2565 4427 2620 4473 et
2651 4417 2808 4472 .bello
2843 4419 2895 4470 in
2928 4417 3134 4472 Turcas
3196 4414 3575 4471 decernendo:
3631 4422 3688 4466 et

389 4517 394 4525 ‘
425 4525 458 4576 p
495 4509 701 4563 rsuasio
744 4523 807 4561 ex
836 4507 1214 4562 Demosthenis
1235 4504 1732 4576 OlynthiacaJnter
1747 4504 1864 4560 Nic.
1891 4506 2604 4563 ReusueriConsultationes
2627 4513 2787 4572 atque
2803 4503 3086 4559 Orationes
3109 4506 3366 4566 turcicas,
3385 4516 3437 4556 tv
3482 4501 3694 4553 volum-

426 4594 684 4659 minibus,
718 4610 846 4648 anu.
886 4594 1043 4660 1596,
1074 4595 1126 4654 4.
1157 4594 1350 4657 editas,
1375 4591 1566 4656 voLII,
1589 4608 1710 4662 pag.
1742 4594 1866 4658 197,
1888 4594 1995 4649 205

2115 4600 2138 4657 ὲ,
2165 4595 2290 4650 229.
2311 4593 2560 4648 Fum—
2594 4592 2693 4647 Ms.
2728 4591 2952 4646 Taurini
2987 4592 3040 4644 in
3067 4590 3192 4645 bibl.
3215 4590 3348 4659 Reg.
3376 4588 3496 4644 cod.
3531 4584 3691 4641 1165.

437 4681 497 4735 V.
530 4682 838 4736 Cat.-codd.
883 4680 1059 4734 Latin.
1096 4691 1204 4735 etc.
1238 4681 1402 4735 Taur.
1438 4696 1492 4749 p.
1525 4679 1650 4734 590.
1681 4695 1833 4750 seqq.
1873 4683 1960 4734 ubi
1998 4684 2229 4752 primunt
2268 4684 2408 4736 edita
2451 4689 2536 4735 est
2565 4695 2631 4734 ex
2659 4681 2761 4734 isto
2790 4678 2913 4732 cod.
2944 4679 3100 4746 longa
3130 4674 3400 4732 Guilielmi
3431 4672 3636 4727 Fiebeti
3671 4711 3689 4733 ,

429 4768 682 4832 Stballtli,
712 4769 941 4822 rectoris
1007 4767 1379 4822 universitatis
1423 4766 1598 4822 Paris.
1633 4768 1715 4822 cui
1751 4768 1996 4824 Bessario
2019 4771 2137 4825 illas
2187 4769 2412 4824 miserat
2461 4766 3036 4833 orationesﬂepistola
3061 4765 3128 4820 ad
3180 4762 3466 4819 Sabaudiae
3529 4761 3697 4813 duces

428 4855 726 4923 przemissa,
755 4867 810 4912 et
838 4856 1082 4923 sequitur
1109 4855 1444 4911 Bessarionis
1475 4855 1544 4910 ad
1570 4855 1853 4912 Ficbetum
1915 4857 2164 4926 epistola,
2205 4858 2402 4926 scripta
2440 4856 2495 4910 d.
2529 4854 2597 4909 15
2628 4853 2756 4908 Dec.
2790 4853 2950 4908 M70.
2977 4881 3046 4892 —
3088 4850 3416 4905 Vindobouae
3448 4848 3500 4900 in
3563 4845 3690 4900 cod.

426 4947 562 5000 Cws.
623 4945 1026 4998 Bessanoratin
1051 4943 1118 4998 d.-.
1141 4944 1401 5014 periculis
1425 4959 1453 4997 a
1490 4930 2140 5007 Turca'immiucntibus,
2177 4956 2232 4998 et
2273 4945 2338 4998 de
2373 4944 2516 4997 bello
2579 4948 2763 4995 contra
2815 4939 3023 4994 Turcas
3057 4936 3427 5006 suscipiendo,
3484 4941 3693 4999 scripta

431 5049 559 5086 alii].
583 5031 740 5096 1470,
778 5031 902 5086 item
937 5032 1111 5085 oratio
1143 5031 1210 5086 de
1240 5030 1532 5086 discordiis
1561 5030 1816 5086 sedandis
1843 5041 1898 5086 et
1918 5030 2061 5087 bello
2090 5034 2142 5086 in
2193 5031 2424 5084 Turcam
2470 5027 2831 5084 decernendo.
2885 5026 3008 5081 Vid.
3066 5023 3364 5079 Montfauc.
3413 5019 3550 5073 Βιὶιι.
3609 5017 3692 5071 bi-

503 5174 577 5234 !a';
608 5171 732 5227 Sive
754 5189 804 5243 p.
837 5173 940 5228 516
978 5187 1093 5240 seq.
1130 5172 1214 5226 ed.
1247 5171 1448 5225 Kollar.
1477 5173 1596 5226 cod.
1623 5173 1752 5237 257,
1782 5189 1836 5228 n.
1872 5175 1999 5227 5.-
2104 5189 2235 5243 esse
2253 5175 2460 5242 aliquot
2481 5169 2768 5243 Orationes
2783 5177 2837 5222 et
2855 5164 3121 5243 Epistolas
3172 5162 3425 5243 Demetrii
3450 5159 3699 5243 ενδ-ρης.

436 5229 676 5296 νριιιτιιίίε
727 5229 778 5296 ίὶι
803 5246 922 5297 cod.
958 5229 1126 5297 Marc.
1156 5243 1374 5296 δην.
1407 5243 1526 5296 Cat.
1563 5244 1657 5294 cit.
1687 5229 1750 5309 νζ
1774 5243 1900 5298 285.
1931 5273 2000 5283 —
2107 5229 2378 5295 —-.Ox0ri.
2412 5243 2464 5294 in
2491 5241 2617 5295 bibl.
2646 5239 2816 5309 Bodl.
2857 5229 2978 5292 cod.
3031 5236 3267 5309 Barocc.
3319 5229 3512 5309 90.14
3558 5229 3699 5309 Ibid.

434 5314 750 5376 illudiulani,
800 5315 850 5365 in
900 5313 1036 5365 Bibl.
1083 5313 1339 5365 Ambms.
1377 5311 1434 5363 V.
1508 5301 1802 5365 Montiuuc.
1858 5313 1995 5365 Bibl.
2110 5312 2160 5365 in
2185 5311 2405 5378 Collegii
2435 5311 2556 5366 novi
2577 5308 2842 5373 codJSS,
2869 5321 2913 5378 s.
2941 5304 3160 5378 11.1099
3205 5304 3320 5378 gat.
3349 5301 3700 5378 n)§-_Aﬂlt“1l‘.

435 5385 679 5437 luhliulll.
719 5373 820 5437 ms.
854 5399 905 5448 ιι.
941 5383 1044 5435 510
1094 5381 1156 5436 C.
1184 5409 1261 5452 τ-
1291 5380 1522 5448 Mosqum
1548 5381 1608 5452 in_
1646 5382 1765 5435 cod.
1815 5382 2000 5452 syuud.

2119 5391 2216 5452 rte.
2257 5382 2296 5442 l,
2329 5373 2493 5452 part._
2511 5395 2570 5432 11.
2609 5377 2918 5452 —-_in‘t-od.
2943 5374 3152 5452 'l_‘bmu._
3201 5374 3333 5452 Cale
3518 5384 3572 5452 Ξ.
3633 5382 3695 5452 11τ

434 5454 559 5509 55H,
604 5470 654 5506 11.
686 5454 769 5506 18.
809 5437 1126 5506 νίΜίὶῑιὴαξί
1155 5450 1320 5504 Notit.
1376 5437 1532 5504 061111.
1572 5450 1668 5504 Gr.
1723 5437 1895 5518 Μυςῖι.
1951 5466 2004 5517 ι).

2130 5437 2431 5509 195ῖὶξόίοιῑ
2459 5449 2578 5502 Cat.
2632 5450 2736 5504 vol.
2775 5448 2842 5502 ll.
2869 5475 2939 5486 -—-
2967 5445 3022 5498 ln
3056 5446 3178 5498 cod.
3229 5440 3490 5497 Escorial.
3518 5438 3582 5501 V,
3631 5437 3706 5491 ad

435 5523 560 5572 ‘25‘3.
599 5525 689 5590 qui
717 5525 881 5583 addit,
911 5524 961 5572 in
998 5524 1101 5574 line
1137 5522 1276 5573 hanc
1309 5535 1428 5573 esse
1483 5530 1704 5590 nolani:
1737 5521 1839 5571 Ἕκ
1866 5536 2008 5590 τινος

932 5540 961 5572 11
998 5524 1101 5574 line
1137 5522 1276 5573 hanc
1309 5535 1428 5573 esse
1483 5530 1704 5590 notam:
1737 5521 1839 5571 Ἕκ
1866 5536 2008 5590 τινος
2118 5539 2171 5573 ιι.
2207 5521 2291 5572 11.
2331 5519 2502 5574 Hane.

440 5591 647 5660 βιϐλίου
671 5593 766 5660 τῆς
791 5594 989 5661 κυρίας
1009 5593 1103 5658 τῆς
1127 5590 1384 5659 ψυχοσὼσ
1422 5606 1543 5658 ρας,
1567 5599 1620 5641 et
1647 5589 1702 5642 in
1724 5589 1845 5643 cod.
1873 5589 2010 5642 libro

1427 5606 1543 5658 ρας,
1567 5599 1620 5641 et
1647 5589 1702 5642 in
1724 5589 1845 5643 cod.
1873 5589 2010 5642 libro
3001 5650 3003 5652 η

504 5685 573 5745 (t)
601 5684 746 5734 Error
772 5693 855 5734 est
891 5684 1114 5745 quidem,
1150 5685 1237 5733 sed
1264 5683 1498 5745 Fabricii,
1519 5680 1698 5742 ipsius;
1724 5682 1925 5743 prodiit,
1947 5682 2038 5745 sed
2062 5680 2255 5745 Latine,
2279 5685 2488 5738 tantum,
2514 5677 2646 5745 inter
2681 5677 2930 5745 Liturgias
2951 5677 3171 5745 Patrum,
3205 5679 3259 5724 et
3281 5686 3338 5724 ea
3372 5669 3596 5722 editione
3617 5666 3709 5720 ui

439 5739 611 5794 sumus
641 5748 702 5796 ad
746 5739 1286 5795 recensionemtextus
1305 5747 1356 5793 in
1381 5739 1681 5793 Bibliotheca
1709 5739 1920 5794 Patrum'
1939 5742 2260 5804 Lugdunensi
2284 5743 2654 5800 corruptissime
2679 5739 2924 5798 impressi.
2955 5739 3086 5788 Eutr.
3295 5763 3299 5765 λ
