3900 6216
284 298 459 369 33.

1240 296 1678 357 ltEFUTATlO
1720 296 1962 357 MAliCl
2005 294 2340 354 EPUESIN
2355 294 2403 351 Ι.

3449 291 3520 351 3-⁵.

290 413 448 467 Ἀλλά
476 410 633 464 τοῦτο
667 410 768 480 μὲν
818 408 1045 482 ὕστερον
1067 427 1081 442 ο
1117 411 1213 464 νῦν
1261 411 1319 466 δὲ
1371 413 1529 481 ἀρκεῖ
1562 413 1711 482 ἡμῖν,
1768 414 1844 466 ὄτι

1955 425 2056 464 nec
2107 425 2227 464 esse
2263 405 2591 480 principium
2653 406 2910 461 convenit
2959 405 3008 460 ei
3052 406 3188 468 soli;
3244 411 3520 474 quomodo

276 505 398 558 οὕτε
433 504 466 573 ή
497 503 764 573 πρότασίς
803 504 950 555 ἐστιν
979 503 1073 572 ἀφ’
1106 505 1308 574 ἑαυτῆς
1339 503 1572 573 φανερά,
1598 502 1724 556 οὔτε
1753 505 1850 557 αὖ·

274 581 366 656 τεά
391 594 490 664 τὴν
515 595 762 664 ἀνάγκην
791 595 955 664 ἔθηκε
1001 595 1102 664 τῆς
1127 597 1465 665 προτάσεως,
1492 593 1627 646 ἀλλὰ
1649 594 1848 662 μᾶλλον

276 687 371 739 καὶ
389 685 559 754 αὐτῆς
586 683 874 754 τιθεμένης
904 684 1074 738 πολλὰ
1106 686 1428 752 συνάγονται
1466 685 1634 754 ψεύδη
1671 684 1758 738 διὰ
1789 684 1848 736 τὸ

273 777 505 839 πολλοὺς
543 777 714 846 αὐτὴν
749 776 1028 847 περιέχειν
1061 776 1540 847 προσδιορισμοὺς,
1562 778 1654 844 ἀφ’
1678 771 1754 830 ὧν
1789 777 1848 828 ἐν

274 872 490 941 ἑκάττῳ
533 871 968 940 συμπεράσματι
1002 869 1274 938 λαμὸάνει
1321 871 1444 922 κατ’
1471 868 1721 934 ἐξουσίαν
1756 869 1847 923 τὸν

271 962 423 1031 αὐτῷ
453 959 880 1030 χρησιμεύοντα.
957 961 1158 1032 Ἐχρῆν
1187 961 1243 1014 δὲ
1284 961 1494 1024 πάντας
1524 960 1844 1030 λαμϐάνειν,

269 1056 362 1106 καὶ
378 1053 522 1106 οὕτω
552 1052 909 1122 κατεφαίνετο
933 1053 998 1106 ἂν
1017 1053 1078 1106 τὸ
1102 1052 1297 1122 ψεῦδος
1317 1054 1414 1123 τῆς
1440 1053 1760 1124 προτάσεως
1789 1054 1847 1106 ἐν

265 1144 346 1216 τῷ
382 1145 566 1212 ψεύδει
599 1145 712 1198 τῶν
768 1149 1315 1215 συμπεραινομένων.
1351 1145 1593 1214 ’Δφελῶς
1644 1145 1701 1198 δὲ
1723 1141 1846 1200 εἷπε

267 1238 367 1289 καὶ
399 1239 478 1289 ὅτι
512 1238 570 1288 τὸ
593 1237 790 1306 μόνον
819 1237 906 1289 ἀεὶ
931 1237 1065 1306 πρὸς
1093 1238 1156 1290 τὸ
1185 1237 1562 1306 ἀντικείμενον
1586 1237 1843 1305 λέγεται·

264 1328 324 1378 τε
361 1329 470 1395 γὰρ
501 1327 638 1396 πρὸς
662 1326 720 1378 τὸ
750 1327 1126 1395 ἀντικείμενον
1154 1325 1448 1395 λεγόμενον
1478 1327 1609 1398 πρός
1631 1328 1685 1380 τί
1708 1329 1846 1391 ἐστι,

261 1416 409 1469 ὥστε
436 1418 533 1468 καὶ
564 1416 624 1468 τὸ
648 1416 842 1486 μόνον
875 1416 1011 1485 πρός
1033 1414 1086 1468 τί
1117 1417 1268 1469 ἐστι’
1296 1417 1455 1469 τοῦτο
1488 1416 1544 1469 δὲ
1569 1417 1670 1470 οῦκ
1715 1415 1847 1486 άληο

260 1510 397 1569 Θέςο
429 1509 494 1560 τὺ
541 1508 649 1576 γάρ
668 1507 861 1574 μόνον
915 1508 1050 1576 πρὸς
1083 1508 1237 1560 οὐδέν
1275 1509 1414 1573 ἐστι,
1469 1508 1606 1560 ἀλλὰ
1645 1507 1846 1578 μᾶλλόν

259 1602 418 1652 ἐστιν
446 1600 915 1671 ἀποκληρωτικδν,
947 1599 1012 1653 άν
1035 1617 1092 1652 τε
1118 1601 1244 1672 περὶ
1268 1602 1576 1671 προσώπων
1597 1602 1844 1672 λέγηται,

258 1691 328 1745 ἄν
358 1708 422 1744 τε
460 1692 590 1760 περὶ
620 1692 922 1761 ἐνεργείας,
951 1693 1016 1745 άν
1041 1709 1098 1746 τε
1137 1693 1264 1762 περὶ
1292 1693 1536 1748 ὁτουοῦν.
1584 1693 1743 1759 Ἀλλ’,
1769 1694 1845 1758 ὡς

259 1783 472 1848 ἔοικεν,
507 1783 764 1852 οὐδεμίαν
787 1779 928 1836 οἶδεν
959 1785 1294 1854 άναφορικοῦ
1342 1786 1438 1837 καὶ
1464 1784 1848 1855 άποκληρωτι-

256 1874 365 1928 κοῦ
384 1874 651 1944 διαφοράν
673 1875 960 1940 ὀνόματος.
995 1875 1215 1940 Ἔξεστι
1243 1876 1299 1929 δὲ
1330 1878 1554 1930 σκοπεῖν
1576 1877 1669 1930 καὶ
1695 1878 1846 1941 ὅπως

258 1966 357 2031 ὑφ’
389 1967 585 2020 ἑαυτοῦ
621 1968 1022 2038 συγκρούεται.
1077 1967 1262 2022 Εἰπὼν
1291 1968 1400 2038 γὰρ
1428 1970 1512 2022 ὅτι
1549 1968 1610 2022 τὸ
1651 1969 1848 2037 μόνον

261 2059 408 2126 πρὸς
431 2059 495 2110 τὸ
521 2060 902 2128 ἀντικείμενον
923 2061 1160 2127 λέγεται,
1186 2060 1434 2128 ἐπήγαγε
1456 2075 1470 2090 ⁸
1500 2061 1704 2115 Μόνον
1730 2059 1845 2130 γὰρ

263 2149 474 2216 Πατὴρ
507 2151 540 2203 ὀ
584 2151 810 2219 Πατὴρ,
856 2151 995 2206 ἀλλ’
1042 2150 1178 2220 οὐχί
1211 2153 1310 2206 καί
1359 2153 1517 2218 Υἱὸς,
1577 2152 1720 2206 ὥστε
1762 2157 1846 2206 ἐν-

261 2241 438 2295 ταῦθα
467 2243 530 2295 τὸ
559 2242 764 2311 Πατήρ
787 2243 861 2306 ὡς
884 2245 1259 2313 ἀντικείμενον
1291 2243 1561 2311 λαμὸάνει
1593 2244 1668 2314 τῷ
1691 2245 1841 2309 Υίός·

261 2335 362 2387 καὶ
388 2336 508 2386 ἐστι
558 2335 776 2404 ψεῦδος,
827 2337 911 2388 ὅτι
970 2337 1132 2405 μόνον
1175 2335 1365 2406 Πατήρ
1397 2337 1544 2388 ἐστιν
1572 2348 1587 2365 ⁸
1647 2338 1706 2389 οὐ
1737 2338 1845 2406 γάρ

261 2430 416 2478 ἐστιν
453 2429 484 2479 ὁ
529 2427 718 2496 Πατὴρ
747 2428 928 2480 ἐκεῖνο
989 2427 1172 2496 μόνον,
1203 2425 1324 2478 καθ’
1351 2425 1381 2478 ὃ
1431 2427 1738 2480 ἀντίκειται
1767 2429 1845 2497 τῷ

258 2520 404 2589 Υίῷ,
434 2520 576 2571 ἀλλὰ
607 2520 699 2572 καί
717 2537 768 2572 τι
795 2519 1001 2588 ἕτερον,
1035 2517 1156 2572 καθ’
1185 2518 1213 2570 ὃ
1244 2517 1358 2588 ἔχει
1387 2519 1660 2572 ἀντίθεσιν
1707 2518 1846 2588 πρὸς

257 2612 320 2664 τὸ
367 2611 530 2679 ἆγιον
563 2611 809 2679 Πνεῦμα,
842 2612 1013 2680 ήγουν
1064 2609 1382 2680 προεολεύς.
1419 2607 1552 2666 Εἶτα
1602 2613 1841 2678 ἐπάγει·

258 2706 372 2760 Καὶ
408 2707 604 2770 μόνον
633 2704 783 2769 Υἱὸς.
829 2703 970 2760 ἀλλ’
1001 2705 1074 2758 οὐ
1130 2705 1232 2757 καί
1260 2703 1466 2772 Πατὴρ
1485 2745 1500 2770 ,
1529 2704 1668 2758 ὥστε
1705 2708 1756 2759 εί
1783 2706 1845 2756 τὸ

252 2801 462 2868 μόνον
492 2797 626 2868 πρὸς
656 2797 717 2850 τὸ
755 2797 1136 2864 ἀντικείμενον
1166 2796 1406 2864 λέγεται,
1448 2797 1526 2860 ώς
1563 2797 1725 2860 αὐτὸς
1756 2795 1846 2850 εὖ·

259 2911 345 2944 τω
381 2893 573 2960 φησιν,
603 2892 802 2944 ὁπόταν
848 2891 978 2961 λέγῃ
1026 2889 1119 2944 τὸν
1149 2889 1277 2966 tibi:
1305 2886 1442 2966 εξναι
1481 2891 1643 2960 μόνον
1694 2891 1842 2961 my,

259 2953 476 3040 ἀλλ’-οῦ
499 2953 595 3037 καὶ
619 2984 856 3052 Πατέρα,
881 2953 982 3036 οῦκ
1005 2953 1183 3052 εἴργεί
1217 2983 1310 3036 τὸν
1338 2953 1465 3036 Ῠίὸν
1481 2953 1584 3036 ’τοῦ
1610 2953 1846 3055 προσάλί-

1949 503 2094 557 enim
2127 512 2273 556 esset
2319 503 2616 571 productor
2646 499 2827 564 Pater,
2879 499 2924 553 si
2978 513 3086 552 non
3123 513 3220 568 per
3278 498 3518 554 Riium?

1951 594 2057 649 Sed
2077 594 2144 648 de
2174 594 2276 648 hoc
2295 592 2592 663 posterius;
2616 607 2764 647 nunc
2786 607 2916 647 vero
2939 591 3137 646 sufficit
3162 592 3345 655 nobis,
3370 594 3518 662 quod

1950 698 2128 753 neque
2167 682 2469 752 propositio
2509 683 2601 737 illa
2636 693 2721 738 est
2776 700 2874 753 per
2925 699 2986 738 se
3036 683 3284 746 evidens,
3338 697 3519 751 neque

1949 774 2065 844 ipse
2091 775 2337 845 ejusdem
2393 775 2774 831 necessitatem
2814 776 3021 842 intulit,
3076 777 3188 831 imo
3241 776 3426 847 potius
3466 784 3520 827 et

1948 881 2012 920 ea
2044 867 2279 921 admissa
2311 867 2479 922 multa
2505 867 2836 937 colliguntur
2869 868 3025 933 falsa,
3052 879 3341 939 propterea
3373 871 3520 940 quod

1948 972 2012 1012 ea
2063 957 2266 1012 multas
2297 958 2789 1016 determinationes
2835 961 3105 1026 continet,
3141 977 3172 1016 e
3224 961 3426 1030 quibus
3464 960 3520 1014 in

1949 1049 2190 1118 qualibet
2225 1050 2579 1106 conclusione
2609 1052 2912 1106 secundum
2939 1053 3234 1106 arbitrium
3273 1052 3378 1108 sibi
3411 1052 3520 1106 uti-

1947 1140 2027 1196 les
2059 1141 2174 1211 ipse
2203 1144 2454 1197 assumit.
2488 1142 2786 1214 Oportebat
2826 1154 3010 1199 autem
3045 1161 3239 1200 omnes
3267 1160 3514 1211 sumere,

1949 1243 2004 1288 et
2037 1234 2115 1288 sic
2147 1237 2491 1304 apparuisset
2548 1237 2892 1292 mendacium
2944 1238 3108 1307 hujus
3141 1238 3360 1308 majoris
3393 1254 3520 1308 pro-

1949 1325 2242 1393 positionis
2276 1326 2332 1381 in
2367 1327 2669 1385 mendaciis
2729 1329 2857 1385 inde
2894 1330 3198 1384 conclusis.
3240 1329 3513 1398 [nsipien-

1950 1425 2032 1471 ter
2059 1433 2189 1473 vero
2218 1417 2378 1482 dixit,
2427 1421 2599 1474 solum
2646 1437 2866 1492 semper
2899 1423 2966 1477 ad
3003 1425 3316 1492 oppositum
3365 1422 3472 1478 diei
3500 1440 3513 1487 ;

1948 1523 2072 1563 nam
2107 1510 2254 1579 quod
2289 1511 2358 1565 ad
2392 1513 2706 1581 oppositum
2767 1513 2968 1572 dicitur
3001 1516 3229 1571 relatum
3286 1526 3369 1572 est
3418 1518 3518 1585 (ιι),

1890 1672 1900 1686 ι
1949 1603 2094 1658 unde
2122 1614 2177 1659 et
2201 1605 2374 1659 solum
2407 1607 2639 1662 relatum
2676 1609 2860 1674 foret;
2897 1609 3002 1664 hoc
3037 1621 3220 1665 autem
3274 1627 3382 1665 non
3435 1623 3520 1666 est

261 3079 404 3131 λειν.
444 3077 519 3129 Τὸ
564 3075 674 3144 γάρ
723 3073 926 3143 Πατήρ
979 3073 1116 3126 καΘό
1165 3074 1314 3126 ἐστιν
1367 3072 1739 3146 ἀντικείμενον
1767 3074 1846 3144 τῷ
1875 3100 1918 3164 C

265 3169 408 3240 Υίῴ,
435 3169 498 3220 οὐ
533 3169 791 3237 σημαίνει
824 3167 915 3218 τὸν
957 3165 1256 3236 προὸολέα.
1296 3164 1460 3218 Ἀλλὰ
1490 3166 1540 3218 τί
1565 3164 1648 3217 δεῖ
1676 3168 1844 3220 πᾶσιν

262 3261 570 3325 ἐπεξιέναι,
593 3260 738 3327 άπερ
787 3261 845 3311 ἐν
875 3258 952 3326 τῷ
974 3258 1204 3326 παρόντι
1232 3257 1631 3328 ἐπιχειρήματι
1658 3259 1844 3323 κακῶς

262 3359 510 3422 λέγεται,
534 3351 623 3404 διὰ
645 3349 706 3403 τὸ
739 3349 936 3416 σαθρὸν
967 3349 1348 3404 ῦποτεοετσθαι
1381 3350 1631 3420 θεμέλιον
1666 3354 1842 3422 τούτῳ

262 3451 396 3513 τοὺς
425 3429 850 3506 ἀναποδείκτους
889 3444 1134 3505 ἐκείνους
1164 3442 1262 3511 τῆς
1291 3444 1611 3513 προτάσεως
1669 3461 1844 3513 προσ-

266 3539 608 3612 διορισμοὺς,
662 3539 758 3592 καὶ
816 3537 891 3606 μὴ
943 3535 1152 3597 πάντας
1185 3535 1600 3605 ἐφαρμόζοντας
1641 3535 1846 3605 ὁμοίως

275 3638 406 3688 πᾶσι
445 3636 561 3697 τοίς
607 3633 738 3701 περὶ
788 3629 926 3683 Θεοῦ
964 3629 1304 3699 λεγομένοις,
1359 3626 1437 3690 ὡς
1463 3626 1624 3690 αὐτὸς
1666 3627 1842 3693 άξιοῖ;

267 3703 494 3780 Βεὸαιοί
543 3725 599 3776 δὲ
639 3723 708 3778 τὰ
746 3720 838 3774 τοῦ
898 3721 1334 3792 ἐπιχειρήματος
1369 3717 1840 3787 συμπεράσματα,

270 3823 336 3872 τό
365 3835 422 3870 τε
462 3817 709 3886 δηλονότι
742 3816 899 3885 μόνον
932 3813 1022 3864 τὸν
1071 3810 1286 3880 Πατέρα
1315 3808 1490 3862 αἴτιον
1529 3803 1691 3874 εἶναι,
1749 3809 1844 3862 καὶ

270 3910 558 3978 ἐπομένως
582 3908 642 3960 τὸ
677 3910 770 3960 τὶν
816 3905 944 3958 Υίδν
977 3902 1220 3956 αίτιατὸν
1247 3897 1388 3954 εἶναι
1417 3901 1602 3972 μόνον,
1636 3901 1755 3970 οῦχὶ
1788 3900 1845 3954 δὲ

270 4003 371 4054 καὶ
409 3999 606 4061 αἴτιον,
638 3999 822 4067 ῥητοῖς
856 3995 950 4050 τοῦ
991 3995 1137 4048 θείου
1169 3992 1532 4064 Δαμασκηνοῦ
1591 3996 1688 4048 καὶ
1712 3994 1843 4046 Θεο-

263 4093 447 4160 δώρου
482 4092 579 4145 τοῦ
635 4090 949 4154 Στουδίτου,
994 4087 1089 4151 οὓς
1132 4082 1286 4156 οἶμαι
1340 4087 1512 4139 πλείω
1564 4085 1727 4156 χάριν
1779 4087 1846 4140 ἂν

267 4187 420 4255 ἔχειν
476 4183 652 4252 αὐτῷ,
691 4183 854 4251 εἴπερ
893 4181 1152 4250 ἐπειρᾶτο
1203 4179 1316 4242 τοῖς
1346 4177 1456 4230 τῶν
1509 4177 1848 4232 διδασκάλων

267 4277 507 4348 πλήθεσι
542 4271 866 4344 συμνςώνους
912 4271 1212 4335 δεικνύναι,
1267 4271 1300 4340 ἢ
1332 4273 1381 4323 εί
1424 4269 1620 4340 μόνους
1651 4271 1848 4332 αὐτοὺς

265 4370 453 4439 ἀξιοίη
487 4369 564 4438 τῷ
595 4368 900 4438 βουλήματι
935 4363 1371 4434 συνηγοροῦντας
1412 4362 1576 4416 αὐτοῦ
1606 4364 1715 4416 τῶν
1750 4363 1846 4416 ἄλ-

1949 1711 2140 1751 verum
2165 1713 2179 1762 ;
2209 1713 2335 1752 nam
2387 1698 2556 1753 solum
2589 1716 2696 1754 non
2726 1701 2792 1754 ad
2839 1699 3073 1772 aliquid,
3130 1701 3228 1758 sed
3259 1703 3326 1757 ad
3385 1703 3519 1758 nihil

1947 1797 2054 1848 est.
2085 1788 2198 1844 imo
2229 1791 2418 1860 pmius
2448 1799 2533 1846 est
2564 1793 2934 1858 exclusivum,
2987 1795 3104 1851 sive
3141 1795 3210 1850 de
3261 1797 3522 1864 personis

1948 1879 2186 1947 dicatur,
2219 1882 2336 1936 sive
2367 1887 2435 1938 de
2461 1885 2779 1951 operatione
2813 1885 2927 1942 sive
2955 1887 3021 1942 de
3052 1903 3110 1942 re
3157 1903 3519 1958 quacunque.

1948 1969 2076 2035 Sed,
2116 1979 2176 2025 ut
2206 1971 2442 2036 videtur,
2485 1977 2695 2030 rutilam
2729 1976 2834 2032 iste
2867 1978 3017 2032 novit
3052 1979 3269 2033 relativi
3319 1988 3373 2034 et
3430 1995 3524 2034 ex-

1945 2061 2147 2118 clusivi
2212 2065 2470 2120 vocabuli
2515 2065 2908 2123 differentiam.
2964 2069 3331 2127 Considerate
3390 2087 3521 2127 vero

1949 2155 2112 2208 etiam
2145 2156 2293 2220 licet,
2327 2159 2604 2226 quomodo
2631 2159 2719 2214 ille
2750 2176 2779 2214 a
2807 2177 2865 2216 se
2900 2162 3019 2230 ipso
3044 2162 3339 2230 plectatur.
3367 2165 3524 2219 Post-

1947 2263 2108 2317 quam
2142 2252 2287 2306 enim
2322 2253 2479 2316 dixit,
2503 2254 2673 2308 solum
2698 2254 2763 2309 ad
2788 2257 3101 2326 oppositum
3132 2257 3262 2323 dici,
3292 2257 3518 2315 intulit.

1947 2339 2131 2394 Solum
2165 2359 2390 2414 namque
2425 2344 2586 2398 Pater
2618 2355 2692 2399 est
2727 2345 2909 2410 Pater,
2939 2348 3033 2400 sed
3063 2364 3168 2402 non
3208 2359 3257 2402 et
3299 2347 3519 2414 Filius,-

1946 2432 2093 2485 unde
2132 2432 2234 2488 hoc
2275 2435 2397 2490 loco
2443 2436 2659 2492 Patrem
2692 2445 2750 2492 ut
2782 2439 3095 2508 oppositum
3137 2441 3275 2496 Filio
3306 2444 3472 2496 sumit
3501 2463 3516 2507 ;

1945 2533 2002 2576 et
2038 2532 2123 2578 est
2156 2523 2372 2590 falsum,
2419 2541 2545 2582 eum
2604 2529 2781 2583 solum
2823 2544 2945 2585 esse
2991 2529 3243 2597 Patrem;
3309 2533 3517 2588 ctenim

1945 2611 2107 2668 Pater
2144 2630 2252 2671 non
2287 2617 2340 2671 id
2371 2619 2548 2673 solum
2578 2627 2663 2674 est
2695 2620 3006 2674 secundum
3038 2621 3184 2691 quod
3216 2622 3516 2692 opponitur

1948 2703 2110 2766 Filio,
2136 2707 2232 2762 sed
2265 2716 2320 2762 et
2349 2709 2495 2763 aliud
2530 2711 2683 2778 quid,
2710 2712 3017 2766 secundum
3039 2713 3189 2782 quod
3221 2712 3381 2768 liabet
3415 2729 3518 2784 op-

1946 2799 2274 2866 positionem
2310 2801 2378 2856 ad
2409 2801 2678 2872 Spiritum
2743 2813 3018 2870 sanctum,
3051 2805 3168 2859 sive
3196 2815 3281 2862 est
3311 2816 3365 2861 ct
3394 2823 3520 2876 pro~

1947 2889 2185 2958 ductor;
2222 2891 2428 2947 deinde
2456 2893 2624 2948 infert
2672 2903 2724 2948 et
2755 2896 2927 2950 solum
2970 2895 3160 2959 Filius.
3209 2915 3314 2952 non
3351 2885 3516 2953 etiam

1947 2980 2128 3047 Pater,
2161 2982 2309 3036 unde
2336 2983 2383 3037 si
2419 2983 2552 3037 illud
2605 2985 2780 3040 solum
2814 2985 2884 3040 ad
2911 2987 3228 3055 oppositum
3286 2989 3514 3055 dicitur,

1950 3080 2009 3122 ut
2039 3069 2152 3139 ipse
2174 3071 2272 3136 ait,
2298 3072 2518 3141 quando
2541 3071 2675 3127 dicit
2702 3072 2900 3128 Filium
2935 3089 3056 3130 esse
3082 3077 3258 3132 solum
3292 3078 3516 3146 Filium,

1949 3178 2056 3216 non
2096 3163 2259 3217 etiam
2290 3163 2533 3230 Patrem,
2569 3182 2676 3220 non
2721 3179 2870 3224 arcet
2924 3162 3123 3224 Filium
3185 3191 3214 3226 ιι
3279 3172 3520 3244 Spiritus

1948 3257 2330 3322 productione.
2373 3257 2508 3311 Nam
2543 3258 2707 3312 Pater
2741 3262 3046 3316 secundum
3073 3265 3222 3333 quod
3273 3278 3360 3321 est
3416 3283 3519 3337 op-

1947 3349 2158 3416 positus
2191 3346 2350 3414 Filio,
2385 3365 2494 3404 non
2533 3349 2924 3421 dieitSpiritus
2953 3355 3370 3424 productorem.
3413 3360 3518 3414 Ve-

1947 3453 2066 3492 rum
2097 3439 2228 3509 quid
2262 3456 2401 3510 Opus
2438 3451 2522 3496 est
2559 3443 2744 3498 omnia
2793 3445 3073 3515 prosequi.
3109 3463 3234 3516 qua:
3294 3448 3346 3502 in
3381 3465 3520 3519 prat-

1947 3534 2090 3588 senti
2133 3535 2608 3604 argumentatione
2684 3536 2947 3591 dicuntur
2995 3538 3162 3601 male,
3222 3550 3516 3610 propterea

1946 3626 2093 3694 quod
2121 3627 2174 3681 ei
2220 3626 2499 3681 inﬁrmum
2539 3627 2958 3682 fundamentum
3023 3633 3370 3700 suppositum
3434 3649 3520 3691 est

1948 3716 2002 3768 in
2033 3716 2142 3770 illis
2171 3716 2566 3786 propositionis
2596 3718 3154 3792 determinationibus
3181 3726 3511 3792 probatione

1946 3809 2264 3863 carentibus
2292 3825 2396 3864 nec
2423 3812 2640 3866 cunctis
2671 3811 2931 3866 similiter
2962 3813 3030 3866 ad
3068 3825 3268 3870 cuncta
3297 3833 3420 3884 qua:
3449 3821 3518 3871 de

1946 3898 2057 3952 Deo
2089 3898 2371 3960 dicuntur,
2402 3907 2459 3951 ut
2485 3898 2601 3966 ipse
2631 3909 2841 3965 censet,
2873 3905 3346 3959 accommodatis?
3377 3906 3520 3960 Con-

1949 3987 2130 4043 ﬁrmat
2157 3996 2341 4043 autem
2367 3989 2751 4043 conclusiones
2777 3989 3227 4059 epiclierematis,
3249 3994 3514 4050 nimirum

1947 4082 2126 4136 solum
2161 4082 2381 4138 Patrem
2428 4083 2760 4153 principium
2807 4099 2952 4148 esse,
3017 4095 3073 4140 et
3104 4100 3518 4158 consequenter

1949 4173 2149 4228 Filium
2189 4173 2364 4230 solum
2408 4173 2823 4244 principiatum,
2861 4191 2971 4231 non
3000 4192 3128 4231 vero
3155 4179 3512 4251 principium,

1945 4266 2174 4322 Joannis
2239 4267 2558 4322 Damasceni
2602 4275 2657 4321 et
2712 4267 2986 4324 Theodori
3021 4270 3254 4346 Studita:
3329 4274 3515 4338 dictis,

1947 4360 2066 4428 qui,
2101 4368 2161 4413 ut
2189 4371 2342 4431 puto,
2378 4360 2612 4431 majores
2663 4361 2767 4432 ipsi
2796 4365 3006 4432 gratias
3063 4363 3406 4426 habuissent.
3470 4366 3517 4419 si

266 4466 376 4517 λων
419 4459 759 4515 διδασκάλων
799 4457 1018 4512 πάντων
1072 4453 1586 4519 κατεξανίστασοαι.
1637 4454 1842 4522 Χάριεν

1951 4465 2046 4505 cos
2077 4453 2368 4506 doctorum
2403 4453 2741 4506 multitudini
2769 4455 3070 4509 concordes
3101 4456 3395 4511 ostendere
3428 4474 3520 4510 co-

265 4560 376 4626 γάρ
404 4559 490 4608 ὅτι
533 4558 629 4608 καὶ
665 4551 775 4604 ἀπὸ
804 4552 912 4603 τῶν
941 4549 1204 4621 ᾀσμάτων
1234 4549 1518 4616 πορίζεται
1561 4548 1660 4618 τῆς
1697 4550 1841 4603 διδα-

269 4649 497 4710 σκαλίας
531 4646 707 4713 ἐαυτῷ
738 4645 838 4714 τὴν
868 4642 1160 4713 βεϐαίωσιν
1192 4635 1508 4711 ἀλλαχόθεν,
1538 4644 1612 4703 ώς
1640 4640 1838 4706 ἔοικεν,

265 4746 325 4798 οῦ
363 4743 688 4811 δυνάμενος.
724 4738 890 4792 Ἀλλά
917 4741 1026 4800 τοῖς
1052 4735 1586 4806 φιλανθρωποτέροις
1613 4735 1722 4788 τῶν
1767 4735 1842 4789 διο

266 4836 555 4890 δασκάλων
588 4833 683 4886 καὶ
737 4829 1072 4899 σοφωτέροις
1114 4829 1406 4898 ἀκροαταῖς
1463 4827 1616 4880 οὐδὲν
1661 4829 1725 4880 ἂν
1753 4827 1841 4899 ἕρ-

267 4946 361 4994 γον
395 4927 612 4994 γένοιτο
655 4923 750 4976 καὶ
783 4919 1007 4980 τούτους
1038 4919 1383 4988 ἀμφοτέρους
1439 4921 1550 4981 τοῖς
1604 4916 1842 4988 πρώτοις

267 5021 499 5078 ἐκείνοις
570 5016 665 5066 καὶ
727 5011 980 5082 μεγάλοις
1015 5009 1360 5070 διδασκάλοις
1412 5010 1727 5062 συνάπτειν.
1783 5010 1842 5061 '0

271 5113 368 5179 μὲν
393 5111 504 5178 γαρ
535 5107 628 5158 τοῦ
657 5105 793 5156 Θεοῦ
818 5105 980 5173 μόνον
1010 5103 1174 5171 φησιν
1206 5097 1348 5154 εἶναι
1380 5101 1439 5153 τὸ
1477 5101 1724 5170 Πνεῦμα,
1749 5100 1843 5153 τοῦ

267 5201 481 5266 Ματρὸς
507 5197 750 5268 δηλονότι
780 5199 874 5249 καὶ
902 5192 995 5245 τοῦ
1022 5192 1173 5258 Υἰοῦ,
1220 5185 1296 5244 ὧν
1331 5188 1474 5246 εἶναι
1509 5191 1735 5260 Πνεῦμα
1761 5190 1848 5244 λέ-

265 5308 425 5362 γεται
445 5305 459 5320 ⁸
493 5291 552 5342 οῦ
577 5290 686 5357 γὰρ
707 5289 783 5351 ,ἐκ
808 5288 967 5356 μόνον
992 5287 1127 5354 φησὶ⁹
1145 5287 1239 5337 τοῦ
1271 5287 1486 5356 Πατρὸς
1511 5284 1645 5337 αὐτὸ
1679 5278 1840 5349 εἶναι,

267 5383 404 5435 αλλὰ
435 5382 604 5451 μόνου
624 5378 717 5430 τοῦ
751 5378 887 5430 θεοῦ
921 5371 1084 5443 εἶναι,
1115 5377 1145 5430 δ
1173 5377 1436 5448 πάμπολυ
1468 5378 1742 5448 διαφέρει.
1781 5377 1840 5429 '0

268 5476 342 5541 δὲ,
409 5478 458 5528 εί
516 5473 612 5526 καὶ
675 5473 890 5542 άληθῶς
943 5471 1103 5524 τοῦτο
1163 5472 1260 5542 τῆς
1295 5471 1508 5524 ἐκείνου
1559 5468 1838 5538 θεολογίας

1948 4554 2110 4596 natus
2137 4552 2304 4610 esset,
2345 4558 2508 4614 quam
2539 4545 2585 4597 si
2626 4545 2771 4599 solos
2805 4545 2952 4615 ipsos
2980 4561 3092 4599 sua:
3122 4547 3388 4600 voluntati
3419 4551 3520 4600 oli-

1947 4634 2315 4690 seeundantes
2368 4635 2437 4689 ab
2469 4635 2592 4689 aliis
2631 4635 2954 4691 doctoribus
3013 4636 3288 4694 universis
3340 4639 3520 4694 disce-

1948 4727 2080 4782 dere
2112 4736 2168 4782 et
2195 4727 2248 4781 in
2278 4741 2375 4781 eos
2393 4726 2676 4796 insurgere
2707 4734 2936 4780 statuat.
2971 4727 3239 4798 Lepidum
3281 4745 3521 4800 namque

1946 4829 2052 4886 est,
2084 4821 2233 4890 quod
2263 4819 2428 4874 etiam
2459 4834 2527 4873 ex
2557 4818 2785 4873 canticis
2813 4818 2919 4874 sibi
2946 4833 3230 4891 comparat
3260 4835 3374 4875 sua:
3425 4821 3524 4874 do-

1947 4915 2137 4969 ctrina:
2170 4913 2670 4977 conlirmationem,
2719 4914 2965 4977 aliunde,
3002 4921 3062 4968 ut
3099 4915 3340 4976 videtur,
3395 4929 3518 4968 eam

1947 5015 2136 5074 petere
2184 5005 2329 5060 haud
2365 5007 2574 5059 valens.
2634 5007 2888 5059 Attamen
2953 5006 3020 5059 iis
3071 5004 3168 5074 qui
3226 5004 3521 5058 humanius

1948 5108 2117 5167 agunt
2147 5093 2201 5151 in
2234 5097 2489 5153 doctores
2524 5099 2831 5168 majorique
2863 5098 3073 5166 pollent
3119 5097 3387 5166 Sapientia
3412 5112 3518 5149 au-

1949 5189 2223 5245 ditoribus
2249 5191 2465 5245 nullum
2495 5206 2625 5245 sane
2661 5192 2939 5259 negotium
2995 5188 3240 5254 facessit,
3297 5199 3354 5244 et
3418 5188 3521 5242 hos

1950 5287 2091 5341 duos
2123 5285 2316 5355 primis
2349 5283 2457 5338 illis
2491 5295 2547 5337 et
2579 5283 2788 5352 magnis
2819 5281 3140 5336 doctoribus
3173 5279 3517 5336 consociare.

1949 5381 2103 5436 Alter
2137 5380 2283 5434 enim
2317 5377 2410 5432 Dei
2445 5379 2620 5432 solum
2655 5376 2791 5430 dicit
2823 5387 2948 5430 esse
3000 5373 3286 5444 Spiritum,
3341 5371 3521 5426 Patris

1950 5472 2210 5529 videlicet
2250 5480 2306 5527 ct
2336 5470 2484 5536 Filii,
2524 5485 2756 5539 quorum
2807 5482 2927 5524 esse
2981 5467 3218 5538 Spiritus
3274 5467 3517 5527 dicitur;

338 5685 411 5754 (τι)
458 5681 591 5735 Vide
646 5681 877 5736 Aristot.
935 5676 1189 5749 Categor.
1233 5689 1270 5733 ι.
1317 5679 1355 5745 l,
1404 5698 1456 5752 [ι.
1523 5681 1575 5736 ll
1625 5697 1739 5746 seq.
1780 5689 1829 5734 et
1873 5676 2173 5743 Metapliys.
2201 5677 2238 5730 l.
2273 5691 2346 5746 tv,
2380 5685 2415 5730 t.
2443 5673 2508 5741 ll,
2543 5689 2596 5744 p.
2625 5673 2747 5740 522,
2777 5672 2864 5727 ed.
2899 5668 3074 5727 Paris.
3117 5673 3450 5730 ists-1850.

511 5778 783 5836 Parant.
830 5780 872 5838 0
890 5797 946 5838 ιι.
991 5775 1217 5856 CLXI.

2992 5769 3032 5829 2
