3900 6216
402 223 471 286 35
1628 220 1883 281 GEORG
1902 220 1957 280 [Ι
2021 219 2432 283 SCHOLARII
2457 165 2482 184 .
3591 224 3664 292 36

405 352 582 410 neque
617 334 766 390 enim
803 348 870 389 ex
897 333 1016 389 Solo
1047 332 1207 387 Patre
1238 332 1390 386 illum
1420 346 1542 388 esse
1580 332 1738 398 dicit,
1770 332 1864 388 scd
1885 347 1972 388 so.

2084 333 2228 386 ἐστὶν
2257 334 2356 404 (Ι),
2391 332 2568 385 αἴτιον
2621 327 2756 384 εἶναι
2789 328 3040 400 βοῦλεται
3094 332 3185 384 τὸν
3218 331 3437 403 Πατέρα
3475 335 3658 403 μόνον,

401 429 509 482 lius
548 427 640 481 Dei
671 439 816 489 esse,
850 421 998 493 quod
1025 424 1356 492 permultum
1395 421 1598 478 dill‘ert.
1633 423 1786 484 Alter
1813 438 1968 487 vero,

400 519 445 574 si
487 517 710 588 quidem
748 530 874 569 vere
903 513 955 568 id
978 513 1044 568 ad
1070 513 1188 583 ejus
1218 511 1547 583 theologiam
1579 513 1842 584 pertinet,
1871 512 1972 568 Pa.

344 648 357 674 τ
403 621 540 664 trem
569 609 744 663 solum
779 606 894 660 vult
922 620 1043 661 esse
1098 604 1455 676 principium,
1511 605 1643 674 quia
1699 604 1851 660 solus
1888 613 1973 659 est

355 683 358 686 i
401 703 734 776 principium
765 701 883 757 sine
924 699 1220 770 principio,
1261 697 1565 753 secundum
1597 712 1762 768 quem
1805 698 1974 764 signi-

403 797 622 849 tlcatum
654 802 710 848 et
743 806 920 847 causa:
945 790 1246 860 (principii)
1276 790 1523 853 nomine,
1547 799 1602 844 et
1635 789 1974 859 praepositio-

404 901 469 939 ne
496 901 558 938 ea:
585 883 891 940 Orientales
914 899 1105 940 omnes
1130 885 1380 940 videmus
1409 887 1508 950 uti,
1538 900 1606 940 ex
1638 901 1748 956 quo
1777 896 1832 940 et
1856 902 1976 941 om-

400 977 486 1031 nis
514 976 672 1030 nobis
709 991 832 1030 cum
867 974 1078 1031 Latinis
1113 975 1420 1031 differentia
1456 976 1691 1042 tollitur,
1733 976 1830 1032 sed
1862 992 1973 1031 non

399 1069 533 1123 dicit
556 1066 754 1122 Filium
791 1067 1016 1122 omnino
1042 1068 1221 1137 quoad
1261 1066 1498 1137 Spiritus
1532 1067 1707 1124 sancti
1752 1083 1978 1137 proces-

401 1162 614 1216 sioncm
636 1170 702 1216 .et
732 1161 1107 1216 exsistcntiam
1137 1175 1243 1214 non
1279 1162 1689 1216 communicare
1714 1175 1838 1216 cum
1872 1160 1974 1215 Pa-

397 1263 514 1319 tre;
546 1253 822 1323 quomodo
850 1251 998 1306 enim
1043 1251 1096 1306 id
1126 1250 1358 1318 diceret,
1392 1252 1487 1322 qui
1531 1267 1598 1308 ex
1652 1253 1810 1307 Patre
1877 1267 1974 1321 per

359 1333 600 1400 'Filium
641 1344 864 1414 prodire
895 1353 951 1398 et
991 1359 1058 1398 ex
1111 1344 1272 1399 Patre
1320 1359 1418 1414 per
1474 1343 1675 1398 Filium
1742 1343 1974 1413 produci

399 1435 664 1506 Spiritum
696 1434 985 1504 prmdicat?
1008 1433 1126 1488 Tali
1160 1442 1320 1503 pacto
1339 1441 1621 1487 ostensum
1656 1440 1762 1496 est,
1793 1431 1976 1502 Ephe-

404 1525 472 1579 sii
512 1525 919 1578 conclusionem
953 1523 1267 1578 nullatenus
1311 1520 1632 1592 procedere,
1668 1536 1791 1576 cum
1823 1521 1974 1575 intir—

2080 427 2163 479 ὅτι
2196 426 2358 495 μόνος
2394 425 2636 488 ἀναίτιος
2673 423 2869 488 αἴτιος,
2921 422 3046 476 καθ’
3077 423 3104 476 ὃ
3132 426 3535 494 σημαινόμενον
3561 434 3659 484 καὶ

2078 520 2156 588 τῷ
2186 519 2288 587 τῆς
2331 518 2510 581 αἰτίας
2568 517 2794 587 ὀνόματι
2855 519 2951 570 καὶ
2995 520 3060 588 τῇ
3101 517 3167 570 ἐκ
3225 518 3483 588 προθέσει
3529 522 3656 585 τοὺς

2093 610 2474 672 Ἀνατολικοὺς
2529 610 2745 680 ὁρῶμεν
2786 608 2994 671 πάντας
3050 610 3388 679 χρωμένους,
3418 613 3478 676 ἐξ
3505 613 3562 666 οὗ
3593 615 3662 682 δὴ

2081 705 2174 757 καὶ
2209 704 2358 756 πᾶσα
2391 704 2522 771 ἡμῖν
2571 703 2602 768 ἠ
2637 699 2775 769 πρὸς
2830 701 3097 764 Λατίνους
3134 700 3347 771 ἀνίσχει
3381 705 3618 775 διαφορά
3640 724 3655 738 .

2080 795 2195 848 ἀλλ’
2251 796 2310 847 οὐ
2347 795 2500 861 λέγει
2533 794 2625 846 τὸν
2657 791 2788 845 Υἱδν
2851 795 3169 846 παντάπασι
3231 794 3370 862 πρὸς
3424 797 3523 864 τὴν
3563 797 3657 851 τοῦ

2081 887 2236 953 ἁγίου
2270 887 2590 956 Πνεῦμα-τος
2630 885 2856 954 πρόοδον
2878 901 2935 937 τε
2968 887 3063 936 καὶ
3090 885 3326 955 ὓπαρξιν
3356 887 3429 956 μὴ
3460 905 3657 940 κοινω-

2081 979 2194 1028 νεῖν
2238 975 2316 1045 τῷ
2365 976 2556 1045 Πατρί.
2592 973 2713 1036 Πῶς
2741 973 2852 1042 γὰρ
2886 972 2943 1036 δς
2979 974 3042 1026 ὲκ
3069 972 3162 1026 τοῦ
3200 975 3412 1046 Πατρὸς
3448 977 3534 1029 διὰ
3563 978 3656 1029 τοῦ

2081 1067 2210 1120 Υίοῦ
2237 1067 2481 1136 προϊέναι
2515 1067 2610 1118 καὶ
2641 1067 2705 1118 ὲκ
2735 1065 2830 1118 τοῦ
2863 1065 3077 1135 Πατρὸς
3115 1065 3204 1118 διὰ
3226 1068 3318 1118 τοῦ
3360 1066 3491 1120 Υίοῦ
3524 1084 3662 1137 προ-

2081 1155 2375 1210 ϐάλλεσθαι
2421 1155 2578 1208 τοῦτο
2608 1154 2910 1224 κηρύττει;
2948 1153 3136 1218 Οὕτως
3174 1156 3322 1226 αὐτῷ
3362 1157 3422 1211 τὸ
3451 1163 3667 1228 συμπέ-

2082 1266 2266 1320 ρασμα
2299 1248 2420 1301 οὔτε
2469 1247 2698 1319 βεϐηκὸς
2751 1246 2987 1316 οὐδαμοῦ
3038 1247 3307 1302 δέδεικται
3369 1249 3473 1319 τῆς
3530 1270 3666 1324 προ-

2078 1344 2286 1402 τάσεως
2328 1341 2473 1410 αὑτῴ
2505 1339 2883 1409 σαλευθείσης,
2937 1339 3032 1392 καὶ
3082 1340 3140 1406 ἐξ
3189 1335 3266 1394 ὧν
3293 1339 3520 1414 ὕστερον
3573 1345 3665 1413 βε-

2081 1431 2420 1486 ϐαιοῦναὺτδ
2471 1433 2752 1504 βούλεται,
2780 1430 2933 1484 οὐδὲν
2960 1430 3120 1485 πλέον
3181 1432 3404 1505 εἴληφεν
3444 1437 3521 1499 είς
3569 1437 3665 1506 βι-

2085 1523 2338 1579 σαίωσιν.

403 1627 546 1671 mata
580 1617 798 1686 penitus
863 1620 935 1671 sit
977 1617 1098 1686 ejus
1145 1615 1322 1684 major
1369 1614 1698 1686 prapositio,
1732 1624 1787 1670 et
1855 1629 1924 1669 ex
1957 1614 2046 1683 iis,
2086 1617 2286 1686 quibus
2317 1627 2512 1689 postea
2535 1620 2870 1678 confirmare
2906 1621 3052 1680 illam
3075 1623 3216 1690 .vult,
3260 1623 3400 1680 nihil
3429 1622 3658 1678 ulterius

405 1713 460 1768 in
503 1709 974 1766 conﬁrmationem
1042 1706 1277 1777 accepit.

898 1824 1148 1882 EPIIES.
1185 1823 1337 1880 CAP.
1371 1823 1456 1881 ιν.

472 1941 582 1996 Nos
615 1937 838 2009 quidem
893 1937 1022 1992 dum
1073 1935 1270 1990 Filium
1332 1949 1682 1990 removemus
1731 1950 1761 1990 a
1812 1950 1977 1990 causa

401 2033 662 2103 Spiritus,
697 2030 833 2084 nihil
866 2044 991 2084 eum
1028 2026 1392 2097 deprimimus
1422 2042 1451 2082 a
1491 2027 1762 2098 dignitate
1793 2027 1888 2082 Dei
1924 2035 1980 2083 et

407 2125 624 2192 Patris;
655 2138 832 2192 neque
860 2121 1007 2176 enim
1042 2135 1270 2190 prorsus
1302 2120 1821 2175 communicahilem
1863 2120 1981 2174 dei-

403 2219 538 2272 tatis
586 2230 806 2270 causam
843 2212 1100 2275 dicimus,
1134 2212 1279 2266 sicut
1332 2227 1435 2266 nec
1474 2211 1733 2282 principii
1787 2227 1980 2266 caren-

394 2312 536 2365 tiam
569 2323 665 2365 seu
695 2306 1171 2363 innascibilitatem
1211 2303 1412 2370 Patris,
1441 2319 1542 2359 nec
1577 2305 1752 2374 ipsam
1797 2313 1980 2374 pater-

389 2382 652 2457 ..nitatem.
683 2399 861 2454 Latini
900 2407 1107 2462 autem,
1137 2398 1228 2467 qui
1257 2396 1774 2452 communicabilem
1805 2397 1978 2452 deita-

403 2495 474 2548 tis
534 2507 755 2547 causam
809 2499 1022 2555 tenent,
1059 2489 1260 2544 deinde
1329 2487 1557 2557 Spiritui
1609 2504 1732 2543 eam
1785 2487 1979 2544 deesse

405 2585 701 2645 afﬁrmant,
738 2581 889 2638 omni
927 2581 1251 2634 necessitate
1284 2595 1410 2632 eum
1470 2578 1786 2636 inferiorem
1854 2580 1978 2634 red-

407 2678 544 2732 dunt
579 2676 778 2729 deitate
811 2683 868 2728 et
899 2672 1164 2742 dignitate
1215 2672 1387 2726 Patris
1421 2680 1477 2726 et
1523 2671 1667 2738 Filii,
1699 2680 1755 2727 et
1785 2687 1980 2730 secun-

404 2775 535 2828 dum
561 2773 665 2825 hoc
687 2769 1066 2839 blasphemare
1103 2767 1156 2820 in
1187 2765 1454 2836 Spiritum
1507 2777 1782 2831 sanctum,
1833 2766 1980 2822 sicut

395 2874 460 2920 .et
491 2863 794 2919 secundum
845 2859 949 2914 alia
982 2858 1273 2928 multiplici
1304 2860 1467 2912 modo
1495 2867 1798 2928 coguntur.

970 2967 1420 3028 SCIIOLARIUS.

477 3095 656 3152 Latini
690 3093 855 3150 etiam
889 3090 979 3147 hic
1027 3097 1218 3146 contra
1253 3088 1648 3159 blasphemiam
1705 3089 1840 3160 ipsis
1898 3091 1982 3145 in-

2015 1829 2063 1889 Β

2536 1825 2801 1879 ΕΦΕΣοΥ
2837 1825 2995 1880 κει».
3039 1827 3091 1879 A'
3123 1825 3221 1899 (ε).

2163 1941 2356 2009 Ἦμεῖς
2388 1938 2486 2008 μὲν
2525 1938 2617 1992 τὸν
2651 1939 2780 1992 Υἰδν
2817 1939 3183 2010 ἀφαιροῦντες
3211 1938 3310 2008 τῆς
3343 1940 3521 2004 αίτίας
3556 1940 3656 1998 τοῦ

2081 2034 2422 2102 Πνεύματος,
2477 2033 2630 2086 οὐδὲν
2661 2033 2830 2087 αὐτὸν
2885 2034 3218 2103 ἑλαττοῦμεν
3251 2034 3352 2101 τῆς
3393 2033 3487 2086 τοῦ
3517 2034 3656 2088 Θεοῦ

2083 2128 2183 2179 καὶ
2215 2125 2424 2194 Πατρὶς
2460 2124 2646 2190 ἀξίας⁹
2685 2125 2804 2177 οὐδὲ
2833 2124 2944 2195 γάρ
2981 2124 3117 2188 ὅλως
3147 2124 3439 2194 μεταδοτδν
3472 2124 3530 2177 τὸ
3553 2127 3658 2192 τῆς

2081 2215 2332 2284 θεότητος
2385 2205 2555 2268 αἴτιον
2607 2214 2865 2282 λέγομεν,
2919 2213 3110 2283 ὥσπερ
3167 2215 3292 2268 οὐδὲ
3320 2214 3381 2266 τὸ
3415 2213 3656 2267 ἀναίτιον

2079 2305 2172 2360 τοῦ
2211 2305 2447 2376 Πατρδς,
2477 2303 2590 2356 οὐδ’
2639 2304 2812 2374 αὐτὴν
2843 2305 2941 2374 τὴν
2971 2305 3306 2374 πατρότητα.
3344 2306 3564 2357 Λατῖνοι
3594 2303 3656 2356 δὲ

2083 2397 2370 2470 μεταδοτὸν
2405 2396 2560 2450 τοῦτο
2596 2397 2941 2466 φρονοῦντες,
2975 2394 3096 2450 εἶτα
3123 2395 3437 2464 τὸΠνεῦμα
3460 2395 3656 2448 τούτου

2081 2491 2362 2544 λείπεσθαι
2394 2491 2666 2561 λέγοντες,
2719 2492 2918 2554 πάσαις
2947 2492 3218 2560 ἀνάγκαις
3263 2491 3482 2544 ἔλαττον
3521 2489 3653 2546 αὐτὸ

2081 2582 2296 2636 ποιοῦσι
2320 2584 2418 2652 τῆς
2443 2585 2537 2636 τοῦ
2567 2583 2776 2654 Πατρδς
2794 2584 2887 2636 καὶ
2917 2583 3048 2636 Υῑοῦ
3072 2583 3326 2652 θεότητος
3353 2584 3447 2636 καὶ
3472 2583 3653 2646 ἀξίας,

2081 2675 2176 2728 καὶ
2201 2673 2350 2728 κατὰ
2377 2675 2536 2728 τοῦτο
2568 2674 2912 2745 βλασφημεῖν
2935 2677 3017 2738 είς
3054 2679 3112 2727 τὸ
3136 2675 3361 2744 Πνεῦμα
3385 2675 3446 2726 τὸ
3479 2675 3656 2744 ἅγιον,

2081 2762 2270 2833 ὥσπερ
2297 2764 2391 2816 καὶ
2422 2765 2543 2820 κατ’
2571 2763 2708 2820 ἄλλα
2737 2765 3023 2836 πολλαχῶς
3045 2765 3470 2834 ἀναγκάζονται.

2539 2933 2556 2958 ’
2653 2970 2694 3021 o
2757 2968 3159 3025 ΣΧΟΑΑΡΙΟΣ.

2152 3083 2216 3137 Oi
2255 3082 2474 3136 Λατῖνοι
2509 3080 2787 3136 κάνταῦθα
2820 3083 2957 3152 πρὸς
2986 3082 3086 3152 τὴν
3127 3083 3250 3136 κατ’
3277 3083 3459 3137 αὐτῶν
3495 3083 3658 3154 βλασο

392 3198 666 3246 ἰοιιιαιαηι
702 3186 890 3242 eadem
923 3183 1236 3238 defensione
1272 3193 1520 3249 utentur,
1558 3198 1665 3253 qua
1699 3193 1754 3238 et
1787 3183 1854 3236 ad
1892 3198 1978 3237 se-

2084 3176 2295 3246 φημίαν
2328 3173 2760 3244 ἀπολογήσονται
2787 3177 2854 3226 τὰ
2885 3170 3146 3238 αὖτά,οῖα
3177 3178 3272 3229 καὶ
3301 3176 3432 3246 πρὸς
3463 3177 3522 3229 τὸ
3546 3177 3655 3232 τῶν

403 3280 644 3337 cundum
681 3285 1062 3346 argumentum
1097 3275 1181 3329 usi
1218 3283 1367 3338 sunt,
1405 3290 1529 3329 cum
1576 3275 1680 3330 hoc
1733 3274 1876 3328 idem
1906 3273 1979 3328 sit

403 3390 530 3430 cum
579 3372 694 3434 illo,
735 3370 1060 3438 nescioquo
1089 3367 1247 3422 modo
1304 3377 1360 3422 ct
1395 3383 1502 3436 qua
1534 3367 1805 3437 sapientia
1865 3367 1980 3420 dis-

407 3465 662 3522 tinctum.
697 3457 978 3514 ct-‘solutio
1003 3456 1073 3511 ad
1108 3456 1242 3511 illud
1275 3457 1400 3510 data
1429 3457 1592 3510 etiam
1623 3471 1720 3525 pro
1747 3455 1850 3510 hoc
1870 3457 1980 3510 erit

395 3553 699 3608 sufﬁciens.
745 3551 811 3604 1d
866 3557 1080 3604 tantum
1139 3552 1193 3602 in
1248 3549 1540 3617 praesentia
1606 3557 1977 3617 opportunum

395 3644 574 3699 fuerit
603 3641 812 3706 dicere,
857 3640 902 3694 si
941 3639 1078 3692 bene
1113 3636 1554 3706 sapientissimus
1585 3636 1675 3691 ille
1700 3637 1782 3690 vir
1829 3636 1980 3691 ordi—

406 3739 492 3792 nis
521 3735 724 3790 bonum
764 3732 1025 3794 novisset,
1051 3729 1200 3800 quod
1233 3729 1455 3798 quidem
1495 3730 1691 3784 attinet
1718 3729 1786 3784 ad
1811 3745 1981 3801 argu-

408 3834 589 3881 menta
619 3836 674 3879 et
706 3824 968 3886 rationes,
999 3836 1128 3875 eum
1188 3819 1334 3874 haud
1368 3831 1624 3890 tanquam
1659 3820 1769 3874 duo
1814 3835 1974 3888 sepa-

407 3915 566 3972 ratim
594 3915 904 3984 positurum
943 3911 1114 3965 fuisse
1162 3924 1228 3964 ea
1261 3925 1381 3979 qua:
1453 3911 1679 3964 omnino
1728 3910 1978 3963 eamdem

406 4005 517 4064 vim
552 4005 775 4070 habent,
811 4001 959 4072 quod
1000 4015 1134 4056 vero
1162 4000 1230 4055 ad
1269 4015 1357 4056 res
1391 4000 1607 4055 divinas
1632 4008 1863 4068 spectat,
1909 3999 1978 4052 de

403 4095 606 4169 quibus
630 4106 832 4158 sermo,
856 4106 1035 4160 neque
1062 4101 1196 4146 tunc
1227 4091 1530 4146 secundum
1561 4097 1976 4157 argumentum,

405 4201 584 4256 neque
608 4199 757 4240 nunc
789 4194 1046 4252 quartum
1089 4180 1233 4235 istud
1283 4195 1508 4250 prorsus
1542 4179 1708 4235 fuisse
1737 4180 1982 4248 prolatu-

405 4293 552 4337 rum.
600 4279 681 4334 Ex
708 4291 776 4332 eo
801 4275 972 4338 enim,
1005 4274 1152 4344 quod
1185 4273 1389 4328 bonum
1429 4271 1640 4326 ordinis
1671 4271 1892 4342 ignorat
1925 4279 1982 4325 et

404 4373 524 4443 ipse
553 4383 810 4440 magnum
851 4367 984 4442 quid
1017 4365 1324 4421 concedere
1370 4379 1430 4419 se
1459 4361 1640 4419 credit
1693 4362 1841 4416 Patri
1873 4362 1978 4418 soli

405 4478 624 4520 causam
650 4461 890 4534 Spiritus
921 4461 1192 4525 tribuens,
1224 4458 1420 4514 Filium
1471 4473 1604 4514 vero
1655 4457 1725 4513 ab
1759 4474 1826 4514 eo
1879 4472 1980 4512 ex-

2082 3266 2531 3336 ὲπιχειρημάτων
2569 3265 2983 3336 ἀπελογήσαντο
3029 3267 3306 3338 δεύτερον,
3334 3269 3520 3339 ἐπειδὴ
3554 3272 3652 3324 καὶ

2077 3359 2238 3410 τοῦτο
2281 3357 2450 3411 ταυτό
2503 3360 2648 3412 ἐστιν
2691 3359 2906 3429 ἐκείνῳ,
2958 3362 3058 3413 οὐκ
3110 3357 3206 3413 οἷδ’
3245 3363 3397 3426 ὅπως
3425 3363 3520 3415 καὶ
3548 3364 3655 3418 τίνι

2083 3455 2244 3523 σοφίᾳ
2270 3452 2567 3522 διαιρεθὲν,
2599 3453 2694 3505 καὶ
2723 3454 2754 3524 ἡ
2785 3453 2923 3523 πρὸς
2951 3454 3124 3506 ἐκεῖνο
3145 3454 3202 3507 δὲ
3229 3455 3383 3517 λύσις
3408 3457 3500 3508 καὶ
3517 3456 3657 3524 πρὸς

2075 3545 2237 3598 τοῦτο
2258 3546 2474 3604 πάντως
2498 3544 2744 3612 ἀρκέσει.
2779 3541 3048 3595 Τοσοῦτον
3083 3544 3249 3612 μόνον
3271 3543 3502 3596 ἐνταῦθα
3534 3560 3657 3596 και-

2083 3635 2175 3706 ρὸν
2215 3633 2279 3686 ἂν
2318 3633 2429 3703 ἔχοι
2465 3632 2662 3700 λέγειν,
2690 3631 2765 3694 ὡς
2791 3632 2839 3684 εί
2869 3630 2931 3684 τὸ
2957 3632 3058 3702 τῆς
3081 3632 3288 3698 τάξεως
3311 3634 3513 3699 ἀγαθὸν
3533 3633 3657 3703 ᾔδει

2080 3726 2262 3788 καλῶς
2313 3728 2342 3779 ὁ
2396 3724 2706 3794 σοφώτατος
2743 3727 2946 3787 ἐκεῖνος
3000 3725 3162 3796 ἀνὴρ,
3204 3726 3252 3779 εί
3304 3727 3404 3796 μὲν
3439 3727 3561 3778 ὅσον
3586 3723 3655 3797 ἦν

2080 3817 2476 3888 ἐπιχειρήμασι
2510 3817 2606 3869 καὶ
2635 3815 2838 3884 λόγοις,
2871 3817 2972 3870 οὐκ
3002 3817 3068 3870 ἀν
3103 3819 3300 3887 ἔθηκεν
3323 3818 3397 3881 ὡς
3426 3819 3519 3872 δύο
3539 3820 3656 3892 διη-

2083 3911 2332 3981 ρημένως
2358 3911 2427 3962 τὰ
2458 3909 2770 3962 παντάπασι
2814 3909 2914 3980 τὴν
2947 3909 3116 3976 αὐτὴν
3162 3908 3358 3978 ἔχοντα
3383 3910 3614 3980 δύναμιι
3638 3927 3653 3942 ο

2080 4005 2128 4054 εἰ
2161 4001 2218 4054 δὲ
2246 4002 2368 4054 ὄσον
2399 4001 2458 4052 ὲν
2491 4003 2605 4062 τοῖς
2656 3999 2842 4065 θείοις,
2893 4003 3023 4070 περὶ
3055 3993 3130 4052 ὧν
3176 4003 3204 4052 ό
3235 3999 3419 4069 λόγος,
3457 4003 3558 4055 οὐκ
3589 4003 3656 4055 ἂν

2079 4092 2206 4147 οὔτε
2245 4093 2306 4147 τδ
2322 4092 2586 4162 δεύτερον
2615 4094 2958 4164 ἐπιχείρημα
2993 4093 3134 4155 τότε,
3163 4092 3289 4145 οὔτε
3317 4093 3377 4144 τὸ
3396 4093 3657 4163 τέταρτον

2079 4185 2242 4255 δῆθεν
2271 4183 2408 4247 ὅλως
2443 4182 2609 4244 ἔθηκε
2659 4183 2774 4237 νῦν.
2809 4182 2946 4237 Ἀπὸ
2992 4185 3102 4253 γὰρ
3138 4183 3230 4237 τοῦ
3271 4183 3507 4250 τάγαθὸν
3556 4187 3657 4254 τῆς

2079 4278 2284 4343 τάξεως
2316 4279 2554 4345 ἀγνοεῖν,
2585 4277 2868 4340 καὶαὺτδς
2899 4279 3040 4344 μέγα
3070 4295 3123 4330 τι
3155 4277 3478 4348 χαρίζεσθαι
3510 4279 3660 4334 δοκεῖ

2079 4369 2159 4441 τῷ
2181 4369 2354 4440 Πατρὶ
2380 4369 2650 4440 μόνῳτὴν
2674 4370 2852 4423 αίτίαν
2881 4371 2971 4424 τοῦ
2998 4370 3316 4441 Πνεῦματος
3344 4372 3656 4437 ἀποδιδοὺς,

2081 4463 2173 4516 τὸν
2200 4462 2256 4515 δὶ
2295 4462 2424 4515 Υἱὺν
2466 4463 2638 4530 αὐτῆς
2668 4461 2945 4531 ἀφαιρῶν,
2977 4461 3072 4515 καὶ
3101 4464 3226 4526 τοὺς
3257 4464 3520 4525 Λατίνους
3551 4463 3659 4515 οῐε-

405 4555 657 4618 cludens,
690 4562 748 4606 et
804 4551 1027 4609 Latinos
1060 4551 1444 4619 blasphemare
1503 4547 1822 4613 arbitratur,
1880 4547 1976 4617 qui

2084 4573 2174 4611 ται
2206 4556 2550 4628 βλασφημεῖν
2577 4555 2642 4608 οὐ
2675 4555 2744 4608 τὰ
2783 4556 2925 4609 αὑτά
2949 4555 3128 4625 τούτῳ
3151 4557 3490 4627 τολμῶντας.
3511 4557 3661 4610 Ἀλλ’

408 4661 518 4700 non
547 4645 738 4699 eadem
769 4660 832 4699 ac
857 4645 971 4714 ipse
996 4642 1221 4698 audent.
1245 4642 1453 4698 Verum
1485 4641 1532 4696 si
1567 4639 1802 4712 planeid
1829 4642 1978 4711 quod

408 4739 477 4792 de
513 4736 726 4792 ratione
746 4751 943 4800 causa},
972 4751 1094 4806 quae
1124 4743 1210 4790 est
1238 4735 1292 4788 in
1325 4735 1508 4800 Patre,
1533 4747 1641 4787 non
1662 4731 1977 4802 participat,

410 4826 652 4882 inferius
681 4835 767 4880 est
799 4827 920 4896 ejus
953 4823 1158 4879 deitate
1185 4833 1242 4878 et
1275 4824 1504 4888 honore,
1537 4832 1596 4876 ut
1626 4821 1741 4892 ipse
1767 4831 1982 4902 censet,

409 4917 589 4974 Latini
627 4932 757 4972 vero
791 4917 845 4971 in
877 4917 1143 4987 Spiritum
1189 4925 1440 4970 sanctum
1491 4913 1894 4983 blasphemant,
1929 4920 1986 4967 et

410 5009 526 5080 ipse
558 5009 810 5064 similiter
851 5008 1193 5077 blasphemat
1233 5006 1287 5060 in
1322 5005 1542 5070 Filium,
1584 5011 1641 5058 et
1675 5011 1824 5056 tanto
1857 5003 1983 5071 qui-

408 5099 532 5155 dem
595 5101 710 5169 ipse
741 5101 1008 5167 deterius,
1045 5100 1102 5154 in
1157 5108 1428 5170 quantum
1490 5095 1567 5151 illi
1631 5095 1856 5166 quidem
1914 5110 1982 5149 ex

381 5191 612 5262 'quibus
667 5191 864 5247 Filium
909 5193 1186 5247 honorant
1237 5206 1308 5245 ex
1359 5191 1554 5245 iisdem
1599 5189 1655 5242 in
1716 5188 1982 5258 Spiritum

411 5297 640 5353 peccare
671 5283 1054 5348 traducuntur,
1114 5286 1216 5339 iste
1248 5298 1376 5337 vero
1409 5283 1538 5337 dum
1595 5280 1794 5336 Filium
1851 5294 1986 5334 con-

411 5374 670 5430 tentionis
699 5376 865 5445 gratia
903 5391 934 5430 a
991 5377 1342 5430 convenienti
1385 5378 1592 5430 honore
1632 5381 1782 5428 arcet
1816 5372 1982 5427 simul

408 5475 462 5519 et
492 5465 757 5536 Spiritum
789 5467 856 5522 de
885 5483 952 5522 eo
997 5468 1166 5537 cjicit.
1208 5468 1438 5532 Quando
1468 5483 1598 5523 vero
1640 5465 1771 5522 dato
1805 5479 1983 5522 causae

477 5647 557 5720 (1)
594 5647 737 5703 Non.
767 5645 859 5714 27,
898 5646 1088 5716 ierat;
1119 5647 1280 5705 Marc.
1318 5650 1454 5704 ἐστι.

2084 4650 2134 4700 εί
2166 4646 2264 4716 μὲν
2294 4647 2430 4709 ὅλως
2477 4645 2540 4698 τδ
2579 4645 2656 4716 μὴ
2697 4647 2930 4716 μετέχον
2979 4645 3078 4714 τῆς
3114 4647 3298 4708 αίτίας
3353 4648 3452 4718 τῆς
3497 4648 3555 4701 ἐν
3579 4648 3662 4718 τῷ

2085 4738 2262 4809 Πατρὶ
2291 4735 2510 4790 ἔλαττόν
2555 4740 2671 4790 ἐστι
2729 4737 2827 4806 τῆς
2861 4737 2955 4789 τοῦ
3009 4737 3222 4806 Harpe;
3272 4737 3530 4808 θεότητος
3560 4738 3663 4790 καὶ

2082 4830 2259 4894 ἀξίας,
2286 4828 2360 4891 ὼς
2386 4828 2550 4892 αὐτὸς
2592 4827 2754 4892 ἀξιοῖ,
2788 4828 3008 4881 Λατῖνοί
3039 4845 3095 4881 τε
3123 4828 3541 4898 βλασφημοῦσιν
3577 4833 3660 4894 εἰς

2081 4920 2143 4974 τὸ
2177 4919 2424 4990 Πνεῦμα,
2481 4922 2575 4972 καὶ
2623 4919 2788 4981 αὐτὸς
2836 4920 3040 4989 ὁμοίως
3097 4921 3179 4981 είς
3225 4919 3320 4972 τὸν
3353 4919 3506 4983 Υίὸν,
3557 4923 3657 4973 καὶ

2079 5011 2334 5066 τοσοῦτον
2388 5010 2549 5073 αὐτὸς
2603 5013 2806 5080 χεῖρον,
2838 5012 2964 5065 ὅσον
3012 5013 3211 5066 ἐκεῖνοι
3245 5012 3346 5081 μὲν
3378 5011 3437 5077 ἐξ
3464 5006 3545 5066 ὧν
3573 5029 3660 5064 τε-

2086 5102 2230 5172 μῶσι
2263 5102 2354 5155 τὸν
2385 5102 2514 5154 Υἱδν
2540 5102 2880 5173 ἁμαρτάνειν
2909 5103 2990 5166 είς
3023 5104 3085 5155 τὸ
3111 5104 3333 5174 Πνεῦμα
3378 5107 3658 5174 προάγον-

2079 5211 2194 5260 ται,
2223 5197 2252 5248 ὁ
2271 5194 2329 5248 δὲ
2368 5194 2460 5248 τὸν
2489 5194 2618 5246 Υίὸν
2651 5195 2752 5264 τῆς
2795 5193 3180 5265 προσηκούσης
3203 5195 3289 5249 διὰ
3315 5195 3658 5264 φιλοιεικίαν

2079 5287 2283 5354 εἴργων
2322 5289 2486 5357 τιμῆς
2517 5283 2634 5354 ἅμα
2665 5285 2760 5337 καὶ
2808 5285 2871 5338 τὸ
2903 5284 3131 5354 Πνεῦμα
3171 5285 3522 5340 συνεκϐάλλει
3545 5300 3558 5314 ·
3605 5284 3656 5335 εί

2078 5377 2134 5429 δὲ
2159 5376 2402 5438 δοθέντος
2425 5374 2521 5428 τοῦ
2547 5375 2647 5445 τὴν
2677 5375 2854 5429 αἰτίαν
2877 5373 3017 5428 εἶναι
3049 5375 3381 5446 κοινωνητὴν
3409 5375 3484 5444 τῷ
3513 5374 3657 5442 Υἰῴ,

2078 5467 2302 5521 ἔλαττον
2331 5466 2550 5521 ἔσεσθαί
2573 5485 2710 5538 φητι
2736 5469 2797 5520 τὸ
2821 5466 3048 5536 Πνεῦμα
3079 5468 3281 5536 ταύτης
3303 5465 3649 5535 λειπὸμ;νον,

2157 5649 2233 5720 ιε’.)
2272 5649 2326 5703 1η
2359 5649 2480 5705 cod.
2527 5647 2694 5713 Mum,
2727 5647 2832 5704 356
2867 5648 2904 5703 ί.
2935 5647 3040 5704 Ξθϐ
3083 5663 3134 5714 a,
3165 5655 3247 5702 est
3276 5660 3394 5719 cap.
3426 5645 3512 5701 l6.
