3900 6216
347 273 426 333 37

1365 271 1802 333 REFUTA'HO
1845 271 2078 332 M’tRCI
2136 272 2518 333 EPHESINI.
3500 265 3568 325 33

345 391 401 438 εί
433 386 524 454 μὲν
555 387 730 450 οὐδεὶς
774 387 916 451 ἀξιοῖ
944 388 1049 443 τῶν
1083 387 1253 454 ἀγξων
1289 387 1352 440 ἑκ
1380 384 1475 440 τοῦ
1507 385 1638 438 Υίοῦ
1670 381 1807 436 εἶναι
1853 382 1913 438 τὸ

2018 383 2284 436 rationem
2313 380 2822 437 communieabilem
2877 392 2998 434 esse
3031 376 3190 440 Filio,
3250 377 3572 432 inferiorem

346 477 567 546 Πνεῦμα
598 480 692 531 καὶ
723 481 788 532 ἑκ
818 479 909 533 τοῦ
948 478 1078 532 Υἱοῦ
1128 477 1377 549 προϊέναι
1402 517 1416 540 ,
1447 477 1542 528 καὶ
1575 474 1664 528 τὸν
1693 472 1907 542 Πατέρα

345 569 444 621 καὶ
473 570 561 619 τὸν
585 569 715 622 Υίδν
754 571 883 639 μίαν
919 570 1097 640 ἀρχὴν
1132 567 1272 623 εἷναι
1301 567 1395 621 τοῦ
1431 566 1747 636 Πνεύματος
1790 564 1908 632 (καὶ

341 662 451 738 πρὸ
478 661 696 712 πάντων
727 663 889 723 αὐτὸς
916 664 943 715 ὁ
975 662 1099 725 Υίὸς
1152 661 1333 714 πάντα
1381 661 1554 727 λέγων
1582 659 1651 712 τά
1672 657 1767 710 τοῦ
1796 656 1909 708 Πα-

341 751 469 819 τρὸς
501 751 767 818 ὑπάρχειν
817 751 991 820 αὐτῷ,
1023 753 1118 804 καὶ
1165 750 1516 822 προστιθέασι
1547 749 1749 810 πάντες
1771 746 1910 819 πλὴν

341 839 439 891 τοῦ
486 842 680 909 γεννᾷν
723 841 818 893 καὶ
853 842 994 910 πλὴν
1039 844 1140 911 τῆς
1187 840 1572 912 πατρῦτητος),
1620 838 1837 900 πάντως
1874 839 1908 908 ἡ

345 930 667 999 βλασφημία
721 932 859 1000 μετὰ
882 932 989 984 τῶν
1037 931 1287 985 Λατίνων
1312 932 1461 984 ἐστίν
1481 946 1496 960 ο
1524 931 1572 983 εί
1607 930 1653 982 δ’
1691 933 1755 984 ὲκ
1784 926 1910 980 πολ-

340 1022 449 1074 λῶν
487 1023 575 1073 καὶ
602 1022 815 1085 πολλοῖς
839 1025 1062 1091 τρόποις
1093 1025 1306 1093 ἀνάγκη
1330 1021 1610 1091 δεδομένον
1647 1016 1784 1074 εἶναι
1817 1019 1912 1073 καὶ

341 1117 594 1186 κείμενον
612 1118 674 1170 τὸ
689 1118 785 1170 τον
802 1116 929 1168 Υίὸν
943 1115 1120 1188 ἀρχὴν
1139 1111 1280 1169 εἶναι
1295 1117 1390 1168 τοῦ
1420 1113 1790 1182 Πνεῦματος,ὁ
1811 1111 1911 1183 τὴν

341 1208 524 1261 αἰτίαν
557 1207 653 1260 τοῦ
673 1208 989 1276 Πνεῦματος
1018 1205 1420 1276 ἀφαιρούμενος
1437 1204 1529 1258 τοῦ
1553 1205 1683 1258 Υίοῦ
1711 1204 1827 1268 πῶς
1848 1203 1908 1257 οὐ

342 1301 479 1368 πρὸς
523 1299 658 1351 Θεὸν
689 1299 1000 1368 βλασφημεῖ
1020 1298 1219 1368 μᾶλλον
1241 1298 1431 1363 αὑτός;
1470 1298 1527 1349 El
1561 1297 1616 1349 δὲ
1641 1296 1746 1349 τῶν
1769 1296 1910 1348 διδα-

338 1397 560 1449 σκάλων
585 1398 650 1448 ὲκ
677 1395 769 1448 τοῦ
789 1396 920 1448 Υἱοῦ
945 1395 1214 1462 λεγόντων
1269 1389 1408 1447 εἶναι
1455 1395 1552 1447 καὶ
1580 1393 1828 1462 προϊέναι
1851 1393 1912 1445 τδ

338 1487 571 1557 Πνεῦμα
617 1487 677 1540 τὸ
709 1487 862 1554 ἅγιον
893 1489 1065 1540 οἴεται
1099 1485 1442 1555 βλασφημεῖν
1469 1485 1592 1547 τοὺς
1621 1483 1698 1555 μὴ
1725 1484 1819 1536 καὶ
1853 1485 1912 1537 τὸ

336 1577 572 1646 Πνεῦμα
597 1578 656 1630 τὸ
681 1577 842 1646 ἀγιον
867 1579 1043 1648 ἀρχὴν
1065 1577 1319 1647 θεότητος
1341 1572 1479 1630 εἶναι
1504 1577 1786 1644 λέγοντας,
1817 1575 1912 1630 ἅτε

336 1669 444 1740 τῆς
485 1670 618 1738 πρὸς
646 1669 738 1722 τδν
784 1669 1000 1740 Πατέρα
1031 1673 1126 1722 καὶ
1159 1668 1251 1722 τὸν
1297 1667 1425 1720 Υίδν
1458 1667 1727 1736 ἰσοτιμίας
1753 1665 1912 1720 τοῦτο

335 1763 702 1833 χωρίζοντας,
735 1762 830 1815 καὶ
884 1762 946 1830 δὴ
1000 1760 1175 1824 οὕτως
1218 1760 1322 1830 ἥδη
1367 1759 1460 1812 καὶ
1492 1759 1642 1812 οὐδὲν
1690 1758 1910 1811 ἔλαττον

339 1856 756 1926 βλασφημήσει,
783 1855 843 1906 τδ
890 1854 989 1918 τῆς
1019 1852 1370 1922 βλασφημίας
1415 1850 1665 1920 ἔγκλημα
1690 1853 1806 1914 τοῖς
1835 1851 1911 1904 δι-

335 1944 635 2006 δασκάλοις
662 1944 1014 2014 προσάπτων.
1050 1941 1125 1995 Οὐ
1150 1942 1256 2010 γάρ
1291 1941 1585 1994 ἐλάνθανεν
1615 1939 1814 2002 αὐτοὺς
1850 1939 1912 1993 τὸ

339 2036 519 2100 σος-,δν
549 2033 692 2087 τοῦτ’
721 2034 1078 2105 ἐπιχείρημα,
1110 2034 1206 2085 καὶ
1234 2033 1315 2086 ὅτι
1347 2031 1436 2085 τὸν
1461 2032 1587 2085 Τίον
1620 2031 1791 2102 ἀρχὴν
1816 2029 1910 2084 τοῦ

1051 2126 1110 2178 τι
1139 2125 1197 2179 δὲ
1221 2125 1444 2194 Πνεῦμα
1487 2124 1715 2195 μηδενὸς
1740 2123 1914 2194 ἀρχὴν

345 2217 488 2271 εἶναι
518 2217 930 2288 ὁμολογοῦντες,
955 2218 1175 2271 ἔλαττόν
1202 2234 1258 2270 τε
1289 2218 1576 2288 ποιήσουσι
1609 2217 1667 2270 τὸ
1689 2217 1914 2286 Πνεῦμα

342 2314 446 2364 καὶ
475 2311 990 2380 βλασφημήσωσιν.
1021 2309 1167 2362 Ἀλλ’
1197 2311 1348 2378 ὅμως
1375 2307 1497 2362 οὔτε
1532 2306 1914 2378 βλασφημοῦσι

338 2405 443 2456 καὶ
489 2403 579 2456 τὸν
611 2404 739 2455 Ti?»
765 2401 937 2471 ἀρχὴν
984 2400 1076 2452 τοῦ
1132 2401 1447 2469 ῐινεύματος
1497 2399 1748 2468 λέγουσιν
1783 2399 1914 2469 (οὐδ’

338 2495 460 2565 ἄρα
501 2495 750 2557 Λατίνοις
781 2495 985 2555 πάσαις
1012 2493 1279 2558 ἀνάγκαις
1327 2491 1516 2545 ἓπεται
1557 2491 1914 2561 βλασφημεῖν,

339 2590 661 2644 toi-iustiore
707 2589 764 2641 δὲ
800 2589 997 2657 μᾶλλον
1033 2587 1366 2640 ὑπακούουσι
1389 2585 1462 2655 (1)
1492 2585 1608 2647 τοῖς
1645 2582 1749 2636 τῶν
1775 2585 1918 2638 διδα-

343 2681 570 2734 σκάὶων
599 2679 776 2748 λόγοις
805 2681 898 2732 καὶ
924 2680 1040 2740 ταῖς
1075 2678 1172 2747 τῆς
1194 2678 1429 2740 πίστεως
1474 2675 1815 2738 ὑποθέσεσιν,
1843 2670 1918 2729 ὧν

339 2776 384 2842 ἡ
421 2773 532 2825 τῶν
565 2772 728 2825 θείων
755 2771 1064 2843 προσώπων
1094 2771 1241 2836 τάξις
1273 2772 1391 2823 ἐστὶ
1420 2771 1516 2823 καὶ¹
1536 2769 1644 2823 τῶν
1679 2770 1920 2839 προόδων

346 2864 585 2934 αὐτῶν),
634 2863 758 2916 οὔτε
801 2863 1008 2932 σφόδρα
1054 2862 1254 2932 τιμῶσι
1278 2861 1367 2914 τὸν
1390 2862 1628 2933 Πατέρα,
1666 2862 1920 2932 καθάπερ

347 2953 529 3019 οὗτος,
578 2956 670 3008 τὸν
701 2955 830 3008 Υίον
865 2953 1242 3025 ἀτιμάζοντες,
1275 2954 1370 3008 καὶ
1399 2953 1475 3024 τῷ
1507 2953 1785 3024 Πνεύματι
1815 2971 1921 3022 μη-

345 3048 546 3116 δεμίαν
579 3048 898 3100 ὑπολείπειν
930 3046 1191 3117 ἡγοῦνται
1229 3047 1396 3116 τιμῆς
1427 3045 1760 3114 ὑπερϐολὴν,
1790 3046 1918 3098 ὅταν

348 3142 489 3192 αὐτὸ
518 3139 595 3208 (Ξ)
637 3140 869 3206 λέγωσιν
909 3139 971 3190 ὲκ
1004 3137 1098 3190 eo}
1149 3137 1358 3206 Πατρδς
1412 3134 1654 3204 προϊέναι
1705 3134 1914 3188 καὶτοῦ

340 2127 672 2195 ἴινεὺματος
725 2127 995 2193 λέγοντες,

359 3229 490 3284 Υἱοῦ
511 3231 750 3297 γνησίως
774 3230 866 3281 καὶ
893 3227 1160 3296 φυσικῶς.
1195 3226 1402 3280 Ταντὸν
1424 3227 1532 3295 γὰρ
1561 3227 1638 3286 είς
1663 3225 1829 3296 τιμὴν
1859 3227 1918 3279 τό

352 3339 412 3372 τε
456 3315 519 3372 ἐκ
553 3319 688 3372 Θεοῦ
739 3319 984 3388 προῖέναι
1007 3318 1250 3387 φυσικῶς
1276 3319 1370 3370 καὶ
1399 3317 1459 3369 τὸ
1487 3317 1748 3387 προάγειν
1778 3317 1919 3370 οὕτω

354 3413 491 3464 Θεόν
511 3427 524 3441 ·
559 3414 607 3464 εἰ
636 3411 693 3464 δὲ
716 3411 777 3462 τὸ
805 3411 880 3479 μὴ
903 3411 1164 3480 προάγειν
1189 3409 1324 3462 Θεὸν
1349 3407 1541 3476 ὕφεσίς
1561 3425 1643 3467 τις
1665 3409 1813 3462 ἔσται
1845 3409 1920 3479 τῷ

359 3501 659 3570 Πνεύματι,
685 3501 780 3552 καὶ
803 3505 863 3551 τὸ
900 3499 974 3569 μὴ
1002 3496 1334 3568 προάγεσθαι
1377 3497 1526 3564 παρὰ
1559 3495 1693 3548 Θεοῦ
1731 3495 1922 3562 ὕφεσις

357 3592 508 3644 ἔσται
527 3592 604 3661 τῷ
622 3591 812 3660 Πατρὶ,
843 3591 1058 3653 πάντως
1077 3588 1418 3659 ἀμφοτέρων,
1450 3589 1583 3658 ὅπερ
1613 3583 1786 3647 εἷπον,
1809 3588 1923 3640 ίσον

356 3683 437 3744 είς
475 3681 641 3751 τιμὴν
672 3681 998 3750 δυναμένων,
1027 3679 1122 3734 τοῦ
1153 3697 1212 3733 τε
1244 3679 1526 3750 προάγειν,
1548 3679 1642 3731 τοῦ
1667 3694 1724 3730 τε
1759 3679 1926 3748 προά-

356 3771 553 3838 γεσθαι
576 3787 591 3801 ·
623 3771 759 3823 ἀλλά
779 3773 838 3823 τὸ
862 3771 992 3840 παρ’
1031 3769 1242 3832 οὐδενὸς
1287 3765 1423 3822 εἶναι
1453 3771 1546 3822 καὶ
1577 3769 1634 3821 τὸ
1664 3771 1922 3835 ἀναίτιον,

357 3862 456 3913 καὶ
503 3862 566 3914 τδ
598 3862 825 3931 μηδενὸς
850 3861 1021 3914 αίτιον
1050 3857 1212 3924 εἶναι,
1255 3861 1349 3914 καὶ
1385 3862 1446 3913 τὸ
1472 3861 1602 3931 παρ’
1631 3860 1790 3913 ἄλλου
1824 3859 1926 3928 μὲν

357 3947 521 4013 εἶναι,
556 3952 684 4006 ἀλλο
708 3952 762 4003 δὲ
779 3954 1042 4021 προάγειν
1076 3950 1170 4018 ἀφ’
1204 3947 1425 4016 ἑαυτοῦ,
1444 3947 1616 4002 ταῦτα
1641 3949 1718 4017 τῷ
1741 3948 1928 4021 ἀγαθῷ

356 4045 461 4107 τῆς
487 4042 694 4107 τάξεως
747 4041 963 4107 ἕπεται,
1022 4043 1088 4110 ἢν
1121 4040 1333 4107 ἀνάγκη
1388 4038 1566 4108 πολλῷ
1607 4040 1806 4108 μᾶλλον
1837 4038 1930 4090 ἐπὶ

358 4131 473 4184 τῶν
498 4131 659 4184 θείων
691 4127 829 4184 εἶναι
863 4128 1165 4201 προσώπων
1191 4143 1206 4159 ⁸
1240 4129 1333 4181 καὶ
1383 4129 1418 4197 ἠ
1452 4128 1594 4181 κατά
1624 4126 1794 4179 ταῦτα
1816 4126 1929 4178 δια-

358 4222 507 4289 φορά
528 4221 736 4285 τάξεώς
765 4222 882 4272 ἐστι
931 4220 1162 4290 διαφορά
1188 4259 1204 4283 ,
1236 4218 1372 4288 πρὸς
1403 4219 1459 4271 δὲ
1495 4216 1593 4286 τὴν
1627 4217 1930 4285 ταυτότητα

358 4317 463 4383 τῆς
492 4314 678 4375 οὐσίας
705 4311 958 4364 τοσοῦτον
1009 4313 1199 4379 ἀπέχει
1228 4326 1280 4363 τι
1326 4307 1754 4378 παρασλάπτειν,
1783 4306 1928 4359 ὥστε

2011 473 2256 528 futurum
2279 475 2544 544 Spiritum
2578 475 2778 528 asserit
2805 488 2869 526 ea
2905 480 3209 533 carentem,
3269 469 3315 522 si
3350 469 3573 536 quidem

2012 580 2171 620 nemo
2201 577 2514 621 sanctorum
2542 566 2733 620 statuit
2776 579 2842 618 ex
2882 563 3020 616 Filio
3045 576 3165 616 esse
3199 561 3464 630 Spiritum
3517 571 3577 618 et

2010 672 2076 710 ex
2113 671 2181 710 eo
2210 657 2458 726 progredi
2509 665 2566 712 et
2610 657 2828 710 Patrem
2886 653 3193 721 Filinmque
3224 667 3394 706 unum
3454 667 3578 707 esse

2011 745 2251 815 Spiritus
2305 748 2653 816 principium,
2689 747 2764 806 (et
2825 753 2953 798 ante
2996 758 3190 797 omnes
3233 742 3349 812 ipse
3405 743 3577 797 Filius

2012 838 2194 892 omnia
2241 854 2362 908 quze
2390 846 2519 893 sunt
2558 837 2731 892 Patris
2770 851 2866 889 sua
2894 849 3014 891 esse
3038 834 3247 895 dicens.
3285 834 3580 904 cunctique

2012 926 2222 984 addunt
2258 945 2271 982 :
2301 937 2526 997 excepta
2557 927 2908 996 generatione
2960 933 3014 979 et
3042 924 3398 994 paternitate)
3454 940 3581 994 pro-

2014 1019 2155 1072 fecto
2190 1018 2522 1085 blasphemia
2561 1034 2589 1072 a
2626 1029 2782 1087 parte
2835 1018 3152 1072 Latinorum
3187 1018 3331 1080 erit;
3366 1016 3411 1070 si
3452 1032 3583 1070 vero

2016 1124 2084 1164 ex
2123 1109 2308 1162 multis
2347 1119 2402 1164 et
2449 1109 2737 1178 multiplici
2787 1109 2948 1163 modo
2997 1123 3217 1163 necesse
3243 1118 3328 1162 est
3357 1109 3582 1162 concedi

2013 1209 2072 1254 et
2106 1200 2259 1270 poni,
2314 1199 2510 1254 Filium
2541 1200 2781 1270 Spiritus
2818 1201 2993 1254 sancti
3035 1215 3158 1254 esse
3211 1198 3542 1268 principium
3566 1239 3582 1258 ,

2015 1291 2294 1358 quomodo
2331 1304 2438 1343 non
2482 1290 2574 1344 ille
2607 1290 2701 1358 qui
2743 1305 2772 1343 a
2805 1289 2944 1344 Filio
2987 1289 3128 1344 tollit
3179 1287 3416 1358 Spiritus
3455 1304 3586 1341 eau-

2014 1391 2130 1431 sam
2159 1377 2328 1447 magis
2356 1389 2547 1433 contra
2578 1379 2747 1433 Deum
2770 1377 3154 1448 blasphemat?
3181 1377 3236 1432 Si
3264 1392 3418 1441 vero,
3451 1377 3581 1431 dum

2015 1465 2266 1522 doctores
2300 1484 2363 1521 ex
2418 1468 2556 1522 Filio
2585 1483 2705 1522 esse
2734 1477 2791 1522 et
2824 1469 3076 1538 progredi
3136 1466 3400 1536 Spiritum
3436 1482 3585 1521 asse-

2014 1567 2165 1622 runt,
2201 1559 2303 1614 iste
2339 1559 2718 1628 blasphemare
2769 1569 2924 1630 putat
2971 1575 3069 1616 eos
3119 1561 3213 1630 qui
3257 1574 3366 1613 non
3419 1559 3582 1613 etiam

2015 1649 2278 1720 Spiritum
2309 1665 2528 1705 causam
2559 1652 2779 1706 deitatis
2817 1667 2941 1707 esse
2967 1653 3143 1717 aiunt,
3177 1661 3368 1722 utpote
3398 1667 3427 1705 a
3464 1651 3584 1720 pari

2012 1755 2136 1794 cum
2177 1741 2334 1796 Patre
2365 1749 2419 1796 et
2448 1741 2588 1796 Filio
2619 1743 2825 1797 honore
2863 1759 2986 1797 eum
3042 1753 3388 1813 separantes,
3416 1745 3587 1797 etiam

2009 1831 2088 1886 sic
2110 1840 2164 1885 et
2199 1833 2371 1886 nihilo
2405 1835 2589 1888 minus
2631 1833 3038 1902 blasphemabit
3098 1835 3452 1902 blasphemia:
3485 1849 3586 1888 no-

2013 1933 2119 1979 tam
2158 1924 2409 1979 Ecclesia:
2437 1925 2758 1980 doctoribus
2794 1923 3086 1978 iuurendo.
3111 1923 3300 1992 Neque
3327 1923 3475 1977 enim
3507 1924 3588 1976 la—

2013 2019 2117 2073 tuit
2152 2033 2247 2072 eos
2265 2017 2485 2087 sapiens
2514 2016 2662 2070 istud
2695 2025 3082 2084 argumentum
3119 2024 3176 2069 et
3205 2015 3351 2084 quod
3385 2015 3584 2069 Filium

2013 2106 2248 2176 Spiritus
2279 2105 2607 2174 principium
2633 2105 2898 2168 dicentes,
2935 2103 3202 2174 Spiritum
3229 2113 3410 2159 autem
3438 2104 3591 2173 prin-

2014 2197 2216 2266 cipium
2247 2197 2449 2251 nullius
2477 2212 2599 2252 esse
2629 2196 2953 2252 conﬁtentes
2992 2197 3262 2250 minorem
3315 2195 3588 2250 reddituri

2016 2288 2281 2357 Spiritum
2325 2297 2381 2343 et
2431 2287 2853 2357 blasphematuri
2904 2287 3031 2340 sint.
3077 2287 3460 2341 Verumtamen
3495 2301 3592 2340 ne-

2016 2394 2124 2448 que
2172 2379 2550 2448 blasphemant
2578 2379 2779 2433 Filium
2833 2379 3074 2448 Spiritus
3120 2379 3454 2448 principium
3507 2378 3592 2432 di-

2018 2479 2208 2526 centes
2266 2471 2471 2540 (quare
2526 2483 2627 2524 nec
2692 2468 2872 2523 Latini
2931 2469 3082 2524 omni
3136 2471 3468 2524 necessitate
3531 2470 3590 2524 in

2020 2562 2408 2632 blasphemiam
2466 2560 2847 2615 concludendo
2896 2561 3175 2625 incidunt.
3233 2561 3343 2615 imo
3399 2572 3589 2617 contra

2021 2652 2284 2706 obediunt
2315 2652 2496 2720 potius
2531 2651 2815 2705 doctorum
2844 2650 3111 2705 doctrinis
3145 2660 3200 2705 et
3233 2650 3356 2705 lidei
3383 2651 3591 2721 princi-

2019 2745 2146 2815 piis.
2177 2748 2320 2798 inter
2349 2758 2468 2812 quae
2495 2753 2576 2796 est
2617 2741 2926 2796 divinarum
2961 2757 3320 2811 personarum
3352 2754 3407 2797 et
3462 2759 3594 2813 pro.

2020 2837 2334 2892 eessionum
2394 2833 2707 2889 earumdem
2745 2833 2914 2914 ordo)
2953 2849 3130 2902 neque
3167 2836 3332 2889 nimis
3370 2835 3586 2891 Patrem

2023 2928 2317 2994 honorant,
2345 2926 2810 2997 quemadmodum
2859 2924 2985 2989 iste,
3043 2925 3238 2979 Filium
3290 2926 3589 2997 ignominia

2023 3020 2339 3084 allicientes,
2368 3029 2424 3073 et
2454 3017 2681 3088 Spiritui
2713 3017 2918 3071 nullam
2951 3018 3174 3072 honoris
3199 3017 3434 3072 deﬁcere
3469 3020 3592 3086 (de-

2024 3101 2188 3178 trahi)
2225 3108 2562 3162 arbitrantur
2600 3106 3004 3171 excellentiam,
3040 3106 3263 3176 quando
3317 3121 3442 3161 eum
3505 3109 3592 3163 di.

2019 3213 2236 3256 cuntex
2269 3201 2428 3255 Patre
2464 3208 2517 3253 et
2535 3198 2670 3252 Filio
2702 3197 2955 3268 progredi
2987 3213 3116 3252 vere
3150 3213 3215 3254 ac
3242 3199 3592 3256 naturaliter.

2019 3292 2168 3346 Idem
2208 3306 2444 3360 namque
2475 3293 2541 3343 ad
2573 3290 2838 3343 honorem
2875 3289 3021 3359 quod
3050 3290 3248 3345 attinet
3278 3301 3333 3345 et
3383 3307 3449 3345 ex
3485 3291 3592 3344 Deo

2020 3383 2272 3455 progredi
2306 3385 2625 3438 naturaliter
2649 3393 2702 3436 et
2743 3383 2814 3438 ita
2834 3383 3132 3453 producere
3163 3385 3354 3438 Deum.
3381 3383 3436 3439 Si
3463 3398 3591 3438 vero

2023 3491 2133 3530 non
2179 3476 2484 3545 producere
2538 3475 2706 3530 Deum
2785 3474 3098 3528 imminutio
3171 3475 3281 3527 erit
3336 3475 3591 3545 Spiritui.

2024 3569 2190 3621 etiam
2245 3583 2358 3621 non
2391 3565 2620 3637 produci
2679 3581 2708 3618 a
2750 3564 2862 3620 Deo
2915 3565 3229 3618 imminutio
3261 3565 3368 3619 erit
3421 3567 3594 3631 Patri,

2025 3674 2150 3711 cum
2179 3668 2496 3727 utrumque,
2527 3657 2670 3728 quod
2701 3657 2835 3721 dixi,
2889 3655 3034 3711 i-lem
3075 3660 3144 3710 ad
3179 3657 3443 3711 honorem
3495 3673 3596 3711 va-

2026 3750 2157 3811 leat,
2199 3759 2252 3804 et
2282 3749 2582 3818 producere
2630 3759 2686 3804 et
2737 3748 2985 3817 produci.
3019 3747 3217 3804 Verum
3279 3748 3379 3802 tria
3415 3748 3532 3803 hac
3563 3765 3593 3803 a

2027 3840 2179 3894 nullo
2211 3849 2266 3895 et
2291 3841 2546 3910 principii
2603 3848 2885 3910 expertem
2919 3855 3062 3905 esse,
3116 3849 3174 3895 et
3220 3840 3426 3895 nullius
3474 3854 3598 3895 esse

2029 3931 2383 4000 principium.
2420 3940 2474 3985 et
2509 3946 2724 3984 rursum
2761 3931 2829 3984 ab
2859 3931 2967 3985 alio
2991 3930 3214 3999 quidem
3265 3947 3410 3994 esse,
3442 3931 3596 3986 aliud

2029 4035 2163 4074 vero
2203 4022 2503 4089 producere
2535 4035 2565 4074 a
2618 4020 2824 4088 seipso,
2857 4019 2973 4074 hate
3006 4019 3212 4073 bonum
3243 4019 3452 4076 ordinis
3511 4035 3598 4075 se-

2029 4123 2299 4185 quuntur,
2329 4128 2493 4182 quem
2525 4111 2697 4166 multo
2736 4111 2909 4181 magis
2937 4111 2992 4165 in
3025 4110 3230 4166 divinis
3259 4127 3384 4166 esse
3413 4126 3599 4182 perso~

2031 4205 2119 4259 nis
2152 4220 2373 4260 necesse
2389 4215 2494 4260 est.
2527 4203 2658 4271 Quae
2690 4203 2992 4259 secundum
3028 4205 3145 4258 hzcc
3165 4213 3250 4259 est
3278 4203 3592 4260 differentia

2033 4295 2248 4350 ordinis
2303 4295 2611 4350 dill‘erentia
2649 4306 2770 4362 est;
2805 4305 3011 4350 tantum
3046 4310 3177 4351 vero
3207 4297 3382 4360 abest,
3438 4304 3500 4350 ut
3530 4311 3597 4349 ea

361 4405 462 4458 καὶ
491 4405 627 4456 αὐτά
658 4403 854 4472 μᾶλλον
885 4402 1052 4472 αὐτὴν
1069 4400 1402 4454 δεικνύουσιν
1451 4397 1731 4468 ἄντικρυς.
1764 4399 1836 4451 Τὸ
1859 4395 1916 4450 δὲ

2032 4386 2288 4441 essentia:
2317 4385 2589 4442 identitati
2618 4386 2782 4450 obsit,
2814 4396 2874 4441 ut
2927 4385 3074 4441 hanc
3101 4401 3166 4440 ea
3217 4386 3390 4440 multo
3423 4385 3596 4456 magis

359 4496 473 4563 τῆς
498 4497 719 4560 οὐσίας
754 4493 998 4557 ταυτὸν,
1029 4493 1213 4558 φησὶν,
1235 4488 1666 4558 ὁμολογοῦμεν,
1703 4491 1732 4542 ὁ
1759 4489 1916 4557 μέγας

2033 4476 2346 4530 ostendant.
2383 4475 2604 4530 Natum
2632 4477 2980 4540 identitatem,
3006 4491 3234 4545 magnus
3255 4477 3331 4530 ait
3348 4477 3601 4540 Basilius.

363 4588 668 4648 Βασίλειος,
720 4583 930 4651 ἐπειδὴ
952 4583 1020 4636 ἐκ
1052 4581 1157 4636 τοῦ
1173 4581 1398 4648 Πατρός
1428 4583 1460 4633 ό
1490 4579 1643 4645 Υἱός.
1667 4580 1776 4632 Καὶ
1799 4579 1916 4632 πάν·

2035 4567 2368 4635 ronﬁtemur,
2396 4583 2557 4636 quum
2596 4583 2661 4620 ea;
2690 4567 2852 4620 Patre
2903 4568 2971 4620 ait
3012 4565 3205 4621 Filius.
3268 4567 3334 4622 Et
3387 4581 3601 4630 omnes.

362 4696 476 4742 τε,
500 4679 587 4729 ἵνα
633 4675 708 4746 μὴ
747 4674 921 4727 πολλά
954 4674 1221 4742 λέγωμεν,
1253 4671 1399 4724 οῦτω
1422 4673 1584 4738 φασὶν
1609 4671 1658 4723 οἱ
1683 4670 1916 4723 διδάσκα·

2035 4674 2106 4713 ne
2157 4659 2310 4725 plura
2350 4657 2617 4721 dicamus.
2647 4659 2720 4711 ita
2775 4659 3072 4726 loquuntur
3125 4658 3426 4720 doctores;
3491 4675 3601 4713 non

363 4776 469 4826 λοι.
504 4775 730 4840 Μήποτε
774 4770 868 4823 οὖν
901 4772 1204 4839 ἀναιρεῖται
1242 4769 1303 4820 τδ
1352 4767 1448 4835 τῆς
1486 4764 1672 4826 οὐσίας
1703 4763 1916 4816 ταυτὸνη

2035 4763 2167 4817 ergo
2201 4747 2410 4802 tollitur
2441 4749 2694 4802 essentia:
2725 4748 3001 4813 identitas,
3035 4765 3160 4804 cum
3190 4766 3298 4804 non
3325 4751 3494 4804 etiam
3531 4765 3603 4804 ex

364 4863 489 4915 ἐπεὶ
510 4839 602 4913 xui.
626 4861 728 4913 οὐκ
755 4862 819 4912 ὲκ
843 4860 936 4912 τοῦ
962 4858 1091 4912 Υίοῦ
1119 4861 1146 4910 ὁ
1167 4857 1385 4926 Πατήρς
1410 4853 1670 4923 Οὐδαμῶς
1693 4867 1709 4885 ⁶
1741 4851 1916 4903 οιῖηιοῦ¹

2040 4840 2179 4894 Filio
2218 4841 2290 4893 sit
2322 4840 2519 4894 Pater?
2549 4839 2708 4894 Nullo
2745 4840 2904 4894 modo
2950 4855 3082 4911 ergo
3111 4850 3166 4896 et
3213 4841 3453 4910 Spiritus
3513 4858 3605 4896 se-

366 4956 460 5004 καὶ
492 4955 526 5020 η
557 4957 819 5020 ταυτότης
843 4952 981 5005 κατά
1002 4951 1103 5020 τὴν
1134 4949 1323 5002 οὐσίαν
1345 4946 1439 4999 τοῦ
1458 4946 1770 5012 Πνεῦματος
1802 4941 1916 5011 πρὸς

2039 4933 2279 4986 cundum
2311 4931 2606 4986 essentiam
2646 4931 2905 4987 identitas
2937 4948 3061 4988 cum
3089 4935 3252 4989 Patre
3276 4943 3333 4988 et
3367 4935 3504 4988 Filio
3534 4950 3602 4989 ex

364 5043 459 5093 τὸν
489 5042 707 5109 Πατέρα
739 5041 943 5094 καὶτὸν
975 5041 1100 5093 Υίον
1133 5041 1197 5092 ὲκ
1244 5037 1339 5090 τοῦ
1372 5037 1462 5090 διὰ
1490 5033 1582 5089 τοῦ
1609 5033 1741 5086 Υιοῦ
1769 5035 1830 5084 ἐκ
1849 5031 1916 5083 τοί

2038 5037 2106 5076 eo
2133 5022 2279 5092 quod
2320 5038 2416 5091 per
2448 5021 2643 5076 Filium
2674 5039 2740 5077 ex
2765 5022 2924 5077 Patre
2953 5025 3323 5093 progreditur,
3367 5027 3605 5080 maxime

372 5133 584 5202 Πατρδς
609 5134 859 5202 προῑέναι
889 5129 1102 5200 μάλιστ’
1127 5132 1190 5183 ἂν
1208 5129 1596 5196 καταφαίνοιτο
1613 5139 1630 5155 ο
1655 5125 1702 5175 εί
1732 5123 1789 5174 δὲ
1814 5119 1916 5190 μήθ

2043 5113 2346 5177 illucescit;
2384 5113 2428 5166 si
2454 5128 2583 5167 vero
2621 5128 2724 5168 nec
2757 5114 2915 5169 Pater
2948 5130 3047 5170 nec
3083 5117 3253 5171 Filius
3277 5133 3342 5172 ex
3373 5117 3603 5187 Spiritu.

371 5223 400 5272 ί.
427 5223 613 5290 Πατὴρ
649 5223 779 5292 μήθ’
812 5223 841 5274 ὁ
865 5223 988 5283 Υἱὸς
1010 5223 1072 5273 ἐκ
1098 5220 1193 5272 τοῦ
1218 5217 1547 5288 Πνεύματος,
1575 5214 1673 5268 οὐκ
1691 5213 1760 5280 ,ἂν
1792 5215 1916 5264 ἀναι

2045 5217 2153 5256 non
2191 5203 2398 5255 tollitur
2432 5213 2651 5271 pmpter
2680 5205 2784 5258 hoc
2819 5204 3077 5261 identitas
3097 5209 3370 5271 essentia,
3425 5223 3606 5278 neque

377 5315 523 5380 ροίτο
553 5313 610 5364 τὸ
635 5317 731 5382 τῆς
762 5315 950 5375 οὐσίας
1002 5312 1196 5365 ταυτὸν
1225 5311 1313 5363 διὰ
1371 5307 1551 5372 τοῦτο,
1587 5303 1697 5358 οὐδ’
1725 5304 1916 5355 ἐλαττο·

2045 5292 2226 5346 minor
2263 5296 2472 5347 ratione
2502 5294 2720 5350 deitatis
2744 5293 2979 5364 Spiritus
3016 5300 3222 5365 evadit,
3254 5315 3430 5368 neque
3455 5299 3606 5353 aliud

375 5403 446 5452 διν
478 5401 536 5452 τὸ
564 5402 785 5470 Πνεῦμα
809 5403 874 5469 τῇ
916 5400 1129 5468 θεότητι
1160 5399 1387 5464 γένοιτο,
1439 5396 1560 5447 οὐδὲ
1589 5391 1916 5458 προσίστατα

2019 5383 2343 5453 .quidquam
2385 5385 2622 5447 obsistit,
2661 5401 2729 5440 ne
2761 5401 2827 5440 ex
2857 5387 3088 5442 invicem
3121 5391 3206 5444 vel
3229 5391 3337 5443 alio
3365 5391 3604 5459 quodam

377 5491 454 5559 τῷ
479 5490 534 5554 ἐξ
565 5490 810 5559 ἀλλήλων
838 5487 973 5542 εἶναι
1005 5489 1038 5559 ἢ
1072 5489 1244 5550 ἄλλως
1268 5501 1384 5548 πως
1420 5478 1558 5537 ιῖναι
1587 5483 1655 5536 τὰ
1682 5481 1916 5549 πράσωπί

2049 5475 2210 5529 modo
2239 5475 2350 5529 sint
2393 5490 2660 5544 personae,
2721 5476 2826 5530 nisi
2871 5478 3072 5532 bonum
3130 5480 3339 5535 ordinis
3383 5481 3608 5547 solum;

453 5669 529 5738 μ)
576 5666 898 5730 ilonacﬂi,
936 5664 1105 5720 [188
1151 5679 1203 5731 ει,
1234 5662 1337 5716 ὑπὸ
1400 5658 1606 5724 κανόνι,
1666 5657 1916 5712 mendose

2127 5655 2202 5726 (Ξ)
2236 5655 2446 5711 Monac.
2489 5657 2707 5724 titatus,
2752 5656 2898 5732 αὐτῷ
