3900 6216
299 245 373 307 3g
1526 219 1856 280 GEORGII
1900 217 2318 276 SCIIOLARH
3470 208 3540 271 40

295 354 440 407 unde
474 347 762 405 manifeste
797 355 851 397 et
889 344 1162 397 virevcrsa
1192 340 1298 392 alio
1319 331 1726 410 quodammodo
1744 341 1868 384 esse

2003 328 2119 380 ὺδὲν
2166 327 2352 394 ἕτερον
2383 329 2414 398 ἢ
2445 329 2506 380 τὸ
2550 328 2750 395 ἀγαθὸν
2785 329 2879 397 τῆς
2912 327 3112 392 τάξεως
3169 325 3349 392 μόνον.
3397 324 3536 376 ὥστε

227 437 232 441 ’
293 446 380 501 vel
429 436 651 513 prodire
695 450 960 509 personas
1009 434 1219 487 ordinis
1272 433 1474 484 bonum
1535 420 1857 490 corrumpit.

2000 418 2202 486 ηλονότι
2237 422 2332 472 καὶ
2387 421 2448 472 τὸ
2498 421 2763 474 ἀνάπαλιν
2822 419 2884 470 τὸ
2933 418 3108 478 ἄλλως
3158 432 3275 476 πως
3331 411 3468 468 εἶναι
3503 416 3537 485 ἢ

298 502 534 589 Tant-unt
571 547 600 585 a
625 502 1060 597 blasphemando
1119 522 1319 576 absunt
1369 517 1407 572 ii
1443 517 1538 588 qui
1597 521 1861 585 praeterea

2000 507 2214 576 τροῖέναι
2259 507 2322 561 τδ
2364 509 2567 576 ἀγαθὸν
2616 510 2718 578 τῆς
2748 507 2953 572 τάξεως
2982 506 3216 576 φθείρει.
3272 502 3538 557 Τοσοῦτον

302 627 450 696 quod
483 623 622 679 nihil
647 593 970 677 exterarum
1013 615 1296 670 inﬁrmant
1319 619 1376 666 et
1411 608 1621 666 ordinis
1654 606 1863 660 bonum

2000 597 2232 664 ηπέχουσι
2269 596 2614 666 βλασφημεῖν
2661 599 2711 649 οί
2743 598 2882 667 μετὰ
2913 595 3004 650 τοῦ
3031 596 3204 666 μηδὲν
3228 595 3337 646 τῶν
3366 593 3542 648 ἄλλων

295 681 353 775 in
384 717 585 788 quibus
622 713 709 769 vel
739 709 974 765 maxime
1004 721 1144 776 opus
1186 713 1274 760 est
1305 701 1644 758 custodiunt.
1709 696 1866 749 lluuc

2000 689 2244 755 ἀλεύειν,
2267 690 2365 743 καὶ
2382 688 2445 742 τὸ
2471 689 2571 758 τῆς
2601 689 2808 754 τάξεως
2835 689 3059 757 ἀγαθὸν,
3092 686 3178 755 ἐφ’
3203 681 3278 738 ὧν
3306 686 3542 752 μάλιστα

294 777 547 864 ordinem
581 802 803 874 quando
839 799 1043 854 nobilis
1073 799 1184 853 iste
1212 796 1294 850 vir
1327 805 1477 850 recte
1529 788 1869 861 perspexerit

2000 782 2126 834 πᾶσα
2168 781 2408 849 ἀνάγκη,
2439 781 2915 847 διαφυλάττοντες.
2949 779 3167 845 Ταύτην
3208 777 3411 830 ὁπόταν
3451 777 3546 828 καὶ

294 911 621 966 servareque
659 892 989 956 decreverit,
1044 889 1279 944 cessabit
1314 895 1567 942 caeterum
1629 895 1725 936 eos
1775 878 1870 949 qui

2025 874 2273 938 γενναῖος
2301 864 2459 935 οὗτος
2486 873 2582 924 καὶ
2612 870 2799 941 συνίδῃ
2853 870 3034 932 καλῶς
3080 870 3175 922 καὶ
3204 871 3392 938 τηρεῖν
3425 867 3547 938 βου-

291 993 446 1047 illum
473 987 796 1045 custodiunt
827 984 1181 1054 blaSpltemos
1232 980 1577 1038 existimare.

826 1185 1067 1242 EPHES.
1095 1183 1245 1240 CAP.
1285 1182 1344 1237 V.

367 1305 570 1359 Eorum
599 1316 722 1371 quae
773 1299 973 1354 divinae
1007 1307 1216 1352 naturae
1276 1293 1478 1350 adsunt
1540 1289 1644 1344 alia
1693 1288 1870 1342 solum

299 1396 651 1468 singulariter
679 1406 904 1462 semper
935 1390 1217 1452 dicuntur,
1252 1387 1382 1442 licet
1415 1385 1470 1438 in
1511 1382 1688 1439 tribus
1749 1393 1875 1450 per-

301 1490 452 1543 sonis
476 1487 880 1556 intelligantur,
912 1484 1056 1537 sicut
1089 1482 1258 1545 Deus,
1301 1475 1578 1541 conditor,
1628 1487 1744 1536 rex,
1775 1471 1877 1524 bo-

304 1595 429 1645 nus,
461 1587 518 1634 et
549 1578 595 1633 si
655 1576 786 1647 quid
844 1571 1164 1644 huiusmodi
1203 1571 1396 1640 (unum
1446 1569 1594 1621 enim
1645 1564 1878 1618 dicimus

305 1672 497 1733 Deum.
525 1683 693 1723 unum
721 1665 1090 1730 conditorem,
1123 1677 1291 1718 unum
1318 1674 1526 1730 regem,
1571 1669 1742 1710 unum
1767 1653 1871 1708 bo-
1909 1683 1949 1737 Β

306 1781 457 1829 ηυιη,
495 1761 713 1817 Patrem
743 1769 801 1815 et
825 1758 1025 1814 Filium
1057 1765 1114 1812 et
1143 1754 1409 1825 Spiritum
1437 1755 1734 1816 sanetum);
1765 1747 1871 1800 alia

307 1872 435 1910 vero
468 1852 751 1926 pluraliter
781 1865 1021 1920 semper,
1056 1847 1161 1904 etsi
1187 1847 1240 1902 in
1269 1845 1483 1900 duabus
1513 1841 1643 1898 solis
1683 1851 1876 1909 perso-

307 1947 395 2000 nis
431 1946 566 2008 sint,
594 1951 654 1998 ut
685 1960 741 2008 γ.
771 1958 852 2013 gr.
899 1940 1268 2011 principatum
1302 1936 1358 1990 in
1395 1934 1533 1990 Filio
1559 1940 1615 1987 et
1639 1930 1874 2001 Spiritu,

309 2037 419 2090 duo
463 2033 612 2090 enim
642 2033 973 2105 principiata
1003 2041 1064 2087 et
1095 2046 1204 2085 non
1239 2043 1410 2082 unum
1450 2026 1706 2080 dicimus.
1746 2022 1878 2089 Quae

309 2141 480 2196 quum
511 2126 588 2180 ita
618 2126 748 2189 sint,
774 2124 1029 2194 quoniam
1061 2122 1243 2176 Latini
1275 2120 1441 2176 etiam
1478 2117 1698 2172 deitatis
1726 2115 1884 2185 prin-

313 2217 519 2287 cipium
575 2215 789 2270 duabus
822 2214 1098 2284 personis,
1155 2211 1304 2266 Patri
1360 2211 1568 2266 scilicet
1612 2219 1668 2264 et
1717 2208 1878 2270 Filio,

311 2310 591 2374 tribuunt,
622 2321 931 2378 quaeramus
961 2322 1028 2361 ex
1084 2305 1244 2374 ipsis,
1319 2303 1426 2358 utri
1492 2301 1878 2371 praedictarum

312 2399 548 2470 partium
576 2398 682 2452 hoc
709 2398 1069 2468 coniungant.
1107 2395 1163 2449 Si
1221 2392 1407 2447 dicent
1467 2390 1746 2454 secundae,
1783 2403 1884 2458 per

312 2505 370 2544 se
396 2487 747 2543 manifestum
776 2495 860 2540 est
881 2484 1180 2540 absurdum
1209 2500 1223 2549 ;
1249 2482 1516 2536 duoenim
1541 2489 1706 2536 erunt
1736 2479 1887 2549 prin-

311 2578 475 2646 cipia,
501 2585 646 2631 sicut
667 2583 723 2629 et
760 2573 1084 2644 principiata
1111 2573 1242 2635 duo,
1273 2582 1330 2627 et
1369 2571 1447 2627 sic
1481 2571 1884 2640 principiorum

315 2667 612 2738 duplicitas
650 2665 882 2720 intrabit
927 2677 983 2719 et
1019 2663 1292 2720 celebrata
1329 2663 1586 2734 principii
1635 2661 1819 2716 unitas
1853 2675 1884 2715 e

321 2759 503 2814 medio
549 2757 792 2812 tolletur.
828 2755 886 2811 Si
913 2770 1044 2812 vero
1101 2756 1315 2825 primae,
1370 2756 1548 2825 primo
1599 2753 1888 2822 quaeritur,

321 2865 562 2920 quonam
619 2857 778 2919 pacto
802 2849 826 2902 ί
850 2848 990 2904 Sunt
1017 2849 1164 2902 enim
1203 2848 1293 2902 illa
1331 2847 1644 2902 communia
1678 2855 1733 2900 et
1787 2861 1885 2900 na-

324 2943 522 2998 turalia
571 2952 626 2998 et
655 2941 836 2999 tribus
862 2941 1115 3012 personis
1165 2939 1420 2994 similiter
1473 2939 1887 3006 convenientia;

1971 963 2156 1034 ληθῇ,
2218 963 2494 1018 παύσεται
2555 963 2743 1017 λοιπὸν
2798 963 2925 1026 τοὺς
2983 961 3190 1032 ταύτην
3241 960 3546 1032 τηροῦντας

1977 1057 2320 1127 βλασφημεῖν
2359 1056 2629 1126 οἰόμενος.

2396 1167 2663 1222 sessor
2716 1167 2875 1224 iter.
2917 1167 2972 1219 E'
3020 1165 3122 1237 (l).

2047 1285 2169 1338 Τῶν
2210 1284 2525 1354 προσόντων
2547 1287 2612 1355 τῇ
2642 1283 2764 1354 θείᾳ
2783 1284 2940 1352 φύσει
2977 1283 3046 1335 τὰ
3076 1281 3177 1352 μὲν
3209 1281 3423 1347 ἑνικῶς
3451 1280 3546 1351 μόο

1977 1394 2066 1430 νον
2091 1377 2179 1430 ἀεὶ
2199 1377 2438 1444 λέγεται,
2472 1375 2574 1428 κᾶν
2621 1377 2734 1438 τοῖς
2759 1377 2907 1445 τρισὶ
2935 1373 3250 1444 προσώποις
3280 1373 3551 1444 ἐνθεωρῆ-

1975 1487 2068 1522 ται
2104 1469 2201 1540 (2),
2233 1469 2489 1541 καθάπερ
2521 1467 2582 1521 τὸ
2621 1468 2753 1530 Θεὸς
2793 1467 2888 1520 καὶ
2921 1467 3248 1538 δημιουργὸς
3278 1467 3370 1519 καὶ
3402 1466 3547 1536 βασι-

1977 1562 2104 1625 λεὺς
2151 1562 2245 1615 καὶ
2274 1561 2508 1629 ἀγαθὸς,
2540 1563 2633 1616 καὶ
2670 1561 2724 1615 εῐ
2755 1579 2808 1615 τι
2845 1561 3087 1614 τοιοῦτον
3109 1575 3123 1590 ·
3153 1555 3230 1624 εἷς
3263 1561 3372 1629 γὰρ
3397 1560 3544 1623 Θεὸς,

1977 1655 2230 1723 λέγομεν,
2262 1653 2361 1706 καὶ
2387 1649 2467 1716 εἷς
2502 1655 2866 1724 Δημιουργδς,
2912 1653 3004 1706 καὶ
3037 1648 3116 1716 εἷς
3145 1652 3428 1716 Βασιλεὺς,
3457 1651 3552 1706 καὶ

1979 1741 2059 1809 είς
2089 1745 2292 1814 ἀγαθὸς
2323 1746 2349 1797 ό
2377 1746 2585 1816 Πατὴρ,
2625 1747 2719 1800 καὶ
2765 1746 2794 1799 ό
2840 1746 2969 1807 Υἱὸς
2998 1747 3095 1798 καί⁵
3140 1746 3200 1799 τὸ
3231 1744 3459 1815 Πνεῦμα
3493 1743 3553 1798 τὺ

1979 1838 2163 1905 ἅγιονο
2198 1839 2267 1889 τὰ
2291 1837 2348 1888 δὲ
2381 1835 2759 1906 πληθυντικῶς
2793 1837 2899 1899 ἀεὶ,
2941 1837 3044 1890 κάν
3072 1838 3180 1899 τοῖς
3197 1834 3321 1888 δυσὶ
3350 1836 3551 1904 μόνοις,

1978 1931 2054 1994 ώς
2092 1931 2150 1982 τὸ
2179 1928 2418 1982 αίτιατδν
2440 1928 2532 1980 ἐπὶ
2563 1925 2694 1980 Υἱοῦ
2722 1929 2817 1981 καὶ
2841 1927 3186 1996 Πνεύματοςο
3236 1925 3331 1980 δύο
3358 1927 3464 1997 γὰρ
3487 1924 3554 1978 τὰ

1979 2020 2217 2085 αίτιατὰ,
2253 2021 2346 2074 καὶ
2375 2020 2471 2090 οὐχ
2490 2019 2548 2072 ἓν
2568 2019 2822 2089 λέγομεν.
2853 2018 3071 2073 Τούτων
3094 2017 3266 2080 οὕτως
3297 2016 3552 2089 ἑχόντων,

1979 2112 2281 2183 ἐπειδήπερ
2312 2112 2529 2166 Λατῖνοι
2561 2112 2656 2164 καὶ
2689 2111 2748 2164 τὸ
2783 2111 2879 2182 τῆς
2925 2110 3181 2180 θεότητος
3220 2109 3393 2162 αἴτιον
3437 2109 3558 2161 δυσὶ

1981 2205 2293 2273 προσώποις
2325 2202 2424 2272 (5).
2459 2202 2536 2273 τῷ
2569 2201 2741 2271 Πατρί
2774 2217 2832 2254 τε
2879 2200 2974 2255 καὶ
3009 2199 3083 2271 τῷ
3140 2200 3253 2270 Υίῷ
3283 2200 3557 2267 νέμουσιν,

1982 2296 2235 2368 ἐρώμεθα
2266 2295 2509 2361 τούτους,
2529 2294 2691 2362 ὁποία
2724 2294 2835 2348 τῶν
2859 2294 3168 2364 εἰρημένων
3201 2293 3378 2364 μερίδι
3404 2292 3559 2349 τοῦτο

1985 2390 2373 2444 συνάπτουσιν.
2398 2386 2461 2441 Εἰ
2497 2389 2594 2457 μὲν
2624 2381 2717 2440 οὖν
2745 2387 2812 2456 τῇ
2844 2385 3067 2456 δευτέρᾳ
3096 2387 3378 2456 φήσουσιν,
3404 2384 3562 2437 αύτό-

1987 2481 2076 2536 θεν
2108 2481 2264 2551 δῆλον
2293 2481 2352 2534 τὸ
2385 2480 2622 2534 ἄτοπον·
2647 2479 2740 2532 δύο
2762 2479 2870 2548 γὰρ
2899 2478 3051 2531 ἔσται
3089 2479 3157 2530 τὰ
3190 2477 3363 2540 αἴτια,
3395 2477 3562 2530 καθά-

1987 2591 2093 2639 περ
2131 2573 2226 2627 καὶ
2257 2571 2326 2626 τὰ
2381 2574 2602 2627 unum:
2653 2571 2774 2636 δύο,
2831 2573 2922 2624 καὶ
2967 2568 3138 2632 οὕτως
3173 2570 3458 2641 ήδυαρχία
3485 2571 3563 2640 (4)

1989 2665 2221 2735 παροδον
2278 2663 2390 2729 ἕξει
2444 2665 2538 2718 καὶ
2585 2664 2646 2716 τὸ
2699 2663 3077 2732 πολυύμνητον
3114 2665 3211 2732 τῆς
3261 2665 3564 2731 μοναρχίας

1991 2756 2236 2811 ἐκποδὼν
2267 2757 2586 2825 γενήσεται.
2616 2756 2678 2808 Ei
2718 2755 2775 2809 δὲ
2820 2757 2884 2825 τῇ
2921 2755 3184 2826 προτέρᾳ,
3217 2755 3433 2824 πρῶτον
3465 2757 3565 2826 μὲν

1992 2851 2138 2917 πῶς;
2165 2852 2346 2904 ὲκεῖνα
2365 2849 2472 2922 γὰρ
2501 2850 2659 2904 κοινά
2681 2867 2741 2903 τε
2768 2850 2861 2903 καὶ
2904 2850 3134 2918 φυσικὰ,
3164 2851 3259 2902 καὶ
3284 2851 3391 2910 τοῖς
3420 2848 3566 2918 τρισὶ

1994 2941 2307 3014 προσώποις
2341 2940 2539 3010 ὁμοίως
2571 2939 2889 3011 ὑπάρχοντα
2912 2953 2925 2968 °
2959 2939 3152 2993 ἔπειτα
3174 2940 3267 2993 καὶ
3299 2937 3441 2991 οὕτω
3464 2938 3566 2990 πά-

324 3032 527 3089 deinde
547 3041 602 3088 et
632 3033 713 3088 sic
739 3033 795 3086 in
834 3031 980 3086 idem
1014 3044 1207 3086 rursus
1247 3029 1541 3097 labentur;
1571 3046 1697 3086 nam
1721 3046 1890 3086 unum

2000 3037 2080 3090 λιν
2110 3037 2189 3099 είς
2217 3035 2277 3088 τὸ
2319 3034 2451 3089 αὐτὸ
2478 3033 3029 3104 περιενεχθήσονται’
3062 3032 3123 3084 τὸ
3164 3031 3272 3100 γὰρ
3305 3030 3362 3084 ἓν
3393 3032 3566 3084 αίτιον

329 3124 464 3181 illud
485 3123 850 3194 principium,
878 3136 984 3192 qua
1019 3129 1104 3176 est
1135 3120 1350 3192 genitor
1376 3130 1432 3176 ct
1461 3119 1721 3187 spirator,
1749 3121 1896 3190 quod

324 3223 408 3270 est
444 3215 606 3270 Pater
635 3213 808 3280 solus,
841 3227 950 3267 non
978 3212 1121 3267 idem
1159 3226 1394 3267 numero
1423 3221 1509 3266 est
1533 3225 1661 3267 cum
1695 3226 1762 3267 eo
1784 3225 1897 3267 uno

325 3305 622 3376 principio,
671 3319 778 3374 qua
819 3312 906 3359 est
945 3304 1183 3373 spirator
1208 3303 1408 3369 solum,
1438 3303 1584 3374 quod
1609 3316 1693 3359 est
1738 3305 1898 3360 Pater

325 3405 380 3450 et
411 3395 610 3462 Filius,
643 3403 702 3448 ut
750 3393 853 3464 ipsi
887 3393 1078 3448 dicunt
1109 3409 1123 3447 λ
1163 3393 1273 3447 duo
1309 3407 1440 3461 ergo
1491 3403 1547 3448 et
1594 3394 1676 3449 sic
1729 3404 1899 3450 erunt

325 3485 597 3571 principia
627 3494 682 3538 et
724 3485 847 3540 dua;
875 3499 1078 3550 causae,
1110 3494 1166 3539 et
1227 3486 1596 3555 undequaque
1642 3500 1742 3542 eos
1783 3486 1895 3541 cir-

328 3585 566 3632 cumstat
619 3576 1017 3647 principiorum
1049 3575 1304 3632 dualilas.

397 3667 628 3723 Deitatis
658 3665 1010 3737 principium.
1042 3675 1102 3720 ut
1149 3667 1253 3736 ipsi
1287 3666 1529 3724 dixerint
1573 3667 1780 3732 Latini,
1812 3667 1896 3724 di-

326 3773 490 3813 verso
533 3757 697 3812 modo
737 3757 998 3814 convenit
1030 3757 1178 3813 Patri
1209 3765 1266 3812 et
1293 3757 1432 3812 Filio
1472 3767 1528 3814 et
1561 3774 1669 3813 non
1697 3759 1896 3815 eodem

331 3851 534 3919 modo;
567 3849 661 3905 sed
709 3849 858 3904 Patri
896 3849 1120 3920 quidem
1156 3858 1430 3920 quatenus
1475 3860 1562 3907 est
1602 3851 1820 3922 genitor
1845 3862 1900 3907 et

329 3943 592 4012 Spirator,
623 3940 766 3996 Filio
793 3957 947 4008 vero,
995 3957 1104 4012 qua
1133 3943 1375 4013 spirator
1412 3942 1700 3998 duntaxat.
1734 3943 1901 3999 Diffe-

331 4033 510 4088 reutia
561 4041 746 4088 autem
793 4033 1100 4090 secundum
1141 4033 1333 4089 Patres
1378 4049 1567 4088 secum
1607 4049 1900 4089 numerum

296 4171 298 4174 ,
333 4125 570 4190 inducit;
605 4124 716 4180 duo
747 4139 879 4193 ergo
913 4134 1042 4179 sunt
1083 4124 1303 4179 deitatis
1342 4125 1612 4192 principia
1655 4136 1713 4182 et
1742 4127 1898 4196 prin-

334 4215 462 4284 cipii
490 4215 671 4270 unitas
698 4229 728 4270 a
755 4214 969 4268 Latinis
1000 4215 1193 4282 procul
1218 4216 1554 4274 amandatur.

883 4323 1340 4383 SCHOLABIUS.

398 4441 580 4501 Latini
615 4453 786 4494 unum
835 4437 1167 4508 principium
1215 4440 1460 4494 omnium
1513 4441 1746 4495 maxime
1787 4455 1901 4496 scr-

332 4549 463 4588 vare
493 4541 697 4588 norunt
735 4541 786 4586 et
814 4530 1014 4600 duplex
1050 4531 1382 4601 principium
1417 4533 1785 4603 undequaque
1814 4548 1902 4586 ar-
1951 4561 1956 4565 -

332 4632 460 4677 cent
501 4630 616 4676 tum
673 4622 730 4675 in
779 4621 894 4675 suis
939 4621 1380 4677 confessionibus
1411 4623 1514 4693 (α),
1559 4633 1673 4676 tum
1725 4624 1780 4677 in
1819 4623 1904 4677 in-

333 4711 736 4778 stitutionibus,
772 4721 886 4766 tum
943 4711 998 4765 in
1047 4712 1266 4782 scriptis
1295 4713 1454 4768 libris
1487 4713 1560 4783 (b)
1591 4723 1755 4783 atque
1801 4715 1904 4768 hoc

406 4867 480 4937 (l)
515 4865 656 4937 βιοῖ).
681 4861 1018 4937 Ξξϐηΐχᾌῇὄ
1047 4873 1213 4937 ονεεῑ
1236 4879 1355 4932 cap.
1392 4867 1476 4922 ll.

407 4933 483 5001 (ιε)
519 4933 662 4988 Men.
691 4935 779 4997 :27,
818 4935 854 4986 ί.
885 4933 1078 5004 1899,
1109 4936 1477 5004 ὲνθεωρεῖται.

304 5001 312 5010 “
411 5007 486 5074 (5)
527 5005 842 5076 ligonem»;
876 5001 1119 5076 ex_Mon._
1152 5001 1706 5076 ‘256,’supplevimus.

410 5072 486 5140 (4)
523 5074 666 5128 Μοιι.
701 5074 835 5145 271³.
877 5072 978 5145 l_8_9
1017 5090 1068 5137 a,
1096 5074 1341 5145 διαρχία.

412 5145 488 5211 l5)
522 5145 696 5196 Μόνον
724 5144 874 5196 :Itldil
905 5142 1054 5196 Mt)".
1087 5144 1178 5199 27.

412 5219 489 5283 ut)
528 5212 639 5266 lloe
668 5225 1073 5280 argumentum,
1114 5213 1258 5284 quod
1291 5214 1344 5267 in
1373 5216 1657 5271 codicibus
1681 5217 1905 5274 Schola—

413 5369 490 5436 (a)
533 5368 700 5422 Recte
729 5367 945 5420 Mature!
987 5366 1228 5430 Calceus,
1262 5369 1297 5421 l.
1330 5385 1409 5432 Ill,
1451 5383 1639 5424 contra
1667 5371 1903 5438 Grauios,

352 5439 668 5508 provocavit
701 5439 766 5490 ad
801 5438 1092 5491 concilium
1137 5439 1501 5508 Lugdunense
1533 5442 1576 5495 ll
1617 5446 1720 5497 sub
1770 5445 1904 5498 Gre-

341 5511 493 5574 gorio
526 5507 569 5560 Χ
611 5509 970 5571 celebratum,
1019 5511 1108 5562 ubi
1135 5507 1244 5577 jam
1288 5514 1502 5564 saucita
1532 5522 1652 5566 erat
1686 5514 1905 5568 confes-

340 5580 445 5646 sio,
476 5579 612 5646 quod
659 5577 885 5644 Spiritus
924 5587 1136 5630 sanctus
1170 5577 1502 5633 wterualiter
1547 5597 1609 5634 ea:
1643 5583 1806 5636 I’atre
1859 5597 1906 5637 et

340 5645 499 5714 Filio,
535 5664 634 5701 non
668 5656 920 5715 tauquam
977 5663 1037 5701 ex
1088 5648 1288 5704 duolms
1333 5651 1623 5719 principiis,
1659 5656 1750 5707 sed
1781 5665 1907 5708 Iau-

1923 4369 1978 4431 D

1997 3123 2031 3204 ᾖ
2062 3127 2338 3198 γεννήτωρ
2368 3126 2462 3180 καὶ
2495 3125 2815 3197 προϐολεὺς,
2852 3125 2989 3196 ὅπερ
3023 3125 3170 3177 ἐστὶν
3200 3125 3228 3178 ό
3252 3124 3438 3194 Πατὴρ
3473 3124 3564 3190 μό·

1997 3235 2107 3285 νος,
2132 3212 2369 3271 οὐκέστι
2394 3217 2588 3270 ταυτὸν
2617 3215 2836 3286 ἀριθμῷ
2876 3215 2957 3286 τῷ
2988 3216 3068 3268 ἑνὶ
3106 3216 3262 3283 αἰτίῳ
3367 3215 3566 3285 προῦο-

1997 3309 2121 3372 λεὺς
2154 3306 2315 3376 μόνον
2337 3347 2353 3373 ,
2393 3306 2532 3376 ὅπερ
2564 3307 2710 3359 ὲστίν
2736 3309 2763 3360 ὁ
2796 3306 2985 3378 Πατὴρ
3017 3307 3092 3378 (5)
3124 3307 3218 3359 καὶ
3254 3309 3282 3360 ό
3321 3307 3461 3370 Υἱὸς,
3492 3307 3566 3368 rb;

1997 3398 2152 3453 αὐτοὶ
2177 3397 2456 3466 λέγουσιν*
2483 3397 2576 3450 δύο
2597 3397 2707 3468 ἄρα
2732 3399 2824 3453 καὶ
2845 3397 2987 3451 οὕτω
3010 3399 3078 3452 τὰ
3112 3398 3260 3452 αἴτια
3288 3401 3380 3452 καὶ
3399 3398 3567 3470 ἀρχαὶ

1997 3490 2112 3556 δύο,
2159 3490 2253 3544 καὶ
2303 3491 2336 3560 ὴ
2385 3491 2619 3562 δυαρχία
2672 3492 3013 3564 πανταχόθεν
3035 3493 3234 3557 αὐτοὺς
3277 3495 3567 3564 περιίστα-

1998 3599 2109 3636 ται.

2069 3673 2142 3726 Τὸ
2160 3673 2257 3744 τῆς
2286 3671 2541 3743 θεότητος
2566 3675 2763 3740 αίτιον,
2783 3675 2857 3740 ὡς
2882 3677 2948 3730 ἂν
2980 3677 3138 3732 αὐτοὶ
3193 3679 3352 3747 φαῖεν
3399 3680 3568 3733 Λατῖ-

1998 3780 2102 3827 νοι,
2128 3763 2401 3833 διαφόρως
2425 3763 2502 3834 τῷ
2536 3765 2711 3836 Πατρὶ
2739 3769 2836 3820 καὶ
2877 3768 2953 3839 τῷ
2987 3770 3103 3839 Υίῷ
3139 3771 3422 3840 πρόσεστι,
3475 3771 3570 3825 καὶ

1998 3854 2058 3908 ού
2092 3854 2184 3907 τὸν
2207 3855 2370 3907 αὐτὸν
2400 3856 2626 3924 τρόπον,
2655 3858 2796 3913 ἀλλὰ
2827 3861 2904 3928 τῷ
2937 3860 3116 3932 Πατρὶ
3173 3863 3272 3932 μὲν
3371 3863 3569 3935 γεννή-

1998 3964 2112 4014 τωρ
2141 3948 2238 4002 καὶ
2285 3949 2586 4019 προϐολεὺς
2616 3950 2694 4020 τῷ
2725 3951 2840 4019 Υίῷ
2869 3952 2924 4005 δὲ
2965 3948 3000 4029 ᾖ
3039 3954 3340 4022 προϐολεὺς
3383 3957 3565 4025 μόνον.

2007 4040 2076 4093 Ἥ
2102 4040 2157 4093 δὲ
2198 4040 2434 4110 διαφορά
2469 4043 2613 4096 κατὰ
2645 4045 2772 4107 τοὺς
2824 4046 3077 4117 Πατέρας
3118 4048 3354 4119 ἀριθμὸν
3398 4050 3569 4120 ἑαυτῇ

2001 4132 2336 4200 συνεισάγει.
2375 4131 2482 4186 Δύο
2509 4135 2617 4203 ἄρα
2652 4137 2752 4206 τῆς
2787 4136 3042 4208 θεότητος
3075 4140 3244 4205 αίτια,
3285 4140 3381 4194 καὶ
3410 4142 3442 4211 ἡ
3475 4157 3569 4212 μον

2001 4224 2198 4295 ναρχία
2233 4223 2539 4280 κάντεῦθεν
2563 4229 2675 4291 τοῖς
2704 4230 2958 4294 Λατίνοις
2987 4231 3244 4302 ἐλήλαται
3277 4233 3378 4304 (6).

2545 4345 2586 4394 Ο
2623 4343 3020 4401 ΣΧΟΛΑΡΙΟΣ.

2080 4451 2144 4504 Ol
2205 4453 2430 4506 Λατῖνοι
2485 4453 2586 4524 τὴν
2639 4455 2772 4525 μίαν
2826 4456 3002 4528 ἀρχὴν
3055 4459 3293 4529 μάλιστα
3354 4461 3574 4516 πάντων

2005 4541 2180 4598 οἴδασι
2237 4544 2434 4609 σώζειν
2495 4548 2591 4599 καὶ
2622 4548 2723 4617 τὴν
2761 4547 2959 4618 διπλῆν
3008 4549 3182 4623 ἀρχὴν
3234 4553 3574 4626 πανταχόθεν

2006 4632 2368 4700 φυλάττονται
2392 4637 2449 4690 ἐν
2484 4654 2544 4690 τε
2584 4641 2704 4702 ταῖς
2731 4641 3047 4709 ὁμολογίαις
3077 4644 3278 4710 αὐτῶν,
3311 4645 3368 4698 ἐν
3403 4663 3463 4700 τε
3491 4645 3572 4699 δι-

2006 4725 2348 4793 δασκαλίαις,
2386 4729 2444 4783 ἓν
2475 4747 2533 4783 τε
2564 4734 2989 4804 συγγράμμασι,
3028 4737 3120 4788 καὶ
3147 4734 3307 4790 τοῦτο
3340 4738 3576 4808 παραδι-

2008 4887 2262 4968 rii.opus
2309 4889 2703 4947 exhibentibus
2747 4892 2916 5014 1plane
2979 4892 3176 4960 deest,
3228 4909 3295 4949 ex
3352 4895 3576 4965 Ephesii

2008 4967 2211 5014 scripto
2242 4973 2294 5012 In
2326 4957 2540 5014 Monac.
2573 4961 2701 5014 256.
2772 5000 2787 5014 .
2829 4963 2934 5014 295
2979 4965 3034 5014 ι).
3060 4965 3470 5014 desumnsimus
3522 4977 3576 5014 et

2006 4957 2211 5035 scripto
2242 4959 2294 5012 in
2326 4957 2540 5035 Monac.
2573 4961 2701 5024 256,
2747 4957 2787 5016 f.
2829 4963 3034 5035 2957b,
3060 4957 3470 5035 desumpsimus
3522 4977 3576 5020 et

2009 5027 2113 5104 hoc
2137 5027 2260 5080 loco
2290 5030 2736 5104 posuimus,_tutu
2770 5033 2897 5102 quia
2935 5027 3025 5088 ibi
3054 5044 3113 5087 ut
3158 5027 3281 5104 cap'.
3322 5035 3412 5098 l2,
3440 5051 3577 5102 pra:-

2007 5097 2207 5176 cedens
2238 5115 2286 5151 c.
2318 5099 2374 5150 Η
2411 5102 2723 5157 immediate
2757 5097 3134 5174 consequitur,
3160 5097 3272 5160 tuin
3306 5097 3575 5176 quia-lere

2010 5166 2154 5219 idem
2181 5182 2303 5220 cum
2326 5182 2394 5222 eo
2425 5181 2528 5224 est.

2011 5393 2170 5450 quinm
2205 5393 2267 5450 ex
2311 5393 2413 5430 uno
2467 5380 2745 5450 principio,
2787 5398 2890 5434 nou
2937 5381 3141 5436 duabus
3175 5383 3577 5448 spirationibus,

2009 5447 2100 5519 sed
2145 5449 2299 5519 u_uica
2343 5447 2648 5518 spiratione
2678 5453 2932 5519 procedit.
2977 5452 3122 5505 Idem
3159 5452 3409 5508 deﬁnitio
3445 5447 3577 5509 cun;

2011 5516 2123 5588 cilii
2152 5515 2456 5588 Florentini
2492 5515 2811 5572 solemniter
2856 5523 3130 5588 repetivit.

2085 5587 2158 5654 (ὁ)
2200 5585 2256 5640 ld
2285 5603 2450 5654 penes
2474 5603 2666 5642 omnes
2699 5585 3100 5653 Occidentales,
3121 5591 3208 5656 qui
3239 5592 3308 5646 de
3336 5592 3439 5647 hac
3468 5609 3550 5648 tua

2016 5657 2150 5710 teria
2188 5659 2552 5740 scripserunt,
2599 5660 2802 5715 diScl‘le
2839 5661 3097 5715 traditur.
3132 5660 3267 5717 Vide
3315 5664 3458 5733 Aug.
3499 5666 3573 5720 De
