3900 6216
335 365 406 429 43
1550 375 1872 436 GEORGII
1938 361 2349 442 SCHOLAlili
3492 389 3552 449 it

275 505 278 508 ~
345 493 451 546 rat,
469 482 522 538 id
541 482 818 552 amplecti,
839 485 1177 555 suspiciones
1195 485 1378 543 fovere
1397 499 1586 545 contra
1601 492 1836 560 perfecta
1849 500 1899 546 et

2007 497 2212 564 μᾶλλον
2239 499 2337 550 ἐάν
2362 516 2445 562 τις
2470 499 2637 571 μηδὲν
2667 498 2823 562 εἰδὼς
2871 494 3072 552 είδέναι
3129 497 3324 569 νομίσῃ
3364 515 3421 554 τε
3473 503 3557 553 καὶ

338 575 406 627 ab
436 577 582 629 onmi
616 577 930 646 suspicione
960 578 1157 645 libera,
1187 595 1218 634 e
1242 590 1434 635 contra
1465 583 1807 636 conﬁdenter
1829 599 1896 638 ea

339 683 460 736 qth
481 682 728 736 magnam
755 669 1073 738 religionem
1091 685 1154 724 ac
1183 673 1542 727 reverentiam
1572 685 1895 744 exposcunt,

341 757 525 827 eloqui
556 767 805 826 possunt,
831 769 886 812 et
907 760 1078 814 inulto
1102 763 1272 831 magis
1293 763 1512 833 quando
1535 764 1783 835 quis,qui
1809 765 1897 820 ni-

342 848 417 903 hil
448 851 597 904 novit
616 865 730 905 rem
773 867 829 906 se
853 867 1010 906 nosse
1030 869 1351 924 persuasum
1377 855 1574 911 habeat
1594 865 1652 912 et
1680 857 1748 912 ab
1775 857 1899 913 aliis

337 943 459 1010 ejus
515 958 719 1011 gnarus
776 944 1144 1000 existimetur.
1202 947 1344 1012 Quid
1405 948 1572 1018 igitur
1631 949 1738 1004 tale
1803 950 1900 1005 ha-

341 1032 453 1095 bet.
487 1036 644 1101 cujus
668 1033 894 1090 Latinos
923 1037 1137 1093 incuset
1163 1040 1246 1093 vel
1294 1041 1453 1110 cujus
1483 1057 1550 1095 ex
1575 1041 1682 1096 illis
1706 1043 1892 1108 rebus,

336 1141 458 1194 quin
482 1125 624 1181 bene
653 1127 1042 1197 sapienterque
1071 1129 1399 1198 theologiam
1427 1133 1743 1188 tractaturis
1769 1147 1902 1188 con-

335 1220 588 1280 veniunt,
619 1217 894 1273 defectum
951 1219 1006 1273 in
1053 1220 1161 1275 illis
1207 1223 1632 1289 animadvertit,
1668 1232 1727 1277 ut
1759 1225 1898 1279 adeo

334 1310 494 1366 facile
533 1310 585 1364 id
617 1310 740 1364 illos
772 1311 883 1380 pati
928 1313 1205 1380 epinetur,
1241 1315 1386 1382 quod
1440 1323 1599 1384 turpe
1642 1325 1727 1370 est
1769 1331 1900 1384 geo-

335 1411 566 1457 metram
599 1403 710 1472 pati
757 1402 813 1457 in
865 1402 1054 1473 ﬁguris
1079 1413 1134 1460 et
1181 1405 1468 1476 physicum
1504 1406 1558 1460 in
1589 1407 1899 1461 rationibus

337 1494 405 1549 de
429 1494 756 1561 mobilibus,
793 1495 846 1549 id
873 1506 956 1551 est
980 1497 1314 1567 principium
1341 1499 1405 1552 de
1435 1499 1616 1554 medio
1644 1500 1899 1555 aulerre?

337 1585 624 1650 Quomodo
653 1588 777 1656 quis
803 1600 1051 1657 protnpte
1080 1597 1134 1642 et
1167 1599 1316 1644 recte
1351 1590 1558 1656 credat,
1581 1591 1756 1645 bonos
1780 1591 1898 1660 qni-

338 1674 462 1728 dem
496 1688 806 1744 geometras
839 1686 893 1732 et
923 1679 1174 1749 physicos
1213 1695 1334 1734 esse
1377 1680 1607 1736 Latinos
1638 1683 1899 1752 omnique

337 1766 568 1820 scientia
599 1768 858 1837 repletos,
911 1769 1192 1839 theologos
1219 1786 1351 1825 vero
1389 1785 1510 1826 esse
1538 1787 1662 1826 eum
1700 1773 1752 1826 in
1785 1788 1901 1828 mo-

1999 587 2306 659 ὐποληφθῇ.
2342 589 2406 642 Τί
2434 592 2613 643 τοίνυν
2641 590 2880 644 τοιοῦτον
2903 590 3044 661 ῖχων
3068 591 3422 659 καταγνῶναι
3451 591 3558 645 Λα-

1996 679 2235 749 τίνων,ἢ
2263 681 2407 743 τίνος
2440 680 2550 733 τῶν
2603 681 2988 750 ἁρμοττόντων
3041 683 3154 744 τοῖς
3194 680 3377 745 καλῶς
3432 682 3560 753 μέλα

1995 765 2146 820 λουσι
2172 767 2519 837 θεολογὴσειν
2551 767 2711 832 εἰδὼς
2738 768 2938 832 αὐτοὺς
2968 767 3163 830 ἐνδεῶς
3190 768 3417 839 ἔχοντας
3447 768 3558 822 οἴει

1996 869 2088 907 ται
2123 856 2315 908 παθεῖν
2342 855 2408 909 ἂν
2443 857 2663 928 ῥαδίως,
2685 859 2825 927 ὅπερ
2857 858 3088 927 αίσχρόν
3129 860 3244 911 ἐστι
3302 861 3400 914 καὶ
3423 876 3563 928 γεωο

2002 945 2210 1016 μίτρην
2233 948 2426 1000 παθεῖν
2459 949 2517 1000 ἐν
2541 949 2653 1010 τοῖς
2682 947 3094 1019 διαγράμμασι,
3122 949 3217 1002 καὶ
3246 947 3478 1017 φυσικὸν
3509 951 3564 1002 ὲν

1997 1039 2108 1100 τοῖς
2132 1037 2259 1108 περὶ
2281 1039 2390 1092 τῶν
2409 1040 2644 1110 κινητῶν
2661 1040 2860 1108 λόγοις,
2885 1041 3166 1094 τουτέστιν
3192 1042 3444 1110 ἀναιρεῖν
3466 1042 3565 1112 τὴν

1999 1130 2196 1199 ἀρχήνο
2234 1131 2357 1191 Πῶς
2390 1131 2434 1184 δ’
2467 1132 2532 1186 ἀν
2575 1143 2658 1195 τις
2700 1129 2936 1195 εὐκόλως
2977 1133 3315 1192 πιστεύσειε,
3351 1136 3566 1204 γεωμέ-

1999 1237 2134 1290 τρας
2161 1221 2257 1290 μὲν
2288 1222 2529 1288 ἀγαθοὺς
2558 1217 2697 1275 εἶναι
2725 1223 2821 1275 καὶ
2848 1224 3110 1290 φυσικοὺς
3133 1227 3257 1286 τοὺς
3281 1225 3563 1286 Λατίνους.

2003 1311 2099 1365 καὶ
2124 1311 2304 1380 πάσης
2326 1312 2634 1382 ἐπιστήμης
2656 1313 2680 1363 ἐ
2689 1313 3170 1382 μπεπλησμένους,
3201 1313 3489 1381 θεολόγους
3511 1315 3568 1366 δὲ

2001 1399 2141 1456 εἶναι
2172 1401 2314 1456 οὕτω
2343 1401 2774 1472 ἀμαθεστάτους,
2831 1403 2970 1457 ὥστε
3019 1402 3087 1457 δι’
3116 1399 3191 1458 ὧν
3254 1403 3568 1468 δοξάζουσιν

2001 1495 2248 1564 ἀναιρεῖν
2275 1511 2397 1547 τινα
2421 1495 2530 1548 τῶν
2566 1495 2666 1564 τῆς
2725 1494 3004 1562 θεολογίας
3063 1495 3269 1565 ἀρχῶν,
3319 1496 3384 1564 ἢν
3436 1498 3563 1564 περὶ

2003 1584 2198 1640 πολλοῦ
2243 1586 2517 1640 ποιοῦνται
2557 1587 2846 1656 φυλάττειν
2894 1587 2989 1641 καὶ
3031 1588 3156 1657 περὶ
3191 1583 3257 1658 ἦς
3291 1586 3410 1641 καθ’
3441 1588 3564 1640 ἐκά-

2004 1696 2136 1749 στην
2166 1681 2224 1734 ἐν
2245 1683 2365 1744 ταῖς
2392 1682 2622 1744 κοιναῖς,
2652 1681 2708 1732 ἐν
2731 1683 2852 1743 ταῖς
2887 1681 3046 1742 ίδίαις
3077 1680 3317 1749 ὁμιλίαις
3357 1680 3567 1748 φιλοσο-

2004 1775 2187 1844 φοῦσι,
2219 1779 2313 1828 καὶ
2356 1773 2508 1828 ταῦθ’
2535 1773 2690 1844 ἡμῶν
2745 1775 2996 1845 βοώντων
3047 1775 3230 1838 αὐτοῖς
3277 1777 3568 1846 προσέχειν

336 1858 464 1908 dum
517 1857 984 1927 imperitissimos,
1020 1871 1078 1914 nt
1127 1876 1221 1930 per
1265 1875 1390 1916 suas
1443 1863 1723 1919 doctrinas
1750 1864 1899 1918 aule-

2005 1838 2064 1921 τε
2094 1838 2189 1920 καῖ
2222 1838 2611 1934 φυλάττεσθαί,
2642 1838 2757 1919 καὶ.
2796 1869 2890 1920 τοῦ
2935 1867 3262 1939 πράγματος
3322 1838 3430 1920 ὀὐκ
3453 1838 3568 1919 "ai-

335 1952 458 1994 rant
503 1959 670 1998 unum
707 1963 772 2000 ex
824 1947 1110 2018 theologia:
1160 1951 1468 2020 principiis,
1517 1953 1675 2022 cujus
1719 1965 1904 2010 custo-

334 2041 477 2094 diazn
507 2040 729 2111 plurimi
762 2040 971 2094 faciunt
999 2052 1053 2095 et
1083 2042 1278 2112 dequo
1301 2043 1548 2112 quotidie
1583 2046 1633 2097 in
1667 2045 1900 2114 publicis

335 2142 391 2186 et
425 2133 478 2186 in
510 2133 736 2202 privatis
783 2133 1072 2202 colloquiis
1100 2151 1164 2188 ac
1215 2135 1680 2204 disputationibus
1721 2139 1897 2208 philo-

337 2225 665 2293 sophantur,
702 2226 866 2292 idque
907 2225 1036 2278 dum
1069 2241 1170 2280 nos
1199 2225 1486 2282 clamando
1533 2228 1598 2282 ad
1632 2230 1765 2284 illud
1800 2236 1900 2286 ad-

333 2313 658 2368 vertendum
678 2315 1194 2386 observandumque
1229 2318 1543 2384 hortamur,
1566 2330 1622 2375 et
1649 2322 1778 2376 dum
1813 2337 1900 2377 res

332 2427 442 2462 non
480 2410 657 2464 solum
699 2411 900 2478 turpis,
936 2427 1125 2465 verum
1159 2414 1326 2467 etiam
1383 2415 1541 2475 valde
1588 2416 1896 2485 periculosa

331 2501 456 2553 est?
503 2500 645 2565 Quid
700 2502 846 2554 enim
902 2503 1118 2570 turpius
1167 2513 1223 2557 ct
1274 2504 1435 2558 simul
1494 2507 1894 2575 periculosius,

333 2606 496 2659 quam
538 2591 825 2660 theologia:
865 2591 1153 2645 scientiam
1189 2591 1532 2661 proﬁtentem
1581 2599 1896 2667 quempiam

334 2696 432 2750 per
482 2682 770 2751 opiniones
817 2697 946 2736 suas
995 2682 1284 2754 theologia:
1326 2687 1594 2757 principia
1651 2700 1898 2745 evertere

331 2783 389 2827 et
425 2787 602 2842 neque
651 2773 984 2842 intelligere,
1031 2784 1088 2829 et
1121 2776 1354 2831 salutem
1386 2795 1445 2835 se
1477 2780 1729 2850 perdere,
1776 2797 1898 2852 qmn

331 2866 418 2919 vel
463 2865 697 2920 maxime
732 2866 786 2920 in
820 2867 942 2920 ﬁdei
973 2869 1203 2923 veritate
1236 2869 1560 2926 obtinetur?
1594 2875 1731 2940 Quid
1766 2891 1899 2930 vero

335 2959 552 3027 turpius
586 2959 798 3022 adhuc,
853 2973 1023 3028 qnam
1075 2970 1154 3014 tot
1208 2961 1462 3018 homines
1505 2964 1556 3018 id
1601 2967 1898 3038 pati?,Ego

330 3050 477 3122 enim
505 3051 688 3119 potius
718 3049 1097 3116 credidissem,
1153 3051 1380 3108 Latinos
1413 3058 1791 3112 tuonarcliiam
1840 3060 1894 3115 in

2005 1959 2171 2029 σχροῦ
2206 1960 2364 2027 μόνον
2379 1959 2550 2022 ὄντος,
2582 1959 2716 2012 ἀλλὰ
2747 1959 2840 2012 καὶ
2898 1959 3019 2012 λίαν
3068 1957 3451 2022 ἐπικινδύνους
3501 1959 3567 2011 Τί

2004 2048 2112 2118 γαρ
2142 2049 2492 2119 αἰσχρότερον
2521 2048 2640 2119 ἅμα
2675 2049 2768 2103 καὶ
2803 2048 3293 2118 ἐπικινδυνότερον,
3327 2050 3359 2120 ἢ
3389 2050 3567 2102 θεολο-

2004 2138 2130 2206 γίας
2164 2141 2479 2210 ἐπιστήμην
2511 2141 2982 2210 ἐπαγγελλόμενόν
3003 2159 3124 2194 τινα
3155 2140 3221 2195 δι’
3256 2134 3328 2194 ὧν
3357 2142 3567 2206 δοξάζει

2005 2227 2102 2290 τὰς
2127 2228 2224 2296 τῆς
2251 2227 2532 2292 θεολογίας
2557 2231 2804 2298 ἀναιρεῖν
2835 2229 3006 2298 ἀρχὰς
3031 2230 3123 2281 καὶ
3159 2230 3301 2298 μηδέ
3335 2231 3568 2299 συνορςῖν

2001 2321 2098 2372 καὶ
2113 2321 2211 2388 τὴν
2253 2319 2532 2390 σωτηρίαν
2563 2319 2872 2374 ἀπολλύναι
2901 2319 2997 2389 τὴν
3025 2322 3081 2372 ἐν
3104 2322 3169 2389 τῇ
3201 2319 3298 2388 τῆς
3336 2321 3569 2380 πίστεως

2000 2411 2233 2484 ἀληθείᾳ
2288 2410 2529 2480 μάλιστά
2605 2429 2668 2480 γε
2727 2412 3189 2482 προσγινομένην,
3251 2410 3344 2464 τοῦ
3366 2411 3422 2463 δέ
3475 2414 3569 2462 καὶ

2000 2505 2286 2568 τοσούτους
2312 2505 2470 2558 τοῦτο
2526 2503 2760 2574 πάσχειν
2821 2505 2873 2556 τί
2931 2502 2997 2556 ἂν
3053 2501 3268 2572 αἴσχιον
3323 2504 3567 2568 γένοιτος

2013 2597 2158 2664 Ἐγὼ
2190 2597 2300 2666 γὰρ
2335 2597 2536 2665 μᾶλλον
2563 2596 2630 2649 ἄν
2657 2595 2952 2648 ἐπίστευσα
2987 2595 3249 2658 Λατίνους
3279 2595 3377 2647 οὐκ
3407 2597 3573 2661 ἀναγ-

2002 2689 2164 2741 καίαν
2191 2690 2247 2740 ἐν
2272 2690 2382 2749 τοῖς
2415 2686 2578 2748 θείοις
2607 2687 2708 2755 τὴν
2743 2685 3040 2756 μοναρχίαν
3066 2686 3276 2747 εἰδότας
3299 2686 3478 2752 λέγειν
3508 2703 3562 2738 τι

1999 2779 2093 2833 καὶ
2115 2777 2375 2842 δοξάζειν,
2411 2777 2478 2830 δι’
2517 2769 2592 2830 ὧν
2617 2775 2820 2846 ταύτην
2886 2775 3226 2841 σαλεύουσιν,
3269 2776 3300 2844 ἢ
3363 2777 3569 2845 ταύτην

1999 2872 2096 2924 καὶ⁵
2121 2869 2391 2939 τιμῶντας
2425 2868 2516 2920 καὶ
2555 2865 2849 2935 φυλάττειν
2891 2865 3172 2928 ἐθέλοντας
3225 2866 3387 2935 εἴπερ
3435 2869 3561 2921 τινα

1998 2961 2108 3015 τῶν
2129 2965 2225 3032 τῆς
2251 2959 2489 3022 πίστεως
2517 2958 2721 3028 ἀρχῶν,
2751 2958 2902 3026 ὅμως
2934 2957 3138 3026 ταύτην
3165 2955 3223 3023 ἐξ
3257 2950 3333 3011 ὧν
3391 2959 3570 3021 άλλως

1997 3054 2251 3122 λέγουσιν
2301 3054 2548 3123 ἀναιρεῖν
2587 3052 2688 3106 οὐκ
2730 3052 2960 3117 εἰδότας,
3013 3054 3094 3107 δτι
3153 3054 3304 3107 πᾶσα
3358 3053 3570 3124 ἀνάγκη

331 3142 537 3198 divinis
559 3143 708 3197 haud
743 3145 1112 3200 necessariam
1145 3161 1268 3201 esse
1299 3147 1526 3202 eductos
1554 3149 1738 3206 dicere
1767 3155 1896 3223 quid

2005 3147 2122 3210 τοὺς
2147 3147 2328 3198 ἐκεῖνα
2356 3145 2618 3212 λέγοντας
2645 3143 2836 3214 διπλῆν
2867 3145 3110 3212 εἰσάγειν
3139 3146 3336 3215 ἀρχήν.
3367 3145 3439 3198 Τὸ
3469 3147 3570 3214 μὲν

331 3247 389 3291 et
417 3236 653 3306 opinari,
675 3251 784 3306 quo
815 3237 902 3290 illa
927 3237 1312 3306 pessundetur,
1334 3256 1496 3309 quam
1516 3245 1891 3300 monarchiam

337 3337 670 3382 venerantis
723 3338 779 3382 et
831 3329 1112 3383 custodire
1165 3329 1449 3395 volentes,
1503 3333 1548 3386 si
1603 3334 1772 3388 ullum
1825 3351 1892 3390 ex

334 3420 460 3475 lidei
495 3420 800 3491 principiis,
834 3432 1013 3475 tamen
1049 3423 1190 3477 hanc
1219 3437 1317 3490 per
1345 3438 1409 3477 ea
1437 3440 1558 3494 qua:
1601 3427 1760 3480 aliter
1805 3428 1892 3482 di-

333 3523 488 3577 eunt,
523 3529 620 3568 eos
657 3523 909 3568 evertere
960 3513 1271 3570 nescientes
1321 3531 1567 3585 prorsus,
1617 3521 1766 3572 omni
1799 3535 1894 3574 ne-

331 3592 592 3661 cessitate
635 3621 730 3660 eos
755 3644 769 3667 ,
821 3605 915 3674 qui
953 3605 1044 3659 illa
1078 3616 1353 3672 asserunt,
1396 3607 1592 3677 duplex
1631 3609 1892 3666 inducere

335 3697 690 3768 principium.
734 3697 871 3751 illud
904 3699 1050 3751 cuitu
1085 3698 1242 3766 prius
1277 3699 1540 3768 negativae
1573 3700 1895 3771 ignorantia:

334 3791 552 3854 fuisset,
577 3789 690 3852 cui,
718 3804 842 3843 cum
886 3788 1142 3844 homines
1169 3789 1300 3856 sint,
1333 3789 1490 3845 facile
1534 3795 1895 3848 succumbere

336 3889 566 3949 possunt
592 3896 606 3944 ;
642 3880 747 3934 hoc
781 3894 915 3933 vero
946 3879 1269 3949 ignorantia!
1291 3882 1538 3936 studiose
1567 3885 1812 3953 quaesita:
1840 3895 1898 3940 et

335 3974 659 4043 privativa,
715 3987 878 4042 quam
930 3988 1107 4042 neque
1142 3973 1196 4026 itt
1237 3974 1560 4045 tlteologicis
1611 3993 1786 4046 neque
1842 3977 1894 4030 iit

333 4068 440 4122 alia
467 4065 661 4136 quavis
711 4065 941 4122 materia
987 4066 1100 4133 pati
1155 4077 1387 4134 possunt
1417 4067 1452 4122 ii
1487 4069 1579 4137 qui
1615 4069 1896 4124 dialectica

333 4170 391 4214 et
422 4160 651 4230 reliquis
683 4159 1082 4228 philosophiels
1123 4159 1430 4227 disciplinis
1462 4170 1570 4213 tant
1622 4160 1760 4215 bene
1793 4163 1898 4214 im-

295 4253 303 4260 ’
337 4252 457 4306 buti
489 4260 638 4305 sunt.
694 4249 808 4307 Etsi
859 4264 990 4302 vero
1035 4249 1240 4302 multos
1283 4248 1422 4302 alios
1457 4250 1713 4303 novimus
1746 4251 1900 4319 prius

338 4359 463 4399 cum
490 4342 580 4396 tali
639 4339 907 4409 sapientia
941 4338 994 4392 in
1030 4339 1313 4394 haereseon
1337 4339 1561 4409 abyssos
1586 4341 1900 4412 principites

335 4446 511 4503 actos,
557 4444 798 4490 attamen
836 4447 1016 4501 neque
1057 4439 1206 4485 tanta
1256 4431 1552 4486 multitudo
1593 4449 1771 4502 neque
1825 4435 1896 4489 si.

2005 3239 2106 3306 τῆς
2132 3227 2273 3290 κατα
2302 3237 2578 3305 ἀπόφασιν
2609 3236 2828 3305 ἀγνοίας
2859 3237 2924 3289 ἂν
2979 3233 3067 3308 ἦν,
3120 3236 3188 3308 ἢν
3235 3237 3381 3298 εἰκός
3425 3239 3572 3290 ἐστιν

2008 3329 2322 3400 ἀνθρώπους
2356 3329 2511 3390 ὄντας
2539 3327 2752 3392 παθεῖν,
2782 3327 2842 3380 τὸ
2871 3328 2927 3380 δέ
2961 3330 3058 3398 τῆς
3116 3330 3259 3382 κατὰ
3329 3326 3572 3380 διάθεσιν

2011 3421 2234 3489 ἀγνοίας
2267 3420 2332 3473 ἂν
2364 3420 2471 3490 εἴη,
2497 3420 2566 3489 ἣν
2589 3421 2682 3472 οὔτ
2731 3421 2786 3471 ὲν
2842 3421 2953 3480 τοῖς
2990 3419 3319 3488 θεολογικοῖς
3364 3416 3477 3470 οὔτ’
3515 3417 3572 3470 ἐν

2011 3531 2121 3568 τινι
2151 3514 2258 3566 τῶν
2285 3513 2423 3566 ὑλῶν
2444 3513 2670 3565 δυνατόν
2692 3515 2805 3564 ἐστι
2836 3511 3068 3581 πάσχειν
3112 3514 3234 3575 τους
3288 3511 3563 3564 διαλεκτι-

2009 3605 2113 3675 κῆς
2149 3607 2364 3674 καὶτῆς
2390 3605 2556 3671 ἄλλης
2580 3604 2900 3673 φιλοσοφίας
2935 3603 3080 3657 οὕτω
3141 3604 3344 3671 σφόδρα
3409 3601 3574 3671 μετέ-

2011 3715 2230 3769 χοντας.
2262 3698 2324 3751 Ei
2359 3697 2415 3750 δὲ
2446 3698 2542 3750 καὶ
2587 3697 2816 3759 πολλοὺς
2859 3695 3053 3758 ἄλλους
3102 3697 3363 3764 πρότερον
3417 3693 3574 3762 ἴσμεν

2016 3791 2152 3860 μετά
2185 3790 2282 3858 τῆς
2315 3788 2572 3855 τοιαύτης
2605 3787 2799 3856 σοφίας
2830 3787 2922 3838 ἐπὶ
2974 3787 3102 3847 τοὺς
3151 3786 3263 3837 τῶν
3308 3783 3571 3854 αἱρέσεων

2012 3881 2406 3950 ἀπενεχθέντας
2431 3880 2733 3952 κρημνοὺς,
2762 3878 2876 3931 ἀλλ’
2902 3877 3027 3931 οὔτε
3061 3878 3262 3946 πλῆθος
3316 3874 3574 3928 τοσοῦτον

2011 3973 2123 4027 οὗθ’
2150 3975 2348 4041 ὁμοίως
2371 3968 2512 4043 ἦσαν
2540 3971 2716 4039 σοφοὶ,
2745 3969 2869 4021 οὕτε
2894 3970 3002 4022 τῶν
3060 3969 3159 4036 τῆς
3207 3967 3446 4027 πίστεως
3480 3967 3575 4030 ζη-

2010 4065 2278 4133 τημάτων
2318 4061 2488 4123 οὕτως
2568 4059 3058 4127 ἐκκεκαθαρμένων
3111 4057 3394 4118 ἀπάντων,
3451 4053 3576 4106 οὔτε

2008 4155 2280 4209 τοσούτων
2306 4153 2641 4206 διδασκάλων
2669 4154 2800 4221 προς
2833 4152 2928 4220 τὴν
2956 4149 3158 4218 γνῶσιν
3181 4149 3280 4215 τῆς
3315 4145 3576 4216 ἀληθείας

2011 4246 2326 4316 δυναμένων
2350 4244 2532 4311 σψίσιν
2555 4244 2824 4312 ἡγεῖσθαι·
2852 4247 2948 4303 τὰς
2973 4239 3072 4310 μέν
3100 4240 3205 4308 γαρ
3232 4237 3396 4299 ἄλλας
3423 4237 3577 4305 αίρέ-

2013 4357 2126 4403 σεις
2148 4340 2240 4392 καὶ
2269 4338 2336 4390 δι’
2362 4336 2585 4403 ἀλογίαν
2618 4335 2821 4404 μᾶλλον
2861 4333 2955 4386 καὶ
2991 4332 3232 4400 ἀμαθίαν
3268 4331 3429 4397 ἴσμεν
3484 4346 3578 4380 συ-

2016 4433 2240 4494 στάσας.
2279 4431 2497 4499 Ἀρειον
2515 4427 2569 4480 δὲ
2601 4429 2692 4479 καὶ
2712 4425 3006 4491 Νεστόριον
3041 4426 3135 4476 καὶ
3173 4423 3460 4475 Σαϐἐλλιον
3491 4437 3578 4473 σο-

337 4529 452 4582 mili
491 4525 759 4596 sapientia
801 4523 1014 4594 prmditi
1069 4531 1250 4586 erant,
1302 4537 1480 4591 neque
1531 4533 1661 4577 tunc
1709 4537 1899 4576 omnes

2008 4524 2141 4590 φοῦς
2161 4523 2260 4589 μὲν
2283 4520 2435 4584 ἴσως,
2461 4517 2578 4572 ἀλλ’
2603 4517 2711 4568 ἀπὸ
2731 4517 2835 4568 τῶν
2854 4515 3088 4582 Γραφῶν
3110 4514 3572 4582 ἐπιχειρήσαντας

336 4619 659 4690 dogmaticae
707 4616 1042 4686 (ιυιεειίοηοε
1090 4615 1167 4670 ita
1219 4614 1545 4679 elucidatze,
1596 4627 1776 4684 neque
1826 4622 1905 4669 tot

337 4714 598 4766 doctores
631 4709 700 4763 ad
749 4708 1035 4762 veritatem
1065 4709 1501 4776 cognoscendam
1561 4706 1694 4775 ipsis
1735 4705 1904 4760 duces

337 4818 457 4858 esse
485 4810 759 4872 poterant.
794 4799 1035 4855 Caeteros
1071 4797 1218 4851 enim
1255 4797 1494 4852 haereses
1525 4805 1749 4866 propter
1771 4797 1905 4851 insi-

337 4897 597 4968 pientiam
642 4893 826 4964 potius
877 4900 934 4946 et
981 4891 1257 4946 inscitiam
1300 4891 1504 4944 scimus
1537 4889 1900 4956 constitutas;

335 4989 526 5044 Arium
564 5001 714 5048 vero,
743 4983 1053 5040 Nestorium
1103 4991 1270 5052 atque
1317 4982 1620 5037 Sabellium
1673 4983 1904 5038 fortasse

337 5079 559 5148 quidem
617 5076 939 5145 sapientes,
1001 5082 1243 5129 attamen
1293 5090 1321 5127 a
1360 5073 1666 5142 Scripturis
1723 5076 1903 5128 solum

337 5173 723 5234 exordieutcs;
761 5170 1001 5224 nondum
1028 5169 1176 5223 enim
1224 5168 1321 5222 ulli
1370 5170 1656 5222 doctorum
1691 5176 1903 5221 tantum

341 5266 666 5324 reverentiae
698 5262 1323 5332 detulerunthomines,
1360 5270 1420 5315 ut
1444 5259 1592 5314 illius
1619 5257 1908 5313 sententiis

339 5361 548 5430 absque
578 5357 689 5411 ulla
717 5353 1064 5410 dubitatione
1091 5353 1436 5406 adhaererent
1459 5367 1473 5414 ;
1501 5350 1731 5404 fortasse
1757 5365 1909 5403 natu-

338 5468 445 5523 que
477 5464 653 5518 neque
692 5448 834 5500 ullus
863 5453 978 5498 tum
1008 5443 1130 5499 talis
1157 5452 1298 5498 erat.
1327 5442 1528 5498 Verum
1562 5441 1616 5494 itt
1649 5439 1906 5494 certami-

341 5545 506 5598 nibus
536 5541 800 5595 advcrsus
851 5536 1142 5591 hrereticos
1180 5534 1326 5594 illos,
1357 5533 1503 5588 sicut
1555 5533 1608 5587 iit
1657 5531 1905 5602 palmstra

340 5635 602 5706 quadam,
638 5631 924 5699 sapientia:
971 5637 1027 5681 ct
1068 5625 1196 5680 ﬁdei
1250 5635 1416 5693 atque
1466 5632 1736 5678 accurata:
1774 5620 1907 5689 dog-

343 5736 550 5782 tuatum
579 5720 943 5788 expositionis
973 5716 1252 5785 specimen
1286 5716 1380 5768 alii
1408 5713 1683 5767 dederunt
1718 5721 1773 5766 ct
1807 5711 1906 5764 lic-

348 5818 529 5873 tlesiac
573 5813 774 5868 lumina
813 5809 1066 5876 protinus
1094 5816 1407 5872 evaserunt,
1457 5805 1800 5874 postmodum
1835 5819 1900 5858 eo

2013 4613 2195 4682 μόνον.
2223 4610 2298 4663 Οὔ
2312 4627 2393 4662 πω
2419 4609 2526 4679 γάρ
2553 4607 2734 4660 οὐδενὶ
2759 4606 2865 4658 τῶν
2921 4605 3268 4658 διδασκάλων
3317 4603 3578 4656 τοσοῦτον

2007 4701 2332 4755 ἀπεδίδοσαν
2351 4698 2627 4767 ἄνθρωποι
2659 4696 2842 4758 σέϐας,
2873 4695 3014 4748 ὥστε
3049 4697 3172 4756 ταῖς
3231 4696 3444 4747 ἐκείνου
3471 4691 3579 4761 ψή-

2008 4810 2129 4861 φοις
2161 4790 2667 4858 ἀναμφισεητήτως
2702 4787 3118 4856 προστίθεσθαι·
3149 4786 3278 4848 ἴσως
3307 4787 3414 4854 γὰρ
3446 4783 3568 4836 οὐδὲ

2007 4881 2096 4956 ἦν·
2129 4883 2245 4938 ἁλλ’
2269 4885 2327 4936 ἐν
2353 4886 2461 4944 τοῖς
2488 4883 2624 4950 πρὶς
2647 4881 2773 4942 τοὺς
2805 4879 3116 4948 αἱρετικοὺς
3136 4879 3382 4938 ἐκείνους
3427 4876 3574 4943 ἀγοῖι-

2010 4975 2327 5045 σιν,ῶσπερ
2348 4973 2404 5027 ἐν
2461 4989 2571 5026 τινι
2603 4971 2713 5024 τῶν
2751 4970 3037 5039 κοσμικῶν
3091 4968 3416 5037 γυμνασίων
3475 4967 3575 5034 τῆς

2007 5086 2069 5122 τε
2094 5067 2286 5134 σοφίας
2311 5067 2405 5118 καὶ
2427 5063 2687 5126 πίστεως,
2715 5063 2812 5114 καὶ
2866 5061 2963 5130 τῆς
3021 5061 3078 5112 ἐν
3123 5061 3238 5122 τοῖς
3303 5059 3574 5125 δόγμασιν

2010 5156 2299 5228 ἀκριϐείας
2331 5157 2524 5224 πεῖραν
2545 5154 2723 5222 ἕτεροι
2751 5151 3046 5214 δεδωκότες
3083 5153 3177 5203 καὶ
3208 5151 3307 5221 τῆς
3348 5150 3580 5218 Ἐκκλη-

2013 5249 2133 5311 σίας
2164 5247 2450 5316 φωστῆρες
2480 5246 2739 5315 ἄντικρυς
2792 5241 3080 5310 γεγονότες
3117 5242 3291 5303 οὕτως
3348 5241 3580 5309 ὕστερον

2009 5337 2413 5405 ἐσεϐάσθησαν,
2444 5335 2587 5388 ῶστε
2616 5337 2717 5404 τὴν
2787 5334 3016 5386 ἐκείνων
3048 5333 3333 5399 θεολογίαν
3373 5331 3578 5384 κανόνα

2012 5434 2103 5485 καὶ
2147 5430 2317 5482 τύπον
2348 5428 2555 5480 ἅπασιν
2587 5425 2731 5479 εἶναι
2764 5426 2859 5479 καὶ
2912 5425 3109 5492 νόμους
3147 5421 3374 5492 τεθῆναι
3429 5420 3556 5473 τοῦτ

2010 5523 2421 5582 ἐπιτάττοντας·
2446 5519 2539 5571 καὶ
2560 5518 2732 5577 οὕτως
2783 5515 2890 5569 εἰσὶ
2925 5515 3115 5567 πολλοὶ
3165 5516 3258 5566 καὶ
3307 5512 3577 5590 τοσαύτας

2008 5615 2236 5673 ἕκαστος
2258 5615 2551 5664 κατέλιπον
2585 5609 2819 5680 βίὸλους,
2847 5607 2987 5660 ὥστε
3023 5606 3209 5659 λοιπον
3243 5607 3375 5674 περὶ
3423 5603 3579 5656 οὐδε-

2010 5708 2095 5767 νος
2135 5703 2568 5774 ἀναμφισϐητεῖν
2591 5699 2849 5753 δύνασθαι
2872 5699 2977 5750 τῶν
3012 5701 3068 5750 ἐν
3109 5700 3172 5767 τῇ
3207 5697 3452 5766 θεολογία
3485 5695 3576 5762 ζη-

2013 5799 2270 5869 τημάτων
2301 5813 2353 5848 τε
2383 5795 2472 5849 καὶ
2504 5792 2810 5862 δογμάτων,
2875 5791 2994 5852 τοῦς
3056 5789 3190 5852 ὅλως
3225 5789 3288 5841 τὰ
3352 5785 3576 5839 τοιαῦτα
