3900 6216
231 399 300 456 ιδ
1263 403 1696 464 ltEFU'l‘ATlO
1740 402 1986 464 MARCI
2029 400 2417 462 EPllESlNi.
2719 385 2724 390 ’
3403 392 3470 453 t6

224 509 432 576 κρτνειν
514 508 718 574 εἰδότας
797 511 902 564 ὑπὸ
955 511 1225 564 τοσούτων
1292 510 1390 582 μὲν
1446 510 1798 578 διδασκάλων,

1913 513 2055 566 cultu
2089 513 2361 571 honorati,
2398 519 2456 564 ut
2489 511 2712 565 illorum
2746 507 3020 580 theologia
3062 505 3279 563 cunctis
3310 519 3476 576 regu-

222 599 492 652 τοσούτων
539 599 594 652 δὲ
631 599 850 670 βιϐλίων
885 602 1117 655 ἑκάστου
1149 600 1556 674 φωτιζομένους
1578 622 1594 638 ο
1656 607 1704 658 εί
1741 605 1798 658 δέ

225 707 278 742 τι
299 689 401 742 κάν
428 691 640 756 τούτοις
687 691 988 760 διαφωνοῦν
1027 691 1359 766 εὑρίσκοιτο,
1425 695 1794 766 συμδισάζειν

225 784 383 838 τοῦτο
414 787 513 838 καὶ
560 788 818 854 συνάγειν
875 789 1056 851 καλῶς
1107 791 1229 852 ταῖς
1261 789 1508 858 μεθόδοις
1563 791 1799 855 ἐκείναις

224 869 309 937 αἷς
337 875 494 929 αὐτοὶ
529 879 628 944 τῆς
668 877 996 946 Ἐκκλησξας
1050 877 1099 930 oi
1138 878 1450 931 διδάσκαλοι
1491 878 1590 941 τὰς
1646 877 1797 942 θείας

220 963 443 1032 Γραφὰς
469 966 703 1034 συνῆγον
732 969 830 1020 καὶ
862 967 1212 1030 συνεϐίϐαζον
1263 969 1404 1022 κατὰ
1431 967 1538 1020 τῶν
1565 968 1796 1038 διαιρεῖν

222 1057 395 1119 αὑτάς
427 1060 808 1129 πειρωμένων,
835 1062 940 1114 κᾶν
977 1063 1045 1130 τῇ
1080 1061 1353 1132 διαιρέσει
1378 1061 1552 1132 ταύτῃ
1575 1059 1669 1115 τδν
1696 1063 1793 1132 τῆς

219 1147 542 1212 κακοδοξίας
573 1151 898 1220 ίδρυνόντων
923 1151 1187 1221 θεμέλων.

1895 600 1946 654 la
1981 615 2045 655 ac
2068 615 2255 653 norma
2282 600 2354 653 sit
2408 599 2666 669 legesque
2693 600 2812 652 lata:
2838 599 3045 652 fuerint
3069 595 3120 650 id
3140 594 3469 665 praecipien-

1898 702 2002 748 tes.
2035 691 2103 745 Et
2139 693 2221 746 sic
2249 686 2412 744 multi
2440 700 2569 744 sunt
2604 701 2658 744 et
2688 701 2768 744 tot
2793 688 2994 757 singuli
3023 687 3202 742 libros
3234 686 3478 754 relique-

1896 793 2048 847 runt,
2079 791 2139 836 ut
2174 791 2431 837 cartorum
2479 783 2546 835 de
2579 781 2730 836 nullo
2784 780 3074 846 theologia;
3128 778 3476 847 prohleutate

1893 873 1982 928 vel
2037 873 2292 942 dogmate
2339 867 2570 926 dubium
2626 886 2850 926 movere
2900 878 3108 939 queant
3159 869 3254 937 qui
3317 869 3480 937 plane

1905 966 2036 1020 talia
2079 966 2330 1036 judicare
2381 965 2638 1018 noverint
2692 979 2722 1018 a
2771 971 2850 1016 tot
2906 961 3227 1016 doctoribus
3282 970 3482 1030 totque

1902 1057 2248 1128 singulorum
2291 1056 2520 1126 scriptis
2554 1054 2875 1119 illuminati,
2928 1053 2973 1108 si
3018 1067 3152 1106 vero
3203 1051 3368 1106 etiam
3424 1049 3478 1102 in

1902 1149 1990 1202 bis
2019 1149 2348 1203 discordans
2377 1147 2510 1217 quid
2561 1146 2899 1212 inveniatur,
2951 1145 3004 1199 id
3053 1153 3202 1198 recte
3257 1157 3482 1212 contpoo

219 1249 353 1291 nant
405 1249 461 1294 et
515 1245 857 1298 concordent
907 1245 1019 1300 illis
1077 1247 1374 1314 methodis,
1433 1247 1637 1320 quibus
1696 1243 1798 1314 ipsi
1839 1241 2099 1296 Ecclesia:
2163 1241 2419 1296 doctores
2449 1240 2663 1294 divinas
2722 1239 3047 1308 Scripturas
3087 1237 3482 1292 consociarent

214 1343 267 1384 et
295 1343 622 1389 constantes
651 1338 1011 1393 ostenderunt
1040 1349 1234 1396 contra
1274 1357 1373 1397 eos
1413 1341 1508 1411 qui
1560 1339 1814 1394 dividere
1853 1335 1975 1390 illas
2008 1335 2353 1390 conabantur
2386 1342 2445 1391 et
2483 1335 2535 1392 iu
2577 1333 2678 1388 hac
2704 1331 2980 1387 divisione
3047 1345 3326 1400 perversae
3353 1345 3469 1385 sua:

214 1424 513 1478 sententiae
542 1429 947 1483 conﬁrmabant
987 1430 1432 1487 fundamentum.

285 1515 331 1564 Τ
335 1517 519 1566 ούτων
547 1517 724 1567 τοίνυν
754 1519 1010 1570 ἁπάντων
1067 1519 1238 1583 οὕτως
1287 1523 1544 1592 ἑχόντων,
1597 1522 1682 1584 τίς
1735 1520 1803 1574 ἂν

211 1605 430 1675 ῥαδίως
476 1607 790 1661 πιστεύσειε
823 1610 1090 1675 Λατίνους
1147 1613 1322 1667 δεινὸν
1375 1615 1475 1685 μὲν
1523 1614 1802 1668 ποιεῖσθαι

210 1700 312 1765 τὴν
335 1696 606 1768 δυαργίαν
635 1701 726 1752 ἐπὶ
755 1699 910 1767 Θεοῦ,
938 1705 1021 1766 είς
1053 1703 1259 1776 ταύτην
1283 1707 1341 1760 δδ
1376 1706 1798 1760 συνελαύνεσθαι

1979 1516 2110 1580 Quae
2133 1513 2318 1568 omnia
2346 1528 2472 1568 cum
2512 1515 2586 1568 ita
2623 1529 2681 1568 se
2712 1512 2977 1578 habeant,
3027 1515 3152 1584 quis
3179 1513 3338 1571 facile
3362 1529 3482 1569 crc-

1905 1610 1998 1662 det
2046 1605 2273 1661 Latinos
2324 1607 2549 1676 quidem
2601 1607 2861 1676 principii
2920 1608 3240 1662 dualitatem
3276 1608 3331 1662 in
3369 1609 3481 1662 Deo

1903 1700 2221 1775 exsecrari,
2245 1699 2340 1754 sed
2372 1700 2426 1754 in
2458 1701 2711 1754 eamdem
2747 1715 2942 1754 rursus
2978 1700 3184 1772 impelli
3218 1709 3480 1769 tanquam

213 1789 388 1882 πάλιν
421 1789 496 1854 ὡς
531 1792 846 1858 ἀναγκαίως
890 1797 956 1865 τῇ
995 1797 1121 1865 δόξῃ
1153 1797 1330 1868 ταύτῃ
1385 1799 1795 1869 συνεπομένηνς

1913 1792 2220 1846 necessario
2251 1807 2316 1846 ex
2371 1791 2474 1848 hac
2538 1807 2637 1847 sua
2691 1793 2958 1862 Opinione
3013 1795 3484 1863 consequentem?

212 1877 357 1931 υύτε
393 1879 498 1948 γὰρ
535 1882 686 1934 αὐτοὶ
715 1885 904 1950 σοφίας
932 1885 1039 1938 τινὶ
1069 1887 1178 1939 τῶν
1237 1887 1495 1941 ἁπάντων
1540 1905 1801 1958 παραχω-

218 1969 438 2035 ροῦσιν,
480 1971 592 2024 οὔτ’
622 1974 773 2034 εἰκός
806 1978 924 2028 ἐστι
945 1977 1102 2032 τοῦτο
1132 1979 1360 2048 πάσχειν
1387 1979 1548 2042 ὄντας
1581 1982 1799 2048 σοφοὺς,

215 2059 356 2113 ἀλλά
388 2061 593 2129 μᾶλλον
625 2061 848 2131 εὔλογόν
873 2067 989 2120 ἐστι
1019 2067 1143 2131 τοὺς
1188 2069 1248 2120 ού
1289 2068 1490 2137 σφόδρα
1511 2069 1606 2137 τῆς
1639 2069 1803 2122 Λατί-

217 2169 326 2203 νων
378 2159 575 2219 σοφίας
617 2159 908 2220 ἑπαϊοντας
937 2159 1034 2229 τὴν
1087 2161 1296 2230 πλάνην
1326 2163 1531 2230 ταύτην
1569 2161 1801 2230 ὑφίστα-

222 2243 352 2294 σθαι
383 2250 476 2299 καὶ
505 2247 751 2314 νομίζειν
779 2249 1013 2304 ἕπεσθαι
1039 2255 1101 2324 τῇ
1129 2251 1257 2326 δόξῃ
1283 2255 1552 2322 Λατίνων,
1579 2253 1615 2308 ἃ
1635 2254 1802 2308 καθά·

220 2335 334 2400 παξ
364 2335 572 2408 ταύτης
605 2341 964 2412 κεχώρισται.

285 2514 416 2566 Ὅτι
446 2515 504 2568 δὲ
529 2517 638 2570 οὐδ’
667 2519 799 2583 ὅλως
833 2516 917 2582 οἷς
953 2521 1164 2586 ἀξιοῦσι
1227 2523 1446 2576 Λατῖνοι
1493 2522 1555 2576 τὸ
1603 2522 1804 2576 ἄτοπον

215 2608 398 2660 ἐκεῖνο
447 2611 775 2678 συμϐαίνειν
830 2615 1080 2680 δύναται,
1138 2617 1343 2679 ἁπλοῦς
1411 2618 1529 2669 ἐστι
1589 2615 1744 2684 λόγος
1779 2619 1806 2670 ὁ

215 2700 429 2752 πεὶθων
457 2706 554 2754 καὶ
592 2704 798 2774 ἀληθὴς
830 2709 922 2760 καὶ
955 2707 1014 2760 δν
1051 2709 1216 2772 εἴτις
1249 2710 1492 2776 ἐλαύνοι,
1538 2710 1635 2762 καὶ
1675 2710 1807 2762 πολ-

214 2793 313 2856 λὰς
345 2796 451 2864 τῆς
505 2797 782 2866 θεολογίας
825 2801 1003 2870 ἀρχὰς
1037 2803 1251 2874 ἀνάγκη
1306 2801 1498 2856 τοῦτον
1549 2820 1807 2855 συναπω-

215 2887 458 2941 Octa-‘13:.
475 2889 593 2960 Μιᾷ
613 2890 718 2961 γάρ
738 2908 870 2959 φασι
891 2893 1119 2963 δυνάμει
1142 2895 1484 2965 προδλητικῇ
1508 2895 1567 2947 τδ
1584 2893 1808 2962 Πνεῦμα

212 2981 274 3033 ea
335 2982 498 3049 ¹ἴιγιον
535 2985 563 3035 ὁ
618 2984 806 3055 Πατὴρ
862 2987 956 3039 καὶ
1010 2989 1038 3040 ὁ
1099 2987 1228 3050 Υἱὸς
1251 2987 1558 3057 προάγουσι
1610 2987 1702 3041 διά
1746 2987 1809 3039 τὸ

214 3073 316 3142 τὴν
360 3073 596 3142 δύναμιν
629 3074 832 3146 ταύτην
880 3080 947 3149 τῇ
995 3078 1152 3151 οὐσία
1187 3081 1416 3132 ἔπεσθαι
1455 3079 1550 3132 τού
1596 3079 1810 3146 Πατρδς

1904 1883 2093 1949 Neque
2124 1884 2271 1938 enim
2307 1885 2409 1953 ipsi
2437 1885 2708 1954 sapientia
2735 1885 2830 1939 ulli
2861 1886 3109 1940 omnium
3137 1888 3362 1949 cedunt,
3389 1904 3486 1942 nco

1904 1988 2013 2042 que
2045 1974 2328 2043 probabile
2368 1983 2455 2028 est
2503 1975 2677 2044 ipsos,
2724 1991 2849 2028 cum
2898 1976 3011 2030 sint
3043 1975 3346 2045 sapientes,
3383 1977 3483 2030 ista

1904 2065 2056 2134 pati;
2112 2067 2206 2120 sed
2257 2067 2445 2136 potius
2494 2065 2817 2132 verisimile,
2869 2082 2966 2122 eos
3011 2068 3104 2136 qui
3160 2066 3482 2121 Latinorum

1906 2156 2240 2225 sapientiam
2275 2173 2381 2210 non
2430 2173 2594 2227 supra
2639 2160 2861 2212 modum
2916 2159 3252 2229 intelligunt,
3302 2159 3484 2212 fraudi

1903 2248 2178 2318 ejusmodi
2209 2250 2594 2312 succumbere,
2630 2259 2690 2303 ut
2720 2251 3085 2313 arbitrentur,
3118 2266 3183 2305 ea
3223 2266 3290 2304 ex
3338 2251 3489 2304 Lati-

1905 2355 2102 2394 norum
2131 2341 2412 2394 sententia
2447 2343 2738 2412 consequi,
2789 2357 2910 2412 qua!
2939 2341 3108 2396 semel
3139 2358 3238 2410 pro
3269 2358 3487 2409 semper

1906 2431 2135 2485 omnino
2167 2431 2234 2485 ab
2266 2446 2329 2486 ea
2355 2442 2608 2500 separata
2637 2440 2789 2486 sunt.

1978 2521 2134 2587 Quod
2167 2537 2390 2576 veroex
2439 2521 2760 2575 Latinorum
2816 2522 3062 2576 doctrina
3121 2522 3270 2576 nullo
3323 2523 3486 2573 modo

1909 2613 2213 2667 absurdum
2249 2613 2382 2668 illud
2417 2613 2610 2668 inferri
2645 2613 2842 2683 possit,
2878 2615 3113 2687 simplex
3161 2629 3269 2667 non
3305 2614 3488 2667 minus

1909 2721 2072 2776 quam
2105 2722 2234 2761 vera
2277 2707 2419 2760 ratio
2471 2708 2792 2776 persuadet.
2824 2723 2990 2776 quatn
3037 2707 3129 2774 qui
3161 2705 3401 2776 rejiciat,
3433 2715 3489 2760 et

1910 2799 2084 2851 multa
2112 2813 2332 2868 quoque
2368 2798 2659 2868 theologia:
2705 2798 2976 2868 principia
3021 2797 3275 2852 eliminet
3322 2798 3486 2851 simul

1910 2901 2150 2961 oportet.
2179 2891 2347 2949 Unica
2381 2892 2556 2958 enim,
2601 2892 2779 2953 aiunt,
2815 2892 3022 2946 virtute
3059 2892 3321 2960 spirativa
3367 2891 3490 2959 Spi-

1911 2983 2079 3055 ritum
2113 2995 2364 3038 sanctum
2420 2985 2731 3054 producunt
2781 2984 2942 3038 Pater
2999 2995 3057 3039 et
3118 2985 3317 3049 Filius,
3353 2983 3485 3053 quia

1912 3073 2030 3128 hare
2071 3074 2244 3128 virtus
2271 3075 2525 3144 sequitur
2557 3073 2856 3128 essentiam
2898 3074 3073 3130 Patris
3113 3086 3168 3130 et
3200 3075 3342 3136 Filii,
3375 3091 3486 3128 non

215 3167 313 3218 καί
367 3165 467 3217 τοῦ
501 3165 653 3228 Υίοῦ,
677 3169 736 3220 ού
769 3172 888 3233 ταῖς
910 3172 1237 3241 ἀναφοραῖς,
1272 3167 1358 3236 αἷς
1387 3172 1794 3239 διακρίνονταιο

1913 3162 2225 3228 relationes,
2255 3167 2461 3235 quibus
2489 3165 2912 3230 discernuntur,
2942 3176 2994 3221 et
3027 3166 3176 3220 sicut
3205 3167 3287 3219 vis
3316 3182 3487 3234 gene-

215 3261 315 3312 ααὶ
353 3257 546 3324 ὥσπερ
583 3259 736 3328 ἡτοῦ
781 3262 976 3330 γεννᾷν
1031 3263 1125 3316 καὶ
1171 3261 1267 3315 τοῦ
1310 3264 1606 3332 γεννᾶσθαι
1651 3262 1812 3316 δύνα-

219 3351 313 3416 μΞς
353 3351 470 3401 ἐστι
507 3351 586 3420 (Ι)
615 3352 714 3419 μία
746 3355 804 3405 ὲν
835 3355 911 3422 τῷ
947 3355 1120 3424 Πατρὶ
1155 3356 1250 3408 καὶ
1280 3356 1357 3426 τῷ
1394 3355 1526 3426 Υίῷ,
1550 3354 1694 3409 οὕτω
1718 3357 1812 3408 καὶ

217 3441 254 3509 η
274 3441 377 3492 toi
405 3441 731 3508 προϐάλλειν
758 3444 855 3512 μία
878 3444 1026 3498 ἐστὶν
1048 3447 1105 3498 ἐν
1128 3447 1332 3510 αὐτοῖς·
1349 3448 1401 3500 εί
1417 3465 1502 3508 τις
1525 3447 1807 3516 γὰρδύνα-

220 3532 319 3600 μίς
356 3535 504 3584 ἐστιν
527 3534 584 3584 ὲν
606 3535 789 3598 αὐτοῖς
820 3537 966 3606 παρά
991 3538 1090 3608 τὴν
1117 3537 1212 3591 τοῦ
1241 3540 1436 3609 γεννᾷν
1486 3540 1580 3592 καὶ
1620 3541 1812 3606 γεννᾶ-

219 3623 376 3686 σθαι,
402 3624 536 3692 μίαν
562 3623 706 3680 εἶναι
737 3627 942 3697 ταύτην
967 3631 1207 3700 ἀνάγκη·
1237 3633 1270 3701 ἡ
1324 3633 1382 3685 δὲ
1429 3633 1525 3702 μία
1578 3633 1809 3701 δύναμις

218 3718 319 3769 καὶ
364 3715 495 3784 μίαν
525 3718 806 3788 ἐνέργειαν
837 3724 931 3774 καὶ
961 3723 1094 3792 μίαν
1129 3723 1358 3795 πρᾶοδον
1394 3725 1488 3778 καὶ
1530 3725 1662 3794 μίαν
1703 3727 1806 3795 ἀρ-

217 3809 324 3878 χὴν
378 3809 603 3880 τίθησιν
644 3812 704 3878 ἐξ
743 3813 1008 3884 ἀνάγκηςο
1045 3814 1168 3868 οὔτε
1205 3817 1389 3869 τοίνυν
1431 3818 1634 3871 ἄτοπον
1677 3819 1806 3886 μίαν

217 3898 370 3952 εἶναι
398 3899 635 3970 δύναμιν
669 3906 724 3955 ἐν
760 3904 936 3975 Πατρὶ
966 3907 1059 3958 καὶ
1103 3906 1219 3974 Υίῷ
1248 3908 1348 3976 τὴν
1408 3908 1804 3977 προδλητικὴν,

215 3991 350 4045 οὔτε
392 3994 592 4045 ἕπεται
653 3995 858 4062 ταύτης
891 3994 1058 4065 οὔσης
1093 3999 1224 4068 μιᾶς
1271 3999 1371 4066 τὴν
1405 4000 1583 4069 ἀρχὴν
1619 4000 1678 4053 ὲν
1729 3999 1808 4070 τῷ

219 4083 408 4152 lla.th
442 4085 538 4135 καὶ
570 4085 647 4155 τῷ
698 4085 815 4156 Υἱῷ
844 4086 940 4140 τοῦ
973 4087 1296 4158 Πνεύματος
1353 4093 1429 4160 μὴ
1461 4085 1598 4144 εἶναι
1653 4093 1806 4162 μὲαν,

219 4175 361 4228 ἄλλα
393 4174 614 4244 διπὶῆν.
649 4176 826 4241 Ὀλως
851 4178 908 4231 δὲ
932 4179 960 4231 ὁ
991 4179 1179 4250 Πατὴρ
1208 4181 1304 4234 καὶ
1336 4181 1364 4232 ό
1391 4182 1520 4246 Υίδς
1551 4183 1680 4236 ἄνευ
1707 4183 1810 4252 τῆς

223 4268 363 4335 πρὸς
387 4267 596 4334 ἄλληλα
618 4269 952 4340 άναφορικῆς
969 4271 1298 4335 ἀντιθέσεως
1323 4275 1421 4342 τῆς
1441 4275 1583 4328 κατὰ
1603 4274 1662 4327 τὸ
1689 4291 1812 4344 γειν-

224 4361 325 4428 νᾷν
363 4359 572 4429 δηλαδὴ
608 4361 700 4412 καὶ
738 4363 1033 4427 γεννᾶσθαι
1066 4366 1131 4418 τα
1180 4365 1318 4420 ἄλλα
1351 4364 1410 4417 ἓν
1446 4368 1551 4418 εἱσι
1610 4368 1704 4420 καὶ
1751 4367 1810 4420 ἓν

227 4453 352 4504 ὃῗνον
383 4455 481 4504 καί
515 4451 574 4504 ἒν
603 4454 842 4524 ἀριθμῷ.
862 4455 1078 4526 Ὠσπερ
1107 4459 1287 4510 τοίνυν
1320 4451 1398 4520 εἷς
1420 4457 1551 4520 Θεός
1583 4460 1688 4512 είσι
1713 4461 1808 4513 καὶ

231 4541 312 4605 εἷς
347 4545 684 4614 δημιουργὸς
715 4549 809 4599 καὶ
839 4543 921 4611 εἷς
953 4549 1210 4616 πέμπων.
1240 4549 1384 4604 οὕτω
1417 4553 1511 4604 καὶ
1541 4549 1640 4618 μία
1667 4551 1808 4621 ἀρχὴ

229 4636 326 4688 τού
359 4637 520 4703 ἁγίου
555 4638 870 4706 Πνεύματος
903 4640 934 4706 ἣ
967 4634 1046 4702 εἷς
1077 4641 1420 4708 προϐάλλων.
1467 4643 1529 4694 ΕΞ
1569 4641 1669 4712 μὲν
1702 4643 1811 4712 γὰρ

230 4730 292 4780 ο)
324 4729 550 4781 δύναται
581 4734 858 4782 κοινωνεῖν
889 4731 964 4801 τῷ
995 4732 1174 4801 ιιατρὶ
1213 4732 1312 4800 τῆς
1345 4732 1440 4786 τοῦ
1491 4734 1812 4804 Πνεύματος

233 4821 621 4888 ἐκπορεύσεως
651 4821 678 4872 ὁ
714 4821 837 4884 Υἱὸς
864 4822 930 4875 δι’
959 4823 1090 4877 ἄλλο
1121 4842 1195 4885 τι,
1226 4824 1380 4888 ἄλλος
1410 4827 1478 4880 ἂν
1507 4828 1593 4896 εἴη
1621 4827 1809 4895 λόγος·

236 4911 285 4960 εί
325 4911 380 4960 δὲ
434 4910 589 4962 ούδὲν
636 4913 1002 4980 προσίσταται
1051 4914 1274 4984 ἓτερον,
1318 4917 1447 4987 περί
1481 4934 1545 4985 γε
1583 4918 1672 4971 τοῦ
1713 4919 1814 4990 τὴν

240 5002 539 5071 μοναρχίαν
579 5002 907 5057 σαλεύεσθαι
937 5006 1054 5068 δέος
1083 5007 1260 5060 ούδὲν·
1287 5007 1477 5076 ὥσπερ
1504 5009 1552 5060 εξ
1583 5009 1656 5078 μὴ
1687 5010 1812 5076 ἠδύ-

237 5107 364 5140 ιατο
391 5093 420 5141 ὁ
458 5091 574 5153 Υἱὸς
598 5091 932 5161 δημιουρζδς
955 5091 1092 5144 εἶναι
1123 5096 1217 5147 καὶ
1242 5097 1302 5146 τὸ
1327 5095 1548 5164 Πνεῦμα
1569 5097 1627 5148 τὺ
1658 5095 1815 5165 ἅγιον

241 5181 429 5250 ιίστερ
452 5185 542 5235 καὶ
565 5186 590 5236 ὁ
614 5185 825 5255 Πατὴρ,
846 5185 1004 5249 ἄλλος
1029 5187 1094 5240 ἂν
1115 5181 1183 5257 ἦν
1207 5187 1384 5254 λόγος⁸
1409 5188 1514 5250 ἓως
1537 5188 1580 5241 δ’
1601 5190 1812 5260 ἀνάγκη

242 5274 336 5343 τὴν
365 5274 730 5346 δ,μιουργίαν
778 5278 966 5348 κοινὴν
1007 5275 1148 5331 εἶναι
1183 5283 1296 5342 τοῖς
1336 5281 1506 5348 τρισὶ,
1543 5283 1675 5351 περὶ
1715 5282 1814 5350 τῆς

249 5369 541 5437 μοναρχὶας
585 5371 706 5432 δέος
754 5371 932 5423 οὐδέν·
968 5372 1066 5442 μσᾷ
1095 5372 1206 5441 γὰρ
1256 5372 1489 5440 δυνάμει
1548 5373 1815 5443 δημιουρ-

247 5459 395 5524 γοίσι
422 5463 512 5512 καὶ
641 5462 762 5532 θεῴ
803 5463 1093 5530 πρόσεστιν
1135 5463 1349 5532 ἑκάστῳ
1389 5463 1594 5516 τούτων
1625 5464 1684 5516 τὸ
1719 5464 1814 5532 δῃ-

255 5556 544 5620 μιο’.›;ιγείν,
565 5553 706 5605 ὥστε
739 5555 862 5606 ἐπεὶ
890 5549 966 5617 εἷς
993 5556 1124 5618 Θεός
1155 5558 1265 5608 εἰσι
1297 5555 1394 5608 καὶ
1423 5556 1520 5610 ἕνα
1551 5557 1817 5628 δημιουρ-

254 5642 338 5708 γὸν
363 5644 580 5708 τούτους
601 5642 743 5697 εἶναι
771 5647 1006 5715 ἀνάγκη.
1033 5648 1092 5700 Ei
1115 5647 1170 5698 δὲ
1191 5645 1511 5717 θαύμα,τᾶς
1538 5647 1631 5702 δύο
1681 5649 1814 5702 ὑπο-

315 5825 563 5898 (1)3lon.
608 5830 646 5883 f.
697 5828 785 5884 liii
829 5847 880 5898 ει,
916 5831 1013 5884 οὐκ
1053 5830 1184 5883 ἔστι.

1913 3255 2144 3310 rationis
2183 3259 2375 3311 activa:
2425 3267 2480 3312 et
2514 3259 2747 3328 passiva:
2794 3260 2846 3314 in
2889 3259 3050 3314 Patre
3105 3270 3158 3314 et
3209 3260 3348 3314 Filio
3404 3269 3490 3312 est

1910 3347 2140 3411 una,ita
2172 3349 2492 3417 spiratiunis
2527 3350 2608 3404 vis
2656 3350 2708 3403 in
2746 3351 2880 3420 ipsis
2933 3367 3036 3404 una
3067 3360 3172 3405 est.
3231 3349 3286 3403 Si
3336 3350 3490 3404 enim

1909 3453 2030 3507 qua:
2059 3439 2233 3493 virtus
2263 3439 2317 3493 in
2376 3441 2509 3508 ipsis
2541 3452 2624 3495 est
2684 3452 2883 3512 praeter
2938 3445 3049 3496 vim
3111 3441 3490 3510 generationis

1908 3529 2102 3584 activae
2150 3541 2206 3585 et
2255 3533 2509 3601 passivae,
2552 3549 2672 3588 eaut
2711 3551 2873 3588 unam
2921 3550 3040 3588 esse
3097 3547 3322 3587 necesse
3367 3543 3488 3592 est;

1910 3624 2068 3677 unica
2105 3639 2236 3678 vero
2273 3626 2448 3678 virtus
2491 3633 2545 3680 et
2595 3642 2760 3680 unatn
2803 3627 3183 3698 Operationem
3231 3636 3281 3680 et
3319 3641 3482 3677 unam

1909 3715 2316 3783 processionem
2347 3724 2402 3779 et
2440 3732 2609 3770 unum
2651 3717 2988 3787 principium
3041 3715 3357 3771 necessario
3398 3715 3485 3766 in-

1910 3805 2092 3860 ducit:
2130 3821 2307 3875 neque
2366 3807 2535 3876 igitur
2568 3808 2870 3863 absurdqu
2918 3819 3024 3874 est,
3054 3823 3217 3862 unam
3255 3821 3376 3860 esse
3431 3809 3490 3857 in

1911 3895 2074 3949 Patre
2103 3907 2158 3950 et
2187 3895 2327 3950 Filio
2368 3896 2633 3952 virtutem
2669 3898 3042 3967 spiratricem,
3094 3915 3272 3966 neque
3303 3897 3490 3965 st-qui-

1912 3999 2022 4054 tur,
2051 4004 2176 4042 ctnn
2209 3990 2325 4044 haec
2363 4007 2472 4045 una
2500 3990 2596 4054 sit,
2634 3990 2686 4043 in
2727 3991 2886 4044 Patre
2915 3999 2971 4043 et
3005 3990 3142 4044 Filio
3171 4006 3279 4043 non
3320 4005 3488 4043 unum

1908 4095 2030 4135 esse
2066 4079 2310 4152 Spiritus
2339 4083 2701 4153 principiutn,
2734 4083 2828 4136 sed
2863 4083 3089 4153 duplex.
3120 4081 3360 4136 Omnino
3391 4098 3487 4134 au-

1912 4181 2019 4227 tem
2049 4172 2212 4226 Pater
2245 4182 2299 4226 et
2330 4171 2502 4227 Filius
2537 4171 2954 4243 praescindentlo
2987 4189 3016 4227 a
3055 4173 3286 4227 relativa
3318 4188 3489 4241 υμνοι

1909 4263 2133 4338 sitipne,
2174 4279 2336 4333 quam
2369 4267 2436 4319 ad
2467 4265 2706 4320 invii-em
2741 4265 2967 4332 habent,
3002 4275 3166 4336 prout
3200 4265 3289 4318 ille
3325 4281 3492 4333 gene-

1913 4365 2016 4421 rat,
2052 4357 2141 4410 hic
2169 4367 2490 4427 generatur,
2537 4359 2716 4428 quoad
2767 4369 2965 4413 cmtera
3023 4373 3193 4418 unum
3253 4368 3383 4410 sunt
3437 4367 3488 4409 et

1916 4465 2084 4503 unum
2120 4457 2295 4504 totum
2335 4461 2391 4504 ct
2425 4466 2594 4504 unutn
2643 4465 2897 4503 numero.
2933 4449 3089 4503 Sicut
3132 4449 3299 4519 igitur
3349 4465 3493 4501 unus

1917 4551 2044 4596 sunt
2073 4542 2220 4597 Deus
2256 4553 2312 4598 et
2344 4559 2485 4598 unus
2509 4544 2765 4597 conditor
2792 4552 2848 4596 et
2882 4559 3026 4596 unus
3065 4543 3308 4605 mittens,
3339 4543 3492 4595 itaet

1920 4649 2090 4688 unum
2117 4634 2445 4704 principium
2469 4636 2644 4688 sancti
2673 4634 2915 4704 Spiritus
2942 4635 3024 4688 vel
3062 4650 3204 4688 unus
3229 4635 3488 4703 spirator.

1920 4725 1975 4780 Si
2006 4727 2153 4781 enim
2181 4725 2328 4781 Patri
2375 4727 2430 4781 in
2469 4727 2710 4796 Spiritus
2761 4709 2936 4781 saucii
2986 4729 3350 4796 productione
3385 4743 3489 4779 non

1921 4830 2099 4888 potest
2125 4820 2534 4874 communicare
2560 4819 2732 4874 Filius
2755 4831 2983 4890 prepter
3007 4820 3154 4874 aliud
3187 4820 3490 4890 quidpiam,

1920 4912 2028 4965 alia
2061 4917 2204 4967 ratio
2234 4916 2414 4978 foret;
2443 4914 2488 4968 si
2519 4928 2652 4968 vero
2679 4913 2816 4967 nihil
2841 4914 2988 4967 aliud
3018 4914 3221 4975 obstat,
3247 4913 3395 4982 quod
3425 4913 3491 4964 ad

1922 5003 2256 5058 ntouarcltia:
2311 5003 2748 5058 destructionem
2811 5003 3044 5066 attinet,
3103 5003 3244 5056 nihil
3291 5003 3496 5056 titneno

1922 5097 2088 5160 dum;
2119 5097 2255 5148 sicut
2287 5095 2332 5149 si
2371 5095 2542 5150 Filius
2577 5112 2683 5149 non
2719 5107 2904 5166 posset
2958 5104 3179 5151 creator
3221 5110 3343 5149 esse
3393 5111 3495 5147 ne—

1923 5203 2028 5256 que
2076 5187 2318 5256 Spiritus
2371 5197 2621 5253 sanctus,
2659 5188 3122 5258 quetnadnttnium
3179 5198 3262 5242 est
3312 5187 3493 5253 Pater,

1923 5283 2028 5335 alia
2069 5281 2228 5349 plane
2262 5279 2401 5334 foret
2453 5281 2634 5343 ratio;
2681 5281 2926 5349 quandiu
2967 5296 3096 5332 vero
3150 5295 3378 5334 necesse
3411 5293 3499 5334 est

1923 5375 2258 5429 creationem
2294 5388 2643 5426 communem
2683 5387 2805 5426 esse
2853 5372 2960 5426 illis
3011 5373 3188 5427 tribus
3216 5411 3231 5431 ,
3268 5377 3332 5424 de
3377 5388 3496 5424 nto~

1926 5466 2155 5520 nat‘chia
2205 5467 2509 5520 timendum
2551 5466 2708 5519 nihil.
2742 5465 2856 5521 Una
2889 5466 3035 5518 enim
3075 5468 3275 5518 virtute
3310 5475 3498 5518 creant
3539 5521 3546 5525 ,

1924 5564 2074 5615 ειίιι
2111 5563 2223 5614 Deo
2275 5561 2578 5631 unicuique
2634 5561 2831 5614 lltll'tllll
2902 5561 3043 5614 incs:
3107 5561 3187 5614 tis
3249 5561 3498 5621 creanli,

1928 5653 2070 5708 unde
2099 5654 2358 5723 quoniam
2392 5668 2534 5708 unus
2572 5652 2714 5707 Deus
2748 5663 2874 5707 sunt
2903 5663 2956 5708 ct
2990 5669 3155 5706 litt'J'Ll
3195 5663 3503 5707 creatorem
