3900 6216
389 307 456 369 Π
1432 326 1439 333 ’
1604 324 1929 384 ϐΕΟΙὶϐΗ
1974 326 2382 390 SCHOLARII
3544 337 3615 405 48

390 425 492 480 los
520 438 642 481 esse
675 443 901 487 necesse
932 442 1032 488 est.
1079 435 1132 489 Si
1188 453 1317 493 vero
1374 439 1601 506 mirum,
1637 444 1771 498 duas
1827 442 1937 496 ιιιιις

2060 442 2277 507 στάσεις
2298 410 2428 512 μίαν
2448 441 2590 500 εἶναι
2615 444 2791 517 ἀρχὴν
2811 446 2903 500 καὶ
2932 445 3007 519 μὴ
3031 448 3465 520 συναλείφεσθαι,
3494 456 3612 519 μεῖ-
3638 498 3642 505 .

389 518 713 589 hypostases
757 539 926 580 unum
959 541 1077 582 esse
1127 529 1453 601 principium
1501 542 1558 590 et
1601 544 1783 589 tamen
1840 551 1949 590 non

388 609 696 676 confundi,
749 615 922 685 magis
970 616 1169 671 mirum
1224 630 1410 688 esset,
1459 631 1570 679 tres
1631 624 1952 696 hypostascs

397 713 568 753 unum
604 703 938 774 principium
964 723 1082 761 esse
1119 725 1295 780 neque
1324 724 1500 768 tamen
1529 715 1796 771 confundi
1830 733 1953 787 eas-

385 795 526 847 item.
568 791 670 847 Sed
715 795 821 850 hoc
874 788 1143 853 mirantur
1184 803 1404 871 quidem
1458 819 1650 862 omnes
1681 817 1951 879 quotquot

382 894 439 936 et
476 885 608 939 iilud
637 880 914 959 credunt,
949 892 1124 947 nihilo
1172 904 1351 949 tamen
1404 897 1584 952 minus
1610 901 1864 969 credunt,
1895 913 1951 958 et

383 970 589 1030 idcirco
635 977 911 1044 credunt,
975 983 1104 1052 quia
1161 987 1452 1042 mirantur.
1512 987 1741 1060 Oportet
1796 993 1946 1048 enim

383 1068 567 1122 divina
621 1076 1064 1142 supernaturalia
1122 1092 1243 1134 esse
1291 1090 1344 1134 et
1377 1095 1544 1151 super
1584 1072 1820 1138 mentem
1852 1100 1948 1141 no-

384 1166 554 1214 stram
587 1161 800 1219 elevata
849 1156 1024 1236 eaque
1061 1171 1372 1238 superiora.
1414 1172 1506 1228 Sic
1535 1181 1590 1227 et
1629 1189 1718 1235 res
1754 1191 1814 1230 se
1854 1175 1951 1230 ha—

380 1251 473 1305 bet
508 1253 563 1308 in
596 1260 875 1325 proposita
909 1261 1159 1317 materia.
1193 1262 1390 1318 Mirum
1420 1266 1568 1320 enim
1597 1275 1682 1322 est
1714 1278 1769 1324 et
1798 1282 1947 1322 sum-

383 1359 527 1398 mam
559 1344 982 1405 admirationem
1015 1354 1239 1419 excitat,
1270 1357 1416 1425 quod
1453 1348 1576 1413 dum
1620 1359 1946 1431 hypostases

380 1436 627 1500 perfecte
672 1440 788 1496 suis
826 1441 1100 1499 distincta:
1138 1449 1570 1516 proprietatibus
1601 1468 1770 1505 unum
1811 1460 1944 1507 sunt

378 1528 561 1585 tertiae
590 1546 843 1600 personae
872 1526 1207 1609 principium
1237 1551 1293 1593 et
1341 1556 1510 1597 unum
1556 1559 1809 1607 numero,
1844 1559 1946 1599 nec

375 1629 556 1676 tamen
586 1623 651 1677 ad
696 1623 934 1682 invicem
978 1628 1392 1686 confunduntur
1423 1647 1523 1687 nec
1553 1643 1762 1688 natura:
1808 1651 1943 1705 qua-

377 1713 497 1765 dam
536 1712 853 1772 differentia
888 1733 917 1773 a
952 1735 1187 1786 persona
1216 1763 1230 1785 ,
1281 1739 1402 1793 quae
1448 1741 1513 1791 ex
1563 1728 1695 1798 ipsis
1740 1710 1940 1799 prodit,

376 1801 814 1872 distinguuntur.
841 1807 1013 1864 Debet
1049 1821 1229 1866 tamen
1262 1824 1317 1867 et
1350 1816 1453 1869 hoc
1506 1806 1631 1875 cum
1661 1814 1940 1874 aliis‘ﬁdei

375 1895 664 1966 principiis
696 1896 1034 1954 concertlare
1072 1911 1126 1955 et
1156 1903 1445 1959 veritatem
1479 1904 1642 1961 simul
1687 1921 1809 1963 cum
1841 1896 1941 1964 ad-

377 1986 668 2042 miratione
699 1997 755 2041 et
783 1989 912 2044 huic
941 2007 1063 2046 cum
1118 1992 1223 2046 illis
1259 1994 1489 2062 adesse;
1541 2012 1719 2067 neque
1756 2014 1934 2069 repre-

375 2076 648 2133 hendendi
681 2090 812 2135 sunt
843 2078 1045 2153 Latini,
1092 2084 1137 2138 si
1180 2076 1469 2141 doctornm
1507 2089 1671 2143 verba
1701 2107 1939 2162 sequen-

378 2180 463 2228 tes
503 2173 768 2245 Spiritum
821 2192 887 2230 ex
940 2177 1080 2232 Filio
1115 2194 1239 2233 esse
1267 2181 1322 2234 el
1355 2196 1525 2236 unum
1561 2182 1683 2254 ejus
1732 2184 1941 2255 princi-

376 2259 525 2333 pium
557 2266 776 2322 Patrem
809 2278 865 2323 et
916 2269 1114 2325 Filium
1144 2274 1412 2328 exsistere
1445 2277 1702 2346 credunt,
1740 2276 1942 2349 deinde

373 2357 892 2415 ratiocinationibus
919 2362 1246 2431 quibusdam
1274 2365 1478 2421 mentis
1499 2366 1937 2424 imbecillitatem

372 2452 778 2519 quodammodo
807 2455 1026 2525 erigunt
1054 2471 1118 2510 ac
1146 2458 1420 2523 solantur,
1451 2448 1713 2530 tat‘tquam
1749 2461 1802 2517 in
1839 2462 1940 2522 de.-

373 2544 519 2597 fectn
573 2557 842 2601 accuratae
878 2547 1204 2613 solutionis,
1238 2566 1401 2619 quam
1456 2552 1509 2606 in
1542 2553 1646 2608 hac
1708 2555 1941 2610 materia

373 2636 618 2690 nancisci
655 2651 763 2689 non
807 2645 894 2690 est
933 2637 1146 2702 datum,
1203 2640 1418 2696 ratione
1449 2652 1753 2710 apparente
1785 2654 1944 2698 uten-

282 2769 291 2775 .
374 2738 460 2781 tes
490 2739 545 2779 ct
591 2726 644 2780 in
677 2726 764 2782 his
809 2729 1031 2786 eosdem
1077 2729 1227 2801 ipsos
1264 2734 1431 2790 duces
1473 2741 1527 2803 et
1555 2736 1941 2806 antesignanos

374 2826 746 2883 assumentes,
775 2837 803 2875 a
831 2822 1036 2891 quibus
1063 2832 1119 2878 et
1153 2824 1297 2879 hanc
1346 2828 1675 2883 sententiam
1710 2843 1940 2899 accepe-

371 2919 537 2977 runt;
564 2911 669 2966 hoc
704 2913 852 2967 enim
885 2916 1026 2984 apud
1063 2932 1250 2986 aequos
1282 2916 1501 2991 iudices
1533 2920 1739 2974 nullam
1786 2938 1940 2992 pror-

2057 531 2149 594 ζον
2171 532 2236 587 ἂν
2264 534 2351 606 εἴη
2378 534 2691 605 θαῦμα,”ὄτι
2714 536 2772 591 αί
2798 538 2949 609 τρεῖς
2978 538 3308 604 ὑποστάσεις
3355 542 3452 607 μία
3478 548 3617 600 είσὶν

2055 621 2199 693 ἁρχὴ
2223 610 2315 675 καδι
2343 624 2401 677 ού
2429 624 2861 703 συναλείφονται.
2902 626 3063 682 ’Δλλὰ
3090 630 3246 683 τοῦτο
3277 630 3620 699 θαυμάζουσι

2059 713 2160 782 μὲν
2182 714 2402 776 πάντες,
2427 714 2542 767 ὅσοι
2567 714 2741 785 δήπου
2775 717 2870 771 καὶ
2897 719 3269 782 πιστεύουσιν,
3303 722 3426 778 οὐδὲ
3458 719 3621 796 ἦττον

2057 803 2238 871 μέντοι
2267 804 2607 869 πιστεύουσι,
2641 807 2732 859 καὶ
2794 806 2884 860 διὰ
2926 807 3086 862 τοῦτο
3133 809 3487 865 πιστεύουσιν
3536 815 3619 869 ὅτι

2054 891 2416 961 θαυμάζουσι.
2464 882 2562 957 Δεῖ
2609 898 2716 968 γὰρ
2768 897 2836 955 τὰ.
2870 897 2989 952 θεῖα
3037 899 3135 952 καὶ
3171 896 3430 970 ὑπερφυᾶ
3480 897 3619 958 εἶναι

2052 983 2146 1036 καὶ
2181 982 2273 1036 νοῦ
2305 986 2540 1054 κρείττω
2569 988 2661 1049 καὶ
2696 985 3026 1063 ὑψηλότερα.
3059 989 3216 1045 Οὕτω
3244 990 3292 1045 δ’
3322 992 3438 1062 ἔχει
3483 995 3621 1050 κάπὶ

2049 1074 2145 1127 τοῦ
2180 1062 2570 1146 προκειμένου.
2596 1068 2924 1149 Θαυμαστὸν
2952 1081 3057 1150 ’μὲν
3086 1080 3195 1152 γὰρ
3219 1082 3312 1135 καὶ
3340 1085 3619 1155 θαύματος

2053 1165 2237 1233 πλέον,
2269 1166 2363 1220 δύο
2403 1169 2733 1233 ὑποστάσεις
2778 1169 2998 1234 τελείως
3026 1170 3459 1244 διακεκριμένας
3498 1176 3618 1238 ταῖς

2053 1258 2281 1329 ἰδιότησι
2309 1259 2442 1329 μίαν
2484 1260 2659 1330 ἀρχὴν
2695 1255 2836 1314 εῖναι
2889 1262 2988 1331 τῆς
3037 1262 3233 1333 λοιπῆς
3264 1263 3616 1329 ὑποστάσεως

2048 1348 2143 1399 καὶ
2173 1346 2394 1416 ἀριθμῷ
2424 1347 2573 1415 μίαν,
2606 1350 2699 1403 καὶ
2732 1347 2810 1419 μὴ
2842 1349 3193 1419 συνειλῆφθαι
3229 1350 3369 1421 πρὸς
3396 1350 3618 1414 ἑαυτὰς.

2046 1436 2080 1508 ἢ
2122 1439 2196 1508 μὴ
2240 1435 2454 1506 φύσεώς
2489 1455 2597 1493 τινι
2627 1438 2863 1512 διαφορᾷ
2890 1442 3028 1510 πρδς
3060 1441 3159 1510 τὴν
3203 1441 3265 1506 ἐξ
3289 1441 3467 1494 αὐτῶν
3490 1460 3609 1513 προ»

2049 1531 2236 1584 ιοῦσαν
2293 1533 2590 1586 ὑπόστασιν
2619 1524 2991 1603 διακρίνεσθαι
3022 1550 3037 1564 ο
3093 1535 3178 1587 δεῖ
3222 1533 3408 1604 μέντοι
3460 1532 3613 1587 τοῦτ(-

2045 1630 2166 1690 sai;
2192 1628 2378 1700 ἄλλαις
2424 1628 2615 1700 ἀρχαῖς
2642 1629 2741 1698 τῆς
2771 1629 3010 1692 πίστεως
3051 1629 3367 1699 συμφωνεῖν
3398 1628 3489 1681 καὶ
3513 1626 3612 1699 τὴν

2047 1720 2308 1788 ἀλήθειαν
2344 1720 2463 1790 ἅμα
2491 1721 2570 1790 τῷ
2606 1706 2896 1798 παραδόξῳ
2935 1704 3068 1798 ’μετ’
3096 1722 3321 1776 ἐκείνων
3352 1716 3491 1774 εἶναι
3520 1721 3609 1774 καὶ

2046 1811 2243 1882 ταύτῃο
2276 1810 2396 1865 οὐδὲ
2434 1811 2514 1864 δεῖ
2538 1798 2731 1881 ψέγειν
2757 1796 3045 1878 Ᾱατίνους,
3094 1813 3144 1865 εί
3192 1815 3304 1874 τοῖς
3333 1812 3441 1865 τῶν
3469 1813 3601 1867 8:61-

2051 1905 2266 1958 σκάλων
2286 1904 2345 1956 λό
2356 1920 2467 1972 γοις
2495 1890 2756 1974 ἑπόμενοι
2780 1906 2844 1957 τὸ
2869 1902 3095 1979 Πνεῦμα
3120 1905 3185 1960 ἐκ
3204 1905 3298 1959 τοῦ
3323 1903 3456 1958 Υίοῦ
3476 1902 3615 1957 εἶναι

2047 1995 2142 2051 καὶ
2171 1994 2298 2064 μίαν
2322 1995 2497 2066 ἀρχὴν
2519 1994 2683 2048 αὐτοῦ
2708 1980 2803 2071 τὸν
2826 1980 3046 2071 Πατέρα
3075 1995 3171 2051 καὶ
3198 1993 3292 2050 τὸν
3321 1994 3449 2050 Υί³ιν
3474 1992 3615 2050 εἶναι

2048 2072 2416 2148 πιστεύουσιν,
2453 2073 2595 2139 εἷτα
2618 2070 2899 2156 λογισμοῖς
2947 2090 3059 2139 τισι
3089 2085 3191 2158 τὴν
3228 2087 3466 2158 ἀπορίαν
3509 2103 3611 2140 πα-

2050 2176 2417 2250 ραμυθοῦνται
2450 2177 2545 2232 τοῦ
2574 2179 2690 2243 νοῦ,
2718 2177 2971 2248 καθάπερ
2999 2176 3060 2229 ἐν
3091 2176 3300 2249 ἀπορίᾳ
3326 2176 3426 2243 τῆς
3458 2178 3612 2247 ἀκρι-

2046 2271 2221 2340 ϐείας,
2255 2268 2322 2343 ἧς
2354 2271 2454 2325 οὐκ
2490 2271 2701 2338 ἔξεστιν
2747 2266 2975 2324 ἐνταῦθα
3027 2271 3231 2340 τυχεῖν,
3280 2269 3359 2337 τῷ
3389 2270 3605 2337 φανέντι

2045 2365 2189 2434 λόγῳ
2219 2363 2574 2434 χρησάμενοι,
2608 2363 2702 2417 καὶ
2734 2362 2909 2417 ταῦτα
2937 2362 3048 2417 τῶν
3076 2361 3359 2432 λογισμῶν
3403 2361 3604 2432 ἡγεμό-

2045 2472 2141 2517 νας
2168 2455 2363 2518 αύτοίις
2394 2453 2640 2517 τούτους,
2677 2454 2810 2526 παρ’
2842 2448 2918 2508 ὧν
2946 2453 3045 2508 καὶ
3077 2453 3179 2524 τὴν
3206 2453 3369 2519 δόξαν
3398 2453 3606 2523 ταύτην

2046 2549 2225 2619 ἔσχον,
2248 2546 2641 2616 λαμϐάνοντες’
2664 2546 2824 2601 τοῦτο
2848 2547 2956 2616 γάρ
2981 2547 3239 2616 οὐδεμίαν
3270 2543 3337 2598 ἃν
3365 2545 3495 2617 παρ’
3514 2547 3605 2599 εύ-

2047 2641 2291 2710 γνώμοσι
2321 2639 2598 2702 δικασταῖς
2631 2638 2841 2709 μέμψιν
2866 2640 3097 2710 δέχοιτοο
3130 2639 3247 2693 ἀλλ’
3291 2640 3341 2693 εἰ
3365 2640 3606 2709 φιλονει-

2046 2732 2170 2796 κίας
2199 2730 2388 2794 εἵνεκα
2411 2730 2510 2797 τῆς
2531 2730 2669 2802 πρὸς
2698 2732 2867 2802 ἡμᾶς,
2888 2731 3049 2799 δόξαν
3078 2731 3374 2804 κρατύνειν
3396 2729 3607 2785 ἐθέλον-

2044 2842 2136 2888 τες
2163 2823 2323 2893 ξένην
2378 2822 2550 2892 πάντη
2594 2823 2691 2876 καὶ
2734 2822 2863 2894 παρ’
2910 2824 3090 2877 αὐτῶν
3120 2822 3351 2894 πρώτων
3378 2821 3475 2876 καὶ
3507 2820 3602 2888 μό-

2046 2933 2156 2970 νων
2176 2911 2569 2984 ὲξευρημένην,
2591 2912 2670 2975 είς
2693 2910 2913 2975 τούτους
2938 2910 3003 2980 δὴ
3022 2910 3148 2975 τοὺς
3174 2908 3468 2979 λογισμοὺς
3493 2904 3600 2960 ὑπὸ

371 3015 468 3054 sus
507 3000 997 3072 reprehensionem
1027 3005 1306 3073 incurret;
1349 3008 1455 3079 sed
1484 3009 1527 3063 si
1561 3011 1932 3081 contentionis

2043 3007 2234 3076 σοφίας
2260 3003 2603 3074 ἀνθρωπίνης
2627 3002 3004 3074 προήχθησαν,
3041 3004 3102 3056 τὸ
3127 3001 3322 3074 ψεῦδος
3352 3000 3453 3070 τῆς
3478 3000 3604 3055 δια-
3700 3032 3707 3037 -

369 3093 543 3160 gratia
581 3103 771 3149 contra
808 3111 908 3151 nos
958 3111 1112 3151 suam
1168 3098 1501 3152 sententiam
1550 3097 1933 3155 confirmaturi

369 3187 722 3256 pcregrinam
780 3204 1008 3259 prorsus
1053 3200 1220 3261 atque
1277 3190 1346 3245 ab
1406 3190 1542 3262 ipsis
1575 3200 1629 3246 et
1656 3192 1850 3262 primis
1881 3204 1936 3248 ct

368 3283 504 3334 solus
529 3280 880 3337 adinventam
917 3281 974 3336 in
997 3282 1095 3337 has
1123 3284 1575 3339 ratiocinationes
1604 3284 1672 3338 ab
1695 3285 1933 3340 humana

371 3371 643 3441 sapientia
697 3373 909 3444 abrepti
965 3372 1198 3430 fuissent
1250 3382 1309 3449 et
1365 3376 1710 3431 mendacium
1751 3378 1936 3433 cordis

368 3472 532 3532 atque
563 3464 809 3519 fraudem
842 3467 1110 3535 speciosis
1157 3452 1468 3524 rationibus
1502 3469 1764 3535 obvelare
1793 3470 1936 3526 nite-

370 3563 586 3620 rentur,
614 3556 719 3613 hoc
765 3573 900 3612 sane
933 3559 1297 3614 vehementer
1327 3560 1382 3614 in
1434 3559 1515 3614 eis
1564 3559 1932 3629 accusandum

370 3646 537 3714 foret,
573 3664 754 3719 neque
798 3649 932 3720 ipsis
991 3651 1116 3705 talia
1147 3652 1542 3707 innovantibus
1597 3651 1757 3708 venia
1823 3654 1935 3728 ullo

368 3734 535 3790 modo
563 3738 937 3793 concedenda.
968 3740 1038 3794 At
1072 3741 1306 3808 multum
1355 3740 1528 3807 deest,
1575 3751 1637 3798 ut
1680 3738 1804 3814 quis
1836 3734 1936 3813 is-

369 3828 500 3883 tinis
524 3842 652 3885 vere
689 3830 795 3886 tale
825 3832 1033 3887 crimen
1065 3833 1309 3904 obiicere
1341 3844 1529 3905 queat.
1562 3834 1755 3906 Neque
1785 3835 1931 3889 enim

366 3921 460 3974 uni
502 3920 741 3988 doctori,
775 3916 963 3994 neque
984 3926 1254 3996 cujusque
1308 3926 1471 3983 dictis
1524 3929 1718 3999 paucis
1768 3939 1934 3997 atque

364 4013 643 4081 obscuris,
683 4000 871 4071 verum
918 4017 1178 4072 omnibus
1228 4017 1391 4097 simul
1438 4018 1554 4073 suis
1610 4017 1935 4077 doctoribus

365 4119 424 4164 et
460 4120 778 4165 nostrorum
837 4111 1141 4177 nonnullis,
1180 4110 1355 4182 iisque
1390 4111 1644 4182 pluribus
1689 4112 1742 4165 in
1795 4111 1934 4165 locis

361 4212 418 4256 et
451 4202 603 4257 velut
630 4218 696 4257 ex
736 4202 991 4273 professo
1014 4204 1082 4258 de
1110 4203 1214 4257 hac
1245 4220 1302 4256 re
1332 4202 1741 4258 disserentibus
1770 4201 1930 4257 fidem

361 4293 650 4359 habentes,
676 4295 756 4349 sic
776 4295 842 4349 ad
867 4294 1290 4359 defendendam,
1316 4296 1496 4367 quoad
1523 4296 1646 4365 ejus
1670 4295 1787 4349 fieri
1808 4309 1932 4364 pos-

2036 3099 2182 3161 νοίας
2218 3097 2310 3152 καὶ
2339 3096 2438 3167 τὴν
2470 3095 2687 3163 ἀπάτην
2727 3095 2911 3162 λόγοις
2971 3093 3270 3163 εὐπρεπέσι
3319 3088 3597 3159 συγκαλύ-

2038 3205 2196 3243 πτειν
2224 3186 2584 3258 πειρώμενοι,
2604 3183 2749 3239 τοῦτ’
2770 3185 2836 3239 ἂν
2866 3184 2973 3237 ἔδει
2995 3184 3205 3238 τούτων
3235 3183 3437 3253 σφόδρα
3462 3197 3598 3237 κατ-

2037 3278 2260 3350 ηγορεῖν
2286 3276 2419 3346 μηδὲ
2440 3274 2724 3345 βούλεσθαι
2751 3274 3056 3343 συγχωρεῖν
3082 3273 3265 3335 αὐτοῖς
3287 3273 3354 3325 τὰ
3371 3270 3600 3326 τοιαῦτα

2036 3367 2440 3437 καινοτομοῦσιν
2473 3365 2670 3420 πολλοῦ
2718 3366 2775 3420 δὲ
2817 3366 2898 3417 δεῖ
2945 3380 3032 3426 τις
3086 3363 3302 3433 άληθῶς
3349 3362 3603 3423 Λατίνοις

2034 3460 2293 3529 τοιαύτην
2331 3457 2542 3528 μέμψιν
2588 3459 2839 3525 ἐπάγειν.
2871 3455 3006 3510 Οὐδὲ
3034 3455 3144 3525 γὰρ
3185 3457 3264 3508 ἐνὶ
3294 3453 3603 3523 διδασκάλῳ

2034 3551 2145 3604 οὐδ’
2186 3551 2417 3605 ἑκάστου
2469 3551 2691 3618 ῥήσεσιν
2733 3549 2944 3616 ὀλίγαις
2984 3549 3076 3601 καὶ
3120 3546 3413 3616 ἀσαφέσιν,
3462 3545 3602 3598 ἀλλὰ

2036 3643 2204 3695 πᾶσιν
2238 3640 2372 3710 ὁμοῦ
2398 3643 2512 3705 τοῖς
2550 3640 2697 3703 ἰδίοις
2745 3642 2840 3692 καὶ
2873 3639 2985 3693 τῶν
3010 3638 3300 3709 ἡμετέρων
3327 3639 3438 3690 τισὶ
3473 3636 3601 3689 πολ·-

2033 3734 2198 3805 λαχοῦ
2229 3734 2320 3787 καὶ
2349 3731 2538 3804 ὥσπερ
2559 3732 2811 3802 ἐπίτηδες
2845 3730 2976 3802 περὶ
3004 3730 3198 3784 τούτου
3230 3726 3487 3794 διεξιοῦσι
3513 3745 3603 3780 πι-

2036 3826 2360 3888 στεύσαντες
2395 3825 2566 3887 οὕτως
2610 3824 2702 3878 ἐπὶ
2733 3824 2834 3895 τὴν
2867 3823 3098 3893 δυνατὴν
3132 3823 3224 3875 τοῦ
3262 3824 3372 3886 τοῖς
3420 3821 3600 3889 ἁγίοις

2034 3919 2317 3983 δοκοῦντος
2345 3914 2507 3990 ἦλθον
2540 3918 2865 3988 συνηγορίαν
2895 3917 2987 3971 καὶ
3021 3914 3224 3987 ταύτην
3252 3916 3351 3968 ούκ
3384 3914 3601 3968 ἀποδει-

2035 4010 2224 4065 κνύναι
2255 4011 2316 4063 τὸ
2356 4010 2577 4080 ζήτημα
2599 4050 2615 4073 ,
2648 4009 2782 4063 ἀλλὰ
2816 4009 2916 4080 τὴν
2949 4008 3182 4076 ἀπορίαν
3219 4009 3371 4076 σφῖσι
3405 4023 3464 4060 τε
3504 4007 3600 4060 αύ-

2035 4103 2149 4161 τοῖς
2183 4102 2275 4154 καὶ
2307 4091 2430 4163 τοῖς
2455 4099 2964 4169 σκανδαλιζομένοις
2998 4100 3108 4150 τῶν
3140 4098 3385 4166 ἀδελφῶν
3422 4114 3601 4168 παρα-

2038 4192 2321 4263 μυθεῖσθαι
2351 4193 2443 4244 καὶ
2471 4191 2622 4244 λύειν
2652 4190 2917 4261 ἁμηγέπη
2954 4190 3311 4259 πειρώμενοι,
3342 4189 3600 4258 καθάπερ

2036 4285 2126 4336 ἐπὶ
2160 4284 2269 4336 τῶν
2297 4281 2474 4337 ἄλλων
2504 4281 2835 4353 ζητημάτων
2862 4281 2961 4350 τῆς
2992 4281 3226 4346 πίστεως
3245 4319 3260 4343 ,
3293 4279 3499 4331 εῖποιεν
3530 4278 3601 4330 ἂν

364 4396 465 4452 set,
509 4396 825 4442 sanctorum
882 4389 1202 4459 opinionem
1245 4400 1655 4460 pervenerunt,
1711 4397 1767 4442 et
1818 4384 1927 4441 non

2043 4376 2128 4430 καὶ
2158 4374 2297 4427 πάνυ
2329 4373 2670 4438 σπουδάζειν,
2700 4373 2857 4436 εἴτις
2884 4373 3064 4426 αὐτῶν
3090 4372 3364 4441 ἐγκαίρως
3394 4368 3600 4423 πυνθά-

364 4479 755 4535 demonstrare
794 4482 1133 4551 argumentis
1157 4496 1277 4535 eam
1316 4481 1650 4550 qua-rebant.
1688 4476 1785 4533 sed
1818 4476 1929 4549 dif-

368 4570 667 4626 ficultatem
708 4581 822 4627 tum
852 4572 1213 4643 sibimetipsis
1245 4582 1357 4626 tum
1401 4571 1510 4626 illis
1541 4586 1604 4625 cx
1640 4568 1925 4645 fratribus,

365 4664 460 4730 qui
510 4664 825 4718 scandalum
873 4665 1247 4735 patiebantur,
1296 4663 1546 4719 emollire
1597 4678 1659 4716 ac
1709 4660 1927 4715 solvere

359 4753 771 4824 quodammodo
801 4756 1222 4821 annitebantur,
1275 4755 1421 4810 sicut
1459 4763 1515 4809 et
1543 4753 1596 4807 in
1644 4752 1766 4806 aliis
1799 4750 1923 4804 fidei

361 4848 761 4915 qumstionibns
794 4849 847 4904 id
880 4864 1232 4917 summopere
1257 4847 1362 4903 sibi
1391 4861 1535 4901 curae
1557 4859 1680 4899 esse
1702 4857 1930 4909 respon-

363 4944 576 5006 derent,
623 4943 667 4997 si
710 4942 838 5012 quis
865 4958 928 4997 ex
964 4941 1046 4996 eis
1084 4950 1395 5012 opportune
1425 4946 1716 5009 quareret.
1749 4934 1927 5002 Atque

361 5037 477 5091 haec
506 5037 726 5105 quidem
763 5036 1005 5092 dixerint
1033 5036 1126 5106 qui
1155 5034 1379 5089 Latinos
1398 5029 1695 5113 defendere
1733 5026 1928 5081 volunt

362 5144 460 5194 pro
491 5126 832 5191 monarchia,
882 5127 992 5181 i‘mo
1025 5142 1122 5197 pro
1172 5140 1232 5181 se
1282 5120 1440 5194 ipsis,
1477 5132 1534 5177 et
1570 5121 1927 5174 vehementer

2030 4482 2193 4521 νοιτο.
2238 4464 2346 4518 Καὶ
2387 4463 2562 4517 ταῦτα
2611 4463 2709 4534 μὲν
2754 4464 2957 4518 εἴποιεν
2994 4465 3060 4516 ἂν
3100 4462 3150 4515 οι
3188 4464 3300 4524 τοῖς
3345 4461 3600 4522 Λατίνοις

2029 4556 2354 4628 συνηγορεῖν
2387 4555 2664 4617 ἐθέλοντες
2698 4554 2839 4624 ὑπὲρ
2873 4554 2970 4626 τῆς
3010 4553 3313 4623 μοναρχίας
3333 4592 3349 4618 ,
3389 4549 3595 4620 μᾶλλον

2026 4651 2084 4704 δὲ
2127 4647 2266 4722 ὑπὲρ
2308 4650 2516 4704 ἑαυτῶν
2558 4649 2652 4701 καὶ
2693 4648 2899 4719 σφόδρα
2938 4647 3221 4715 δεήσονται
3263 4645 3358 4700 τοῦ
3402 4645 3600 4715 ἀνδρὸς

2031 4743 2107 4814 μὴ
2132 4742 2358 4796 δεδιέναι
2385 4740 2516 4812 περὶ
2540 4740 2743 4805 αὐτῶν,
2774 4744 2984 4810 μήποτε
3012 4740 3246 4817 πάροδον
3270 4742 3337 4809 τῇ
3365 4736 3601 4808 δυαρχίᾳ

2035 4836 2223 4900 δῶσιν,
2267 4833 2341 4896 ὡς
2380 4832 2541 4895 αὐτὸς
2578 4832 2746 4901 λέγει,
2784 4832 2852 4885 δι’
2881 4826 2954 4885 ὧν
2993 4832 3336 4885 ὑποτίθενται
3375 4830 3470 4885 καὶ
3508 4847 3601 4882 πι-

2037 4924 2317 4981 asc-9mm:
2340 4938 2357 4955 '
2391 4922 2489 4994 τὴν
2517 4925 2573 4980 δὲ
2603 4924 2697 4979 τοῦ
2729 4926 3159 4997 ἐπιχειρήματος
3189 4924 3433 4993 ἀνάγκην
3465 4921 3599 4974 πολ-

2034 5018 2126 5072 λοῦ
2172 5019 2382 5072 δέουσιν
2427 5017 2581 5071 αὐτοὶ
2631 5018 2881 5084 δεδιέναι,
2934 5019 3144 5086 μήποτε
3196 5016 3396 5086 ἰσχυρά
3438 5032 3519 5076 τις
3562 5014 3599 5084 ἢ

2031 5111 2223 5172 άλυτος
2315 5124 2328 5139 ·
2361 5106 2500 5160 οὕτω
2534 5108 2731 5180 ῥᾳδίως
2763 5108 2946 5179 ἔχουσι
2974 5107 3147 5162 λύειν.
3629 5109 3639 5117 ’

357 5240 386 5277 e
417 5222 535 5277 viro
563 5220 671 5276 hoc
702 5228 953 5291 poscent,
981 5229 1040 5275 ut
1078 5219 1330 5274 timorem
1364 5230 1464 5286 pro
1505 5212 1640 5284 ipsis
1713 5208 1954 5281 abjiciat,
1994 5219 2062 5257 ne
2137 5201 2280 5255 forte
2337 5201 2610 5272 dyarcbiae
2663 5204 2954 5256 transitum
3008 5199 3369 5270 permittant,
3407 5213 3601 5268 quem-

352 5315 649 5371 admodum
680 5313 798 5386 ipse
830 5314 930 5381 ait,
958 5330 1056 5383 per
1084 5328 1149 5369 ea
1177 5326 1299 5382 qua:
1353 5314 1608 5364 statuunt
1676 5313 1843 5372 atque
1904 5295 2160 5352 credunt.
2198 5292 2632 5386 Epichcretnalis
2693 5308 2825 5348 vero
2872 5294 2983 5347 vim
3043 5302 3254 5348 tantum
3311 5292 3490 5358 abest,
3535 5301 3599 5347 ut

357 5408 459 5477 ipsi
498 5384 886 5473 extimescant,
920 5415 984 5461 ut
1034 5406 1247 5461 firmam
1288 5402 1374 5458 vel
1411 5397 1791 5457 insolubilem,
1844 5402 1907 5445 ut
1964 5388 2071 5443 hoc
2112 5394 2270 5477 pacto
2300 5384 2457 5438 facile
2496 5400 2615 5439 eam
2654 5385 2867 5440 solvere
2902 5386 3134 5456 possint.

425 5500 620 5557 Dicent
649 5501 834 5571 itaque
883 5500 935 5554 in
981 5499 1198 5569 primis,
1242 5497 1413 5550 multa
1442 5509 1592 5558 esse,
1640 5508 1761 5562 qua:
1800 5489 1920 5560 ejus

355 5596 711 5667 principalem
737 5595 1170 5668 propositionem
1195 5592 1475 5647 damnent.
1497 5590 1754 5660 Logicam
1778 5586 1941 5673 enim.

350 5693 463 5743 vim
488 5689 984 5756 necessitatemque
1010 5686 1178 5742 sumit
1205 5702 1270 5740 ex
1293 5684 1555 5755 loquendi
1582 5682 1763 5744 modo,
1789 5681 1918 5734 dum

354 5797 473 5846 une
505 5780 704 5835 divina:
750 5787 960 5835 natura?
1002 5780 1189 5832 insunt
1224 5777 1430 5841 duplici
1490 5775 1651 5831 modo
1692 5774 1798 5829 diei
1831 5789 1918 5829 as-

2111 5474 2328 5548 ‘Epo-‘iat
2362 5477 2536 5530 τοίνυν
2564 5477 2779 5546 πρῶτον
2814 5479 2915 5548 μὲν
2951 5480 3126 5533 πολλὰ
3159 5479 3602 5546 καταγινώσκειν

2032 5568 2198 5624 αὐτοῦ
2229 5569 2326 5638 τῆς
2360 5571 2696 5637 προτάσεως.
2739 5571 3022 5641 Λαμσάνει
3053 5589 3110 5626 τε
3155 5554 3264 5643 γὰρ
3295 5573 3394 5644 τὴν
3426 5573 3601 5638 άνάγ-

2028 5680 2133 5732 κην
2168 5663 2277 5716 ἀπὸ
2305 5662 2399 5715 τοῦ
2431 5662 2587 5731 λόγου
2635 5663 2727 5718 τοῦ
2772 5665 3048 5741 λεκτικοῦ,
3105 5668 3173 5721 τὰ
3222 5668 3493 5738 προσόντα
3524 5669 3595 5737 τῇ

2030 5756 2145 5828 θείᾳ
2175 5755 2334 5823 φύσει
2383 5756 2554 5825 λέγων
2602 5755 2763 5826 διττῷ
2798 5758 2980 5829 τρόπῳ
3016 5758 3294 5822 maecen-
3325 5744 3594 5813 τοῦτονδὲ
