3900 6216
285 305 356 406 t9
1314 326 1766 390 “assmulo
1805 331 1858 391 tu

1966 333 2056 394 ιρι
2099 335 2489 405 EPHESYNL
3483 347 3558 411 50

285 425 459 494 δήπου
485 426 575 482 τὸν
600 427 850 484 λεκτικὸν
892 430 1053 499 λόγον
1107 433 1161 487 εί
1207 452 1290 497 τις
1334 437 1394 488 ἐν
1429 440 1541 501 τοῖς
1589 438 1718 510 περὶ
1770 439 1861 505 τῆς

1972 447 2130 501 serit.
2165 448 2342 515 Quem
2374 451 2631 520 loquendi
2662 454 2885 512 modum
2912 455 2957 510 si
2984 453 3111 526 quis
3136 453 3191 511 in
3218 454 3308 520 iis,
3333 471 3456 527 qure
3484 461 3552 515 ad

285 515 528 581 πίστεως
555 518 802 589 βούλοιτο
829 521 1137 589 διασώζειν,
1168 526 1337 580 πολλὰ
1369 529 1470 596 μὲν
1502 530 1678 584 ἄτοπα
1736 548 1871 597 συγ-
1924 545 1928 548 ‘

284 613 551 681 χωρήσει·
578 614 764 668 ἀνελεῖ
791 615 847 668 δὲ
872 616 971 669 οὐκ
1007 618 1167 686 ὀλίγα
1209 620 1319 672 τῶν
1369 623 1824 694 ὁμολογουμένων
1854 641 1867 656 °

283 701 483 756 αὐτίκα
508 703 619 774 γὰρ
638 705 700 757 τδ
721 704 947 775 Πνεῦμα
977 706 1110 760 Υίοῦ
1142 709 1394 776 λέγεσθαι
1426 716 1655 783 σημεῖον
1685 731 1873 768 ποιου-

286 792 468 861 μένων
490 795 649 865 ἡμῶν
673 796 767 850 τοῦ
798 798 895 851 καὶ
932 799 997 851 ἐκ
1038 799 1133 853 τοῦ
1177 799 1309 854 Υίοῦ
1353 797 1497 858 εἶναι
1540 803 1600 857 τὸ
1639 804 1870 877 Πνεῦμα

280 884 346 937 τὸ
372 886 555 953 ἅγιον,
586 888 749 958 ὑμεῖς
782 890 1123 959 ἀντιλέγετε,
1164 892 1440 963 μηδεμίαν
1491 896 1771 966 ἀναφορὰν
1811 899 1872 951 ἑν

281 980 362 1047 τῷ
395 978 540 1048 λόγῳ
568 983 746 1051 τούτῳ
774 980 885 1035 δεῖν
921 986 1066 1038 νοεῖν
1094 984 1153 1051 ἐξ
1195 986 1445 1057 ἀνάγκης
1497 988 1871 1057 ἀποφαινόμε-

284 1089 391 1137 νοι,
430 1074 483 1124 εί
520 1072 595 1144 μὴ
627 1072 725 1140 τὴν
753 1074 857 1141 τῆς
889 1075 1108 1142 φύσεως
1157 1079 1463 1149 ταυτότητα
1519 1079 1710 1150 μόνην·
1741 1081 1871 1134 ὅθεν

286 1162 383 1215 καὶ
406 1162 470 1215 τὸ
496 1162 717 1236 Πνεῦμα
742 1163 953 1232 Πατρδς
984 1167 1077 1218 καὶ
1099 1165 1317 1235 Πνεῦμα
1341 1170 1404 1222 ὲκ
1422 1168 1633 1239 Πατρδς
1659 1170 1719 1222 οὗ
1741 1188 1872 1223 ταυ-

282 1256 378 1306 τδν
402 1253 621 1320 ἀξιοῦτε
645 1247 958 1327 σημαίνεινέ
981 1256 1100 1311 ἀλλ’
1122 1261 1301 1312 ἐκεῖνο
1322 1261 1420 1328 μὲν
1444 1264 1541 1330 τὴν
1567 1262 1666 1330 τῆς
1689 1263 1870 1328 αίτίας

287 1348 498 1419 σχέσιν,
528 1350 688 1403 τοῦτο
741 1351 798 1404 δὲ
852 1352 952 1421 τὴν
1005 1352 1107 1422 τῆς
1159 1353 1559 1419 φύσεωςόύδὲ
1593 1354 1871 1427 (ητοίνυν

286 1445 335 1494 εἰ
367 1445 471 1511 μὲν
498 1445 527 1496 ὁ
564 1444 757 1514 Πατὴρ
788 1446 850 1496 ἐκ
881 1444 977 1497 τοῦ
1006 1444 1329 1516 Πνεύματος
1359 1446 1425 1500 οὐ
1456 1447 1695 1515 λέγεται,
1733 1447 1869 1501 θαυ-

288 1538 497 1606 μάζειν
523 1537 585 1590 ού
617 1538 715 1591 δεῖ·
744 1536 811 1590 τὰ
843 1538 954 1606 γὰρ
975 1536 1074 1606 τῆς
1101 1538 1431 1609 ὁπερουσίου
1462 1539 1745 1605 θεογονίας
1767 1539 1869 1594 οὐκ

283 1630 641 1701 ἀντιστρέφει
676 1630 812 1699 πρὸς
860 1629 1090 1700 ἄλληλαο
1125 1631 1174 1684 εί
1208 1631 1284 1692 δὲ.
1305 1632 1380 1702 μὴ
1423 1630 1643 1699 λέγεται
1674 1632 1868 1701 Πατὴρ

287 1721 637 1790 Πνεῦματος,
687 1723 837 1786 ὅστις
885 1722 951 1793 δὴ
978 1723 1180 1792 τρόπος
1225 1721 1319 1777 τοῦ
1363 1723 1522 1792 λόγου
1574 1724 1672 1794 τὴν
1705 1741 1865 1793 φυσι-

1978 539 2139 594 lidom
2174 543 2481 612 pertinent,
2509 561 2730 601 servare
2758 548 2915 611 velit,
2950 548 3121 602 multa
3149 548 3392 604 absurda
3423 566 3556 605 con-

1975 632 2168 696 cedet;
2224 634 2377 690 tollet
2402 651 2532 691 vero
2574 637 2719 691 haud
2766 652 2941 706 pauca
2977 653 3044 693 ex
3076 638 3145 692 iis
3180 654 3302 708 quae
3335 638 3389 692 in
3422 653 3556 694 con—

1973 721 2119 778 fesso
2151 734 2304 781 sunt.
2338 725 2536 783 Statim
2568 731 2715 784 enim
2742 730 2785 785 si
2820 743 2921 785 nos
2946 744 3014 784 ex
3034 745 3103 785 eo
3133 729 3278 800 quod
3312 729 3556 800 Spiritus

1972 815 2096 870 Filii
2133 816 2343 872 dicitur
2402 819 2672 876 indicium
2723 821 2982 883 facimus.
3022 822 3174 891 quod
3205 831 3262 876 et
3292 840 3359 877 ex
3413 824 3554 878 Filio

1973 906 2047 961 sit
2078 906 2317 978 Spiritus
2353 920 2602 972 sanctus.
2639 927 2739 968 vos
2776 912 3181 977 contradicitis,
3215 913 3420 968 nullam
3458 929 3552 967 re-

1972 999 2232 1055 lationem
2269 1002 2321 1057 in
2355 1003 2463 1058 hoc
2485 1003 2637 1058 dicto
2676 1004 3095 1074 intelligendam
3135 1020 3259 1060 esse
3291 1020 3551 1060 accessa-

1973 1090 2057 1144 rio
2100 1104 2504 1160 asseverantes,
2557 1094 2663 1150 nisi
2695 1095 2867 1151 solam
2918 1104 3130 1153 natura
3176 1095 3548 1150 identitatem.

1971 1181 2128 1237 Unde
2166 1192 2223 1239 et
2250 1184 2516 1255 Spiritum
2548 1186 2729 1243 Patris
2752 1196 2811 1243 et
2840 1186 3114 1257 Spiritum
3146 1204 3211 1242 ex
3241 1187 3402 1242 Patre
3437 1201 3546 1241 non

1973 1271 2119 1328 idem
2153 1276 2465 1345 significare
2498 1279 2775 1341 censetis:
2808 1295 2999 1336 verum
3034 1280 3271 1335 alterum
3320 1279 3545 1349 quidem

1970 1381 2148 1422 causa:
2182 1368 2583 1437 habitudinem,
2613 1372 2849 1426 alterum
2866 1387 3006 1427 vero
3039 1370 3419 1426 habitudinem
3452 1387 3552 1426 na-

1973 1466 2130 1517 turae.
2169 1460 2354 1528 Quare
2384 1478 2488 1518 nec
2538 1463 2851 1519 mirandum
2883 1474 2993 1531 est,
3031 1464 3077 1521 si
3111 1466 3275 1520 Pater
3317 1480 3383 1520 ex
3427 1463 3551 1534 Spi-

1970 1550 2081 1605 ritu
2126 1568 2237 1607 non
2271 1553 2493 1620 dicitur,
2531 1571 2657 1611 cum
2683 1572 2806 1626 qua:
2838 1556 2907 1611 ad
2948 1556 3168 1613 divinas
3196 1570 3252 1611 et
3293 1571 3550 1625 superes-

1970 1644 2234 1699 sentiales
2283 1647 2705 1717 progressiones
2737 1650 3038 1719 pertinent,
3078 1663 3190 1703 non
3235 1648 3548 1704 adinvicem

1969 1746 2405 1805 convertantur;
2450 1740 2497 1795 si
2529 1755 2664 1794 vero
2698 1756 2807 1797 non
2838 1740 3043 1797 dicitur
3083 1742 3247 1797 Pater
3279 1741 3547 1812 Spiritus,

285 1814 391 1882 κὴν
428 1815 685 1884 σημαίνει
713 1816 1037 1886 ταυτότητα,
1067 1815 1383 1885 θαυμαστὸν
1410 1815 1477 1870 ἂν
1517 1816 1626 1885 εἴη·
1657 1816 1719 1870 ού
1750 1815 1861 1887 γὰρ

1970 1828 2064 1897 qui
2114 1800 2624 1900 loquendi'modus
2656 1835 2960 1891 naturalem
2997 1836 3085 1907 (ex
3122 1800 3551 1905 vobis).identi-;

288 1907 468 1977 Πατρὶ
505 1907 603 1977 μὲν
648 1908 877 1977 Πνεῦμα
916 1908 1117 1961 ταυτὸν
1145 1910 1213 1980 τῇ
1250 1907 1436 1976 φύσει,
1488 1910 1517 1962 ὁ
1568 1909 1625 1962 δὲ
1667 1909 1861 1980 Πατὴρ

285 1997 459 2059 ἄλλως
480 1998 595 2067 ἔχει
630 2001 770 2070 προς
800 2000 861 2051 τὸ
907 1999 1153 2070 Πνεῦμα.
1181 1998 1391 2053 ῢὺκοῦν
1421 2000 1547 2053 ὅσον
1581 1999 1644 2055 ἐκ
1670 2016 1733 2069 γε
1763 2001 1860 2071 τῆς

286 2090 549 2159 ἀληθείας
574 2091 668 2143 τοῦ
699 2092 1030 2162 πράγματος
1063 2093 1157 2146 καὶ
1184 2093 1276 2145 τὸν
1307 2093 1527 2166 Πατέρα
1558 2094 1654 2147 τοῦ
1683 2094 1861 2148 Πνεύ-

290 2201 453 2253 ματος
487 2186 657 2255 ἐχρῆν
682 2184 960 2252 λέγεσθαιο
1000 2186 1117 2239 ἀλλ’
1163 2187 1224 2239 οῦ
1253 2186 1499 2252 λέγεται,
1540 2187 1629 2240 ἵνα
1663 2190 1736 2260 μή
1776 2206 1862 2251 τις

286 2278 547 2332 ὑπολάϐοι
574 2279 635 2331 τὸ
668 2279 897 2349 Πνεῦμα
927 2280 1242 2345 γεννᾶσθαι*
1282 2280 1397 2334 ἀλλ’
1437 2283 1486 2334 εί
1524 2283 1616 2336 καὶ
1653 2282 1729 2352 μὴ
1765 2282 1859 2335 δύ-

283 2386 439 2422 ναται
468 2370 627 2423 τοῦτο
658 2370 913 2440 λέγεσθαι
947 2372 1153 2444 ταύτης
1179 2373 1339 2428 ’ἑνεκα
1370 2375 1469 2443 τῆς
1500 2376 1702 2440 αἰτίας,
1736 2375 1861 2429 ὅσον

282 2463 343 2515 Ea
376 2480 442 2532 γε
475 2465 572 2517 τοῦ
602 2465 929 2533 πράγματος
963 2464 1158 2532 ἀληθές
1191 2467 1307 2519 ἔστι
1347 2470 1436 2518 τὴν
1466 2466 1687 2536 Πατέρα
1720 2463 1859 2519 εἶναι

280 2536 464 2622 λέγειν
508 2555 605 2608 τοῦ
642 2553 996 2626 Πνεύματος,
1035 2556 1090 2609 εί
1116 2575 1178 2625 γε
1232 2560 1266 2628 ὴ
1325 2558 1547 2630 τοιαύτη
1603 2561 1863 2625 ἀπόδοσις

282 2648 469 2715 σχέσιν
500 2646 672 2717 μόνην
706 2647 943 2716 φύσεως,
970 2649 1231 2718 οὐδεμίαν
1258 2650 1316 2705 δὲ
1349 2651 1631 2723 ἀναφορὰν
1677 2653 1859 2717 αἰτίας

284 2735 583 2806 σημαίνειν
606 2737 855 2801 δύναται,
901 2737 1084 2802 καθὼς
1114 2739 1274 2808 ὑμεῖς
1308 2740 1547 2804 ἀξιοῦτε·
1594 2743 1690 2796 καὶ
1726 2743 1858 2797 πολ-

278 2828 452 2899 λαχοῦ
501 2830 797 2900 διαμάρτοι
842 2848 927 2896 τις
959 2831 1027 2886 ἂν
1057 2833 1155 2900 τῆς
1206 2834 1468 2901 ἀληθείας
1502 2836 1731 2907 τάχιστα
1761 2839 1858 2890 καὶ

277 2920 377 2974 τοῦ
410 2920 738 2992 πρέποντος.
788 2921 855 2975 ἂν
886 2923 1065 2977 πάντα
1094 2924 1173 2996 τῷ
1220 2925 1458 2995 λεκτικῷ
1511 2926 1653 2997 λόγῳ
1682 2928 1859 2993 διδοὺς

279 3012 376 3065 ἐπί
404 3028 467 3065 τε
506 3013 614 3065 τῶν
644 3011 805 3064 θείων
832 3012 924 3065 ὲπξ
955 3029 1016 3065 τε
1047 3013 1154 3067 τῶν
1202 3014 1567 3084 ἀνθρωπίνων
1601 3019 1701 3088 τῆς
1724 3018 1861 3085 ἁληο

280 3102 435 3167 θείας
472 3102 647 3176 θήραν
671 3107 896 3159 ποιοῖτο.
930 3105 1165 3160 Ἔπειτα
1193 3107 1286 3159 καὶ
1314 3108 1436 3160 λίαν
1457 3109 1856 3180 ἁποῗεχόμεοα,

278 3197 364 3250 ὅτι
394 3198 701 3267 συγχωρεῖς
746 3196 868 3250 δυσί
902 3214 1012 3251 τισι
1066 3198 1385 3267 προσώποις
1434 3200 1619 3270 μόνοις
1652 3201 1710 3255 έν
1754 3220 1861 3256 τινι

277 3285 390 3338 τῶν
418 3287 676 3340 ἁπάντων
732 3281 870 3340 εἶναι
928 3289 1217 3341 κοινωνίαν
1264 3289 1389 3341 τινὰ
1439 3285 1554 3342 οἷον
1595 3290 1710 3359 Υἱῴ
1766 3292 1864 3345 καὶ

278 3379 570 3448 Πνεύματι
599 3378 660 3433 τδ
694 3379 939 3433 αίτιατὸν
973 3382 1151 3435 κοινὸν
1194 3376 1337 3436 εῖναι
1371 3382 1551 3449 λέγεις
1577 3398 1591 3413 ·
1650 3384 1709 3436 οὐ
1753 3387 1861 3455 γὰρ

280 3469 504 3533 ἐξέσται
534 3486 618 3524 σοι
653 3470 937 3542 ἀρνεῖαθαι
958 3466 1219 3526 ”καί)όλου
1271 3476 1367 3527 καὶ
1420 3476 1595 3545 Πατρὶ
1627 3478 1720 3529 καὶ
1749 3476 1862 3548 Υἱῷ

283 3560 476 3630 μὸνςις
530 3562 588 3614 ἐν
645 3561 793 3633 ἄλλῳ
842 3564 1133 3633 πράγματι
1180 3565 1466 3619 κοινωνίαν
1520 3563 1662 3621 εἶναι
1720 3570 1861 3626 τινά.

294 3653 609 3723 Ἑρωτῶντι
641 3655 695 3708 δέ
727 3671 831 3719 σοι,
857 3656 965 3709 τίνι
996 3659 1153 3728 μέρει
1179 3658 1280 3727 τῆς
1303 3658 1402 3728 σῆς
1423 3659 1743 3730 διαιρέσεως
1765 3663 1862 3731 τὴν

280 3740 566 3813 ἡμετέραν
620 3742 778 3808 δόξαν
828 3744 1089 3814 φέροντες
1142 3746 1443 3818 τιθέαμεν,
1498 3749 1743 3822 δηλονότι
1771 3755 1862 3804 τὸν

279 3832 507 3901 Πατέρα
542 3833 635 3885 καὶ
666 3835 759 3887 τὸν
788 3835 917 3888 Υῖδν
949 3837 1122 3908 ἀρχὴν
1171 3834 1313 3890 εἶναι
1345 3840 1442 3892 τοῦ
1479 3840 1799 3910 Πνεύματος
1828 3841 1861 3911 ἦ

276 3926 468 3998 αἰτίαν
498 3925 533 3995 ἢ
564 3928 737 3980 αίτιον
765 3927 797 3997 ἦ
836 3929 985 3992 ὅπως
1015 3930 1082 3983 ἂν
1125 3930 1333 3994 ἐθέλοις
1368 3932 1578 3999 καλεῖν,
1623 3934 1861 4004 ἀποκρι-

272 4018 515 4089 νόμεοα,
560 4020 645 4073 ὅτι
694 4021 773 4091 τῷ
804 4021 1043 4092 δευτέρῳ
1101 4023 1267 4093 μέρει
1318 4027 1687 4096 συντάττομεν
1735 4028 1861 4081 ὅσον

275 4111 429 4165 κατὰ
458 4113 520 4164 τὸ
555 4113 790 4184 πρᾶγμα
819 4116 914 4167 καὶ
938 4117 1105 4170 πάνυ.
1141 4117 1300 4170 Ἐστι
1344 4118 1454 4189 γὰρ
1501 4117 1693 4191 ὥσπερ
1738 4120 1859 4173 δυσὶ

273 4206 601 4276 προαώποις
626 4209 807 4260 κοινὸν
837 4207 898 4260 τὸ
927 4210 991 4260 ἐκ
1020 4209 1122 4280 τῆς
1151 4210 1336 4274 αἰτίας
1367 4206 1534 4279 εἶναι,
1576 4212 1717 4267 οὕτω
1764 4213 1858 4268 καὶ

267 4297 401 4349 δυσὶ
423 4296 746 4362 προσώποις
773 4297 834 4350 τὸ
854 4297 953 4368 τῆς
973 4298 1143 4369 ἀρχῆς
1168 4301 1402 4371 πρᾶγμα
1426 4304 1522 4355 καὶ
1546 4302 1741 4373 δνομα’
1766 4305 1858 4359 καὶ

269 4388 540 4460 καθάπερ
574 4390 609 4459 ἡ
657 4389 916 4443 κοινωνία
946 4392 1041 4445 τοῦ
1083 4395 1329 4448 αἰτιατοῦ
1362 4394 1488 4450 οὔτε
1542 4380 1856 4469 συναλείφει

1972 1926 2140 1991 tatem
2173 1923 2472 1991 signiﬁcat,
2507 1933 2640 1987 tunc
2690 1927 3005 1982 mirandum
3031 1942 3165 1982 sane
3191 1927 3323 1983 erit.
3356 1927 3549 1996 Neque

1970 2013 2118 2081 enim
2160 2013 2266 2070 dici
2298 2025 2503 2086 potest,
2535 2018 2684 2073 Patri
2721 2019 2944 2090 quidem
2976 2034 3103 2075 eum
3134 2020 3280 2076 idem
3312 2034 3433 2075 esse
3452 2034 3553 2074 na-

1970 2111 2095 2169 tura
2131 2106 2422 2176 Spiritum,
2475 2110 2695 2166 Patrem
2741 2127 2875 2167 vero
2918 2113 3082 2167 aliter
3129 2127 3190 2167 se
3235 2112 3444 2166 habere
3480 2111 3548 2166 ad

1967 2195 2275 2266 Spiritum;
2302 2216 2434 2270 ergo
2482 2214 2751 2273 quantum
2780 2204 2847 2259 ad
2887 2207 2964 2259 rei
2996 2206 3287 2260 veritatem
3326 2205 3547 2259 Patrem

1969 2305 2194 2362 quoque
2220 2291 2464 2363 Spiritus
2489 2296 2786 2366 oportebat
2813 2296 2944 2352 dici.
2980 2298 3144 2367 Atqui
3180 2312 3291 2351 non
3318 2297 3548 2364 dicitur,

1969 2397 2040 2438 ne
2068 2382 2190 2454 quis
2220 2385 2487 2455 Spiritum
2511 2387 2763 2457 generari
2787 2389 3122 2455 suspicetur.
3156 2387 3546 2442 Verumtamen

1966 2473 2071 2529 etsi
2106 2475 2210 2530 hoc
2261 2475 2371 2531 dici
2425 2477 2618 2548 nequit
2664 2477 2949 2548 praefatam
2985 2477 3056 2532 ob
3090 2492 3337 2539 causam.
3367 2491 3546 2546 quan-

1969 2572 2086 2619 tum
2119 2564 2187 2620 ad
2226 2580 2340 2621 rem
2367 2566 2541 2636 ipsam
2567 2582 2760 2622 verum
2789 2570 2896 2622 erit
2936 2567 3146 2632 dicere,
3171 2567 3393 2622 Patrem
3423 2581 3549 2622 esse

1972 2657 2237 2728 Spiritus,
2272 2659 2320 2714 si
2354 2659 2583 2729 quidem
2621 2660 2722 2716 ista
2753 2658 2966 2715 locutio
3009 2659 3394 2714 habitudinem
3445 2674 3547 2714 na-

1971 2760 2108 2805 tura!
2152 2751 2352 2819 solam,
2399 2752 2610 2807 nullam
2657 2766 2792 2809 vero
2822 2766 3003 2808 causze
3046 2751 3428 2806 habitudinem
3476 2751 3550 2805 si-

1967 2842 2231 2910 gnificare
2266 2852 2474 2913 potest,
2507 2845 2673 2899 sicuti
2701 2859 2801 2900 vos
2847 2844 3233 2907 arbitramini;
3264 2854 3321 2898 et
3353 2844 3547 2898 multi-

1970 2935 2188 3009 pliciter
2208 2937 2336 3005 quis
2357 2952 2387 2990 a
2417 2936 2648 2991 veritate
2671 2948 2726 2992 et
2751 2952 2780 2992 a
2812 2937 3203 2992 convenientia
3229 2936 3543 3003 aberraret,

1967 3027 2013 3082 si
2062 3040 2259 3083 cuncta
2295 3028 2559 3097 loquendi
2599 3028 2763 3083 modo
2806 3028 3055 3084 tribuens
3084 3038 3198 3083 tum
3244 3030 3299 3084 in
3342 3028 3546 3084 divinis

1970 3126 2085 3172 tum
2113 3119 2168 3172 in
2194 3118 2451 3174 humanis
2468 3119 2757 3173 veritatem
2782 3129 3008 3188 captare
3028 3120 3300 3176 studeret.
3333 3118 3544 3174 Deinde

1964 3208 2209 3265 libenter
2260 3209 2558 3266 admodum
2612 3210 2980 3275 admittimus,
3041 3213 3190 3282 quod
3244 3211 3541 3277 concedis,

1966 3301 2184 3358 duabus
2213 3303 2543 3371 quibusdam
2577 3305 2832 3374 personis
2876 3305 3011 3361 solis
3053 3306 3108 3360 in
3141 3305 3380 3375 quodam
3416 3320 3542 3360 om-

1964 3398 2117 3453 nium
2165 3412 2285 3453 esse
2316 3397 2764 3454 communionem
2792 3398 3089 3468 quamdam
3113 3437 3129 3460 .
3164 3400 3244 3453 nti
3280 3399 3421 3454 Filio
3470 3412 3535 3453 ac

1965 3488 2190 3558 Spiritui
2243 3504 2540 3544 commune
2622 3505 2747 3547 esse
2791 3490 2933 3547 dicis
2984 3501 3296 3546 eausatum.
3351 3491 3545 3560 Neque

1963 3580 2111 3634 enim
2165 3580 2263 3636 tibi
2302 3580 2493 3635 licebit
2543 3597 2745 3651 negare
2793 3583 3123 3649 universim,
3170 3589 3228 3637 et
3281 3582 3429 3637 Patri
3485 3591 3546 3636 et

1962 3672 2106 3727 Filio
2133 3673 2267 3728 solis
2295 3674 2347 3728 in
2376 3675 2482 3729 alia
2506 3690 2566 3728 re
2594 3675 2888 3745 quamdam
2917 3690 3041 3731 esse
3067 3676 3538 3731 communionem.

1963 3762 2045 3817 Ad
2093 3763 2580 3832 interrogationem
2622 3780 2755 3821 vero
2793 3775 2965 3825 tuam.
3012 3765 3239 3820 cuinam
3290 3766 3543 3820 membro

1964 3853 2258 3923 divisionis
2301 3861 2409 3910 tua:
2443 3856 2777 3913 sententiam
2814 3867 3086 3920 nostram.
3131 3873 3255 3911 eam
3285 3856 3543 3912 videlicet

1962 3963 2086 4017 quze
2132 3948 2354 4009 Patrem
2404 3958 2461 4003 ct
2498 3949 2713 4005 ,Filium
2759 3948 2839 4005 ait
2878 3965 3001 4005 esse
3036 3951 3280 4019 Spiritus
3325 3950 3540 4019 princi-

1961 4041 2116 4111 pium
2150 4042 2269 4097 sive
2312 4057 2536 4098 causam
2587 4042 2704 4099 sive
2738 4050 3022 4103 auctorem
3052 4043 3171 4098 sive
3204 4055 3541 4112 quocunque

1961 4135 2186 4192 nomine
2232 4137 2510 4206 appellare
2554 4137 2733 4200 velis,
2787 4136 3175 4208 adiungamus,
3239 4138 3541 4208 responde-

1960 4241 2085 4282 mus
2115 4245 2130 4282 :
2170 4228 2419 4284 secundo
2450 4229 2703 4287 membro
2731 4238 2999 4296 quantum
3045 4230 3112 4284 ad
3142 4246 3255 4284 rem
3285 4238 3338 4284 et
3369 4244 3538 4299 quam

1960 4318 2217 4377 maxime.
2245 4320 2338 4377 Est
2361 4321 2514 4376 enim
2543 4321 2690 4376 sicut
2718 4321 2933 4377 duabus
2964 4322 3217 4392 personis
3240 4336 3538 4377 commune

1963 4419 2048 4466 est
2068 4426 2139 4467 ex
2172 4426 2336 4468 causa
2371 4428 2514 4474 esse.
2549 4415 2624 4468 ita
2648 4424 2704 4469 et
2728 4413 2946 4469 duabus
2976 4414 3230 4484 personis
3253 4427 3541 4469 commune

268 4481 365 4533 τὸν
396 4479 531 4533 Υἱὸν
557 4485 652 4535 καὶ
675 4483 737 4534 τδ
765 4483 992 4553 Πνεῦμα
1015 4483 1139 4539 οὔτε
1168 4485 1274 4556 τῆς
1324 4488 1460 4558 πρὸς
1491 4489 1582 4542 τὸν
1634 4489 1855 4561 Πατέρα

1966 4513 2140 4575 estex
2178 4519 2341 4560 causa
2366 4520 2508 4567 esse,
2540 4506 2614 4561 ita
2643 4514 2700 4560 et
2728 4505 2944 4562 duabus
3000 4508 3253 4576 personis
3290 4522 3540 4563 comnm-

268 4570 561 4641 συμφυῐας
586 4573 866 4639 ἐκϐάλλει,
905 4568 949 4644 ᾧ
981 4576 1056 4648 μὴ
1082 4579 1401 4633 κοινωνοῦσι
1431 4579 1532 4651 τῆς
1560 4580 1655 4635 τοῦ
1677 4585 1855 4636 αἰτια-

265 4663 367 4716 τοῦ
403 4666 786 4736 προσηγορίας
814 4683 874 4720 τε
919 4669 1017 4722 καὶ
1059 4670 1153 4724 τοῦ
1199 4672 1551 4747 πράγματος,
1587 4673 1730 4730 οὕτω
1758 4675 1853 4730 καὶ

268 4757 304 4825 ἠ
326 4756 437 4825 τῆς
467 4758 645 4828 ἀρχῆς
666 4760 928 4814 κοινωνία
976 4760 1101 4816 οῦτε
1130 4764 1224 4817 τὸν
1269 4766 1492 4837 Πατέρα
1538 4767 1854 4837 συναλείφει

268 4853 370 4902 καὶ
398 4850 493 4902 τὸν
525 4849 674 4914 Υίὸν,
710 4846 792 4916 οἷς
822 4853 971 4908 τοῦθ’
1006 4856 1270 4928 ὑπάρχει,
1304 4857 1430 4913 οὔτε
1461 4859 1555 4912 τοῦ
1601 4861 1855 4929 Πνεύμα-

267 4955 365 4999 τος
388 4939 616 5002 τούτους
647 4944 789 4994 κατὰ
821 4943 980 5011 φύσιν
1024 4945 1428 5018 ἀποδιίστησιν,
1467 4949 1563 5004 ἅτε
1614 4951 1689 5023 μὴ
1724 4969 1857 5022 μετ-

271 5030 496 5099 έχοντος
522 5032 619 5084 τοῦ
670 5035 824 5102 σερίσι
871 5038 1076 5095 κοινοῦ.
1111 5040 1329 5095 Τούτων
1385 5042 1575 5097 εἵνεκα
1623 5046 1703 5115 τῷ
1736 5046 1857 5098 δευ-

270 5122 425 5190 τέρῳ
453 5123 611 5193 μέρει
640 5125 741 5195 τῆς
768 5126 1087 5197 διαιρέσεως
1131 5133 1233 5203 τὴν
1262 5135 1540 5206 ἡμετέραν
1570 5138 1856 5191 ἀποδιδόα»

275 5227 381 5279 μεν
408 5214 594 5281 δοξαν,
620 5217 747 5271 ὅσον
776 5223 919 5274 κατὰ
947 5222 1011 5274 τὸ
1046 5225 1301 5294 πρᾶγμα,
1344 5228 1472 5279 ἐπεὶ
1517 5224 1644 5298 περὶ
1677 5245 1855 5297 πραγ-

275 5304 467 5371 μάτων
492 5308 625 5377 ἡμῖν
648 5309 679 5360 ὁ
710 5309 870 5378 λόγος
902 5314 997 5365 καὶ
1026 5317 1056 5384 ἡ
1093 5317 1319 5388 σπουδή.
1352 5320 1414 5372 Ei
1444 5319 1489 5373 δ’
1522 5322 1642 5373 ἐστί
1671 5339 1726 5374 τι
1757 5323 1851 5375 καὶ

274 5396 536 5464 ἀνόμοιον
562 5401 622 5452 ἐν
649 5400 729 5471 τῷ
761 5401 1021 5469 λέγεσθαι
1050 5406 1258 5461 τούτων
1291 5410 1551 5484 ἑκάτερον
1582 5413 1691 5466 τῶν
1740 5432 1855 5467 κοι-

276 5490 406 5554 νῶν,
435 5491 537 5544 οῦκ
562 5494 671 5547 ἀπὸ
698 5498 797 5566 τῆς
814 5499 910 5550 τοῦ
938 5503 1263 5572 πράγματος
1287 5505 1483 5568 εἰδότες
1510 5507 1726 5577 φύσεως
1754 5508 1853 5580 τὴν

276 5580 541 5653 διαφορὰν
567 5588 924 5655 ἀπαντῶσιν,
966 5593 1088 5647 ἀλλ’
1141 5596 1205 5648 ἐκ
1233 5600 1332 5668 τῆς
1373 5599 1484 5652 τῶν
1511 5660 1519 5665 ,
1544 5601 1851 5669 προσώπων

350 5747 426 5805 (ll
454 5745 665 5805 510ml.
698 5750 794 5808 192
837 5770 886 5811 a.
912 5755 1055 5819 οὔτε,

1964 4599 2054 4653 nis
2082 4597 2341 4667 principii
2367 4605 2423 4651 et
2449 4612 2538 4652 res
2568 4605 2624 4651 et
2653 4597 3054 4652 denominatio.
3085 4597 3155 4653 Et
3183 4600 3541 4669 quemadmoo

1966 4688 2099 4744 dum
2127 4688 2445 4744 communio
2469 4689 2522 4743 in
2546 4689 2759 4745 ratione
2787 4688 3106 4760 principiali
3130 4705 3310 4760 neque
3338 4690 3538 4746 Filium

1962 4791 2019 4837 et
2051 4782 2319 4852 Spiritum
2368 4783 2425 4838 in
2470 4798 2642 4836 unum
2693 4784 2976 4839 contrahit
3017 4799 3198 4854 neque
3238 4799 3267 4839 a
3301 4784 3539 4839 consub-

1962 4873 2323 4928 stantialitate
2352 4889 2474 4927 cum
2519 4874 2679 4929 Patre
2726 4874 2970 4943 expellit,
2998 4888 3123 4929 cum
3154 4882 3264 4945 quo
3290 4889 3538 4929 commu-

1967 4963 2189 5019 nionem
2222 4980 2333 5019 non
2379 4966 2586 5021 habent
2620 4966 2676 5020 in
2722 4966 3177 5022 denominatione
3206 4974 3264 5021 et
3293 4981 3352 5021 re
3391 4967 3536 5038 prin-

1960 5055 2176 5123 cipiali,
2204 5056 2278 5111 ita
2309 5067 2365 5110 et
2394 5058 2713 5113 communio
2745 5059 2800 5113 in
2832 5060 3045 5113 ratione
3071 5058 3330 5130 principii
3359 5072 3537 5128 neque

1961 5148 2177 5203 Patrem
2227 5161 2282 5204 et
2325 5151 2523 5205 Filium
2575 5153 2629 5205 in
2680 5168 2850 5207 unum
2883 5154 3184 5219 contrahit,
3216 5154 3421 5225 quibus
3474 5168 3535 5207 ea

1961 5239 2123 5302 inest.
2182 5257 2363 5313 neque
2418 5258 2517 5298 eos
2565 5246 2872 5301 secundum
2930 5255 3185 5301 naturam
3231 5255 3454 5316 separat
3504 5260 3534 5298 ε

1964 5331 2169 5399 Spiritu
2206 5343 2394 5404 utpote
2441 5345 2672 5406 experte
2724 5337 2894 5404 illius,
2925 5338 3072 5408 quod
3104 5338 3216 5393 illis
3243 5352 3329 5393 est
3381 5353 3535 5392 rom.

1961 5439 2149 5478 mune.
2180 5424 2386 5479 Horum
2430 5428 2607 5497 gratia
2654 5428 2901 5484 secundo
2945 5428 3241 5484 divisionis
3282 5428 3533 5484 membro

1961 5519 2291 5574 sententiam
2345 5531 2588 5577 nostram
2629 5521 2934 5591 iungimus,
2984 5532 3252 5593 quantum
3292 5522 3358 5577 ad
3416 5536 3531 5575 rem

1962 5610 2162 5681 ipsam,
2194 5618 2317 5668 cu‘m
2352 5612 2417 5669 de
2467 5613 2633 5670 rebus
2665 5614 2826 5671 nobis
2857 5612 3134 5671 sermo‘sit
3159 5623 3214 5670 et
3254 5615 3402 5673 circa
3442 5627 3533 5669 res
