3900 6216
224 248 280 308 57
1236 240 1678 302 IlEFU'l‘ATlO
1722 240 1962 300 .\'l.\llCI
2004 241 2391 301 EI’JIESINI.
3377 243 3444 304 58

227 361 405 424 μένους
428 355 564 424 πρὸς
597 352 833 422 ἑκάστης
874 351 1134 424 ἀληθείας
1180 355 1480 418 ἀπόδειξιν,
1518 355 1611 406 καί
1649 371 1770 406 τινα

1889 357 2307 426 Jniusenjusque
2344 357 2591 410 veritatis
2631 355 3157 411 demonstrationem
3221 369 3437 416 utentes

219 448 257 498 δ’
283 447 344 496 ὲκ
377 440 699 512 περιουσίας
730 479 745 502 ,
779 440 855 501 ὼς
888 442 1062 504 οὕτως
1107 443 1284 495 εἰπεῖν
1309 483 1324 506 ,
1357 443 1771 512 προστιθέντας,

220 540 339 596 ἴσως
362 535 420 586 οὐ
468 532 606 601 πρὸς
639 531 954 597 ἀπόδειξιν,
1005 531 1142 584 ἀλλά
1180 535 1318 601 πρὸς
1353 534 1650 603 βεϐαίωσιν
1680 533 1774 587 τοῦ

217 625 572 694 προκειμένου
618 621 795 676 ταῦτα
851 624 1228 686 συνάπτοντας
1253 663 1268 687 ,
1303 627 1397 677 καὶ
1432 626 1628 693 σοφίαν
1659 625 1778 677 ἐπι-

217 717 594 784 δεικνυμένους
624 716 737 776 τοῖς
768 714 874 767 ἀπὸ
895 715 994 783 τῆς
1024 714 1376 786 ἀνθρωπίνης
1409 718 1600 786 σοφίας
1636 715 1778 771 κατά

203 809 306 887 δτῆς
340 805 604 874 ἀληθείας
632 806 1114 874 στρατευομένοιςο
1150 806 1328 860 καίτοι
1347 809 1440 859 καὶ
1469 809 1566 874 τῆς
1597 806 1778 861 τοιαύ-

217 917 306 969 της
346 899 475 952 ἄνευ
523 897 772 966 ἀνάγκης
801 897 954 950 οὐδὲν
988 897 1192 966 ἀπᾷδον
1234 893 1302 966 ἦν
1337 896 1658 966 ἀνθρώπους
1693 897 1778 950 δν-

215 1007 304 1052 τας
330 989 424 1040 καὶ
447 989 733 1057 λογισμοῖς
760 1003 901 1041 τισιν
921 988 1294 1058 ἀνθρωπίνοις
1323 990 1628 1058 ἀμέμπτως
1658 989 1778 1041 δου-

215 1086 385 1138 λεύειν
415 1087 510 1139 καὶ
537 1086 732 1153 σοφίαν
759 1088 873 1147 τοῖς
911 1085 1182 1152 μαθηταῖς
1214 1084 1403 1153 χρῆμά
1435 1099 1487 1135 τι
1513 1082 1653 1135 θεῖον
1682 1084 1778 1136 και

214 1179 462 1246 μέγιστον
489 1176 919 1231 ἐπιδείκνυσθαι.
979 1175 1040 1227 Et
1081 1175 1214 1242 γοῦν
1265 1175 1442 1228 ταῦτα
1493 1175 1669 1243 Θωμᾶ
1694 1189 1777 1236 τις

213 1267 389 1333 μέλλοι
423 1266 500 1335 (Ι)
531 1266 886 1334 κατηγορεῖν,
915 1264 948 1334 ἢ
978 1265 1074 1332 τῆς
1101 1263 1358 1330 ἀληθείας
1393 1264 1566 1330 Θωμά
1596 1263 1777 1332 χάριν,

209 1358 418 1421 ἐξέσται
450 1359 548 1409 καὶ
588 1357 724 1409 πᾶσι
772 1358 885 1418 τοῖς
927 1355 1272 1424 βουλομένοις
1300 1352 1408 1405 τῶν
1452 1352 1651 1405 κοινῶν
1679 1353 1780 1420 τῆς

219 1449 553 1517 Ἐκκλησίας
584 1448 918 1502 διδασκάλων
949 1449 1297 1514 κατηγορεῖν,
1337 1444 1370 1514 ἦ
1422 1445 1517 1498 καὶ
1552 1443 1652 1513 τὴν
1686 1443 1780 1495 ὑπ’

206 1539 386 1592 αὐτῶν
459 1538 861 1608 διδασκομένην
919 1537 1184 1605 ἀλήθειαν
1239 1536 1422 1602 ὀλίγου
1479 1537 1777 1591 ποιεῖσθαι.

206 1629 342 1682 ’Δλλ’
375 1630 480 1682 οὐκ
531 1630 647 1682 εστι
679 1631 874 1692 ταῦτα,
917 1630 1018 1682 οὐκ
1073 1628 1214 1681 ἐστι.
1267 1629 1375 1680 Καὶ
1421 1627 1484 1680 σὺ
1519 1628 1649 1696 γὰρ,
1693 1629 1780 1681 ῖνα

205 1723 320 1784 τοὺς
364 1721 565 1782 ἀλλους
587 1721 939 1782 διδασκάλους
965 1720 1150 1788 παρῶ,
1181 1721 1241 1771 ἐν
1267 1713 1344 1781 οἷς
1372 1717 1486 1772 ἔστι
1514 1719 1778 1788 διαφορὰν

205 1816 293 1866 καὶ
335 1813 578 1881 βαθμὸν,
604 1814 728 1865 ὅσον
762 1813 896 1881 πρὸς
929 1813 1028 1878 τὴν
1057 1813 1154 1880 τῆς
1195 1812 1458 1881 ἀληθείας
1491 1810 1779 1874 ἀποδειξιν

207 1905 290 1956 καὶ
319 1904 429 1972 τὴν
481 1903 636 1973 ἰσχὺν
674 1901 786 1955 τῶν
827 1902 970 1970 ὑπὲρ
1023 1901 1226 1971 ταύτης
1268 1902 1479 1969 λόγων,
1532 1901 1776 1977 τιθέναι,

205 1995 262 2047 οὐ
315 1994 507 2048 πάντα
542 1995 610 2047 ἀν
661 1993 1019 2054 ἐπαινέσειας
1073 1993 1144 2046 τὰ
1190 1990 1286 2044 τοῦ
1328 1989 1636 2056 Καὸάσιλα,
1670 1990 1779 2043 οὐδ’

210 2084 268 2139 ἂν
299 2086 480 2140 πᾶσιν
527 2084 734 2152 ὁμοίως
768 2084 845 2146 ὡς
889 2082 1009 2153 μετ⁸
1053 2084 1303 2152 ἀνάγκης
1348 2081 1662 2153 εἰρημένοις
1717 2097 1778 2134 τε

218 2178 389 2250 θείης,
440 2179 561 2232 ἀλλ’
593 2179 742 2232 ἔστιν
801 2178 838 2231 ἂ
888 2177 985 2229 καὶ
1031 2175 1326 2246 παρέλθοις
1367 2175 1442 2239 ὡς
1473 2178 1535 2228 ὲκ
1577 2173 1780 2241 πολλῆς

211 2269 476 2340 είρημένα
533 2269 858 2339 περιουσίας
895 2265 1061 2339 (οὕτω
1111 2267 1220 2336 γὰρ
1271 2266 1452 2334 λέγειν
1503 2264 1734 2335 βέλτιον)
1764 2279 1777 2293 ⁸

210 2364 315 2416 ἀλλ’
341 2366 406 2416 ού
433 2364 523 2416 διά
555 2363 718 2415 τοῦτο
761 2363 860 2414 καὶ
906 2359 1000 2412 τοῦ
1050 2376 1232 2428 συμπε
1245 2361 1523 2429 ράσματος
1552 2360 1647 2411 καὶ
1672 2358 1780 2410 τῶν

212 2460 383 2514 ἀλλων
422 2455 597 2510 αὐτοῦ
634 2455 770 2524 πρὸς
803 2455 962 2508 τοῦτο
996 2454 1173 2522 λόγων
1216 2453 1603 2521 καταφρονεῖς,
1642 2450 1782 2522 ὑπὲρ

209 2545 277 2605 ὧν
303 2551 402 2604 καὶ
432 2550 535 2618 τὴν
570 2547 750 2618 ψυχὴν
792 2546 1023 2616 ἑτοίμως
1058 2546 1202 2615 ἔχεις
1246 2544 1532 2614 προέσθαι.
1565 2541 1784 2595 Τούτων

209 2646 385 2698 τοίνυν
424 2643 621 2695 εἵνεκα
651 2642 762 2703 τοῖς
793 2640 976 2700 ἀλλοις
1015 2637 1413 2706 ἐπιχειρήμασι
1441 2636 1537 2688 καὶ
1579 2634 1780 2705 λόγοις,

208 2738 269 2790 δι’
307 2731 388 2790 ὧν
432 2739 463 2789 ὁ
508 2734 717 2802 Θωμᾶς
765 2735 830 2802 τῇ
875 2731 1002 2802 δόξῃ
1056 2731 1230 2799 ταύτῃ
1304 2728 1642 2798 συνηγορεῖ,
1683 2726 1782 2795 τὴν

211 2827 504 2898 ἀκρίὸειαν
546 2827 644 2878 καὶ⁴
677 2823 776 2893 τὴν
825 2823 1074 2888 ἀνάγκην
1123 2818 1531 2890 μαρτυροῦντες
1577 2817 1628 2869 οί
1661 2817 1781 2887 μετ’

208 2921 420 2972 ἐκεῖνον
460 2917 528 2971 τά
572 2916 799 2969 τοιαῦτα
845 2913 1183 2983 σκεψάμενοι
1237 2910 1328 2964 τὸν
1381 2912 1510 2980 περὶ
1536 2910 1634 2978 τῆς
1667 2911 1783 2962 δια-

213 3015 448 3084 κρίσεως
490 3007 684 3062 τοῦτον
714 3007 874 3075 λόγον
906 3006 1007 3058 οὐκ
1047 3004 1428 3074 ἀποδέχονται,
1457 3000 1576 3056 ἀλλ’
1604 3001 1664 3053 οὐ
1697 2999 1783 3052 διὰ

215 3101 371 3155 τοῦτο
421 3101 521 3152 καὶ
577 3097 677 3168 τὴν
723 3096 982 3165 τοιαύτην
1037 3096 1463 3163 ἀποπέμπονται
1501 3091 1682 3158 δόξαν,
1717 3091 1785 3161 ῆν

215 3195 468 3255 πολλαῖς,
507 3191 711 3260 μᾶλλον
749 3189 806 3242 δὲ
837 3190 1038 3252 πάσαις
1071 3189 1343 3256 ἀνάγκαις
1376 3186 1556 3258 ἀληθῆ
1585 3186 1786 3254 τυγχά-

212 3305 319 3340 νειν
352 3287 448 3340 καὶ
496 3282 820 3338 πιστεύουσι
876 3284 970 3337 καὶ
999 3282 1360 3336 δεικνύουσιν.
1393 3282 1530 3337 Οὖδέ
1556 3299 1640 3336 σοι
1671 3279 1786 3333 τοί-

213 3398 302 3433 νυν
335 3379 482 3449 μέγα
507 3374 853 3446 λυσιτελήσει
909 3373 1272 3442 σαλευόμενος
1322 3366 1478 3434 οὗτος
1525 3374 1552 3424 ὁ
1605 3371 1782 3437 λόγος,

215 3474 326 3526 εῖτε
365 3473 464 3523 καὶ
504 3467 770 3522 σαλεῦσαι
814 3466 1004 3520 τοῦτον
1045 3465 1299 3536 ἠδύνασο·
1339 3463 1437 3518 νῦν
1476 3463 1586 3535 γὰρ
1613 3465 1785 3534 δήπου

216 3562 571 3616 παντάπασιν
604 3559 880 3620 ἀδυνάτως
913 3556 1055 3626 ἔχεις
1102 3557 1195 3608 καὶ
1229 3554 1488 3626 καθάπερ
1519 3556 1547 3606 ὁ
1575 3553 1784 3622 Θωμᾶς

217 3659 274 3710 ὲν
301 3657 479 3724 τούτῳ
528 3651 610 3723 τῷ
663 3651 808 3719 λόγῳ
865 3648 1084 3718 σαθρῶς
1130 3647 1206 3718 (2)
1233 3664 1293 3700 τε
1335 3646 1430 3700 καὶ
1476 3645 1786 3715 ἀνισχύρως

219 3745 634 3818 συνηγορεύσας
676 3745 752 3814 (5)
791 3741 952 3810 ῶφθη
979 3742 1044 3810 τῇ
1070 3739 1228 3810 δόξῃ,
1259 3739 1327 3810 ἥν
1355 3738 1423 3791 δι’
1452 3739 1628 3792 ἀλλων
1659 3738 1787 3791 πολ-

217 3844 323 3897 λῶν
349 3841 590 3911 ἰσχυρῶς
615 3836 1018 3895 ἀποδείκνυσιν,
1061 3833 1204 3885 οὓτω
1234 3833 1330 3886 καὶ
1361 3832 1426 3885 σὺ
1471 3831 1685 3902 σαθρῶς
1727 3846 1786 3883 τε

216 3937 311 3990 καὶ
337 3933 654 4003 ἀνισχύρως
690 3929 786 3984 νῦν
833 3930 1081 3996 ἐλέγχεις
1115 3926 1177 3979 τὸ
1214 3925 1433 3995 ψεῦδος,
1460 3925 1547 3978 ἵνα
1581 3925 1657 3995 μὴ
1688 3925 1786 3994 μό-

223 4045 304 4081 νον
335 4029 393 4080 ἑν
420 4027 539 4086 τοῖς
573 4022 719 4076 κατὰ
755 4027 854 4092 τῆς
888 4023 1148 4094 ἀληθείας
1169 4019 1401 4086 ἀγῶσιν,
1423 4017 1559 4070 ἀλλά
1583 4017 1648 4088 δὴ
1685 4018 1788 4070 κάν

224 4124 328 4184 τοῖς
354 4121 451 4174 τοῦ
486 4118 720 4188 ψεύδους
761 4119 1005 4188 ἐλέγχοις
1045 4119 1220 4187 φανῇς
1256 4111 1414 4182 ὀλὶγα
1464 4112 1784 4183 δυνάμενος.

229 4214 413 4267 Καίτοι
476 4212 576 4264 καὶ
626 4209 787 4264 τοῦτο
837 4210 1169 4280 σαθρότητος
1202 4208 1268 4264 ἀν
1299 4222 1382 4268 τις
1415 4205 1562 4256 εῖποι
1590 4204 1791 4272 δεῖγμα

229 4306 591 4374 σαφέστατον,
621 4303 704 4356 ὃτι
735 4304 969 4372 σαπραῖς
1004 4317 1114 4352 τισι
1153 4301 1249 4351 καὶ
1283 4297 1543 4358 παλαιαῖς
1581 4295 1790 4348 ἀντιλο-

1881 446 2127 513 ιιιιωάειιιι
2175 462 2240 499 ex
2289 446 2645 506 abundantia.
2705 456 2763 498 ιιι
2814 447 2887 499 ita
2932 447 3132 511 dicam,
3179 448 3439 520 adjicere,

1879 537 2112 592 fortasse
2143 554 2250 592 non
2285 538 2353 592 ad
2387 540 2940 603 demonstrationem,
2989 541 3083 594 sed
3119 541 3188 594 ad
3244 543 3444 597 contir-

1879 627 2175 680 mationetn
2209 643 2321 680 sua:
2352 628 2739 696 propositionis
2787 628 2902 682 haec
2944 639 3133 697 aptare
3165 609 3332 700 atque
3363 648 3447 686 sa-

1880 716 2148 777 pientiam
2195 719 2486 772 ostendere
2537 718 2603 772 iis
2636 719 2728 788 qui
2773 735 2837 772 ex
2887 720 3128 776 humana
3180 725 3448 793 sapientia

1880 816 2074 865 contra
2117 809 2398 861 veritatem
2428 808 2748 873 decertant;
2786 825 3098 879 quanquam
3138 824 3194 868 et
3240 814 3449 883 absque

1881 898 2150 966 ejusmodi
2189 900 2519 955 necessitate
2554 917 2659 954 non
2707 902 2973 955 absonum
3008 913 3149 966 erat,
3195 920 3317 957 cum
3352 907 3448 958 ho-

1882 991 2060 1045 mines
2094 992 2226 1055 sint,
2267 1002 2323 1048 et
2367 993 2620 1046 humanis
2658 992 2984 1063 quibusdam
3019 995 3448 1064 eogitatiozdhus

1881 1082 2001 1136 sine
2035 1083 2312 1150 vituperio
2338 1098 2433 1137 eus
2460 1087 2672 1140 servire
2717 1094 2771 1138 et
2803 1085 3126 1153 sapientiam
3168 1087 3450 1158 dise'pulis

1881 1187 1996 1226 rem
2056 1173 2349 1241 quamdam
2390 1173 2630 1228 divinam
2664 1183 2720 1230 et
2790 1177 3080 1230 maximam
3142 1188 3447 1234 ostentare.

1883 1261 1937 1318 Si
1973 1265 2098 1332 quis
2143 1265 2309 1334 igitur
2339 1276 2564 1334 propter
2595 1267 2710 1320 haec
2749 1267 3014 1321 Thomam
3047 1270 3210 1324 vellet
3260 1287 3449 1340 repre-

1881 1355 2127 1414 hendere
2171 1357 2254 1408 vel
2300 1355 2527 1411 Thema:
2575 1357 2749 1426 gratia
2805 1360 3116 1424 veritatem,
3162 1361 3351 1415 licebit
3397 1371 3453 1418 et

1882 1445 2160 1507 omnibus,
2181 1445 2496 1514 quicunque
2524 1445 2815 1506 voluerint.
2844 1462 3163 1502 communes
3193 1449 3452 1504 Ecclesiae

1884 1538 2175 1606 magistros
2221 1553 2486 1598 accusare
2537 1538 2619 1591 vel
2676 1533 2928 1597 traditam
2963 1539 3032 1594 ab
3065 1541 3129 1595 iis
3167 1538 3449 1596 veritatem

1886 1629 2041 1695 parvi
2073 1627 2272 1681 facere.
2311 1627 2418 1680 Sed
2453 1643 2563 1682 non
2605 1628 2678 1681 ita
2715 1637 2819 1692 est,
2851 1643 2962 1682 non
2994 1631 3086 1684 ita.
3117 1629 3197 1684 Tu
3223 1634 3449 1698 etenim,

1884 1728 1941 1772 ut
1975 1729 2204 1773 czeteros
2233 1720 2522 1790 magistros
2543 1719 2816 1783 omittam,
2855 1721 2997 1775 inter
3027 1737 3166 1791 quos
3192 1723 3452 1779 tliﬂ‘eren-

1885 1813 2010 1862 tiam
2038 1817 2092 1862 et
2121 1809 2374 1879 gradum,
2409 1822 2676 1880 quantum
2721 1810 2786 1864 ad
2820 1810 3072 1866 veritatis
3101 1814 3450 1868 demonstra-

1881 1902 2083 1956 tionem
2105 1911 2161 1955 et
2185 1903 2290 1955 vim
2318 1901 2800 1956 ratiocinationum
2831 1917 2928 1971 pro
2955 1905 3070 1970 ipsa
3093 1903 3452 1971 prolatarum.

1881 2001 2123 2046 statuere
2159 1993 2312 2054 licet,
2341 2000 2421 2058 tu,
2455 1993 2678 2061 inquam
2730 1993 2876 2048 haud
2931 2002 3132 2048 cuneta
3184 1995 3452 2064 approba-

1883 2086 2028 2140 veris
2053 2085 2335 2150 Cabasilai,
2373 2100 2552 2155 neque
2573 2085 2829 2142 omnibus
2862 2087 3058 2141 eodem
3091 2088 3255 2141 modo
3288 2088 3453 2142 veluti

1883 2179 2216 2232 necessitate
2247 2178 2420 2249 logica
2471 2179 2767 2248 disputatis
2801 2179 3121 2242 adlueseris,
3169 2181 3282 2234 imo
3325 2189 3456 2234 sunt

1884 2269 2168 2334 nonnulla,
2216 2285 2337 2338 quae
2382 2271 2664 2339 praeterire
2716 2271 2975 2325 malueris
3035 2279 3094 2324 ut
3137 2286 3202 2325 ex
3261 2288 3454 2340 magna

1884 2359 2224 2413 abundantia
2271 2360 2419 2414 dicta
2467 2361 2565 2431 (ita
2613 2361 2762 2415 enim
2815 2363 3003 2416 dicere
3053 2367 3322 2431 praestat);
3357 2363 3453 2417 sed

1886 2467 1996 2506 non
2019 2462 2309 2522 prOpterea
2341 2461 2396 2507 et
2426 2453 2730 2509 illatitmetn
2762 2464 2820 2508 et
2841 2455 2978 2508 alias
3006 2456 3251 2525 ejusdem
3285 2456 3458 2511 ratio-

1886 2560 1984 2599 nes
2016 2546 2082 2599 ad
2129 2545 2272 2599 idem
2305 2546 2593 2600 tendentes
2626 2546 2863 2616 spernis,
2919 2562 3016 2616 pro
3055 2547 3256 2616 quibus
3290 2549 3456 2601 etiam

1884 2636 2050 2690 vitam
2086 2638 2421 2706 profundere
2446 2647 2671 2709 paratus
2700 2654 2780 2692 es.
2834 2636 2913 2692 0b
2939 2637 3036 2692 has
3067 2639 3234 2708 igitur
3263 2653 3458 2694 causas

1889 2731 2012 2785 aliis
2046 2730 2385 2801 argumentis
2439 2739 2494 2784 et
2537 2730 2861 2795 rationibus,
2898 2746 2996 2799 per
3039 2747 3177 2799 quas
3221 2729 3460 2785 Thomas

1891 2823 2021 2877 huic
2065 2822 2356 2878 sententia:
2401 2822 2756 2891 suﬂ‘ragatur,
2793 2833 3108 2878 accuratam
3154 2838 3216 2878 ac
3259 2839 3461 2893 cogen-

1892 2922 1999 2966 tem
2032 2912 2396 2982 persuadendi
2425 2912 2534 2966 vim
2564 2921 2912 2973 attestantes.
2949 2911 3026 2965 illi
3058 2911 3149 2980 qui
3182 2921 3305 2980 post
3331 2926 3459 2966 eunt

1813 3027 1854 3083 ο
1891 3006 2004 3060 hare
2025 3004 2423 3074 disquisierunt
2450 3005 2553 3059 hoc
2583 3004 2650 3058 de
2673 3003 3026 3058 distinctione
3052 3006 3460 3076 (personarum)

1889 3103 2269 3166 argumentum
2304 3110 2414 3148 non
2437 3093 2758 3156 admittunt,
2793 3094 2887 3148 sed
2921 3094 3147 3148 minime
3173 3103 3462 3164 propterea

1888 3199 1944 3242 et
1988 3187 2132 3241 hanc
2169 3186 2499 3242 sententiam
2548 3186 2827 3254 rejiciunt.
2864 3203 3026 3256 quam
3057 3188 3314 3255 plurima,
3349 3189 3461 3243 into

1889 3279 2037 3333 omni
2093 3277 2428 3333 necessitate
2457 3292 2642 3332 veram
2689 3293 2811 3333 esse
2845 3287 2900 3333 et
2946 3281 3181 3334 credunt
3228 3287 3284 3334 ct
3323 3295 3455 3348 pro-

1891 3373 2042 3425 ιιιιιιι.
2095 3372 2284 3440 Neque
2337 3372 2504 3440 igitur
2545 3371 2778 3426 multum
2821 3372 2921 3427 tibi
2970 3372 3215 3442 proderit
3258 3383 3462 3428 nutans

1892 3465 1996 3518 ista
2038 3464 2200 3526 ratio,
2237 3465 2457 3518 etiamsi
2487 3463 2564 3517 illi
2598 3464 2940 3519 inﬁrmanda:
2963 3480 3060 3534 par
3089 3478 3279 3531 esses;
3314 3479 3464 3519 nunc

1889 3571 2020 3611 vero
2046 3554 2197 3610 omni
2228 3569 2296 3608 ex
2327 3563 2484 3623 parte
2534 3554 2713 3624 impar
2757 3565 2812 3610 et
2859 3556 3151 3624 impotens.
3195 3567 3252 3610 et
3317 3556 3463 3611 sicut

1890 3648 2126 3702 Thomas
2159 3647 2210 3700 in
2267 3647 2372 3701 hoc
2403 3659 2729 3717 argumento
2767 3647 3027 3702 debilitor
3055 3657 3111 3702 et
3144 3649 3262 3703 sine
3289 3664 3463 3702 nervo

1889 3757 2011 3798 eam
2059 3744 2388 3800 sententiam
2446 3740 2758 3796 defendisse
2808 3742 2958 3795 visus
3004 3750 3110 3804 est,
3155 3756 3319 3810 quam
3364 3757 3464 3811 per

1892 3836 2092 3890 multas
2113 3835 2247 3889 alias
2274 3835 2517 3888 rationes
2535 3833 2754 3888 fortiter
2775 3835 3182 3903 comprobavit,
3217 3836 3297 3890 sic
3326 3846 3381 3889 et
3406 3846 3460 3889 tu

1891 3927 2150 3982 debiliter
2195 3942 2260 3982 ac
2290 3930 2409 3981 sine
2447 3941 2617 3981 nervo
2667 3940 2817 3979 nunc
2849 3925 3059 3980 refutas
3094 3928 3464 3993 mendacium,

1893 4031 1952 4076 ut
1985 4034 2092 4074 non
2143 4020 2322 4074 solum
2365 4019 2423 4074 in
2469 4017 2868 4073 certaminibus
2916 4029 3109 4072 contra
3153 4022 3462 4086 veritatem,

1893 4127 2083 4167 verum
2119 4112 2283 4166 etiam
2343 4112 2396 4165 in
2450 4110 2720 4165 mendacii
2762 4109 3096 4166 refutatione
3148 4127 3318 4179 pauca
3371 4126 3468 4164 va-

1892 4205 2012 4259 lens
2052 4218 2346 4274 apparens.
2377 4203 2705 4272 Quanquam
2750 4210 2807 4255 et
2859 4201 2964 4256 hoc
3004 4201 3307 4258 debilitatis
3342 4203 3467 4273 quis

1893 4295 2590 4350 dixeritevidentissimum
2625 4294 2868 4362 signum,
2898 4294 3044 4362 quod
3074 4295 3324 4349 futilibus
3347 4296 3470 4365 qui-

228 4369 363 4462 γίαις
401 4394 592 4466 βούλει
642 4393 770 4451 τοὺς
805 4369 1070 4454 Λατίνους
1124 4389 1392 4458 ἐλέγχειν.
1426 4386 1494 4438 ’Δ
1534 4385 1642 4456 γὰρ
1685 4384 1784 4454 φῂς

1894 4389 2123 4442 busdam
2158 4397 2212 4441 et
2237 4387 2467 4442 vetustis
2505 4384 2917 4455 objectionibus
2961 4399 3024 4437 ac
3071 4385 3466 4439 contradictio-

231 4489 358 4556 πρὸς
382 4489 491 4558 τὴν
521 4483 616 4538 τοῦ
642 4485 815 4552 Θωμᾶ
843 4483 951 4536 ἀπὸ
995 4482 1094 4550 τῆς
1137 4480 1466 4551 διακρίσεως
1508 4475 1794 4544 ἐπιχείρη-

234 4599 310 4635 σιν
336 4581 441 4651 (4),
473 4579 597 4633 εἶπε
629 4577 730 4648 μὲν
754 4575 785 4628 ὁ
814 4573 1126 4635 Καὸασιλας
1165 4572 1260 4624 καὶ
1290 4570 1476 4623 πολλοὶ
1514 4567 1626 4639 πρὸ
1651 4568 1795 4620 ὲκεί-

234 4692 316 4726 νοο
351 4676 450 4727 καὶ
503 4671 622 4740 μετ’
652 4671 884 4730 ἐκεῖνον,
929 4667 1024 4720 καὶ
1070 4665 1276 4727 πάντες
1327 4662 1532 4731 ταύτην
1570 4659 1794 4731 μεμψά-

241 4784 380 4834 μενοι
419 4765 739 4834 φαίνονται.
803 4758 1064 4829 Κυδώνης
1110 4757 1166 4810 δέ
1209 4773 1296 4820 τις
1341 4756 1676 4826 συνηγορίαν
1714 4751 1794 4822 τῷ

238 4859 397 4930 Θωμᾷ
425 4857 788 4927 χαριζόμενος
837 4852 993 4906 οὐδέν
1028 4867 1084 4904 τι
1116 4847 1424 4918 δυναμένας
1457 4846 1558 4907 τὰς
1584 4842 1794 4896 ἀντιλο-

239 4952 349 5014 zu,-
396 4947 600 5009 ταύτας
643 4943 847 5008 ἱκανῶς
886 4941 1274 4996 ἀποδιίκνυσιν
1297 4977 1315 5006 ,
1362 4937 1505 4992 ὥστε
1557 4937 1654 4988 καί
1690 4951 1795 5006 μηο

305 5102 378 5173 (1)
411 5104 554 5158 MOI).
584 5104 621 5158 l’.
644 5101 746 5158 194
773 5102 830 5168 ι),
859 5099 1035 5173 μέλοι.

302 5164 373 5242 ('2)
405 5177 552 5228 Men.
575 5174 611 5227 l'.
643 5173 748 5228 195
777 5164 828 5236 a,
859 5164 1073 5239 ’σαφῶς,
1094 5168 1246 5242 quod
1281 5164 1671 5237 corrigendum
1709 5180 1794 5220 se.

250 5241 453 5309 qutlllla
491 5260 556 5299 ac
588 5251 881 5298 contextus
913 5241 1232 5296 ostendunt.

311 5376 380 5443 la)
418 5377 726 5432 Demetrius
765 5377 793 5428 ὁ
835 5374 1084 5450 Κυδὼνη,
1143 5371 1664 5450 Cydon_ius_d_ict_us,
1697 5384 1795 5450 Sie-

254 5455 360 5497 cuto
391 5451 601 5502 decimo
631 5457 828 5516 quarto
857 5443 1114 5500 unionem
1149 5457 1274 5516 cum
1322 5443 1532 5516 Latinis
1560 5443 1797 5516 insigni-

256 5525 326 5566 ter
354 5511 711 5590 propugnavit
738 5525 905 5590 atque
933 5527 1130 5590 praeter
1157 5512 1496 5590 alia__scripta
1515 5511 1589 5590 Aab
1628 5513 1795 5590 arcu-

255 5599 332 5634 me
356 5580 494 5641 inter
521 5580 785 5656 opuscula
806 5580 973 5656 aurea
993 5588 1140 5638 edita
1168 5595 1223 5656 et
1251 5583 1473 5656 Thema:
1500 5580 1796 5656 Aquinalis

261 5650 690 5727 versicuem'pro
746 5655 984 5726 ejusdem
1031 5654 1275 5726 Angeliei
1307 5652 1558 5708 Doctoris
1606 5650 1800 5704 delen-

1894 4482 2062 4535 nibus
2108 4482 2192 4535 vis
2247 4481 2518 4537 refellere.
2558 4482 2689 4545 Quae
2732 4481 2877 4534 enim
2925 4478 3191 4531 adversus
3242 4477 3470 4532 Thomre

1895 4574 2041 4629 circa
2069 4574 2483 4628 distinctionem
2529 4573 3004 4628 ratiocinationem
3031 4571 3301 4642 disputas,
3329 4573 3467 4626 dixit

1891 4667 2002 4736 jam
2025 4666 2326 4730 Cabasilas,
2355 4673 2412 4720 et
2440 4665 2595 4719 multi
2630 4673 2760 4720 ante
2781 4680 2906 4720 eum
2941 4673 2997 4718 et
3028 4674 3152 4733 post
3180 4679 3329 4730 eum,
3356 4679 3474 4717 om-

1896 4773 2106 4829 nesque
2161 4759 2310 4812 illam
2370 4758 2798 4828 reprehendisse
2852 4756 3135 4812 videntur.
3189 4754 3470 4826 Cydonius

1896 4864 2078 4907 autem
2129 4851 2350 4920 quidam
2385 4850 2460 4920 (α)
2495 4851 2717 4905 Thema:
2762 4850 3083 4919 sull‘ragium
3129 4858 3180 4904 et
3233 4848 3472 4917 patroci-

1898 4944 2052 4999 nium
2087 4941 2329 5013 largiens
2374 4940 2512 4995 nihil
2546 4940 2727 4996 valere
2767 4942 2864 4994 has
2911 4939 3252 5010 objectioncs
3295 4937 3474 4992 valide

1967 5099 2048 5170 (5)
2082 5097 2226 5154 Man.
2264 5095 2694 5170 cuvayopetiqac.

1970 5162 2046 5233 ιι)
2084 5162 2496 5231 Μοιιηάπότε
2560 5168 2656 5234 τῆς
2715 5162 3046 5234 διακρίσεως
3109 5163 3474 5232 ἐπιχειρήμαο-

1901 5257 2006 5292 σιν.
2041 5237 2296 5292 Fortasse
2327 5247 2383 5292 et
2409 5235 2541 5306 quid
2570 5241 2747 5290 deest.

1898 5370 2056 5425 sione
2117 5369 2320 5424 librum
2366 5371 2432 5424 de
2484 5369 2836 5438 processione
2877 5366 3120 5438 Spiritus
3171 5363 3344 5438 sancti
3379 5363 3475 5418 ad-

1898 5455 2096 5495 versus
2127 5442 2388 5494 elenchos
2414 5435 2678 5493 Ua'basilte
2715 5441 2983 5493 exaravit.
3019 5435 3152 5489 Vide
3185 5437 3470 5495 Allatium,

1897 5511 1974 5635 lDe
2008 5511 2390 5634 Eccl.lé)ecizl_.
2432 5523 2486 5563 et
2517 5511 2730 5565 Ot'ietJ.
2769 5519 3033 5580 perpetua
3078 5520 3471 5570 conscttswnc.

1919 5621 1931 5635 .
1971 5595 2032 5635 Il.
2067 5597 2156 5635 C.’
2223 5597 2320 5635 ,ης
2363 5601 2414 5635 υ.

1919 5621 1931 5636 .
1971 5595 2032 5650 ιι,
2067 5597 2114 5636 c.
2154 5595 2236 5644 ιδ,
2265 5597 2320 5634 ιι.
2363 5601 2414 5636 υ.
