3900 6216
440 254 510 315 ω
1672 243 1713 300 o
1730 243 1926 302 eone
1944 242 2000 301 ιι

2138 242 2333 301 HDLA
2348 243 2390 301 ll
2407 244 2419 300 l
2439 244 2459 301 [
3619 241 3688 307 60

437 362 699 426 ostendit,
747 361 820 416 ita
872 370 933 416 ut
982 375 1142 415 nemo
1172 368 1432 414 caeterum
1480 355 1795 427 reperiatur
1841 368 2018 424 usque

2137 353 2247 406 ἴένα
2278 354 2467 409 λοιπὸν
2515 356 2807 427 εὑρεθῆναι
2855 356 3020 428 μέχρι
3060 356 3153 412 τοῦ
3191 357 3289 412 νῦν
3328 357 3429 432 τήν
3464 376 3691 431 συνηγοη

441 470 588 511 ιιιιιιο
620 456 762 508 hanc
796 452 1172 507 defensionem
1212 450 1469 505 refellens
1502 449 1620 502 zelo
1652 447 1902 503 veritatis
1929 445 2014 500 vel

443 562 677 617 parcens
709 544 975 603 Cabasila:
1010 543 1187 605 fama},
1243 557 1363 611 quae
1404 540 1675 609 ejusmodi
1721 554 1878 609 passa
1929 547 2014 592 est

443 638 826 694 infortunium.
891 637 1051 692 llisce
1111 634 1280 704 igitur
1337 632 1641 701 antiquatis
1696 641 1752 685 et
1806 629 2017 683 honore

442 731 639 801 quovis
670 730 901 799 privatis
933 728 1513 797 argumentationibus
1550 725 1717 780 veluti
1763 719 2018 793 genuinis

442 822 609 875 armis
634 821 813 875 fretus
841 820 985 874 idem
1024 835 1150 875 cum
1188 818 1383 889 primis
1410 834 1600 871 eorum
1634 814 2017 870 inventoribus

443 915 749 982 periculum
786 913 969 970 subis.
1002 912 1309 981 Oportebat
1353 927 1488 965 vero
1515 920 1566 962 te
1599 909 1782 978 potius
1829 918 2018 960 osten-

442 1010 596 1070 dere,
644 1006 855 1061 eisdem
902 1006 1313 1073 objectionibus
1364 1002 1670 1072 Cydonium
1720 999 2018 1071 sephistice

443 1100 721 1154 restitisse
756 1107 811 1153 et
844 1106 975 1154 tunc
1017 1108 1323 1165 opportune
1371 1095 1702 1165 procederes
1753 1092 1818 1145 ad
1852 1107 2015 1159 argu-

440 1192 648 1245 endunt
679 1190 947 1245 Thomam
981 1199 1036 1243 et
1081 1188 1328 1257 ejusdem
1364 1187 1825 1241 ratiocinationes
1854 1200 2020 1254 argu-

443 1282 636 1343 endas,
673 1283 745 1335 ita
779 1290 836 1334 ut
889 1280 960 1334 de
998 1287 1201 1333 caetero
1234 1292 1414 1345 neque
1470 1276 1776 1347 apologiam
1829 1284 2019 1328 contra

445 1377 549 1430 ista
612 1376 979 1430 necessariam
1016 1388 1135 1429 esse
1189 1388 1466 1427 censeres.
1531 1371 1821 1425 Sufficiunt
1869 1370 2019 1424 enim

442 1468 677 1538 Cydonii
706 1468 971 1536 apologia:
998 1475 1054 1520 et
1088 1465 1349 1528 maxime,
1381 1473 1437 1516 et
1466 1472 1658 1517 contra
1687 1477 1780 1516 eas
1812 1461 1886 1515 nil
1923 1476 2022 1530 po-

448 1561 582 1614 teris
617 1576 898 1630 oggerere,
944 1558 1391 1629 quandoquidem
1424 1557 1713 1625 hucusque
1756 1571 1864 1609 non
1927 1570 2023 1624 po-

448 1652 621 1706 tuisti.
655 1652 855 1706 Verum
896 1659 955 1705 ut
980 1667 1127 1704 nunc
1159 1651 1342 1704 discas
1370 1664 1493 1703 esse
1532 1649 1680 1703 viros
1706 1664 1812 1702 non
1844 1649 2020 1702 solum

451 1752 501 1797 te
532 1744 916 1811 sapientiores,
947 1742 1043 1799 sed
1070 1744 1234 1796 etiam
1264 1741 1537 1813 Cydonio,
1563 1741 1655 1809 qui
1696 1750 1874 1794 tamen
1910 1756 2023 1809 prae

452 1837 559 1890 tuis
596 1836 875 1905 magistris
909 1849 1242 1904 magnopere
1282 1833 1515 1891 excellit.
1563 1832 1860 1896 doctiores,
1890 1846 2023 1885 con-

447 1928 695 1981 cedimus
731 1927 855 1987 tibi.
888 1926 1155 1979 Thomam
1214 1925 1269 1979 in
1311 1923 1397 1976 Itis
1435 1940 1547 1978 non
1600 1924 1878 1993 stringens
1920 1924 2023 1979 de-

448 2019 595 2073 disse
628 2028 1012 2089 argumentum
1058 2027 1116 2070 et
1166 2016 1473 2087 Cydonium
1510 2016 1559 2071 ei
1591 2016 2024 2086 patrocinentetn

452 2112 508 2163 in
547 2110 672 2163 aliis
714 2110 937 2178 quidem
981 2117 1031 2162 ct
1082 2110 1319 2177 ingenue
1346 2118 1548 2163 etcum
1584 2110 1813 2162 veritate
1847 2107 1901 2161 id
1943 2108 2027 2161 fa-

449 2216 595 2263 cere,
647 2204 749 2255 hac
784 2217 917 2255 vero
954 2201 1007 2254 in
1043 2210 1196 2270 parte
1243 2200 1502 2254 nobiliter
1547 2208 1604 2254 et
1640 2209 1788 2254 recte
1837 2209 2027 2254 contra

450 2294 757 2348 Cabasilam
790 2308 1063 2363 pugnare,
1094 2294 1187 2362 qui
1217 2292 1484 2346 Thomam
1518 2306 1577 2345 se
1613 2291 1856 2346 refutare
1903 2292 2027 2361 opi-

450 2387 690 2440 nabatur
746 2386 1060 2440 nullatenus
1094 2385 1145 2438 id
1197 2386 1406 2446 valens,
1441 2384 1585 2453 quod
1621 2384 1687 2437 ad
1741 2385 2027 2440 veritatem

452 2488 635 2531 tamen
685 2487 917 2546 spectat,
964 2476 1193 2530 minime
1241 2485 1366 2544 apte
1416 2490 1481 2530 ac
1532 2476 1734 2530 valide.
1770 2477 1878 2531 Sed
1916 2490 2028 2529 non

452 2570 659 2625 exinde
693 2570 815 2637 ejus
842 2583 1064 2638 quoque
1102 2568 1515 2623 conclusionem
1552 2569 1913 2635 destruimus,
1958 2569 2028 2624 ob

454 2677 648 2719 causas
699 2676 834 2729 quas
891 2660 1053 2730 paulo
1104 2670 1230 2714 ante
1292 2659 1555 2715 diximus.
1651 2659 2028 2717 Sufficientem

456 2752 603 2809 enim
639 2749 762 2807 Filii
792 2759 848 2804 et
876 2748 1087 2818 Spiritu
1136 2750 1551 2805 distinctionem
1588 2765 1711 2806 esse
1754 2750 2030 2807 diversam

459 2842 750 2910 utriu5que
780 2858 843 2895 ex
891 2840 1052 2897 Patre
1101 2842 1568 2911 progressionem,
1616 2845 1935 2899 concedunt
1975 2854 2032 2899 et

461 2935 671 2991 Thoma
708 2936 1068 3004 posteriores;
1104 2935 1207 2990 hoc
1238 2951 1371 2990 vero
1397 2936 1575 3005 ipsum
1598 2952 1761 3005 quam
1797 2939 2032 2992 maxime

2125 444 2245 513 ρίαν
2277 446 2492 517 ἐκείνην
2524 449 2840 517 ἐλέγχοντα,
2874 449 3023 520 ζήλῳ
3068 450 3170 513 τῆς
3203 451 3465 522 ἀληθείας
3502 453 3535 523 ἢ
3574 472 3689 522 φει-

2117 537 2201 590 δοῖ
2249 539 2348 610 τῆς
2402 542 2498 594 τοῦ
2549 544 2842 596 Καὸασίλα
2875 544 3036 613 δόξης
3085 544 3357 614 τοσαύτην
3408 549 3687 617 συμφορὰν

2118 634 2467 697 πεπονθυίας.
2505 635 2747 698 Ταύταις
2792 636 2974 690 τοίνυν
3011 638 3131 699 ταῖς
3156 637 3417 706 ἀρχαίαις
3455 640 3551 690 καὶ
3579 639 3688 690 ἀτι-

2121 722 2423 793 μωθεέσαις
2458 727 2793 794 ἀντιλογίαις
2850 728 3018 782 πάλιν
3061 728 3139 792 ὡς
3186 730 3460 797 γενναίοις
3508 730 3688 791 ὅπλοις

2119 817 2336 886 θαρρῶν
2382 823 2493 883 τοῖς
2553 820 2787 889 πρώτως
2860 820 3147 890 ἔξευροῦσι
3226 822 3684 888 συγκινδυνεύεις.

2133 908 2336 977 Ἐχρῆν
2387 909 2444 962 δέ
2501 927 2560 963 σε
2614 911 2818 979 μᾶλλον
2850 912 3027 974 δεῖξαι
3068 912 3163 964 τὸν
3202 912 3464 977 Κυδώντ,ν
3520 930 3686 965 πατα-

2121 1000 2480 1069 σοφιςόμενον
2525 1002 2733 1056 τούτων
2774 1003 2839 1073 δὴ
2884 1006 2994 1055 τῶν
3052 1004 3401 1071 ἀντιλογιῶν,
3442 1004 3539 1056 καὶ
3582 1004 3689 1056 τότ’

2122 1093 2188 1144 ἂν
2219 1093 2356 1162 πρὸς
2387 1093 2482 1164 τὴν
2518 1094 2730 1163 μέμψιν
2782 1096 2957 1165 Θωμᾶ
2989 1097 3084 1149 καὶ
3133 1096 3243 1148 τῶν
3272 1096 3483 1149 ἐκείνου
3523 1096 3690 1163 λόγων

2121 1182 2429 1251 ἐπανῆλθες
2462 1186 2741 1253 ὲγκαίρως
2763 1200 2775 1213 ·
2807 1184 2949 1237 ὥστε
3004 1202 3064 1238 σε
3112 1185 3301 1238 λοιπὸν
3354 1186 3476 1255 μηδ’
3501 1186 3693 1238 ἀπολο-

2123 1277 2245 1345 γίας
2267 1274 2453 1339 ἀξιοῦν
2486 1272 2625 1329 εἶναι
2661 1277 2853 1346 χρείαν
2880 1279 3019 1350 πρὸς
3060 1277 3256 1332 ταῦτα.
3304 1278 3560 1345 Ἀρκοῦσι
3588 1281 3692 1349 γὰρ

2122 1373 2178 1424 αι
2212 1374 2305 1426 τοῦ
2342 1373 2569 1441 Κυδῶνη
2600 1373 2697 1426 καὶ
2724 1374 2870 1438 λίαν,
2903 1376 3040 1447 πρὸς
3074 1375 3269 1439 ἃςόύκ
3312 1376 3378 1430 ἂν
3429 1376 3574 1446 ἔχοις
3601 1380 3695 1430 ἀν-

2121 1464 2421 1527 τιϐλέπειν,
2458 1466 2617 1533 είπερ
2656 1463 2768 1518 οὐδ’
2813 1464 2969 1535 ἔσχες
3005 1467 3134 1537 ἄχρι
3164 1468 3260 1520 τοῦ
3287 1467 3406 1522 νῦν.
3443 1467 3582 1519 Ἀλλ’
3610 1468 3692 1521 ἵνα
3718 1506 3734 1523 ι

2125 1555 2221 1608 νῦν
2265 1557 2483 1624 μάθοις,
2512 1551 2655 1608 εἷναί
2699 1574 2856 1619 τινας
2895 1558 2954 1609 ού
2999 1559 3161 1627 μόνον
3198 1576 3293 1611 σου
3329 1560 3689 1628 σοφωτέρους,

2126 1647 2261 1699 ἀλλὰ
2286 1652 2381 1699 καὶ
2408 1648 2504 1699 τοῦ
2554 1646 2781 1716 Κυδὼνη
2817 1648 2981 1701 πλέον
3011 1648 3242 1714 εἰδότας,
3280 1649 3458 1702 καίτοι
3491 1650 3693 1719 σφόδρα

2126 1738 2233 1791 τῶν
2271 1740 2380 1791 σῶν
2439 1741 2797 1809 ὑπερέχοντος
2858 1740 3251 1804 διδασκάλων,
3303 1742 3694 1812 συγχωροῦμεν

2130 1848 2212 1885 σοι
2236 1830 2411 1883 ταῦτα
2435 1830 2525 1882 τὸν
2553 1830 2755 1898 Θωμᾶν
2785 1830 2886 1884 οὐκ
2929 1831 3249 1897 ἀναγκαίως
3278 1834 3455 1884 εἰπεῖν
3488 1834 3580 1885 καὶ
3608 1834 3698 1886 τὸν

2131 1923 2323 1992 ἐκείνῳ
2374 1922 2769 1992 συμμαχοῦντα
2805 1920 3066 1991 Κυδώνην
3115 1923 3174 1974 ιν
3210 1922 3310 1991 μὲν
3364 1925 3479 1985 τοῖς
3520 1923 3701 1985 ἄλλοις

2128 2016 2223 2066 καὶ
2252 2015 2517 2082 γενναίως
2553 2016 2649 2067 και
2705 2016 2844 2082 μετά
2882 2012 2982 2082 τῆς
3013 2013 3275 2082 ἀληθείας
3304 2013 3463 2067 τοῦτο
3497 2018 3692 2068 ποιεῖν·

2131 2109 2178 2160 εί
2211 2107 2267 2160 δὲ
2301 2110 2481 2177 τούτῳ
2535 2105 2615 2176 τῷ
2676 2108 2833 2176 μέρει
2879 2107 3147 2173 γενναίως
3200 2107 3299 2177 μὲν
3350 2113 3449 2161 καὶ
3485 2108 3696 2179 ἀληθῶς

2137 2199 2274 2268 πρός
2303 2215 2365 2263 γε
2396 2200 2485 2250 τὸν
2521 2200 2841 2252 Καὸασίλαν
2881 2199 3206 2268 ἠγωνίσθαι,
3246 2200 3302 2263 ὃς
3334 2200 3471 2270 ᾣετο
3501 2201 3698 2271 Θωμᾶν

2133 2291 2380 2360 ἐλέγχειν
2419 2289 2669 2360 μηδόλως
2715 2290 2873 2343 τοῦτο
2932 2290 3255 2360 δυνάμενος,
3314 2292 3450 2361 πρὸς
3503 2292 3559 2345 δὲ
3599 2295 3697 2361 τὴν

2132 2382 2397 2453 ἀλήθειαν
2430 2382 2634 2452 ἥκιστα
2697 2381 2922 2444 ἱκανῶς.
2992 2381 3133 2434 Ἀλλ’
3170 2381 3271 2434 οὐκ
3319 2381 3570 2435 ἐντεῦθεν
3608 2384 3700 2436 xei.

2132 2478 2193 2530 τὸ
2237 2477 2614 2547 συμπέρασμα
2646 2475 2944 2545 ἀνελοῦμεν
2987 2475 3054 2528 δι’
3088 2473 3154 2536 ἂς
3188 2474 3431 2543 ἐφθημεν
3461 2474 3704 2538 είπόντες

2133 2570 2337 2631 αἰτίας.
2425 2568 2643 2638 ἰκανὴν
2700 2568 2809 2638 γάρ
2878 2564 3022 2619 εἶναι
3102 2566 3379 2636 διάκρισιν
3428 2566 3557 2619 Υίοῦ
3610 2570 3707 2620 καὶ

2134 2661 2453 2727 [Ινεύματος
2488 2664 2586 2731 τὴν
2621 2663 2684 2714 ὲκ
2733 2660 2944 2729 Πατρὺς
2974 2659 3231 2728 διάφορον
3272 2660 3500 2730 πρόοδον
3533 2662 3628 2714 καὶ
3658 2662 3711 2715 οἱ

2139 2753 2279 2825 μετὰ
2304 2752 2506 2822 Θωμᾶν
2525 2751 2874 2822 συγχωροῦσι
2901 2766 2914 2779 ·
2948 2750 3104 2804 τοῦτο
3122 2750 3166 2803 δ’
3190 2752 3322 2804 αύτό
3352 2753 3446 2805 καὶ
3473 2753 3711 2822 μάλιστα

2140 2846 2235 2905 106
2263 2846 2357 2898 καὶ
2382 2845 2475 2897 τὸν
2503 2844 2632 2897 Υίδν
2661 2844 2835 2914 ἀρχὴν
2866 2838 3005 2896 εἶναι
3051 2841 3144 2894 τοῦ
3178 2842 3494 2912 Πνεύματος
3516 2845 3711 2912 αἴτιον,

2136 2934 2487 2988 πιστεύουσιν
2513 2930 2678 2999 εἶναι,
2710 2934 2868 3005 εἴπερ
2896 2936 2927 3003 ἡ
2960 2933 3059 3002 μὲν
3110 2934 3341 3003 διαφορά
3359 2936 3455 3004 τῆς
3486 2936 3714 3005 προόδου

461 3043 681 3083 causam
710 3043 831 3082 csse
866 3029 1122 3092 credunt,
1168 3028 1316 3098 quod
1354 3038 1409 3083 et
1462 3028 1632 3085 Filius
1682 3032 1752 3084 sit
1796 3029 2031 3100 Spiritus

2144 3026 2242 3096 τὴν
2274 3027 2538 3096 τοιαύτην
2592 3026 2651 3078 ἐν
2704 3027 2890 3088 αὐτοῖς
2917 3026 3073 3090 τάξιν
3105 3029 3269 3088 ποιεῖ,
3304 3030 3370 3098 τῇ
3403 3027 3459 3080 δὲ
3489 3030 3716 3099 τοιαύτῃ

412 3140 415 3143 η
462 3121 820 3189 principium,
868 3122 1127 3189 quoniam
1164 3120 1478 3175 differentia
1511 3123 1919 3192 progressionis
1951 3133 2032 3178 ta-

464 3219 567 3271 lem
614 3218 667 3271 in
704 3218 837 3287 ipsis
862 3216 1111 3270 ordinem
1160 3215 1472 3278 constituit.
1505 3216 1667 3271 talem
1711 3232 1843 3270 vero
1880 3216 2033 3270 ordi-

464 3327 589 3363 nem
634 3318 691 3364 et
730 3308 971 3378 Spiritus
1023 3324 1090 3362 ex
1146 3308 1282 3363 Filio
1326 3309 1606 3376 processio
1650 3309 2030 3376 consequitur.

466 3401 679 3457 Sufficit
722 3402 888 3469 igitur
922 3398 989 3455 ad
1023 3414 1118 3453 eos
1152 3398 1597 3466 distinguendos,
1632 3398 1779 3467 quod
1812 3400 2034 3454 diverso

467 3492 630 3546 modo
656 3506 721 3545 ex
760 3489 921 3544 Patre
948 3490 1260 3560 prodeunt:
1292 3490 1387 3544 sed
1423 3504 1489 3543 ex
1522 3505 1608 3553 eo,
1642 3490 1789 3559 quod
1815 3492 2036 3547 diverso

468 3583 633 3636 modo
661 3582 934 3653 prodeunt
959 3599 1024 3637 ex
1075 3581 1263 3650 Patre,
1293 3583 1562 3652 sequitur,
1597 3583 1743 3652 quod
1770 3584 2039 3640 alteruter

464 3690 532 3730 ex
562 3675 738 3731 altero
766 3675 1014 3744 prodeat.
1047 3675 1228 3743 Quare
1272 3677 1325 3730 in
1363 3685 1575 3730 tantum
1608 3692 1715 3730 non
1746 3677 2041 3748 distingui-

470 3775 560 3819 tur
589 3763 765 3820 Filius
795 3781 823 3819 a
856 3766 1067 3835 Spiritu
1113 3768 1341 3822 relativa
1370 3767 1674 3823 secundum
1706 3770 2036 3838 principium

446 3857 835 3925 -oppo.~itioue,
875 3867 934 3911 ιιι
980 3857 1221 3913 Thomas
1247 3860 1348 3925 ait,
1381 3860 1435 3914 in
1462 3871 1732 3930 quantum
1782 3875 1891 3913 non
1944 3874 2041 3929 per

466 3965 587 4003 eam
640 3951 819 4018 primo
881 3952 1269 4023 distinguitur,
1317 3952 1410 4008 sed
1463 3954 1641 4021 primo
1683 3954 2043 4019 distinguitur

468 4041 688 4097 diversa
740 4045 1146 4114 progressione,
1178 4046 1318 4099 hanc
1362 4059 1493 4099 vero
1544 4056 1600 4098 et
1649 4046 1927 4114 oppositio
1956 4059 2043 4100 se-

467 4137 707 4192 cundum
735 4136 1067 4205 principium
1094 4137 1366 4204 sequitur.
1396 4135 1550 4201 Quod
1576 4136 1799 4205 quidem
1832 4137 1946 4192 hac
1968 4136 2044 4192 ita

470 4227 610 4282 bene
641 4241 699 4281 se
728 4227 932 4280 habent
953 4235 1006 4279 et
1036 4226 1179 4294 quod
1208 4226 1371 4278 etiam
1393 4236 1522 4280 ante
1551 4224 1857 4281 Cabasilam
1887 4227 2046 4283 multi

469 4318 793 4372 Latinorum
826 4327 1146 4372 reverenter
1171 4318 1624 4372 contradixerunt
1648 4319 1869 4374 Τιιοιιιιο
1894 4336 2049 4375 eum-

2142 3120 2295 3184 τάξει
2318 3121 2415 3173 καὶ
2439 3122 2470 3187 ἡ
2500 3120 2594 3172 τοῦ
2619 3120 2935 3188 Πνεύματος
2955 3121 3017 3173 ὲκ
3047 3120 3140 3172 τοῦ
3169 3119 3300 3175 Υίοῦ
3334 3123 3559 3191 πρόοδος
3589 3124 3719 3177 ἕπε-

2144 3229 2256 3266 ται.
2287 3213 2474 3282 ’Δρκεῖ
2516 3212 2614 3282 μὲν
2636 3211 2729 3265 οὖν
2758 3213 3061 3284 διακρίνειν
3100 3214 3237 3267 αὐτὰ
3260 3214 3319 3267 τὸ
3346 3215 3621 3284 διαφόρως
3650 3222 3719 3270 ἑκ

2146 3305 2358 3375 Πατρδς
2410 3306 2703 3377 προϊέναι,
2761 3307 2897 3361 ἀλλὰ
2953 3308 3032 3376 τῷ
3077 3307 3346 3379 διαφόρως
3397 3310 3461 3362 ὲκ
3510 3311 3721 3380 Haec;

2148 3399 2400 3467 προϊέναι
2438 3399 2499 3451 τὸ
2535 3401 2595 3451 ὲκ
2628 3398 2860 3470 θατέρου
2913 3399 3145 3470 θάτερον
3190 3401 3439 3471 προϊέναι
3483 3401 3677 3454 ἕπεται
3702 3418 3721 3434 θ

2145 3489 2287 3543 ὥστε
2328 3492 2478 3560 παρᾶ
2537 3490 2795 3544 τοσοῦτον
2842 3492 2903 3543 οὐ
2960 3491 3295 3562 διακρίνεται
3361 3493 3388 3543 ὀ
3446 3493 3573 3556 Υἱὸς
3621 3493 3723 3547 τοῦ

2147 3582 2460 3651 Πνεύματος
2512 3584 2578 3651 τῇ
2630 3583 2750 3634 κατ’
2795 3584 2976 3636 αἰτίαν
3036 3585 3349 3655 ἀναφορικῇ
3411 3587 3721 3651 ἀντιθέσει,
3782 3578 3795 3587 ’

2147 3674 2290 3725 καθά
2317 3689 2480 3741 φησιν
2507 3673 2534 3723 ὁ
2561 3672 2785 3740 Θωμᾶς.
2817 3676 3058 3743 παρόσον
3088 3676 3149 3727 ού
3180 3676 3353 3746 ταύτῃ
3380 3676 3726 3746 διακρίνεται

2149 3765 2404 3835 πρώτως,
2456 3766 2593 3820 ἀλλά
2639 3766 2978 3838 διακρίνεται
3014 3769 3110 3838 μὲν
3139 3771 3204 3839 τῇ
3239 3768 3479 3840 διαφόρῳ
3511 3772 3729 3841 προόδῳ

2153 3857 2423 3928 πρώτως·
2483 3860 2657 3932 ταύτῃ
2728 3859 2786 3913 δὲ
2830 3862 2925 3913 καὶ
2972 3864 3004 3930 ἡ
3057 3862 3178 3915 κατ’
3222 3863 3405 3916 αἰτίαν
3449 3865 3729 3929 ἀντίθεσις

2152 3950 2371 4004 ἕπεται.
2407 3951 2594 4005 Ταῦτα
2626 3952 2724 4022 μὲν
2752 3949 2846 4007 οὖν
2872 3956 2956 4007 ὅτι
2982 3972 3038 4006 τε
3069 3954 3242 4018 οὓτως
3275 3955 3390 4025 ἔχει
3420 3957 3602 4021 καλῶς
3631 3962 3728 4012 xxi

2151 4045 2233 4097 ὅτι
2261 4046 2353 4096 καὶ
2375 4045 2481 4112 πρὸ
2500 4044 2592 4098 τοῦ
2618 4045 2904 4099 Καῆἀσιλα
2930 4046 3117 4099 πολλοὶ
3138 4047 3247 4099 τῶν
3275 4048 3545 4115 Λατίνων,
3568 4053 3731 4103 εὐλαο

2155 4136 2265 4197 ὅῶς
2294 4137 2642 4204 ἀντιλέγουσι
2670 4138 2746 4207 τῷ
2773 4138 2946 4210 Θωμᾷ
2981 4140 3076 4193 καί
3110 4157 3274 4210 φασιν
3310 4141 3474 4194 αὑτὸν
3517 4143 3727 4197 ἀπλούο

2154 4245 2346 4299 στερον
2395 4231 2471 4300 τῷ
2508 4231 2652 4301 λόγῳ
2710 4233 3022 4301 χρήσασθαι
3077 4234 3276 4301 τούτῳ,
3311 4235 3490 4288 ἀλλων
3523 4237 3735 4303 ἀγωνι-

2154 4322 2381 4390 σμάτων
2407 4323 2473 4376 ἂν
2509 4322 2597 4392 εἴη
2632 4327 2855 4377 σκοπεῖν
2890 4327 2984 4377 καὶ
3026 4325 3347 4379 δεικνύναι·
3386 4328 3468 4379 ὅτι
3507 4328 3564 4381 δὲ
3602 4330 3733 4383 οὖτα

470 4425 577 4480 que
617 4410 922 4479 simplicius
955 4410 1058 4463 hoc
1091 4420 1420 4479 argumento
1476 4427 1637 4466 usum
1684 4410 1856 4468 fuisse
1895 4413 2031 4466 affir-

2148 4380 2210 4466 16
2266 4380 2642 4485 συμπέρασμα
2681 4416 2950 4485 ἀναιρεῖς,
2992 4417 3042 4468 εί
3105 4418 3201 4470 καὶ
3236 4418 3439 4489 Θωμᾶν
3470 4380 3736 4491 ἐλέγχειν

470 4512 711 4568 inurunt,
761 4504 866 4556 alia
900 4518 1074 4572 eaque
1106 4503 1329 4572 propria
1379 4503 1793 4557 concertatione
1837 4503 2047 4573 disqui-

471 4597 701 4650 rendutu
731 4606 783 4649 et
811 4596 1213 4650 ostendendum
1248 4595 1423 4660 foret;
1449 4595 1596 4665 quod
1630 4610 1757 4651 vero
1782 4605 1835 4650 tu
1867 4611 2046 4665 neque

471 4687 882 4740 conclusionem
911 4686 1175 4750 destruis,
1206 4686 1311 4740 etsi
1346 4685 1614 4740 Thomam
1664 4686 2050 4742 confutaturus

469 4793 614 4842 eras,
644 4794 822 4847 neque
851 4779 1028 4833 valide
1053 4794 1118 4831 ac
1137 4780 1538 4833 convenienter
1562 4778 1785 4843 refellis,
1813 4788 1925 4832 tum
1946 4778 2051 4832 La-

474 4870 574 4924 tini
609 4872 963 4923 manifestum
1000 4871 1261 4936 reddunt,
1303 4870 1397 4939 qni
1438 4885 1616 4939 neque
1663 4869 1767 4924 hac
1802 4870 1856 4923 in
1891 4880 2045 4939 parte

477 4962 706 5015 Thema:
740 4964 894 5017 valde
929 4962 1309 5016 assentiuntur
1345 4976 1527 5031 neque
1582 4960 1764 5016 thesin
1803 4962 1925 5033 ejus
1957 4978 2053 5016 ne-

474 5063 623 5122 gant.
656 5064 769 5108 tum
801 5063 855 5109 tu
888 5055 1005 5123 ipse
1031 5054 1321 5108 ostendisti
1343 5056 1454 5124 jam
1489 5053 1668 5107 dictas
1697 5056 2054 5118 exceptiones

480 5163 698 5201 I‘lll'Slllll

477 5243 705 5298 difﬁcile
736 5255 856 5299 erat
890 5254 946 5298 et
971 5244 1110 5298 alios
1134 5242 1299 5298 simili
1333 5245 1493 5296 modo
1538 5241 1590 5296 id
1619 5242 1818 5296 facere.

798 5150 851 5203 in
913 5148 1152 5201 tnedimn
1217 5149 1548 5218 producens,
1609 5161 1765 5216 quas,
1822 5147 1866 5201 si
1913 5150 2080 5203 etiam
2163 5143 2443 5220 Cydonius
2508 5170 2618 5208 non
2690 5166 2849 5209 antca
2910 5157 3154 5213 infirmus
3185 5167 3238 5211 et

2150 4505 2374 4574 ἔμελλες
2414 4505 2668 4577 (Ι),οῦτε
2721 4506 2918 4571 ἱκανῶς
2970 4508 3213 4577 ἐλέγχεις
3262 4511 3361 4563 καὶ
3416 4511 3745 4581 ἐπηεόλως,

2150 4599 2211 4650 τὸ
2262 4599 2361 4667 μὲν
2409 4601 2459 4652 οἱ
2518 4602 2739 4653 Λατῖνοι
2768 4600 2930 4668 δῆλον
2988 4601 3257 4665 ποιοῦσιν,
3299 4603 3426 4657 οὔτε
3455 4607 3746 4675 τιθέμενοι

2155 4690 2234 4759 τῷ
2261 4689 2432 4760 Θωμᾷ
2465 4690 2586 4743 λίαν
2636 4695 2694 4745 ὲν
2742 4692 2918 4764 τούτῳ
2962 4693 3043 4764 τῷ
3080 4696 3258 4765 μέρει.
3290 4696 3414 4748 οὗτε
3445 4698 3546 4765 τὴν
3581 4696 3749 4749 θέσιν

2156 4780 2513 4851 ἀρνούμενοι,
2547 4783 2605 4836 τὺ
2635 4784 2692 4837 δὲ
2731 4786 2895 4849 αὐτὸς
2922 4786 3135 4853 ἔδειξας
3173 4790 3297 4852 τοὺς
3328 4788 3752 4860 ἐληλεγμένους

2158 4874 2417 4943 ὲλέγχους
2449 4873 2608 4939 αὖθις
2638 4877 2906 4947 παράγων
2945 4882 3026 4941 εἰς
3072 4881 3257 4949 μέσον,
3300 4880 3391 4943 οὓς
3423 4882 3469 4933 et
3502 4881 3604 4932 καὶ
3668 4883 3755 4950 μὴ

2161 4965 2425 5031 Κυδώνης
2454 4968 2669 5036 φθάσας
2717 4972 3044 5041 ηύτέλησεν,
3076 4974 3227 5026 οὐδὲν
3273 4973 3511 5045 χαλεπὸν
3543 4969 3614 5043 ἦν
3645 4979 3757 5026 καὶ

2163 5058 2359 5122 ἄλλους
2395 5062 2598 5130 ὁμοίως
2634 5063 2830 5133 ἐκείνῳ
2865 5065 3030 5117 τοῦτο
3060 5069 3254 5118 ποιεῖν.

3347 5159 3497 5213 ιιυῖΙο
3569 5159 3763 5211 modo

551 5432 629 5502 (l)
666 5428 811 5486 Mon.
849 5428 889 5482 f.
936 5427 1038 5483 195
1060 5426 1118 5494 b,
1150 5425 1367 5498 ἔμελες.
1398 5427 1475 5482 Ad
1525 5441 1700 5497 marg.
1736 5426 1916 5493 Ἴσως
1944 5426 2192 5497 ἔμελλες.
