3900 6216
352 278 426 344 63
1574 278 1903 342 GEORGII
1938 279 2357 341 SCHOLARII
3526 275 3592 341 64

355 406 489 446 vero
522 397 750 461 propter
800 390 1019 447 Patrem
1057 390 1236 456 adest,
1295 391 1401 447 hoc
1440 398 1522 446 est
1558 391 1636 446 illi
1692 392 1916 461 quidem

2051 407 2154 443 νιοι
2179 387 2472 460 ἀρχοειδῶς
2503 388 2598 442 καὶ
2631 388 2732 441 οὐκ
2762 385 3060 458 ἀρχοειδῶς
3110 386 3383 456 λέγουσιν.
3417 389 3482 444 El
3541 392 3594 446 δι

356 476 473 538 non
493 483 563 536 ab
591 481 703 536 alio
733 492 984 551 accepta,
1036 483 1174 536 Filio
1204 497 1335 536 vero
1385 491 1445 536 ut
1495 482 1823 553 principiato
1849 482 1918 539 ab

358 573 489 637 alio,
521 572 669 642 quod
702 572 951 625 nonnulli
983 572 1360 641 principaliter
1412 580 1468 626 et
1497 587 1605 627 nun
1648 570 1923 641 principa-

357 666 489 721 liter
528 665 603 736 (a)
632 666 842 719 dicunt.
877 663 1029 729 Quod
1065 665 1112 719 si
1153 679 1282 719 vero
1318 665 1444 734 quis
1473 681 1591 718 eam
1623 680 1788 735 quam
1820 664 1923 719 iste

361 758 519 827 ponit
570 755 938 811 differentiam
990 755 1058 809 ad
1100 755 1241 811 hanc
1274 756 1493 812 trahere
1546 755 1800 821 \‘bluerit,
1849 755 1926 810 nil

362 846 706 917 impossibile
758 855 1042 914 sequetur.
1092 846 1247 901 Dicet
1294 846 1441 901 enim
1490 845 1714 901 diverso
1763 844 1927 899 modo

363 937 504 993 Filio
533 953 596 993 ac
650 936 795 991 Patri
846 936 1039 991 adesse
1073 936 1457 1006 spirationem.
1509 944 1787 1005 quatenus
1840 934 1930 989 hic

367 1040 454 1086 est
479 1032 696 1100 genitor
724 1038 782 1084 et
805 1028 1072 1099 spirator,
1095 1035 1286 1097 utpote
1313 1028 1405 1095 qui
1436 1028 1508 1082 sit
1534 1028 1588 1081 in
1617 1024 1930 1097 generando

364 1124 669 1194 productor
697 1130 755 1176 et
782 1136 879 1189 per
916 1120 1152 1174 Verbum
1188 1121 1447 1185 spirator,
1474 1117 1580 1184 vel,
1606 1119 1753 1187 quod
1785 1117 1930 1172 idem

364 1224 470 1279 est,
504 1212 627 1267 t‘ous
672 1221 729 1265 et
782 1211 1116 1280 principium
1168 1211 1338 1263 totius
1379 1208 1601 1263 deitatis
1628 1248 1642 1271 ,
1681 1207 1773 1262 ille
1803 1223 1933 1261 vero

369 1300 588 1372 (Filius)
621 1301 799 1356 solum
831 1301 1089 1369 spiiator,
1121 1308 1307 1368 utpote
1339 1299 1646 1368 proximum
1673 1299 1935 1351 etimmc—

372 1394 580 1448 diatum
620 1391 859 1461 Spiritus
900 1389 1253 1459 principium.
1291 1389 1445 1455 Quod
1482 1405 1612 1444 vero
1646 1389 1760 1443 haec
1790 1388 1935 1442 haud

379 1486 542 1540 talem
576 1482 915 1537 constituant
959 1480 1349 1546 dim-rentiam,
1387 1495 1510 1549 qua:
1558 1488 1614 1534 et
1648 1494 1937 1534 numerum

376 1574 626 1635 inducat,
655 1583 835 1643 patet;
869 1574 1207 1626 contrarium
1238 1573 1386 1625 enim
1419 1572 1597 1625 locum
1646 1570 1811 1624 habet
1841 1585 1938 1640 po-

377 1668 509 1732 tius,
541 1673 597 1720 et
626 1681 747 1720 cum
781 1663 940 1719 Pater
971 1672 1029 1718 et
1061 1661 1237 1719 Filius
1272 1663 1625 1732 generatione
1677 1662 1854 1716 activa
1883 1669 1939 1716 et

2030 485 2124 538 καὶ
2146 484 2208 554 ἣν
2239 475 2397 547 οὗτος
2426 483 2610 554 τίθησι
2633 482 2902 552 διαφορὰν
2925 478 3020 535 ἐπί
3048 481 3258 552 ταύτην
3304 481 3485 537 ελκειν
3518 499 3597 547 τις

2033 573 2346 644 βουληθείη,
2377 573 2528 627 οὐδὲν
2559 572 2820 626 ἀδύνατον
2841 571 3059 642 ἕψεται.
3107 570 3259 642 Ἐρεῖ
3278 571 3387 642 γὰρ
3416 571 3597 640 διαφό-

2031 682 2141 737 ρως
2159 664 2276 736 Υίῷ
2297 667 2392 718 καὶ
2425 664 2599 733 Πατρὶ
2630 664 2917 732 προσεῖναι
2942 660 3006 715 τὸ
3070 660 3423 733 προϐάλλειν,
3477 664 3599 717 ὅσον

2031 756 2060 807 ό
2097 757 2196 823 μὲν
2222 754 2500 823 γεννήτωρ
2533 752 2628 804 καὶ
2660 750 2982 820 προϐολεὺς,
3011 745 3125 803 οἷον
3181 751 3242 803 ὲν
3289 749 3369 821 τῷ
3409 752 3600 821 γεννᾷν

2033 845 2330 915 προϐολεὺς
2383 844 2479 898 καὶ
2534 843 2623 897 διὰ
2679 843 2856 910 Λόγου
2905 839 3206 912 ⁴ιιροϐολεύς
3232 855 3250 874 ⁸
3308 841 3505 897 ταυτὸν
3546 842 3600 896 δὶ

2035 938 2212 989 είτιεῖν
2242 934 2395 1005 πηγὴ
2426 935 2520 988 καὶ
2550 933 2691 1003 ἀρχὴ
2723 934 2820 1002 τῆς
2851 932 3105 999 θεότητος
3136 932 3289 1000 ὅλης,
3318 933 3346 985 ὁ
3368 931 3427 985 δὲ
3475 949 3604 1002 προ·

2037 1030 2229 1090 ϐολεὺς
2270 1028 2432 1096 μόνον
2459 1026 2627 1097 ήγουν
2661 1025 2923 1095 προσεχὲς
2948 1023 3043 1077 καὶ
3070 1023 3278 1093 άμεσον
3307 1022 3402 1078 τοῦ
3437 1024 3603 1078 Ilvati-

2043 1138 2208 1193 ματος
2238 1122 2434 1174 αἴτιον.
2485 1118 2674 1173 Ταῦτα
2720 1117 2777 1170 δὲ
2825 1118 2910 1170 ὅτι
2954 1115 3017 1169 οὑ
3070 1112 3295 1168 ποιοῦσι
3343 1114 3605 1183 διαφορὰν

2039 1213 2316 1280 τοιαύτην,
2349 1212 2493 1266 ὥστε
2518 1211 2617 1265 καὶ
2652 1208 2888 1279 ἀριθμὸν
2914 1207 3177 1273 εἰσάγειν,
3225 1205 3422 1272 δῆλον·
3457 1208 3602 1260 τοίνσ

2041 1305 2222 1357 αντίον
2260 1304 2363 1373 γὰρ
2388 1303 2587 1372 μᾶλλον
2609 1302 2704 1354 καὶ
2741 1298 2830 1352 διὰ
2882 1298 2945 1351 τὸ
2994 1295 3374 1367 διακεκρίσθαι
3410 1295 3488 1367 (ί)
3518 1296 3608 1351 τὸν

2043 1395 2263 1465 Πατέρα
2290 1392 2506 1447 καὶτὸν
2562 1391 2693 1445 Υίδν
2751 1388 2831 1460 τῷ
2886 1389 3080 1460 γεννᾷν
3142 1390 3239 1442 καὶ
3285 1387 3602 1456 γεννᾶσθαι,
3676 1432 3683 1433 ,

2046 1491 2138 1540 ttat
2161 1488 2289 1540 εἴτι
2311 1485 2491 1540 κοινόν
2520 1486 2669 1538 ἔστιν
2703 1487 2759 1538 ὲν
2798 1483 3006 1546 αὐτοῖς,
3044 1481 3184 1552 μετά
3236 1498 3383 1545 τινος
3412 1484 3605 1535 νοεῖται

2046 1579 2335 1649 διαφορᾶς.
2369 1579 2457 1630 Δεῖ
2486 1577 2595 1648 γὰρ
2622 1575 2770 1630 ἅπαν
2798 1575 3046 1645 ὑπάρχον
3075 1576 3132 1627 ἐν
3158 1572 3345 1634 αὐτοῖς
3373 1571 3433 1624 τὸ
3478 1573 3604 1627 αὐτὸ

2047 1670 2124 1739 τῷ
2154 1669 2252 1739 μὶν
2282 1668 2459 1739 Πατρὶ
2486 1668 2738 1739 ἀνάρχως
2761 1662 2901 1721 εἶναι
2929 1664 3027 1719 καί⁵
3055 1663 3312 1728 ἀναιτίως
3343 1661 3418 1725 ὡς
3439 1662 3603 1732 πηγῇ,

377 1757 591 1827 passiva
625 1754 1036 1826 distinguantur
1063 1794 1077 1819 ,
1120 1752 1340 1807 etiamsi
1369 1751 1502 1821 quid
1538 1765 1829 1805 commune
1856 1758 1941 1805 est

2047 1758 2123 1828 τῷ
2155 1757 2213 1811 δὲ
2245 1758 2358 1827 Υίῷ
2386 1758 2678 1822 αίτιατῶς,
2709 1759 2784 1822 ὡς
2807 1757 3149 1828 προείρηται,
3180 1757 3275 1811 καὶ
3295 1756 3394 1826 οὐχ
3427 1753 3484 1807 ἐν
3527 1754 3609 1806 δν-

377 1844 434 1899 ἰιι
468 1845 619 1912 ipsis.
643 1860 768 1899 cum
800 1842 1034 1913 quadam
1063 1840 1372 1897 diderentia
1399 1841 1745 1910 intelligitur.
1768 1840 1945 1910 Opor-

375 1943 456 1990 tet
484 1936 634 1989 enim
660 1949 842 1998 omne,
870 1932 1017 2003 quod
1043 1933 1098 1987 in
1128 1932 1261 2002 ipsis
1285 1931 1427 1986 idem
1449 1939 1555 1994 est,
1580 1929 1725 1985 Patri
1753 1932 1945 1986 adesse

376 2040 409 2080 a
439 2040 497 2080 se
524 2035 581 2080 et
612 2040 720 2079 non
769 2024 1098 2094 principiale
1137 2033 1197 2078 ut
1245 2022 1409 2087 fonti,
1440 2021 1579 2078 Filio
1625 2038 1755 2078 vero
1791 2022 1945 2093 prin-

377 2116 599 2186 cipiate,
639 2124 697 2170 ut
732 2116 1051 2185 praedictum
1083 2124 1188 2178 est,
1226 2123 1431 2169 etcum
1469 2129 1577 2168 non
1608 2129 1776 2169 unum
1808 2113 1942 2179 sint,

381 2208 465 2259 lns
499 2204 830 2260 diti‘erentiis
861 2204 1277 2267 discernuntur,
1299 2205 1396 2258 sed
1420 2201 1665 2258 distincti
1697 2204 1945 2273 proprie—

380 2298 588 2354 tatibus
637 2296 1015 2368 personalibus
1072 2294 1179 2349 hoc
1236 2294 1399 2348 modo
1429 2294 1837 2350 communicant
1887 2295 1942 2351 in

379 2390 465 2445 his
488 2388 768 2460 quaeipsis
787 2385 1097 2442 communia
1120 2394 1269 2441 sunt.
1294 2382 1349 2439 Si
1374 2399 1502 2438 vero
1529 2383 1602 2438 ita
1625 2383 1945 2439 diﬂ‘erenter

380 2481 684 2551 producere
712 2520 728 2546 ,
765 2489 825 2533 ut
874 2477 1084 2535 dictum
1118 2476 1259 2539 luit,
1314 2478 1366 2529 in
1402 2475 1538 2545 ipsis
1576 2473 1941 2530 differentiam

378 2574 587 2627 faceret
614 2579 670 2625 et
721 2570 940 2624 numeri
982 2567 1417 2634 distinctionem,
1474 2578 1604 2622 tunc
1661 2568 1824 2621 etiam
1885 2576 1942 2622 et

381 2678 502 2719 esse
529 2671 586 2716 et
628 2661 868 2716 essentia
904 2667 961 2714 et
992 2658 1253 2713 divinitas
1297 2667 1355 2712 et
1386 2668 1585 2712 cuncta
1618 2656 1944 2728 simpliciter

379 2753 697 2809 communia
723 2751 856 2820 ipsis
899 2749 1079 2805 forent
1116 2764 1347 2805 numero
1388 2750 1646 2806 distincta
1671 2790 1685 2816 ,
1720 2750 1846 2819 quia
1879 2764 1942 2804 ea

383 2843 546 2898 Pater
575 2856 684 2896 non
726 2840 1056 2911 principiate
1101 2847 1159 2895 et
1193 2855 1224 2894 a
1257 2839 1432 2903 nullo,
1487 2838 1582 2894 sed
1633 2847 1857 2909 propter
1885 2854 1944 2895 se

385 2933 563 3004 ipsum
600 2931 787 2997 habet,
820 2930 993 2986 Filius
1020 2940 1204 2986 autem
1235 2947 1265 2985 a
1295 2930 1452 2985 Patre
1485 2941 1542 2986 et
1583 2939 1808 3001 propter
1840 2928 1945 2986 Pa-

386 3035 562 3090 trem;
613 3022 767 3092 atqui
795 3023 870 3077 ita
905 3030 1151 3077 statuere
1185 3034 1294 3074 non
1352 3031 1437 3075 est
1487 3032 1669 3076 mente
1701 3019 1943 3090 praediti.

387 3115 538 3171 Unde
568 3126 623 3170 et
649 3114 809 3180 illud,
845 3116 992 3184 quod
1016 3130 1046 3169 a
1075 3112 1399 3169 doctoribus
1425 3113 1651 3177 dicitur,
1676 3127 1781 3167 non
1812 3111 1945 3169 sim-

389 3208 601 3278 pliciter
637 3206 1055 3277 iutelligendum
1090 3214 1146 3261 et
1194 3204 1519 3261 solvendum
1547 3214 1653 3270 est,
1684 3205 1945 3260 scilicet:

386 3300 681 3371 diﬁ'erentia
711 3306 761 3355 et
797 3314 1076 3354 numerum
1118 3297 1364 3362 inducit;
1396 3298 1507 3354 hoe‘
1551 3297 1777 3353 eiI'atum
1836 3311 1949 3351 non

388 3396 531 3450 idem
590 3402 675 3448 est
728 3407 853 3448 cum
903 3392 1009 3446 isto
1062 3388 1420 3462 :Differentia
1467 3387 1593 3458 facit
1647 3403 1947 3443 numerum.

392 3485 528 3542 illud
562 3486 709 3541 enim
760 3484 830 3539 de
859 3482 1166 3538 diderentia
1213 3491 1587 3552 consequente
1632 3481 1952 3536 distinctio-

391 3599 515 3657 nem
550 3579 852 3638 secundum
888 3592 1202 3639 numerum,
1237 3576 1341 3630 hoc
1382 3590 1511 3630 vero
1536 3575 1605 3629 de
1638 3575 1950 3632 diderentia

389 3674 615 3738 dicitur,
665 3685 788 3741 qua:
837 3668 1081 3724 effectrix
1115 3677 1199 3722 est
1241 3665 1512 3738 ejusmodi
1552 3666 1949 3723 distinctionis.

390 3762 546 3818 Sicut
570 3761 881 3820 diderentia
905 3760 1120 3816 numeri
1150 3757 1397 3816 edet-trix
1430 3758 1485 3812 in
1513 3758 1713 3813 divinis
1739 3774 1802 3814 ea
1829 3775 1951 3831 qua:

388 3865 472 3911 est
496 3854 797 3910 secundum
840 3868 1100 3924 generare
1129 3861 1185 3907 et
1215 3850 1495 3923 generari,
1534 3867 1599 3908 ac
1630 3852 1953 3923 producere

387 3957 444 4005 et
476 3946 729 4019 produci,
762 3956 818 4002 et
845 3944 1154 4002 diti'erentia
1197 3944 1576 4015 productionis
1623 3953 1682 3999 et
1717 3958 1951 4015 genera-

391 4039 593 4105 tionis;
621 4037 933 4093 ditl'erentia
969 4052 1100 4090 vero
1133 4035 1495 4106 producendi,
1521 4043 1792 4104 quatenus
1823 4047 1949 4087 cum

291 4188 313 4211 ο
388 4132 621 4201 quadam
650 4128 1006 4183 distinctione
1038 4127 1093 4179 in
1129 4126 1289 4181 Patre
1318 4134 1373 4180 et
1407 4125 1545 4178 Filio
1569 4125 1952 4180 consideratur

387 4227 792 4288 consequenter
820 4218 887 4271 ad
917 4215 1261 4285 personalem
1297 4229 1491 4268 eorum
1516 4213 1950 4283 distinctionem,

387 4312 606 4384 signum
639 4311 823 4381 potius
859 4308 1074 4363 numeri
1095 4307 1222 4361 erit.
1260 4305 1440 4372 Quare
1484 4321 1611 4361 cum
1643 4308 1952 4379 aequiroca-

2045 1866 2137 1914 τες
2161 1850 2392 1913 ταύταις
2423 1849 2800 1919 διακρίνονται
2838 1851 2957 1911 ταῖς
2995 1847 3299 1917 διαφοραῖς,
3342 1847 3477 1901 ἀλλὰ
3500 1845 3608 1899 δια-

2045 1942 2362 2012 κεκριμένοι
2392 1944 2512 2005 ταῖς
2540 1942 2935 2004 ὑποστατικαῖς
2968 1940 3196 2007 ἰδιότησι
3218 1938 3329 1990 τῶν
3385 1938 3613 2006 προσίν-

2044 2051 2153 2088 των
2186 2035 2371 2098 αὐτοῖς
2398 2035 2594 2088 κοινῶν
2660 2036 2836 2103 τούτῳ
2891 2031 3208 2088 κοινωνοῦσι
3269 2030 3350 2102 τῷ
3408 2031 3609 2100 τρόπῳ.

2046 2126 2108 2178 Ei
2139 2125 2194 2179 δὲ
2221 2125 2282 2179 τὺ
2308 2125 2580 2194 διαφόρως
2626 2124 2950 2196 προϐάλλειν
3004 2121 3199 2189 οὕτως,
3247 2123 3323 2186 ὼς
3380 2123 3614 2193 εῖρηταε,

2043 2217 2309 2288 διαφορὰν
2340 2218 2397 2270 ἐν
2437 2218 2619 2281 αὐτοῖς
2666 2217 2840 2270 ἐποίει
2899 2215 2990 2271 καὶ
3034 2214 3305 2285 διάκρισιν
3360 2212 3612 2284 ἀριθμοῦ,

2042 2305 2111 2381 ἦν
2140 2309 2322 2367 ἄνκαὶ
2356 2308 2416 2362 τδ
2447 2305 2583 2364 εἶναι
2615 2308 2711 2363 καὶ
2758 2310 2792 2379 ἡ
2839 2307 3000 2362 οὐσία
3051 2308 3149 2361 καὶ
3194 2308 3228 2377 ἡ
3282 2307 3470 2377 θεότης
3522 2307 3616 2359 καὶ

2044 2403 2223 2456 πάντα
2249 2400 2437 2464 ἁπλῶς
2484 2403 2551 2454 τὰ
2597 2403 2754 2455 κοινὰ
2805 2399 3029 2473 ἀριθμῷ
3076 2399 3488 2470 διακεκριμένα,
3532 2396 3615 2451 ὅτι

2044 2493 2123 2563 τῷ
2161 2496 2260 2564 μὲν
2295 2493 2468 2561 [lupi
2518 2492 2690 2547 ταῦτα
2739 2491 2996 2555 ἀναιτίως
3055 2492 3150 2545 καὶ
3201 2490 3331 2562 παρ’
3384 2488 3619 2557 οὐδενὸς,

2046 2584 2181 2638 ἀλλὰ
2213 2584 2281 2637 δι’
2312 2585 2502 2638 ἑαυτὸν
2529 2583 2844 2654 πρόσεστιν,
2884 2583 2996 2654 re;
3018 2583 3075 2637 δὲ
3112 2584 3262 2655 παρὰ
3284 2581 3376 2636 τοῦ
3412 2583 3619 2651 Πατρὸς

2047 2674 2141 2731 καὶ
2172 2675 2259 2728 διὰ
2279 2677 2372 2729 τὸν
2404 2676 2622 2745 Πατέρα
2649 2692 2664 2707 ο
2697 2676 2811 2729 ἀλλ’
2836 2677 2938 2729 οὐκ
2971 2677 3088 2730 ἔστι
3114 2674 3287 2728 ταῦτα
3320 2674 3444 2726 νοῦν
3475 2674 3619 2742 ἔχοι-

2046 2781 2136 2829 τος
2158 2765 2363 2832 ἀξιοῦν.
2393 2766 2558 2819 Ὅθεν
2589 2767 2759 2820 καὶτὸ
2788 2767 2893 2821 ύπδ
2919 2767 3030 2820 τῶν
3090 2765 3426 2820 διδασκάλων
3464 2765 3616 2832 λεγό-

2051 2872 2210 2927 μενον
2243 2857 2342 2927 ούχ
2371 2857 2554 2921 ἁπλῶς
2584 2858 2665 2912 δεῖ
2714 2861 2856 2912 νοεῖν
2899 2875 2958 2912 τε
3012 2858 3107 2911 καί⁵
3152 2855 3321 2912 λύειν.
3386 2857 3457 2913 Ἠ
3510 2857 3621 2926 γὰρ

2049 2946 2327 3019 διαφορὰ,
2361 2950 2517 3020 φησι,
2547 2948 2646 3004 καί
2671 2948 2924 3019 ἀριθμὸν
2939 2947 3170 3019 είσάγει
3206 2962 3221 2978 ·
3262 2948 3423 3003 τοῦτο
3469 2948 3526 3001 δὲ
3556 2947 3620 3001 οὐ
3672 3012 3679 3017 φ

2050 3042 2247 3097 ταυτόν
2273 3041 2389 3095 ἐστι
2422 3043 2517 3095 καὶ
2544 3042 2623 3112 τῷ
2650 3058 2664 3073 ·
2715 3042 2783 3098 ’11
2826 3042 3082 3112 διαφορὰ
3125 3042 3377 3113 ἀριθμόν
3424 3041 3619 3096 ποιεῖ·

2052 3135 2114 3189 τὺ
2145 3133 2245 3205 μὲν
2276 3133 2384 3204 γὰρ
2415 3134 2545 3205 περὶ
2596 3133 2862 3204 διαφορᾶς
2907 3133 3180 3203 ἑπομένης
3212 3137 3279 3204 τῇ
3331 3134 3471 3191 κατὰ
3532 3135 3625 3190 τὸν

2051 3225 2287 3296 ἀριθμὸν
2312 3225 2604 3295 διακρίσει,
2633 3225 2694 3278 τὸ
2724 3225 2781 3280 δὲ
2822 3224 2953 3296 περὶ
2983 3226 3276 3296 διαφορᾶς,
3304 3228 3426 3297 ἥτις
3468 3243 3624 3297 ποιη-

2048 3317 2174 3386 τική
2199 3318 2313 3371 ἐστι
2352 3319 2452 3388 τῆς
2484 3317 2746 3385 τοιαύτης
2780 3317 3128 3388 διακρίσεως·
3154 3319 3374 3387 λέγεται
3434 3318 3624 3386 ὥσπερ

2050 3407 2284 3478 διαφορά
2311 3408 2408 3478 μὲν
2435 3407 2672 3478 ἀριθμοῦ
2703 3407 2957 3479 ποιητικὴ
3004 3411 3061 3462 ἐν
3092 3410 3202 3474 τοῖς
3253 3409 3417 3473 θείοις
3454 3410 3487 3480 ἦ
3541 3410 3623 3479 (2)

2052 3499 2193 3552 κατὰ
2220 3499 2281 3552 τὸ
2312 3500 2509 3571 γεννᾷν
2541 3500 2637 3554 καὶ
2663 3499 2955 3568 γεννᾶσθαί
2985 3502 3125 3567 ἐστι,
3163 3501 3256 3554 καὶ
3301 3500 3627 3572 προϐάλλειν

2053 3590 2147 3642 καὶ
2179 3589 2604 3658 προϐάλλεσθαι,
2635 3592 2731 3645 καὶ
2760 3591 2793 3661 ἡ
2822 3588 2915 3645 τοῦ
2941 3591 3238 3655 γεννᾶσθαί
3260 3608 3321 3645 τε
3366 3593 3462 3646 καὶ
3497 3608 3630 3662 προ-

2053 3679 2344 3734 ϐάλλεσθαι
2376 3696 2390 3711 ·
2448 3681 2483 3751 ἡ
2536 3681 2593 3734 δι
2636 3681 2729 3735 τοῦ
2790 3681 3120 3753 προϐάλλειν
3182 3681 3435 3753 διαφορά,
3491 3684 3631 3736 καθὸ

2055 3771 2197 3837 μετά
2224 3785 2369 3832 τινος
2407 3768 2565 3822 τοῦτο
2592 3768 2908 3837 διαστίξεως
2960 3771 3018 3823 ὲν
3068 3773 3143 3841 τῴ
3189 3771 3363 3843 Πατρὶ
3417 3773 3510 3827 καὶ
3551 3772 3631 3845 τῷ

2055 3861 2169 3931 Υίῷ
2217 3859 2528 3932 θεωρεῖται,
2595 3860 2874 3930 ἑπομένως
2924 3860 2983 3914 δὲ
3044 3865 3373 3932 προσωπικῇ
3421 3863 3631 3919 τούτων

2053 3952 2341 4025 διακρίσει,
2369 3954 2596 4022 σημεῖον
2623 3952 2688 4006 ἂν
2719 3953 2803 4024 εἴη
2834 3951 3035 4024 μᾶλλον
3067 3954 3161 4008 τοῦ
3193 3942 3454 4028 άριθῇοὖ,
3484 3956 3630 4011 ὥστε

2057 4048 2208 4117 παρὰ
2232 4047 2331 4115 τὴν
2357 4046 2681 4116 ὁμωνυμίαν
2729 4044 2824 4100 τοῦ
2883 4046 3156 4118 διαφόρως
3218 4047 3546 4119 ἐνυπάρχειν
3603 4051 3634 4104 δ

2055 4138 2197 4208 ἀνὴρ
2231 4133 2387 4199 οὗτος
2429 4137 2745 4206 σοφίζεται⁹
2795 4137 2858 4190 τὸ
2907 4138 3014 4208 γὰρ
3072 4138 3315 4192 αίτιατῦν
3357 4139 3636 4212 διαφόρως

2056 4223 2363 4295 ἐνυπάρχον
2422 4223 2533 4294 Υίῷ
2591 4225 2685 4277 καὶ
2730 4225 3006 4297 Πνεύματι
3055 4227 3340 4298 ποιητικόν
3376 4232 3520 4284 ἐστιν
3575 4231 3637 4284 ἐν

2057 4317 2243 4378 αὐτοῖς
2291 4314 2565 4385 ἀριθμοῦ·
2622 4315 2808 4384 ἐπειδὴ
2870 4316 2948 4388 τῷ
2998 4317 3267 4388 διαφόρως
3303 4321 3365 4373 ὲκ
3421 4322 3640 4391 Πατρὸς

390 4405 543 4458 tione
573 4402 715 4457 ludit
752 4401 835 4455 vir
870 4400 971 4454 iste
1005 4397 1304 4469 sophistice
1331 4399 1386 4453 in
1417 4414 1506 4464 eo,
1548 4400 1693 4470 quod
1727 4401 1942 4456 diverse

2062 4407 2316 4478 προϊέναι
2364 4407 2772 4479 διακρίνονται,
2808 4408 2887 4479 τῷ
2927 4409 3217 4477 γεννᾶσθαι
3269 4411 3508 4481 δηλονότι
3540 4416 3644 4466 καὶ

393 4495 557 4551 modo
589 4492 739 4547 Patri
789 4500 844 4546 et
895 4487 1033 4545 Ftho
1072 4489 1204 4543 insit
1245 4487 1570 4557 producere.
1619 4488 1752 4546 Nam
1786 4493 1945 4561 prin-

388 4586 676 4657 cipiatum,
706 4585 851 4653 quod
892 4581 1113 4635 diverso
1148 4580 1310 4634 modo
1353 4580 1495 4635 inest
1525 4579 1662 4634 Filio
1691 4590 1745 4635 et
1779 4581 1952 4650 Spiri~

390 4678 510 4743 tui,
572 4680 785 4729 numeri
841 4675 899 4729 in
953 4673 1087 4744 ipsis
1117 4672 1433 4728 cﬁ‘ectiwtn
1465 4679 1570 4735 est,
1606 4688 1728 4725 cum
1761 4687 1829 4726 ex
1881 4688 1948 4729 eo

386 4768 532 4840 quod
564 4767 784 4822 d.verso
821 4765 984 4819 modo
1007 4780 1075 4818 ex
1096 4763 1260 4818 Patre
1288 4762 1582 4833 prodeunt,
1607 4761 1948 4833 distinguan-

386 4872 497 4924 tur,
521 4856 879 4929 generatione
910 4853 1172 4907 nimirum
1194 4859 1249 4906 et
1278 4851 1676 4922 productione;
1722 4860 1778 4904 ct
1803 4853 1953 4907 nulla

390 4952 490 5006 alia
527 4966 585 5005 re
610 4949 779 5003 etiam
829 4944 1137 5000 secundum
1181 4944 1395 5012 ipsum;
1453 4942 1780 5013 principium
1813 4959 1949 4999 vero

386 5041 531 5111 quod
578 5041 797 5095 diverso
856 5035 1021 5090 modo
1064 5033 1209 5088 Patri
1245 5043 1301 5088 et
1336 5032 1475 5088 Filio
1520 5035 1686 5102 inest,
1724 5052 1831 5090 non
1866 5047 1954 5093 est

387 5131 604 5186 muneri
647 5142 705 5185 et
737 5128 1108 5184 distinctionis
1135 5124 1449 5180 eﬂectivum
1476 5164 1492 5191 ,
1522 5125 1617 5179 sed
1655 5126 1836 5196 potius
1881 5143 1953 5182 ex

383 5240 574 5280 eorum
607 5222 912 5278 secundum
950 5233 1239 5274 numerum
1280 5216 1635 5272 distinctione
1677 5219 1950 5287 sequitur.

384 5459 414 5512 ὁ
454 5387 529 5455 (Ι)
567 5385 710 5439 Men.
744 5386 782 5439 Γ.
824 5383 944 5452 I96,
975 5383 1030 5449 ί),
1050 5381 1262 5437 καὶτοῦ
1286 5381 1539 5453 διακεκρ.
1566 5380 1793 5438 Videtur
1821 5384 1954 5454 quid

422 5474 596 5512 casse.

422 5474 596 5512 ορδερ.

2059 4500 2481 4572 ἐκπορεύεσθαι,
2529 4501 2624 4554 καὶ
2680 4499 2857 4552 οὐδενὶ
2912 4500 3059 4569 ἄλλῳ
3105 4501 3201 4555 καὶ
3255 4501 3378 4555 κατ’
3411 4502 3582 4557 αὐτόν
3617 4519 3637 4533 ’

2057 4594 2120 4646 τὸ
2151 4592 2206 4645 δὲ
2234 4593 2408 4645 αἴτιον
2438 4591 2714 4661 διαφόρως
2774 4592 3085 4662 ἐνυπάρχον
3134 4594 3310 4661 Πατρὶ
3363 4595 3459 4648 καὶ
3514 4593 3642 4667 mp

2056 4684 2157 4737 οὐκ
2196 4683 2313 4734 ἐστι
2344 4674 2923 4751 ποιητικὸνἾιριθμοῢ
2987 4684 3081 4735 καὶ
3124 4683 3472 4755 διακρίσεως,
3512 4686 3644 4739 ἀλλ’

2046 4783 2114 4835 ὲκ
2140 4778 2235 4845 τῆς
2265 4772 2389 4827 κατ’
2408 4770 2639 4844 ἀριθμὸν
2672 4773 2850 4825 αὐτῶν
2883 4773 3214 4847 διακρίσεως
3269 4776 3473 4845 μᾶλλον
3504 4776 3648 4830 ἕπεο

2050 4885 2143 4921 ται
2177 4885 2194 4901 ·
2223 4866 2356 4919 διότι
2394 4866 2503 4935 γὰρ
2537 4864 2632 4917 δύο
2684 4865 3015 4927 ὑποστάσεις
3039 4866 3149 4918 εἰσὶ
3188 4869 3252 4937 τῇ
3297 4864 3391 4921 τοῦ
3436 4870 3647 4940 γεννᾷν

2052 4961 2149 5014 καὶ
2186 4956 2478 5025 γεννᾶσθαι
2506 4956 2744 5026 διαφορᾷ
2768 4953 3058 5029 ἦθὶδιότητι
3077 4956 3504 5028 διακεκριμέναι
3540 4962 3649 5013 xci.

2058 5053 2196 5113 ὅλως
2214 5049 2294 5120 τῷ
2319 5048 2544 5119 άνάρχῳ
2561 5063 2622 5100 τε
2652 5052 2747 5101 καὶ
2769 5046 2849 5116 τῷ
2881 5047 2939 5109 ἐξ
2975 5047 3174 5117 ἀρχῆς,
3218 5048 3465 5102 ἐντεῦθεν
3497 5065 3654 5119 συμ-

2059 5143 2234 5197 ϐαίνει
2268 5142 2362 5195 καὶ
2392 5145 2492 5210 τὴν
2518 5138 2611 5192 τοῦ
2649 5137 2972 5209 προϐάλλειν
3003 5137 3037 5208 ἢ
3086 5138 3181 5193 τοῦ
3221 5140 3396 5193 αίτίου
3435 5156 3653 5193 κοινω-

2058 5236 2173 5289 νίαν
2205 5233 2341 5313 μετά
2364 5246 2504 5295 τινος
2529 5230 2845 5296 διαστιξεως
2889 5230 2949 5283 ὲν
2983 5231 3171 5294 αὐτοῖς
3233 5230 3490 5294 νοεῖσθαι,
3522 5230 3656 5285 ῶσ-

2144 5392 2224 5465 (2)
2260 5394 2469 5449 Monac.
2508 5392 2601 5461 37,
2632 5392 2687 5461 ἦ.

455 5621 530 5687 (a)
573 5621 649 5674 ita
696 5621 755 5678 S.
787 5621 1147 5692 AuguStinus,
1186 5622 1259 5678 De
1289 5604 1460 5688 ’Νίκη
1492 5633 1580 5690 xv,
1616 5619 1711 5688 i7;
1743 5619 1800 5676 S.
1848 5618 2161 5686 Anselmus,
2209 5619 2283 5674 De
2343 5636 2485 5692 prec.
2529 5619 2716 5690 Spit-it.
2744 5620 2939 5685 sancti;
2967 5620 3022 5676 S.
3070 5620 3253 5674 Ausci.
3309 5614 3659 5687 Iiavelberg.

382 5685 552 5757 υίαιᾳ,
586 5692 622 5745 l.
657 5707 715 5759 ιι,
743 5685 910 5749 c351
