3900 6216
310 372 381 433 65
1370 368 1815 434 REFUTATIO
1855 371 2100 431 MARCI
2143 366 2539 429 EPHESINI.
3502 362 3573 424 (δ

310 501 420 554 περ
446 481 510 553 δὴ
542 479 639 534 καὶ
660 480 759 551 τὴν
794 485 903 535 τῶν
930 482 1107 536 ἄλλων
1138 486 1446 552 κοινωνίαν,
1487 488 1628 554 amp
1653 487 1718 536 τὰ
1752 486 1878 535 αὑτὲ

2003 483 2135 536 Nam
2169 485 2294 551 quia
2346 483 2468 535 dua:
2520 490 2648 535 sum
2703 494 2951 549 persona:
2981 477 3357 551 generationis
3382 481 3573 534 activae

307 574 806 645 φύσειπρόσεστιν.
836 573 1052 645 Ὠσπερ
1076 571 1173 629 οὖν
1207 578 1269 629 τὸ
1319 574 1462 632 εἶναι
1492 580 1586 631 καὶ
1615 579 1649 647 ή
1695 575 1893 643 ἁγαθό-

303 682 407 734 της
425 664 571 733 καὶὴ
603 663 800 731 θεότης
846 666 942 717 καὶ
991 668 1023 735 ἡ
1084 668 1248 735 φύσις
1304 670 1507 722 καὶτὰ
1567 667 1791 721 τοιαῦτα
1835 667 1893 717 ἓν

200 782 203 785 ν
304 756 445 808 slew
470 757 531 807 ἐν
561 754 774 817 αὐτοῖς.
806 754 954 809 οὕτω
979 757 1161 811 καὶτὸ
1181 759 1516 828 προϐάλλειν
1552 759 1651 813 καὶ
1678 754 1758 821 εἷς
1786 760 1893 811 εἱσι

305 846 610 917 προδολεὺς
640 846 736 899 καὶ
760 845 821 899 ἐν
867 848 1043 900 αττιον
1074 851 1172 902 καὶ
1216 852 1314 918 μία
1378 850 1523 919 ἀρχὴ
1581 849 1675 901 τοῦ
1731 850 1891 916 ἁγίου

302 938 643 1006 Πνεύματος.
676 938 752 990 Οὑ
775 939 974 992 ταυτὸν
1004 941 1115 1009 ἄρα
1159 941 1385 995 δύναται
1428 934 1579 994 τό’τε
1617 940 1893 1009 διαφόρως

302 1029 531 1081 αιτιατά
559 1025 704 1081 εἶναι
734 1030 828 1081 τὸν
862 1030 991 1083 Υῑὸν
1018 1032 1111 1083 καὶ
1136 1032 1197 1084 τὸ
1227 1034 1482 1103 Πνεῦμα,
1526 1033 1618 1085 καὶ
1672 1033 1731 1085 τὸ
1778 1032 1893 1082 δια-

300 1121 485 1189 φόρως
514 1120 852 1190 προϐάλλειν
874 1122 966 1174 τὸν
997 1122 1219 1192 Πατέρα
1260 1126 1353 1177 καὶ
1394 1126 1485 1177 τὸν
1521 1125 1666 1178 Υίόν.
1713 1122 1889 1176 Ἐκείο

297 1227 367 1278 νη
398 1212 499 1278 μὲν
525 1210 637 1279 γὰρ
666 1212 700 1282 ἠ
754 1210 992 1280 διαφορὰ
1049 1214 1142 1265 τὸν
1192 1214 1293 1283 τῆς
1353 1214 1641 1285 ὑπάρξεως
1690 1215 1891 1283 τρόπον

293 1300 556 1367 διάφορον
589 1299 825 1353 ποιοῦσα
856 1300 952 1353 καὶ
982 1300 1194 1371 πλῆθος
1226 1306 1377 1357 ποιτί
1421 1309 1517 1358 καὶ
1570 1306 1842 1373 διάκρισιν
1873 1322 1886 1334 ο

295 1386 442 1460 αὕτη
471 1389 531 1442 δὲ
560 1391 595 1459 ή
628 1389 866 1458 διαφορὰ
894 1391 974 1460 τῷ
1012 1391 1254 1463 διαφόρῳ
1311 1396 1411 1463 τῆς
1441 1394 1730 1464 ὑπάρξεως
1762 1398 1889 1448 ἐπο-

296 1480 441 1547 μένη
464 1484 657 1551 τρόπῳ
685 1481 843 1535 οὐδὲν
875 1482 1122 1536 τοιοῦτον
1150 1486 1322 1540 ποιεῖ.
1359 1486 1467 1538 Καὶ
1498 1487 1725 1539 καθόλου
1773 1488 1829 1538 δὲ
1858 1488 1887 1540 6

290 1570 559 1640 διάφορος
583 1572 682 1640 τῆς
716 1573 945 1642 προόδου
974 1576 1176 1644 τρόπος
1211 1578 1270 1627 ὲν
1326 1577 1427 1645 μὲν
1472 1580 1587 1639 τοῖς
1634 1577 1888 1647 προϊοῦσι

294 1662 512 1728 πλῆθος
540 1664 685 1716 ποιεῖ
714 1665 811 1717 καὶ
836 1663 1133 1737 διάκρισιν,
1167 1667 1227 1719 ἂν
1280 1666 1337 1719 δὲ
1372 1669 1433 1737 τῇ
1481 1670 1627 1738 ἀρχῇ
1686 1668 1885 1722 πολλοῦ

292 1769 361 1819 γε
384 1756 482 1806 καὶ
519 1754 602 1806 δεῖ
629 1772 645 1787 ·
681 1749 719 1825 ἦ
746 1755 858 1825 γὰρ
886 1754 955 1810 ἂν
983 1756 1080 1808 καὶ
1105 1759 1133 1808 6
1161 1758 1355 1827 Πατὴρ
1375 1758 1572 1811 ἑαυτοῦ
1619 1759 1884 1828 διεκρίνεο

2000 586 2055 628 ct
2090 573 2316 641 passiva:
2358 571 2673 625 dilferi-ntia
2722 571 2837 623 sive
2888 571 3223 639 pr0prietate
3274 568 3573 633 distinctae,

2000 675 2053 719 et
2082 664 2387 717 universim
2414 662 2630 715 ratione
2667 674 2773 713 non
2808 660 3123 729 principiali
3152 671 3207 715 et
3230 660 3571 730 principiali,

2000 753 2129 808 inde
2153 753 2359 813 evenit,
2385 760 2519 806 utet
2547 753 2600 805 in
2632 748 2987 820 producendo
3014 750 3099 803 vel
3129 751 3405 804 causando
3427 766 3576 803 coni-

1998 842 2191 897 munio
2217 857 2342 896 cum
2376 841 2611 909 quadam
2641 839 3000 893 distinctione
3038 839 3093 892 in
3131 839 3265 908 ipsis
3298 839 3573 908 intelliga-

1998 942 2107 993 tur.
2135 931 2279 986 sicut
2306 941 2364 986 et
2387 931 2702 985 communio
2731 932 2786 982 in
2826 931 2951 984 aliis
2992 946 3113 999 quze
3148 931 3342 984 eadem
3376 942 3572 984 natura

1997 1022 2128 1092 ipsis
2161 1022 2371 1075 insunt.
2415 1019 2890 1087 Quemadmodum
2936 1019 3105 1089 igitur
3149 1035 3294 1083 esse,
3331 1022 3569 1083 bonitas,

1996 1115 2195 1180 deitas,
2242 1124 2439 1169 natura
2483 1123 2537 1168 et
2596 1114 2798 1168 similia
2840 1128 3009 1166 unum
3044 1113 3097 1167 in
3137 1114 3270 1182 ipsis
3311 1122 3461 1173 sunt.
3498 1114 3570 1165 ita

1996 1216 2051 1260 et
2079 1206 2421 1275 producere;
2456 1215 2623 1274 atque
2691 1219 2835 1257 unus
2888 1214 3021 1258 sunt
3074 1204 3393 1272 productur,
3458 1217 3566 1255 una

1994 1313 2185 1364 causa,
2214 1312 2383 1351 unum
2415 1296 2750 1366 principium
2784 1294 3027 1363 Spiritus
3055 1294 3255 1347 sancti.
3289 1293 3405 1346 Non
3441 1308 3570 1361 per-

1996 1388 2121 1441 inde
2168 1402 2303 1457 ergo
2352 1386 2497 1441 valet
2547 1386 2768 1440 diverso
2838 1384 3001 1439 modo
3069 1385 3395 1454 principiata
3448 1399 3570 1439 esse

1994 1475 2197 1531 Filium
2225 1489 2280 1532 et
2309 1477 2577 1548 Spiritutn
2607 1492 2673 1530 ac
2698 1477 2917 1531 diverso
2948 1476 3112 1530 modo
3137 1478 3443 1545 producere
3471 1490 3567 1528 seu

1991 1567 2205 1637 spirare
2238 1569 2454 1623 Patrem
2485 1577 2539 1623 et
2570 1567 2791 1621 Filium.
2838 1567 2933 1621 illa
2968 1583 3203 1637 namque
3235 1566 3569 1626 dill'erentia,

1992 1674 2114 1728 quae
2139 1658 2438 1713 exsistendi
2463 1660 2686 1713 modum
2711 1658 2988 1712 diversum
3020 1659 3245 1723 lacit,et
3274 1670 3567 1711 numerum

1991 1760 2050 1804 et
2079 1750 2492 1806 distinctionem
2536 1748 2733 1813 eﬂieit;
2767 1750 2884 1804 hrec
2920 1765 3074 1813 vero,
3124 1765 3246 1819 qua:
3283 1749 3567 1803 diversum

292 1862 379 1910 το,
414 1845 597 1908 ἄλλως
628 1824 893 1916 προάγων
926 1846 991 1911 ιξ
1022 1846 1221 1901 ἑαυτοῦ
1245 1824 1337 1901 τὸν
1361 1848 1488 1901 Υιδν
1518 1851 1611 1901 καὶ
1630 1824 1803 1911 ἄλλως
1825 1852 1878 1901 τὸ

1989 1824 2292 1898 exsistendi
2322 1843 2546 1897 modum
2578 1842 2851 1911 sequitur,
2878 1840 3019 1895 nihil
3060 1840 3228 1894 ellicit
3265 1840 3567 1908 ejusmodi.

291 1936 530 2004 Πνεῦμα
560 1936 618 1988 τὸ
648 1936 828 2005 ἅγιον.
867 1938 930 1990 El
978 1937 1034 1990 δὲ
1066 1939 1096 1991 6
1136 1936 1327 2008 Πατὴρ
1380 1942 1483 2005 μία
1545 1939 1689 2008 ἀρχή
1737 1939 1884 1990 ἔστιν

293 2026 427 2080 Υῑοῦ
467 2028 565 2080 καὶ
593 2028 941 2098 Πνεὺματος,
982 2029 1165 2082 καίτοι
1205 2029 1465 2099 διάφορος
1502 2027 1644 2083 οὖσα
1673 2029 1885 2082 τούτων

292 2120 462 2189 ἁρχὴ,
491 2120 574 2173 ὅτι
602 2119 695 2173 τοῦ
724 2121 824 2190 μιν
849 2124 1157 2192 γεννήτωρ,
1183 2120 1277 2174 τοὺ
1320 2122 1376 2174 δὲ
1440 2121 1760 2191 προὸολεὺς,
1797 2121 1885 2173 εὑ-

291 2212 459 2279 δηλον
486 2212 571 2265 ὅτι
597 2214 694 2265 καὶ
723 2213 814 2265 τὸν
851 2215 1073 2284 Πατέρα
1128 2216 1226 2267 καὶ
1266 2214 1359 2281 τὸν
1423 2214 1551 2267 Υἱὸν
1589 2214 1683 2267 δύο
1742 2212 1881 2267 εἶναι

291 2304 475 2371 ἀρχὰς
502 2304 592 2355 διὰ
624 2304 684 2356 τδ
716 2304 990 2375 διαφόρως
1042 2306 1233 2369 αὐτοῖς
1282 2300 1424 2359 εἶναι
1485 2306 1638 2359 τουτὶ
1680 2305 1742 2358 τὸ
1784 2306 1882 2375 τῆς

289 2398 474 2464 ἀρχῆς
506 2398 741 2466 πρᾶγμα
768 2400 865 2451 καὶ
882 2398 1060 2467 δνομα
1082 2398 1312 2467 οὐδεμία
1361 2390 1600 2466 άνάγκτί.
1660 2398 1720 2450 Εἰ
1773 2400 1882 2470 γὰρ

290 2489 520 2557 μηχανῇ
560 2491 715 2541 τινιό
749 2489 942 2559 Πατὴρ
966 2492 1063 2542 καὶ
1117 2492 1146 2541 6
1184 2489 1311 2551 Υἱὸς
1349 2484 1419 2559 ἦν
1476 2490 1537 2541 ἔν
1567 2491 1877 2559 πρόσωπον,

286 2576 384 2629 ιύκ
454 2577 521 2629 ἂν
577 2578 666 2631 διά
719 2579 869 2631 τοῦθ’
927 2579 1126 2632 ἑαυτοῦ
1191 2580 1494 2648 διεκρίνετο
1547 2580 1650 2651 (Ι),
1708 2581 1881 2633 ὅτιτὸ

286 2669 525 2737 Πνεῦμα
565 2670 626 2721 τὸ
651 2672 809 2737 ἅγιον
838 2672 1085 2742 διαφόρῳ
1134 2674 1326 2742 τρόπῳ
1372 2673 1605 2743 προῆγε.
1664 2673 1778 2727 Νῦν
1822 2674 1879 2725 δὲ

284 2760 375 2812 δύο
397 2761 514 2829 μέν
544 2760 654 2811 εισι
689 2763 781 2813 καὶ
805 2763 1075 2830 πρόσωπα
1096 2762 1192 2815 δύο
1220 2765 1247 2815 6
1294 2764 1487 2833 Πατὴρ
1536 2765 1632 2817 καὶ
1678 2767 1706 2818 ό
1750 2765 1877 2827 Υἱὸς

282 2850 349 2903 δι’
383 2850 569 2918 ἄλλην
603 2852 811 2916 αἰτίαν,
866 2854 1118 2905 τουτέστι
1174 2854 1263 2908 διὰ
1318 2855 1410 2907 τὸν
1468 2855 1725 2927 διάφορον
1779 2856 1879 2925 τῆς

282 2942 586 3013 ὑπάρξεως
639 2945 696 2995 ὲν
766 2943 957 3008 αὐτοῖς
1002 2945 1203 3015 τρόπον
1241 2962 1257 2978 ο
1305 2946 1423 2999 ἀλλ’
1474 2946 1574 2998 οὑκ
1626 2949 1735 2999 εἰσὶ
1784 2947 1878 2999 δύο

282 3035 462 3103 ἀρχαὶ
488 3031 582 3083 τοῦ
616 3031 936 3102 Πνεὺματος
965 3035 1052 3086 διὰ
1104 3035 1197 3087 τὸν
1243 3035 1503 3104 διάφορον
1551 3036 1647 3106 τῆς
1700 3039 1877 3108 ἀρχῆς

279 3128 450 3192 λόγον
474 3125 535 3176 ιν
564 3124 751 3231 αὐτοῖς
805 3127 1224 3195 εὑρισκόμενον,
1269 3127 1408 3180 άλλά
1478 3129 1677 3196 μᾶλλον
1734 3130 1873 3199 αρχὴ
1900 3174 1944 3231 c

286 3217 381 3283 μία
404 3216 513 3269 καὶ
538 3209 617 3276 εἷ,
651 3216 953 3284 προὸολεὺς
977 3217 1066 3270 διὰ
1096 3220 1195 3286 τὴν
1226 3220 1356 3288 μίαν
1385 3220 1605 3289 ἀριθμῷ
1639 3220 1872 3289 δύναμιν

284 3309 375 3360 καὶ
402 3302 777 3380 ἐνέργειαν,ᾗ
807 3308 943 3377 πρὸς
966 3309 1026 3361 τὺ
1052 3308 1277 3379 Πνεῦμα
1301 3308 1361 3362 τὸ
1382 3310 1540 3375 ἅγιον
1567 3313 1873 3379 ἀναφέρονι

286 3418 393 3464 ται,
451 3401 541 3469 μὴ
586 3400 1034 3467 προσισταμένης
1089 3401 1191 3470 τῆς
1256 3402 1630 3471 ὑποστατικῆς
1691 3403 1873 3454 αὐτῶν

286 3494 649 3562 διακρίσεως.
712 3491 924 3557 Ὠσπερ
966 3492 1085 3544 οὑδὲ
1147 3492 1277 3547 άλλο
1326 3510 1381 3544 τι
1428 3494 1677 3564 ἁνταίρει
1728 3494 1871 3563 αὓτη

288 3584 393 3635 τῶν
427 3585 633 3646 κοινῶς
685 3585 780 3634 καὶ
832 3582 1093 3647 ὡσαύτως
1145 3585 1239 3636 καὶ
1274 3583 1470 3648 ἑνικῶς
1515 3586 1870 3655 ὑπαρχόντων

286 3675 494 3741 αὐτοῖς,
535 3674 676 3726 οὓτω
701 3674 867 3727 ἕωλον
892 3674 1040 3742 αὑτῷ
1065 3674 1159 3727 καὶ
1178 3674 1323 3728 τοῦτ’
1348 3678 1465 3728 ἐστὶ
1504 3678 1564 3730 τὸ
1587 3678 1873 3748 67:21:in-

290 3784 385 3835 μα.
423 3765 834 3835 Ἐλελήθειγάρ
864 3765 1030 3818 αὑτὸν
1068 3766 1164 3818 ἐπὶ
1188 3768 1374 3832 πᾶσιν,
1397 3768 1563 3822 ὅτιτὸ
1608 3769 1710 3838 μὲν
1756 3772 1871 3823 δια·-

285 3860 467 3928 φόρως
496 3858 744 3909 αιτιατὸν
774 3857 1036 3926 ὐφίστησι
1063 3858 1154 3910 τὸν
1180 3857 1309 3909 Υἰόν
1356 3861 1450 3910 καὶ
1506 3859 1567 3912 τὸ
1621 3860 1867 3930 Πνεῦμα,

284 3950 355 4013 ὼς
413 3954 443 4002 6
507 3949 769 4017 διάφορος
827 3949 1031 4017 τρόπος
1083 3949 1181 4018 τῆς
1246 3949 1615 4021 ὑποστατικῆς
1666 3953 1872 4007 τούτων

286 4042 601 4111 ὑπάρξεως,
633 4043 692 4093 τὸ
719 4042 775 4094 δὲ
821 4042 1097 4112 διαφόρως
1149 4041 1325 4095 αῐτιον
1368 4043 1459 4095 τὸν
1501 4046 1722 4115 Πατέρα
1776 4054 1870 4099 καὶ

284 4135 371 4186 τὸν
404 4135 539 4186 rm
572 4136 671 4203 οὐχ
704 4134 1018 4203 ὑφίστησιν,
1052 4134 1214 4203 εῐπερ
1267 4137 1454 4188 ἐκεῖνα
1510 4138 1610 4207 μὲν
1661 4140 1764 4192 οὑκ
1802 4142 1870 4192 ἂν

284 4222 395 4279 εἶεν
430 4226 533 4279 δύο
557 4227 635 4295 μὴ
652 4226 929 4294 διαφόρως
960 4226 1095 4279 ὄντα
1128 4228 1370 4291 αἰτιατὰ,
1391 4229 1462 4280 τὰ
1496 4229 1553 4280 δὲ
1609 4232 1705 4283 καὶ
1751 4232 1867 4300 ἅμα

280 4317 374 4370 τοῦ
396 4319 682 4386 διαφόρως
706 4317 1039 4385 προϐάλλειν
1066 4317 1162 4370 δύο
1202 4318 1531 4381 ὑποστάσεις
1584 4319 1868 4390 διακεκρι-

283 4412 440 4480 μέναι
468 4409 854 4477 τυγχάνουσιν,

1988 1934 2299 1991 Uuiversint
2350 1948 2483 1988 vero
2511 1934 2769 1988 diversus
2820 1931 3225 2003 progressionis
3274 1932 3472 1985 modus
3511 1930 3567 1984 in

1986 2028 2475 2098 progredientibus
2504 2026 2728 2095 quidem
2754 2040 2852 2081 seu
2885 2024 3233 2094 principiatis
3268 2038 3565 2077 numerum

1984 2131 2042 2175 et
2082 2121 2495 2175 distinctionem
2542 2118 2727 2183 ellicit,
2784 2120 2839 2171 in
2897 2119 3173 2187 principio
3227 2132 3358 2171 vero
3412 2118 3567 2171 nullo

1985 2215 2181 2277 modo;
2216 2226 2376 2267 secus
2426 2210 2573 2265 enim
2607 2222 2662 2264 et
2694 2210 2858 2264 Pater
2905 2225 2934 2262 a
2985 2210 3168 2277 seipso
3199 2207 3568 2278 distinguere-

1986 2314 2095 2368 tur,
2126 2304 2220 2372 qui
2250 2302 2357 2356 alio
2388 2304 2554 2356 modo
2585 2316 2651 2356 ex
2678 2301 2863 2369 seipso
2892 2299 3116 2364 Filium,
3149 2301 3258 2353 alio
3291 2300 3559 2368 Spiritunt

1984 2401 2234 2447 sanctum
2264 2392 2538 2460 producit.
2570 2392 2625 2446 Si
2672 2408 2803 2445 vero
2832 2392 2991 2444 Pater
3037 2401 3123 2444 est
3177 2407 3346 2444 unum
3404 2393 3562 2461 prin-

1983 2486 2183 2554 cipium
2216 2483 2339 2537 Filii
2371 2492 2428 2538 et
2473 2484 2737 2555 Spiritus,
2770 2485 2901 2539 licet
2926 2484 3207 2537 diversum
3258 2498 3451 2537 eorum
3487 2484 3559 2538 sit

1985 2576 2319 2645 principium
2342 2613 2358 2639 ,
2400 2576 2529 2645 quia
2587 2576 2821 2629 alterius
2856 2578 3111 2644 genitor,
3162 2575 3391 2629 alterius
3423 2591 3558 2629 vero

1981 2666 2307 2735 productor,
2332 2667 2685 2721 manifestum
2713 2678 2799 2721 est
2828 2668 2977 2720 nulla
3006 2670 3340 2721 necessitate
3370 2668 3561 2735 requi-

1983 2759 2050 2825 ri,
2084 2766 2145 2812 ut
2172 2766 2230 2813 et
2260 2758 2423 2813 Pater
2455 2768 2512 2812 et
2558 2757 2732 2813 Filius
2763 2761 2872 2813 duo
2912 2760 3024 2813 sint
3075 2760 3369 2828 principia,
3427 2775 3559 2829 pro-

1980 2861 2174 2923 pterea
2210 2852 2357 2920 quod
2386 2851 2607 2904 diverso
2654 2851 2816 2904 modo
2850 2851 3091 2906 habeant
3136 2853 3399 2921 principii
3437 2868 3555 2907 rem

1980 2954 2037 2999 et
2062 2958 2286 2998 nomen.
2332 2943 2389 2997 Si
2424 2959 2518 3012 per
2549 2943 2892 3011 impossibile
2943 2944 3105 2997 Pater
3134 2954 3190 2999 et
3224 2944 3398 2998 Filius
3447 2960 3557 2998 una

1981 3048 2215 3104 persona
2247 3044 2453 3099 essent,
2507 3032 2623 3087 haec
2661 3048 2771 3087 non
2808 3033 3010 3089 idcirco
3057 3049 3087 3088 a
3138 3034 3319 3104 seipsa
3366 3034 3562 3089 distin-

1979 3135 2268 3197 gueretur,
2319 3127 2449 3195 quia
2491 3127 2716 3181 diverso
2770 3128 2934 3181 modo
2982 3126 3248 3196 produxit
3290 3128 3555 3197 Spiritqu

1978 3229 2255 3274 sanetum.
2296 3219 2454 3272 Nunc
2484 3231 2667 3273 autem
2712 3218 2823 3274 duo
2855 3228 2985 3273 sunt
3028 3232 3084 3275 et
3124 3220 3248 3275 duae
3304 3234 3557 3289 persona:

1978 3312 2140 3366 Pater
2168 3322 2227 3366 et
2272 3311 2441 3365 Filius
2470 3312 2634 3365 aliam
2668 3312 2736 3365 ob
2782 3326 3030 3377 causam,
3064 3311 3326 3365 nimirum
3368 3313 3440 3366 ob
3472 3313 3549 3366 dio

1979 3416 2203 3458 versum
2239 3401 2293 3454 in
2327 3402 2459 3470 ipsis
2488 3400 2790 3455 exsistendi
2833 3401 3092 3464 modum;
3131 3402 3229 3454 sed
3280 3415 3389 3453 non
3426 3410 3557 3453 sunt

1976 3496 2087 3549 duo
2110 3494 2381 3564 principia
2414 3493 2657 3563 Spiritus
2681 3495 2862 3548 sancti
2886 3494 2957 3547 ob
2980 3494 3259 3548 diversam
3288 3492 3553 3562 principii

1975 3588 2267 3651 rationem,
2306 3601 2429 3657 quae
2465 3587 2520 3641 in
2556 3586 2693 3656 ipsis
2723 3585 3144 3649 invenitur,sed
3170 3584 3356 3654 potius
3382 3599 3551 3638 unum

1974 3679 2316 3750 principium
2344 3688 2402 3734 et
2435 3694 2577 3733 unus
2607 3679 2847 3748 spirator
2869 3678 2940 3733 ob
2976 3693 3140 3731 unam
3171 3691 3405 3731 numero
3442 3691 3557 3730 vrr-

1978 3782 2149 3826 tutem
2179 3781 2235 3825 et
2264 3772 2666 3840 operationem,
2702 3786 2807 3840 qua
2841 3771 2909 3824 ad
2965 3771 3235 3840 Spiritum
3296 3782 3551 3824 sanctum

1976 3864 2317 3929 referuntur,
2352 3879 2459 3917 non
2509 3864 2765 3918 obstante
2795 3864 3076 3933 personali
3112 3878 3307 3918 eorum
3356 3865 3556 3919 distin-

1973 3957 2174 4010 ctione.
2213 3954 2388 4009 Sicuti
2422 3954 2536 4007 basc
2569 3953 2877 4022 personalis
2910 3955 3197 4008 distinctio
3229 3954 3368 4007 nihil
3400 3955 3550 4008 aliud

1976 4047 2117 4101 tollit
2147 4061 2213 4100 ex
2245 4046 2315 4099 iis
2358 4060 2480 4113 quae
2533 4045 2908 4097 communiter
2937 4054 2995 4099 et
3042 4047 3239 4099 eodem
3273 4048 3435 4099 modo
3496 4056 3555 4100 ct

1971 4138 2327 4207 singulariter
2358 4147 2488 4190 sunt
2536 4136 2591 4189 in
2626 4136 2782 4205 ipsis,
2819 4138 2891 4190 ita
2926 4147 2983 4191 et
3031 4138 3191 4193 futile
3239 4150 3327 4193 est
3362 4138 3554 4193 ethoc

1974 4231 2189 4301 (Marci)
2229 4241 2633 4300 argumentum.
2662 4228 2902 4283 Omnino
2955 4230 3105 4284 enim
3167 4246 3296 4285 eum
3366 4233 3551 4296 latuit,

1970 4322 2365 4392 principiatum
2386 4322 2606 4376 diverso
2637 4320 2802 4375 modo
2828 4335 2951 4376 esse
2973 4322 3315 4378 constituere
3348 4324 3551 4379 Filium

1972 4430 2029 4470 et
2059 4413 2325 4483 Spiritum
2382 4424 2444 4467 ut
2480 4414 2760 4467 diversum
2809 4429 3002 4469 eorum
3062 4417 3371 4484 personalis
3405 4418 3557 4473 exsi-

285 4504 511 4559 stentiz
563 4502 813 4565 modem,
844 4501 1062 4557 diverso
1094 4502 1259 4557 modo
1293 4502 1627 4572 principium
1652 4518 1774 4559 esse
1842 4505 2060 4562 Patrem
2126 4516 2183 4561 et
2245 4505 2446 4560 Filium
2473 4520 2582 4559 non
2616 4506 2977 4568 constituere,
3005 4509 3264 4575 quoniam
3298 4508 3388 4563 illa
3428 4514 3552 4577 qui-

285 4600 404 4649 dem
439 4595 589 4649 haud
633 4595 745 4647 duo
778 4592 981 4659 forent,
1015 4594 1058 4647 si
1097 4609 1206 4649 non
1235 4604 1424 4649 essent
1444 4596 1668 4650 diverso
1698 4598 1861 4651 modo
1901 4599 2253 4669 principiata.
2290 4598 2406 4652 haec
2465 4612 2599 4652 vero
2674 4598 2861 4665 (Pater
2890 4610 2947 4652 et
2978 4595 3172 4667 Filius)
3221 4600 3389 4655 simul
3425 4618 3555 4663 οιιιιι

283 4706 348 4746 eo
385 4690 540 4760 quod
590 4689 810 4743 diverso
858 4691 1019 4743 modo
1066 4674 1379 4759 producuni
1429 4693 1551 4745 dum
1609 4707 1854 4761 personae
1894 4694 2167 4750 distinctae
2190 4696 2485 4749 exsistunt.

750 4781 1014 4837 ΕΦΕΣΟΥ
1044 4783 1199 4837 ΚΕΦ.
1246 4784 1304 4836 H'
1343 4783 1445 4851 (2).

354 4874 587 4943 Πνεῦμα
619 4890 785 4941 φασιν
814 4875 865 4926 οἱ
914 4874 1156 4940 θεολόγοι
1206 4875 1285 4945 (3)
1342 4877 1403 4927 τὸ
1446 4876 1546 4946 τῆς
1592 4875 1866 4945 πατρικῆς

287 4968 727 5039 ἑκπορευόμενον
762 4967 1133 5028 ὑποστάσεως.
1168 4966 1232 5019 El
1263 4968 1321 5020 δι
1347 4968 1407 5020 τὸ
1442 4968 1575 5020 αὑτὸ
1624 4972 1723 5021 καὶ
1768 4969 1868 5038 τῆς

288 5058 379 5109 τοῦ
410 5056 541 5110 Tini
562 5057 916 5118 ὑποστάσεως
941 5056 1327 5124 ἐκπορεύεται,
1365 5058 1417 5110 τί
1466 5073 1530 5124 γε
1572 5058 1704 5111 ἄλλο
1730 5058 1764 5128 ἢ
1800 5061 1866 5111 lx

292 5148 383 5201 δύο
398 5151 768 5217 ἐκπορεύεται
792 5150 1150 5202 ὑποστάσεων
1184 5168 1198 5214 ;
1234 5149 1306 5201 T6
1329 5149 1387 5201 δὲ
1412 5155 1473 5201 ὲκ
1504 5150 1601 5203 δὺο
1624 5152 1865 5204 ὑποστά-

294 5258 429 5294 σεων
460 5243 897 5312 ὲκπορευόμενον
934 5242 985 5294 τι
1010 5258 1072 5308 γε
1099 5241 1225 5294 ἄλλο
1251 5242 1284 5310 ἢ
1308 5241 1403 5294 δύο
1431 5243 1525 5303 τὰς
1560 5244 1733 5311 ἀρχάς
1757 5242 1871 5313 ἔχει

293 5336 393 5402 τῆς
419 5336 613 5389 ἑαυτοῦ
647 5335 970 5404 ὑπάρξεωςς
1004 5337 1120 5387 Οὔκ
1142 5334 1248 5405 ἄρα
1298 5337 1518 5388 Λατῖνοι
1560 5338 1658 5405 τὴν
1710 5335 1872 5401 δυαρς

297 5430 417 5499 χίαν
443 5429 823 5494 ἑκφεὺξονται,
875 5430 1070 5497 μέχρις
1117 5426 1185 5479 ἂν
1248 5429 1343 5480 καὶ
1395 5430 1459 5479 ὲκ
1500 5425 1591 5478 τοῦ
1628 5424 1755 5478 Υἱοὺ
1811 5426 1870 5477 τὸ

304 5520 524 5587 Πνεῦμα
550 5522 609 5573 τὸ
636 5536 792 5586 αγιον
820 5515 961 5571 εἶναι
1006 5517 1260 5584 λέγωσιν.

369 5635 449 5702 (l)
482 5635 687 5689 Monac.
722 5635 763 5688 l‘.
797 5634 925 5697 150,
958 5633 1015 5697 b,
1047 5633 1409 5701 διακρίνοιτο.

373 5710 450 5775 (ξι)
484 5705 537 5757 lu
577 5706 782 5759 Monac.
815 5706 940 5764 206,
983 5710 1020 5755 Ι’.
1052 5703 1155 5756 ⁸292
1192 5706 1243 5765 Ι),
1268 5714 1351 5758 est
1388 5720 1507 5775 cap.
1544 5704 1594 5759 5.

373 5773 450 5843 ᾧ)
487 5776 619 5829 lion.
650 5780 741 5827 ctt.
803 5790 968 5843 φησιν
1023 5774 1049 5822 ό
1094 5774 1345 5835 Κισσεὺς
1390 5773 1663 5844 Θεολόγος.
1706 5777 1865 5844 Nyss.

615 5871 887 5927 Ριιτιιοι..
938 5868 1050 5926 Gn.
1098 5862 1311 5923 CLXI.

2461 4785 2701 4841 EPHES.
2738 4782 2892 4840 CAP.
2928 4784 3063 4839 Vill.

2044 4879 2305 4950 Spiritum
2338 4878 2531 4933 dicunt
2578 4877 2815 4947 theologi
2850 4891 2917 4932 ex
2966 4886 3191 4947 paterna
3245 4879 3550 4948 proceden-

1975 4980 2085 5026 tem
2121 4971 2417 5041 byposlasi.
2450 4968 2506 5024 Si
2534 4984 2667 5024 vero
2703 4969 2846 5023 idem
2887 4980 2943 5023 et
2979 4985 3047 5024 ex
3086 4968 3210 5024 Filii
3262 4970 3545 5040 bypostasi

1976 5065 2241 5132 procedit,
2272 5077 2455 5117 nonne
2483 5078 2550 5117 ex
2589 5062 2804 5117 duabus
2846 5062 3237 5132 hypostasibus
3262 5064 3553 5133 procedit?

1976 5155 2130 5221 Quod
2156 5170 2287 5208 vero
2322 5156 2573 5224 procedit
2597 5168 2665 5207 ex
2693 5154 2908 5208 duabus
2931 5152 3339 5223 hypostasibus,
3366 5170 3552 5209 nonne

1978 5247 2031 5300 id
2063 5247 2172 5300 duo
2233 5246 2396 5298 habet
2428 5244 2698 5313 principia
2757 5258 2871 5300 suae
2932 5243 3105 5313 ipsius
3170 5244 3551 5299 exsistentizel

1974 5337 2302 5405 Neutiquam
2346 5337 2513 5405 igitur
2546 5336 2727 5389 Latini
2763 5335 3025 5411 principii
3060 5335 3376 5390 dualitatem
3412 5335 3551 5390 ell‘uv

1973 5431 2141 5499 gient.
2171 5428 2409 5497 quandiu
2445 5428 2609 5481 etiam
2641 5442 2706 5480 ex
2740 5426 2878 5481 Filio
2918 5427 3219 5497 procedere
3276 5426 3545 5495 Spiritum

1974 5530 2223 5575 sanctum
2255 5519 2624 5574 allirmabunt.

1976 5642 2074 5715 lib,
2106 5640 2173 5694 de
2207 5640 2549 5715 'l‘lieognosia
2580 5642 2722 5711 apud
2782 5641 3157 5708 Camaterum,
3196 5658 3245 5697 c.
3292 5640 3393 5697 106
3428 5639 3544 5715 (Gr.

1974 5714 2117 5765 orth.
2158 5720 2193 5763 t.
2228 5712 2270 5763 ll
2312 5727 2365 5779 p.
2399 5711 2547 5781 453).

3078 5876 3112 5935 3
