  <div class='ocr_page' id='page_1' title='image "/cluster/home/n/w/nwhite01/storage/ocr_20150623/161/hvd.32044073502700/135.png"; bbox 0 0 3900 6216; ppageno 0'>
   <div class='ocr_carea' id='block_1_1' title="bbox 288 327 1848 395">
    <p class='ocr_par' dir='ltr' id='par_1_1' title="bbox 288 329 1836 395">
     <span class='ocr_line' id='line_1_1' title="bbox 288 329 1836 395; baseline -0.002 -4"><span class='ocrx_word' id='word_1_1' title='bbox 288 334 356 395; x_wconf 68' lang='grc'><strong>67</strong></span> <span class='ocrx_word' id='word_1_2' title='bbox 1001 393 1004 395; x_wconf 95' lang='lat'><em>_</em></span> <span class='ocrx_word' id='word_1_3' title='bbox 1494 329 1765 390; x_wconf 59' lang='lat' dir='ltr'><strong>‘GEORG</strong></span> <span class='ocrx_word' id='word_1_4' title='bbox 1783 329 1836 388; x_wconf 84' lang='lat' dir='ltr'><strong>ll</strong></span> 
     </span>
    </p>
   </div>
   <div class='ocr_carea' id='block_1_2' title="bbox 1956 327 3533 395">
    <p class='ocr_par' dir='ltr' id='par_1_2' title="bbox 1956 327 3533 391">
     <span class='ocr_line' id='line_1_2' title="bbox 1956 327 3533 391; baseline -0.002 -3"><span class='ocrx_word' id='word_1_5' title='bbox 1956 329 2296 391; x_wconf 50' lang='lat' dir='ltr'><strong>IiIOLARi‘i</strong></span> <span class='ocrx_word' id='word_1_6' title='bbox 2945 329 2947 332; x_wconf 40' lang='grc'><em>⁴</em></span> <span class='ocrx_word' id='word_1_7' title='bbox 3463 327 3493 386; x_wconf 71' lang='grc' dir='ltr'><strong>ι</strong></span> <span class='ocrx_word' id='word_1_8' title='bbox 3501 327 3533 385; x_wconf 86' lang='grc'>8</span> 
     </span>
    </p>
   </div>
   <div class='ocr_carea' id='block_1_3' title="bbox 841 441 1301 502">
    <p class='ocr_par' dir='ltr' id='par_1_3' title="bbox 841 441 1301 502">
     <span class='ocr_line' id='line_1_3' title="bbox 841 441 1301 502; baseline -0.007 -1"><span class='ocrx_word' id='word_1_9' title='bbox 841 441 1301 502; x_wconf 75' lang='lat' dir='ltr'><strong>SCHOLA&#39;BIUS.</strong></span> 
     </span>
    </p>
   </div>
   <div class='ocr_carea' id='block_1_4' title="bbox 355 559 1850 633">
    <p class='ocr_par' dir='ltr' id='par_1_4' title="bbox 355 559 1850 633">
     <span class='ocr_line' id='line_1_4' title="bbox 355 559 1850 633; baseline -0.002 -17"><span class='ocrx_word' id='word_1_10' title='bbox 355 563 533 617; x_wconf 80' lang='lat' dir='ltr'><strong>Latini</strong></span> <span class='ocrx_word' id='word_1_11' title='bbox 558 563 775 617; x_wconf 82' lang='lat' dir='ltr'><strong>etiamsi</strong></span> <span class='ocrx_word' id='word_1_12' title='bbox 809 562 1126 633; x_wconf 78' lang='lat' dir='ltr'><strong>liypostasin</strong></span> <span class='ocrx_word' id='word_1_13' title='bbox 1159 571 1212 614; x_wconf 90' lang='lat' dir='ltr'><strong>et</strong></span> <span class='ocrx_word' id='word_1_14' title='bbox 1239 559 1530 614; x_wconf 79' lang='lat' dir='ltr'><strong>essentiam</strong></span> <span class='ocrx_word' id='word_1_15' title='bbox 1578 559 1850 628; x_wconf 80' lang='lat' dir='ltr'><strong>simplici—</strong></span> 
     </span>
    </p>
   </div>
   <div class='ocr_carea' id='block_1_5' title="bbox 280 651 1847 719">
    <p class='ocr_par' dir='ltr' id='par_1_5' title="bbox 280 651 1847 719">
     <span class='ocr_line' id='line_1_5' title="bbox 280 651 1847 719; baseline -0.003 -14"><span class='ocrx_word' id='word_1_16' title='bbox 280 664 362 705; x_wconf 84' lang='lat' dir='ltr'><strong>ter</strong></span> <span class='ocrx_word' id='word_1_17' title='bbox 396 654 620 706; x_wconf 77' lang='lat' dir='ltr'><strong>diﬂ‘crre</strong></span> <span class='ocrx_word' id='word_1_18' title='bbox 675 653 1018 706; x_wconf 70' lang='lat' dir='ltr'><strong>arbitrantur</strong></span> <span class='ocrx_word' id='word_1_19' title='bbox 1048 652 1502 705; x_wconf 88' lang='lat' dir='ltr'><strong>sicutcommune</strong></span> <span class='ocrx_word' id='word_1_20' title='bbox 1533 666 1561 704; x_wconf 89' lang='lat' dir='ltr'><strong>a</strong></span> <span class='ocrx_word' id='word_1_21' title='bbox 1597 651 1847 719; x_wconf 87' lang='lat' dir='ltr'><strong>proprio,</strong></span> 
     </span>
    </p>
   </div>
   <div class='ocr_carea' id='block_1_6' title="bbox 203 739 1850 810">
    <p class='ocr_par' dir='ltr' id='par_1_6' title="bbox 203 739 1850 810">
     <span class='ocr_line' id='line_1_6' title="bbox 203 739 1850 810; baseline -0.005 -10"><span class='ocrx_word' id='word_1_22' title='bbox 203 795 216 803; x_wconf 63' lang='grc'><em>,</em></span> <span class='ocrx_word' id='word_1_23' title='bbox 279 745 582 798; x_wconf 77' lang='lat' dir='ltr'><strong>secundum</strong></span> <span class='ocrx_word' id='word_1_24' title='bbox 627 743 886 796; x_wconf 71' lang='lat' dir='ltr'><strong>Ecclesia:</strong></span> <span class='ocrx_word' id='word_1_25' title='bbox 938 741 1242 810; x_wconf 76' lang='lat' dir='ltr'><strong>theologos.</strong></span> <span class='ocrx_word' id='word_1_26' title='bbox 1287 754 1387 808; x_wconf 88' lang='lat' dir='ltr'><strong>pro</strong></span> <span class='ocrx_word' id='word_1_27' title='bbox 1417 756 1522 808; x_wconf 88' lang='lat' dir='ltr'><strong>qua</strong></span> <span class='ocrx_word' id='word_1_28' title='bbox 1579 739 1850 793; x_wconf 84' lang='lat' dir='ltr'><strong>sententia</strong></span> 
     </span>
    </p>
   </div>
   <div class='ocr_carea' id='block_1_7' title="bbox 275 830 1849 902">
    <p class='ocr_par' dir='ltr' id='par_1_7' title="bbox 275 830 1849 902">
     <span class='ocr_line' id='line_1_7' title="bbox 275 830 1849 902; baseline -0.003 -18"><span class='ocrx_word' id='word_1_29' title='bbox 275 845 330 886; x_wconf 70' lang='lat' dir='ltr'><strong>rt</strong></span> <span class='ocrx_word' id='word_1_30' title='bbox 365 844 472 887; x_wconf 64' lang='lat' dir='ltr'><strong>tres-</strong></span> <span class='ocrx_word' id='word_1_31' title='bbox 514 834 735 902; x_wconf 87' lang='lat' dir='ltr'><strong>quidem</strong></span> <span class='ocrx_word' id='word_1_32' title='bbox 772 833 1119 900; x_wconf 76' lang='lat' dir='ltr'><strong>hypostases,</strong></span> <span class='ocrx_word' id='word_1_33' title='bbox 1163 844 1328 882; x_wconf 86' lang='lat' dir='ltr'><strong>unam</strong></span> <span class='ocrx_word' id='word_1_34' title='bbox 1363 845 1494 883; x_wconf 78' lang='lat' dir='ltr'><strong>vero</strong></span> <span class='ocrx_word' id='word_1_35' title='bbox 1549 830 1849 883; x_wconf 80' lang='lat' dir='ltr'><strong>essentiam</strong></span> 
     </span>
    </p>
   </div>
   <div class='ocr_carea' id='block_1_8' title="bbox 274 920 1850 991">
    <p class='ocr_par' dir='ltr' id='par_1_8' title="bbox 274 920 1850 991">
     <span class='ocr_line' id='line_1_8' title="bbox 274 920 1850 991; baseline 0.001 -20"><span class='ocrx_word' id='word_1_36' title='bbox 274 927 527 982; x_wconf 61' lang='lat' dir='ltr'><strong>credunt,</strong></span> <span class='ocrx_word' id='word_1_37' title='bbox 560 931 797 976; x_wconf 81' lang='lat' dir='ltr'><strong>attamen</strong></span> <span class='ocrx_word' id='word_1_38' title='bbox 837 923 890 974; x_wconf 90' lang='lat' dir='ltr'><strong>in</strong></span> <span class='ocrx_word' id='word_1_39' title='bbox 931 921 1175 989; x_wconf 88' lang='lat' dir='ltr'><strong>qualibet</strong></span> <span class='ocrx_word' id='word_1_40' title='bbox 1203 921 1484 991; x_wconf 80' lang='lat' dir='ltr'><strong>hypostasi</strong></span> <span class='ocrx_word' id='word_1_41' title='bbox 1526 921 1669 972; x_wconf 90' lang='lat' dir='ltr'><strong>idem</strong></span> <span class='ocrx_word' id='word_1_42' title='bbox 1713 920 1850 973; x_wconf 89' lang='lat' dir='ltr'><strong>illud</strong></span> 
     </span>
    </p>
   </div>
   <div class='ocr_carea' id='block_1_9' title="bbox 273 1011 1850 1081">
    <p class='ocr_par' dir='ltr' id='par_1_9' title="bbox 273 1011 1850 1081">
     <span class='ocr_line' id='line_1_9' title="bbox 273 1011 1850 1081; baseline 0 -16"><span class='ocrx_word' id='word_1_43' title='bbox 273 1013 452 1081; x_wconf 87' lang='lat' dir='ltr'><strong>ipsum</strong></span> <span class='ocrx_word' id='word_1_44' title='bbox 488 1011 806 1081; x_wconf 78' lang='lat' dir='ltr'><strong>liypostasin</strong></span> <span class='ocrx_word' id='word_1_45' title='bbox 839 1021 893 1064; x_wconf 90' lang='lat' dir='ltr'><strong>ct</strong></span> <span class='ocrx_word' id='word_1_46' title='bbox 922 1013 1216 1065; x_wconf 81' lang='lat' dir='ltr'><strong>essentiam</strong></span> <span class='ocrx_word' id='word_1_47' title='bbox 1250 1026 1371 1064; x_wconf 85' lang='lat' dir='ltr'><strong>esse</strong></span> <span class='ocrx_word' id='word_1_48' title='bbox 1413 1021 1639 1064; x_wconf 86' lang='lat' dir='ltr'><strong>censent</strong></span> <span class='ocrx_word' id='word_1_49' title='bbox 1672 1026 1850 1078; x_wconf 85' lang='lat' dir='ltr'><strong>neque</strong></span> 
     </span>
    </p>
   </div>
   <div class='ocr_carea' id='block_1_10' title="bbox 270 1103 1852 1173">
    <p class='ocr_par' dir='ltr' id='par_1_10' title="bbox 270 1103 1852 1173">
     <span class='ocr_line' id='line_1_10' title="bbox 270 1103 1852 1173; baseline -0.001 -16"><span class='ocrx_word' id='word_1_50' title='bbox 270 1106 514 1164; x_wconf 53' lang='lat' dir='ltr'><strong>dill‘crrc,</strong></span> <span class='ocrx_word' id='word_1_51' title='bbox 553 1105 668 1158; x_wconf 82' lang='lat' dir='ltr'><strong>sive</strong></span> <span class='ocrx_word' id='word_1_52' title='bbox 701 1104 826 1172; x_wconf 88' lang='lat' dir='ltr'><strong>quis</strong></span> <span class='ocrx_word' id='word_1_53' title='bbox 867 1120 930 1156; x_wconf 82' lang='lat' dir='ltr'><strong>ex</strong></span> <span class='ocrx_word' id='word_1_54' title='bbox 969 1103 1147 1158; x_wconf 83' lang='lat' dir='ltr'><strong>Patris</strong></span> <span class='ocrx_word' id='word_1_55' title='bbox 1180 1103 1415 1157; x_wconf 85' lang='lat' dir='ltr'><strong>essentia</strong></span> <span class='ocrx_word' id='word_1_56' title='bbox 1460 1104 1710 1173; x_wconf 84' lang='lat' dir='ltr'><strong>generari</strong></span> <span class='ocrx_word' id='word_1_57' title='bbox 1765 1104 1852 1156; x_wconf 62' lang='lat' dir='ltr'><strong>Fi-</strong></span> 
     </span>
    </p>
   </div>
   <div class='ocr_carea' id='block_1_11' title="bbox 271 1195 1851 1262">
    <p class='ocr_par' dir='ltr' id='par_1_11' title="bbox 271 1195 1851 1262">
     <span class='ocr_line' id='line_1_11' title="bbox 271 1195 1851 1262; baseline 0.002 -17"><span class='ocrx_word' id='word_1_58' title='bbox 271 1197 399 1246; x_wconf 85' lang='lat' dir='ltr'><strong>lium</strong></span> <span class='ocrx_word' id='word_1_59' title='bbox 428 1196 592 1259; x_wconf 89' lang='lat' dir='ltr'><strong>dicat,</strong></span> <span class='ocrx_word' id='word_1_60' title='bbox 655 1195 771 1246; x_wconf 79' lang='lat' dir='ltr'><strong>sive</strong></span> <span class='ocrx_word' id='word_1_61' title='bbox 831 1210 1023 1247; x_wconf 88' lang='lat' dir='ltr'><strong>rursus</strong></span> <span class='ocrx_word' id='word_1_62' title='bbox 1079 1210 1145 1247; x_wconf 74' lang='lat' dir='ltr'><strong>ex</strong></span> <span class='ocrx_word' id='word_1_63' title='bbox 1192 1195 1367 1249; x_wconf 82' lang='lat' dir='ltr'><strong>Patris</strong></span> <span class='ocrx_word' id='word_1_64' title='bbox 1422 1210 1546 1248; x_wconf 90' lang='lat' dir='ltr'><strong>eum</strong></span> <span class='ocrx_word' id='word_1_65' title='bbox 1602 1196 1851 1262; x_wconf 80' lang='lat' dir='ltr'><strong>generari</strong></span> 
     </span>
    </p>
   </div>
   <div class='ocr_carea' id='block_1_12' title="bbox 271 1281 1852 1354">
    <p class='ocr_par' dir='ltr' id='par_1_12' title="bbox 271 1281 1852 1354">
     <span class='ocr_line' id='line_1_12' title="bbox 271 1281 1852 1354; baseline -0.003 -17"><span class='ocrx_word' id='word_1_66' title='bbox 271 1285 546 1354; x_wconf 68' lang='lat' dir='ltr'><strong>liypostasi</strong></span> <span class='ocrx_word' id='word_1_67' title='bbox 579 1286 597 1352; x_wconf 98' lang='lat'>(</span> <span class='ocrx_word' id='word_1_68' title='bbox 631 1285 682 1335; x_wconf 89' lang='lat' dir='ltr'><strong>in</strong></span> <span class='ocrx_word' id='word_1_69' title='bbox 715 1284 875 1336; x_wconf 89' lang='lat' dir='ltr'><strong>Patre</strong></span> <span class='ocrx_word' id='word_1_70' title='bbox 904 1285 1053 1336; x_wconf 91' lang='lat' dir='ltr'><strong>enim</strong></span> <span class='ocrx_word' id='word_1_71' title='bbox 1109 1284 1231 1351; x_wconf 83' lang='lat' dir='ltr'><strong>ejus</strong></span> <span class='ocrx_word' id='word_1_72' title='bbox 1257 1291 1312 1336; x_wconf 90' lang='lat' dir='ltr'><strong>et</strong></span> <span class='ocrx_word' id='word_1_73' title='bbox 1363 1281 1600 1335; x_wconf 83' lang='lat' dir='ltr'><strong>essentia</strong></span> <span class='ocrx_word' id='word_1_74' title='bbox 1658 1291 1709 1334; x_wconf 91' lang='lat' dir='ltr'><strong>et</strong></span> <span class='ocrx_word' id='word_1_75' title='bbox 1756 1282 1852 1351; x_wconf 71' lang='lat' dir='ltr'><strong>hy«</strong></span> 
     </span>
    </p>
   </div>
   <div class='ocr_carea' id='block_1_13' title="bbox 269 1372 1851 1446">
    <p class='ocr_par' dir='ltr' id='par_1_13' title="bbox 269 1372 1851 1446">
     <span class='ocr_line' id='line_1_13' title="bbox 269 1372 1851 1446; baseline -0.001 -18"><span class='ocrx_word' id='word_1_76' title='bbox 269 1378 505 1446; x_wconf 64' lang='lat' dir='ltr'><strong>posltlsis</strong></span> <span class='ocrx_word' id='word_1_77' title='bbox 532 1391 637 1428; x_wconf 85' lang='lat' dir='ltr'><strong>una</strong></span> <span class='ocrx_word' id='word_1_78' title='bbox 681 1391 768 1429; x_wconf 89' lang='lat' dir='ltr'><strong>res</strong></span> <span class='ocrx_word' id='word_1_79' title='bbox 804 1377 931 1436; x_wconf 83' lang='lat' dir='ltr'><strong>cst),</strong></span> <span class='ocrx_word' id='word_1_80' title='bbox 970 1391 1094 1428; x_wconf 87' lang='lat' dir='ltr'><strong>cum</strong></span> <span class='ocrx_word' id='word_1_81' title='bbox 1123 1391 1185 1428; x_wconf 90' lang='lat' dir='ltr'><strong>ea</strong></span> <span class='ocrx_word' id='word_1_82' title='bbox 1223 1373 1603 1428; x_wconf 77' lang='lat' dir='ltr'><strong>tantummodo</strong></span> <span class='ocrx_word' id='word_1_83' title='bbox 1636 1372 1720 1427; x_wconf 88' lang='lat' dir='ltr'><strong>eis</strong></span> <span class='ocrx_word' id='word_1_84' title='bbox 1762 1374 1851 1426; x_wconf 90' lang='lat' dir='ltr'><strong>in-</strong></span> 
     </span>
    </p>
   </div>
   <div class='ocr_carea' id='block_1_14' title="bbox 274 1463 1854 1534">
    <p class='ocr_par' dir='ltr' id='par_1_14' title="bbox 274 1463 1854 1534">
     <span class='ocr_line' id='line_1_14' title="bbox 274 1463 1854 1534; baseline -0.002 -15"><span class='ocrx_word' id='word_1_85' title='bbox 274 1469 344 1519; x_wconf 85' lang='lat' dir='ltr'><strong>sit</strong></span> <span class='ocrx_word' id='word_1_86' title='bbox 387 1465 724 1530; x_wconf 83' lang='lat' dir='ltr'><strong>diﬂerentia,</strong></span> <span class='ocrx_word' id='word_1_87' title='bbox 763 1475 821 1518; x_wconf 90' lang='lat' dir='ltr'><strong>ut</strong></span> <span class='ocrx_word' id='word_1_88' title='bbox 857 1466 1095 1519; x_wconf 54' lang='lat' dir='ltr'><strong>essentia</strong></span> <span class='ocrx_word' id='word_1_89' title='bbox 1135 1466 1351 1518; x_wconf 85' lang='lat' dir='ltr'><strong>ratione</strong></span> <span class='ocrx_word' id='word_1_90' title='bbox 1377 1464 1731 1534; x_wconf 77' lang='lat' dir='ltr'><strong>liypostaseos</strong></span> <span class='ocrx_word' id='word_1_91' title='bbox 1773 1463 1854 1516; x_wconf 92' lang='lat' dir='ltr'><strong>in-</strong></span> 
     </span>
    </p>
   </div>
   <div class='ocr_carea' id='block_1_15' title="bbox 273 1554 1850 1626">
    <p class='ocr_par' dir='ltr' id='par_1_15' title="bbox 273 1554 1850 1626">
     <span class='ocr_line' id='line_1_15' title="bbox 273 1554 1850 1626; baseline -0.005 -14"><span class='ocrx_word' id='word_1_92' title='bbox 273 1560 578 1623; x_wconf 64' lang='lat' dir='ltr'><strong>cludatur,</strong></span> <span class='ocrx_word' id='word_1_93' title='bbox 613 1557 874 1626; x_wconf 90' lang='lat' dir='ltr'><strong>quoniam</strong></span> <span class='ocrx_word' id='word_1_94' title='bbox 929 1556 1242 1626; x_wconf 85' lang='lat' dir='ltr'><strong>hypostasis</strong></span> <span class='ocrx_word' id='word_1_95' title='bbox 1308 1563 1395 1609; x_wconf 86' lang='lat' dir='ltr'><strong>est</strong></span> <span class='ocrx_word' id='word_1_96' title='bbox 1440 1554 1684 1608; x_wconf 85' lang='lat' dir='ltr'><strong>essentia</strong></span> <span class='ocrx_word' id='word_1_97' title='bbox 1727 1567 1850 1606; x_wconf 89' lang='lat' dir='ltr'><strong>cum</strong></span> 
     </span>
    </p>
   </div>
   <div class='ocr_carea' id='block_1_16' title="bbox 277 1644 1847 1718">
    <p class='ocr_par' dir='ltr' id='par_1_16' title="bbox 277 1644 1847 1718">
     <span class='ocr_line' id='line_1_16' title="bbox 277 1644 1847 1718; baseline -0.004 -18"><span class='ocrx_word' id='word_1_98' title='bbox 277 1650 562 1708; x_wconf 57' lang='lat' dir='ltr'><strong>relatione,</strong></span> <span class='ocrx_word' id='word_1_99' title='bbox 599 1647 908 1718; x_wconf 84' lang='lat' dir='ltr'><strong>bypostasis</strong></span> <span class='ocrx_word' id='word_1_100' title='bbox 945 1661 1076 1699; x_wconf 83' lang='lat' dir='ltr'><strong>vero</strong></span> <span class='ocrx_word' id='word_1_101' title='bbox 1110 1660 1167 1699; x_wconf 88' lang='lat' dir='ltr'><strong>re</strong></span> <span class='ocrx_word' id='word_1_102' title='bbox 1215 1645 1472 1698; x_wconf 72' lang='lat' dir='ltr'><strong>essentia:</strong></span> <span class='ocrx_word' id='word_1_103' title='bbox 1517 1644 1847 1702; x_wconf 88' lang='lat' dir='ltr'><strong>includatur,</strong></span> 
     </span>
    </p>
   </div>
   <div class='ocr_carea' id='block_1_17' title="bbox 2521 432 2992 497">
    <p class='ocr_par' dir='ltr' id='par_1_17' title="bbox 2521 432 2992 497">
     <span class='ocr_line' id='line_1_17' title="bbox 2521 432 2992 497; baseline -0.004 -1"><span class='ocrx_word' id='word_1_104' title='bbox 2521 443 2565 497; x_wconf 90' lang='grc' dir='ltr'>Ο</span> <span class='ocrx_word' id='word_1_105' title='bbox 2589 432 2992 495; x_wconf 77' lang='grc' dir='ltr'><strong>ΣΧΟΛΑΡΙΟΣ.</strong></span> 
     </span>
    </p>
   </div>
   <div class='ocr_carea' id='block_1_18' title="bbox 2025 552 3534 628">
    <p class='ocr_par' dir='ltr' id='par_1_18' title="bbox 2025 552 3534 628">
     <span class='ocr_line' id='line_1_18' title="bbox 2025 552 3534 628; baseline -0.003 -18"><span class='ocrx_word' id='word_1_106' title='bbox 2025 559 2088 610; x_wconf 82' lang='lat' dir='ltr'><strong>Ol</strong></span> <span class='ocrx_word' id='word_1_107' title='bbox 2117 558 2334 611; x_wconf 79' lang='grc' dir='ltr'>Λατῖνοι</span> <span class='ocrx_word' id='word_1_108' title='bbox 2355 557 2456 628; x_wconf 83' lang='grc' dir='ltr'><strong>τὴν</strong></span> <span class='ocrx_word' id='word_1_109' title='bbox 2485 555 2787 609; x_wconf 76' lang='grc' dir='ltr'><strong>ὑπόστασιν</strong></span> <span class='ocrx_word' id='word_1_110' title='bbox 2811 555 2907 608; x_wconf 78' lang='grc' dir='ltr'>καὶ</span> <span class='ocrx_word' id='word_1_111' title='bbox 2947 553 3045 621; x_wconf 77' lang='grc' dir='ltr'>τὴν</span> <span class='ocrx_word' id='word_1_112' title='bbox 3086 552 3274 605; x_wconf 86' lang='grc' dir='ltr'>οὐσίαν</span> <span class='ocrx_word' id='word_1_113' title='bbox 3335 553 3383 605; x_wconf 84' lang='grc' dir='ltr'><strong>εί</strong></span> <span class='ocrx_word' id='word_1_114' title='bbox 3436 553 3534 606; x_wconf 79' lang='grc' dir='ltr'>καὶ</span> 
     </span>
    </p>
   </div>
   <div class='ocr_carea' id='block_1_19' title="bbox 1956 643 3527 719">
    <p class='ocr_par' dir='ltr' id='par_1_19' title="bbox 1956 643 3527 719">
     <span class='ocr_line' id='line_1_19' title="bbox 1956 643 3527 719; baseline -0.005 -17"><span class='ocrx_word' id='word_1_115' title='bbox 1956 647 2142 713; x_wconf 83' lang='grc' dir='ltr'>ἁπλῶς</span> <span class='ocrx_word' id='word_1_116' title='bbox 2175 650 2453 719; x_wconf 75' lang='grc' dir='ltr'><strong>διαφέρειν</strong></span> <span class='ocrx_word' id='word_1_117' title='bbox 2485 647 2768 719; x_wconf 77' lang='grc' dir='ltr'>ἡγοῦνται,</span> <span class='ocrx_word' id='word_1_118' title='bbox 2799 647 2874 709; x_wconf 87' lang='grc' dir='ltr'><strong>ὡς</strong></span> <span class='ocrx_word' id='word_1_119' title='bbox 2908 645 2968 698; x_wconf 79' lang='grc' dir='ltr'>τὸ</span> <span class='ocrx_word' id='word_1_120' title='bbox 3003 643 3182 698; x_wconf 71' lang='grc' dir='ltr'>κοινὸν</span> <span class='ocrx_word' id='word_1_121' title='bbox 3228 643 3324 696; x_wconf 80' lang='grc' dir='ltr'>τοῦ</span> <span class='ocrx_word' id='word_1_122' title='bbox 3373 643 3527 703; x_wconf 75' lang='grc' dir='ltr'>ἰδίου,</span> 
     </span>
    </p>
   </div>
   <div class='ocr_carea' id='block_1_20' title="bbox 1954 735 3535 808">
    <p class='ocr_par' dir='ltr' id='par_1_20' title="bbox 1954 735 3535 808">
     <span class='ocr_line' id='line_1_20' title="bbox 1954 735 3535 808; baseline -0.006 -14"><span class='ocrx_word' id='word_1_123' title='bbox 1954 741 2098 794; x_wconf 84' lang='grc' dir='ltr'>κατὰ</span> <span class='ocrx_word' id='word_1_124' title='bbox 2121 743 2248 803; x_wconf 81' lang='grc' dir='ltr'>τοὺς</span> <span class='ocrx_word' id='word_1_125' title='bbox 2275 741 2562 808; x_wconf 71' lang='grc' dir='ltr'>θεοὶόγους</span> <span class='ocrx_word' id='word_1_126' title='bbox 2589 739 2686 808; x_wconf 84' lang='grc' dir='ltr'><strong>τῆς</strong></span> <span class='ocrx_word' id='word_1_127' title='bbox 2727 737 3078 805; x_wconf 79' lang='grc' dir='ltr'>Ἐκκλησίας,</span> <span class='ocrx_word' id='word_1_128' title='bbox 3123 735 3241 788; x_wconf 84' lang='grc' dir='ltr'>ἀνθ’</span> <span class='ocrx_word' id='word_1_129' title='bbox 3283 736 3407 788; x_wconf 84' lang='grc' dir='ltr'><strong>ὅτου</strong></span> <span class='ocrx_word' id='word_1_130' title='bbox 3444 737 3535 786; x_wconf 78' lang='grc' dir='ltr'>καὶ</span> 
     </span>
    </p>
   </div>
   <div class='ocr_carea' id='block_1_21' title="bbox 1953 826 3537 899">
    <p class='ocr_par' dir='ltr' id='par_1_21' title="bbox 1953 826 3537 899">
     <span class='ocr_line' id='line_1_21' title="bbox 1953 826 3537 899; baseline -0.003 -17"><span class='ocrx_word' id='word_1_131' title='bbox 1953 833 2104 896; x_wconf 80' lang='grc' dir='ltr'>τρεῖς</span> <span class='ocrx_word' id='word_1_132' title='bbox 2137 831 2235 899; x_wconf 79' lang='grc' dir='ltr'>μὲν</span> <span class='ocrx_word' id='word_1_133' title='bbox 2263 831 2615 894; x_wconf 72' lang='grc' dir='ltr'><strong>ὑποστάσεις,</strong></span> <span class='ocrx_word' id='word_1_134' title='bbox 2643 829 2776 898; x_wconf 87' lang='grc' dir='ltr'>μίαν</span> <span class='ocrx_word' id='word_1_135' title='bbox 2809 828 2866 880; x_wconf 78' lang='grc' dir='ltr'><strong>δὲ</strong></span> <span class='ocrx_word' id='word_1_136' title='bbox 2897 827 3088 879; x_wconf 85' lang='grc' dir='ltr'>οὐσίαν</span> <span class='ocrx_word' id='word_1_137' title='bbox 3144 826 3537 887; x_wconf 82' lang='grc' dir='ltr'>πιστεύουσιν,</span> 
     </span>
    </p>
   </div>
   <div class='ocr_carea' id='block_1_22' title="bbox 1955 905 3537 991">
    <p class='ocr_par' dir='ltr' id='par_1_22' title="bbox 1955 905 3537 991">
     <span class='ocr_line' id='line_1_22' title="bbox 1955 905 3537 991; baseline -0.004 -17"><span class='ocrx_word' id='word_1_138' title='bbox 1955 920 2074 974; x_wconf 81' lang='grc' dir='ltr'>ἀλλ’</span> <span class='ocrx_word' id='word_1_139' title='bbox 2094 921 2150 972; x_wconf 87' lang='grc' dir='ltr'><strong>ἐν</strong></span> <span class='ocrx_word' id='word_1_140' title='bbox 2179 905 2387 991; x_wconf 78' lang='grc' dir='ltr'>ἑκάστῄ</span> <span class='ocrx_word' id='word_1_141' title='bbox 2427 919 2727 974; x_wconf 83' lang='grc' dir='ltr'>ὑποστάσει</span> <span class='ocrx_word' id='word_1_142' title='bbox 2755 918 2902 972; x_wconf 79' lang='grc' dir='ltr'>τοῦτ’</span> <span class='ocrx_word' id='word_1_143' title='bbox 2935 919 3072 970; x_wconf 83' lang='grc' dir='ltr'>αὐτὸ</span> <span class='ocrx_word' id='word_1_144' title='bbox 3104 917 3205 987; x_wconf 71' lang='grc' dir='ltr'><strong>τὴν</strong></span> <span class='ocrx_word' id='word_1_145' title='bbox 3235 918 3537 970; x_wconf 78' lang='grc' dir='ltr'>ὑπόστασιν</span> 
     </span>
    </p>
   </div>
   <div class='ocr_carea' id='block_1_23' title="bbox 1955 1007 3540 1079">
    <p class='ocr_par' dir='ltr' id='par_1_23' title="bbox 1955 1007 3540 1079">
     <span class='ocr_line' id='line_1_23' title="bbox 1955 1007 3540 1079; baseline -0.001 -15"><span class='ocrx_word' id='word_1_146' title='bbox 1955 1011 2052 1064; x_wconf 67' lang='grc' dir='ltr'>καὶ</span> <span class='ocrx_word' id='word_1_147' title='bbox 2079 1012 2177 1079; x_wconf 85' lang='grc' dir='ltr'><strong>τὴν</strong></span> <span class='ocrx_word' id='word_1_148' title='bbox 2198 1009 2389 1063; x_wconf 83' lang='grc' dir='ltr'>οὐσίαν</span> <span class='ocrx_word' id='word_1_149' title='bbox 2406 1010 2608 1064; x_wconf 75' lang='grc' dir='ltr'>ταυτὸν</span> <span class='ocrx_word' id='word_1_150' title='bbox 2638 1007 2783 1063; x_wconf 89' lang='grc' dir='ltr'>είναι</span> <span class='ocrx_word' id='word_1_151' title='bbox 2825 1009 3146 1077; x_wconf 74' lang='grc' dir='ltr'><strong>νομίζουσιν</strong></span> <span class='ocrx_word' id='word_1_152' title='bbox 3176 1009 3296 1062; x_wconf 76' lang='grc' dir='ltr'>οὐδὲ</span> <span class='ocrx_word' id='word_1_153' title='bbox 3351 1008 3540 1076; x_wconf 80' lang='grc' dir='ltr'>διαφέ-</span> 
     </span>
    </p>
   </div>
   <div class='ocr_carea' id='block_1_24' title="bbox 1957 1099 3538 1170">
    <p class='ocr_par' dir='ltr' id='par_1_24' title="bbox 1957 1099 3538 1170">
     <span class='ocr_line' id='line_1_24' title="bbox 1957 1099 3538 1170; baseline -0.002 -16"><span class='ocrx_word' id='word_1_154' title='bbox 1957 1119 2093 1170; x_wconf 86' lang='grc' dir='ltr'>ρειν,</span> <span class='ocrx_word' id='word_1_155' title='bbox 2130 1102 2303 1165; x_wconf 82' lang='grc' dir='ltr'>εἴτις</span> <span class='ocrx_word' id='word_1_156' title='bbox 2351 1103 2504 1169; x_wconf 85' lang='grc' dir='ltr'>λέγοι</span> <span class='ocrx_word' id='word_1_157' title='bbox 2553 1119 2614 1154; x_wconf 86' lang='grc' dir='ltr'><strong>τε</strong></span> <span class='ocrx_word' id='word_1_158' title='bbox 2671 1103 2735 1155; x_wconf 81' lang='grc' dir='ltr'><strong>ἐκ</strong></span> <span class='ocrx_word' id='word_1_159' title='bbox 2793 1101 2893 1170; x_wconf 80' lang='grc' dir='ltr'><strong>τῆς</strong></span> <span class='ocrx_word' id='word_1_160' title='bbox 2937 1100 3128 1162; x_wconf 79' lang='grc' dir='ltr'>οὐσίας</span> <span class='ocrx_word' id='word_1_161' title='bbox 3174 1099 3268 1151; x_wconf 81' lang='grc' dir='ltr'>τοῦ</span> <span class='ocrx_word' id='word_1_162' title='bbox 3321 1099 3538 1167; x_wconf 66' lang='grc' dir='ltr'>Πατρδς</span> 
     </span>
    </p>
   </div>
   <div class='ocr_carea' id='block_1_25' title="bbox 1955 1185 3537 1258">
    <p class='ocr_par' dir='ltr' id='par_1_25' title="bbox 1955 1185 3537 1258">
     <span class='ocr_line' id='line_1_25' title="bbox 1955 1185 3537 1258; baseline -0.003 -15"><span class='ocrx_word' id='word_1_163' title='bbox 1955 1191 2251 1258; x_wconf 80' lang='grc' dir='ltr'>γεννᾶσθαι</span> <span class='ocrx_word' id='word_1_164' title='bbox 2280 1191 2373 1244; x_wconf 79' lang='grc' dir='ltr'>τὸν</span> <span class='ocrx_word' id='word_1_165' title='bbox 2400 1191 2530 1243; x_wconf 78' lang='grc' dir='ltr'>Υίὺν</span> <span class='ocrx_word' id='word_1_166' title='bbox 2561 1189 2657 1244; x_wconf 77' lang='grc' dir='ltr'>καὶ</span> <span class='ocrx_word' id='word_1_167' title='bbox 2719 1185 2877 1252; x_wconf 80' lang='grc' dir='ltr'>αὖθις</span> <span class='ocrx_word' id='word_1_168' title='bbox 2933 1191 2997 1242; x_wconf 84' lang='grc' dir='ltr'><strong>ἐκ</strong></span> <span class='ocrx_word' id='word_1_169' title='bbox 3041 1190 3142 1258; x_wconf 77' lang='grc' dir='ltr'>τῆς</span> <span class='ocrx_word' id='word_1_170' title='bbox 3183 1187 3537 1248; x_wconf 74' lang='grc' dir='ltr'><strong>ὑποστάσεως</strong></span> 
     </span>
    </p>
   </div>
   <div class='ocr_carea' id='block_1_26' title="bbox 1953 1277 3536 1352">
    <p class='ocr_par' dir='ltr' id='par_1_26' title="bbox 1953 1277 3536 1352">
     <span class='ocr_line' id='line_1_26' title="bbox 1953 1277 3536 1352; baseline -0.004 -19"><span class='ocrx_word' id='word_1_171' title='bbox 1953 1281 2049 1334; x_wconf 78' lang='grc' dir='ltr'><strong>τοῦ</strong></span> <span class='ocrx_word' id='word_1_172' title='bbox 2081 1281 2292 1352; x_wconf 82' lang='grc' dir='ltr'>Πατρὸς</span> <span class='ocrx_word' id='word_1_173' title='bbox 2319 1281 2468 1349; x_wconf 82' lang='grc' dir='ltr'><strong>λέγοι</strong></span> <span class='ocrx_word' id='word_1_174' title='bbox 2493 1280 2572 1349; x_wconf 84' lang='lat' dir='ltr'><strong>(l)</strong></span> <span class='ocrx_word' id='word_1_175' title='bbox 2607 1279 2803 1333; x_wconf 79' lang='grc' dir='ltr'>τοῦτον</span> <span class='ocrx_word' id='word_1_176' title='bbox 2847 1278 3142 1348; x_wconf 77' lang='grc' dir='ltr'>γεννᾶσθαι</span> <span class='ocrx_word' id='word_1_177' title='bbox 3195 1278 3274 1348; x_wconf 88' lang='grc' dir='ltr'>(ἐν</span> <span class='ocrx_word' id='word_1_178' title='bbox 3321 1277 3433 1346; x_wconf 77' lang='grc' dir='ltr'>γὰρ</span> <span class='ocrx_word' id='word_1_179' title='bbox 3458 1277 3536 1345; x_wconf 82' lang='grc' dir='ltr'>τῷ</span> 
     </span>
    </p>
   </div>
   <div class='ocr_carea' id='block_1_27' title="bbox 1959 1368 3534 1441">
    <p class='ocr_par' dir='ltr' id='par_1_27' title="bbox 1959 1368 3534 1441">
     <span class='ocr_line' id='line_1_27' title="bbox 1959 1368 3534 1441; baseline -0.004 -17"><span class='ocrx_word' id='word_1_180' title='bbox 1959 1373 2186 1441; x_wconf 71' lang='grc' dir='ltr'>Πατρὶῆ</span> <span class='ocrx_word' id='word_1_181' title='bbox 2221 1389 2282 1424; x_wconf 88' lang='grc' dir='ltr'><strong>τε</strong></span> <span class='ocrx_word' id='word_1_182' title='bbox 2312 1373 2471 1424; x_wconf 86' lang='grc' dir='ltr'>οὐσία</span> <span class='ocrx_word' id='word_1_183' title='bbox 2509 1371 2677 1425; x_wconf 78' lang='grc' dir='ltr'>αὑτοῦ</span> <span class='ocrx_word' id='word_1_184' title='bbox 2714 1371 2810 1424; x_wconf 71' lang='grc' dir='ltr'>καὶ</span> <span class='ocrx_word' id='word_1_185' title='bbox 2862 1372 2893 1440; x_wconf 74' lang='grc' dir='ltr'>ἡ</span> <span class='ocrx_word' id='word_1_186' title='bbox 2953 1370 3254 1431; x_wconf 72' lang='grc' dir='ltr'>ὑπόστασις</span> <span class='ocrx_word' id='word_1_187' title='bbox 3309 1368 3367 1420; x_wconf 75' lang='grc' dir='ltr'>ἓν</span> <span class='ocrx_word' id='word_1_188' title='bbox 3421 1369 3534 1420; x_wconf 86' lang='grc' dir='ltr'>ἐστι</span> 
     </span>
    </p>
   </div>
   <div class='ocr_carea' id='block_1_28' title="bbox 1958 1456 3533 1532">
    <p class='ocr_par' dir='ltr' id='par_1_28' title="bbox 1958 1456 3533 1532">
     <span class='ocr_line' id='line_1_28' title="bbox 1958 1456 3533 1532; baseline -0.006 -16"><span class='ocrx_word' id='word_1_189' title='bbox 1958 1464 2240 1532; x_wconf 79' lang='grc' dir='ltr'>πρᾶγμα),</span> <span class='ocrx_word' id='word_1_190' title='bbox 2268 1462 2542 1531; x_wconf 80' lang='grc' dir='ltr'>τοσαύτης</span> <span class='ocrx_word' id='word_1_191' title='bbox 2573 1465 2734 1530; x_wconf 73' lang='grc' dir='ltr'>μόνον</span> <span class='ocrx_word' id='word_1_192' title='bbox 2767 1458 3184 1528; x_wconf 76' lang='grc' dir='ltr'>ἐνυπαρχούσης</span> <span class='ocrx_word' id='word_1_193' title='bbox 3205 1458 3389 1518; x_wconf 80' lang='grc' dir='ltr'>αὐτοῖς</span> <span class='ocrx_word' id='word_1_194' title='bbox 3418 1456 3533 1509; x_wconf 84' lang='grc' dir='ltr'>δια-</span> 
     </span>
    </p>
   </div>
   <div class='ocr_carea' id='block_1_29' title="bbox 1956 1545 3529 1620">
    <p class='ocr_par' dir='ltr' id='par_1_29' title="bbox 1956 1545 3529 1620">
     <span class='ocr_line' id='line_1_29' title="bbox 1956 1545 3529 1620; baseline -0.004 -17"><span class='ocrx_word' id='word_1_195' title='bbox 1956 1554 2151 1618; x_wconf 77' lang='grc' dir='ltr'>φορᾶς.</span> <span class='ocrx_word' id='word_1_196' title='bbox 2178 1553 2259 1604; x_wconf 83' lang='grc' dir='ltr'>ὅτι</span> <span class='ocrx_word' id='word_1_197' title='bbox 2295 1552 2329 1620; x_wconf 78' lang='grc' dir='ltr'>ἡ</span> <span class='ocrx_word' id='word_1_198' title='bbox 2367 1552 2526 1603; x_wconf 82' lang='grc' dir='ltr'>οὐσία</span> <span class='ocrx_word' id='word_1_199' title='bbox 2559 1550 2638 1619; x_wconf 81' lang='grc' dir='ltr'><strong>τῷ</strong></span> <span class='ocrx_word' id='word_1_200' title='bbox 2693 1549 2855 1618; x_wconf 77' lang='grc' dir='ltr'><strong>λόγῳ¹</strong></span> <span class='ocrx_word' id='word_1_201' title='bbox 2886 1549 2982 1617; x_wconf 78' lang='grc' dir='ltr'>τῆς</span> <span class='ocrx_word' id='word_1_202' title='bbox 3029 1545 3382 1607; x_wconf 79' lang='grc' dir='ltr'>ὑποστάσεως</span> <span class='ocrx_word' id='word_1_203' title='bbox 3442 1547 3529 1611; x_wconf 82' lang='grc' dir='ltr'>ἐγ-</span> 
     </span>
    </p>
   </div>
   <div class='ocr_carea' id='block_1_30' title="bbox 1958 1639 3527 1710">
    <p class='ocr_par' dir='ltr' id='par_1_30' title="bbox 1958 1639 3527 1710">
     <span class='ocr_line' id='line_1_30' title="bbox 1958 1639 3527 1710; baseline -0.004 -17"><span class='ocrx_word' id='word_1_204' title='bbox 1958 1643 2215 1706; x_wconf 84' lang='grc' dir='ltr'>κλείεται,</span> <span class='ocrx_word' id='word_1_205' title='bbox 2244 1641 2719 1710; x_wconf 84' lang='grc' dir='ltr'>είπερὺπόστοισίς</span> <span class='ocrx_word' id='word_1_206' title='bbox 2769 1643 2917 1692; x_wconf 85' lang='grc' dir='ltr'>ἐστιν</span> <span class='ocrx_word' id='word_1_207' title='bbox 2955 1639 3115 1691; x_wconf 78' lang='grc' dir='ltr'>οὐσία</span> <span class='ocrx_word' id='word_1_208' title='bbox 3157 1639 3295 1705; x_wconf 83' lang='grc' dir='ltr'>μετὰ</span> <span class='ocrx_word' id='word_1_209' title='bbox 3330 1639 3527 1702; x_wconf 80' lang='grc' dir='ltr'>ἀναφο-</span> 
     </span>
    </p>
   </div>
   <div class='ocr_carea' id='block_1_31' title="bbox 277 1726 1848 1833">
    <p class='ocr_par' dir='ltr' id='par_1_31' title="bbox 277 1733 1848 1802">
     <span class='ocr_line' id='line_1_31' title="bbox 277 1733 1848 1802; baseline -0.001 -16"><span class='ocrx_word' id='word_1_210' title='bbox 277 1750 328 1787; x_wconf 82' lang='lat' dir='ltr'><strong>ut</strong></span> <span class='ocrx_word' id='word_1_211' title='bbox 361 1741 516 1790; x_wconf 72' lang='lat' dir='ltr'><strong>alica</strong></span> <span class='ocrx_word' id='word_1_212' title='bbox 562 1747 614 1789; x_wconf 90' lang='lat' dir='ltr'><strong>et</strong></span> <span class='ocrx_word' id='word_1_213' title='bbox 662 1740 713 1789; x_wconf 91' lang='lat' dir='ltr'><strong>in</strong></span> <span class='ocrx_word' id='word_1_214' title='bbox 767 1751 829 1789; x_wconf 78' lang='lat' dir='ltr'><strong>ea</strong></span> <span class='ocrx_word' id='word_1_215' title='bbox 874 1735 1103 1788; x_wconf 78' lang='lat' dir='ltr'><strong>formata</strong></span> <span class='ocrx_word' id='word_1_216' title='bbox 1161 1743 1217 1788; x_wconf 90' lang='lat' dir='ltr'><strong>et</strong></span> <span class='ocrx_word' id='word_1_217' title='bbox 1281 1735 1639 1802; x_wconf 85' lang='lat' dir='ltr'><strong>speciticata;</strong></span> <span class='ocrx_word' id='word_1_218' title='bbox 1697 1733 1848 1786; x_wconf 89' lang='lat' dir='ltr'><strong>aliter</strong></span> 
     </span>
    </p>
   </div>
   <div class='ocr_carea' id='block_1_32' title="bbox 1956 1726 3532 1833">
    <p class='ocr_par' dir='ltr' id='par_1_32' title="bbox 1963 1726 3532 1801">
     <span class='ocr_line' id='line_1_32' title="bbox 1963 1726 3532 1801; baseline -0.006 -16"><span class='ocrx_word' id='word_1_219' title='bbox 1963 1733 2028 1801; x_wconf 82' lang='grc' dir='ltr'>ρᾶ</span> <span class='ocrx_word' id='word_1_220' title='bbox 2050 1753 2080 1794; x_wconf 85' lang='grc'>·,</span> <span class='ocrx_word' id='word_1_221' title='bbox 2113 1733 2144 1800; x_wconf 81' lang='grc' dir='ltr'>ἡ</span> <span class='ocrx_word' id='word_1_222' title='bbox 2167 1732 2222 1784; x_wconf 79' lang='grc' dir='ltr'><strong>δὲ</strong></span> <span class='ocrx_word' id='word_1_223' title='bbox 2238 1731 2540 1792; x_wconf 77' lang='grc' dir='ltr'>ὑπόστασις</span> <span class='ocrx_word' id='word_1_224' title='bbox 2558 1730 2634 1798; x_wconf 86' lang='grc' dir='ltr'>τῷ</span> <span class='ocrx_word' id='word_1_225' title='bbox 2666 1731 2951 1798; x_wconf 76' lang='grc' dir='ltr'><strong>πράγματι</strong></span> <span class='ocrx_word' id='word_1_226' title='bbox 2979 1729 3077 1797; x_wconf 78' lang='grc' dir='ltr'>τῆς</span> <span class='ocrx_word' id='word_1_227' title='bbox 3103 1727 3289 1788; x_wconf 76' lang='grc' dir='ltr'>οὐσίας</span> <span class='ocrx_word' id='word_1_228' title='bbox 3313 1726 3532 1791; x_wconf 74' lang='grc' dir='ltr'>ἐγκλεί-</span> 
     </span>
    </p>
   </div>
   <div class='ocr_carea' id='block_1_33' title="bbox 282 1823 1853 1892">
    <p class='ocr_par' dir='ltr' id='par_1_33' title="bbox 282 1823 1853 1892">
     <span class='ocr_line' id='line_1_33' title="bbox 282 1823 1853 1892; baseline 0.001 -17"><span class='ocrx_word' id='word_1_229' title='bbox 282 1842 502 1892; x_wconf 73' lang='lat' dir='ltr'><strong>prorsus</strong></span> <span class='ocrx_word' id='word_1_230' title='bbox 523 1842 685 1892; x_wconf 84' lang='lat' dir='ltr'><strong>quam</strong></span> <span class='ocrx_word' id='word_1_231' title='bbox 715 1826 768 1879; x_wconf 86' lang='lat' dir='ltr'><strong>in</strong></span> <span class='ocrx_word' id='word_1_232' title='bbox 797 1827 961 1877; x_wconf 78' lang='lat' dir='ltr'><strong>rebus</strong></span> <span class='ocrx_word' id='word_1_233' title='bbox 979 1825 1175 1878; x_wconf 86' lang='lat' dir='ltr'><strong>creatis</strong></span> <span class='ocrx_word' id='word_1_234' title='bbox 1194 1825 1552 1884; x_wconf 85' lang='lat' dir='ltr'><strong>seseliabent.</strong></span> <span class='ocrx_word' id='word_1_235' title='bbox 1578 1823 1629 1876; x_wconf 89' lang='lat' dir='ltr'><strong>in</strong></span> <span class='ocrx_word' id='word_1_236' title='bbox 1655 1825 1853 1892; x_wconf 84' lang='lat' dir='ltr'><strong>quibus</strong></span> 
     </span>
    </p>
   </div>
   <div class='ocr_carea' id='block_1_34' title="bbox 277 1915 1854 1984">
    <p class='ocr_par' dir='ltr' id='par_1_34' title="bbox 277 1915 1854 1984">
     <span class='ocr_line' id='line_1_34' title="bbox 277 1915 1854 1984; baseline -0.002 -16"><span class='ocrx_word' id='word_1_237' title='bbox 277 1919 516 1969; x_wconf 83' lang='lat' dir='ltr'><strong>essentia</strong></span> <span class='ocrx_word' id='word_1_238' title='bbox 549 1917 926 1984; x_wconf 81' lang='lat' dir='ltr'><strong>operationem</strong></span> <span class='ocrx_word' id='word_1_239' title='bbox 975 1927 1031 1970; x_wconf 92' lang='lat' dir='ltr'><strong>et</strong></span> <span class='ocrx_word' id='word_1_240' title='bbox 1089 1916 1328 1983; x_wconf 90' lang='lat' dir='ltr'><strong>speciem</strong></span> <span class='ocrx_word' id='word_1_241' title='bbox 1373 1916 1426 1968; x_wconf 92' lang='lat' dir='ltr'><strong>in</strong></span> <span class='ocrx_word' id='word_1_242' title='bbox 1477 1915 1761 1968; x_wconf 84' lang='lat' dir='ltr'><strong>individuo</strong></span> <span class='ocrx_word' id='word_1_243' title='bbox 1799 1922 1854 1967; x_wconf 88' lang='lat' dir='ltr'><strong>et</strong></span> 
     </span>
    </p>
   </div>
   <div class='ocr_carea' id='block_1_35' title="bbox 276 2008 1853 2074">
    <p class='ocr_par' dir='ltr' id='par_1_35' title="bbox 276 2008 1853 2074">
     <span class='ocr_line' id='line_1_35' title="bbox 276 2008 1853 2074; baseline -0.002 -14"><span class='ocrx_word' id='word_1_244' title='bbox 276 2025 342 2060; x_wconf 70' lang='lat' dir='ltr'><strong>es</strong></span> <span class='ocrx_word' id='word_1_245' title='bbox 412 2008 694 2061; x_wconf 77' lang='lat' dir='ltr'><strong>individuo</strong></span> <span class='ocrx_word' id='word_1_246' title='bbox 741 2023 959 2061; x_wconf 87' lang='lat' dir='ltr'><strong>sumere</strong></span> <span class='ocrx_word' id='word_1_247' title='bbox 1010 2008 1336 2070; x_wconf 83' lang='lat' dir='ltr'><strong>consuevit;</strong></span> <span class='ocrx_word' id='word_1_248' title='bbox 1371 2021 1548 2074; x_wconf 87' lang='lat' dir='ltr'><strong>neque</strong></span> <span class='ocrx_word' id='word_1_249' title='bbox 1599 2019 1853 2074; x_wconf 77' lang='lat' dir='ltr'><strong>separate</strong></span> 
     </span>
    </p>
   </div>
   <div class='ocr_carea' id='block_1_36' title="bbox 276 2097 1846 2164">
    <p class='ocr_par' dir='ltr' id='par_1_36' title="bbox 276 2097 1846 2164">
     <span class='ocr_line' id='line_1_36' title="bbox 276 2097 1846 2164; baseline -0.003 -13"><span class='ocrx_word' id='word_1_250' title='bbox 276 2099 407 2151; x_wconf 76' lang='lat' dir='ltr'><strong>licet</strong></span> <span class='ocrx_word' id='word_1_251' title='bbox 433 2099 728 2152; x_wconf 84' lang='lat' dir='ltr'><strong>essentiam</strong></span> <span class='ocrx_word' id='word_1_252' title='bbox 761 2099 934 2150; x_wconf 81' lang='lat' dir='ltr'><strong>Patris</strong></span> <span class='ocrx_word' id='word_1_253' title='bbox 969 2097 1219 2150; x_wconf 84' lang='lat' dir='ltr'><strong>dicentes</strong></span> <span class='ocrx_word' id='word_1_254' title='bbox 1263 2105 1318 2148; x_wconf 92' lang='lat' dir='ltr'><strong>et</strong></span> <span class='ocrx_word' id='word_1_255' title='bbox 1350 2105 1633 2164; x_wconf 84' lang='lat' dir='ltr'><strong>paternam</strong></span> <span class='ocrx_word' id='word_1_256' title='bbox 1673 2099 1846 2164; x_wconf 53' lang='lat' dir='ltr'><strong>liypo.</strong></span> 
     </span>
    </p>
   </div>
   <div class='ocr_carea' id='block_1_37' title="bbox 278 2183 1856 2260">
    <p class='ocr_par' dir='ltr' id='par_1_37' title="bbox 278 2183 1856 2260">
     <span class='ocr_line' id='line_1_37' title="bbox 278 2183 1856 2260; baseline -0.003 -22"><span class='ocrx_word' id='word_1_257' title='bbox 278 2189 470 2260; x_wconf 84' lang='lat' dir='ltr'><strong>stasin.</strong></span> <span class='ocrx_word' id='word_1_258' title='bbox 514 2187 645 2241; x_wconf 81' lang='lat' dir='ltr'><strong>Nam</strong></span> <span class='ocrx_word' id='word_1_259' title='bbox 677 2186 913 2240; x_wconf 88' lang='lat' dir='ltr'><strong>essentia</strong></span> <span class='ocrx_word' id='word_1_260' title='bbox 969 2185 1142 2238; x_wconf 72' lang='lat' dir='ltr'><strong>Patris</strong></span> <span class='ocrx_word' id='word_1_261' title='bbox 1184 2193 1270 2238; x_wconf 88' lang='lat' dir='ltr'><strong>est</strong></span> <span class='ocrx_word' id='word_1_262' title='bbox 1311 2184 1488 2237; x_wconf 79' lang='lat' dir='ltr'><strong>l’atris</strong></span> <span class='ocrx_word' id='word_1_263' title='bbox 1521 2183 1856 2253; x_wconf 87' lang='lat' dir='ltr'><strong>bypostasis,</strong></span> 
     </span>
    </p>
   </div>
   <div class='ocr_carea' id='block_1_38' title="bbox 276 2275 1852 2350">
    <p class='ocr_par' dir='ltr' id='par_1_38' title="bbox 276 2275 1852 2350">
     <span class='ocr_line' id='line_1_38' title="bbox 276 2275 1852 2350; baseline -0.003 -19"><span class='ocrx_word' id='word_1_264' title='bbox 276 2281 378 2332; x_wconf 83' lang='lat' dir='ltr'><strong>etsi</strong></span> <span class='ocrx_word' id='word_1_265' title='bbox 420 2280 592 2334; x_wconf 78' lang='lat' dir='ltr'><strong>l’atris</strong></span> <span class='ocrx_word' id='word_1_266' title='bbox 626 2278 938 2350; x_wconf 77' lang='lat' dir='ltr'><strong>hypostasis</strong></span> <span class='ocrx_word' id='word_1_267' title='bbox 973 2291 1077 2329; x_wconf 91' lang='lat' dir='ltr'><strong>non</strong></span> <span class='ocrx_word' id='word_1_268' title='bbox 1111 2287 1196 2330; x_wconf 80' lang='lat' dir='ltr'><strong>est</strong></span> <span class='ocrx_word' id='word_1_269' title='bbox 1229 2276 1416 2328; x_wconf 74' lang='lat' dir='ltr'><strong>divina</strong></span> <span class='ocrx_word' id='word_1_270' title='bbox 1449 2276 1686 2328; x_wconf 84' lang='lat' dir='ltr'><strong>essentia</strong></span> <span class='ocrx_word' id='word_1_271' title='bbox 1717 2275 1852 2326; x_wconf 88' lang='lat' dir='ltr'><strong>sim-</strong></span> 
     </span>
    </p>
   </div>
   <div class='ocr_carea' id='block_1_39' title="bbox 275 2366 1854 2439">
    <p class='ocr_par' dir='ltr' id='par_1_39' title="bbox 275 2366 1854 2439">
     <span class='ocr_line' id='line_1_39' title="bbox 275 2366 1854 2439; baseline -0.006 -15"><span class='ocrx_word' id='word_1_272' title='bbox 275 2371 514 2439; x_wconf 62' lang='lat' dir='ltr'><strong>pliciter.</strong></span> <span class='ocrx_word' id='word_1_273' title='bbox 547 2370 701 2426; x_wconf 83' lang='lat' dir='ltr'><strong>Unde</strong></span> <span class='ocrx_word' id='word_1_274' title='bbox 737 2371 813 2432; x_wconf 83' lang='lat' dir='ltr'><strong>lit,</strong></span> <span class='ocrx_word' id='word_1_275' title='bbox 860 2379 917 2424; x_wconf 91' lang='lat' dir='ltr'><strong>ut</strong></span> <span class='ocrx_word' id='word_1_276' title='bbox 955 2371 1000 2423; x_wconf 85' lang='lat' dir='ltr'><strong>is</strong></span> <span class='ocrx_word' id='word_1_277' title='bbox 1026 2370 1118 2438; x_wconf 91' lang='lat' dir='ltr'><strong>qui</strong></span> <span class='ocrx_word' id='word_1_278' title='bbox 1152 2367 1286 2421; x_wconf 86' lang='lat' dir='ltr'><strong>dicit</strong></span> <span class='ocrx_word' id='word_1_279' title='bbox 1319 2382 1382 2419; x_wconf 75' lang='lat' dir='ltr'><strong>cx</strong></span> <span class='ocrx_word' id='word_1_280' title='bbox 1415 2373 1639 2434; x_wconf 83' lang='lat' dir='ltr'><strong>paterna</strong></span> <span class='ocrx_word' id='word_1_281' title='bbox 1685 2366 1854 2434; x_wconf 75' lang='lat' dir='ltr'><strong>hypo-</strong></span> 
     </span>
    </p>
   </div>
   <div class='ocr_carea' id='block_1_40' title="bbox 277 2458 1851 2531">
    <p class='ocr_par' dir='ltr' id='par_1_40' title="bbox 277 2458 1851 2531">
     <span class='ocr_line' id='line_1_40' title="bbox 277 2458 1851 2531; baseline -0.004 -17"><span class='ocrx_word' id='word_1_282' title='bbox 277 2463 407 2515; x_wconf 60' lang='grc' dir='ltr'><strong>ςυιεί</strong></span> <span class='ocrx_word' id='word_1_283' title='bbox 439 2463 735 2531; x_wconf 77' lang='lat' dir='ltr'><strong>procedere</strong></span> <span class='ocrx_word' id='word_1_284' title='bbox 775 2462 1040 2529; x_wconf 86' lang='lat' dir='ltr'><strong>Spiritum</strong></span> <span class='ocrx_word' id='word_1_285' title='bbox 1089 2469 1363 2520; x_wconf 83' lang='lat' dir='ltr'><strong>sanctum,</strong></span> <span class='ocrx_word' id='word_1_286' title='bbox 1401 2475 1526 2510; x_wconf 75' lang='lat' dir='ltr'><strong>cum</strong></span> <span class='ocrx_word' id='word_1_287' title='bbox 1573 2458 1737 2509; x_wconf 87' lang='lat' dir='ltr'><strong>etiam</strong></span> <span class='ocrx_word' id='word_1_288' title='bbox 1785 2471 1851 2508; x_wconf 83' lang='lat' dir='ltr'><strong>ex</strong></span> 
     </span>
    </p>
   </div>
   <div class='ocr_carea' id='block_1_41' title="bbox 273 2547 1854 2618">
    <p class='ocr_par' dir='ltr' id='par_1_41' title="bbox 273 2547 1854 2618">
     <span class='ocr_line' id='line_1_41' title="bbox 273 2547 1854 2618; baseline -0.003 -14"><span class='ocrx_word' id='word_1_289' title='bbox 273 2553 455 2606; x_wconf 74' lang='lat' dir='ltr'><strong>Patris</strong></span> <span class='ocrx_word' id='word_1_290' title='bbox 481 2553 720 2607; x_wconf 79' lang='lat' dir='ltr'><strong>essentia</strong></span> <span class='ocrx_word' id='word_1_291' title='bbox 744 2567 867 2606; x_wconf 89' lang='lat' dir='ltr'><strong>csse</strong></span> <span class='ocrx_word' id='word_1_292' title='bbox 921 2551 1192 2604; x_wconf 68' lang='lat' dir='ltr'><strong>aliirnzare</strong></span> <span class='ocrx_word' id='word_1_293' title='bbox 1245 2550 1437 2618; x_wconf 83' lang='lat' dir='ltr'><strong>possit,</strong></span> <span class='ocrx_word' id='word_1_294' title='bbox 1493 2557 1548 2602; x_wconf 89' lang='lat' dir='ltr'><strong>et</strong></span> <span class='ocrx_word' id='word_1_295' title='bbox 1595 2547 1854 2602; x_wconf 85' lang='lat' dir='ltr'><strong>similiter</strong></span> 
     </span>
    </p>
   </div>
   <div class='ocr_carea' id='block_1_42' title="bbox 275 2635 1850 2710">
    <p class='ocr_par' dir='ltr' id='par_1_42' title="bbox 275 2635 1850 2710">
     <span class='ocr_line' id='line_1_42' title="bbox 275 2635 1850 2710; baseline -0.002 -18"><span class='ocrx_word' id='word_1_296' title='bbox 275 2643 366 2710; x_wconf 80' lang='lat' dir='ltr'><strong>qui</strong></span> <span class='ocrx_word' id='word_1_297' title='bbox 415 2657 478 2694; x_wconf 81' lang='lat' dir='ltr'><strong>ex</strong></span> <span class='ocrx_word' id='word_1_298' title='bbox 508 2643 747 2694; x_wconf 86' lang='lat' dir='ltr'><strong>essentia</strong></span> <span class='ocrx_word' id='word_1_299' title='bbox 799 2640 917 2693; x_wconf 79' lang='lat' dir='ltr'><strong>Filii</strong></span> <span class='ocrx_word' id='word_1_300' title='bbox 968 2654 1096 2693; x_wconf 86' lang='lat' dir='ltr'><strong>eum</strong></span> <span class='ocrx_word' id='word_1_301' title='bbox 1154 2653 1276 2692; x_wconf 85' lang='lat' dir='ltr'><strong>esse</strong></span> <span class='ocrx_word' id='word_1_302' title='bbox 1336 2636 1556 2697; x_wconf 84' lang='lat' dir='ltr'><strong>asserit,</strong></span> <span class='ocrx_word' id='word_1_303' title='bbox 1594 2651 1658 2690; x_wconf 80' lang='lat' dir='ltr'><strong>ex</strong></span> <span class='ocrx_word' id='word_1_304' title='bbox 1713 2635 1850 2690; x_wconf 89' lang='lat' dir='ltr'><strong>Filio</strong></span> 
     </span>
    </p>
   </div>
   <div class='ocr_carea' id='block_1_43' title="bbox 277 2729 1850 2801">
    <p class='ocr_par' dir='ltr' id='par_1_43' title="bbox 277 2729 1850 2801">
     <span class='ocr_line' id='line_1_43' title="bbox 277 2729 1850 2801; baseline -0.001 -17"><span class='ocrx_word' id='word_1_305' title='bbox 277 2748 496 2801; x_wconf 82' lang='lat' dir='ltr'><strong>quoque</strong></span> <span class='ocrx_word' id='word_1_306' title='bbox 525 2742 578 2788; x_wconf 92' lang='lat' dir='ltr'><strong>et</strong></span> <span class='ocrx_word' id='word_1_307' title='bbox 619 2748 681 2786; x_wconf 83' lang='lat' dir='ltr'><strong>ex</strong></span> <span class='ocrx_word' id='word_1_308' title='bbox 734 2731 882 2784; x_wconf 83' lang='lat' dir='ltr'><strong>liliali</strong></span> <span class='ocrx_word' id='word_1_309' title='bbox 918 2730 1197 2800; x_wconf 80' lang='lat' dir='ltr'><strong>bypostasi</strong></span> <span class='ocrx_word' id='word_1_310' title='bbox 1244 2745 1371 2783; x_wconf 89' lang='lat' dir='ltr'><strong>eum</strong></span> <span class='ocrx_word' id='word_1_311' title='bbox 1425 2745 1546 2783; x_wconf 79' lang='lat' dir='ltr'><strong>esse</strong></span> <span class='ocrx_word' id='word_1_312' title='bbox 1603 2729 1850 2783; x_wconf 87' lang='lat' dir='ltr'><strong>dicturus</strong></span> 
     </span>
    </p>
   </div>
   <div class='ocr_carea' id='block_1_44' title="bbox 232 2819 1848 2885">
    <p class='ocr_par' dir='ltr' id='par_1_44' title="bbox 232 2819 1848 2885">
     <span class='ocr_line' id='line_1_44' title="bbox 232 2819 1848 2885; baseline -0.001 -11"><span class='ocrx_word' id='word_1_313' title='bbox 232 2883 234 2885; x_wconf 9' lang='grc' dir='ltr'><strong>ς</strong></span> <span class='ocrx_word' id='word_1_314' title='bbox 277 2825 371 2875; x_wconf 83' lang='lat' dir='ltr'><strong>sit.</strong></span> <span class='ocrx_word' id='word_1_315' title='bbox 411 2823 475 2876; x_wconf 78' lang='lat' dir='ltr'><strong>Et</strong></span> <span class='ocrx_word' id='word_1_316' title='bbox 507 2822 670 2875; x_wconf 87' lang='lat' dir='ltr'><strong>sicuti</strong></span> <span class='ocrx_word' id='word_1_317' title='bbox 705 2821 899 2874; x_wconf 77' lang='lat' dir='ltr'><strong>dicere</strong></span> <span class='ocrx_word' id='word_1_318' title='bbox 932 2837 1059 2874; x_wconf 88' lang='lat' dir='ltr'><strong>eum</strong></span> <span class='ocrx_word' id='word_1_319' title='bbox 1088 2837 1154 2874; x_wconf 79' lang='lat' dir='ltr'><strong>ex</strong></span> <span class='ocrx_word' id='word_1_320' title='bbox 1186 2823 1421 2875; x_wconf 86' lang='lat' dir='ltr'><strong>essentia</strong></span> <span class='ocrx_word' id='word_1_321' title='bbox 1458 2819 1635 2875; x_wconf 88' lang='lat' dir='ltr'><strong>Patris</strong></span> <span class='ocrx_word' id='word_1_322' title='bbox 1688 2829 1744 2874; x_wconf 87' lang='lat' dir='ltr'><strong>et</strong></span> <span class='ocrx_word' id='word_1_323' title='bbox 1783 2835 1848 2873; x_wconf 85' lang='lat' dir='ltr'><strong>ex</strong></span> 
     </span>
    </p>
   </div>
   <div class='ocr_carea' id='block_1_45' title="bbox 276 2911 1848 2980">
    <p class='ocr_par' dir='ltr' id='par_1_45' title="bbox 276 2911 1848 2980">
     <span class='ocr_line' id='line_1_45' title="bbox 276 2911 1848 2980; baseline -0.001 -15"><span class='ocrx_word' id='word_1_324' title='bbox 276 2913 516 2967; x_wconf 76' lang='lat' dir='ltr'><strong>essentia</strong></span> <span class='ocrx_word' id='word_1_325' title='bbox 582 2911 701 2965; x_wconf 79' lang='lat' dir='ltr'><strong>Filii</strong></span> <span class='ocrx_word' id='word_1_326' title='bbox 743 2927 849 2964; x_wconf 87' lang='lat' dir='ltr'><strong>non</strong></span> <span class='ocrx_word' id='word_1_327' title='bbox 882 2911 1194 2965; x_wconf 75' lang='lat' dir='ltr'><strong>necesSario</strong></span> <span class='ocrx_word' id='word_1_328' title='bbox 1235 2911 1632 2980; x_wconf 81' lang='lat' dir='ltr'><strong>principiorum</strong></span> <span class='ocrx_word' id='word_1_329' title='bbox 1668 2911 1848 2965; x_wconf 88' lang='lat' dir='ltr'><strong>duali-</strong></span> 
     </span>
    </p>
   </div>
   <div class='ocr_carea' id='block_1_46' title="bbox 209 3003 1842 3075">
    <p class='ocr_par' dir='ltr' id='par_1_46' title="bbox 209 3003 1842 3075">
     <span class='ocr_line' id='line_1_46' title="bbox 209 3003 1842 3075; baseline 0.002 -21"><span class='ocrx_word' id='word_1_330' title='bbox 209 3015 211 3018; x_wconf 84' lang='lat'>&#39;</span> <span class='ocrx_word' id='word_1_331' title='bbox 277 3012 443 3059; x_wconf 88' lang='lat' dir='ltr'><strong>tatem</strong></span> <span class='ocrx_word' id='word_1_332' title='bbox 483 3020 577 3058; x_wconf 90' lang='lat' dir='ltr'><strong>seu</strong></span> <span class='ocrx_word' id='word_1_333' title='bbox 605 3005 806 3075; x_wconf 78' lang='lat' dir='ltr'><strong>duplex</strong></span> <span class='ocrx_word' id='word_1_334' title='bbox 834 3004 1166 3074; x_wconf 91' lang='lat' dir='ltr'><strong>principium</strong></span> <span class='ocrx_word' id='word_1_335' title='bbox 1210 3003 1445 3066; x_wconf 88' lang='lat' dir='ltr'><strong>inducit,</strong></span> <span class='ocrx_word' id='word_1_336' title='bbox 1479 3004 1553 3057; x_wconf 91' lang='lat' dir='ltr'><strong>ita</strong></span> <span class='ocrx_word' id='word_1_337' title='bbox 1582 3005 1749 3059; x_wconf 88' lang='lat' dir='ltr'><strong>etiam</strong></span> <span class='ocrx_word' id='word_1_338' title='bbox 1774 3019 1842 3058; x_wconf 82' lang='lat' dir='ltr'><strong>ex</strong></span> 
     </span>
    </p>
   </div>
   <div class='ocr_carea' id='block_1_47' title="bbox 275 3093 1922 3184">
    <p class='ocr_par' dir='ltr' id='par_1_47' title="bbox 275 3093 1922 3184">
     <span class='ocr_line' id='line_1_47' title="bbox 275 3093 1922 3184; baseline -0.001 -34"><span class='ocrx_word' id='word_1_339' title='bbox 275 3096 552 3166; x_wconf 81' lang='lat' dir='ltr'><strong>bypostasi</strong></span> <span class='ocrx_word' id='word_1_340' title='bbox 583 3095 760 3150; x_wconf 78' lang='lat' dir='ltr'><strong>Patris</strong></span> <span class='ocrx_word' id='word_1_341' title='bbox 804 3105 858 3149; x_wconf 92' lang='lat' dir='ltr'><strong>et</strong></span> <span class='ocrx_word' id='word_1_342' title='bbox 888 3111 952 3148; x_wconf 85' lang='lat' dir='ltr'><strong>ex</strong></span> <span class='ocrx_word' id='word_1_343' title='bbox 1006 3094 1282 3164; x_wconf 80' lang='lat' dir='ltr'><strong>liypostasi</strong></span> <span class='ocrx_word' id='word_1_344' title='bbox 1317 3093 1437 3146; x_wconf 83' lang='lat' dir='ltr'><strong>Filii</strong></span> <span class='ocrx_word' id='word_1_345' title='bbox 1476 3093 1663 3147; x_wconf 88' lang='lat' dir='ltr'><strong>dicere</strong></span> <span class='ocrx_word' id='word_1_346' title='bbox 1706 3095 1842 3148; x_wconf 89' lang='lat' dir='ltr'><strong>nihil</strong></span> <span class='ocrx_word' id='word_1_347' title='bbox 1877 3123 1922 3184; x_wconf 66' lang='grc' dir='ltr'>ε</span> 
     </span>
    </p>
   </div>
   <div class='ocr_carea' id='block_1_48' title="bbox 274 3185 1842 3255">
    <p class='ocr_par' dir='ltr' id='par_1_48' title="bbox 274 3185 1842 3255">
     <span class='ocr_line' id='line_1_48' title="bbox 274 3185 1842 3255; baseline -0.002 -13"><span class='ocrx_word' id='word_1_348' title='bbox 274 3189 487 3243; x_wconf 79' lang='lat' dir='ltr'><strong>inducit</strong></span> <span class='ocrx_word' id='word_1_349' title='bbox 517 3189 812 3255; x_wconf 76' lang='lat' dir='ltr'><strong>ejusmodi.</strong></span> <span class='ocrx_word' id='word_1_350' title='bbox 849 3187 1024 3240; x_wconf 85' lang='lat' dir='ltr'><strong>Latini</strong></span> <span class='ocrx_word' id='word_1_351' title='bbox 1061 3186 1246 3254; x_wconf 78' lang='lat' dir='ltr'><strong>Igitur,</strong></span> <span class='ocrx_word' id='word_1_352' title='bbox 1281 3185 1373 3254; x_wconf 87' lang='lat' dir='ltr'><strong>qui</strong></span> <span class='ocrx_word' id='word_1_353' title='bbox 1410 3185 1503 3238; x_wconf 90' lang='lat' dir='ltr'><strong>tali</strong></span> <span class='ocrx_word' id='word_1_354' title='bbox 1541 3194 1704 3254; x_wconf 88' lang='lat' dir='ltr'><strong>pacto</strong></span> <span class='ocrx_word' id='word_1_355' title='bbox 1741 3188 1842 3240; x_wconf 86' lang='lat' dir='ltr'><strong>ista</strong></span> 
     </span>
    </p>
   </div>
   <div class='ocr_carea' id='block_1_49' title="bbox 273 3277 1848 3348">
    <p class='ocr_par' dir='ltr' id='par_1_49' title="bbox 273 3277 1848 3348">
     <span class='ocr_line' id='line_1_49' title="bbox 273 3277 1848 3348; baseline -0.001 -15"><span class='ocrx_word' id='word_1_356' title='bbox 273 3281 568 3334; x_wconf 78' lang='lat' dir='ltr'><strong>enuntiarit</strong></span> <span class='ocrx_word' id='word_1_357' title='bbox 602 3289 765 3348; x_wconf 85' lang='lat' dir='ltr'><strong>atque</strong></span> <span class='ocrx_word' id='word_1_358' title='bbox 796 3289 1013 3348; x_wconf 77' lang='lat' dir='ltr'><strong>putant,</strong></span> <span class='ocrx_word' id='word_1_359' title='bbox 1045 3278 1248 3330; x_wconf 86' lang='lat' dir='ltr'><strong>nullam</strong></span> <span class='ocrx_word' id='word_1_360' title='bbox 1279 3279 1422 3330; x_wconf 80' lang='lat' dir='ltr'><strong>inter</strong></span> <span class='ocrx_word' id='word_1_361' title='bbox 1450 3277 1745 3330; x_wconf 73' lang='lat' dir='ltr'><strong>essentiam</strong></span> <span class='ocrx_word' id='word_1_362' title='bbox 1794 3290 1848 3333; x_wconf 80' lang='lat' dir='ltr'><strong>et</strong></span> 
     </span>
    </p>
   </div>
   <div class='ocr_carea' id='block_1_50' title="bbox 277 3369 1847 3444">
    <p class='ocr_par' dir='ltr' id='par_1_50' title="bbox 277 3369 1847 3444">
     <span class='ocr_line' id='line_1_50' title="bbox 277 3369 1847 3444; baseline -0.001 -18"><span class='ocrx_word' id='word_1_363' title='bbox 277 3373 596 3444; x_wconf 81' lang='lat' dir='ltr'><strong>bypostasin</strong></span> <span class='ocrx_word' id='word_1_364' title='bbox 657 3373 837 3434; x_wconf 79' lang='lat' dir='ltr'><strong>aiioad</strong></span> <span class='ocrx_word' id='word_1_365' title='bbox 893 3387 1006 3426; x_wconf 90' lang='lat' dir='ltr'><strong>rem</strong></span> <span class='ocrx_word' id='word_1_366' title='bbox 1053 3385 1175 3425; x_wconf 78' lang='lat' dir='ltr'><strong>esse</strong></span> <span class='ocrx_word' id='word_1_367' title='bbox 1223 3369 1589 3424; x_wconf 71' lang='lat' dir='ltr'><strong>differentiam</strong></span> <span class='ocrx_word' id='word_1_368' title='bbox 1645 3370 1699 3424; x_wconf 92' lang='lat' dir='ltr'><strong>in</strong></span> <span class='ocrx_word' id='word_1_369' title='bbox 1740 3386 1847 3424; x_wconf 91' lang='lat' dir='ltr'><strong>una</strong></span> 
     </span>
    </p>
   </div>
   <div class='ocr_carea' id='block_1_51' title="bbox 273 3458 1849 3530">
    <p class='ocr_par' dir='ltr' id='par_1_51' title="bbox 273 3458 1849 3530">
     <span class='ocr_line' id='line_1_51' title="bbox 273 3458 1849 3530; baseline 0.003 -20"><span class='ocrx_word' id='word_1_370' title='bbox 273 3460 575 3529; x_wconf 86' lang='lat' dir='ltr'><strong>eademque</strong></span> <span class='ocrx_word' id='word_1_371' title='bbox 645 3473 922 3530; x_wconf 87' lang='lat' dir='ltr'><strong>persona,</strong></span> <span class='ocrx_word' id='word_1_372' title='bbox 981 3458 1077 3514; x_wconf 85' lang='lat' dir='ltr'><strong>sed</strong></span> <span class='ocrx_word' id='word_1_373' title='bbox 1152 3458 1364 3513; x_wconf 86' lang='lat' dir='ltr'><strong>ratione</strong></span> <span class='ocrx_word' id='word_1_374' title='bbox 1432 3459 1701 3515; x_wconf 82' lang='lat' dir='ltr'><strong>duntaxat</strong></span> <span class='ocrx_word' id='word_1_375' title='bbox 1756 3475 1849 3516; x_wconf 89' lang='lat' dir='ltr'><strong>eas</strong></span> 
     </span>
    </p>
   </div>
   <div class='ocr_carea' id='block_1_52' title="bbox 178 3553 1848 3627">
    <p class='ocr_par' dir='ltr' id='par_1_52' title="bbox 178 3553 1848 3627">
     <span class='ocr_line' id='line_1_52' title="bbox 178 3553 1848 3627; baseline 0.003 -21"><span class='ocrx_word' id='word_1_376' title='bbox 178 3585 185 3587; x_wconf 99' lang='lat'><em>-</em></span> <span class='ocrx_word' id='word_1_377' title='bbox 272 3553 519 3621; x_wconf 70' lang='lat' dir='ltr'><strong>dilferre,</strong></span> <span class='ocrx_word' id='word_1_378' title='bbox 564 3570 749 3624; x_wconf 83' lang='lat' dir='ltr'><strong>neque</strong></span> <span class='ocrx_word' id='word_1_379' title='bbox 799 3555 856 3609; x_wconf 75' lang='lat' dir='ltr'><strong>in</strong></span> <span class='ocrx_word' id='word_1_380' title='bbox 888 3554 1288 3624; x_wconf 89' lang='lat' dir='ltr'><strong>principiorum</strong></span> <span class='ocrx_word' id='word_1_381' title='bbox 1345 3553 1630 3610; x_wconf 89' lang='lat' dir='ltr'><strong>dualitatis</strong></span> <span class='ocrx_word' id='word_1_382' title='bbox 1686 3555 1848 3627; x_wconf 84' lang='lat' dir='ltr'><strong>abys-</strong></span> 
     </span>
    </p>
   </div>
   <div class='ocr_carea' id='block_1_53' title="bbox 273 3642 1843 3712">
    <p class='ocr_par' dir='ltr' id='par_1_53' title="bbox 273 3642 1843 3712">
     <span class='ocr_line' id='line_1_53' title="bbox 273 3642 1843 3712; baseline 0.003 -16"><span class='ocrx_word' id='word_1_383' title='bbox 273 3657 396 3696; x_wconf 88' lang='lat' dir='ltr'><strong>sum</strong></span> <span class='ocrx_word' id='word_1_384' title='bbox 454 3659 513 3696; x_wconf 89' lang='lat' dir='ltr'><strong>se</strong></span> <span class='ocrx_word' id='word_1_385' title='bbox 567 3657 811 3712; x_wconf 84' lang='lat' dir='ltr'><strong>unquam</strong></span> <span class='ocrx_word' id='word_1_386' title='bbox 872 3642 1233 3712; x_wconf 87' lang='lat' dir='ltr'><strong>abripiendos</strong></span> <span class='ocrx_word' id='word_1_387' title='bbox 1288 3657 1411 3698; x_wconf 88' lang='lat' dir='ltr'><strong>esse</strong></span> <span class='ocrx_word' id='word_1_388' title='bbox 1468 3643 1843 3700; x_wconf 86' lang='lat' dir='ltr'><strong>arbitrantur.</strong></span> 
     </span>
    </p>
   </div>
   <div class='ocr_carea' id='block_1_54' title="bbox 272 3734 1840 3807">
    <p class='ocr_par' dir='ltr' id='par_1_54' title="bbox 272 3734 1840 3807">
     <span class='ocr_line' id='line_1_54' title="bbox 272 3734 1840 3807; baseline 0.003 -19"><span class='ocrx_word' id='word_1_389' title='bbox 272 3735 542 3802; x_wconf 88' lang='lat' dir='ltr'><strong>Quoniam</strong></span> <span class='ocrx_word' id='word_1_390' title='bbox 567 3749 692 3788; x_wconf 82' lang='lat' dir='ltr'><strong>vero</strong></span> <span class='ocrx_word' id='word_1_391' title='bbox 720 3734 971 3790; x_wconf 86' lang='lat' dir='ltr'><strong>doctrina</strong></span> <span class='ocrx_word' id='word_1_392' title='bbox 997 3735 1066 3789; x_wconf 89' lang='lat' dir='ltr'><strong>de</strong></span> <span class='ocrx_word' id='word_1_393' title='bbox 1091 3735 1335 3791; x_wconf 81' lang='lat' dir='ltr'><strong>essentia</strong></span> <span class='ocrx_word' id='word_1_394' title='bbox 1368 3744 1533 3806; x_wconf 90' lang='lat' dir='ltr'><strong>atque</strong></span> <span class='ocrx_word' id='word_1_395' title='bbox 1559 3735 1840 3807; x_wconf 85' lang='lat' dir='ltr'><strong>bypostasi</strong></span> 
     </span>
    </p>
   </div>
   <div class='ocr_carea' id='block_1_55' title="bbox 275 3825 1839 3896">
    <p class='ocr_par' dir='ltr' id='par_1_55' title="bbox 275 3825 1839 3896">
     <span class='ocr_line' id='line_1_55' title="bbox 275 3825 1839 3896; baseline 0 -15"><span class='ocrx_word' id='word_1_396' title='bbox 275 3828 586 3881; x_wconf 76' lang='lat' dir='ltr'><strong>universam</strong></span> <span class='ocrx_word' id='word_1_397' title='bbox 613 3825 733 3880; x_wconf 78' lang='lat' dir='ltr'><strong>fere</strong></span> <span class='ocrx_word' id='word_1_398' title='bbox 767 3840 915 3880; x_wconf 75' lang='lat' dir='ltr'><strong>verte</strong></span> <span class='ocrx_word' id='word_1_399' title='bbox 946 3825 1072 3881; x_wconf 80' lang='lat' dir='ltr'><strong>ﬁdei</strong></span> <span class='ocrx_word' id='word_1_400' title='bbox 1114 3825 1418 3880; x_wconf 82' lang='lat' dir='ltr'><strong>doctrinam</strong></span> <span class='ocrx_word' id='word_1_401' title='bbox 1451 3827 1839 3896; x_wconf 74' lang='lat' dir='ltr'><strong>complectitur</strong></span> 
     </span>
    </p>
   </div>
   <div class='ocr_carea' id='block_1_56' title="bbox 273 3916 1844 3987">
    <p class='ocr_par' dir='ltr' id='par_1_56' title="bbox 273 3916 1844 3987">
     <span class='ocr_line' id='line_1_56' title="bbox 273 3916 1844 3987; baseline 0.001 -17"><span class='ocrx_word' id='word_1_402' title='bbox 273 3926 328 3970; x_wconf 87' lang='lat' dir='ltr'><strong>et</strong></span> <span class='ocrx_word' id='word_1_403' title='bbox 355 3918 612 3982; x_wconf 87' lang='lat' dir='ltr'><strong>includit,</strong></span> <span class='ocrx_word' id='word_1_404' title='bbox 649 3932 828 3986; x_wconf 88' lang='lat' dir='ltr'><strong>neque</strong></span> <span class='ocrx_word' id='word_1_405' title='bbox 859 3916 1115 3987; x_wconf 72' lang='lat' dir='ltr'><strong>praesenti</strong></span> <span class='ocrx_word' id='word_1_406' title='bbox 1145 3917 1469 3972; x_wconf 73' lang='lat' dir='ltr'><strong>tractationi</strong></span> <span class='ocrx_word' id='word_1_407' title='bbox 1503 3919 1636 3972; x_wconf 84' lang='lat' dir='ltr'><strong>utile</strong></span> <span class='ocrx_word' id='word_1_408' title='bbox 1667 3933 1844 3987; x_wconf 86' lang='lat' dir='ltr'><strong>neque</strong></span> 
     </span>
    </p>
   </div>
   <div class='ocr_carea' id='block_1_57' title="bbox 273 4005 1845 4074">
    <p class='ocr_par' dir='ltr' id='par_1_57' title="bbox 273 4005 1845 4074">
     <span class='ocr_line' id='line_1_57' title="bbox 273 4005 1845 4074; baseline 0.002 -17"><span class='ocrx_word' id='word_1_409' title='bbox 273 4005 566 4057; x_wconf 86' lang='lat' dir='ltr'><strong>admodum</strong></span> <span class='ocrx_word' id='word_1_410' title='bbox 599 4017 786 4074; x_wconf 87' lang='lat' dir='ltr'><strong>aptum</strong></span> <span class='ocrx_word' id='word_1_411' title='bbox 828 4005 988 4058; x_wconf 82' lang='lat' dir='ltr'><strong>fuerit</strong></span> <span class='ocrx_word' id='word_1_412' title='bbox 1021 4021 1142 4059; x_wconf 89' lang='lat' dir='ltr'><strong>eam</strong></span> <span class='ocrx_word' id='word_1_413' title='bbox 1177 4021 1321 4059; x_wconf 91' lang='lat' dir='ltr'><strong>nunc</strong></span> <span class='ocrx_word' id='word_1_414' title='bbox 1351 4005 1457 4060; x_wconf 88' lang='lat' dir='ltr'><strong>late</strong></span> <span class='ocrx_word' id='word_1_415' title='bbox 1489 4017 1845 4074; x_wconf 83' lang='lat' dir='ltr'><strong>pertractare;</strong></span> 
     </span>
    </p>
   </div>
   <div class='ocr_carea' id='block_1_58' title="bbox 274 4096 1849 4166">
    <p class='ocr_par' dir='ltr' id='par_1_58' title="bbox 274 4096 1849 4166">
     <span class='ocr_line' id='line_1_58' title="bbox 274 4096 1849 4166; baseline 0.002 -18"><span class='ocrx_word' id='word_1_416' title='bbox 274 4096 370 4148; x_wconf 91' lang='lat' dir='ltr'><strong>sed</strong></span> <span class='ocrx_word' id='word_1_417' title='bbox 401 4096 601 4149; x_wconf 72' lang='lat' dir='ltr'><strong>suiﬁcit</strong></span> <span class='ocrx_word' id='word_1_418' title='bbox 643 4097 1180 4166; x_wconf 82' lang='lat' dir='ltr'><strong>argumentationem</strong></span> <span class='ocrx_word' id='word_1_419' title='bbox 1219 4096 1370 4151; x_wconf 88' lang='lat' dir='ltr'><strong>illius</strong></span> <span class='ocrx_word' id='word_1_420' title='bbox 1422 4098 1634 4151; x_wconf 86' lang='lat' dir='ltr'><strong>solvere</strong></span> <span class='ocrx_word' id='word_1_421' title='bbox 1658 4099 1849 4152; x_wconf 81' lang='lat' dir='ltr'><strong>eteli-~</strong></span> 
     </span>
    </p>
   </div>
   <div class='ocr_carea' id='block_1_59' title="bbox 275 4185 1850 4258">
    <p class='ocr_par' dir='ltr' id='par_1_59' title="bbox 275 4185 1850 4258">
     <span class='ocr_line' id='line_1_59' title="bbox 275 4185 1850 4258; baseline 0.001 -17"><span class='ocrx_word' id='word_1_422' title='bbox 275 4189 510 4241; x_wconf 74' lang='lat' dir='ltr'><strong>minare.</strong></span> <span class='ocrx_word' id='word_1_423' title='bbox 564 4185 695 4240; x_wconf 82' lang='lat' dir='ltr'><strong>Nam</strong></span> <span class='ocrx_word' id='word_1_424' title='bbox 753 4197 952 4255; x_wconf 69' lang='lat' dir='ltr'><strong>praeter</strong></span> <span class='ocrx_word' id='word_1_425' title='bbox 1008 4187 1275 4240; x_wconf 89' lang='lat' dir='ltr'><strong>rationem</strong></span> <span class='ocrx_word' id='word_1_426' title='bbox 1327 4190 1581 4241; x_wconf 71' lang='lat' dir='ltr'><strong>essentne</strong></span> <span class='ocrx_word' id='word_1_427' title='bbox 1622 4200 1677 4242; x_wconf 89' lang='lat' dir='ltr'><strong>et</strong></span> <span class='ocrx_word' id='word_1_428' title='bbox 1727 4205 1850 4258; x_wconf 89' lang='lat' dir='ltr'><strong>pcr-</strong></span> 
     </span>
    </p>
   </div>
   <div class='ocr_carea' id='block_1_60' title="bbox 275 4277 1849 4347">
    <p class='ocr_par' dir='ltr' id='par_1_60' title="bbox 275 4277 1849 4347">
     <span class='ocr_line' id='line_1_60' title="bbox 275 4277 1849 4347; baseline 0.002 -13"><span class='ocrx_word' id='word_1_429' title='bbox 275 4295 424 4334; x_wconf 79' lang='lat' dir='ltr'><strong>smue</strong></span> <span class='ocrx_word' id='word_1_430' title='bbox 460 4283 544 4333; x_wconf 75' lang='lat' dir='ltr'><strong>vix</strong></span> <span class='ocrx_word' id='word_1_431' title='bbox 587 4282 934 4333; x_wconf 84' lang='lat' dir='ltr'><strong>occasionem</strong></span> <span class='ocrx_word' id='word_1_432' title='bbox 964 4277 1284 4347; x_wconf 87' lang='lat' dir='ltr'><strong>disputandi</strong></span> <span class='ocrx_word' id='word_1_433' title='bbox 1313 4291 1371 4333; x_wconf 91' lang='lat' dir='ltr'><strong>et</strong></span> <span class='ocrx_word' id='word_1_434' title='bbox 1412 4279 1700 4336; x_wconf 79' lang='lat' dir='ltr'><strong>refellendi</strong></span> <span class='ocrx_word' id='word_1_435' title='bbox 1743 4283 1849 4337; x_wconf 87' lang='lat' dir='ltr'><strong>hoc</strong></span> 
     </span>
    </p>
   </div>
   <div class='ocr_carea' id='block_1_61' title="bbox 277 4368 1848 4440">
    <p class='ocr_par' dir='ltr' id='par_1_61' title="bbox 277 4368 1848 4440">
     <span class='ocr_line' id='line_1_61' title="bbox 277 4368 1848 4440; baseline 0.001 -16"><span class='ocrx_word' id='word_1_436' title='bbox 277 4382 661 4440; x_wconf 79' lang='lat' dir='ltr'><strong>argumentum</strong></span> <span class='ocrx_word' id='word_1_437' title='bbox 737 4368 1090 4438; x_wconf 60' lang='lat' dir='ltr'><strong>prxstiterit,</strong></span> <span class='ocrx_word' id='word_1_438' title='bbox 1145 4369 1282 4422; x_wconf 90' lang='lat' dir='ltr'><strong>adeo</strong></span> <span class='ocrx_word' id='word_1_439' title='bbox 1337 4377 1422 4422; x_wconf 89' lang='lat' dir='ltr'><strong>est</strong></span> <span class='ocrx_word' id='word_1_440' title='bbox 1480 4369 1653 4424; x_wconf 79' lang='lat' dir='ltr'><strong>futile.</strong></span> <span class='ocrx_word' id='word_1_441' title='bbox 1707 4371 1848 4426; x_wconf 86' lang='lat' dir='ltr'><strong>Dicit</strong></span> 
     </span>
    </p>
   </div>
   <div class='ocr_carea' id='block_1_62' title="bbox 1957 1817 3531 1890">
    <p class='ocr_par' dir='ltr' id='par_1_62' title="bbox 1957 1817 3531 1890">
     <span class='ocr_line' id='line_1_62' title="bbox 1957 1817 3531 1890; baseline -0.004 -15"><span class='ocrx_word' id='word_1_442' title='bbox 1957 1840 2094 1883; x_wconf 86' lang='grc' dir='ltr'>εται,</span> <span class='ocrx_word' id='word_1_443' title='bbox 2122 1823 2195 1884; x_wconf 84' lang='grc' dir='ltr'><strong>ὡς</strong></span> <span class='ocrx_word' id='word_1_444' title='bbox 2229 1821 2318 1873; x_wconf 75' lang='grc' dir='ltr'>ὑπ’</span> <span class='ocrx_word' id='word_1_445' title='bbox 2383 1821 2553 1890; x_wconf 84' lang='grc' dir='ltr'>αὐτῆς</span> <span class='ocrx_word' id='word_1_446' title='bbox 2610 1821 2701 1872; x_wconf 74' lang='grc' dir='ltr'><strong>καὶ</strong></span> <span class='ocrx_word' id='word_1_447' title='bbox 2743 1823 2800 1870; x_wconf 78' lang='grc' dir='ltr'><strong>ἐν</strong></span> <span class='ocrx_word' id='word_1_448' title='bbox 2846 1821 2980 1887; x_wconf 79' lang='grc' dir='ltr'>αὐτῇ</span> <span class='ocrx_word' id='word_1_449' title='bbox 3032 1819 3388 1886; x_wconf 78' lang='grc' dir='ltr'>μορφουμένη</span> <span class='ocrx_word' id='word_1_450' title='bbox 3437 1817 3531 1868; x_wconf 71' lang='grc' dir='ltr'>καὶ</span> 
     </span>
    </p>
   </div>
   <div class='ocr_carea' id='block_1_63' title="bbox 1957 1909 3528 1982">
    <p class='ocr_par' dir='ltr' id='par_1_63' title="bbox 1957 1909 3528 1982">
     <span class='ocr_line' id='line_1_63' title="bbox 1957 1909 3528 1982; baseline -0.001 -20"><span class='ocrx_word' id='word_1_451' title='bbox 1957 1913 2382 1982; x_wconf 78' lang='grc' dir='ltr'>εἰδοποιουμένη,</span> <span class='ocrx_word' id='word_1_452' title='bbox 2423 1913 2597 1976; x_wconf 86' lang='grc' dir='ltr'>άλλως</span> <span class='ocrx_word' id='word_1_453' title='bbox 2623 1913 2975 1967; x_wconf 81' lang='grc' dir='ltr'>παντάπασιν</span> <span class='ocrx_word' id='word_1_454' title='bbox 3007 1912 3040 1980; x_wconf 81' lang='grc' dir='ltr'>ἢ</span> <span class='ocrx_word' id='word_1_455' title='bbox 3086 1911 3178 1964; x_wconf 77' lang='grc' dir='ltr'>ἐπὶ</span> <span class='ocrx_word' id='word_1_456' title='bbox 3242 1909 3351 1962; x_wconf 81' lang='grc' dir='ltr'>τῶν</span> <span class='ocrx_word' id='word_1_457' title='bbox 3410 1926 3528 1960; x_wconf 82' lang='grc' dir='ltr'>κτι-</span> 
     </span>
    </p>
   </div>
   <div class='ocr_carea' id='block_1_64' title="bbox 1960 1996 3528 2072">
    <p class='ocr_par' dir='ltr' id='par_1_64' title="bbox 1960 1996 3528 2072">
     <span class='ocr_line' id='line_1_64' title="bbox 1960 1996 3528 2072; baseline 0.001 -20"><span class='ocrx_word' id='word_1_458' title='bbox 1960 2003 2099 2054; x_wconf 76' lang='grc' dir='ltr'>σῖῶν</span> <span class='ocrx_word' id='word_1_459' title='bbox 2121 2003 2300 2070; x_wconf 73' lang='grc' dir='ltr'>ἔχουσι</span> <span class='ocrx_word' id='word_1_460' title='bbox 2330 2003 2696 2072; x_wconf 81' lang='grc' dir='ltr'><strong>πραγμάτων,</strong></span> <span class='ocrx_word' id='word_1_461' title='bbox 2731 2004 2790 2055; x_wconf 79' lang='grc' dir='ltr'><strong>ἐν</strong></span> <span class='ocrx_word' id='word_1_462' title='bbox 2821 1996 2902 2064; x_wconf 73' lang='grc' dir='ltr'>οἷς</span> <span class='ocrx_word' id='word_1_463' title='bbox 2942 2003 2974 2072; x_wconf 75' lang='grc' dir='ltr'>ὴ</span> <span class='ocrx_word' id='word_1_464' title='bbox 3039 2001 3196 2054; x_wconf 88' lang='grc' dir='ltr'>οὐσία</span> <span class='ocrx_word' id='word_1_465' title='bbox 3228 2001 3326 2069; x_wconf 77' lang='grc' dir='ltr'>τὴν</span> <span class='ocrx_word' id='word_1_466' title='bbox 3388 2001 3528 2065; x_wconf 57' lang='lat' dir='ltr'><strong>{vip-</strong></span> 
     </span>
    </p>
   </div>
   <div class='ocr_carea' id='block_1_65' title="bbox 1957 2089 3528 2164">
    <p class='ocr_par' dir='ltr' id='par_1_65' title="bbox 1957 2089 3528 2164">
     <span class='ocr_line' id='line_1_65' title="bbox 1957 2089 3528 2164; baseline -0.003 -19"><span class='ocrx_word' id='word_1_467' title='bbox 1957 2109 2112 2158; x_wconf 81' lang='grc' dir='ltr'>γειαν</span> <span class='ocrx_word' id='word_1_468' title='bbox 2131 2095 2222 2145; x_wconf 79' lang='grc' dir='ltr'>καὶ</span> <span class='ocrx_word' id='word_1_469' title='bbox 2243 2093 2305 2145; x_wconf 71' lang='grc' dir='ltr'>τὸ</span> <span class='ocrx_word' id='word_1_470' title='bbox 2338 2089 2477 2156; x_wconf 78' lang='grc' dir='ltr'>εἶδος</span> <span class='ocrx_word' id='word_1_471' title='bbox 2506 2096 2563 2145; x_wconf 83' lang='grc' dir='ltr'><strong>ἐν</strong></span> <span class='ocrx_word' id='word_1_472' title='bbox 2587 2095 2668 2164; x_wconf 82' lang='grc' dir='ltr'><strong>τῷ</strong></span> <span class='ocrx_word' id='word_1_473' title='bbox 2701 2094 2888 2162; x_wconf 84' lang='grc' dir='ltr'><strong>ἀτόμῳ</strong></span> <span class='ocrx_word' id='word_1_474' title='bbox 2919 2096 3009 2145; x_wconf 81' lang='grc' dir='ltr'>καὶ</span> <span class='ocrx_word' id='word_1_475' title='bbox 3059 2093 3123 2144; x_wconf 82' lang='grc' dir='ltr'>ὲκ</span> <span class='ocrx_word' id='word_1_476' title='bbox 3173 2092 3268 2143; x_wconf 79' lang='grc' dir='ltr'>τοῦ</span> <span class='ocrx_word' id='word_1_477' title='bbox 3324 2092 3528 2159; x_wconf 76' lang='grc' dir='ltr'>ἀτόμου</span> 
     </span>
    </p>
   </div>
   <div class='ocr_carea' id='block_1_66' title="bbox 1956 2185 3530 2255">
    <p class='ocr_par' dir='ltr' id='par_1_66' title="bbox 1956 2185 3530 2255">
     <span class='ocr_line' id='line_1_66' title="bbox 1956 2185 3530 2255; baseline 0 -20"><span class='ocrx_word' id='word_1_478' title='bbox 1956 2185 2256 2254; x_wconf 79' lang='grc' dir='ltr'>λαμϐάνειν</span> <span class='ocrx_word' id='word_1_479' title='bbox 2294 2185 2662 2251; x_wconf 52' lang='grc' dir='ltr'>εἴωθενηοὺδ⁹</span> <span class='ocrx_word' id='word_1_480' title='bbox 2718 2187 2836 2238; x_wconf 81' lang='grc' dir='ltr'>ἔστι</span> <span class='ocrx_word' id='word_1_481' title='bbox 2881 2186 3135 2255; x_wconf 79' lang='grc' dir='ltr'>χωρίζειν</span> <span class='ocrx_word' id='word_1_482' title='bbox 3185 2186 3287 2250; x_wconf 83' lang='grc' dir='ltr'>τὴν</span> <span class='ocrx_word' id='word_1_483' title='bbox 3338 2185 3530 2236; x_wconf 80' lang='grc' dir='ltr'>οὐσίαν</span> 
     </span>
    </p>
   </div>
   <div class='ocr_carea' id='block_1_67' title="bbox 1956 2280 3525 2351">
    <p class='ocr_par' dir='ltr' id='par_1_67' title="bbox 1956 2280 3525 2351">
     <span class='ocr_line' id='line_1_67' title="bbox 1956 2280 3525 2351; baseline -0.002 -19"><span class='ocrx_word' id='word_1_484' title='bbox 1956 2280 2047 2333; x_wconf 74' lang='grc' dir='ltr'>τοῦ</span> <span class='ocrx_word' id='word_1_485' title='bbox 2085 2283 2294 2351; x_wconf 70' lang='grc' dir='ltr'>Πατρδς</span> <span class='ocrx_word' id='word_1_486' title='bbox 2321 2282 2581 2348; x_wconf 78' lang='grc' dir='ltr'>λέγοντας</span> <span class='ocrx_word' id='word_1_487' title='bbox 2615 2282 2711 2333; x_wconf 81' lang='grc' dir='ltr'>καὶ</span> <span class='ocrx_word' id='word_1_488' title='bbox 2743 2281 2841 2349; x_wconf 86' lang='grc' dir='ltr'>τὴν</span> <span class='ocrx_word' id='word_1_489' title='bbox 2878 2281 3148 2349; x_wconf 80' lang='grc' dir='ltr'>πατρικὴν</span> <span class='ocrx_word' id='word_1_490' title='bbox 3174 2280 3471 2332; x_wconf 81' lang='grc' dir='ltr'>ὑπόστασιν</span> <span class='ocrx_word' id='word_1_491' title='bbox 3509 2293 3525 2308; x_wconf 79' lang='grc' dir='ltr'><strong>ο</strong></span> 
     </span>
    </p>
   </div>
   <div class='ocr_carea' id='block_1_68' title="bbox 1957 2367 3526 2443">
    <p class='ocr_par' dir='ltr' id='par_1_68' title="bbox 1957 2367 3526 2443">
     <span class='ocr_line' id='line_1_68' title="bbox 1957 2367 3526 2443; baseline -0.003 -19"><span class='ocrx_word' id='word_1_492' title='bbox 1957 2375 2132 2441; x_wconf 78' lang='grc' dir='ltr'>ἡγὰρ</span> <span class='ocrx_word' id='word_1_493' title='bbox 2186 2373 2344 2425; x_wconf 81' lang='grc' dir='ltr'>οὐσία</span> <span class='ocrx_word' id='word_1_494' title='bbox 2408 2372 2504 2424; x_wconf 84' lang='grc' dir='ltr'>τοῦ</span> <span class='ocrx_word' id='word_1_495' title='bbox 2574 2373 2790 2443; x_wconf 84' lang='grc' dir='ltr'>Πατρὸς</span> <span class='ocrx_word' id='word_1_496' title='bbox 2837 2374 2871 2442; x_wconf 81' lang='grc' dir='ltr'><strong>ἡ</strong></span> <span class='ocrx_word' id='word_1_497' title='bbox 2928 2371 3222 2432; x_wconf 86' lang='grc' dir='ltr'>ὑπόστασίς</span> <span class='ocrx_word' id='word_1_498' title='bbox 3267 2372 3385 2422; x_wconf 88' lang='grc' dir='ltr'>ἐστι</span> <span class='ocrx_word' id='word_1_499' title='bbox 3433 2367 3526 2420; x_wconf 83' lang='grc' dir='ltr'>τοῦ</span> 
     </span>
    </p>
   </div>
   <div class='ocr_carea' id='block_1_69' title="bbox 1959 2460 3528 2531">
    <p class='ocr_par' dir='ltr' id='par_1_69' title="bbox 1959 2460 3528 2531">
     <span class='ocr_line' id='line_1_69' title="bbox 1959 2460 3528 2531; baseline -0.001 -19"><span class='ocrx_word' id='word_1_500' title='bbox 1959 2462 2189 2530; x_wconf 71' lang='grc' dir='ltr'>Π-ιτρὺς,</span> <span class='ocrx_word' id='word_1_501' title='bbox 2214 2463 2262 2513; x_wconf 89' lang='grc' dir='ltr'><strong>εί</strong></span> <span class='ocrx_word' id='word_1_502' title='bbox 2293 2463 2384 2514; x_wconf 70' lang='grc' dir='ltr'>καὶ</span> <span class='ocrx_word' id='word_1_503' title='bbox 2418 2462 2494 2531; x_wconf 82' lang='grc' dir='ltr'>μὴ</span> <span class='ocrx_word' id='word_1_504' title='bbox 2529 2461 2734 2530; x_wconf 77' lang='grc' dir='ltr'>ἔστινή</span> <span class='ocrx_word' id='word_1_505' title='bbox 2775 2461 2870 2514; x_wconf 80' lang='grc' dir='ltr'><strong>τοὺ</strong></span> <span class='ocrx_word' id='word_1_506' title='bbox 2906 2461 3116 2530; x_wconf 68' lang='lat' dir='ltr'><strong>[lat-pb;</strong></span> <span class='ocrx_word' id='word_1_507' title='bbox 3151 2460 3447 2520; x_wconf 78' lang='grc' dir='ltr'>ὑπόστασις</span> <span class='ocrx_word' id='word_1_508' title='bbox 3493 2461 3528 2527; x_wconf 80' lang='grc' dir='ltr'>ἡ</span> 
     </span>
    </p>
   </div>
   <div class='ocr_carea' id='block_1_70' title="bbox 1956 2551 3528 2620">
    <p class='ocr_par' dir='ltr' id='par_1_70' title="bbox 1956 2551 3528 2620">
     <span class='ocr_line' id='line_1_70' title="bbox 1956 2551 3528 2620; baseline -0.001 -16"><span class='ocrx_word' id='word_1_509' title='bbox 1956 2551 2075 2604; x_wconf 77' lang='grc' dir='ltr'>θεία</span> <span class='ocrx_word' id='word_1_510' title='bbox 2109 2553 2270 2604; x_wconf 91' lang='grc' dir='ltr'>οὐσία</span> <span class='ocrx_word' id='word_1_511' title='bbox 2302 2551 2494 2614; x_wconf 85' lang='grc' dir='ltr'>ἁπλῶς</span> <span class='ocrx_word' id='word_1_512' title='bbox 2523 2568 2538 2584; x_wconf 72' lang='grc' dir='ltr'><strong>ο</strong></span> <span class='ocrx_word' id='word_1_513' title='bbox 2567 2552 2709 2604; x_wconf 80' lang='grc' dir='ltr'>ὥστε</span> <span class='ocrx_word' id='word_1_514' title='bbox 2741 2554 2769 2604; x_wconf 86' lang='grc' dir='ltr'><strong>ό</strong></span> <span class='ocrx_word' id='word_1_515' title='bbox 2794 2551 2967 2618; x_wconf 79' lang='grc' dir='ltr'>λέγων</span> <span class='ocrx_word' id='word_1_516' title='bbox 3011 2553 3076 2604; x_wconf 82' lang='grc' dir='ltr'><strong>ἐκ</strong></span> <span class='ocrx_word' id='word_1_517' title='bbox 3107 2551 3204 2620; x_wconf 82' lang='grc' dir='ltr'>τῆς</span> <span class='ocrx_word' id='word_1_518' title='bbox 3257 2551 3528 2620; x_wconf 82' lang='grc' dir='ltr'>πατρικῆς</span> 
     </span>
    </p>
   </div>
   <div class='ocr_carea' id='block_1_71' title="bbox 1955 2641 3528 2714">
    <p class='ocr_par' dir='ltr' id='par_1_71' title="bbox 1955 2641 3528 2714">
     <span class='ocr_line' id='line_1_71' title="bbox 1955 2641 3528 2714; baseline -0.001 -19"><span class='ocrx_word' id='word_1_519' title='bbox 1955 2643 2306 2705; x_wconf 83' lang='grc' dir='ltr'>ὑποστάσεως</span> <span class='ocrx_word' id='word_1_520' title='bbox 2337 2641 2736 2714; x_wconf 76' lang='grc' dir='ltr'>ἐκπορεύεσθαι</span> <span class='ocrx_word' id='word_1_521' title='bbox 2787 2645 2849 2697; x_wconf 80' lang='grc' dir='ltr'>τὸ</span> <span class='ocrx_word' id='word_1_522' title='bbox 2883 2643 3128 2713; x_wconf 79' lang='grc' dir='ltr'>Πνεῦμα,</span> <span class='ocrx_word' id='word_1_523' title='bbox 3185 2644 3280 2696; x_wconf 75' lang='grc' dir='ltr'>καὶ</span> <span class='ocrx_word' id='word_1_524' title='bbox 3326 2643 3389 2694; x_wconf 84' lang='grc' dir='ltr'><strong>ἐκ</strong></span> <span class='ocrx_word' id='word_1_525' title='bbox 3429 2643 3528 2703; x_wconf 78' lang='grc' dir='ltr'>τῆς</span> 
     </span>
    </p>
   </div>
   <div class='ocr_carea' id='block_1_72' title="bbox 1953 2733 3529 2805">
    <p class='ocr_par' dir='ltr' id='par_1_72' title="bbox 1953 2733 3529 2805">
     <span class='ocr_line' id='line_1_72' title="bbox 1953 2733 3529 2805; baseline -0.004 -15"><span class='ocrx_word' id='word_1_526' title='bbox 1953 2735 2046 2790; x_wconf 83' lang='grc' dir='ltr'>τοῦ</span> <span class='ocrx_word' id='word_1_527' title='bbox 2080 2734 2292 2805; x_wconf 77' lang='grc' dir='ltr'>Πατρδς</span> <span class='ocrx_word' id='word_1_528' title='bbox 2319 2735 2512 2797; x_wconf 82' lang='grc' dir='ltr'>οὐσίας</span> <span class='ocrx_word' id='word_1_529' title='bbox 2551 2735 2682 2788; x_wconf 70' lang='grc' dir='ltr'>αὐτὸ</span> <span class='ocrx_word' id='word_1_530' title='bbox 2736 2735 2921 2804; x_wconf 77' lang='grc' dir='ltr'>λέγειν</span> <span class='ocrx_word' id='word_1_531' title='bbox 2974 2735 3222 2800; x_wconf 87' lang='grc' dir='ltr'>δύναται,</span> <span class='ocrx_word' id='word_1_532' title='bbox 3267 2733 3529 2794; x_wconf 81' lang='grc' dir='ltr'>ὡσαύτως</span> 
     </span>
    </p>
   </div>
   <div class='ocr_carea' id='block_1_73' title="bbox 1951 2821 3525 2896">
    <p class='ocr_par' dir='ltr' id='par_1_73' title="bbox 1951 2821 3525 2896">
     <span class='ocr_line' id='line_1_73' title="bbox 1951 2821 3525 2896; baseline -0.004 -17"><span class='ocrx_word' id='word_1_533' title='bbox 1951 2826 2008 2879; x_wconf 78' lang='grc' dir='ltr'><strong>δὲ</strong></span> <span class='ocrx_word' id='word_1_534' title='bbox 2043 2827 2134 2880; x_wconf 86' lang='grc' dir='ltr'>καὶ</span> <span class='ocrx_word' id='word_1_535' title='bbox 2163 2828 2191 2877; x_wconf 78' lang='grc' dir='ltr'>ὁ</span> <span class='ocrx_word' id='word_1_536' title='bbox 2231 2825 2404 2892; x_wconf 81' lang='grc' dir='ltr'>λέγων</span> <span class='ocrx_word' id='word_1_537' title='bbox 2437 2828 2501 2879; x_wconf 80' lang='grc' dir='ltr'><strong>ἐκ</strong></span> <span class='ocrx_word' id='word_1_538' title='bbox 2533 2827 2632 2896; x_wconf 84' lang='grc' dir='ltr'>τῆς</span> <span class='ocrx_word' id='word_1_539' title='bbox 2661 2825 2848 2888; x_wconf 81' lang='grc' dir='ltr'>οὐσίας</span> <span class='ocrx_word' id='word_1_540' title='bbox 2880 2824 2976 2878; x_wconf 83' lang='grc' dir='ltr'><strong>τοῦ</strong></span> <span class='ocrx_word' id='word_1_541' title='bbox 3007 2825 3136 2877; x_wconf 83' lang='grc' dir='ltr'>Υίοὺ</span> <span class='ocrx_word' id='word_1_542' title='bbox 3173 2821 3313 2877; x_wconf 76' lang='grc' dir='ltr'>εἶναι</span> <span class='ocrx_word' id='word_1_543' title='bbox 3345 2821 3525 2887; x_wconf 85' lang='grc' dir='ltr'>τοῦτο,</span> 
     </span>
    </p>
   </div>
   <div class='ocr_carea' id='block_1_74' title="bbox 1951 2916 3528 2987">
    <p class='ocr_par' dir='ltr' id='par_1_74' title="bbox 1951 2916 3528 2987">
     <span class='ocr_line' id='line_1_74' title="bbox 1951 2916 3528 2987; baseline 0 -19"><span class='ocrx_word' id='word_1_544' title='bbox 1951 2918 2046 2969; x_wconf 77' lang='grc' dir='ltr'>καὶ</span> <span class='ocrx_word' id='word_1_545' title='bbox 2077 2919 2139 2970; x_wconf 87' lang='grc' dir='ltr'><strong>ἐκ</strong></span> <span class='ocrx_word' id='word_1_546' title='bbox 2160 2917 2254 2970; x_wconf 82' lang='grc' dir='ltr'>τοῦ</span> <span class='ocrx_word' id='word_1_547' title='bbox 2284 2916 2414 2970; x_wconf 83' lang='grc' dir='ltr'><strong>Υἱοῦ</strong></span> <span class='ocrx_word' id='word_1_548' title='bbox 2445 2918 2906 2987; x_wconf 82' lang='grc' dir='ltr'>πάντωςέρεῖκαὶ</span> <span class='ocrx_word' id='word_1_549' title='bbox 2927 2918 3026 2987; x_wconf 84' lang='grc' dir='ltr'>τῆς</span> <span class='ocrx_word' id='word_1_550' title='bbox 3060 2917 3242 2985; x_wconf 84' lang='grc' dir='ltr'>υίικῆς</span> <span class='ocrx_word' id='word_1_551' title='bbox 3291 2916 3528 2968; x_wconf 86' lang='grc' dir='ltr'>ὑποστά-</span> 
     </span>
    </p>
   </div>
   <div class='ocr_carea' id='block_1_75' title="bbox 1955 3007 3529 3080">
    <p class='ocr_par' dir='ltr' id='par_1_75' title="bbox 1955 3007 3529 3080">
     <span class='ocr_line' id='line_1_75' title="bbox 1955 3007 3529 3080; baseline 0 -19"><span class='ocrx_word' id='word_1_552' title='bbox 1955 3025 2091 3072; x_wconf 85' lang='grc' dir='ltr'>σεως</span> <span class='ocrx_word' id='word_1_553' title='bbox 2119 3024 2135 3040; x_wconf 88' lang='grc'><strong>·</strong></span> <span class='ocrx_word' id='word_1_554' title='bbox 2159 3010 2252 3062; x_wconf 81' lang='grc' dir='ltr'>καὶ</span> <span class='ocrx_word' id='word_1_555' title='bbox 2290 3009 2482 3080; x_wconf 77' lang='grc' dir='ltr'>ὥσπερ</span> <span class='ocrx_word' id='word_1_556' title='bbox 2512 3009 2571 3061; x_wconf 78' lang='grc' dir='ltr'>τὸ</span> <span class='ocrx_word' id='word_1_557' title='bbox 2602 3010 2667 3062; x_wconf 65' lang='grc' dir='ltr'><strong>ἐκ</strong></span> <span class='ocrx_word' id='word_1_558' title='bbox 2691 3009 2789 3077; x_wconf 82' lang='grc' dir='ltr'><strong>τῆς</strong></span> <span class='ocrx_word' id='word_1_559' title='bbox 2817 3009 3008 3070; x_wconf 85' lang='grc' dir='ltr'>οὐσίας</span> <span class='ocrx_word' id='word_1_560' title='bbox 3041 3010 3137 3060; x_wconf 83' lang='grc' dir='ltr'>τοῦ</span> <span class='ocrx_word' id='word_1_561' title='bbox 3177 3007 3386 3075; x_wconf 60' lang='grc' dir='ltr'>Πατρὶς</span> <span class='ocrx_word' id='word_1_562' title='bbox 3433 3010 3529 3061; x_wconf 76' lang='grc' dir='ltr'>καὶ</span> 
     </span>
    </p>
   </div>
   <div class='ocr_carea' id='block_1_76' title="bbox 1952 3096 3531 3169">
    <p class='ocr_par' dir='ltr' id='par_1_76' title="bbox 1952 3096 3531 3169">
     <span class='ocr_line' id='line_1_76' title="bbox 1952 3096 3531 3169; baseline -0.001 -19"><span class='ocrx_word' id='word_1_563' title='bbox 1952 3099 2013 3150; x_wconf 83' lang='grc' dir='ltr'><strong>ἐκ</strong></span> <span class='ocrx_word' id='word_1_564' title='bbox 2034 3099 2131 3168; x_wconf 84' lang='grc' dir='ltr'>τῆς</span> <span class='ocrx_word' id='word_1_565' title='bbox 2154 3099 2342 3160; x_wconf 78' lang='grc' dir='ltr'>οὐσίας</span> <span class='ocrx_word' id='word_1_566' title='bbox 2372 3097 2466 3151; x_wconf 82' lang='grc' dir='ltr'>τοῦ</span> <span class='ocrx_word' id='word_1_567' title='bbox 2501 3096 2634 3152; x_wconf 88' lang='grc' dir='ltr'><strong>Υἱοῦ</strong></span> <span class='ocrx_word' id='word_1_568' title='bbox 2659 3099 2760 3151; x_wconf 79' lang='grc' dir='ltr'><strong>οὐκ</strong></span> <span class='ocrx_word' id='word_1_569' title='bbox 2783 3098 2842 3164; x_wconf 83' lang='grc' dir='ltr'>ἐξ</span> <span class='ocrx_word' id='word_1_570' title='bbox 2895 3097 3148 3168; x_wconf 80' lang='grc' dir='ltr'>ἀνάγκης</span> <span class='ocrx_word' id='word_1_571' title='bbox 3192 3097 3292 3167; x_wconf 82' lang='grc' dir='ltr'>τὴν</span> <span class='ocrx_word' id='word_1_572' title='bbox 3343 3097 3531 3169; x_wconf 67' lang='grc' dir='ltr'>διττὴν</span> 
     </span>
    </p>
   </div>
   <div class='ocr_carea' id='block_1_77' title="bbox 1951 3187 3523 3259">
    <p class='ocr_par' dir='ltr' id='par_1_77' title="bbox 1951 3187 3523 3259">
     <span class='ocr_line' id='line_1_77' title="bbox 1951 3187 3523 3259; baseline 0.002 -19"><span class='ocrx_word' id='word_1_573' title='bbox 1951 3189 2163 3256; x_wconf 84' lang='grc' dir='ltr'>εἰσάγει</span> <span class='ocrx_word' id='word_1_574' title='bbox 2192 3189 2388 3259; x_wconf 73' lang='grc' dir='ltr'>ἀρχὴν,</span> <span class='ocrx_word' id='word_1_575' title='bbox 2416 3187 2561 3242; x_wconf 84' lang='grc' dir='ltr'>οὑτω</span> <span class='ocrx_word' id='word_1_576' title='bbox 2583 3189 2678 3242; x_wconf 75' lang='grc' dir='ltr'>καὶ</span> <span class='ocrx_word' id='word_1_577' title='bbox 2709 3190 2769 3241; x_wconf 76' lang='grc' dir='ltr'><strong>τὸ</strong></span> <span class='ocrx_word' id='word_1_578' title='bbox 2799 3192 2862 3242; x_wconf 81' lang='grc' dir='ltr'><strong>ἐκ</strong></span> <span class='ocrx_word' id='word_1_579' title='bbox 2893 3191 2991 3259; x_wconf 77' lang='grc' dir='ltr'>τῆς</span> <span class='ocrx_word' id='word_1_580' title='bbox 3039 3190 3397 3251; x_wconf 82' lang='grc' dir='ltr'>ὑποστάσεως</span> <span class='ocrx_word' id='word_1_581' title='bbox 3423 3189 3523 3254; x_wconf 73' lang='grc' dir='ltr'>τῆς</span> 
     </span>
    </p>
   </div>
   <div class='ocr_carea' id='block_1_78' title="bbox 1949 3279 3525 3350">
    <p class='ocr_par' dir='ltr' id='par_1_78' title="bbox 1949 3279 3525 3350">
     <span class='ocr_line' id='line_1_78' title="bbox 1949 3279 3525 3350; baseline -0.001 -19"><span class='ocrx_word' id='word_1_582' title='bbox 1949 3279 2044 3332; x_wconf 81' lang='grc' dir='ltr'>τοῦ</span> <span class='ocrx_word' id='word_1_583' title='bbox 2072 3281 2282 3349; x_wconf 84' lang='grc' dir='ltr'>Πατρὸς</span> <span class='ocrx_word' id='word_1_584' title='bbox 2327 3283 2421 3333; x_wconf 79' lang='grc' dir='ltr'>καὶ</span> <span class='ocrx_word' id='word_1_585' title='bbox 2450 3283 2546 3350; x_wconf 79' lang='grc' dir='ltr'>τῆς</span> <span class='ocrx_word' id='word_1_586' title='bbox 2579 3281 2934 3342; x_wconf 77' lang='grc' dir='ltr'>ὑποστάσεως</span> <span class='ocrx_word' id='word_1_587' title='bbox 2959 3279 3056 3349; x_wconf 84' lang='grc' dir='ltr'>τῆς</span> <span class='ocrx_word' id='word_1_588' title='bbox 3087 3279 3182 3332; x_wconf 81' lang='grc' dir='ltr'>τοῦ</span> <span class='ocrx_word' id='word_1_589' title='bbox 3208 3280 3339 3332; x_wconf 70' lang='grc' dir='ltr'>Υἰού</span> <span class='ocrx_word' id='word_1_590' title='bbox 3371 3279 3525 3331; x_wconf 83' lang='grc' dir='ltr'>οὐδὲν</span> 
     </span>
    </p>
   </div>
   <div class='ocr_carea' id='block_1_79' title="bbox 1949 3366 3525 3441">
    <p class='ocr_par' dir='ltr' id='par_1_79' title="bbox 1949 3366 3525 3441">
     <span class='ocr_line' id='line_1_79' title="bbox 1949 3366 3525 3441; baseline 0.003 -21"><span class='ocrx_word' id='word_1_591' title='bbox 1949 3367 2191 3422; x_wconf 81' lang='grc' dir='ltr'>τοιοῦτον</span> <span class='ocrx_word' id='word_1_592' title='bbox 2223 3371 2463 3438; x_wconf 79' lang='grc' dir='ltr'>εἰσάγει.</span> <span class='ocrx_word' id='word_1_593' title='bbox 2537 3373 2602 3422; x_wconf 83' lang='lat' dir='ltr'><strong>Oi</strong></span> <span class='ocrx_word' id='word_1_594' title='bbox 2647 3372 2742 3441; x_wconf 79' lang='grc' dir='ltr'>μὲν</span> <span class='ocrx_word' id='word_1_595' title='bbox 2776 3366 2868 3424; x_wconf 78' lang='grc' dir='ltr'>οὖν</span> <span class='ocrx_word' id='word_1_596' title='bbox 2909 3373 3128 3424; x_wconf 68' lang='lat' dir='ltr'><strong>Ani-.0:</strong></span> <span class='ocrx_word' id='word_1_597' title='bbox 3175 3369 3331 3422; x_wconf 78' lang='grc' dir='ltr'>ταῦθ’</span> <span class='ocrx_word' id='word_1_598' title='bbox 3381 3369 3525 3424; x_wconf 84' lang='grc' dir='ltr'>οὑτω</span> 
     </span>
    </p>
   </div>
   <div class='ocr_carea' id='block_1_80' title="bbox 1950 3459 3526 3533">
    <p class='ocr_par' dir='ltr' id='par_1_80' title="bbox 1950 3459 3526 3533">
     <span class='ocr_line' id='line_1_80' title="bbox 1950 3459 3526 3533; baseline 0.001 -20"><span class='ocrx_word' id='word_1_599' title='bbox 1950 3462 2203 3525; x_wconf 80' lang='grc' dir='ltr'>λέγοντες</span> <span class='ocrx_word' id='word_1_600' title='bbox 2253 3463 2348 3516; x_wconf 75' lang='grc' dir='ltr'>καὶ</span> <span class='ocrx_word' id='word_1_601' title='bbox 2392 3464 2663 3533; x_wconf 82' lang='grc' dir='ltr'>μηδεμίαν</span> <span class='ocrx_word' id='word_1_602' title='bbox 2706 3459 2850 3516; x_wconf 78' lang='grc' dir='ltr'>εἶναι</span> <span class='ocrx_word' id='word_1_603' title='bbox 2901 3465 3213 3532; x_wconf 72' lang='grc' dir='ltr'>νομίζοντες</span> <span class='ocrx_word' id='word_1_604' title='bbox 3265 3463 3526 3533; x_wconf 73' lang='grc' dir='ltr'>διαφορὰν</span> 
     </span>
    </p>
   </div>
   <div class='ocr_carea' id='block_1_81' title="bbox 1950 3553 3526 3626">
    <p class='ocr_par' dir='ltr' id='par_1_81' title="bbox 1950 3553 3526 3626">
     <span class='ocr_line' id='line_1_81' title="bbox 1950 3553 3526 3626; baseline 0.003 -22"><span class='ocrx_word' id='word_1_605' title='bbox 1950 3553 2141 3616; x_wconf 81' lang='grc' dir='ltr'>οὐσίας</span> <span class='ocrx_word' id='word_1_606' title='bbox 2170 3554 2628 3618; x_wconf 70' lang='grc' dir='ltr'>καὶὺποστάσεως</span> <span class='ocrx_word' id='word_1_607' title='bbox 2660 3555 2721 3607; x_wconf 81' lang='grc' dir='ltr'><strong>ἐν</strong></span> <span class='ocrx_word' id='word_1_608' title='bbox 2751 3557 2850 3625; x_wconf 80' lang='grc' dir='ltr'>μιᾷ</span> <span class='ocrx_word' id='word_1_609' title='bbox 2877 3555 2972 3608; x_wconf 72' lang='grc' dir='ltr'><strong>καὶ</strong></span> <span class='ocrx_word' id='word_1_610' title='bbox 3019 3558 3085 3626; x_wconf 72' lang='grc' dir='ltr'>τῇ</span> <span class='ocrx_word' id='word_1_611' title='bbox 3117 3556 3254 3625; x_wconf 83' lang='grc' dir='ltr'>αὐτῇ</span> <span class='ocrx_word' id='word_1_612' title='bbox 3291 3557 3526 3609; x_wconf 77' lang='grc' dir='ltr'>ὑποστά-</span> 
     </span>
    </p>
   </div>
   <div class='ocr_carea' id='block_1_82' title="bbox 1953 3646 3526 3717">
    <p class='ocr_par' dir='ltr' id='par_1_82' title="bbox 1953 3646 3526 3717">
     <span class='ocr_line' id='line_1_82' title="bbox 1953 3646 3526 3717; baseline 0.003 -19"><span class='ocrx_word' id='word_1_613' title='bbox 1953 3646 2198 3698; x_wconf 78' lang='grc' dir='ltr'>σεικατᾶ</span> <span class='ocrx_word' id='word_1_614' title='bbox 2220 3647 2279 3698; x_wconf 82' lang='grc' dir='ltr'>τὸ</span> <span class='ocrx_word' id='word_1_615' title='bbox 2307 3647 2718 3716; x_wconf 78' lang='grc' dir='ltr'>πρᾶγμα,ἀλλὰ</span> <span class='ocrx_word' id='word_1_616' title='bbox 2765 3648 2910 3717; x_wconf 81' lang='grc' dir='ltr'>λόγῳ</span> <span class='ocrx_word' id='word_1_617' title='bbox 2951 3649 3114 3717; x_wconf 85' lang='grc' dir='ltr'>μόνον</span> <span class='ocrx_word' id='word_1_618' title='bbox 3148 3649 3289 3702; x_wconf 79' lang='grc' dir='ltr'>αὐτὰ</span> <span class='ocrx_word' id='word_1_619' title='bbox 3338 3648 3526 3716; x_wconf 67' lang='grc' dir='ltr'>διαφό-</span> 
     </span>
    </p>
   </div>
   <div class='ocr_carea' id='block_1_83' title="bbox 1953 3737 3525 3808">
    <p class='ocr_par' dir='ltr' id='par_1_83' title="bbox 1953 3737 3525 3808">
     <span class='ocr_line' id='line_1_83' title="bbox 1953 3737 3525 3808; baseline 0.001 -19"><span class='ocrx_word' id='word_1_620' title='bbox 1953 3754 2092 3808; x_wconf 84' lang='grc' dir='ltr'>ρειν,</span> <span class='ocrx_word' id='word_1_621' title='bbox 2120 3737 2240 3790; x_wconf 67' lang='grc' dir='ltr'>οὐδὲ</span> <span class='ocrx_word' id='word_1_622' title='bbox 2272 3737 2351 3802; x_wconf 84' lang='grc' dir='ltr'><strong>είς</strong></span> <span class='ocrx_word' id='word_1_623' title='bbox 2380 3739 2472 3790; x_wconf 82' lang='grc' dir='ltr'>τὸν</span> <span class='ocrx_word' id='word_1_624' title='bbox 2508 3737 2608 3806; x_wconf 85' lang='grc' dir='ltr'>τῆς</span> <span class='ocrx_word' id='word_1_625' title='bbox 2629 3738 2893 3808; x_wconf 80' lang='grc' dir='ltr'>δυαρχίας</span> <span class='ocrx_word' id='word_1_626' title='bbox 2939 3738 3145 3792; x_wconf 85' lang='grc' dir='ltr'>οτονται</span> <span class='ocrx_word' id='word_1_627' title='bbox 3198 3738 3525 3808; x_wconf 83' lang='grc' dir='ltr'>κατενεχθῆ-</span> 
     </span>
    </p>
   </div>
   <div class='ocr_carea' id='block_1_84' title="bbox 1951 3828 3526 3900">
    <p class='ocr_par' dir='ltr' id='par_1_84' title="bbox 1951 3828 3526 3900">
     <span class='ocr_line' id='line_1_84' title="bbox 1951 3828 3526 3900; baseline -0.001 -18"><span class='ocrx_word' id='word_1_628' title='bbox 1951 3847 2038 3882; x_wconf 91' lang='grc' dir='ltr'><strong>ναι</strong></span> <span class='ocrx_word' id='word_1_629' title='bbox 2068 3829 2132 3882; x_wconf 79' lang='grc' dir='ltr'>ἂν</span> <span class='ocrx_word' id='word_1_630' title='bbox 2168 3846 2299 3882; x_wconf 89' lang='grc' dir='ltr'>ποτε</span> <span class='ocrx_word' id='word_1_631' title='bbox 2337 3828 2601 3900; x_wconf 86' lang='grc' dir='ltr'>κρημνόν.</span> <span class='ocrx_word' id='word_1_632' title='bbox 2640 3829 2796 3882; x_wconf 75' lang='grc' dir='ltr'>Ἐπεὶ</span> <span class='ocrx_word' id='word_1_633' title='bbox 2852 3828 2912 3881; x_wconf 81' lang='grc' dir='ltr'><strong>δὲ</strong></span> <span class='ocrx_word' id='word_1_634' title='bbox 2959 3830 2986 3881; x_wconf 74' lang='grc' dir='ltr'>ὁ</span> <span class='ocrx_word' id='word_1_635' title='bbox 3035 3830 3164 3898; x_wconf 56' lang='grc' dir='ltr'>περὶ</span> <span class='ocrx_word' id='word_1_636' title='bbox 3199 3830 3297 3896; x_wconf 87' lang='grc' dir='ltr'>τῆς</span> <span class='ocrx_word' id='word_1_637' title='bbox 3334 3828 3526 3890; x_wconf 85' lang='grc' dir='ltr'>οὐσίας</span> 
     </span>
    </p>
   </div>
   <div class='ocr_carea' id='block_1_85' title="bbox 1951 3921 3524 3990">
    <p class='ocr_par' dir='ltr' id='par_1_85' title="bbox 1951 3921 3524 3990">
     <span class='ocr_line' id='line_1_85' title="bbox 1951 3921 3524 3990; baseline -0.001 -17"><span class='ocrx_word' id='word_1_638' title='bbox 1951 3923 2045 3973; x_wconf 75' lang='grc' dir='ltr'>καὶ</span> <span class='ocrx_word' id='word_1_639' title='bbox 2073 3921 2421 3984; x_wconf 85' lang='grc' dir='ltr'>ὑποστάσεως</span> <span class='ocrx_word' id='word_1_640' title='bbox 2451 3921 2606 3989; x_wconf 82' lang='grc' dir='ltr'>λόγος</span> <span class='ocrx_word' id='word_1_641' title='bbox 2641 3921 2826 3990; x_wconf 83' lang='grc' dir='ltr'>σχεδὸν</span> <span class='ocrx_word' id='word_1_642' title='bbox 2855 3921 3000 3983; x_wconf 77' lang='grc' dir='ltr'>ἄπας</span> <span class='ocrx_word' id='word_1_643' title='bbox 3018 3921 3115 3988; x_wconf 82' lang='grc' dir='ltr'>τῆς</span> <span class='ocrx_word' id='word_1_644' title='bbox 3144 3921 3406 3988; x_wconf 74' lang='grc' dir='ltr'>ἀληθινῆς</span> <span class='ocrx_word' id='word_1_645' title='bbox 3435 3923 3524 3974; x_wconf 77' lang='grc' dir='ltr'>πί-</span> 
     </span>
    </p>
   </div>
   <div class='ocr_carea' id='block_1_86' title="bbox 1954 4011 3526 4082">
    <p class='ocr_par' dir='ltr' id='par_1_86' title="bbox 1954 4011 3526 4082">
     <span class='ocr_line' id='line_1_86' title="bbox 1954 4011 3526 4082; baseline 0.001 -18"><span class='ocrx_word' id='word_1_646' title='bbox 1954 4029 2124 4074; x_wconf 82' lang='grc' dir='ltr'>στεως</span> <span class='ocrx_word' id='word_1_647' title='bbox 2152 4012 2314 4081; x_wconf 78' lang='grc' dir='ltr'>λόγος</span> <span class='ocrx_word' id='word_1_648' title='bbox 2358 4012 2528 4076; x_wconf 78' lang='grc' dir='ltr'>ἐστὶν,</span> <span class='ocrx_word' id='word_1_649' title='bbox 2578 4011 2704 4065; x_wconf 73' lang='grc' dir='ltr'>οὔτε</span> <span class='ocrx_word' id='word_1_650' title='bbox 2743 4015 2809 4082; x_wconf 77' lang='grc' dir='ltr'><strong>τῇ</strong></span> <span class='ocrx_word' id='word_1_651' title='bbox 2871 4011 3119 4082; x_wconf 81' lang='grc' dir='ltr'>παρούσῃ</span> <span class='ocrx_word' id='word_1_652' title='bbox 3163 4016 3526 4082; x_wconf 64' lang='grc' dir='ltr'><strong>’πραγματείᾳ⁵</strong></span> 
     </span>
    </p>
   </div>
   <div class='ocr_carea' id='block_1_87' title="bbox 1953 4103 3527 4176">
    <p class='ocr_par' dir='ltr' id='par_1_87' title="bbox 1953 4103 3527 4176">
     <span class='ocr_line' id='line_1_87' title="bbox 1953 4103 3527 4176; baseline 0 -18"><span class='ocrx_word' id='word_1_653' title='bbox 1953 4104 2268 4176; x_wconf 81' lang='grc' dir='ltr'>συμφέρων,</span> <span class='ocrx_word' id='word_1_654' title='bbox 2294 4105 2415 4158; x_wconf 79' lang='grc' dir='ltr'>οὔτε</span> <span class='ocrx_word' id='word_1_655' title='bbox 2457 4105 2663 4174; x_wconf 78' lang='grc' dir='ltr'>σφόδρα</span> <span class='ocrx_word' id='word_1_656' title='bbox 2689 4105 2912 4167; x_wconf 70' lang='grc' dir='ltr'>δυνατὸς</span> <span class='ocrx_word' id='word_1_657' title='bbox 2945 4103 3011 4158; x_wconf 82' lang='grc' dir='ltr'>ἄν</span> <span class='ocrx_word' id='word_1_658' title='bbox 3063 4107 3148 4176; x_wconf 84' lang='grc' dir='ltr'>είη</span> <span class='ocrx_word' id='word_1_659' title='bbox 3197 4106 3292 4158; x_wconf 80' lang='grc' dir='ltr'>νῦν</span> <span class='ocrx_word' id='word_1_660' title='bbox 3351 4123 3527 4176; x_wconf 85' lang='grc' dir='ltr'>πραγ-</span> 
     </span>
    </p>
   </div>
   <div class='ocr_carea' id='block_1_88' title="bbox 1957 4195 3517 4268">
    <p class='ocr_par' dir='ltr' id='par_1_88' title="bbox 1957 4195 3517 4268">
     <span class='ocr_line' id='line_1_88' title="bbox 1957 4195 3517 4268; baseline -0.001 -18"><span class='ocrx_word' id='word_1_661' title='bbox 1957 4197 2291 4267; x_wconf 74' lang='grc' dir='ltr'>ματεύεσθαι</span> <span class='ocrx_word' id='word_1_662' title='bbox 2317 4213 2332 4228; x_wconf 81' lang='grc' dir='ltr'><strong>ο</strong></span> <span class='ocrx_word' id='word_1_663' title='bbox 2365 4196 2479 4248; x_wconf 75' lang='grc' dir='ltr'>ἀλλ’</span> <span class='ocrx_word' id='word_1_664' title='bbox 2533 4197 2693 4268; x_wconf 80' lang='grc' dir='ltr'>ἀρκεῖ</span> <span class='ocrx_word' id='word_1_665' title='bbox 2718 4196 2924 4264; x_wconf 86' lang='grc' dir='ltr'>ταύτην</span> <span class='ocrx_word' id='word_1_666' title='bbox 2957 4195 3123 4249; x_wconf 84' lang='grc' dir='ltr'>αὐτοῦ</span> <span class='ocrx_word' id='word_1_667' title='bbox 3179 4195 3277 4267; x_wconf 75' lang='grc' dir='ltr'>τὴν</span> <span class='ocrx_word' id='word_1_668' title='bbox 3319 4195 3517 4268; x_wconf 82' lang='grc' dir='ltr'>ἐπιχεί·</span> 
     </span>
    </p>
   </div>
   <div class='ocr_carea' id='block_1_89' title="bbox 1956 4286 3529 4360">
    <p class='ocr_par' dir='ltr' id='par_1_89' title="bbox 1956 4286 3529 4360">
     <span class='ocr_line' id='line_1_89' title="bbox 1956 4286 3529 4360; baseline -0.003 -18"><span class='ocrx_word' id='word_1_669' title='bbox 1956 4305 2118 4360; x_wconf 80' lang='grc' dir='ltr'>ρησιν</span> <span class='ocrx_word' id='word_1_670' title='bbox 2150 4289 2384 4341; x_wconf 78' lang='grc' dir='ltr'>λύσασιν</span> <span class='ocrx_word' id='word_1_671' title='bbox 2411 4287 2848 4342; x_wconf 72' lang='grc' dir='ltr'>ἀπαλλάττεσθαι</span> <span class='ocrx_word' id='word_1_672' title='bbox 2881 4302 2896 4317; x_wconf 79' lang='grc'>⁶</span> <span class='ocrx_word' id='word_1_673' title='bbox 2937 4288 3076 4356; x_wconf 81' lang='grc' dir='ltr'>πλὴν</span> <span class='ocrx_word' id='word_1_674' title='bbox 3106 4287 3216 4355; x_wconf 69' lang='grc' dir='ltr'><strong>γὰρ</strong></span> <span class='ocrx_word' id='word_1_675' title='bbox 3267 4286 3360 4339; x_wconf 85' lang='grc' dir='ltr'>τοῦ</span> <span class='ocrx_word' id='word_1_676' title='bbox 3398 4287 3529 4356; x_wconf 78' lang='grc' dir='ltr'>περὶ</span> 
     </span>
    </p>
   </div>
   <div class='ocr_carea' id='block_1_90' title="bbox 1953 4377 3530 4449">
    <p class='ocr_par' dir='ltr' id='par_1_90' title="bbox 1953 4377 3530 4449">
     <span class='ocr_line' id='line_1_90' title="bbox 1953 4377 3530 4449; baseline -0.003 -17"><span class='ocrx_word' id='word_1_677' title='bbox 1953 4380 2051 4449; x_wconf 82' lang='grc' dir='ltr'>τῆς</span> <span class='ocrx_word' id='word_1_678' title='bbox 2083 4379 2269 4441; x_wconf 88' lang='grc' dir='ltr'>οὐσίας</span> <span class='ocrx_word' id='word_1_679' title='bbox 2299 4380 2394 4432; x_wconf 76' lang='grc' dir='ltr'>καὶ</span> <span class='ocrx_word' id='word_1_680' title='bbox 2429 4379 2522 4446; x_wconf 69' lang='grc' dir='ltr'>τῆς</span> <span class='ocrx_word' id='word_1_681' title='bbox 2552 4379 2904 4440; x_wconf 82' lang='grc' dir='ltr'>ὑποστάσεως</span> <span class='ocrx_word' id='word_1_682' title='bbox 2935 4377 3093 4444; x_wconf 84' lang='grc' dir='ltr'>λόγου</span> <span class='ocrx_word' id='word_1_683' title='bbox 3148 4377 3258 4431; x_wconf 79' lang='grc' dir='ltr'>οὐδ’</span> <span class='ocrx_word' id='word_1_684' title='bbox 3314 4378 3530 4430; x_wconf 74' lang='grc' dir='ltr'>ἀντιλο-</span> 
     </span>
    </p>
   </div>
   <div class='ocr_carea' id='block_1_91' title="bbox 280 4458 1848 4539">
    <p class='ocr_par' dir='ltr' id='par_1_91' title="bbox 280 4458 1843 4532">
     <span class='ocr_line' id='line_1_91' title="bbox 280 4458 1843 4532; baseline 0 -18"><span class='ocrx_word' id='word_1_685' title='bbox 280 4461 428 4514; x_wconf 82' lang='lat' dir='ltr'><strong>enim</strong></span> <span class='ocrx_word' id='word_1_686' title='bbox 465 4462 536 4513; x_wconf 89' lang='lat' dir='ltr'><strong>ita</strong></span> <span class='ocrx_word' id='word_1_687' title='bbox 565 4477 578 4512; x_wconf 90' lang='lat'><strong>:</strong></span> <span class='ocrx_word' id='word_1_688' title='bbox 611 4459 873 4529; x_wconf 69' lang='lat' dir='ltr'><strong>Tbeologi</strong></span> <span class='ocrx_word' id='word_1_689' title='bbox 905 4460 1099 4513; x_wconf 89' lang='lat' dir='ltr'><strong>dicunt</strong></span> <span class='ocrx_word' id='word_1_690' title='bbox 1122 4458 1389 4528; x_wconf 86' lang='lat' dir='ltr'><strong>Spiritum</strong></span> <span class='ocrx_word' id='word_1_691' title='bbox 1412 4476 1478 4513; x_wconf 79' lang='lat' dir='ltr'><strong>ex</strong></span> <span class='ocrx_word' id='word_1_692' title='bbox 1504 4469 1726 4529; x_wconf 88' lang='lat' dir='ltr'><strong>paterna</strong></span> <span class='ocrx_word' id='word_1_693' title='bbox 1750 4464 1843 4532; x_wconf 84' lang='lat' dir='ltr'><strong>hy-</strong></span> 
     </span>
    </p>
   </div>
   <div class='ocr_carea' id='block_1_92' title="bbox 1956 4458 3526 4539">
    <p class='ocr_par' dir='ltr' id='par_1_92' title="bbox 1956 4466 3526 4539">
     <span class='ocr_line' id='line_1_92' title="bbox 1956 4466 3526 4539; baseline -0.001 -17"><span class='ocrx_word' id='word_1_694' title='bbox 1956 4473 2070 4536; x_wconf 78' lang='grc' dir='ltr'>γίας</span> <span class='ocrx_word' id='word_1_695' title='bbox 2114 4469 2366 4539; x_wconf 80' lang='grc' dir='ltr'>ἀφορμὴν</span> <span class='ocrx_word' id='word_1_696' title='bbox 2411 4469 2478 4521; x_wconf 78' lang='grc' dir='ltr'>ἂν</span> <span class='ocrx_word' id='word_1_697' title='bbox 2523 4469 2721 4539; x_wconf 76' lang='grc' dir='ltr'>ῥᾳδίως</span> <span class='ocrx_word' id='word_1_698' title='bbox 2768 4471 3082 4537; x_wconf 70' lang='grc' dir='ltr'>παράσχοι·</span> <span class='ocrx_word' id='word_1_699' title='bbox 3116 4466 3261 4527; x_wconf 82' lang='grc' dir='ltr'>οὑτω</span> <span class='ocrx_word' id='word_1_700' title='bbox 3315 4468 3526 4538; x_wconf 62' lang='grc' dir='ltr'>σφόδρα</span> 
     </span>
    </p>
   </div>
   <div class='ocr_carea' id='block_1_93' title="bbox 271 4549 1851 4622">
    <p class='ocr_par' dir='ltr' id='par_1_93' title="bbox 271 4549 1851 4622">
     <span class='ocr_line' id='line_1_93' title="bbox 271 4549 1851 4622; baseline 0.001 -17"><span class='ocrx_word' id='word_1_701' title='bbox 271 4551 480 4620; x_wconf 68' lang='grc' dir='ltr'>φθεισεὶ</span> <span class='ocrx_word' id='word_1_702' title='bbox 514 4551 812 4618; x_wconf 87' lang='lat' dir='ltr'><strong>procedere</strong></span> <span class='ocrx_word' id='word_1_703' title='bbox 843 4549 1051 4613; x_wconf 78' lang='lat' dir='ltr'><strong>(innuit</strong></span> <span class='ocrx_word' id='word_1_704' title='bbox 1078 4558 1288 4614; x_wconf 87' lang='lat' dir='ltr'><strong>autem,</strong></span> <span class='ocrx_word' id='word_1_705' title='bbox 1319 4559 1378 4604; x_wconf 92' lang='lat' dir='ltr'><strong>ut</strong></span> <span class='ocrx_word' id='word_1_706' title='bbox 1416 4551 1657 4614; x_wconf 86' lang='lat' dir='ltr'><strong>videtur,</strong></span> <span class='ocrx_word' id='word_1_707' title='bbox 1713 4552 1851 4622; x_wconf 84' lang='lat' dir='ltr'><strong>Nys-</strong></span> 
     </span>
    </p>
   </div>
   <div class='ocr_carea' id='block_1_94' title="bbox 277 4641 1849 4714">
    <p class='ocr_par' dir='ltr' id='par_1_94' title="bbox 277 4641 1849 4714">
     <span class='ocr_line' id='line_1_94' title="bbox 277 4641 1849 4714; baseline 0.001 -18"><span class='ocrx_word' id='word_1_708' title='bbox 277 4657 470 4696; x_wconf 85' lang='lat' dir='ltr'><strong>scnum</strong></span> <span class='ocrx_word' id='word_1_709' title='bbox 503 4641 824 4712; x_wconf 78' lang='lat' dir='ltr'><strong>Gregorium</strong></span> <span class='ocrx_word' id='word_1_710' title='bbox 857 4641 911 4710; x_wconf 87' lang='lat'><strong>);</strong></span> <span class='ocrx_word' id='word_1_711' title='bbox 957 4655 1129 4710; x_wconf 86' lang='lat' dir='ltr'><strong>quare</strong></span> <span class='ocrx_word' id='word_1_712' title='bbox 1175 4641 1218 4694; x_wconf 89' lang='lat' dir='ltr'><strong>si</strong></span> <span class='ocrx_word' id='word_1_713' title='bbox 1263 4643 1428 4696; x_wconf 79' lang='lat' dir='ltr'><strong>etiam</strong></span> <span class='ocrx_word' id='word_1_714' title='bbox 1459 4657 1523 4696; x_wconf 79' lang='lat' dir='ltr'><strong>ex</strong></span> <span class='ocrx_word' id='word_1_715' title='bbox 1555 4643 1694 4700; x_wconf 88' lang='lat' dir='ltr'><strong>Filio</strong></span> <span class='ocrx_word' id='word_1_716' title='bbox 1723 4660 1849 4714; x_wconf 85' lang='lat' dir='ltr'><strong>pro-</strong></span> 
     </span>
    </p>
   </div>
   <div class='ocr_carea' id='block_1_95' title="bbox 280 4731 1850 4797">
    <p class='ocr_par' dir='ltr' id='par_1_95' title="bbox 280 4731 1850 4797">
     <span class='ocr_line' id='line_1_95' title="bbox 280 4731 1850 4797; baseline 0 -10"><span class='ocrx_word' id='word_1_717' title='bbox 280 4734 469 4797; x_wconf 84' lang='lat' dir='ltr'><strong>cedit,</strong></span> <span class='ocrx_word' id='word_1_718' title='bbox 520 4747 710 4785; x_wconf 75' lang='lat' dir='ltr'><strong>verum</strong></span> <span class='ocrx_word' id='word_1_719' title='bbox 770 4733 880 4786; x_wconf 80' lang='lat' dir='ltr'><strong>erit</strong></span> <span class='ocrx_word' id='word_1_720' title='bbox 937 4731 1195 4785; x_wconf 87' lang='lat' dir='ltr'><strong>similiter</strong></span> <span class='ocrx_word' id='word_1_721' title='bbox 1265 4733 1450 4788; x_wconf 88' lang='lat' dir='ltr'><strong>dicere</strong></span> <span class='ocrx_word' id='word_1_722' title='bbox 1502 4749 1628 4786; x_wconf 88' lang='lat' dir='ltr'><strong>eum</strong></span> <span class='ocrx_word' id='word_1_723' title='bbox 1685 4736 1850 4788; x_wconf 91' lang='lat' dir='ltr'><strong>etiam</strong></span> 
     </span>
    </p>
   </div>
   <div class='ocr_carea' id='block_1_96' title="bbox 277 4821 1847 4895">
    <p class='ocr_par' dir='ltr' id='par_1_96' title="bbox 277 4821 1847 4895">
     <span class='ocr_line' id='line_1_96' title="bbox 277 4821 1847 4895; baseline 0.002 -18"><span class='ocrx_word' id='word_1_724' title='bbox 277 4824 580 4895; x_wconf 70' lang='lat' dir='ltr'><strong>procedere</strong></span> <span class='ocrx_word' id='word_1_725' title='bbox 606 4838 668 4876; x_wconf 78' lang='lat' dir='ltr'><strong>ex</strong></span> <span class='ocrx_word' id='word_1_726' title='bbox 693 4823 968 4894; x_wconf 83' lang='lat' dir='ltr'><strong>bypostasi</strong></span> <span class='ocrx_word' id='word_1_727' title='bbox 999 4821 1153 4888; x_wconf 87' lang='lat' dir='ltr'><strong>Filii;</strong></span> <span class='ocrx_word' id='word_1_728' title='bbox 1185 4824 1330 4892; x_wconf 87' lang='lat' dir='ltr'><strong>quod</strong></span> <span class='ocrx_word' id='word_1_729' title='bbox 1365 4825 1408 4878; x_wconf 86' lang='lat' dir='ltr'><strong>si</strong></span> <span class='ocrx_word' id='word_1_730' title='bbox 1445 4840 1572 4878; x_wconf 83' lang='lat' dir='ltr'><strong>vero</strong></span> <span class='ocrx_word' id='word_1_731' title='bbox 1606 4826 1709 4880; x_wconf 83' lang='lat' dir='ltr'><strong>hoc</strong></span> <span class='ocrx_word' id='word_1_732' title='bbox 1744 4835 1847 4890; x_wconf 89' lang='lat' dir='ltr'><strong>est,</strong></span> 
     </span>
    </p>
   </div>
   <div class='ocr_carea' id='block_1_97' title="bbox 275 4915 1847 4988">
    <p class='ocr_par' dir='ltr' id='par_1_97' title="bbox 275 4915 1847 4988">
     <span class='ocr_line' id='line_1_97' title="bbox 275 4915 1847 4988; baseline 0 -16"><span class='ocrx_word' id='word_1_733' title='bbox 275 4936 343 4972; x_wconf 72' lang='lat' dir='ltr'><strong>ex</strong></span> <span class='ocrx_word' id='word_1_734' title='bbox 378 4921 596 4974; x_wconf 86' lang='lat' dir='ltr'><strong>duobus</strong></span> <span class='ocrx_word' id='word_1_735' title='bbox 653 4915 941 4988; x_wconf 88' lang='lat' dir='ltr'><strong>principiis</strong></span> <span class='ocrx_word' id='word_1_736' title='bbox 993 4916 1242 4984; x_wconf 86' lang='lat' dir='ltr'><strong>procedit</strong></span> <span class='ocrx_word' id='word_1_737' title='bbox 1301 4916 1543 4984; x_wconf 87' lang='lat' dir='ltr'><strong>Spiritus</strong></span> <span class='ocrx_word' id='word_1_738' title='bbox 1577 4927 1847 4982; x_wconf 84' lang='lat' dir='ltr'><strong>sanctus;</strong></span> 
     </span>
    </p>
   </div>
   <div class='ocr_carea' id='block_1_98' title="bbox 278 5006 1850 5078">
    <p class='ocr_par' dir='ltr' id='par_1_98' title="bbox 278 5006 1850 5078">
     <span class='ocr_line' id='line_1_98' title="bbox 278 5006 1850 5078; baseline -0.001 -15"><span class='ocrx_word' id='word_1_739' title='bbox 278 5011 395 5063; x_wconf 86' lang='lat' dir='ltr'><strong>lieri</strong></span> <span class='ocrx_word' id='word_1_740' title='bbox 430 5012 578 5063; x_wconf 88' lang='lat' dir='ltr'><strong>enim</strong></span> <span class='ocrx_word' id='word_1_741' title='bbox 602 5010 816 5078; x_wconf 89' lang='lat' dir='ltr'><strong>nequit,</strong></span> <span class='ocrx_word' id='word_1_742' title='bbox 850 5016 909 5060; x_wconf 94' lang='lat' dir='ltr'><strong>ut</strong></span> <span class='ocrx_word' id='word_1_743' title='bbox 933 5007 984 5060; x_wconf 86' lang='lat' dir='ltr'><strong>id</strong></span> <span class='ocrx_word' id='word_1_744' title='bbox 1019 5009 1166 5074; x_wconf 89' lang='lat' dir='ltr'><strong>quod</strong></span> <span class='ocrx_word' id='word_1_745' title='bbox 1213 5021 1280 5061; x_wconf 63' lang='lat' dir='ltr'><strong>ex</strong></span> <span class='ocrx_word' id='word_1_746' title='bbox 1309 5006 1526 5062; x_wconf 83' lang='lat' dir='ltr'><strong>duabus</strong></span> <span class='ocrx_word' id='word_1_747' title='bbox 1590 5008 1850 5077; x_wconf 84' lang='lat' dir='ltr'><strong>hyposta-</strong></span> 
     </span>
    </p>
   </div>
   <div class='ocr_carea' id='block_1_99' title="bbox 277 5101 1850 5171">
    <p class='ocr_par' dir='ltr' id='par_1_99' title="bbox 277 5101 1850 5171">
     <span class='ocr_line' id='line_1_99' title="bbox 277 5101 1850 5171; baseline 0 -15"><span class='ocrx_word' id='word_1_748' title='bbox 277 5105 432 5156; x_wconf 85' lang='lat' dir='ltr'><strong>sibus</strong></span> <span class='ocrx_word' id='word_1_749' title='bbox 468 5103 735 5169; x_wconf 74' lang='lat' dir='ltr'><strong>procedit,</strong></span> <span class='ocrx_word' id='word_1_750' title='bbox 788 5117 894 5156; x_wconf 91' lang='lat' dir='ltr'><strong>non</strong></span> <span class='ocrx_word' id='word_1_751' title='bbox 941 5102 1107 5158; x_wconf 87' lang='lat' dir='ltr'><strong>etiam</strong></span> <span class='ocrx_word' id='word_1_752' title='bbox 1158 5116 1224 5156; x_wconf 78' lang='lat' dir='ltr'><strong>ex</strong></span> <span class='ocrx_word' id='word_1_753' title='bbox 1291 5101 1508 5154; x_wconf 88' lang='lat' dir='ltr'><strong>duobus</strong></span> <span class='ocrx_word' id='word_1_754' title='bbox 1557 5102 1850 5171; x_wconf 88' lang='lat' dir='ltr'><strong>principiis</strong></span> 
     </span>
    </p>
   </div>
   <div class='ocr_carea' id='block_1_100' title="bbox 277 5192 1844 5262">
    <p class='ocr_par' dir='ltr' id='par_1_100' title="bbox 277 5192 1844 5262">
     <span class='ocr_line' id='line_1_100' title="bbox 277 5192 1844 5262; baseline -0.003 -12"><span class='ocrx_word' id='word_1_755' title='bbox 277 5193 653 5250; x_wconf 79' lang='lat' dir='ltr'><strong>cxsistentiam</strong></span> <span class='ocrx_word' id='word_1_756' title='bbox 678 5195 894 5249; x_wconf 84' lang='lat' dir='ltr'><strong>habeat.</strong></span> <span class='ocrx_word' id='word_1_757' title='bbox 924 5192 1228 5246; x_wconf 82' lang='lat' dir='ltr'><strong>Mirandum</strong></span> <span class='ocrx_word' id='word_1_758' title='bbox 1265 5207 1396 5245; x_wconf 88' lang='lat' dir='ltr'><strong>vero</strong></span> <span class='ocrx_word' id='word_1_759' title='bbox 1419 5192 1561 5245; x_wconf 77' lang='lat' dir='ltr'><strong>foret</strong></span> <span class='ocrx_word' id='word_1_760' title='bbox 1591 5202 1642 5248; x_wconf 89' lang='lat' dir='ltr'><strong>et</strong></span> <span class='ocrx_word' id='word_1_761' title='bbox 1679 5210 1844 5262; x_wconf 89' lang='lat' dir='ltr'><strong>quam</strong></span> 
     </span>
    </p>
   </div>
   <div class='ocr_carea' id='block_1_101' title="bbox 279 5285 1845 5350">
    <p class='ocr_par' dir='ltr' id='par_1_101' title="bbox 279 5285 1845 5350">
     <span class='ocr_line' id='line_1_101' title="bbox 279 5285 1845 5350; baseline -0.002 -9"><span class='ocrx_word' id='word_1_762' title='bbox 279 5293 534 5350; x_wconf 78' lang='lat' dir='ltr'><strong>maxime,</strong></span> <span class='ocrx_word' id='word_1_763' title='bbox 562 5287 607 5340; x_wconf 89' lang='lat' dir='ltr'><strong>si</strong></span> <span class='ocrx_word' id='word_1_764' title='bbox 642 5287 756 5340; x_wconf 68' lang='lat' dir='ltr'><strong>haec</strong></span> <span class='ocrx_word' id='word_1_765' title='bbox 787 5302 911 5339; x_wconf 84' lang='lat' dir='ltr'><strong>vera</strong></span> <span class='ocrx_word' id='word_1_766' title='bbox 937 5297 992 5340; x_wconf 89' lang='lat' dir='ltr'><strong>et</strong></span> <span class='ocrx_word' id='word_1_767' title='bbox 1017 5285 1325 5341; x_wconf 84' lang='lat' dir='ltr'><strong>necessaria</strong></span> <span class='ocrx_word' id='word_1_768' title='bbox 1360 5294 1513 5338; x_wconf 89' lang='lat' dir='ltr'><strong>ratus</strong></span> <span class='ocrx_word' id='word_1_769' title='bbox 1543 5301 1651 5338; x_wconf 88' lang='lat' dir='ltr'><strong>non</strong></span> <span class='ocrx_word' id='word_1_770' title='bbox 1676 5289 1845 5339; x_wconf 89' lang='lat' dir='ltr'><strong>etiam</strong></span> 
     </span>
    </p>
   </div>
   <div class='ocr_carea' id='block_1_102' title="bbox 279 5374 1851 5446">
    <p class='ocr_par' dir='ltr' id='par_1_102' title="bbox 279 5374 1851 5446">
     <span class='ocr_line' id='line_1_102' title="bbox 279 5374 1851 5446; baseline -0.004 -11"><span class='ocrx_word' id='word_1_771' title='bbox 279 5382 571 5435; x_wconf 85' lang='lat' dir='ltr'><strong>creationis</strong></span> <span class='ocrx_word' id='word_1_772' title='bbox 602 5382 704 5432; x_wconf 87' lang='lat' dir='ltr'><strong>tria</strong></span> <span class='ocrx_word' id='word_1_773' title='bbox 729 5391 852 5432; x_wconf 86' lang='lat' dir='ltr'><strong>esse</strong></span> <span class='ocrx_word' id='word_1_774' title='bbox 883 5377 1151 5446; x_wconf 82' lang='lat' dir='ltr'><strong>principia</strong></span> <span class='ocrx_word' id='word_1_775' title='bbox 1182 5374 1394 5438; x_wconf 89' lang='lat' dir='ltr'><strong>credat,</strong></span> <span class='ocrx_word' id='word_1_776' title='bbox 1434 5389 1558 5428; x_wconf 88' lang='lat' dir='ltr'><strong>cum</strong></span> <span class='ocrx_word' id='word_1_777' title='bbox 1609 5375 1724 5428; x_wconf 71' lang='lat' dir='ltr'><strong>haec</strong></span> <span class='ocrx_word' id='word_1_778' title='bbox 1785 5392 1851 5429; x_wconf 74' lang='lat' dir='ltr'><strong>ex</strong></span> 
     </span>
    </p>
   </div>
   <div class='ocr_carea' id='block_1_103' title="bbox 283 5468 1850 5541">
    <p class='ocr_par' dir='ltr' id='par_1_103' title="bbox 283 5468 1850 5541">
     <span class='ocr_line' id='line_1_103' title="bbox 283 5468 1850 5541; baseline -0.003 -15"><span class='ocrx_word' id='word_1_779' title='bbox 283 5473 460 5527; x_wconf 84' lang='lat' dir='ltr'><strong>tribus</strong></span> <span class='ocrx_word' id='word_1_780' title='bbox 492 5469 874 5541; x_wconf 81' lang='lat' dir='ltr'><strong>liypostasibus</strong></span> <span class='ocrx_word' id='word_1_781' title='bbox 912 5470 982 5522; x_wconf 87' lang='lat' dir='ltr'><strong>sit</strong></span> <span class='ocrx_word' id='word_1_782' title='bbox 1013 5468 1271 5534; x_wconf 87' lang='lat' dir='ltr'><strong>condita;</strong></span> <span class='ocrx_word' id='word_1_783' title='bbox 1306 5481 1483 5538; x_wconf 85' lang='lat' dir='ltr'><strong>neque</strong></span> <span class='ocrx_word' id='word_1_784' title='bbox 1511 5468 1659 5522; x_wconf 83' lang='lat' dir='ltr'><strong>enim</strong></span> <span class='ocrx_word' id='word_1_785' title='bbox 1689 5468 1850 5521; x_wconf 81' lang='lat' dir='ltr'><strong>facile</strong></span> 
     </span>
    </p>
   </div>
   <div class='ocr_carea' id='block_1_104' title="bbox 362 5722 1256 5794">
    <p class='ocr_par' dir='ltr' id='par_1_104' title="bbox 362 5722 1256 5794">
     <span class='ocr_line' id='line_1_104' title="bbox 362 5722 1256 5794; baseline 0.001 -17"><span class='ocrx_word' id='word_1_786' title='bbox 362 5723 434 5794; x_wconf 83' lang='lat' dir='ltr'><strong>(I)</strong></span> <span class='ocrx_word' id='word_1_787' title='bbox 470 5722 616 5778; x_wconf 77' lang='lat' dir='ltr'><strong>Moti.</strong></span> <span class='ocrx_word' id='word_1_788' title='bbox 651 5723 742 5787; x_wconf 69' lang='lat'><strong>9.7,</strong></span> <span class='ocrx_word' id='word_1_789' title='bbox 779 5723 816 5776; x_wconf 75' lang='grc' dir='ltr'>ί.</span> <span class='ocrx_word' id='word_1_790' title='bbox 852 5723 948 5776; x_wconf 65' lang='grc'><strong>197</strong></span> <span class='ocrx_word' id='word_1_791' title='bbox 987 5724 1038 5788; x_wconf 88' lang='lat' dir='ltr'><strong>b,</strong></span> <span class='ocrx_word' id='word_1_792' title='bbox 1077 5723 1256 5792; x_wconf 72' lang='grc' dir='ltr'>λέγει’</span> 
     </span>
    </p>
   </div>
   <div class='ocr_carea' id='block_1_105' title="bbox 1954 4559 3526 4629">
    <p class='ocr_par' dir='ltr' id='par_1_105' title="bbox 1954 4559 3526 4629">
     <span class='ocr_line' id='line_1_105' title="bbox 1954 4559 3526 4629; baseline 0 -17"><span class='ocrx_word' id='word_1_793' title='bbox 1954 4562 2102 4613; x_wconf 75' lang='grc' dir='ltr'>ἐστὶν</span> <span class='ocrx_word' id='word_1_794' title='bbox 2132 4562 2358 4629; x_wconf 83' lang='grc' dir='ltr'>ἀφελής.</span> <span class='ocrx_word' id='word_1_795' title='bbox 2391 4562 2556 4626; x_wconf 76' lang='grc' dir='ltr'>Λέγει</span> <span class='ocrx_word' id='word_1_796' title='bbox 2589 4562 2700 4629; x_wconf 77' lang='grc' dir='ltr'><strong>γὰρ</strong></span> <span class='ocrx_word' id='word_1_797' title='bbox 2742 4559 2939 4612; x_wconf 87' lang='grc' dir='ltr'>οὑτωσί</span> <span class='ocrx_word' id='word_1_798' title='bbox 2969 4576 2981 4588; x_wconf 91' lang='grc'><strong>·</strong></span> <span class='ocrx_word' id='word_1_799' title='bbox 3021 4559 3086 4612; x_wconf 87' lang='grc' dir='ltr'>υί</span> <span class='ocrx_word' id='word_1_800' title='bbox 3115 4559 3358 4627; x_wconf 78' lang='grc' dir='ltr'>θεολόγοι</span> <span class='ocrx_word' id='word_1_801' title='bbox 3392 4562 3526 4629; x_wconf 77' lang='grc' dir='ltr'>φασὶ</span> 
     </span>
    </p>
   </div>
   <div class='ocr_carea' id='block_1_106' title="bbox 1955 4649 3526 4720">
    <p class='ocr_par' dir='ltr' id='par_1_106' title="bbox 1955 4649 3526 4720">
     <span class='ocr_line' id='line_1_106' title="bbox 1955 4649 3526 4720; baseline 0.001 -17"><span class='ocrx_word' id='word_1_802' title='bbox 1955 4652 2014 4704; x_wconf 82' lang='grc' dir='ltr'><strong>τὸ</strong></span> <span class='ocrx_word' id='word_1_803' title='bbox 2041 4650 2262 4718; x_wconf 78' lang='grc' dir='ltr'>Πνεῦμα</span> <span class='ocrx_word' id='word_1_804' title='bbox 2288 4652 2387 4719; x_wconf 80' lang='grc' dir='ltr'>τῆς</span> <span class='ocrx_word' id='word_1_805' title='bbox 2425 4651 2700 4720; x_wconf 83' lang='grc' dir='ltr'>πατρικῆς</span> <span class='ocrx_word' id='word_1_806' title='bbox 2723 4649 3120 4720; x_wconf 76' lang='grc' dir='ltr'>ἐκπορεύεσθαι</span> <span class='ocrx_word' id='word_1_807' title='bbox 3171 4650 3526 4715; x_wconf 84' lang='grc' dir='ltr'>ὑποστάσεως</span> 
     </span>
    </p>
   </div>
   <div class='ocr_carea' id='block_1_107' title="bbox 1957 4742 3524 4814">
    <p class='ocr_par' dir='ltr' id='par_1_107' title="bbox 1957 4742 3524 4814">
     <span class='ocr_line' id='line_1_107' title="bbox 1957 4742 3524 4814; baseline -0.001 -18"><span class='ocrx_word' id='word_1_808' title='bbox 1957 4743 2274 4813; x_wconf 72' lang='grc' dir='ltr'>(αἰνίττεται</span> <span class='ocrx_word' id='word_1_809' title='bbox 2300 4743 2356 4795; x_wconf 79' lang='grc' dir='ltr'><strong>δὲ</strong></span> <span class='ocrx_word' id='word_1_810' title='bbox 2387 4742 2560 4812; x_wconf 78' lang='grc' dir='ltr'>δήπου</span> <span class='ocrx_word' id='word_1_811' title='bbox 2615 4742 2706 4796; x_wconf 74' lang='grc' dir='ltr'>τὸν</span> <span class='ocrx_word' id='word_1_812' title='bbox 2755 4743 2976 4814; x_wconf 76' lang='grc' dir='ltr'>Νύσσης</span> <span class='ocrx_word' id='word_1_813' title='bbox 3002 4742 3348 4814; x_wconf 81' lang='grc' dir='ltr'>Γρηγόριον)·</span> <span class='ocrx_word' id='word_1_814' title='bbox 3377 4742 3524 4796; x_wconf 82' lang='grc' dir='ltr'>ὥστε</span> 
     </span>
    </p>
   </div>
   <div class='ocr_carea' id='block_1_108' title="bbox 1955 4832 3530 4904">
    <p class='ocr_par' dir='ltr' id='par_1_108' title="bbox 1955 4832 3530 4904">
     <span class='ocr_line' id='line_1_108' title="bbox 1955 4832 3530 4904; baseline -0.002 -17"><span class='ocrx_word' id='word_1_815' title='bbox 1955 4836 2002 4887; x_wconf 84' lang='grc' dir='ltr'><strong>εί</strong></span> <span class='ocrx_word' id='word_1_816' title='bbox 2026 4835 2117 4887; x_wconf 78' lang='grc' dir='ltr'>καὶ</span> <span class='ocrx_word' id='word_1_817' title='bbox 2144 4836 2208 4886; x_wconf 84' lang='grc' dir='ltr'><strong>ἐκ</strong></span> <span class='ocrx_word' id='word_1_818' title='bbox 2240 4833 2335 4887; x_wconf 84' lang='grc' dir='ltr'><strong>τοὺ</strong></span> <span class='ocrx_word' id='word_1_819' title='bbox 2372 4833 2503 4886; x_wconf 85' lang='grc' dir='ltr'><strong>Υίοῦ</strong></span> <span class='ocrx_word' id='word_1_820' title='bbox 2543 4833 2927 4904; x_wconf 73' lang='grc' dir='ltr'>ἐκπορεύεται,</span> <span class='ocrx_word' id='word_1_821' title='bbox 2966 4832 3166 4903; x_wconf 77' lang='grc' dir='ltr'>ἀληθὲς</span> <span class='ocrx_word' id='word_1_822' title='bbox 3188 4835 3255 4886; x_wconf 82' lang='grc' dir='ltr'>ἂν</span> <span class='ocrx_word' id='word_1_823' title='bbox 3301 4834 3386 4902; x_wconf 88' lang='grc' dir='ltr'>είη</span> <span class='ocrx_word' id='word_1_824' title='bbox 3439 4832 3530 4885; x_wconf 66' lang='grc' dir='ltr'>λέν</span> 
     </span>
    </p>
   </div>
   <div class='ocr_carea' id='block_1_109' title="bbox 1955 4923 3527 4994">
    <p class='ocr_par' dir='ltr' id='par_1_109' title="bbox 1955 4923 3527 4994">
     <span class='ocr_line' id='line_1_109' title="bbox 1955 4923 3527 4994; baseline 0 -18"><span class='ocrx_word' id='word_1_825' title='bbox 1955 4941 2073 4992; x_wconf 80' lang='grc' dir='ltr'>γειν</span> <span class='ocrx_word' id='word_1_826' title='bbox 2099 4924 2322 4992; x_wconf 74' lang='grc' dir='ltr'>ὁμοίως,</span> <span class='ocrx_word' id='word_1_827' title='bbox 2352 4925 2432 4978; x_wconf 86' lang='grc' dir='ltr'>ὃτι</span> <span class='ocrx_word' id='word_1_828' title='bbox 2484 4923 2579 4978; x_wconf 79' lang='grc' dir='ltr'>καὶ</span> <span class='ocrx_word' id='word_1_829' title='bbox 2602 4925 2665 4977; x_wconf 85' lang='grc' dir='ltr'><strong>ἐκ</strong></span> <span class='ocrx_word' id='word_1_830' title='bbox 2704 4924 2802 4994; x_wconf 82' lang='grc' dir='ltr'>τῆς</span> <span class='ocrx_word' id='word_1_831' title='bbox 2842 4925 3193 4987; x_wconf 85' lang='grc' dir='ltr'>ὑποστάσεως</span> <span class='ocrx_word' id='word_1_832' title='bbox 3251 4924 3343 4977; x_wconf 81' lang='grc' dir='ltr'>τοῦ</span> <span class='ocrx_word' id='word_1_833' title='bbox 3392 4924 3527 4976; x_wconf 87' lang='grc' dir='ltr'><strong>Υἱοῦ</strong></span> 
     </span>
    </p>
   </div>
   <div class='ocr_carea' id='block_1_110' title="bbox 1956 5014 3527 5084">
    <p class='ocr_par' dir='ltr' id='par_1_110' title="bbox 1956 5014 3527 5084">
     <span class='ocr_line' id='line_1_110' title="bbox 1956 5014 3527 5084; baseline -0.001 -17"><span class='ocrx_word' id='word_1_834' title='bbox 1956 5017 2310 5084; x_wconf 82' lang='grc' dir='ltr'>ἐκπορεύεται</span> <span class='ocrx_word' id='word_1_835' title='bbox 2344 5032 2359 5046; x_wconf 89' lang='grc'><strong>·</strong></span> <span class='ocrx_word' id='word_1_836' title='bbox 2396 5018 2445 5068; x_wconf 87' lang='grc' dir='ltr'><strong>εί</strong></span> <span class='ocrx_word' id='word_1_837' title='bbox 2476 5017 2533 5068; x_wconf 88' lang='grc' dir='ltr'><strong>δὲ</strong></span> <span class='ocrx_word' id='word_1_838' title='bbox 2571 5015 2716 5068; x_wconf 73' lang='grc' dir='ltr'>τοῦτ’</span> <span class='ocrx_word' id='word_1_839' title='bbox 2749 5017 2918 5081; x_wconf 79' lang='grc' dir='ltr'>ἐστὶν,</span> <span class='ocrx_word' id='word_1_840' title='bbox 2957 5018 3020 5069; x_wconf 83' lang='grc' dir='ltr'><strong>ἐκ</strong></span> <span class='ocrx_word' id='word_1_841' title='bbox 3049 5015 3144 5068; x_wconf 87' lang='grc' dir='ltr'><strong>δύο</strong></span> <span class='ocrx_word' id='word_1_842' title='bbox 3203 5014 3390 5084; x_wconf 83' lang='grc' dir='ltr'>ἀρχῶν</span> <span class='ocrx_word' id='word_1_843' title='bbox 3431 5017 3527 5067; x_wconf 62' lang='grc' dir='ltr'>ἐκ.</span> 
     </span>
    </p>
   </div>
   <div class='ocr_carea' id='block_1_111' title="bbox 1959 5106 3528 5176">
    <p class='ocr_par' dir='ltr' id='par_1_111' title="bbox 1959 5106 3528 5176">
     <span class='ocr_line' id='line_1_111' title="bbox 1959 5106 3528 5176; baseline -0.002 -16"><span class='ocrx_word' id='word_1_844' title='bbox 1959 5108 2250 5175; x_wconf 86' lang='grc' dir='ltr'>πορεύεται</span> <span class='ocrx_word' id='word_1_845' title='bbox 2285 5109 2343 5161; x_wconf 85' lang='grc' dir='ltr'>τὸ</span> <span class='ocrx_word' id='word_1_846' title='bbox 2373 5107 2598 5176; x_wconf 83' lang='grc' dir='ltr'>Πνεῦμα</span> <span class='ocrx_word' id='word_1_847' title='bbox 2622 5108 2681 5160; x_wconf 84' lang='grc' dir='ltr'>τὸ</span> <span class='ocrx_word' id='word_1_848' title='bbox 2705 5108 2880 5175; x_wconf 76' lang='grc' dir='ltr'>ἅγιον·</span> <span class='ocrx_word' id='word_1_849' title='bbox 2908 5107 2968 5159; x_wconf 86' lang='grc' dir='ltr'>τὸ</span> <span class='ocrx_word' id='word_1_850' title='bbox 2996 5107 3106 5175; x_wconf 80' lang='grc' dir='ltr'>γὰρ</span> <span class='ocrx_word' id='word_1_851' title='bbox 3141 5109 3206 5160; x_wconf 85' lang='grc' dir='ltr'><strong>ἐκ</strong></span> <span class='ocrx_word' id='word_1_852' title='bbox 3234 5106 3327 5158; x_wconf 86' lang='grc' dir='ltr'><strong>δύο</strong></span> <span class='ocrx_word' id='word_1_853' title='bbox 3390 5107 3528 5159; x_wconf 89' lang='grc' dir='ltr'>ὑπο-</span> 
     </span>
    </p>
   </div>
   <div class='ocr_carea' id='block_1_112' title="bbox 1959 5198 3526 5268">
    <p class='ocr_par' dir='ltr' id='par_1_112' title="bbox 1959 5198 3526 5268">
     <span class='ocr_line' id='line_1_112' title="bbox 1959 5198 3526 5268; baseline -0.002 -17"><span class='ocrx_word' id='word_1_854' title='bbox 1959 5201 2200 5253; x_wconf 86' lang='grc' dir='ltr'>στάσεων</span> <span class='ocrx_word' id='word_1_855' title='bbox 2255 5200 2688 5268; x_wconf 81' lang='grc' dir='ltr'>ἐκπορευόμενον</span> <span class='ocrx_word' id='word_1_856' title='bbox 2750 5198 3008 5251; x_wconf 80' lang='grc' dir='ltr'>ἀδύνατον</span> <span class='ocrx_word' id='word_1_857' title='bbox 3062 5198 3138 5268; x_wconf 80' lang='grc' dir='ltr'>μὴ</span> <span class='ocrx_word' id='word_1_858' title='bbox 3186 5199 3280 5251; x_wconf 63' lang='grc' dir='ltr'><strong>καὶ⁵</strong></span> <span class='ocrx_word' id='word_1_859' title='bbox 3320 5199 3383 5250; x_wconf 76' lang='grc' dir='ltr'><strong>ἐκ</strong></span> <span class='ocrx_word' id='word_1_860' title='bbox 3433 5198 3526 5249; x_wconf 83' lang='grc' dir='ltr'>δύο</span> 
     </span>
    </p>
   </div>
   <div class='ocr_carea' id='block_1_113' title="bbox 1957 5288 3528 5360">
    <p class='ocr_par' dir='ltr' id='par_1_113' title="bbox 1957 5288 3528 5360">
     <span class='ocr_line' id='line_1_113' title="bbox 1957 5288 3528 5360; baseline -0.003 -17"><span class='ocrx_word' id='word_1_861' title='bbox 1957 5291 2141 5360; x_wconf 82' lang='grc' dir='ltr'>ἀρχῶν</span> <span class='ocrx_word' id='word_1_862' title='bbox 2181 5290 2327 5360; x_wconf 66' lang='grc' dir='ltr'>ἔχειν</span> <span class='ocrx_word' id='word_1_863' title='bbox 2357 5291 2454 5360; x_wconf 76' lang='grc' dir='ltr'>τὴν</span> <span class='ocrx_word' id='word_1_864' title='bbox 2491 5290 2745 5360; x_wconf 79' lang='grc' dir='ltr'>ὓπαρξιν.</span> <span class='ocrx_word' id='word_1_865' title='bbox 2779 5289 3095 5358; x_wconf 86' lang='grc' dir='ltr'>Θαυμάσειε</span> <span class='ocrx_word' id='word_1_866' title='bbox 3132 5288 3176 5340; x_wconf 82' lang='grc' dir='ltr'><strong>δ’</strong></span> <span class='ocrx_word' id='word_1_867' title='bbox 3202 5289 3268 5343; x_wconf 82' lang='grc' dir='ltr'><strong>άν</strong></span> <span class='ocrx_word' id='word_1_868' title='bbox 3322 5306 3405 5350; x_wconf 80' lang='grc' dir='ltr'><strong>τις</strong></span> <span class='ocrx_word' id='word_1_869' title='bbox 3432 5293 3528 5340; x_wconf 75' lang='grc' dir='ltr'>καὶ</span> 
     </span>
    </p>
   </div>
   <div class='ocr_carea' id='block_1_114' title="bbox 1958 5380 3531 5454">
    <p class='ocr_par' dir='ltr' id='par_1_114' title="bbox 1958 5380 3531 5454">
     <span class='ocr_line' id='line_1_114' title="bbox 1958 5380 3531 5454; baseline -0.003 -19"><span class='ocrx_word' id='word_1_870' title='bbox 1958 5386 2098 5446; x_wconf 79' lang='grc' dir='ltr'>λίαν,</span> <span class='ocrx_word' id='word_1_871' title='bbox 2119 5386 2166 5436; x_wconf 87' lang='grc' dir='ltr'>εἰ</span> <span class='ocrx_word' id='word_1_872' title='bbox 2200 5383 2352 5436; x_wconf 82' lang='grc' dir='ltr'>ταῦτ’</span> <span class='ocrx_word' id='word_1_873' title='bbox 2383 5384 2560 5454; x_wconf 81' lang='grc' dir='ltr'><strong>ἁληθῆ</strong></span> <span class='ocrx_word' id='word_1_874' title='bbox 2593 5385 2825 5454; x_wconf 76' lang='grc' dir='ltr'>νομίζων</span> <span class='ocrx_word' id='word_1_875' title='bbox 2887 5380 3046 5435; x_wconf 71' lang='grc' dir='ltr'>εἶναι.</span> <span class='ocrx_word' id='word_1_876' title='bbox 3074 5383 3169 5434; x_wconf 81' lang='grc' dir='ltr'>καὶ</span> <span class='ocrx_word' id='word_1_877' title='bbox 3225 5382 3531 5448; x_wconf 78' lang='grc' dir='ltr'>ἀναγκαῖα,</span> 
     </span>
    </p>
   </div>
   <div class='ocr_carea' id='block_1_115' title="bbox 1959 5469 3528 5547">
    <p class='ocr_par' dir='ltr' id='par_1_115' title="bbox 1959 5469 3528 5547">
     <span class='ocr_line' id='line_1_115' title="bbox 1959 5469 3528 5547; baseline -0.005 -17"><span class='ocrx_word' id='word_1_878' title='bbox 1959 5477 2078 5547; x_wconf 73' lang='grc' dir='ltr'>οὐχὶ</span> <span class='ocrx_word' id='word_1_879' title='bbox 2110 5481 2202 5530; x_wconf 79' lang='grc' dir='ltr'><strong>καὶ</strong></span> <span class='ocrx_word' id='word_1_880' title='bbox 2234 5478 2331 5532; x_wconf 72' lang='grc' dir='ltr'><strong>τῆς</strong></span> <span class='ocrx_word' id='word_1_881' title='bbox 2365 5478 2596 5539; x_wconf 80' lang='grc' dir='ltr'>κτίσεως</span> <span class='ocrx_word' id='word_1_882' title='bbox 2649 5477 2796 5546; x_wconf 76' lang='grc' dir='ltr'>τρεῖς</span> <span class='ocrx_word' id='word_1_883' title='bbox 2853 5475 3029 5544; x_wconf 77' lang='grc' dir='ltr'>ἀρχὰς</span> <span class='ocrx_word' id='word_1_884' title='bbox 3081 5469 3224 5527; x_wconf 77' lang='grc' dir='ltr'>εἶναι</span> <span class='ocrx_word' id='word_1_885' title='bbox 3258 5469 3528 5536; x_wconf 82' lang='grc' dir='ltr'>πιστεύει,</span> 
     </span>
    </p>
   </div>
  </div>
