3900 6216
355 309 419 372 so
1351 285 1788 372 REFUTATIO
1833 281 2069 370 MARCl
2116 307 2505 374 senssm.
3499 311 3571 376 70

352 423 436 474 διτε
463 421 521 471 ἐκ
547 417 715 488 τριῶν
743 419 1097 474 ὑποστάσεως)
1119 401 1628 492 δημιουργουμένης
1655 437 1669 453 ο
1707 423 1766 475 οὑ
1795 422 1902 492 γὰρ

2033 437 2173 476 mum
2203 423 2373 478 Deum
2435 421 2778 479 conditorem
2840 440 2960 481 esse
3011 441 3196 482 rerum
3269 433 3574 481 crcatarum

349 513 504 578 δήπου
533 511 625 561 τὸν
656 511 754 576 μὲν
795 510 892 563 ἕνα
930 512 1062 563 Θεὸν
1113 511 1447 581 δημιουργὸν
1479 513 1596 583 ἐρεῖ
1645 514 1744 581 τῆς
1790 516 1908 565 κτι-

353 618 474 662 σεως
496 597 656 665 εἶναι,
692 603 933 670 ἑκάστην
952 603 1007 655 δὲ
1034 603 1143 655 τῶν
1168 602 1327 655 θείων
1354 603 1706 657 ὑποστάσεων
1749 602 1906 656 τοῦτο

351 691 813 761 εἷναιὰρνήσεται.
847 693 906 745 Εἰ
931 693 987 746 δὲ
1021 693 1302 762 βοήσεται,
1345 692 1527 756 καθὼς
1581 694 1632 746 οἱ
1696 693 1904 758 πολλοὶ,

351 786 440 851 τὴν
464 785 731 854 διαφορὰν
759 785 856 851 τῆς
887 785 1255 852 δημιουργίας
1278 785 1374 837 καὶ⁵
1417 786 1526 837 τῶν
1550 784 1712 838 θείων
1746 785 1908 850 προό-

347 877 463 938 δων,
490 877 749 943 μετὰτῶν
773 875 988 930 πολλῶν
1011 877 1107 929 καὶ
1146 877 1310 940 αὐτὸς
1340 874 1626 940 τετάξεται
1660 893 1675 908 ο
1714 877 1748 946 ἡ
1798 876 1907 946 γάρ

347 966 562 1032 διαφορά
599 964 742 1033 αῦτη
795 966 949 1020 οὐδὲν
994 967 1146 1036 αὑτῷ
1200 967 1483 1037 βοηθήσει,
1518 967 1622 1030 ἕως
1650 966 1905 1036 ἂνάξιοίη

345 1056 400 1106 τὸ
419 1054 588 1107 ἐκδύο
620 1056 975 1110 ὑποστάσεων
1015 1056 1209 1126 προϊὸν
1257 1056 1352 1109 δύο
1395 1055 1570 1124 ἀρχὰς
1631 1055 1794 1126 ἔχειν.
1846 1053 1908 1108 El

349 1147 437 1215 μὲν
463 1147 568 1215 γάρ
596 1147 689 1198 ἐπὶ
728 1147 831 1216 τῆς
860 1149 1147 1216 παρούσης
1188 1147 1352 1218 μόνον
1401 1145 1717 1209 ὑποθέσεως
1763 1145 1908 1200 τοῦτ’

343 1237 490 1301 ἀξιοῖ,
519 1237 796 1305 λαμὸάνει
827 1237 890 1290 τὸ
913 1237 1254 1308 ζητούμενον
1286 1253 1302 1267 ο
1335 1241 1384 1290 εί
1411 1237 1455 1291 δ’
1483 1237 1670 1300 ἁπλῶς
1693 1238 1786 1290 καὶ
1813 1254 1912 1289 κα-

344 1331 516 1395 θὸλσυ,
561 1330 826 1400 οὐδεμίαν
882 1331 1178 1400 ἀποφυγὴν
1237 1330 1350 1394 ἕξει
1396 1330 1582 1382 λοιπὸν
1618 1329 1714 1382 τοῦ
1763 1330 1910 1395 τρεῖς

342 1419 1030 1490 ύπολαμδάνεσθαιτοῦτον
1061 1422 1237 1491 ἀρχὰς
1292 1421 1481 1490 λέγειν
1536 1419 1638 1489 τῆς
1681 1420 1912 1480 κτίσεως

341 1511 402 1574 ἐξ
424 1506 496 1562 ὧν
525 1511 684 1574 ἀξιοῖ.
721 1512 784 1564 El
832 1511 876 1563 δ’
909 1512 965 1564 αἱ
992 1514 1145 1583 τρεῖς
1176 1513 1504 1573 ὑποστάσεις
1547 1507 1912 1580 δημιουργοῦν

344 1620 431 1655 σαι
452 1605 547 1672 τὴν
580 1603 758 1656 κτίσιν
781 1597 990 1667 εἷςείσι
1039 1604 1246 1673 ταύτης
1299 1602 1636 1673 δημιουργὸς
1683 1604 1775 1654 καὶ
1811 1600 1912 1669 μία

343 1694 537 1764 ταύτης
567 1697 730 1764 ἀρχὴ,
782 1694 863 1766 μὴ
913 1696 1360 1764 προσισταμένης
1402 1695 1500 1762 τῆς
1549 1691 1938 1764 προσωπικῆς,

2012 513 2179 577 dicet,
2207 514 2451 583 singulas
2503 529 2637 568 vero
2679 515 2896 571 divinas
2937 531 3198 586 personas
3243 519 3577 573 conditrices

2009 619 2132 659 esse
2164 606 2408 674 negabit.
2444 605 2602 671 Quod
2638 607 2708 670 si,
2751 617 2811 662 ut
2846 610 3061 678 vulgus,
3107 610 3173 664 ad
3209 610 3577 665 differentiam

2013 695 2313 751 creatiOnis
2336 705 2391 752 et
2421 698 2729 753 divinarum
2761 701 3174 769 processionum
3236 715 3581 770 provocare-

2013 784 2108 847 rit,
2141 784 2336 839 eodem
2365 800 2430 840 ac
2469 787 2667 857 vulgus
2702 788 2819 858 ipse
2852 790 3216 844 collocabitur
3244 791 3366 845 loco
3400 806 3416 855 ;
3454 806 3579 844 nam

2013 873 2129 927 haec
2159 874 2474 928 differentia
2525 875 2663 930 nihil
2720 892 2846 931 eum
2899 879 3131 949 juvabit,
3189 895 3472 948 quousque
3526 881 3580 934 id

2013 964 2159 1029 quod
2191 979 2256 1016 ex
2286 963 2500 1018 duabus
2535 965 2922 1034 hypostasibus
2956 969 3139 1037 prodit
3169 968 3278 1022 duo
3309 968 3581 1038 principia

2015 1052 2218 1106 habere
2240 1054 2559 1110 crediderit.
2581 1055 2636 1110 Si
2657 1057 2802 1111 enim
2823 1072 2926 1126 pro
2941 1061 3194 1127 praesenti
3216 1059 3503 1129 hypothesi
3526 1061 3582 1115 id

2016 1144 2228 1206 statuit,
2288 1147 2550 1213 supponit
2578 1147 2725 1215 quod
2766 1156 2850 1202 est
2890 1148 2945 1202 in
2988 1151 3336 1218 quastione;
3375 1152 3421 1205 si
3453 1168 3586 1206 vero

2017 1233 2345 1301 simpliciter
2369 1244 2424 1288 et
2478 1236 2802 1301 nniversim,
2834 1238 3042 1291 nullum
3084 1240 3318 1308 amplius
3364 1242 3588 1296 habebit

2019 1321 2309 1391 effugium,
2344 1338 2410 1377 ne
2445 1326 2547 1378 tria
2579 1329 2876 1381 creationis
2933 1329 3200 1397 principia
3269 1332 3454 1385 dicere
3516 1347 3587 1386 ex

2019 1412 2087 1466 iis
2127 1428 2250 1480 qua:
2280 1415 2473 1467 statuit
2502 1415 2872 1471 existimetur.
2911 1416 2966 1472 Si
3015 1435 3149 1474 vero
3181 1429 3291 1474 tres
3329 1423 3590 1491 hyposta-

2019 1513 2125 1565 ses,
2154 1520 2276 1573 quae
2304 1521 2389 1560 res
2417 1517 2632 1561 creatas
2661 1509 3046 1575 condiderunt,
3077 1526 3218 1565 unus
3245 1526 3432 1567 earum
3460 1523 3589 1568 sunt

2019 1594 2272 1648 conditor
2302 1606 2355 1650 et
2387 1613 2556 1650 unum
2581 1613 2770 1651 earum
2807 1601 3170 1670 principium,
3205 1619 3312 1656 non
3336 1603 3589 1659 obstante

2019 1686 2296 1754 personali
2328 1702 2518 1740 earum
2575 1688 2948 1756 distinctione,
2975 1695 3236 1760 quoniam
3294 1711 3404 1749 non
3457 1707 3592 1764 qua-

341 1785 517 1838 αύτῶν
544 1785 898 1855 διακρίσεως,
921 1787 1043 1838 ἐπεί
1067 1788 1148 1838 τοί
1181 1802 1242 1853 γε
1279 1785 1339 1837 οὑ
1373 1781 1495 1836 κατ’
1543 1785 1720 1836 ἐκεῖνο
1776 1781 1912 1836 καθό

2033 1792 2177 1832 enus
2206 1787 2335 1832 sunt
2359 1779 2482 1843 tria,
2509 1779 2604 1833 sed
2639 1789 2910 1849 quatenus
2941 1793 3073 1838 sunt
3097 1799 3290 1851 unum,
3322 1800 3409 1840 res
3431 1801 3589 1840 crea-

341 1876 444 1928 εΞσι
482 1876 629 1945 τρία,
654 1875 793 1929 ἀλλὰ
828 1877 953 1930 κατ’
978 1877 1178 1939 ἐκεῖνο,
1228 1874 1365 1927 καθό
1392 1876 1535 1927 εἰσιν
1566 1873 1625 1926 ἓν
1662 1874 1761 1942 τὴν
1802 1873 1918 1925 κτίδ

343 1965 862 2036 σινδημιουργοῦσι,
927 1967 1021 2019 καὶ
1063 1967 1120 2017 αί
1174 1964 1267 2017 δύο
1317 1965 1424 2034 ἄρα
1455 1963 1782 2025 ὑποστάσεις
1838 1955 1920 2025 εἷς

341 2063 438 2113 εἰσι
467 2058 566 2110 τοῦ
603 2057 918 2128 Πνεύματος
943 2058 1250 2128 προσολεὺς
1279 2058 1360 2127 τῷ
1421 2056 1572 2126 αύτῷ
1633 2055 1777 2125 λόγῳ
1824 2056 1921 2107 καὶ

343 2151 431 2218 μία
461 2151 662 2203 τούτου
705 2150 872 2219 ἁρχὴ,
931 2149 1104 2220 μηδὲν
1163 2147 1586 2217 ἐναντιουμένης
1633 2145 1732 2214 τῆς
1783 2145 1920 2198 ὑποέ

342 2241 598 2309 στατικῆς
627 2239 812 2293 αὑτῶν
841 2239 1192 2309 διακρίσεως,
1244 2238 1336 2292 διὰ
1371 2241 1434 2290 τὸ
1458 2237 1520 2290 ού
1553 2237 1675 2290 κατ’
1719 2237 1919 2301 ἐκεῖνο,

339 2331 466 2383 καθό
497 2333 613 2383 είσι
642 2329 759 2395 δύο,
827 2329 966 2382 ἀλλὰ
1018 2329 1142 2382 κατ’
1190 2330 1392 2392 ἐκεῖνο,
1459 2327 1595 2380 καθό
1649 2328 1788 2380 εἰσιν
1840 2325 1920 2392 ἓν,

339 2423 604 2491 προάγειν
624 2419 682 2484 ἐξ
699 2419 909 2474 ἑαυτῶν
936 2419 998 2474 τδ
1026 2419 1252 2486 Πνεῦμα
1269 2419 1328 2472 τδ
1345 2419 1524 2484 ἅγιον.
1550 2417 1628 2470 Ού
1658 2422 1768 2488 γὰρ
1792 2418 1925 2488 ῥᾷον

338 2511 400 2564 ἂν
429 2513 653 2566 holmo
707 2511 854 2566 κατά
905 2527 958 2564 τι
1015 2512 1216 2574 κοινῶς
1267 2511 1459 2572 αὐταῖς
1508 2509 1816 2578 ἐνυπάρχον
1867 2509 1923 2560 αί

335 2606 473 2670 τρεῖς
495 2601 909 2672 ὕποπτάσειςῆ
942 2602 1000 2655 al
1043 2601 1138 2654 δύο
1197 2601 1531 2671 (τούναντίον
1572 2598 1682 2669 γὰρ
1726 2597 1792 2652 ἄν
1839 2613 1926 2658 τις

339 2695 549 2761 μᾶλλον
581 2694 990 2764 ὑποπτεύσειε),
1026 2693 1146 2747 οὐδὲ
1171 2695 1373 2763 μᾶλλον
1403 2692 1653 2746 ἑνοῦνται
1688 2693 1755 2761 τῇ
1790 2690 1928 2761 πρὸς

335 2789 429 2856 τὴν
452 2787 646 2840 κτίσιν
666 2787 914 2856 ἀναφορᾷ
947 2785 980 2855 ἧ
1013 2789 1080 2856 τῇ
1105 2787 1241 2856 πρὸς
1275 2785 1472 2849 ἑαυτὰς
1497 2786 1554 2837 al
1607 2784 1707 2854 τῆς
1739 2783 1929 2852 θεότηδ-

340 2895 428 2944 τος
451 2879 822 2940 ὑποστάσεις.
858 2877 928 2930 Ἣ
960 2876 1271 2948 δημουργδς
1307 2876 1407 2946 μὲν
1431 2869 1512 2937 εἷς
1544 2875 1684 2928 εἰσιν
1701 2874 1755 2927 αί
1783 2877 1930 2944 τρεῖς

344 2972 696 3037 ὑποστάσεις,
728 2969 866 3023 διότι
897 2967 1004 3033 ἔξω
1065 2968 1277 3022 ἑαυτῶν
1322 2964 1666 3035 ἐνεργοῦσιν,
1739 2959 1818 3027 εἷς
1870 2963 1928 3016 δέ

341 3064 647 3132 προὸολεὺς
695 3063 755 3114 οὐ
791 3060 1044 3114 δύνανται
1084 3061 1113 3112 ὁ
1161 3059 1352 3129 Πατὴρ
1391 3055 1534 3110 εἶναι
1589 3057 1686 3111 καὶ
1723 3058 1752 3109 ὁ
1799 3055 1928 3117 Υἱὸς

340 3152 430 3204 τοῦ
465 3152 634 3219 ἁγίου
667 3149 1008 3220 Πνεύματος,
1038 3147 1175 3201 διότι
1206 3147 1303 3219 τὴν
1349 3146 1608 3215 τοιαύτην
1644 3145 1928 3216 ἐνέργειαν

346 3245 400 3295 ἐν
470 3243 701 3304 ἑαυτοῖς
766 3239 1170 3312 ἐκπληροῦσιν,
1232 3239 1522 3311 ὁμοούσιον
1590 3239 1930 3310 προάγοντες

345 3334 690 3404 πρόσωπον;
742 3331 927 3402 Χωρὶς
976 3334 1086 3405 γὰρ
1144 3332 1238 3386 τοῦ
1286 3332 1483 3403 ψεῦδος
1538 3327 1679 3386 εἶναι
1723 3333 1784 3386 τὸ
1829 3333 1929 3396 τὴν

347 3429 573 3496 ἑνότητα
604 3427 717 3478 τῶν
750 3426 1104 3495 προαγόντων
1135 3425 1168 3494 ἢ
1197 3425 1258 3477 τὸ
1295 3424 1497 3493 πλῆθος
1555 3427 1618 3476 ἐκ
1674 3422 1776 3492 τῆς
1823 3423 1930 3476 τῶν

347 3520 656 3587 προϊόντων
695 3517 1072 3587 λαμὸἁνεσθαι
1097 3516 1340 3583 φύσεως,
1370 3514 1487 3569 ἀλλ’
1519 3514 1668 3576 ὅπως
1696 3513 1764 3566 ἂν
1819 3513 1928 3582 ἔχοι

347 3610 413 3660 τὰ
434 3611 724 3680 προϊόντα,
754 3610 911 3678 εἴπερ
954 3611 1193 3678 ἐγχωρεῖ
1245 3608 1346 3671 τὰς
1409 3609 1559 3678 τρεῖς
1607 3606 1932 3666 ὑποστάσεις

345 3700 438 3752 ἑνα
467 3701 810 3771 δημιουργὸν
839 3696 981 3750 εἶναι
1009 3700 1098 3751 διὰ
1125 3698 1224 3768 τὴν
1278 3699 1406 3767 μίαν
1436 3697 1530 3750 τοῦ
1583 3697 1934 3766 δημιουργεῖν

347 3792 578 3861 δύναμιν
606 3793 705 3844 καὶ
733 3792 1038 3860 ἐνέργειαν,
1076 3791 1172 3842 καὶ
1196 3791 1294 3852 τὰς
1313 3791 1408 3843 δύο
1433 3789 1758 3850 ὑποστάσεις
1780 3788 1934 3840 οὐδὲν

347 3884 550 3936 κωλύει
573 3883 677 3935 ἕνα
710 3882 985 3953 προϐολέα
1019 3878 1158 3934 εἶναι
1184 3882 1274 3934 διὰ
1322 3880 1422 3950 τὴν
1468 3881 1596 3948 μίαν
1648 3878 1745 3931 τοῦ
1801 3894 1935 3947 προδ

352 3975 572 4028 ϐάλλειν
628 3972 913 4042 ἐνέργειαν
969 3989 1028 4024 τε
1085 3973 1182 4025 καὶ
1228 3972 1479 4040 δύναμιν.
1535 3971 1716 4040 Χωρὶς
1759 3970 1936 4021 τοίνυν

349 4084 538 4120 τουτου
581 4068 729 4133 πέρα
754 4065 819 4117 ἂν
847 4065 1170 4133 αἰνίγματος
1207 4065 1314 4129 είη,
1334 4067 1383 4116 εί
1414 4065 1545 4125 Θεὸς
1580 4063 1678 4132 μὲν
1722 4057 1800 4124 εἷς
1831 4064 1945 4137 εἰσι·

350 4157 487 4209 διότι
523 4159 630 4228 μιᾷ
661 4157 894 4225 δυνάμει
917 4158 1016 4226 τὴν
1047 4156 1230 4207 κτίσιν
1277 4155 1719 4225 δημιουργοῦσιν,
1753 4148 1832 4217 εἷς
1883 4154 1938 4204 δὲ

357 4251 666 4318 προὸολεῦς
702 4249 805 4300 οὑκ
849 4249 991 4310 εἰσιν
1023 4249 1051 4300 ὁ
1079 4247 1264 4316 Πατὴρ
1295 4247 1389 4298 καὶ
1422 4248 1448 4297 ὁ
1489 4246 1636 4308 Υἱὸς,
1679 4247 1782 4297 κᾶν
1841 4245 1940 4314 μιᾷ

352 4341 590 4409 δυνάμει
623 4339 684 4391 τὸ
715 4337 939 4408 Πνεῦμα
969 4341 1276 4408 προάγωσι,
1297 4339 1391 4389 καὶ
1442 4339 1490 4388 εί
1537 4338 1602 4406 τῇ
1657 4337 1790 4404 πρὸς
1843 4337 1940 4404 τὴν

1955 3103 2001 3162 C

2024 1875 2166 1923 tas.e
2200 1868 2375 1922 nihilo
2424 1871 2758 1938 producunt,
2795 1887 2927 1941 ergo
2982 1883 3039 1928 et
3085 1875 3208 1930 dua:
3268 1879 3591 1946 liypostases

2021 1972 2166 2013 unus
2199 1970 2328 2013 sunt
2381 1960 2620 2030 Spiritus
2673 1963 2976 2032 productor
3021 1968 3216 2021 eadem
3266 1970 3503 2032 ratione,
3536 1979 3594 2025 et

2023 2068 2190 2106 unum
2218 2053 2463 2124 ejusdem
2501 2057 2860 2126 principium,
2910 2060 3050 2115 nihil
3080 2061 3408 2118 adversante
3461 2076 3594 2132 per-

2021 2145 2194 2198 sonali
2227 2161 2419 2200 earum
2449 2146 2830 2216 distinctione,
2861 2151 3125 2220 quoniam
3156 2169 3266 2208 non
3310 2163 3592 2223 quatenus

2023 2243 2154 2288 sunt
2192 2235 2324 2300 duo,
2379 2236 2476 2291 sed
2525 2248 2801 2307 quatenus
2870 2250 3002 2296 sunt
3053 2255 3222 2297 unum
3273 2259 3341 2299 ex
3396 2244 3595 2314 seipsia

2026 2326 2338 2396 producunt
2364 2329 2630 2399 Spiritum
2661 2339 2938 2388 sanctum.
2969 2333 3158 2404 Neque
3180 2334 3330 2389 enim
3374 2335 3595 2392 facilius

2025 2416 2333 2471 secundum
2361 2418 2494 2488 quid
2530 2412 2668 2490 ipsis
2699 2423 3069 2477 communiter
3096 2423 3373 2478 iubereris
3399 2425 3599 2478 uniuno

2028 2517 2120 2562 tur
2155 2517 2265 2564 tres
2296 2509 2646 2582 hypostases,
2683 2527 2846 2582 quam
2887 2513 3008 2568 dure
3037 2515 3417 2585 (contrarium
3447 2515 3596 2571 enim

2029 2601 2209 2668 potius
2236 2603 2360 2670 quis
2390 2604 2815 2672 suspicaretur),
2873 2619 3055 2674 neque
3107 2608 3280 2676 magis
3331 2608 3600 2662 uniuntur

2031 2689 2296 2744 relatione
2357 2692 2423 2745 ad
2467 2703 2777 2746 creaturam
2835 2692 3061 2748 deitatis
3119 2711 3385 2764 personae,
3433 2711 3600 2766 quam

2030 2780 2295 2835 relatione
2349 2783 2417 2834 ad
2478 2782 2710 2850 seipsas.
2761 2783 2846 2837 An
2912 2795 3132 2839 creator
3184 2789 3404 2856 quidem
3459 2803 3601 2841 unus

2029 2881 2161 2926 sunt
2220 2879 2330 2927 tres
2376 2872 2721 2944 hypostases,
2794 2877 2924 2946 quia
2973 2886 3126 2933 extra
3175 2893 3233 2933 se
3279 2889 3606 2949 operantur,

2037 2965 2180 3017 unus
2207 2978 2340 3020 vero
2369 2967 2608 3035 spirator
2640 2967 2802 3022 Pater
2825 2978 2881 3023 et
2926 2968 3099 3024 Filius
3139 2986 3262 3025 esse
3321 2983 3607 3041 nequeunt

2033 3059 2209 3111 sancti
2237 3054 2500 3127 Spiritus,
2534 3059 2663 3127 quia
2695 3059 2855 3114 talem
2912 3063 3298 3129 operationem
3324 3063 3378 3117 in
3407 3065 3606 3134 seipsis

2033 3145 2275 3213 explent,
2306 3147 2832 3202 consubstantialem
2875 3150 3249 3219 producente:
3280 3157 3600 3224 personam?

2034 3236 2169 3290 Nam
2202 3247 2565 3307 praeterquam
2594 3238 2741 3307 quod
2771 3238 2966 3295 falsum
3021 3253 3128 3310 est,
3190 3246 3458 3299 unitatem
3519 3247 3608 3299 vel

2037 3316 2405 3395 pluralitatern
2439 3329 2868 3398 producentium
2890 3349 2957 3388 ex
2997 3345 3192 3389 natura
3225 3338 3442 3392 desumi
3475 3353 3606 3408 pro-

2035 3418 2328 3472 ducturum
2376 3422 2591 3488 (verum
2641 3424 2919 3492 quomodo
2951 3439 3011 3479 se
3041 3425 3281 3481 habeant
3318 3427 3607 3494 producta,

2035 3513 2080 3567 si
2111 3514 2226 3568 lieri
2254 3523 2454 3582 potest,
2495 3525 2556 3571 ut
2591 3526 2704 3572 tres
2761 3519 3077 3590 hypostases
3117 3535 3260 3576 unus
3301 3522 3412 3575 sint
3459 3536 3610 3579 creao

2037 3612 2123 3659 tor
2140 3618 2364 3676 propter
2392 3623 2552 3662 unam
2579 3612 2801 3665 creandi
2824 3613 3080 3667 virtutem
3105 3622 3161 3668 et
3188 3613 3606 3684 operationem),

2036 3695 2201 3749 etiam
2233 3697 2370 3751 nihil
2427 3700 2703 3768 prohibet,
2771 3703 3066 3771 quominus
3124 3704 3245 3757 dua:
3297 3704 3612 3772 hypostascs

2041 3799 2185 3839 unus
2223 3786 2335 3840 sint
2361 3788 2603 3854 spirator
2655 3801 2885 3857 propter
2935 3806 3098 3842 unam
3130 3791 3375 3858 spirandi
3417 3805 3612 3858 opera-

2041 3877 2242 3932 tionem
2283 3892 2346 3931 ac
2386 3881 2668 3932 virtutem.
2715 3880 2826 3932 lloc
2877 3880 3042 3948 igitur
3075 3892 3130 3934 et
3171 3881 3420 3949 neglecto
3473 3882 3611 3934 aeni-

2042 3985 2162 4040 gma
2199 3972 2338 4024 foret
2386 3971 2710 4035 maximum,
2743 3971 2783 4021 si
2830 3970 2900 4022 Pa
2930 3986 2992 4023 cr
3023 3982 3077 4023 ct
3111 3971 3281 4024 Filius
3322 3972 3464 4024 Deus
3488 3962 3612 4041 qni-

2042 4068 2163 4119 dem
2231 4080 2374 4118 unus
2429 4072 2638 4125 essent,
2704 4064 2829 4133 quia
2897 4078 3003 4116 una
3074 4067 3279 4118 virtute
3333 4075 3615 4118 creaturas

2042 4167 2252 4220 creant,
2284 4170 2426 4209 unus
2459 4168 2590 4210 vero
2650 4156 2889 4225 spirator
2951 4171 3058 4209 non
3105 4167 3312 4215 essent.
3361 4157 3614 4225 quamvis

2046 4265 2150 4301 una
2183 4251 2385 4303 virtute
2415 4247 2680 4316 Spiritum
2712 4250 3042 4317 producant,
3102 4251 3204 4303 etsi
3255 4248 3516 4303 relatione
3546 4249 3614 4304 ad

2045 4353 2324 4396 creaturas
2357 4342 2526 4407 magis
2559 4341 2820 4396 unitatem
2854 4342 3140 4404 haberent,
3161 4356 3322 4410 quam
3353 4341 3616 4394 relatione

354 4433 536 4485 κτίσιν
563 4432 823 4501 ἀναφορᾷ
856 4431 959 4500 τὴν
996 4433 1231 4499 ἑνότητα
1266 4428 1468 4498 μᾶλλον
1517 4428 1730 4495 ἔχουσιν
1782 4424 1813 4494 ἢ
1873 4429 1927 4494 τῇ

2047 4430 2112 4482 ad
2144 4431 2374 4500 seipsos.
2398 4429 2600 4485 Verum
2648 4431 2892 4484 sinamus
2941 4440 3065 4482 cuin
3101 4429 3388 4498 (Marcum)
3439 4429 3608 4483 diale-

358 4525 491 4593 πρὺ,
523 4525 723 4576 ἑαυτά.
771 4521 908 4575 Ἀλλ’
935 4522 1166 4588 ἀφέντες
1201 4523 1363 4573 αὑτὸν
1409 4518 1764 4579 διαλεκτικῶς
1815 4515 1932 4581 ἑξε-

355 4619 544 4680 τάζειν
566 4619 666 4670 ἐπὶ
691 4616 791 4686 τὴν
822 4615 924 4683 τῆς
964 4614 1223 4684 ἀληθείας
1255 4613 1532 4678 ἀπόδειξιν
1563 4611 1808 4680 ἔλθωμεν
1843 4610 1940 4661 καὶ

356 4711 481 4771 τοὺς
518 4711 585 4762 ἐκ
614 4708 819 4777 ταύτης
844 4708 1120 4776 ἐλέγίους.
1147 4705 1369 4777 Πρῶτον
1388 4705 1487 4774 μὲν
1506 4700 1598 4758 οὖν
1613 4705 1662 4757 οἱ
1681 4705 1741 4756 τὸ
1771 4700 1940 4755 Πνεῦά

363 4818 438 4870 μα
471 4804 534 4853 τὸ
567 4800 726 4868 ᾶγιον
757 4803 821 4852 ἑκ
853 4801 951 4870 τῆς
981 4802 1252 4869 πατρικῆς
1297 4799 1648 4858 ὑποστάσεως
1685 4791 1822 4847 εἶναι
1853 4794 1940 4846 λέ-

359 4908 553 4958 γοντες
576 4895 610 4960 ὴ
636 4889 1036 4960 ἐκπορεύεσθαι
1072 4891 1184 4941 ἴσον
1219 4888 1439 4957 λέγουσι
1470 4888 1548 4957 τῷ
1590 4889 1653 4939 ἐκ
1686 4886 1780 4939 τοῦ
1827 4887 1940 4938 Πα-

357 4985 485 5052 cpe;
535 4983 937 5054 ἐκπορεύεσθαι
979 4997 996 5012 ο
1034 4983 1129 5034 καὶ
1191 4981 1464 5051 πατρικὴν
1512 4979 1808 5032 ὑπόστασιν
1849 4978 1942 5029 τὸν

363 5074 594 5144 Πατέρα
620 5075 830 5127 νοοῦσιν
863 5089 877 5104 ο
909 5074 1084 5136 ἄλλως
1109 5073 1216 5142 γὰρ
1240 5071 1506 5125 ἀδύνατον
1539 5071 1684 5139 ἔχειν
1711 5085 1725 5100 ⁸
1769 5072 1834 5122 ἐκ
1884 5067 1943 5121 δὲ

363 5165 456 5217 τοῦ
495 5166 716 5234 Πατρὶς
749 5163 1150 5234 ἐκπορεύεσθαι
1171 5162 1230 5215 τὸ
1265 5161 1490 5231 Πνεῦμα
1517 5163 1576 5212 τὺ
1606 5160 1763 5228 ἅγιον
1803 5160 1946 5213 κατὰ

365 5257 465 5324 τὴν
518 5257 618 5308 τοῦ
680 5257 935 5325 Σωτῆρος
967 5257 1148 5325 φωνὴν
1179 5254 1270 5307 τοῦ
1330 5255 1542 5323 Πατρὸς
1583 5254 1846 5323 ὀνόματος
1883 5255 1942 5304 οὑ

366 5350 510 5401 κατὰ
541 5349 641 5417 τὴν
671 5349 968 5418 σημασίαν,
1021 5347 1154 5400 ἀλλὰ
1210 5364 1273 5414 γε
1332 5351 1470 5400 κατὰ
1536 5346 1634 5415 τὴν
1689 5345 1947 5397 ὑπόθεσιν

367 5441 791 5508 λαμϐανομένου
823 5457 836 5471 ⁸
874 5440 1167 5510 ὑποτίθησι
1215 5441 1319 5508 γὰρ
1350 5441 1446 5508 τὴν
1493 5440 1800 5510 ἀρχηγικὴν
1854 5439 1948 5490 καὶ

370 5537 606 5604 πρώτην
631 5533 949 5595 ὑπόστασιν,
975 5535 1230 5602 σημαίνει
1255 5531 1311 5584 δὲ
1335 5533 1423 5584 τὸν
1455 5534 1748 5599 γεννῶντα.
1783 5532 1843 5582 El
1892 5529 1947 5581 δὲ

371 5631 468 5680 καὶ
507 5629 652 5680 κατὰ
676 5631 774 5699 τὴν
817 5631 1115 5698 σημασίαν,
1143 5626 1290 5678 οὑτοι
1342 5642 1406 5694 γε
1464 5625 1563 5694 τὴν
1599 5622 1822 5692 είδικὴν,
1873 5622 1948 5684 ὼς

384 5721 504 5772 ΐίοῦ
537 5721 725 5791 Πατὴρ
741 5722 980 5789 λέγεται,
1015 5719 1152 5773 ἀλλὰ
1182 5719 1320 5770 κατὰ
1340 5718 1440 5786 τὴν
1459 5715 1706 5786 γενικὴν,
1727 5715 1799 5776 ὡ,
1837 5716 1947 5768 Πα-

2045 4519 2181 4573 ctice
2207 4534 2318 4572 rem
2345 4519 2652 4586 disquirere
2667 4528 2724 4573 et
2753 4519 2817 4571 ad
2841 4519 3127 4572 veritatem
3153 4519 3616 4587 comprobandatn

2047 4624 2210 4680 atque
2251 4611 2633 4664 refutationem
2671 4625 2735 4663 ex
2766 4625 2828 4663 ea
2887 4609 3286 4664 conﬁciendam
3349 4609 3617 4680 proceda-

2048 4711 2189 4754 mtts.
2224 4701 2281 4755 In
2331 4701 2523 4769 primis
2572 4695 2738 4769 igitur
2774 4699 2870 4768 qui
2929 4699 3195 4767 Spiritum
3251 4708 3501 4766 sanctum
3550 4717 3620 4756 ex

2048 4803 2269 4861 paterna
2299 4791 2490 4848 dicunt
2511 4805 2631 4846 esse
2665 4790 2970 4860 hypostasl,
2991 4789 3074 4843 vel
3104 4805 3170 4843 ex
3198 4806 3260 4845 ea
3296 4791 3616 4860 procedere.

2051 4885 2192 4938 idem
2238 4883 2426 4937 dicunt
2464 4897 2526 4936 ac
2553 4883 2852 4952 procedere
2893 4895 2961 4935 ex
2998 4881 3178 4946 Patre,
3233 4891 3287 4936 et
3333 4892 3652 4952 paternam‘

2049 4973 2367 5042 hypostasin
2398 4972 2709 5040 intelligunt
2760 4971 2977 5025 Patrem
3015 4971 3220 5041 (aliter
3247 4974 3391 5024 enim
3431 4987 3521 5057 res
3562 4987 3620 5026 se

2053 5068 2251 5120 habere
2311 5079 2420 5118 non
2481 5063 2750 5133 potest);
2810 5077 2874 5116 ex
2925 5064 3087 5118 Patre
3133 5078 3266 5118 vero
3323 5065 3623 5141 procedere

2053 5158 2318 5226 Spiritum
2350 5166 2602 5209 sanetum
2632 5155 2936 5207 secundum
2976 5153 3277 5210 Salvatoris
3309 5155 3621 5231 vocemﬂdi;

2053 5262 2205 5313 cunt,
2243 5251 2462 5303 nomine
2493 5249 2674 5302 Patris
2703 5256 2932 5314 accepto
2961 5261 3069 5299 non
3117 5248 3422 5301 secundum
3456 5234 3626 5319 signi-

2056 5343 2390 5405 licationcm,
2415 5341 2507 5393 sed
2534 5337 2832 5393 secundum
2863 5337 3296 5406 suppositionem
3323 5357 3337 5403 ;
3363 5337 3628 5406 supponit

2055 5437 2203 5490 enim
2240 5448 2338 5501 pro
2371 5431 2666 5500 principali
2697 5437 2754 5481 et
2805 5428 2979 5497 prima
3043 5443 3296 5497 persona,
3354 5428 3625 5498 signiﬁcat

2056 5537 2238 5579 autem
2268 5531 2640 5594 generantem.
2663 5519 2818 5584 Quod
2847 5519 2892 5572 si
2928 5519 3090 5570 etiam
3133 5519 3432 5572 secundum
3456 5519 3628 5587 εἰδυῖα

2059 5620 2369 5672 licationem
2406 5616 2729 5683 accipiatur,
2768 5628 2876 5666 non
2931 5619 3111 5664 tamen
3169 5612 3473 5664 secundum
3505 5626 3628 5679 ενοι

2059 5710 2297 5774 ciﬁcam,
2332 5715 2392 5762 ut
2422 5705 2544 5762 Filii
2581 5705 2739 5759 Pater
2766 5705 2990 5772 dicitur,
3044 5704 3140 5758 sed
3179 5703 3483 5758 secundum
3537 5715 3630 5770 ge‘
