3900 6216
233 400 301 466 τι
1467 397 1795 458 GEORGII
1837 396 2251 458 SCIlOLARIl
3397 391 3465 452 72

233 517 502 582 nerican.,
535 523 593 571 ut
628 516 895 570 luminum
932 514 1092 568 Pater
1116 512 1461 576 nominatur,
1502 510 1801 566 secundum

1910 511 2012 578 τὴρ
2037 511 2231 576 φώτων
2263 509 2338 576 (t)
2368 507 2584 573 λέγεται
2613 505 2734 559 καθ’
2788 505 2853 574 ἢν
2913 503 3162 558 οὖδέποτε
3216 505 3352 576 πρδς
3407 507 3466 559 τὸ

235 621 398 676 quam
449 622 726 677 nunquam
777 605 845 660 ad
899 604 1158 674 Spiritum
1216 602 1472 673 specilice
1521 600 1790 656 redditur.

234 698 450 753 Patrem
471 698 674 752 etenim
700 695 956 764 Spiritus,
981 693 1058 747 ait
1080 694 1467 756 Damasceuus,
1511 703 1792 758 nunquam

179 814 184 820 -
233 789 486 844 dicimus.
521 788 675 844 Unde
729 795 785 840 et
808 801 875 840 ex
931 794 1156 855 paterna
1219 782 1497 854 hypostasi
1545 780 1794 836 dicentes

233 893 354 934 esse
385 878 666 947 Spiritum,
705 875 808 930 hoc
839 883 997 945 pacto
1033 882 1275 942 paternae
1311 873 1664 940 hypostaseos
1697 881 1796 920 no-

239 970 383 1024 mine
412 975 662 1021 utuntur.
700 964 815 1020 Hac
864 964 1032 1035 igitur
1095 963 1307 1018 ratione
1365 960 1570 1014 nullam
1633 959 1796 1011 habet

235 1062 397 1116 Pater
448 1057 850 1128 Oppositionem
906 1055 977 1109 ad
1013 1053 1232 1119 Filium,
1265 1067 1443 1121 neque
1491 1048 1792 1104 secundum

236 1153 341 1206 hoc
374 1153 551 1220 ipsum
577 1149 699 1203 dua:
727 1157 857 1202 sunt
888 1147 1229 1216 hypostascs.
1252 1144 1429 1206 Quare
1451 1156 1516 1195 ex
1546 1155 1614 1195 eo
1649 1137 1794 1208 quod

234 1258 300 1298 ex
333 1250 558 1312 paterna
613 1239 888 1309 hypostasi
939 1245 995 1291 et
1027 1235 1170 1305 quod
1228 1249 1295 1287 ex
1347 1232 1484 1286 Filio
1535 1229 1799 1300 procedat

237 1333 478 1402 Spiritus
508 1338 752 1390 sanctus,
787 1345 894 1382 non
927 1327 1175 1396 sequitur
1202 1339 1327 1378 eum
1359 1339 1423 1378 ex
1453 1322 1669 1377 duabus
1700 1320 1799 1390 by-

236 1423 550 1493 postasibus
616 1419 856 1490 prodire.
909 1417 967 1472 Si
1018 1431 1150 1470 vero
1211 1412 1515 1469 secundum
1567 1409 1796 1480 Nysseui

236 1515 467 1574 dictum,
490 1526 552 1565 ea:
576 1517 802 1580 paterna
832 1507 1122 1577 hypostaai,
1156 1503 1292 1558 nihil
1338 1501 1613 1569 prohibet,
1665 1511 1802 1566 quo-

239 1607 419 1660 minus
462 1604 500 1657 ii
540 1603 633 1672 qui
671 1617 737 1656 ex
773 1601 912 1655 Filio
970 1598 1164 1653 dicunt
1195 1595 1482 1664 Spiritum,
1514 1593 1680 1647 etiam
1731 1605 1799 1644 ex

239 1694 386 1750 illiali
423 1693 695 1764 liypostasi
748 1706 875 1746 eum
931 1689 1160 1753 dicant;
1221 1700 1385 1739 verus
1441 1682 1669 1753 quidem
1717 1688 1801 1734 est

238 1799 440 1845 sermo.
476 1782 572 1838 sed
604 1781 801 1836 exinde
836 1795 944 1834 non
997 1777 1247 1846 sequitur
1273 1791 1339 1829 ex
1367 1774 1579 1828 duabus
1623 1772 1799 1842 hypo-

1897 601 2119 667 Πνεῦμα
2151 599 2369 660 εἰδικῶς
2387 599 2693 651 ἀποδίδοται
2721 599 2963 666 (Πατέρα
2999 599 3104 668 γὰρ
3149 598 3241 651 τοῦ
3297 598 3464 660 Πνεύ-

1893 705 2089 757 ματος,
2143 689 2172 740 ὁ
2220 686 2581 757 Δαμασκηνός
2632 704 2832 755 φησιν,
2877 685 3133 738 οὐδέποτε
3175 685 3463 754 λέγομεν)’

1896 775 2041 830 ὥστε
2071 780 2166 830 καὶ
2221 779 2290 830 ἐκ
2341 779 2438 847 τῆς
2497 779 2771 846 πατρικῆς
2818 777 3169 839 ὑποστάσεως
3219 777 3463 842 λέγοντες

1894 859 2037 913 οὑτω
2068 860 2146 930 τῷ
2173 861 2400 930 ὀνόματι
2436 863 2536 930 τῆς
2560 863 2840 932 πατρικῆς
2893 863 3242 925 ὑποστάσεως
3287 865 3465 933 χρῶν-

1894 963 2006 1001 ται.
2039 948 2227 1019 Τούτῳ
2248 949 2427 1002 τοίνυν
2455 951 2531 1014 τῷ
2572 953 2760 1018 τρόπῳ
2790 951 3048 1020 οὐδεμίαν
3068 953 3097 1003 6
3134 952 3320 1021 Πατὴρ
3374 953 3466 1004 ἁν-

1895 1037 2099 1090 τίθεσιν
2125 1038 2240 1108 ἔχει
2301 1042 2440 1110 πρὸς
2497 1041 2589 1093 τὸν
2637 1041 2787 1106 Υίδν,
2836 1044 2958 1096 οὐδὲ
3004 1043 3097 1095 δύο
3142 1045 3464 1104 ὑποστάσεις

1896 1127 2004 1180 εἰσὶ
2031 1128 2153 1181 κατ’
2180 1130 2312 1182 αὑτό
2340 1147 2402 1196 γε
2433 1131 2592 1184 τοῦτο
2626 1148 2639 1162 ·
2671 1133 2810 1186 ὥστε
2858 1134 2935 1203 τῷ
2987 1135 3055 1187 ἐκ
3102 1133 3209 1201 τῆς
3264 1149 3466 1201 πατρι-

1897 1214 2011 1284 κῆς
2037 1217 2431 1285 ὑποστάσεως
2460 1224 2557 1275 καὶ
2575 1221 2653 1290 τῷ
2675 1223 2736 1274 ὲκ
2770 1221 2862 1273 τοῦ
2895 1223 3024 1274 Υἰοῦ
3074 1223 3465 1291 ἐκπορεύεσθαι

1895 1310 1957 1361 τὸ
1991 1311 2217 1379 Πνεῦμα
2253 1313 2312 1364 τὸ
2341 1312 2500 1379 ἅγιον
2525 1313 2622 1384 οὑχ
2649 1315 2840 1368 ἕπεται
2876 1315 2932 1367 τὸ
2959 1317 3021 1368 ὲκ
3058 1315 3200 1369 δυοῖν
3231 1316 3466 1368 ὑποστά-

1899 1418 2035 1455 σεων
2065 1403 2197 1456 αὑτὸ
2219 1403 2490 1472 προϊέναι·
2521 1408 2571 1458 εἰ
2605 1407 2684 1468 δὲ,
2715 1408 2859 1461 καθά
2887 1424 3052 1478 φησιν
3078 1411 3104 1460 6
3127 1408 3368 1473 Νύσσης,
3394 1408 3461 1461 ἐκ

1897 1492 2008 1561 τῆς
2036 1496 2334 1564 πατρικῆς
2374 1500 2797 1566 ὑποστάσεως,
2834 1502 2990 1554 οὐδὲν
3027 1502 3224 1554 κωλύει
3268 1503 3360 1554 καὶ
3398 1485 3461 1554 ἐκ

1898 1584 2000 1652 τῆς
2023 1585 2200 1654 υἰικ-ἦς
2219 1587 2571 1651 ὑποστάσεως
2599 1591 2778 1656 λέγειν
2805 1593 2927 1654 τοὺς
2958 1593 3021 1644 ἐκ
3060 1591 3154 1644 τοῦ
3197 1592 3329 1645 Υἰοῦ
3372 1594 3458 1646 λέ-

1899 1690 2114 1740 γοντας,
2173 1676 2380 1747 ἀληθὴς
2420 1680 2517 1747 μὲν
2562 1682 2588 1732 6
2649 1681 2830 1749 λόγος,
2891 1682 3005 1735 ἀλλ’
3054 1682 3163 1735 οὐδ’
3215 1675 3462 1736 ἐντεῦθεν

1902 1765 2093 1819 ἕπεται
2124 1769 2187 1820 ὲκ
2217 1767 2312 1820 δύο
2345 1764 2698 1822 ὑποστάσεων
2733 1772 2912 1839 λέγειν
2946 1768 3086 1826 εἶναι
3121 1774 3180 1825 τὸ
3215 1774 3458 1843 Πνεῦμα*
3524 1789 3527 1791 ·

241 1875 478 1930 stasibus
529 1888 652 1928 esse
705 1873 966 1940 Spiritum
1019 1870 1244 1930 dicere;
1283 1875 1338 1921 et
1387 1867 1432 1921 si
1492 1880 1558 1920 ex
1589 1865 1802 1920 duabus

1905 1859 1999 1910 καὶ
2033 1861 2081 1910 εἰ
2111 1861 2175 1910 εκ
2208 1859 2302 1912 δύο
2325 1861 2678 1915 ὑποστάσ-ων
2702 1863 2918 1926 ἕπεται,
2952 1863 3067 1934 ἀλλ’
3099 1863 3246 1918 οὑτοι
3278 1881 3340 1931 γε
3374 1865 3466 1917 καὶ

241 1966 629 2037 hypostasibus
679 1976 803 2016 eum
860 1975 980 2015 esse
1027 1968 1392 2028 sequeretur,
1447 1972 1556 2010 non
1614 1964 1797 2008 tamen

239 2059 406 2114 etiam
439 2073 507 2111 ex
533 2053 750 2109 duobus
797 2050 1103 2121 principiis.
1135 2049 1292 2114 Quod
1327 2063 1393 2102 ex
1427 2047 1514 2102 his
1564 2045 1624 2100 lit
1671 2061 1800 2115 per-

243 2150 524 2220 Spicuum.
554 2144 785 2200 Numine
818 2144 1173 2213 hypostaseos
1201 2138 1538 2209 signiﬁcatur
1576 2138 1800 2207 quidem

240 2242 358 2311 ipsa
387 2238 690 2310 proprietas
714 2235 1024 2290 divinarum
1059 2247 1444 2303 personarum,
1484 2230 1792 2299 quamlibet

239 2333 580 2385 constituens
625 2326 679 2380 in
707 2324 975 2379 relatione
1003 2322 1071 2376 ad
1120 2321 1282 2374 aliain
1313 2320 1553 2375 divinam
1607 2333 1800 2388 perso-

237 2436 402 2486 nam;
430 2416 770 2489 signiﬁcatur
799 2429 930 2470 vero
963 2413 1128 2468 etiam
1164 2412 1280 2480 ipsa
1315 2425 1403 2465 res
1435 2410 1523 2464 cui
1561 2409 1684 2463 talis
1711 2410 1800 2462 iu-

240 2521 328 2567 est
356 2511 684 2581 proprietas,
709 2521 821 2560 non
843 2504 1006 2559 simul
1032 2500 1425 2570 comprehensa
1449 2498 1803 2568 proprietatis

242 2603 474 2656 ratione.
518 2598 672 2652 Licet
716 2595 860 2651 enim
905 2606 1068 2662 quam
1112 2589 1349 2644 maxime
1376 2589 1684 2657 preprietas
1731 2588 1804 2640 sit

243 2693 359 2762 ipsa
392 2705 482 2744 res
510 2690 887 2759 liypostaseos,
942 2692 1185 2738 attamen
1216 2695 1373 2735 mens
1407 2689 1590 2734 nostra
1645 2691 1802 2746 sepa-

244 2799 365 2838 rare
390 2788 568 2853 potest
587 2795 651 2834 ea
673 2793 794 2847 qua:
816 2789 1008 2830 natura
1045 2789 1152 2828 non
1181 2779 1310 2828 sunt
1357 2778 1632 2840 separata,
1656 2779 1712 2824 et
1738 2769 1804 2823 iis

245 2888 366 2944 quas
394 2880 588 2925 natura
615 2867 808 2924 eadem
839 2873 988 2929 sunt,
1029 2862 1252 2917 rationis
1300 2859 1671 2915 diil'erentiam
1704 2857 1803 2912 ad-

1903 1952 1966 2002 ἐκ
1988 1950 2083 2002 δύο
2114 1952 2316 2022 ἀρχῶν.
2360 1955 2466 2006 Καὶ
2489 1954 2649 2023 δῆλον
2689 1956 2967 2011 ἐντεῦθεν.
2999 1955 3087 2026 Τῷ
3121 1958 3344 2026 ὀνόματι
3369 1958 3465 2024 τῆς

1902 2037 2249 2103 ὑποστάσεως
2276 2043 2600 2111 σημαίνεται
2665 2045 2764 2114 μὲν
2794 2046 2930 2114 αὑτὴ
2962 2047 2993 2116 ἡ
3049 2046 3248 2116 ἰδιότης
3285 2049 3316 2116 ἡ
3360 2047 3464 2098 τῶν

1903 2128 2062 2181 θείων
2091 2131 2398 2200 προσώπων
2455 2132 2684 2186 ἕκαστον
2746 2136 3022 2204 ὑφιστᾶσα
3076 2139 3135 2190 εν
3197 2140 3262 2206 τῇ
3332 2138 3466 2206 πρὸς

1901 2217 2087 2287 ἕτερον
2118 2220 2264 2273 θεῖον
2323 2225 2614 2291 πρόσωπον
2678 2217 2974 2295 ἀναφορᾷ·
3030 2228 3351 2296 σημαίνεται
3412 2226 3465 2278 δὲ

1902 2313 1998 2361 καὶ
2027 2312 2158 2363 αὑτὸ
2181 2314 2240 2364 τὸ
2279 2317 2532 2384 πρᾶγμα,
2565 2311 2610 2383 ᾧ
2637 2319 2669 2387 ἡ
2693 2319 2917 2387 τοιαύτη
2949 2320 3237 2388 πρόσεστιν
3264 2320 3462 2386 ἰδιότης

1905 2402 1979 2471 μὴ
2007 2404 2670 2476 συμπεριλαμδανομένου
2716 2408 2812 2462 τοῦ
2835 2413 2930 2478 τῆς
2954 2411 3220 2481 ,ἰδιότητος
3253 2412 3410 2479 λόγου
3435 2425 3451 2443 ⁶

1903 2493 2003 2544 κᾶν
2036 2495 2143 2564 γὰρ
2174 2496 2256 2547 ὅτι
2289 2498 2525 2579 μάλιστα
2553 2500 2585 2569 η
2620 2499 2821 2568 ἰδιότης
2855 2501 2984 2553 αὑτό
3013 2503 3130 2554 ἐστι
3167 2503 3228 2554 τὸ
3281 2504 3462 2570 πρᾶγ·

1906 2601 1980 2652 μα
2015 2586 2110 2652 τῆς
2143 2587 2514 2654 ὑποστάσεως,
2550 2590 2665 2642 ἀλλ’
2697 2593 2724 2643 6
2754 2595 2877 2654 νοῦς
2910 2593 2938 2644 6
2969 2593 3234 2662 ἡμέτερος
3300 2593 3467 2662 χωρία

1903 2669 2016 2734 ζειν
2039 2673 2260 2728 δύναται
2292 2679 2358 2728 τά
2382 2677 2662 2747 ἀχώριστα
2694 2679 2853 2745 φύσει
2888 2681 2978 2732 καὶ
3006 2684 3113 2743 τοῖς
3142 2683 3301 2749 φύσει
3333 2697 3467 2735 uu-

1902 2763 2013 2824 τοῖς
2043 2762 2201 2829 λόγου
2233 2765 2587 2833 προστιθέναι
2626 2767 2913 2843 διαφορὰν,
2972 2769 3146 2834 ἄλλως
3203 2771 3261 2827 οὑ
3314 2770 3471 2824 δονά-

1906 2869 2064 2921 μενος
2085 2853 2209 2906 οὔτε
2251 2872 2303 2909 τι
2337 2857 2443 2910 τῶν
2504 2858 2671 2911 ὄντων
2731 2859 2854 2912 οὑτε
2878 2875 2930 2914 τι
2982 2861 3089 2914 τῶν
3126 2861 3468 2931 ὑπεροοσίων

147 3035 151 3038 λ
241 2964 494 3032 iungere,
516 2973 640 3014 cum
675 2957 832 3012 aliter
866 2968 1045 3023 neque
1075 2951 1456 3008 exsistentium
1502 2949 1590 3004 hic
1624 2961 1802 3018 neque

1905 2949 2044 2998 νοεῖν
2067 2963 2082 2978 ο
2114 2949 2368 3020 καὶπρὸς
2406 2951 2506 3018 μὲν
2539 2952 2639 3021 τὴν
2673 2953 2782 3004 τῶν
2815 2954 3000 3007 ὄντων.
3045 2956 3230 3024 νόησιν
3269 2956 3467 3026 χρῆται

244 3049 785 3123 superessentialium
817 3060 1004 3101 rerum
1028 3043 1338 3115 quampiam
1373 3040 1681 3109 intelligere
1709 3053 1802 3093 va-

1905 3039 1968 3107 τῇ
1995 3038 2224 3110 εὐπορίᾳ
2249 3039 2351 3108 τῆς
2386 3042 2592 3104 οἰκείας
2617 3043 2857 3109 φύσεως,
2893 3045 3028 3114 πρὸς
3061 3045 3117 3098 δὲ
3145 3046 3246 3116 τὴν
3284 3047 3468 3116 νόησιν

243 3146 392 3209 leat;
423 3143 558 3198 etad
593 3155 679 3195 res
707 3138 927 3210 quidem
957 3136 1049 3192 hic
1069 3135 1400 3190 exsislentes
1426 3131 1802 3200 intelligendas

1907 3129 2016 3182 τῶν
2047 3130 2382 3198 ὑπερουσίων
2425 3133 2534 3186 ἀπὸ
2578 3134 2672 3188 τοῦ
2731 3137 2932 3205 τρόπου
2985 3139 3080 3206 τῆς
3139 3139 3247 3190 τῶν
3302 3139 3471 3192 δντων

243 3233 486 3291 subsidio
514 3230 748 3302 propriae
799 3236 1008 3282 natura:
1036 3227 1234 3289 utitur,
1289 3223 1356 3277 ad
1418 3219 1802 3291 intelligendas

1909 3219 2147 3289 νοήσεως
2185 3224 2428 3292 ἔρχεται.
2454 3225 2610 3278 Οῦτω
2663 3230 2843 3279 τοίνυν
2881 3228 3082 3281 ὁπόταν
3132 3229 3192 3282 τὸ
3251 3229 3470 3298 Πνεῦμα

244 3335 424 3380 autem
456 3338 544 3376 res
572 3318 1060 3388 superessentiales
1099 3331 1128 3370 a
1158 3324 1347 3369 nostro
1399 3325 1499 3368 res'
1539 3310 1802 3366 exsisten-

1906 3313 1967 3364 τὸ
2000 3313 2154 3380 ἆγιον
2182 3316 2245 3367 ἐκ
2269 3315 2367 3384 τῆς
2395 3319 2666 3388 πατρικῆς
2703 3319 3056 3382 ὑποστάσεως
3075 3321 3474 3390 ἐκπορεύεσθαι

244 3425 326 3472 tes
388 3411 721 3482 intelligendi
796 3408 958 3463 modo
1035 3405 1420 3478 proﬁciscitur.
1483 3401 1574 3457 Sic
1634 3400 1802 3471 igitur

1905 3403 2154 3474 λέγωμεν
2180 3407 2212 3477 ἢ
2246 3407 2408 3461 πάλιν
2431 3410 2495 3461 ὲκ
2525 3411 2624 3478 τῆς
2664 3410 2847 3479 υἰικῆς
2872 3411 3240 3476 ὑποστάσεως,
3289 3412 3475 3466 τοὺνο-

243 3505 462 3577 quando
519 3502 784 3572 Spiritum
838 3507 1090 3554 sanctum
1121 3512 1185 3552 ex
1245 3505 1472 3566 paterna
1520 3491 1802 3564 bypostasi

1910 3513 1987 3565 μα
2030 3498 2129 3567 τῆς
2153 3499 2504 3562 ὑποστάσεως
2530 3505 2672 3556 κατά
2727 3503 2789 3554 τδ
2819 3502 3073 3574 δεύτερον
3123 3504 3473 3574 λαμϐάνομεν

242 3598 326 3652 vel
354 3610 546 3652 rursus
571 3609 636 3664 ex
678 3591 952 3664 hypostasi
1013 3589 1136 3644 Filii
1187 3587 1486 3657 procedere
1544 3583 1804 3648 dicimus,

244 3701 443 3742 nomen
485 3657 839 3754 bypoittaseos
868 3681 1172 3736 secundum
1229 3677 1589 3748 posteriorem
1637 3675 1811 3745 signi-

245 3778 463 3829 tlcatum
494 3773 827 3842 accipimus;
882 3769 1100 3840 quando
1153 3781 1285 3822 vero
1315 3766 1548 3821 dicimus
1610 3765 1806 3818 Filium

242 3883 310 3922 ex
337 3867 514 3920 Patris
544 3863 822 3934 bypostasi
857 3859 1103 3932 prodire,
1147 3859 1228 3913 vel
1263 3859 1480 3913 Patrem
1518 3866 1573 3911 et
1608 3855 1806 3910 Filium

243 3958 380 4013 duas
409 3970 532 4012 esse
559 3969 840 4023 personas,
877 3951 1048 4022 priori
1109 3951 1270 4004 modo
1304 3950 1663 4020 bypostaseos
1711 3961 1810 3998 no-

246 4064 375 4105 men
448 4047 821 4116 intelligimus.
859 4045 1040 4110 Quare
1091 4045 1133 4099 si
1179 4044 1304 4112 quis
1353 4043 1496 4096 dicat
1547 4040 1809 4109 Spiritum

245 4147 493 4194 sanctutn
523 4152 588 4191 ex
624 4135 900 4206 Iiypostasi
935 4134 1111 4188 Patris
1138 4143 1194 4185 ct
1237 4147 1302 4185 ex
1353 4129 1634 4200 hypostasi
1685 4127 1808 4180 Filii

248 4230 568 4302 procedere,
614 4244 720 4282 non
761 4225 1014 4295 intelligit
1053 4223 1374 4294 hyposmsin
1426 4222 1529 4276 sub
1588 4221 1808 4272 ratione

248 4320 638 4392 proprietatis,
675 4333 796 4387 qua:
829 4317 977 4370 illinc
1009 4317 1230 4384 quidem
1266 4313 1463 4376 Patris,
1497 4313 1624 4366 hinc
1682 4325 1812 4363 vero

248 4413 367 4475 Filii
417 4425 702 4481 personam
763 4406 1072 4468 constituit,
1135 4404 1228 4458 sed
1279 4404 1384 4458 sub
1431 4404 1644 4456 ratione
1707 4403 1807 4464 rei,

1911 3587 2309 3657 σημαινόμενον
2345 3603 2362 3620 ο
2396 3591 2606 3642 ὁπόταν
2640 3591 2698 3646 δὲ
2729 3593 2820 3645 τὸν
2851 3593 2982 3646 Υἰὸν
3003 3595 3253 3664 λέγωμεν
3280 3597 3345 3650 ἐκ
3373 3595 3475 3665 τῆς

1908 3677 2001 3730 τοῦ
2035 3679 2246 3746 Πατρδς
2310 3681 2662 3746 ὑποστάσεως
2731 3687 2981 3756 προϊέναι
3034 3689 3195 3756 ἦτον
3255 3689 3470 3759 Πατέρα

1910 3771 2004 3820 καὶ
2033 3771 2124 3820 τὸν
2157 3771 2284 3823 Υίὸν
2315 3773 2410 3823 δύο
2463 3769 2608 3826 εἶναι
2667 3775 3014 3844 ὑποστάσεις,
3076 3778 3314 3850 τοὺνομα
3374 3782 3473 3850 τῆς

1911 3863 2259 3924 ὑποστάσεως
2287 3863 2366 3932 τῷ
2400 3868 2654 3936 προτέρῳ
2705 3867 2896 3938 τρόπῳ
2949 3869 3199 3940 νοοῦμεν.
3237 3871 3474 3926 ὀπόταν

1910 3944 2002 4000 οὖν
2031 3950 2163 4020 λέγῃ
2199 3969 2283 4013 τις
2317 3954 2377 4004 τὸ
2413 3955 2637 4025 Πνεῦμα
2671 3958 2730 4010 τὸ
2761 3958 2914 4024 ἆγιον
2969 3963 3033 4012 ὲκ
3086 3961 3185 4029 τῆς
3239 3961 3476 4014 ὑποστά-

1915 4055 2050 4096 σεως
2074 4041 2164 4092 τοῦ
2199 4043 2410 4111 Πιτρὺς
2441 4047 2655 4117 καὶτῆς
2678 4049 2770 4099 τοῦ
2812 4048 2946 4100 Υίοῦ
2989 4051 3334 4115 ὑποστάσεως
3385 4055 3475 4104 ἑκ-

1913 4131 2265 4198 τορεύεσθαι,
2294 4137 2352 4186 οὑ
2408 4140 2518 4189 νοεῖ
2553 4138 2648 4205 τὴν
2707 4140 3006 4192 ὑτόστασιν
3051 4141 3155 4194 ὑπὸ
3209 4142 3286 4210 τῷ
3333 4143 3475 4212 λόγῳ

1911 4220 2013 4288 τῆς
2045 4223 2327 4291 ἰδιότητος,
2359 4227 2477 4294 ἦτις
2505 4227 2656 4279 ἔνυεν
2701 4229 2799 4297 μὲν
2822 4231 2882 4281 τὸ
2927 4230 3022 4282 τοῦ
3062 4232 3290 4299 Πατρὸς,
3340 4234 3477 4284 ἐκεῖ·

1915 4310 2006 4362 οεν
2039 4313 2095 4364 δὲ
2128 4315 2186 4366 τὸ
2219 4315 2310 4366 τοῦ
2342 4316 2472 4368 Υίοῦ
2523 4319 2784 4387 ὑφίοτησι
2846 4321 3158 4390 πρόσωπον,
3211 4323 3325 4376 ἀλλ’
3371 4324 3476 4377 ὑπό

1915 4401 2150 4470 τῷλόγῳ
2173 4404 2269 4456 τοῦ
2303 4409 2648 4477 πράγματος,
2710 4405 2754 4478 ᾧ
2803 4413 2836 4480 ἡ
2905 4413 3130 4482 τοιαύτη
3186 4417 3476 4484 πρόσεστιν

248 4503 336 4557 eui
387 4503 653 4571 ejusmodi
695 4498 1002 4570 preprietas
1040 4497 1202 4549 inest.
1252 4495 1376 4549 llaec
1416 4511 1547 4549 vero
1579 4509 1664 4548 res
1698 4509 1802 4546 una

1920 4496 2141 4568 ἰδιότης.
2177 4497 2348 4554 Τοῦτο
2380 4503 2434 4554 δὲ
2469 4505 2527 4555 ἓν
2561 4507 2675 4556 ἐστι
2707 4506 2801 4557 καὶ
2835 4506 3028 4558 ταυτὸν
3048 4507 3107 4557 ἐν
3158 4506 3333 4576 Πατρὶ
3380 4507 3479 4560 καὶ

247 4593 547 4660 eademque
611 4600 696 4644 est
745 4592 798 4644 in
856 4579 1015 4643 Patre
1046 4598 1100 4640 et
1149 4587 1201 4639 in
1259 4585 1433 4649 Filio,
1462 4597 1518 4640 et
1564 4587 1642 4639 sic
1703 4600 1809 4638 non

248 4694 332 4737 est
377 4697 566 4736 verum
603 4679 924 4750 simpliciter
962 4679 1145 4732 dicere
1177 4693 1190 4728 :
1230 4675 1310 4729 Ea:
1343 4677 1607 4746 hypostasi
1633 4674 1811 4728 Patris

249 4786 294 4828 et
318 4789 380 4828 cx
409 4773 680 4844 hypostasi
706 4771 854 4834 Filii,
889 4786 1010 4839 ergo
1049 4785 1111 4822 ea:
1153 4771 1352 4822 duabus
1391 4769 1811 4838 \hypostasibus;

249 4882 427 4936 neque
457 4880 685 4920 rursus:
726 4864 786 4917 Si
806 4877 871 4916 ea:
907 4860 1111 4914 duabus
1144 4861 1529 4931 hypostaaibus,
1560 4861 1718 4914 etiam
1748 4875 1812 4912 ea:

204 4974 214 4987 ’
246 4961 444 5011 duobus
471 4955 762 5026 principiis.
798 4953 902 5009 Sed
935 4953 978 5007 si
1012 4951 1135 5021 quis
1179 4952 1323 5006 dicat
1363 4951 1536 5006 sancti
1572 4949 1812 5019 Spiritus

206 5035 208 5037 6
249 5045 566 5118 liypostasin
595 5061 660 5099 ex
706 5052 933 5114 paterna
984 5040 1258 5112 hypostasi
1317 5049 1372 5095 et
1420 5056 1484 5095 ex
1534 5041 1810 5110 hypostasi

251 5137 372 5192 Filii
396 5147 538 5197 esse,
570 5151 768 5192 nomen
828 5136 1182 5204 liypostaseos
1212 5133 1268 5185 in
1305 5131 1513 5200 Spiritu
1567 5131 1670 5184 sub
1726 5145 1812 5183 ra-

249 5229 398 5282 tione
439 5226 792 5298 proprietatis
818 5224 1113 5293 accipitur.
1174 5223 1362 5291 Ncque
1423 5223 1576 5276 enim
1642 5222 1809 5274 ullam

248 5320 408 5374 aliam
440 5318 677 5388 Spiritus
735 5317 898 5370 habet
954 5312 1375 5368 constitutivam
1419 5311 1810 5381 proprietatem

249 5409 355 5466 nisi
390 5408 753 5485 proccssionis
787 5425 803 5474 ;
840 5407 1000 5462 Pater
1047 5419 1179 5461 vero
1207 5403 1566 5459 constituitur
1597 5412 1654 5457 et
1681 5402 1811 5456 sub-

249 5501 392 5556 sistit
423 5502 790 5572 generationis
816 5499 1005 5554 actiwe
1034 5496 1390 5567 proprietate,
1433 5503 1487 5547 et
1520 5494 1688 5548 Filius
1726 5494 1804 5546 si-

250 5594 450 5649 militer
475 5593 843 5662 generationis
870 5598 1123 5662 passivae;
1157 5588 1363 5658 absque
1393 5587 1594 5656 quibus
1628 5587 1792 5640 Pater

324 5754 398 5824 (ι)
431 5752 544 5807 Jac.
585 5752 743 5815 1,ΓΙ.

1916 4589 2050 4658 Υἱῴ,
2079 4592 2170 4643 καὶ
2196 4591 2372 4656 οὑτως
2391 4593 2503 4645 οὑτ’
2535 4595 2734 4662 ἀληθές
2764 4599 2914 4650 ἔστιν
2974 4597 3178 4660 ἁπλῶς,
3229 4598 3312 4649 ὅτι
3383 4597 3476 4650 Ἐκ

1913 4681 2023 4748 τῆς
2067 4683 2174 4737 τοῦ
2219 4687 2448 4752 Πατρός
2496 4687 2893 4755 ὑποστάσεως
2936 4690 3037 4742 καί
3103 4690 3170 4741 ἐκ
3217 4687 3328 4756 τῆς
3373 4687 3477 4740 τοῦ

1913 4771 2045 4825 Υἱοῡ
2099 4776 2494 4841 ὑποστάσεως
2519 4818 2535 4840 ,
2590 4779 2660 4832 ἐκ
2719 4778 2830 4833 δύο
2897 4779 3012 4847 ἄρα
3061 4778 3477 4841 ὑποστάσεων,

1912 4859 2035 4913 οὔτε
2069 4877 2083 4890 °
2116 4862 2185 4916 El
2214 4864 2309 4917 καὶ
2357 4865 2424 4918 ἐκ
2473 4866 2585 4920 δύο
2629 4868 3051 4932 ὑποστάσεων,
3113 4868 3204 4921 ὅτι
3257 4867 3358 4920 καί
3407 4868 3476 4920 ἐκ

1913 4949 2083 5004 δυοῖν
2103 4952 2323 5020 ἀρχῶν.
2370 4954 2509 5008 Ἀλλ’
2541 4956 2742 5008 ὁπόταν
2772 4958 2900 5028 λέγῃ
2933 4976 3014 5021 τις
3045 4956 3140 5026 τὴν
3166 4956 3260 5010 τοῦ
3309 4957 3481 5011 Πνεὺ-

1918 5057 2085 5109 ματος
2117 5043 2413 5098 ὑπόστασιν
2445 5048 2507 5098 ὲκ
2531 5046 2636 5116 τῆς
2675 5050 2954 5119 πατρικῆς
2986 5049 3082 5102 καὶ
3108 5049 3289 5117 υιικῆς
3343 5049 3481 5100 ὑπο·

1914 5135 2158 5195 στάσεως
2206 5130 2379 5198 εἶναι,
2430 5136 2672 5207 τοῦνομα
2719 5139 2816 5208 τῆς
2873 5141 3222 5201 ὑποστάσεως
3273 5143 3332 5193 ὲν
3393 5137 3472 5205 τῷ

1915 5223 2192 5292 Πνεύματι
2227 5227 2334 5279 ὑπὸ
2357 5229 2437 5297 τῷ
2473 5229 2615 5300 λόγῳ
2673 5231 2768 5300 τῆς
2816 5231 3077 5300 ἰδιότητος
3106 5230 3442 5299 λαμϐάνεται
3463 5244 3477 5260 °

1912 5317 2172 5386 οὐδεμίαν
2205 5319 2312 5388 γὰρ
2346 5319 2514 5390 ἄλλην
2544 5321 2781 5390 ἰδιότητα
2811 5321 3125 5388 ὑφεστῶσαν
3176 5321 3310 5375 αὐτὸ
3341 5321 3480 5390 πλὴν

1912 5412 2011 5478 τῆς
2043 5411 2425 5478 ἐκπορεύσεως
2456 5410 2591 5480 ἔχει.
2635 5411 2697 5465 Ὀ
2745 5413 2801 5465 δὲ
2843 5412 3032 5482 Πατὴρ
3081 5413 3374 5481 ὑφίσταται
3415 5413 3482 5482 τῇ

1913 5499 2005 5552 τοῦ
2028 5502 2219 5569 γεννᾷν
2244 5501 2488 5568 ἰδιότητι,
2526 5504 2618 5554 καὶ
2639 5505 2668 5556 6
2700 5502 2824 5566 Υίδς
2849 5501 3110 5565 ὡσαύτως
3133 5507 3199 5573 τῇ
3225 5501 3320 5555 τοῦ
3352 5519 3478 5569 γεν-

1914 5593 2104 5647 νᾶσθαι
2123 5610 2135 5626 ·
2157 5587 2231 5648 ὧν
2262 5595 2388 5648 ἄνευ
2425 5595 2687 5648 ἀδύνατον
2715 5595 2953 5672 νοεῖσθαι
3003 5600 3091 5649 τὸν
3122 5595 3340 5664 Πατέρα
3391 5594 3482 5646 καὶ
