3900 6216
318 280 388 342 87
1404 349 1407 351 Α
1551 283 1886 344 GEORGII
1937 284 2351 345 SCIIOLARII
3508 279 3579 342 83

318 389 676 446 mortalitatis
705 392 1031 449 discretum.
1073 395 1324 451 Attamen
1366 399 1620 468 quamvis
1647 399 1762 452 fieri
1797 415 1896 454 ne-

2007 397 2302 465 5ιαφορῶν.
2355 396 2524 450 ταυτὺ
2587 395 2644 449 δὲ
2705 397 2882 449 εἰπεῖν
2925 394 2988 448 ἐκ
3033 391 3128 448 τοῦ
3175 392 3439 462 διαφόρου
3477 393 3577 460 τῆς

317 491 507 551 queat,
545 493 605 534 ut
637 483 742 538 hoc
773 485 1104 550 universale,
1126 487 1387 542 videlicet
1412 489 1638 554 animal,
1677 489 1731 544 in
1771 506 1896 545 rea-

318 573 426 627 lem
469 574 723 628 trahatur
776 587 1026 630 naturam
1083 579 1189 632 nisi
1249 596 1347 648 per
1397 580 1758 648 differentias,
1811 582 1895 636 vel

319 665 467 734 quod
506 665 648 720 idem
683 678 786 731 est,
814 685 880 722 ex
912 667 1135 723 diverso
1165 672 1467 726 exsislendi
1504 673 1690 735 modo,
1732 673 1898 726 mitti-

320 774 408 814 me
448 761 608 828 plane
640 760 784 814 idem
830 769 914 814 est
966 761 1144 830 ipsum
1177 763 1488 817 universale
1521 775 1575 818 et
1604 766 1723 829 ejus
1751 765 1899 819 exsi-

320 851 502 906 (tendi
537 852 752 906 modus.
783 853 917 906 Nam
958 869 1066 906 non
1105 855 1249 907 idem
1281 865 1409 910 sunt
1442 857 1646 910 animal
1682 865 1740 910 et
1772 857 1896 910 ani-

322 939 431 992 mal
465 939 734 994 rationale
765 942 997 995 mortale
1022 941 1074 994 in
1112 943 1357 1003 homine,
1379 943 1828 1012 quandoquidem
1851 945 1896 998 si

321 1029 465 1082 idem
514 1030 672 1094 foret,
725 1031 1005 1086 sufﬁceret
1057 1033 1123 1086 iis
1179 1033 1272 1103 qui
1326 1033 1609 1088 hominem
1665 1033 1897 1091 definire

320 1118 517 1174 volunt
547 1135 669 1173 eum
711 1120 899 1174 dicere
949 1123 1177 1182 animal.
1213 1135 1379 1192 atque
1424 1133 1555 1180 tunc
1587 1126 1634 1180 is
1669 1130 1764 1194 qui
1811 1141 1898 1181 se-

320 1217 477 1276 parat.
513 1208 581 1262 ab
622 1209 846 1263 animali
885 1210 1374 1267 rationabilitatem
1411 1224 1468 1268 et
1500 1216 1897 1270 mortalitatem

319 1307 376 1351 et
396 1298 726 1368 simpliciter
749 1301 970 1356 modum
999 1304 1324 1370 exsistendi,
1352 1322 1460 1359 non
1481 1307 1677 1360 animal
1701 1323 1898 1362 secun-

319 1390 450 1443 dum
498 1405 556 1444 se
606 1393 986 1448 consideraret
1026 1401 1244 1461 (verum
1283 1406 1340 1449 nt
1383 1397 1436 1449 in
1491 1398 1712 1451 homine
1761 1415 1896 1453 con-

320 1491 544 1549 ceptum
583 1481 736 1536 illum
771 1486 1088 1542 considerat
1114 1489 1265 1542 nullo
1299 1499 1457 1556 pacto
1487 1489 1541 1543 in
1575 1491 1739 1544 rebus
1768 1493 1898 1545 sub-

319 1573 654 1639 sistentem),
691 1575 786 1629 sed
847 1594 959 1630 rem
1023 1582 1317 1646 conceptui
1377 1581 1706 1650 snhjectam.
1759 1582 1893 1636 Nam

320 1674 628 1734 conceptus
677 1669 830 1722 nullo
866 1670 1030 1722 modo
1083 1679 1166 1723 est
1215 1672 1269 1724 in
1322 1672 1570 1735 homine,
1619 1673 1892 1742 siquidem

321 1759 614 1824 conceptui
652 1759 922 1827 oppositae
960 1761 1277 1816 virtualiter
1318 1763 1506 1816 insunt
1530 1763 1897 1831 dili'erentite;

321 1844 526 1899 animal
557 1862 686 1900 vero
721 1849 772 1901 in
813 1849 1039 1905 homine
1084 1862 1170 1906 est
1217 1868 1343 1906 cum
1372 1853 1704 1921 quibusdam
1739 1855 1897 1911 diffe-

319 1937 516 1991 rentiis
560 1942 832 2011 separatis
881 1950 934 1996 et
994 1958 1102 1997 non
1151 1945 1488 2010 contrariis;
1543 1962 1704 2002 secus
1747 1948 1895 2002 enim

319 2028 620 2094 accideret,
655 2040 713 2085 ut
749 2032 918 2088 homo
953 2043 1009 2088 et
1058 2036 1273 2090 ratione
1303 2038 1572 2106 praeditus
1597 2047 1652 2093 ct
1687 2041 1898 2095 ratione

319 2135 535 2186 carens,
565 2130 620 2176 et
655 2124 901 2180 mortalis
924 2135 980 2181 et
1001 2125 1333 2182 inuuortalis
1366 2138 1540 2194 esset,
1573 2141 1629 2185 et
1661 2146 1897 2201 genera-

322 2213 418 2264 tim
453 2215 722 2282 oppositis
763 2216 930 2271 rebus
975 2229 1283 2273 constaret.
1329 2221 1516 2290 Atque
1555 2221 1756 2276 exinde
1790 2233 1896 2287 est,

317 2306 464 2372 quod
511 2305 742 2361 diversa,-
790 2309 1051 2363 animalis
1096 2311 1314 2379 species
1347 2328 1548 2380 genere
1597 2329 1626 2368 a
1683 2314 1899 2367 cunctis

316 2395 548 2452 alterius
576 2400 798 2466 generis
836 2401 1003 2455 rebus
1041 2412 1392 2471 separantur,
1426 2403 1763 2459 differentiis
1797 2420 1896 2458 au-

317 2496 425 2542 tem
457 2489 542 2544 vel
577 2491 679 2547 hoc
711 2493 796 2548 vel
828 2493 934 2548 alio
966 2495 1129 2549 modo
1158 2496 1444 2564 conceptis
1473 2506 1806 2566 separantur
1828 2497 1898 2550 ab

318 2579 595 2646 invicem;
643 2594 697 2639 et
751 2586 978 2639 realiter
1017 2587 1144 2640 talis
1191 2587 1475 2642 distinctio
1527 2589 1580 2642 in
1629 2589 1763 2656 ipsis
1816 2588 1894 2649 fit.

318 2675 447 2742 quia
489 2692 578 2730 res
636 2678 951 2743 significant
1008 2689 1122 2733 tum
1177 2696 1352 2750 genus
1405 2692 1517 2736 tum
1567 2681 1900 2736 dill'erentiaa

319 2766 588 2834 ipsorum.
634 2768 688 2824 Si
730 2785 862 2824 vero
919 2778 974 2823 et
1026 2769 1280 2826 definitio
1333 2772 1472 2841 ipsa,
1519 2789 1642 2843 qua:
1689 2788 1755 2828 ex
1812 2774 1898 2827 his

319 2861 625 2928 composita
662 2869 768 2922 est.
803 2864 1110 2917 secundum
1143 2865 1311 2917 alium
1346 2865 1571 2919 modum
1597 2879 1899 2936 conceptus

317 2951 444 3020 quis
477 2962 581 3015 est,
617 2954 747 3022 quia
799 2955 1055 3023 pluribus
1095 2957 1377 3021 convenit,
1416 2957 1522 3012 hoc
1569 2957 1710 3012 nihil
1759 2973 1898 3026 pra:-

319 3045 462 3098 seuti
497 3045 863 3116 disputationi
915 3049 1268 3104 adversatur.
1312 3049 1598 3115 Quatenus
1631 3041 1780 3104 enim
1819 3046 1899 3100 rei

2002 489 2297 556 ὑπάρξεως
2339 491 2568 558 τρόπου,
2601 488 2663 541 οὺ
2701 487 2808 558 μὴν
2837 486 3038 540 ταυτόν
3071 490 3221 538 ἐστιν
3252 485 3386 538 αὐτό
3420 501 3478 536 τε
3512 484 3575 536 τὸ

1998 579 2230 632 καθόλου
2259 580 2355 632 καὶ
2379 581 2405 630 ὁ
2440 579 2644 649 τρόπος
2662 579 2760 647 τῆς
2791 578 2985 632 τούτου
3012 576 3324 644 ὑπάρξεως.
3361 577 3433 628 υὺ
3467 576 3573 644 γάρ

1998 671 2117 722 ἐστι
2149 668 2344 722 ταυτὸν
2374 674 2434 722 τό
2475 687 2534 721 τε
2569 668 2710 732 ζῷον
2741 669 2837 722 καὶ
2873 670 2933 722 τὸ
2967 668 3106 733 ζῶον
3134 667 3350 734 λογικὸν
3380 667 3575 737 θνητὸν

1999 767 2057 813 ἐν
2088 761 2166 831 τῷ
2221 761 2516 832 ἀνθρώπῳ,
2551 762 2671 815 ἐπεὶ
2729 762 2888 833 εἴπερ
2937 760 3133 814 ταυτὸν
3163 756 3250 830 ἦν,
3291 761 3453 831 ἤρκει
3481 759 3574 813 τὸν

1999 855 2287 924 ἄνθρωπον
2317 854 2660 923 ὁριζομένοις
2697 853 2838 918 ζῶον
2891 853 3074 917 λέγειν
3123 854 3284 906 αὐτὸν
3309 893 3324 916 ,
3371 852 3480 904 οὐδ’
3511 853 3578 905 ἂν

1998 961 2083 1006 τις
2135 949 2379 1013 χωρίσας
2419 946 2512 998 τοῦ
2565 945 2706 1009 ζὼου
2742 947 2802 998 τὸ
2857 945 3078 1013 λογικὸν
3127 946 3222 998 καὶ
3256 945 3452 1014 θνητὸν
3483 945 3576 996 καὶ

1999 1038 2134 1095 ὅλως
2174 1038 2266 1090 τὸν
2297 1038 2397 1106 τῆς
2429 1038 2719 1107 ὑπάρξεως
2770 1039 2974 1107 τρόπον
3037 1036 3275 1105 θεωροίη
3320 1036 3380 1088 τὸ
3436 1034 3575 1098 ζῶον

2001 1130 2124 1182 καθ’
2153 1129 2317 1182 ἑαυτὸ
2353 1129 2517 1200 (πλὴν
2547 1130 2620 1190 ὡς
2646 1131 2703 1181 ἐν
2735 1129 3008 1199 ἀνθρώπῳ
3039 1128 3137 1198 τὴν
3159 1130 3407 1180 ἐπίνοιαν
3431 1127 3573 1178 ὲκεί-

1999 1238 2097 1288 νην
2131 1219 2350 1291 θεωρεῖ,
2383 1221 2482 1289 τὴν
2515 1221 2772 1289 οὐδαμῶς
2805 1224 2860 1275 ὲν
2902 1224 3015 1284 τοῖς
3071 1221 3396 1289 πράγμασιν
3441 1220 3576 1286 ὑφε-

2001 1310 2260 1379 στῶσαν),
2295 1311 2434 1364 ἀλλὰ
2471 1315 2531 1364 τὸ
2568 1313 2804 1382 πρᾶγμα
2833 1312 2894 1364 τὸ
2921 1314 2986 1380 τῇ
3028 1311 3248 1382 ἐπινοίᾳ
3281 1311 3576 1377 ὑποκείμε-

1999 1418 2110 1454 νον.
2163 1401 2227 1454 'll
2277 1402 2383 1470 γὰρ
2427 1402 2640 1454 ἐπίνοια
2702 1403 2893 1456 οὐδένα
2942 1401 3147 1470 τρόπδν
3200 1400 3350 1453 ἐστὶν
3402 1401 3461 1450 ὲν
3497 1399 3576 1468 τῷ

1998 1492 2293 1561 ἀνθρώπῳ,
2324 1493 2484 1560 εἴπερ
2507 1498 2572 1563 τῇ
2599 1496 2812 1562 έπινοίᾳ
2843 1495 2898 1546 αἱ
2929 1493 3309 1559 ἁντικείμεναι
3336 1491 3575 1557 sva-dp-

1999 1597 2152 1647 χουσι
2181 1579 2408 1648 δυνάμει
2442 1582 2718 1650 διαφοραί·
2750 1582 2810 1634 τὸ
2856 1583 2910 1635 δὲ
2948 1583 3085 1645 ζῶον
3141 1585 3198 1633 ἐν
3237 1582 3316 1651 τῷ
3367 1581 3572 1649 ἀνθρώ-

2001 1687 2088 1740 πῳ
2119 1673 2260 1739 μετά
2281 1689 2446 1724 τινων
2477 1673 2884 1742 ἀφωρισμένων
2917 1675 3013 1726 καὶ
3035 1675 3133 1726 οὐκ
3169 1674 3429 1726 ἐναντίων
3455 1673 3572 1724 ἐστὶ

1926 1757 1974 1816 Β
2002 1762 2278 1830 διαφορῶν
2303 1781 2314 1794 ·
2347 1763 2524 1825 ἄλλως
2563 1765 2672 1833 γὰρ
2707 1764 3022 1816 συνέϐαινεν
3053 1764 3120 1817 ἂν
3153 1765 3244 1817 τὸν
3291 1763 3576 1832 ἄνθρωπον

2000 1858 2097 1907 καὶ
2135 1855 2357 1923 λογικὸν
2396 1857 2487 1908 καὶ
2520 1855 2718 1924 ἄλογον
2764 1852 2905 1909 εἶναι
2958 1857 3053 1909 καὶ
3100 1857 3293 1926 θνητὸν
3319 1856 3415 1906 καὶ
3446 1854 3576 1908 ἀθα-

1999 1964 2182 2012 νατον,
2209 1949 2305 2000 καὶ
2337 1947 2474 2010 ὅλως
2511 1948 2579 2000 τὰ
2618 1949 2994 2015 ἀντικείμενα.
3051 1946 3355 1999 Κάντεῦθεν
3405 1946 3574 2007 ἔστιν,

2000 2041 2081 2093 ὅτι
2112 2041 2180 2093 τὰ
2217 2040 2454 2110 διάφορα
2494 2044 2586 2093 τοῦ
2622 2041 2762 2104 ζώου
2815 2042 2934 2106 εἴδη
2989 2039 3066 2108 τῷ
3121 2042 3216 2105 μὲν
3257 2039 3406 2102 γένει
3441 2039 3576 2089 παν-

1999 2148 2108 2183 των
2130 2132 2459 2200 χωρίζονται
2502 2133 2612 2184 τῶν
2663 2132 3024 2202 ἑτερογενῶν,
3061 2133 3182 2193 ταῖς
3215 2131 3268 2182 δὲ
3295 2130 3577 2199 διαφοραῖς

1999 2217 2100 2278 ὧδέ
2142 2225 2320 2294 πωςῆ
2365 2224 2544 2288 ἄλλως
2586 2224 3131 2295 συλλαμϐανομέναις
3181 2222 3427 2292 ἀλλήλων
3467 2240 3575 2290 χω-

2004 2317 2268 2383 ρίζονται,
2300 2320 2396 2371 καὶ
2421 2318 2836 2386 πραγματικῶς
2884 2319 2917 2386 ὴ
2968 2318 3188 2386 τοιαύτη
3217 2317 3493 2385 διάκρισις
3517 2318 3576 2368 ἐν

1999 2409 2183 2470 αὐτοῖς
2218 2409 2429 2476 γίνεται
2479 2410 2569 2462 διὰ
2627 2409 2687 2462 τὸ
2735 2409 3036 2479 πράγματα
3096 2409 3391 2477 σημαίνειν
3430 2409 3487 2460 τό
3519 2425 3576 2459 τι

2000 2500 2155 2567 γένος
2210 2500 2325 2554 καὶ·
2363 2501 2458 2562 τὰς
2511 2500 2716 2553 τούτων
2766 2501 3052 2569 διαφοράς.
3095 2502 3155 2552 ΕΞ
3208 2501 3260 2553 δὲ
3295 2501 3577 2568 καὶόὸριο

2002 2593 2138 2656 σμὸς
2180 2591 2339 2652 αὐτὸς
2369 2593 2395 2643 ὁ
2440 2594 2502 2641 ἐκ
2540 2591 2748 2642 τούτων
2801 2591 3170 2657 συγκείμενος
3225 2587 3440 2641 ἐπίνοιά
3493 2590 3578 2647 τίς

2001 2688 2150 2738 ἐστιν
2201 2684 2360 2737 ἄλλον
2417 2685 2620 2751 τρόπον
2667 2683 2754 2734 ὅτι
2808 2681 3053 2733 πλείοσιν
3115 2678 3379 2748 ἁρμόζει,
3422 2675 3580 2728 τοῦτο

2001 2777 2139 2845 πρὸς
2183 2776 2273 2829 τὸν
2312 2775 2468 2841 λόγον
2512 2776 2703 2827 οὐδέν’
2739 2773 2878 2826 καθ’)
2923 2774 3032 2841 γὰρ
3088 2774 3148 2824 τυ
3203 2771 3255 2824 τί
3301 2767 3370 2841 ἦν
3434 2765 3578 2821 εἶναι

2003 2863 2261 2934 σημαίνει
2287 2864 2380 2916 τοῦ
2413 2866 2743 2934 πράγματος
2784 2863 2880 2914 καὶ
2917 2861 3268 2930 ἀντιστρέφει
3297 2859 3374 2926 τῷ
3403 2859 3580 2926 πράγ-

2006 2975 2161 3030 ματι,
2186 2957 2310 3010 οὔτε
2337 2959 2430 3010 τὸν
2463 2958 2555 3010 τοῦ
2586 2956 2815 3010 καθόλου
2859 2955 3015 3021 λόγον
3059 2952 3194 3025 ἔχει,
3225 2951 3336 3004 οὔτ’
3370 2951 3583 3005 ἐπίνοιά

2004 3053 2259 3114 ὲστι,κα“ι
2280 3051 2456 3120 τούτῳ
2490 3051 2566 3116 τῷ
2595 3051 2782 3121 τρόπῳ
2806 3049 3189 3119 θεωρουμένου
3222 3048 3314 3100 καὶ
3345 3047 3413 3099 τὰ
3439 3046 3580 3116 μέρη

318 3135 689 3204 quidditalem
729 3138 1008 3209 signiﬁcat
1041 3149 1097 3194 et
1133 3157 1258 3194 cuin
1287 3141 1405 3209 ipsa
1435 3156 1492 3194 re
1525 3142 1892 3201 convertitur,

2007 3143 2094 3196 τοῦ
2119 3142 2349 3212 ὁρισμοῦ
2386 3118 2686 3212 πράγματα
2733 3118 2894 3203 εἰσιν,
2921 3118 2988 3192 εί
3023 3137 3119 3192 καὶ
3149 3138 3379 3190 ἕκαστον
3415 3137 3583 3206 χωρὶς

319 3241 499 3295 neque
552 3228 883 3283 universalis
930 3231 1201 3284 rationem
1251 3231 1438 3297 habet,
1488 3242 1544 3285 et
1587 3231 1681 3285 tali
1734 3239 1896 3295 pacto

320 3329 586 3386 spectatae
640 3319 982 3374 definitionis
1019 3322 1186 3375 etiam
1233 3332 1422 3389 partes
1474 3338 1562 3376 res
1605 3331 1756 3385 sunt,
1789 3320 1896 3374 etsi

320 3411 757 3480 unumquodque
791 3411 1020 3466 seorsim
1051 3413 1362 3469 universale
1393 3423 1479 3468 est
1507 3428 1573 3468 ac
1598 3423 1900 3482 conceptus

321 3501 547 3571 quidam
620 3504 706 3556 vel
755 3505 977 3574 generis
1036 3504 1121 3558 vel
1184 3505 1532 3560 ditiereutia'.
1584 3505 1732 3560 Idem
1784 3506 1898 3560 fere

320 3608 507 3649 sermo
537 3603 622 3650 est
651 3604 706 3650 et
751 3595 821 3651 de
852 3598 1003 3652 omni
1051 3598 1333 3651 communi
1377 3607 1433 3653 et
1468 3597 1764 3654 universali
1806 3615 1896 3653 re-

319 3695 513 3754 spectu
543 3686 609 3741 ad
640 3687 814 3758 magis
857 3689 1214 3757 particulare,
1249 3697 1361 3742 tum
1405 3691 1625 3760 generis
1670 3691 1739 3745 ad
1777 3707 1901 3759 spec

321 3776 487 3841 ciem,
547 3787 658 3831 tum
709 3780 915 3848 speciei
973 3782 1039 3835 ad
1097 3780 1469 3835 individuum.
1510 3782 1601 3834 Sic
1635 3781 1804 3849 igitur
1845 3790 1903 3836 et

323 3879 609 3922 eausatum
661 3872 714 3925 in
763 3872 970 3928 divinis
998 3874 1272 3943 personis,
1306 3888 1604 3927 commune
1627 3873 1902 3928 exsistens

324 3958 460 4014 Filio
511 3971 568 4016 et
631 3963 881 4032 Spiritui,
939 3976 995 4020 ct
1053 3969 1198 4021 circa
1266 3968 1366 4022 hos
1422 3967 1629 4021 dictum
1706 3967 1801 4021 vel
1835 3969 1904 4022 de

325 4053 394 4107 iis
443 4057 830 4124 prmdicatum,
885 4075 1114 4129 prorsus
1166 4060 1270 4113 sub
1311 4059 1530 4114 ratione
1572 4061 1904 4115 universalis

322 4149 562 4204 sumitur
585 4159 642 4204 ct
688 4153 843 4205 notio
873 4152 1124 4219 quaedam
1159 4162 1264 4214 est,
1310 4157 1370 4206 ut
1402 4162 1454 4206 et
1489 4152 1618 4206 huic
1651 4153 1902 4221 videtur;

324 4241 510 4309 potius
542 4256 676 4295 vero
715 4256 816 4295 nec
851 4243 1137 4296 notionem
1181 4242 1288 4294 hoc
1314 4257 1437 4296 esse
1470 4242 1607 4297 vult.
1639 4241 1759 4296 Non
1797 4243 1908 4298 dis-

326 4335 660 4404 tinguuntur
694 4350 824 4388 vero
859 4333 1008 4387 hunc
1038 4334 1090 4387 in
1131 4333 1359 4387 modum
1400 4344 1628 4403 accepto
1677 4347 1908 4391 causato

2007 3237 2238 3291 καθόλου
2271 3239 2386 3290 ἐστὶ
2419 3237 2513 3290 καὶ
2558 3236 2772 3288 ἐπίνοιά
2813 3233 2952 3302 τιςῆ
2998 3233 3192 3299 γένους
3226 3230 3257 3297 ἣ
3287 3230 3576 3298 διατορᾶς.

2017 3328 2073 3381 ’0
2102 3328 2146 3380 δ’
2185 3327 2346 3392 αὐτὸς
2393 3327 2577 3395 σχεδὸν
2602 3325 2758 3393 λόγος
2787 3323 2880 3376 καὶ
2929 3321 3023 3373 ἐπὶ
3051 3318 3249 3379 παντὸς
3279 3317 3456 3371 κοινοῦ
3492 3319 3586 3370 καὶ

2001 3423 2230 3476 καθόλου
2256 3425 2322 3492 τῇ
2349 3422 2485 3491 πρὸς
2502 3420 2560 3472 τὸ
2581 3417 2954 3488 μερικώτερον
2974 3411 3298 3476 ἁποϐλέψει,
3316 3409 3506 3474 γένους
3526 3425 3584 3460 τε

2001 3517 2067 3584 τῇ
2089 3514 2225 3584 πρὸς
2245 3511 2306 3565 τὸ
2333 3509 2492 3575 εἶδος,
2530 3511 2624 3564 καὶ
2641 3508 2816 3571 εἴδους
2839 3509 2904 3576 τῇ
2932 3505 3072 3575 πρὸς
3095 3504 3155 3556 τὸ
3182 3505 3403 3571 ἄτομον.
3431 3499 3588 3553 Οῦτω

2002 3607 2186 3660 τοίνυν
2231 3605 2328 3657 καί
2378 3604 2441 3656 τὸ
2472 3601 2718 3655 αἰτιατδν
2764 3598 2999 3653 ἐπὶτῶν
3031 3597 3196 3651 θείων
3249 3591 3586 3664 προσώπων,

2003 3698 2184 3752 κοινὸν
2214 3697 2488 3765 τυγχάνον
2530 3692 2644 3764 Υἱῴ
2680 3692 2775 3745 καὶ⁹
2813 3689 3118 3760 Πνεύματι,
3165 3688 3262 3740 καὶ
3295 3685 3425 3756 περὶ
3462 3685 3589 3738 τού-

2004 3808 2114 3844 των
2143 3789 2439 3857 ).ιγόμενον
2493 3785 2526 3854 ἢ
2582 3784 2790 3837 τούτων
2839 3779 3330 3852 κατηγορούμενον
3360 3777 3440 3845 τῷ
3491 3790 3592 3828 κσ-

2009 3882 2170 3936 θόλου
2220 3880 2366 3948 λόγῳ
2422 3875 2770 3946 λαμϐάνεται
2820 3875 3068 3936 πάντως,
3123 3869 3220 3924 καὶ
3257 3867 3476 3922 ἐπίνοια
3506 3864 3592 3926 τίς

2007 3976 2176 4038 ἐστιν,
2229 3973 2302 4036 ὡς
2334 3972 2428 4024 καὶ
2465 3967 2644 4038 τούτῳ
2697 3968 2867 4020 δοκεῖ·
2912 3964 3118 4033 μᾶλλον
3173 3961 3228 4014 δὲ
3273 3960 3436 4022 αὐτὸς
3477 3959 3591 4011 οὐδ’

2007 4065 2257 4118 ἐπίνοιαν
2313 4060 2450 4115 εἶναι
2495 4060 2654 4114 τοῦτο
2715 4058 2987 4128 βούλεται.
3043 4055 3118 4109 0'5
3163 4053 3503 4124 διακρίνεται
3534 4051 3592 4104 δὲ

2008 4155 2201 4210 τοῦτον
2258 4155 2350 4206 τὸν
2403 4151 2608 4222 τρόπον
2663 4148 3068 4219 λαμϐανομένῳ
3111 4145 3190 4213 τῷ
3241 4143 3474 4212 αίτιστῷ
3525 4140 3594 4194 τα

2011 4249 2129 4301 θεῖα
2148 4247 2441 4314 πρόσωπα·
2473 4243 2591 4300 ἀλλ’
2624 4244 2747 4296 ἐπεὶ
2782 4241 2842 4295 τὸ
2869 4240 3048 4294 κοινὸν
3083 4237 3266 4303 τοῦτο,
3289 4239 3428 4291 καθὸ
3459 4237 3594 4291 θεω-

2013 4339 2184 4407 ρεῖται
2217 4337 2293 4398 ὡς
2338 4336 2648 4402 ἐνυπάρχον
2682 4333 2742 4384 ὲν
2781 4330 2900 4401 Υίῷ
2929 4330 3024 4384 καὶ
3073 4330 3374 4398 Πνεῦματι,
3412 4330 3596 4398 πρᾶγ-

324 4427 528 4482 divina:
571 4442 842 4497 personae.
886 4426 1087 4481 Verum
1131 4425 1262 4496 quia
1298 4441 1590 4480 commune
1619 4425 1745 4487 hoc,
1771 4443 1900 4496 qua-

2015 4432 2092 4499 μά
2145 4431 2287 4492 ἐστι,
2322 4426 2402 4496 τῷ
2439 4425 2607 4493 κοινῴ
2639 4423 2821 4493 τούτῳ
2853 4423 3145 4493 πράγματι
3173 4421 3201 4472 ὁ
3242 4419 3370 4482 Υἱὸς
3405 4421 3504 4472 καὶ
3534 4420 3597 4470 τὸ

326 4532 488 4574 tenus
509 4519 899 4573 consideratur
933 4526 989 4571 ut
1019 4517 1294 4572 exsistcns
1329 4520 1378 4570 in
1406 4517 1545 4571 Filio
1574 4527 1629 4572 et
1663 4516 1900 4586 Spiritu,

325 4629 415 4668 res
446 4621 550 4674 est,
588 4611 691 4666 hac
721 4611 1002 4665 communi
1033 4626 1088 4664 re
1128 4609 1300 4665 Filius
1331 4619 1388 4665 et
1419 4610 1657 4680 Spiritus
1683 4627 1712 4662 a
1744 4609 1908 4664 Patre

325 4707 768 4776 distinguuntur,
830 4705 1136 4759 secundum
1180 4703 1510 4768 Gregorium
1574 4703 1900 4774 Nysseuum,

326 4805 438 4859 imo
469 4802 774 4858 secundum
810 4813 991 4852 veram
1027 4797 1153 4852 fidei
1199 4796 1677 4866 suppositionem;
1720 4794 1904 4849 diver-

325 4912 422 4952 sus
475 4912 606 4948 Vero
635 4891 835 4947 modus
871 4891 923 4944 in
956 4898 1193 4958 utroque
1221 4902 1316 4941 eos
1354 4885 1419 4939 ab
1451 4888 1668 4940 invicem
1709 4885 1906 4940 distin-

326 4991 466 5061 guit,
499 4999 554 5040 et
582 4988 625 5040 si
651 4985 778 5055 quis
802 4981 1156 5038 abstraheret
1185 4979 1335 5033 hunc
1367 4979 1648 5033 diversum
1681 4977 1904 5032 modum

325 5084 617 5149 eolumque
649 5078 860 5132 causati
905 5076 1192 5129 rationem
1225 5087 1280 5126 tn
1313 5071 1452 5126 Filio
1479 5081 1536 5126 et
1575 5069 1782 5140 Spiritu
1817 5084 1907 5124 re-

328 5175 627 5243 linqueret,
657 5171 829 5226 Filius
859 5181 912 5224 et
947 5168 1187 5239 Spiritus
1221 5165 1400 5220 solum
1434 5163 1648 5218 ratione
1697 5162 1909 5216 causali

327 5288 357 5325 a
395 5271 556 5324 Patre
587 5266 1066 5334 distinguerentur
1095 5271 1154 5315 ut
1177 5257 1459 5314 communi
1485 5254 1721 5324 quadam
1754 5253 1910 5308 diﬂ‘e-

331 5363 510 5417 rentia
565 5371 620 5415 et
656 5357 937 5414 communi
981 5371 1069 5419 re;
1107 5362 1161 5408 et
1213 5366 1392 5420 neque
1448 5349 1593 5403 idem
1624 5353 1755 5401 sunt
1795 5355 1908 5399 tutn

329 5456 589 5511 diversus
613 5452 835 5514 modus,
867 5464 980 5519 quo
1011 5445 1223 5500 causali
1251 5453 1401 5505 sunt,
1430 5452 1542 5496 tum
1572 5439 1675 5493 hoc
1707 5437 1910 5507 ipsum,

330 5562 456 5603 esse
513 5558 821 5610 causatum,
883 5557 1062 5612 neque
1107 5547 1426 5610 separatum
1473 5537 1541 5588 ab
1590 5533 1696 5586 hoc
1750 5529 1912 5584 modo

335 5647 620 5696 causatum
654 5638 865 5691 ratione.
905 5635 1177 5687 duntaxat
1214 5630 1576 5700 percipietur,
1611 5624 1739 5694 quia
1766 5639 1914 5678 com-

341 5751 510 5792 mune
538 5734 668 5804 quid
711 5740 792 5787 est
825 5744 878 5786 et
915 5729 1246 5784 universale.
1278 5727 1479 5783 Verum
1526 5733 1802 5794 quatenus
1833 5731 1918 5775 est

2021 4519 2245 4586 Πνεῦμα
2279 4519 2385 4573 τοῦ
2415 4516 2649 4584 Παζρός
2691 4514 3091 4584 διακρίνονται.
3135 4518 3276 4566 κατὰ
3313 4513 3406 4564 τὸν
3451 4511 3597 4566 Νύσ-

2018 4630 2118 4679 σης
2154 4608 2452 4680 Γρηγόριοθ
2477 4648 2491 4671 ,
2530 4605 2732 4675 μᾶλλον
2773 4605 2831 4658 δὲ
2881 4604 3025 4658 κατᾶ
3064 4603 3165 4672 τὴν
3197 4602 3463 4671 ἀληθινὴν
3491 4601 3594 4671 τῆς

2018 4703 2253 4764 πίστεως
2287 4701 2548 4754 ὑπόθεσιν
2574 4713 2589 4728 ’
2644 4701 2671 4751 ὁ
2700 4697 2757 4749 δὲ
2792 4696 3048 4766 διάφορος
3097 4694 3262 4748 αὑτοῦ
3294 4693 3509 4764 τρόπος,
3538 4695 3597 4744 ἐν

2016 4796 2262 4863 ἑκατέρῳ
2309 4792 2575 4860 διακρίνει
2627 4788 2799 4841 ταῦτα
2845 4787 2996 4856 πρὸς
3024 4787 3305 4852 ἄλληλα·
3358 4784 3462 4838 κᾶν
3513 4801 3598 4848 τις

2016 4889 2235 4958 dae).th
2266 4887 2359 4939 τὸν
2393 4885 2654 4952 διάφορον
2687 4881 2890 4949 τρόπον
2925 4877 3115 4932 τοῦτον
3153 4878 3246 4930 τὸν
3279 4877 3375 4931 τοῦ
3416 4878 3600 4930 αἰτιαο

2019 4981 2114 5036 τοῦ
2148 4981 2306 5047 λόγον
2365 4973 2654 5029 ὑπολείποι
2721 4971 2885 5041 μόνον
2948 4971 3008 5022 ἐν
3070 4967 3146 5038 τῷ
3195 4967 3310 5038 Υίῷ
3368 4969 3462 5020 καὶ
3520 4965 3600 5038 τῷ

2022 5073 2324 5143 Πνεύματι,
2356 5073 2383 5124 ό
2417 5068 2545 5130 Υἱὸς
2581 5066 2678 5120 καί
2709 5065 2768 5118 τὸ
2803 5062 3027 5132 Πνεῦμα
3054 5061 3133 5132 τῷ
3167 5059 3398 5128 αίτιατῷ
3433 5059 3600 5129 μόνον

2019 5167 2114 5221 τοῦ
2152 5164 2366 5234 Πατρδς
2396 5161 2856 5231 διακριθήσονται
2916 5156 2992 5216 ὡς
3039 5157 3195 5224 κοινῇ
3227 5171 3334 5206 τινι
3365 5154 3619 5222 διαφορᾷ

2023 5261 2121 5313 καὶ
2150 5257 2223 5318 ὡς
2259 5253 2424 5322 κοινῷ
2454 5252 2766 5322 πρὸιγματι⁹
2798 5249 2889 5301 καὶ
2919 5246 3042 5299 οὔτε
3079 5246 3276 5297 ταυτόν
3305 5246 3458 5297 ἐστιν
3484 5245 3512 5298 ὃ
3539 5260 3600 5296 τε

2021 5351 2280 5418 διάφορος
2305 5347 2510 5413 τρνὶπος
2541 5343 2637 5396 τοῦ
2687 5341 2935 5395 αἰτιατόν
2969 5336 3112 5393 εἶναι
3149 5339 3246 5392 καὶ
3281 5337 3432 5392 τοῦτ’
3465 5337 3610 5390 αὐτὸ

2024 5444 2086 5497 τὸ
2117 5437 2261 5495 εἷναι
2309 5439 2550 5491 αἰτιατὸν
2572 5477 2586 5500 ,
2619 5435 2742 5488 οὔτε
2773 5433 2869 5486 τοῦ
2903 5433 3109 5500 τρόπον
3139 5432 3332 5486 τούτου
3365 5431 3599 5502 χωριζό-

2033 5547 2194 5600 μενον
2250 5529 2309 5581 τδ
2360 5527 2603 5580 αἰτιατὸν
2655 5523 2873 5592 ἐπινοίᾳ
2907 5522 3397 5591 καταληφθήσεται
3438 5522 3599 5591 μόνον

2027 5626 2114 5679 διὰ
2153 5621 2212 5674 τὸ
2265 5618 2444 5671 κοινόν
2490 5635 2542 5667 τι
2605 5611 2743 5667 εἷναι
2801 5615 2893 5666 καὶ
2951 5614 3205 5667 καθόλου.
3257 5611 3415 5664 Ἀλλὰ
3466 5608 3602 5662 καθό

2032 5719 2179 5770 ἐστιν
2207 5714 2264 5765 ἐν
2301 5708 2412 5779 Υἱῷ
2446 5710 2536 5761 καὶ
2587 5706 2886 5770 Πνεὺςιατι,
2916 5704 3150 5766 πρᾶγμά
3203 5704 3371 5756 ὲκιν.
3418 5702 3466 5751 εξ
3504 5702 3625 5756 Lat
