3900 6216
286 386 356 448 39
1327 357 1773 426 REFUTATIO
1810 351 2053 417 MARCI
2091 348 2476 415 EPHESINI.
3440 339 3513 405 90

277 494 402 552 καθ’
435 489 594 546 ίαυτδ
640 486 853 542 ἐπίνοιά
887 501 971 547 τις
998 454 1145 535 τοῦτ’
1173 476 1290 533 ὲστί
1322 493 1337 509 ⁸
1369 474 1707 547 διακρίνεται
1728 469 1783 523 δὲ
1811 468 1840 521 6

1967 482 1997 520 η
2032 464 2167 521 Filio
2198 477 2253 521 ct
2286 466 2339 519 in
2379 464 2588 535 Spiritu
2624 470 2817 518 sancto
2849 474 2939 515 res
2986 455 3235 528 qua-dam
3265 462 3369 520 est,
3399 455 3507 511 etsi

284 588 407 649 Υἱὸς
434 583 530 637 xui.
554 581 617 634 τὸ
648 579 877 646 Πνεῦμα
921 573 1018 628 τοῦ
1058 572 1274 642 Πατρός
1327 571 1390 623 οὐ
1456 568 1535 637 τῷ
1586 561 1839 631 αἱτιατῷ,

280 675 414 731 καθὸ
460 664 584 726 καθ’
615 669 748 723 αὐτὸ
794 666 1085 735 θεωρεῖται
1136 660 1233 715 καὶ
1289 659 1363 717 ὡς
1416 658 1630 710 ἐπίνοια
1656 695 1671 717 ,
1708 652 1845 705 ἀλλὰ

278 767 357 838 τῷ
381 760 632 831 αίτιατῷ,
666 758 802 813 καθό
844 756 992 810 ἔστιν
1024 756 1080 807 ὲν
1109 752 1317 813 αὐτοῖς.
1354 748 1420 802 El
1457 749 1564 818 γὰρ
1615 743 1724 838 οὐδ’
1752 742 1845 795 επὶ

279 836 389 912 τῶν
418 854 653 908 κτιστῶν
685 852 864 912 ἄλλως
900 848 1045 919 ἔχειν
1074 844 1232 897 τοῦτο
1277 842 1502 896 δύναται
1529 877 1544 900 ,
1582 836 1748 907 σχολῇ
1780 848 1845 900 γε

281 952 371 1003 ἐπὶ
417 946 522 999 τῶν
581 944 741 997 θείων
775 940 1121 1010 προσώπων,
1162 929 1237 988 ὧν
1278 935 1310 987 ἡ
1342 932 1614 1001 διάκρισις
1652 925 1848 979 τελεω-

278 1041 414 1109 τάτη
445 1038 540 1090 καὶ
579 1030 944 1104 πραγματικὴ
978 1032 1129 1081 ἐστιν
1157 1066 1173 1090 ,
1202 1027 1303 1079 οὐκ
1353 1021 1593 1109 ἐπινοίας
1634 1016 1731 1109 καὶ
1760 1016 1846 1068 16-

278 1106 559 1198 100.6011
605 1125 706 1193 τὴν
741 1118 1039 1174 Σαϐελλίου
1095 1113 1367 1186 φλυαρίαν
1409 1111 1506 1165 καὶ
1543 1106 1774 1177 πλάνην.

343 1395 566 1448 Τούτων
598 1385 798 1441 τοίνυν,
824 1381 1009 1444 οὕτως
1052 1376 1289 1448 ἑχόντων
1341 1369 1694 1444 θαρρούντως
1751 1385 1849 1421 και

273 1483 496 1534 Λατῖνοι
522 1470 982 1543 συμπερανοῦσιν,
1021 1466 1097 1526 ὡς
1131 1464 1282 1517 ἔστιν
1307 1461 1415 1532 ἄρα
1436 1477 1488 1513 τι
1518 1459 1702 1512 κοινὸν
1726 1456 1849 1509 δυσὶ

275 1574 439 1641 μένον
467 1566 802 1637 προσώποις,
827 1561 903 1623 ὡς
929 1558 1045 1629 Υίῷ
1072 1558 1169 1612 καὶ
1191 1554 1473 1625 Πνεύματι
1495 1551 1559 1605 τὸ
1584 1548 1846 1607 αίτιατόν.

284 1639 441 1720 Ἐπεὶ
475 1666 532 1717 δὲ
559 1663 651 1715 καὶ
697 1659 759 1713 τὸ
791 1655 1057 1725 πέμπειν·
1101 1648 1196 1705 τοῦ
1235 1650 1540 1715 καταλόγου
1588 1644 1697 1698 τῶν
1727 1639 1849 1695 δυσὶ

271 1754 594 1825 προσώποις
621 1748 815 1802 κοινῶν
853 1743 1105 1797 ἐκϐαλεῖν
1158 1738 1542 1809 ἐπεχείρησεν,
1582 1735 1785 1803 ἴδωμεν
1814 1731 1852 1787 ἃ

274 1864 410 1918 φησι
446 1843 705 1910 καὶπερὶ
759 1838 955 1890 τούτου
1011 1831 1407 1902 ἔπιδρομάδην,
1463 1828 1537 1890 ὡς
1589 1827 1846 1897 ἐγχωρεῖ,

274 1941 362 1993 ἴνα
400 1936 482 2005 μὴ
514 1933 640 2005 δόξῃ
688 1948 740 1983 τι
770 1929 952 1998 λέγειν
996 1924 1246 1994 γενναῖον
1294 1921 1389 1974 καὶ
1415 1919 1664 1989 κρεῖττον
1701 1919 1849 2005 ἁντιέ

273 2004 489 2095 λογίας,
538 2004 637 2092 οὐχ
692 2022 776 2074 δτι
837 2014 1009 2085 πολλὴ
1055 2013 1312 2073 Λατίνοις
1342 2010 1559 2079 άνάγκη
1591 2007 1688 2061 καὶ⁵
1720 2004 1851 2076 περὶ

276 2119 482 2170 τούτων
516 2109 925 2179 ἀπολογεῖσθαι,
954 2105 1098 2170 ἐπεὶ,
1143 2101 1327 2164 καθὼς
1357 2102 1596 2170 εἴρηται,
1628 2098 1664 2151 ἃ
1719 2098 1851 2166 περὶ

278 2211 381 2264 τῶν
424 2205 629 2267 κοινῶς
690 2204 813 2256 δυσὶ
872 2197 1189 2270 προσώποις
1243 2194 1598 2264 ὑπαρχόντων
1635 2189 1851 2255 ἀξιοῦσι

278 2300 522 2362 Λατῖνοι,
547 2296 609 2349 o6
664 2295 762 2359 τὴν
812 2292 969 2356 δόξαν
1032 2286 1561 2349 κατασκευάζοντες,
1589 2282 1725 2335 ἀλλά
1753 2283 1853 2344 τὰς

282 2393 411 2462 πρδς
448 2390 628 2456 αὐτὴν
658 2384 965 2444 ἀντιθέσεις
1015 2379 1236 2441 λύοντας
1282 2376 1527 2445 λέγουσι.
1584 2373 1853 2445 Πρόθεσιν

278 2483 461 2537 τοίνυν
521 2478 661 2549 ἔχων
711 2475 904 2539 δεῖξαι,
964 2473 1047 2526 ὅτι
1079 2471 1140 2523 τδ
1188 2467 1431 2539 πέμπειν
1458 2467 1560 2520 οὐκ
1592 2466 1709 2518 ἔστι
1744 2463 1855 2518 τῶν

274 2575 393 2629 δυσὶ
424 2573 752 2642 προσώποις
786 2564 1006 2631 κοινῶν,
1033 2562 1226 2632 ὥσπερ
1248 2561 1370 2614 οὐδὲ
1393 2560 1455 2615 τδ
1484 2559 1748 2624 αίτιατδν,
1776 2556 1855 2622 ὡς

276 2666 411 2739 ᾤετο
444 2664 624 2727 δεῖξαι
648 2698 665 2723 ,
716 2658 989 2712 δείκνυσιν
1020 2658 1085 2708 ὲκ
1135 2653 1231 2707 τοῦ
1289 2652 1472 2723 τρισὶν
1518 2647 1660 2704 εἶναι
1696 2649 1857 2705 τοῦτο

278 2762 489 2822 κοινὸν,
545 2754 642 2809 καί
672 2768 863 2823 φησιν,
920 2750 1004 2803 ὅτι
1033 2748 1095 2802 τὸ
1127 2746 1447 2818 πέμπεσθαι
1479 2746 1577 2815 τὴν
1607 2743 1857 2798 εὐδοκίαν

275 2852 450 2921 δηλοῖ,
486 2847 629 2904 κατὰ
654 2847 747 2900 τὸν
768 2845 909 2898 θετον
934 2842 1235 2913 Γρηγόριον
1255 2853 1270 2870 ⁶
1296 2838 1407 2910 ἡδὶ
1433 2838 1653 2892 εὐδοκία
1678 2839 1854 2907 κοινήο

279 2948 372 3000 καὶ
406 2945 477 2996 το
506 2938 827 3010 πέμπεσθαι
858 2935 987 3006 ἄρα.
1045 2933 1265 3004 Πρῶτον
1311 2930 1493 2983 τοίνυν
1549 2929 1859 2999 ἁμαρτάνει

279 3035 406 3104 περὶ
434 3031 543 3085 τοῦ
573 3029 813 3098 πέμπειν
846 3024 1180 3095 προθέμενος
1208 3059 1223 3083 .
1262 3020 1393 3091 περὶ
1437 3020 1494 3073 δὲ
1519 3019 1615 3072 τοῦ
1643 3020 1861 3088 πέμπε-

282 3122 402 3177 σθαι
434 3117 792 3178 ἀποδεικνύς.
845 3115 1078 3167 Ἔπειτα
1106 3110 1199 3164 καὶ
1244 3108 1337 3162 τὸν
1389 3109 1609 3179 Πατέρα
1642 3110 1860 3178 πέμπε-

281 3211 407 3265 σθαι
437 3209 622 3275 λέγων
650 3205 726 3267 ὡς
756 3206 855 3259 καὶ
905 3202 1071 3256 αὐτὸν
1114 3198 1466 3266 εὐδοκοῦντα,
1515 3199 1653 3269 ὅπερ
1682 3199 1858 3261 οὐδεὶς

282 3299 460 3368 εἶπεν,
497 3299 643 3354 οὕτω
671 3298 834 3369 φόρει
865 3296 1044 3351 πάντα
1074 3296 1172 3347 καὶ
1218 3294 1441 3363 συγχέει
1477 3292 1686 3357 κακῶς.
1713 3290 1860 3346 Ἀλλ’

278 3396 308 3450 6
335 3396 490 3457 θεῖος
522 3391 826 3462 Γρηγόριος
879 3387 975 3456 τὴν
1022 3386 1330 3456 ἀποστολὴν
1361 3385 1617 3438 εὐδοκίαν
1669 3386 1857 3456 φησὶν,

282 3485 340 3536 οὐ
366 3484 474 3555 τὴν
502 3484 563 3534 ὲκ
594 3480 689 3533 τοῦ
714 3476 1164 3541 ἀποστέλλεσθαι,
1195 3475 1333 3529 ἀλλὰ
1358 3476 1461 3546 τὴν
1499 3476 1563 3527 ὲκ
1593 3476 1688 3529 τοῦ
1721 3477 1860 3529 απο-

266 3552 534 3630 ⁸στέλλειν
584 3570 1038 3645 παραγενομένην
1061 3586 1076 3601 ο
1136 3569 1217 3622 διδ
1245 3569 1338 3622 καί
1369 3585 1504 3639 φησι
1525 3584 1538 3599 ·
1566 3569 1677 3640 Τὴν
1708 3568 1857 3622 εὐδο.

282 3669 405 3723 κὶαν
442 3664 548 3721 τοῦ
584 3664 800 3736 Πατρός
829 3660 1134 3729 ἀποστολὴν
1165 3656 1308 3714 εἶναι
1343 3663 1587 3732 νόμισον,
1626 3664 1859 3716 ἀποστο-

283 3759 378 3829 λὴν
405 3758 661 3827 δηλονότι
688 3754 782 3808 τοῦ
820 3754 1033 3824 ﬂat-:96;
1071 3753 1147 3815 ὠς
1196 3754 1638 3818 ἀποστέλλοντος,
1685 3754 1860 3808 ὡσαν-

285 3852 335 3904 εὶ
384 3852 610 3916 λέγων·
665 3846 739 3900 Τὸ
790 3844 1144 3898 ἀποστέλλειν
1189 3845 1279 3896 τὸν
1335 3845 1551 3914 Πατέρα
1606 3846 1727 3899 ἀντὶ
1765 3845 1859 3900 τοῦ

281 3939 570 3997 εὐδοκεῖν
598 3939 764 3991 αὑτὸν
814 3934 1029 4006 νόησον.
1089 3937 1151 3989 El
1179 3936 1311 4004 γοῦν
1344 3955 1423 4000 τις
1471 3938 1859 4007 διορθούμενος

279 4032 370 4085 τὸν
397 4031 583 4100 ἄνδρα
610 4029 761 4097 λέγοι
793 4028 937 4080 κατὰ
965 4013 1215 4081 Λατίνων
1238 4043 1251 4057 ·
1292 4028 1496 4094 Ἔστω,
1531 4029 1592 4081 τὸ
1621 4031 1859 4099 πέμπειν

279 4124 378 4193 τὴν
435 4120 693 4173 εὐδοκίαν
736 4119 888 4185 δηλοί
920 4132 934 4148 ⁸
973 4121 1008 4188 ή
1048 4119 1105 4171 δὲ
1162 4118 1381 4171 εὐδοκία
1434 4117 1612 4188 κοινὴ,
1666 4121 1760 4172 καὶ
1794 4119 1857 4171 τὸ

281 4213 536 4281 πέμπειν
596 4207 703 4274 ἄρα
752 4211 954 4270 κοινὸν,
1011 4206 1152 4259 ὥστε
1209 4208 1271 4259 οὐ
1324 4206 1528 4275 μᾶλλόν
1581 4209 1698 4259 ἐστι
1732 4205 1856 4258 δυσὶ

284 4301 618 4371 προσώποις
649 4297 826 4350 κοινὸν
857 4297 893 4367 ἢ
920 4299 1011 4348 καὶ
1042 4299 1165 4357 ταῖς
1190 4298 1340 4365 τρισὶ
1373 4295 1696 4364 θεαρχικαίς
1727 4296 1860 4348 ὑπο-

285 4396 585 4446 στάσεσιν’
634 4390 770 4443 άλλά
805 4389 1023 4458 πρῶτον
1057 4390 1158 4458 μὲν
1204 4389 1313 4441 τῶν
1359 4384 1652 4457 αίρετ.κῶν
1676 4388 1861 4458 λεγόν-

284 4501 415 4544 των.
445 4483 773 4545 δεσποτείας
822 4480 1041 4551 ἀξίωμα
1079 4481 1175 4533 τὸν
1206 4479 1427 4552 Πατέρα
1453 4481 1589 4552 πρὸς
1614 4480 1705 4534 τόν
1734 4481 1866 4535 Υίδν

287 4575 457 4645 εχειν,
490 4575 575 4626 ὅτι
606 4574 848 4642 πέμπειν
897 4573 1057 4624 αὐτὸν
1091 4573 1183 4624 καὶ
1234 4574 1583 4642 πεπομφέναι
1619 4572 1863 4640 λέγεται,

286 4672 315 4720 6
345 4669 500 4728 θεῖος
527 4656 826 4735 Γρηγόριος
859 4663 1081 4733 θέλησιν
1130 4661 1268 4717 εἷναι
1308 4665 1406 4734 τὴν
1439 4666 1647 4733 πέμψιν
1680 4664 1863 4733 λέγει’

290 4760 360 4820 ὡς
390 4762 496 4811 ιάν
532 4773 614 4819 τις
648 4756 770 4811 ἀντὶ
824 4754 946 4821 τοῦ,
977 4753 1202 4820 Πέμπει
1227 4757 1262 4808 ὁ
1297 4756 1497 4824 Πατὴρ
1548 4758 1658 4810 τὸν
1704 4758 1862 4825 Υίὸν,

291 4852 437 4902 sinat
471 4847 811 4918 μεταλαϐὼν,
842 4848 923 4900 ὅτι
954 4847 1167 4900 εὐδοκεῖ
1197 4848 1392 4902 τοῦτον
1450 4849 1626 4902 ἐλθεῖν
1659 4853 1740 4912 είς
1771 4850 1867 4904 τὸν

292 4945 522 5013 κόσμον.
592 4942 653 4993 Ei
689 4940 819 5008 γοῦν
872 4942 906 5011 ἡ
965 4940 1184 5007 θέλησις
1210 4941 1320 4993 τῶν
1374 4942 1508 5012 πρὸς
1554 4944 1652 5013 τὴν
1690 4945 1869 4997 κτίσιν

292 5032 655 5104 χαρισμάτων
683 5030 838 5101 κοινή
870 5031 1038 5096 ἔστιν,
1074 5030 1191 5084 ἀλλ’
1218 5032 1253 5094 ἡ
1286 5031 1502 5102 θέλησις
1531 5033 1627 5085 τοῦ
1657 5032 1745 5085 διὰ
1774 5034 1867 5087 τοῦ

297 5127 429 5180 Tim)
460 5125 669 5195 ταύτην
697 5123 971 5192 γίνεσθαι,
1005 5122 1097 5176 τοῦ
1124 5124 1397 5194 ἡμετέρου
1444 5125 1688 5194 μεσίτου,
1725 5126 1871 5188 ίδίως

295 5219 540 5288 ὑπάρχει
582 5216 677 5269 τοῦ
712 5214 929 5285 Πατρός
952 5231 966 5244 ·
1017 5214 1079 5267 οὐ
1110 5217 1219 5283 γάρ
1265 5218 1382 5267 ἐστι
1416 5219 1507 5268 καὶ
1535 5215 1674 5289 αὕτη
1717 5219 1871 5289 κοινή

296 5326 357 5362 τε
396 5312 497 5364 καὶ
539 5311 1017 5379 ἀντιστρέφουσα·
1078 5310 1128 5359 εί
1162 5308 1272 5378 γὰρ
1310 5306 1375 5360 ἂν
1421 5308 1659 5379 ἠθέλησε
1721 5312 1816 5365 καὶ
1842 5313 1872 5363 6

297 5402 427 5464 Tib;
453 5401 541 5452 διὰ
568 5399 662 5452 τοῦ
689 5398 902 5468 Πατρός
938 5397 1145 5467 ταύτην
1181 5399 1445 5465 γίνεσθαι,
1499 5403 1591 5454 καὶ
1625 5402 1873 5472 ἐπεμψεν

301 5490 368 5544 ἂν
394 5493 426 5542 6
458 5489 581 5551 Υἱὸς
607 5489 687 5551 είς
707 5486 798 5540 τδν
828 5490 1034 5557 κόσμον
1061 5489 1154 5541 τὸν
1206 5489 1424 5559 Πατέρα
1452 5506 1468 5522 ο
1496 5491 1659 5544 τοῦτο
1685 5494 1741 5545 δὲ
1772 5495 1873 5546 οὐκ

302 5581 445 5632 ἐστι.
487 5580 594 5632 Καὶ
621 5578 675 5631 τί
703 5579 784 5632 δεῖ
815 5578 998 5646 λέγειν
1025 5582 1154 5648 περὶ
1201 5581 1409 5649 ταύτης
1444 5581 1539 5649 τῆς
1575 5582 1872 5651 θελήσεως,

304 5668 343 5746 ᾖ
375 5674 406 5723 6
435 5670 563 5736 6.6;
598 5672 747 5725 θέλει
774 5672 865 5723 τδν
892 5670 1018 5723 Υιδν
1048 5670 1342 5746 αὐτοῦιτδν
1376 5675 1645 5741 μονογενῆ
1677 5677 1757 5738 εἰς
1783 5677 1874 5729 τὸν

306 5739 512 5834 {dum
542 5764 752 5830 siﬂsiv;
783 5762 936 5817 Θέλει
982 5765 1077 5833 μὶν
1105 5765 1133 5816 ό
1182 5739 1603 5835 Πατὴρ-γεννᾷς]
1633 5739 1728 5833 {es
1764 5767 1874 5839 γὰρ

1896 4440 1944 4500 D

1944 558 2244 613 secundum
2276 572 2335 611 se
2369 557 2520 611 notio
2546 553 2797 625 quaedam
2821 559 2925 606 cst.
2950 548 3373 618 Distinguuntur
3405 561 3509 601 au-

1948 656 2055 702 tem
2092 647 2265 702 Filius
2288 654 2346 702 et
2379 647 2620 713 Spiritus
2641 661 2672 701 a
2708 643 2864 699 Patre
2893 643 3103 697 ratione
3132 638 3366 704 causati,
3399 651 3511 691 non

1945 749 2223 811 quatenus
2248 737 2553 793 secundum
2582 751 2639 791 se
2673 734 3060 791 consideratur
3088 740 3143 786 et
3171 738 3335 800 prout
3359 730 3512 783 notio

1945 836 2052 891 est,
2090 829 2186 883 sed
2222 827 2434 882 ratione
2463 826 2702 889 causati,
2732 835 3007 895 quatenus
3039 832 3125 877 est
3168 822 3223 874 in
3259 820 3415 890 ipsis.
3453 819 3509 872 Si

1945 919 2092 971 enim
2129 932 2198 971 ne
2226 918 2279 971 in
2310 919 2512 972 creatis
2535 916 2761 986 quidem
2803 915 2970 969 rebus
3005 927 3092 968 res
3132 913 3294 966 aliter
3318 926 3375 964 se
3413 910 3509 963 ha.

1908 1056 1909 1059 η
1949 1006 2080 1061 bere
2116 1016 2317 1076 poto-st,
2371 1006 2460 1061 vix
2508 1006 2565 1060 in'
2610 1006 2814 1060 divinis
2844 1005 3089 1076 personis
3135 1004 3187 1056 id
3220 1002 3509 1066 credibile.

1947 1111 2185 1166 quarum
2219 1097 2511 1151 distinctio
2537 1095 2938 1166 perfectissima
2975 1110 3040 1149 ac
3067 1095 3233 1149 rcalis
3264 1105 3371 1154 est,
3403 1108 3510 1147 nou

1947 1198 2251 1257 conceptus
2276 1201 2341 1243 ac
2372 1187 2626 1253 rationis,
2656 1194 2716 1242 ut
2748 1185 2972 1242 Sabellii
3002 1201 3162 1257 nugae
3183 1197 3511 1251 erroresque

1947 1279 2160 1334 volunt.

2022 1366 2147 1422 Haec
2196 1368 2363 1438 igitur
2382 1383 2505 1424 cum
2550 1367 2624 1424 ita
2675 1382 2733 1423 se
2761 1368 3036 1432 habeant,
3079 1364 3420 1421 conﬁdenter
3460 1371 3519 1418 et

1952 1459 2130 1514 Latini
2160 1461 2510 1525 concludant,
2540 1475 2660 1516 esse
2691 1460 2922 1530 proinde
2961 1461 3092 1531 quid
3132 1459 3345 1514 duabus
3376 1457 3518 1512 dun—

1951 1559 2098 1605 taxat
2120 1555 2368 1621 personis
2386 1567 2698 1619 commune,
2726 1561 2787 1607 ut
2820 1552 2959 1607 Filio
2990 1561 3045 1608 et
3070 1551 3297 1621 Spiritui
3326 1558 3517 1605 sancto

1951 1655 2017 1696 ex
2067 1656 2236 1697 causa
2287 1658 2428 1698 esse.
2464 1643 2732 1710 Quoniam
2777 1658 2909 1699 vero
2936 1653 2992 1699 et
3023 1644 3321 1697 missionem
3379 1642 3519 1715 (sive
3594 1694 3601 1700 .

1953 1737 2186 1804 mittere)
2225 1751 2289 1790 ex
2314 1751 2505 1791 eorum
2532 1753 2655 1807 qua;
2685 1736 2902 1793 duabus
2933 1737 3184 1808 personis
3214 1746 3342 1791 sunt
3367 1751 3518 1790 com-

1952 1826 2160 1889 munia,
2191 1825 2314 1880 albo
2339 1841 2653 1898 expungere
2680 1841 2743 1882 ac
2765 1827 2988 1883 demere
3009 1828 3308 1893 nitebatur,
3333 1827 3522 1881 videa-

1952 1932 2075 1973 mus
2103 1933 2225 1988 qua:
2252 1919 2386 1974 dicit
2423 1929 2478 1974 et
2523 1920 2669 1975 circa
2727 1919 2833 1975 hoc
2876 1920 3199 1975 festinanter
3224 1927 3279 1975 et
3318 1920 3520 1983 obiter,

1950 2010 2112 2079 prout
2130 2010 2317 2064 datum
2341 2021 2446 2077 est,
2474 2026 2542 2066 ne
2563 2010 2696 2081 quid
2735 2011 2968 2066 sublime
2997 2020 3158 2080 atque
3188 2010 3334 2064 omni
3356 2022 3520 2065 cxce-

1953 2101 2140 2168 ptione
2171 2100 2346 2168 majus
2380 2102 2565 2156 dicere
2606 2102 2877 2167 videatur,
2902 2119 3008 2156 non
3044 2117 3176 2157 vero
3208 2099 3356 2171 quod
3406 2114 3522 2153 ma-

1951 2206 2056 2260 gna
2083 2191 2293 2247 Latinis
2316 2193 2597 2249 incumbat
2625 2194 2928 2250 necessitas
2943 2203 3003 2277 et
3033 2194 3101 2249 de
3143 2195 3229 2248 bis
3250 2193 3525 2249 defensio-

1954 2299 2077 2338 nem
2105 2283 2370 2355 proferre,
2402 2286 2867 2355 quandoquidem,
2922 2296 2983 2341 ut
3018 2288 3127 2356 jam
3159 2285 3364 2340 dictum
3415 2293 3524 2348 est,

1955 2392 2075 2448 quae
2126 2377 2196 2433 de
2258 2379 2327 2433 lis
2383 2393 2505 2448 qua;
2569 2379 2938 2432 communiter
2990 2378 3203 2432 duabus
3272 2380 3525 2446 personis

1955 2471 2308 2536 conveniunt,
2338 2479 2581 2525 statuunt
2606 2468 2807 2535 Latini,
2853 2484 2915 2524 ea
2947 2484 3055 2524 non
3100 2470 3165 2524 ad
3195 2470 3523 2524 sententiam

1956 2576 2109 2618 suam
2145 2563 2479 2634 probandam
2510 2563 2724 2628 dicunt,
2745 2577 2933 2617 verum
2965 2561 3031 2617 ad
3058 2561 3397 2632 obiectiones
3427 2560 3524 2615 ad-

1957 2670 2151 2710 versus
2205 2656 2456 2711 eamdem
2521 2665 2697 2710 motas
2742 2652 3141 2709 dissolvendas.
3189 2652 3360 2724 Igitur
3407 2652 3578 2724 ipse‘

1959 2746 2216 2817 (Marcus)
2241 2748 2369 2802 dum
2396 2745 2736 2816 propositum
2772 2744 2959 2808 habet,
2980 2756 3038 2799 ut
3069 2745 3281 2814 probet,
3309 2746 3527 2803 mittere

1959 2851 2055 2891 seu
2091 2837 2409 2891 missionem
2462 2838 2693 2892 activam
2745 2852 2854 2892 non
2893 2852 3014 2893 esse
3038 2853 3105 2892 ex
3148 2837 3213 2894 iis
3242 2854 3362 2908 qua:
3399 2840 3532 2894 dua-

1960 2927 2065 2983 bus
2099 2930 2349 2997 personis
2363 2938 2491 2983 sunt
2515 2929 2852 2994 communia,
2872 2931 3327 2999 quemadmodum
3353 2946 3532 3002 neque

1961 3036 2025 3077 ex
2057 3035 2220 3076 causa
2255 3037 2397 3087 esse,
2434 3031 2493 3076 ut
2522 3023 2749 3093 putabat
2776 3037 2837 3077 se
2867 3023 3194 3090 ostendisse,
3222 3039 3287 3079 ex
3323 3040 3389 3080 eo
3414 3040 3529 3082 rem

1882 3135 1928 3197 α
1965 3110 2176 3181 probat,
2205 3113 2352 3181 quod
2386 3112 2563 3167 tribus
2598 3113 2650 3168 id
2687 3114 2758 3169 sit
2779 3128 3090 3177 commune,
3123 3125 3179 3169 et
3208 3116 3281 3169 ita
3310 3119 3533 3172 conclu-

1964 3202 2042 3257 dit
2076 3220 2090 3257 :
2122 3201 2262 3256 Mitti
2294 3204 2411 3273 (seu
2450 3203 2638 3259 missio
2688 3204 2925 3276 passiva)
2962 3202 3189 3260 denotat
3219 3207 3528 3279 bencplaci-

1965 3301 2079 3348 tum
2114 3295 2419 3349 secundum
2446 3294 2636 3348 divum
2678 3296 3039 3364 Gregorium;
3081 3299 3231 3368 atqui
3274 3299 3530 3370 benepla-

1962 3387 2130 3441 citum
2185 3395 2270 3442 est
2328 3400 2649 3452 commune;
2701 3402 2833 3457 ergo
2893 3397 2950 3443 et
3002 3386 3165 3442 mitti.
3223 3389 3301 3443 Ae
3355 3390 3535 3460 primo

1964 3476 2186 3546 quidem
2221 3479 2274 3530 in
2302 3492 2369 3531 eo
2402 3484 2608 3546 peccat,
2634 3478 2778 3546 quod
2803 3476 2870 3531 de
2898 3476 3157 3531 missione
3185 3479 3361 3533 activa
3401 3496 3533 3550 pro-

1964 3570 2206 3640 positum
2261 3570 2472 3625 habens
2528 3584 2641 3624 rem
2684 3568 2918 3639 probare
2940 3585 3172 3624 certatur
3193 3571 3261 3626 de
3313 3572 3534 3641 passiva

1966 3662 2248 3727 missione.
2284 3662 2492 3717 Deinde
2535 3660 2663 3715 dum
2694 3660 2850 3725 dicit,
2908 3660 3073 3715 etiam
3108 3662 3322 3717 Patrem
3365 3666 3535 3731 mitti,

1968 3765 2154 3824 utpote
2182 3756 2272 3824 qui
2303 3762 2360 3808 et
2388 3754 2506 3823 ipse
2530 3754 2929 3825 bcneplacitum
2955 3753 3172 3819 habeat,
3198 3756 3342 3825 quod
3372 3773 3532 3813 nemo

1964 3845 2124 3909 dixit,
2178 3846 2256 3899 sic
2309 3854 2506 3898 cuncta
2546 3845 2743 3898 misere
2772 3844 3061 3899 confundit
3088 3860 3152 3900 ac
3191 3851 3530 3905 c0mmiscet.

1970 3936 2189 3998 Verum,
2219 3936 2316 3996 ait,
2341 3933 2500 3989 divus
2526 3931 2825 4003 Gregorius
2853 3932 3171 3987 missionem
3202 3933 3338 3990 dicit
3371 3937 3539 3992 bette-

1966 4026 2246 4098 placitum.
2281 4026 2350 4081 At
2379 4040 2484 4079 non
2515 4039 2655 4089 eam,
2692 4038 2799 4093 qua
2826 4023 2950 4094 quis
2975 4025 3233 4092 mittitur,
3262 4029 3353 4083 sed
3388 4043 3534 4095 eam,

1965 4136 2072 4190 qua
2101 4119 2303 4185 mittit;
2337 4117 2540 4171 idcirco
2592 4124 2648 4170 et
2678 4113 2816 4169 dicit
2850 4131 2865 4169 :
2900 4115 3307 4186 Beneplacitum
3362 4119 3537 4174 Patris

1966 4210 2284 4265 missionem
2344 4223 2463 4264 esse
2493 4220 2644 4278 puta,
2697 4207 3016 4262 missionem
3056 4207 3313 4264 videlicet
3362 4211 3539 4267 Patris

1966 4301 2353 4367 utmitteutis;
2405 4315 2469 4354 ac
2520 4301 2567 4355 si
2599 4301 2839 4356 diceret:
2903 4298 3120 4355 Patrem
3168 4302 3382 4357 mittere
3436 4320 3540 4372 pro

1967 4392 2353 4461 beneplacitum
2378 4391 2567 4445 habere
2600 4392 2862 4462 intellige.
2896 4390 2953 4447 Si
2997 4392 3165 4464 igitur
3193 4394 3318 4463 quis
3358 4395 3536 4448 virum

1972 4484 2117 4537 hunc
2142 4483 2423 4552 corrigens
2450 4482 2718 4537 adversus
2760 4481 2984 4538 Latinos
3017 4483 3186 4539 dicit:
3229 4485 3382 4552 Esto,
3415 4485 3541 4539 mit-

1972 4585 2087 4630 tere
2128 4574 2531 4644 beneplacitum
2567 4573 2830 4639 denotet;
2863 4585 2919 4629 at
2955 4575 3358 4644 beneplacitum
3385 4592 3537 4632 com-

1971 4682 2135 4721 mune
2151 4675 2274 4735 est”;
2303 4682 2430 4733 ergo
2449 4675 2504 4720 et
2535 4664 2792 4731 mittere;
2819 4666 2965 4722 unde
2996 4681 3100 4721 non
3135 4668 3540 4739 magis’duabus

1972 4758 2217 4827 personis
2241 4773 2531 4813 commune
2551 4767 2816 4828 estquam
2845 4757 3021 4813 tribus
3043 4758 3247 4815 divinis
3275 4760 3536 4831 ltyposta-

1970 4851 2143 4914 sibus,
2180 4850 2306 4904 huic
2339 4849 2408 4903 ita
2442 4850 2842 4919 respondemus
2874 4851 3094 4905 :Primo
3124 4868 3247 4907 cum
3296 4855 3538 4908 haeretici

1970 4941 2239 5001 dicerent.
2291 4940 2491 4993 domini
2555 4940 2879 5010 dignitatem
2914 4940 3118 4998 habere
3175 4941 3388 4996 Patrem
3426 4960 3539 5012 prae

1971 5030 2131 5094 Filio,
2158 5030 2286 5101 quia
2318 5030 2465 5085 hunc
2506 5020 2722 5085 mittere
2750 5043 2805 5084 et
2849 5031 3062 5085 tnisisse
3091 5031 3313 5096 dicitur,
3372 5033 3532 5087 dwus

1971 5120 2264 5191 Gregorius
2292 5121 2624 5176 voluntatem
2664 5138 2784 5177 esse
2834 5122 3152 5176 missionem
3205 5124 3359 5189 dicit,
3398 5140 3460 5178 ac
3489 5139 3533 5177 sa

1973 5215 2096 5281 quis
2117 5227 2216 5282 pro
2235 5228 2300 5266 eo
2324 5223 2383 5266 ut
2404 5214 2569 5278 dicat,
2594 5211 2758 5267 Mittit
2784 5212 2940 5266 Pater
2964 5212 3187 5278 Filium,
3217 5218 3540 5284 exponendo

1966 5301 2281 5370 'aiiirmaret,
2308 5306 2451 5359 Patri
2483 5305 2912 5374 beneplacuissc,
2939 5314 2997 5358 ut
3038 5305 3207 5360 Elius
3233 5312 3447 5361 veniret
3482 5309 3538 5361 in

1975 5401 2260 5455 mundum.
2285 5401 2342 5456 Si
2375 5402 2558 5469 itaque
2584 5401 2838 5454 voluntas
2870 5400 3262 5455 beneficiorum
3293 5401 3360 5455 ad
3386 5419 3541 5455 crea-

1976 5503 2150 5547 turam
2209 5492 2674 5547 dctnittcudurum
2712 5493 3023 5546 communis
3072 5498 3172 5552 est.
3210 5501 3388 5545 tamen
3445 5508 3542 5542 vn-

1974 5583 2176 5646 luntas,
2212 5593 2268 5637 ut
2296 5599 2392 5653 per
2425 5585 2618 5638 Filium
2640 5598 2705 5638 ea
2734 5584 2845 5648 llat,
2880 5592 3123 5637 nostrum
3157 5582 3539 5650 mediatorem,

1975 5674 2197 5743 prOprie
2219 5672 2393 5728 Patris
2426 5684 2540 5739 est;
2579 5689 2687 5729 non
2727 5675 2873 5728 cnim
2897 5684 2952 5728 et
2972 5673 3093 5753 iniec
3125 5675 3434 5729 communis
3456 5684 3542 5728 est

1976 5780 2038 5819 ac
2066 5763 2475 5833 convertibilis;
2504 5781 2665 5821 secus
2687 5766 2832 5820 enim
2866 5774 2921 5820 et
2957 5764 3125 5820 Filius
3155 5765 3414 5821 voluissrt
3443 5778 3547 5832 per
