3900 6216
374 332 442 396 9'1
1599 333 1928 397 GEORGII
1961 317 2380 394 SCHOLARII
3129 401 3136 406 _
3540 319 3606 379 92

376 441 590 494 Patrem
621 452 738 491 eam
799 437 911 490 ﬁeri
961 448 1016 493 et
1065 439 1117 493 in
1172 443 1433 496 mundum
1475 444 1644 498 Filius
1708 447 1944 500 misisset

2054 444 2229 513 εικων)
2259 459 2273 474 ⁸
2309 441 2450 494 θέλει
2485 439 2540 492 δὲ
2564 439 2593 491 6
2629 438 2754 498 Υιδς
2792 439 2857 508 τῇ
2892 438 3028 507 αὐτῇ
3065 425 3282 505 θελήσει
3314 436 3377 502 γε
3416 433 3604 486 νᾶσθαι

374 531 609 580 I’nlrctlt.
638 528 705 580 Et
728 528 857 596 quid
896 540 1113 596 oportet
1146 532 1326 584 dicere
1355 533 1420 587 de
1473 535 1574 586 liae
1633 536 1934 598 voluntate,

374 635 480 687 qua
511 619 651 672 Deus
684 619 880 672 Filium
908 635 1066 674 suum
1121 622 1459 690 unigenitum
1493 626 1604 678 vult
1649 626 1836 679 venire
1883 628 1934 678 in

373 709 677 761 mundum?
711 709 835 762 Vult
889 710 1046 764 Pater
1091 727 1353 782 generare
1423 720 1623 783 (neque
1659 717 1805 768 enim
1859 715 1940 767 in-

374 802 522 855 vitus
548 803 817 870 generat);
842 804 958 857 vult
982 803 1152 858 Filius
1177 810 1364 859 eadem
1389 808 1666 860 voluntate
1689 805 1938 875 generari

375 893 572 960 (neque
593 891 736 946 enim
771 905 1065 962 generatur
1093 899 1338 962 invitus).
1364 899 1457 950 sed
1495 914 1600 950 non
1643 899 1721 951 sic
1752 898 1938 950 cadent

376 983 678 1046 voluntate,
708 993 766 1035 ut
795 983 954 1038 Pater
983 988 1233 1055 generari
1261 989 1412 1050 velit,
1437 990 1580 1056 quod
1611 989 1724 1040 vult
1750 987 1938 1048 Filius,

374 1073 456 1126 vel
489 1073 656 1128 Filius
683 1089 965 1144 generare,
998 1079 1142 1146 quod
1173 1079 1288 1130 vult
1315 1079 1491 1132 Pater.
1519 1079 1583 1132 Et
1618 1095 1833 1132 rursum
1859 1087 1944 1131 est

372 1161 544 1218 Filius
581 1181 648 1218 ex
671 1167 953 1221 voluntate
985 1170 1102 1230 Dei,
1149 1169 1452 1222 secundum
1488 1171 1812 1238 theologos;
1860 1176 1945 1222 est

373 1270 437 1308 ex
463 1270 525 1308 ea
553 1267 607 1309 et
647 1258 886 1326 Spiritus
914 1271 1173 1324 sanctus;
1215 1269 1294 1312 est
1326 1277 1391 1314 ex
1440 1277 1502 1315 ea
1557 1273 1613 1315 et
1659 1270 1943 1322 creatura;

373 1346 466 1399 sed
497 1350 794 1400 secundum
839 1351 1058 1404 modum
1097 1352 1395 1412 diversum,
1439 1353 1566 1406 licet
1597 1353 1788 1406 eadem
1846 1366 1944 1404 vo-

373 1435 554 1488 luntas
583 1438 654 1491 sit
687 1440 737 1491 in
767 1440 942 1493 Patre.
983 1442 1156 1495 Facile
1192 1443 1376 1511 itaque
1403 1444 1445 1496 si
1482 1443 1604 1511 quis
1625 1441 1946 1511 simpliciter

374 1527 442 1578 de
467 1527 652 1581 divina
683 1531 958 1584 voluntate
1011 1531 1284 1600 loquatur,
1328 1534 1472 1585 hunc
1501 1533 1557 1585 in
1610 1533 1774 1585 multa
1808 1532 1945 1584 inci-

374 1617 504 1671 dere
549 1620 782 1672 absurda
839 1621 1188 1673 manifestum
1233 1636 1355 1675 erse
1409 1634 1560 1689 puto.
1618 1622 1670 1675 Si
1703 1636 1833 1690 ergo
1892 1629 1948 1674 ct

375 1708 510 1762 velle
542 1720 597 1762 et
626 1711 1021 1776 bencplacitum
1052 1713 1252 1765 habere
1287 1713 1490 1764 divinis
1523 1712 1771 1779 personis
1796 1727 1946 1764 cotti-

2045 535 2148 604 (οὗ
2175 540 2238 599 γὶι
2251 550 2282 599 ρ
2333 530 2544 597 ἄκων),
2585 527 2700 579 ἀλλ’
2749 528 2847 595 οὐχ
2876 526 3019 580 οὕτω
3049 531 3111 593 τῇ
3142 526 3303 593 αὐτῇ,
3335 523 3476 575 ὥστε
3518 526 3603 574 τὸν

2049 626 2146 691 μὲν
2185 622 2402 690 Πατέρα
2434 619 2608 670 θέλειν
2631 617 2956 684 γεννᾶσθαι,
2986 617 3012 668 ὃ
3041 616 3185 668 θέλει
3223 619 3250 666 6
3289 615 3437 676 )‘1‘4,
3461 614 3494 680 ἢ
3522 615 3610 664 τὸν

2045 715 2172 766 Υἰὸν
2201 713 2380 766 θέλειν
2414 703 2632 779 γεννᾷν,
2667 711 2806 777 ὅπερ
2832 710 2859 760 ό
2897 708 3086 774 Πατὴρ
3120 707 3285 758 θέλει.
3319 706 3426 756 Καὶ
3459 705 3610 755 πάλιν

2046 804 2161 855 ἐστὶ
2192 803 2289 872 μὲν
2315 803 2342 854 ὁ
2367 802 2492 862 Υἱὸς
2515 802 2579 851 ὲκ
2603 800 2699 868 τῆς
2726 798 2821 850 τοῦ
2841 796 2975 848 Θεοῦ
2998 796 3289 864 θελήσεως,
3317 795 3456 847 κατὰ
3487 794 3611 849 τοὺς

2050 895 2334 960 θεολόγους
2357 908 2370 921 ·
2405 894 2525 945 ἔστι
2558 893 2616 944 δὲ
2643 891 2740 944 καὶ
2772 892 2833 942 τὸ
2860 889 3084 958 Πνεῦμα
3115 890 3174 940 τὸ
3206 888 3384 953 ἅγιον,
3416 886 3530 937 ἐστι
3559 885 3612 935 δὲ

2051 986 2143 1036 καὶ
2174 987 2207 1052 ὴ
2246 984 2455 1046 κτίσιςο
2513 982 2648 1034 ἀλλὰ
2694 982 2833 1033 κατὰ
2881 981 3138 1051 διάφορον
3181 983 3407 1046 τρόπον,
3437 977 3611 1028 καίτοι

2049 1076 2146 1142 τῆς
2180 1075 2349 1144 αὐτῆς
2376 1075 2647 1145 θελήσεως
2676 1072 2845 1140 oberit:
2867 1075 2924 1124 ὲν
2950 1072 3028 1141 τῷ
3059 1072 3253 1138 Πατρί.
3283 1069 3410 1123 Ὀτι
3437 1072 3613 1121 τοίνυν

2051 1153 2105 1218 εί
2133 1183 2217 1229 τις
2239 1167 2424 1228 ἁπλῶς
2453 1167 2582 1236 περὶ
2612 1167 2709 1234 τῆς
2742 1165 2894 1226 θείας
2934 1164 3086 1230 λέγοι
3117 1164 3407 1231 θελήσεως,
3435 1162 3612 1230 ᾴᾲδιῆν

2050 1259 2202 1309 ἐστιν
2229 1257 2390 1310 αὐτὸν
2427 1258 2643 1319 πολλοῖς
2675 1257 2898 1318 ἀτόποις
2951 1257 3273 1324 περιπεσεῖν
3294 1293 3309 1317 ,
3355 1255 3616 1320 πρόδηλον

2049 1349 2242 1416 δήπου.
2280 1349 2340 1400 Εἰ
2365 1347 2492 1414 γοῦν
2514 1349 2610 1401 καὶ
2640 1347 2698 1399 τὸ
2731 1347 2908 1399 θέλειν
2934 1348 3030 1398 καὶ
3067 1346 3130 1398 τὸ
3167 1347 3410 1396 εὐδοκεῖν
3439 1344 3619 1396 κοινόν

2052 1441 2169 1490 ἐστι
2199 1441 2310 1500 τοῖς
2334 1439 2500 1501 θείοις
2530 1439 2846 1508 προσώποις
2873 1439 3007 1507 πρὸς
3040 1438 3140 1506 τὴν
3166 1439 3364 1496 κτίσιν,
3392 1435 3505 1486 ἀλλ’
3556 1434 3618 1485 οὐ

2051 1533 2138 1583 διὰ
2161 1531 2319 1583 τοῦτο
2343 1534 2437 1583 καὶ⁸
2464 1531 2524 1583 τὸ
2547 1533 2788 1599 πέμπειν
2817 1532 2933 1582 ἐστὶ
2959 1529 3159 1591 κοινὸν,
3190 1532 3237 1579 εἰ
3274 1529 3368 1580 καὶ
3401 1527 3460 1578 τὸ
3483 1528 3619 1594 πέμ·-

2055 1641 2181 1674 πειν
2214 1623 2274 1674 τὸ
2321 1623 2562 1674 εὐδοκείν
2621 1621 2716 1673 καὶ
2750 1620 2808 1672 τὺ
2840 1619 3017 1671 θέλειν
3059 1620 3347 1687 σημαίνειν
3406 1614 3552 1668 εἶπεν
3589 1621 3617 1668 6

2056 1716 2198 1776 θεῖος
2255 1714 2577 1783 Γρηγόριος,
2634 1713 2743 1764 οὐδ’
2783 1707 2864 1773 οἷς
2896 1713 3014 1763 ἐστι
3066 1711 3266 1770 κοινὸν,
3329 1711 3502 1778 πάντη
3530 1710 3619 1761 τον

377 1815 540 1851 mune
567 1809 649 1852 est
681 1801 846 1852 relate
866 1801 930 1853 ad
962 1812 1294 1865 creaturam,
1320 1811 1558 1855 attamen
1587 1817 1694 1853 non
1724 1811 1947 1868 propter

2054 1805 2209 1858 αὐτόν
2238 1805 2355 1856 ἐστι
2387 1803 2590 1872 τρόπον
2624 1802 2804 1854 κοινὸν
2856 1801 2917 1865 ἐξ
2951 1802 3219 1870 ἀνάγκης.
3253 1802 3468 1868 Πέμπει
3513 1799 3622 1869 γάρ

376 1889 480 1941 hoc
507 1899 564 1942 et
599 1890 813 1941 mittere
846 1905 1135 1942 commune
1164 1900 1271 1954 est,
1309 1892 1558 1958 quamvis
1607 1893 1824 1944 mittere
1868 1893 1945 1943 si-

374 1979 631 2046 gniﬁcare
661 1979 990 2033 voluntatem
1022 1990 1078 2034 et
1108 1979 1507 2050 beneplacitum
1539 1982 1700 2034 ditus
1733 1981 1941 2050 Grego-

374 2071 491 2122 rius
519 2070 717 2123 dixerit
744 2086 758 2134 ;
794 2084 973 2138 neque
1005 2071 1208 2138 quibus
1239 2085 1530 2126 commune
1561 2083 1665 2136 est,
1696 2074 1763 2125 iis
1795 2089 1948 2142 pror-

373 2175 468 2214 sus
497 2163 690 2215 eodem
735 2164 895 2215 modo
923 2177 1215 2216 commune
1261 2165 1332 2217 sit
1381 2179 1608 2218 necesse
1651 2172 1751 2217 est.
1781 2164 1946 2217 Mittit

372 2252 520 2305 enim
572 2252 766 2305 Filium
828 2253 1009 2317 Pater,
1054 2256 1223 2308 mittit
1253 2270 1378 2308 eum
1435 2271 1654 2324 quoque
1710 2256 1947 2326 Spiritus

373 2354 634 2409 sanctus;
674 2346 768 2399 sed
802 2347 962 2400 Pater
1017 2359 1142 2399 eum
1199 2348 1364 2401 mittit
1398 2359 1456 2402 ut
1485 2349 1654 2402 Deum
1679 2359 1732 2403 et
1764 2360 1820 2402 ut
1851 2351 1948 2402 lio-

375 2438 575 2491 minem
607 2453 753 2506 (nam
783 2441 1000 2493 axioma
1034 2439 1165 2493 illud
1195 2457 1208 2494 :
1239 2440 1418 2494 Deitas
1474 2458 1576 2493 nou
1611 2443 1840 2494 mittitur
1868 2443 1948 2510 (st)

373 2531 442 2585 de
491 2532 768 2584 communi
823 2532 1050 2585 notione
1081 2533 1228 2585 vocis
1280 2516 1421 2584 iam
1482 2533 1829 2601 intelligitur.
1860 2535 1949 2588 cui

373 2621 534 2674 simul
601 2621 759 2674 adest
811 2630 926 2673 tum
991 2621 1209 2674 servilis
1260 2624 1548 2676 ministerii
1585 2624 1797 2688 modus,
1834 2639 1947 2678 tum

374 2713 637 2765 transitus
661 2711 962 2764 secundum
1002 2712 1220 2765 modum
1258 2723 1312 2766 et
1367 2724 1602 2782 tempus,
1636 2731 1742 2768 non
1768 2725 1949 2769 autem

373 2801 440 2855 de
493 2802 606 2870 ipsa
643 2805 875 2866 actione,
934 2817 1040 2871 qua
1098 2804 1352 2867 mittitur,
1380 2807 1444 2857 iis
1503 2807 1759 2860 omnibus
1821 2808 1950 2860 abs-

375 2893 568 2946 tractis
593 2893 660 2946 ab
709 2910 796 2956 ea,
817 2909 938 2963 qua:
972 2909 1033 2947 ex
1059 2897 1335 2948 communi
1370 2896 1590 2949 notione
1613 2902 1950 2962 sumuntur).

379 2985 542 3039 Mittit
565 2985 748 3053 igitur,
771 2987 1012 3054 inquam,
1040 2985 1199 3041 Pater
1226 2987 1421 3040 Filium
1453 2997 1579 3040 etut
1615 2988 1780 3040 Deum
1812 2999 1865 3042 et
1895 3000 1952 3041 ut

382 3078 654 3129 hominem
687 3091 699 3140 ;
759 3078 852 3130 sed
885 3078 1124 3146 Spiritus
1156 3076 1354 3130 Filium
1393 3078 1560 3132 mittit
1606 3081 1950 3133 solummodo

379 3168 754 3222 ntliominem.
777 3167 832 3222 Si
872 3185 998 3222 vero
1039 3179 1223 3237 posset
1251 3168 1488 3237 Spiritus
1514 3185 1638 3221 eum
1682 3181 1743 3223 ut
1779 3170 1943 3223 Deum

373 3275 594 3329 quoque
625 3263 860 3321 mittere,
901 3269 1138 3314 attamen
1174 3261 1227 3314 id
1265 3277 1374 3314 non
1415 3262 1616 3316 faceret
1641 3263 1942 3317 secundum

375 3351 674 3421 generandi
744 3351 1113 3421 operationem
1164 3353 1308 3406 sicut
1355 3353 1513 3406 Pater
1561 3354 1747 3422 (mittit
1797 3357 1945 3409 enim

377 3449 537 3499 Pater
590 3443 1176 3513 Filiumgcnerando),
1223 3459 1396 3512 neque
1428 3448 1728 3500 secundum
1782 3449 1943 3501 aliam

374 3536 686 3607 quampiam
747 3535 1014 3606 ejusmodi
1074 3537 1468 3604 operationem,
1501 3539 1596 3591 sed
1645 3541 1944 3594 secundum

375 3629 604 3697 simplex
661 3629 932 3697 quoddam
986 3628 1390 3697 beneplaeitum
1451 3630 1535 3683 vel
1586 3631 1944 3696 voluntatem,

376 3734 482 3787 qua
508 3720 622 3772 vult
651 3719 848 3772 Filium
884 3735 951 3772 ex
983 3718 1140 3772 Patre
1181 3720 1349 3774 mitti.
1384 3714 1594 3775 Pariter
1644 3719 1830 3788 mittit,
1892 3736 1951 3778 ut

377 3807 430 3861 in
457 3811 710 3862 confesso
742 3819 848 3872 est,
880 3820 936 3864 et.
990 3809 1147 3864 Pater
1178 3820 1233 3864 et
1291 3811 1460 3865 Filius
1495 3812 1760 3880 Spiritum
1820 3830 1947 3868 san-

375 3909 525 3953 ctum
551 3911 714 3970 atque
754 3900 946 3954 eodem
980 3902 1168 3966 modo,
1203 3905 1330 3970 quia
1365 3905 1667 3957 secundum
1701 3909 1944 3959 eamdem

378 3991 712 4061 producendi
770 3993 1170 4061 operationem,
1216 4002 1271 4046 et
1301 3996 1344 4048 si
1407 3995 1623 4048 mittere
1663 4005 1746 4050 est
1783 3997 1949 4051 benc-

377 4084 634 4153 plaeitum
690 4085 888 4137 habere
932 4094 1097 4153 atque
1155 4083 1558 4151 beneplacuum
1629 4099 1945 4149 commune,

379 4189 559 4230 tamen
614 4175 848 4243 Spiritus
891 4167 1109 4228 sanctus
1164 4191 1273 4228 non
1345 4175 1550 4228 dicitur
1601 4187 1656 4229 et
1709 4179 1947 4244 scipsuin

378 4273 596 4323 mittere
623 4287 636 4326 ;
671 4284 793 4320 nam
825 4267 1126 4321 secundum
1161 4267 1361 4320 nullam
1414 4272 1808 4336 operationem,
1831 4287 1952 4340 quae

379 4362 489 4414 Deo
523 4365 593 4414 sit
649 4359 1020 4423 conveniens,
1061 4357 1300 4425 seipsum
1366 4359 1552 4424 mittit,
1612 4361 1956 4431 quandoqui-

2045 1899 2137 1951 τὸν
2168 1897 2297 1949 Υἱδν
2323 1896 2351 1947 6
2381 1895 2592 1962 Πατὴρ,
2628 1896 2842 1963 πέμπει
2873 1893 2930 1947 δὲ
2952 1892 3142 1946 τοῦτον
3173 1895 3267 1946 καὶ
3296 1895 3356 1944 τὸ
3399 1889 3623 1958 Πνεῦμα

2045 1989 2106 2040 τὸ
2142 1988 2296 2055 ἆγιον
2321 2001 2334 2016 ⁸
2393 1985 2510 2039 ἀλλ’
2541 1989 2569 2038 ὁ
2611 1989 2707 2054 μὲν
2755 1984 2942 2053 Πατὴρ
2993 1984 3068 2047 ὼς
3115 1984 3248 2035 Θεὸν
3281 1984 3373 2034 καὶ
3425 1983 3497 2042 ὡς
3529 1984 3625 2034 ἄν-

2046 2083 2264 2148 θρωπον
2297 2077 2389 2147 (τὸ
2422 2078 2552 2146 γάρ,
2588 2078 2805 2142 Θεότης
2835 2077 2946 2129 οὐκ
2987 2075 3453 2135 ἀποστέλλεται,
3493 2074 3624 2142 περὶ

2044 2170 2143 2239 τῆς
2166 2169 2348 2236 κοινῆς
2367 2169 2579 2230 ἐννοίας
2599 2168 2696 2235 τῆς
2720 2165 2812 2218 τοῦ
2836 2165 3326 2219 ἀποστέλλεσθαι
3347 2157 3618 2234 νοεῖται,

2047 2261 2294 2311 σύνεστιν
2321 2258 2348 2309 ὃ
2379 2273 2440 2310 τε
2471 2256 2572 2325 τῆς
2600 2255 2856 2324 δουλικῆς
2883 2255 3190 2325 ὑπουργίας
3233 2255 3434 2326 τρόπος
3463 2255 3556 2307 καὶ
3585 2257 3619 2322 ὴ

2046 2352 2191 2405 κατά
2216 2367 2274 2404 τε
2299 2351 2500 2422 τρόπον
2527 2350 2622 2404 καὶ
2655 2342 2848 2420 χρόνον
2883 2347 3207 2414 μετάϐασις,
3255 2349 3315 2399 οὐ
3360 2350 3470 2416 μὴν
3493 2345 3624 2414 περὶ

2047 2447 2146 2514 τῆς
2175 2442 2460 2512 ἐνεργείας
2491 2444 2662 2509 αὐτῆς
2685 2441 2782 2495 τοῦ
2815 2439 3252 2492 ἀποστέλλεσθαι
3287 2439 3389 2509 (1),
3419 2438 3624 2491 τούτων

2049 2536 2309 2587 ἁπάντων
2337 2531 2750 2603 ἀφαιρεθέντων
2790 2531 2981 2600 αὐτῆς,
3038 2529 3185 2598 ἅπερ
3215 2529 3280 2580 ὲκ
3308 2526 3408 2596 τῆς
3437 2526 3626 2596 κοινῆς

2048 2623 2260 2692 ἑννοίας
2299 2624 2648 2692 λαμϐάνεται
2672 2622 2715 2690 ).
2770 2621 2985 2688 Πέμπει
3027 2620 3208 2671 τοίνυν
3252 2618 3282 2668 6
3319 2618 3507 2686 Πατὴρ
3536 2617 3627 2668 τὸν

2055 2716 2181 2767 Υἱὸν
2204 2715 2298 2766 καὶ
2319 2713 2395 2774 ὡς
2423 2712 2556 2764 Θεὸν
2588 2713 2683 2764 καὶ
2709 2711 2783 2772 ὡς
2809 2710 3120 2778 ἁνθρωπον,
3149 2705 3286 2759 ἀλλὰ
3317 2707 3377 2757 τὸ
3402 2704 3630 2774 Πνεῦμα

2056 2807 2143 2860 τὸν
2171 2807 2304 2858 Υίδν
2346 2806 2556 2874 πέμπει
2591 2804 2768 2874 μόνως
2798 2803 2871 2863 ὼς
2903 2801 3210 2871 ἄνθρωπον.
3265 2800 3326 2851 Εἰ
3355 2798 3398 2850 δ’
3429 2794 3542 2850 οἷόν
3570 2813 3628 2847 τε

2051 2897 2118 2969 ἦν
2154 2903 2246 2951 καὶ
2277 2899 2352 2960 ὡς
2398 2899 2530 2948 Θεὸν
2562 2898 2806 2964 πέμπειν
2837 2895 3021 2958 αὑτὸν,
3059 2883 3177 2946 ἀλλ’
3209 2891 3356 2945 οὗτοι
3391 2909 3453 2959 γε
3485 2891 3630 2944 κατὰ

2054 3004 2150 3056 την
2181 2987 2274 3038 τοῦ
2304 2985 2498 3053 γεννᾷν
2531 2985 2834 3055 ἐνέργειαν,
2864 2981 3060 3049 ὥσπερ
3083 2983 3110 3031 6
3147 2981 3340 3050 Πατὴρ
3381 2983 3399 3049 (
3424 2981 3628 3048 πέμπει

2055 3084 2160 3149 γὰρ
2184 3078 2346 3131 αὑτὸν
2379 3077 2629 3145 γεννῶν),
2660 3075 2786 3127 οὔτε
2847 3062 2969 3126 κατ⁴
3005 3073 3172 3142 ἄλλην
3219 3072 3343 3123 τινὰ
3371 3071 3629 3139 τοιαύτην

1973 3139 2018 3201 C
2055 3139 2356 3240 ἐνέργειαν,
2391 3139 2530 3222 αλλὰ
2562 3139 2703 3222 silvai.
2733 3183 2854 3220 τινα
2899 3164 3084 3233 ἁπλῆν
3119 3139 3368 3217 εὐδοκίαν
3398 3165 3558 3234 μόνον
3589 3163 3625 3232 ἢ

2059 3266 2298 3332 θέλησιν.
2425 3260 2568 3312 θέλει
2603 3260 2695 3310 τὸν
2728 3259 2855 3310 Υἰδν
2894 3259 2958 3309 ἐκ
3009 3255 3103 3308 τοῦ
3158 3256 3368 3324 Πατρδς
3417 3256 3633 3323 πέμπε-

2061 3356 2208 3408 σθαι.
2258 3353 2530 3414 Ὡσαύτως
2559 3350 2616 3402 δὲ
2651 3351 2860 3417 πέμπει
2896 3349 2995 3417 μὲν
3029 3350 3055 3399 6
3097 3346 3287 3415 Πατὴρ
3316 3345 3411 3397 καὶ
3437 3348 3464 3397 6
3501 3343 3631 3408 Υίδς

2057 3445 2512 3514 ὁμολογουμένως
2551 3445 2610 3494 τὸ
2650 3441 2876 3510 Πνεῦμα
2917 3441 2980 3491 τὸ
3016 3439 3171 3506 ἆγιον
3213 3438 3309 3490 καὶ
3339 3436 3628 3500 ὡσαύτως,

2057 3538 2138 3588 ὅτι
2169 3534 2313 3587 κατὰ
2344 3534 2442 3599 τὴν
2485 3531 2656 3602 αὐτὴν
2693 3531 2789 3583 τοῦ
2823 3530 3157 3600 προϐάλλειν
3198 3529 3501 3598 ἐνέργειαν,
3533 3527 3631 3579 καὶ

2057 3633 2106 3682 εἰ
2133 3629 2192 3679 τὸ
2235 3625 2476 3696 πέμπειν
2511 3624 2571 3676 τὸ
2594 3625 2837 3676 εὐδοκεῐν
2872 3625 2992 3675 ἐστι
3017 3623 3110 3676 καὶ
3135 3624 3168 3692 ἡ
3203 3621 3424 3674 εὐδοκία
3451 3618 3632 3686 κοινὴ,

2059 3722 2173 3773 αλλ’
2195 3721 2254 3772 οὐ
2283 3721 2379 3772 καὶ
2401 3718 2563 3771 ἑαυτὸ
2595 3719 2836 3787 πέμπειν
2862 3716 2923 3768 τὸ
2958 3716 3186 3784 Πνεῦμα
3211 3713 3270 3765 τὸ
3291 3712 3448 3780 ἅγιον
3471 3712 3634 3777 λέγε-

2057 3829 2183 3864 ται·
2223 3811 2346 3866 κατ’
2404 3811 2660 3881 οὐδεμίαν
2722 3808 2832 3878 γὰρ
2885 3809 3167 3875 ἐνέργειαν
3227 3804 3392 3857 ἑαυτὸ
3423 3807 3634 3876 πέμπει

2062 3906 2181 3975 Θεῴ
2215 3905 2574 3975 πρέπουσαν,
2636 3905 2798 3972 εἰπερ
2840 3902 3020 3955 οὐδενὶ
3051 3900 3240 3969 τρόπῳ
3287 3900 3431 3966 ἀρχή
3480 3900 3636 3948 ἐστιν

2063 3995 2280 4049 ἑαυτοῦ.
2325 3993 2468 4047 Ἀλλ’
2498 3993 2629 4046 ἔνιοί
2663 4009 2850 4060 φασιν,
2871 3992 2952 4044 ὅτι
2981 3990 3207 4043 δύναται
3237 3989 3332 4042 καὶ
3359 3987 3420 4040 τὸ
3462 3986 3640 4041 Πνεῦ-

2069 4103 2142 4157 μα
2200 4086 2456 4154 λέγεσθαι
2516 4085 2834 4153 πέμπεσθαι
2888 4081 2979 4152 ὑφ’
3034 4071 3231 4136 ἑαυτοῦ
3284 4082 3318 4150 ἢ
3389 4083 3638 4148 πέμπειν

2061 4181 2261 4234 έλυτό’
2317 4179 2452 4232 ἀλλὰ
2512 4177 2635 4230 κατ’
2689 4177 2908 4244 ἐκείνην
2966 4176 3141 4244 δήπου
3182 4175 3280 4244 τὴν
3322 4174 3568 4242 θέλησιν,

2062 4273 2206 4324 θέλει
2239 4269 2401 4324 ἑαυτὸ
2432 4267 2751 4337 πέμπεσθαι
2782 4267 2875 4319 ὑπ’
2909 4267 3159 4329 ἐκείνων,
3192 4265 3282 4335 ὑφ’
3308 4259 3384 4319 ὧν
3415 4265 3640 4334 πέμπει

2063 4364 2191 4416 σθαι
2216 4361 2438 4430 λέγεται
2462 4374 2479 4391 ⁸
2539 4360 2623 4412 ὅτι
2677 4359 2734 4412 δὲ
2767 4357 2952 4420 ἁπλῶς
2989 4358 3156 4410 ἑαυτὸ
3181 4360 3418 4424 πέμπει,
3451 4355 3642 4419 καθὼς

379 4453 503 4505 dem
543 4449 692 4503 nullo
729 4449 887 4501 modo
919 4459 1005 4502 est
1055 4448 1320 4515 suiipsius
1375 4450 1728 4518 principium.
1752 4451 1947 4506 Verum

2057 4456 2163 4509 ὑπὸ
2195 4453 2286 4507 τοῦ
2346 4451 2562 4522 Πατρδς
2612 4451 2710 4504 καὶ
2765 4449 2862 4502 τοῦ
2921 4447 3056 4502 1⁸ἱοῦ
3093 4450 3399 4516 πέμπεται,
3458 4447 3646 4510 οὐδεὶς

381 4532 624 4591 nonnulli
673 4539 863 4590 dicunt
922 4552 1082 4606 posse
1123 4547 1178 4590 et
1205 4536 1475 4605 Spiritum
1504 4550 1754 4593 sanctum
1784 4539 1890 4594 diei
1918 4555 1950 4593 a

381 4647 561 4698 seipse
597 4630 735 4682 mitti
782 4629 862 4682 vel
931 4631 1171 4697 seipsum
1232 4629 1487 4695 mittere;
1523 4630 1617 4683 sed
1651 4635 1952 4684 secundum

383 4724 528 4774 itlani
566 4731 713 4773 terte
749 4721 1109 4785 voluntatem,
1153 4736 1259 4789 qua
1295 4722 1412 4774 vult
1445 4723 1685 4790 seipsum
1716 4725 1856 4776 mitti
1887 4724 1956 4777 ab

2047 4544 2205 4601 εἶπεν
2233 4544 2362 4599 οὐδὲ
2393 4547 2531 4616 ἐρεῖ.
2561 4543 2652 4599 Eic
2677 4541 2840 4595 τοῦτο
2872 4540 2932 4595 δὲ
2969 4539 3125 4609 φέρει
3170 4541 3268 4591 καὶ
3320 4541 3382 4591 τὸ
3417 4535 3504 4608 μὴ
3537 4538 3647 4592 δο-

2050 4638 2184 4693 κεῖν
2206 4633 2362 4693 εἶναι
2417 4637 2722 4691 ἀντίθεον.
2766 4633 2880 4702 Τὴν
2913 4630 3025 4703 γὰρ
3071 4628 3169 4685 τοῦ
3201 4627 3522 4700 πέμπεσθαι
3550 4629 3646 4680 θέ-

2051 4730 2210 4797 λησιν
2247 4730 2343 4781 καὶ
2371 4726 2503 4780 αὐτὸ
2529 4725 2668 4796 εχει,
2719 4722 2916 4790 ὥσπερ
2949 4721 3045 4773 καὶ
3087 4722 3116 4773 6
3168 4720 3362 4790 Πατὴρ
3395 4721 3495 4788 τὴν
3540 4720 3644 4772 τοῦ

383 4811 510 4875 illis,
548 4827 577 4863 a
607 4826 678 4878 qu
708 4812 809 4862 bus
834 4811 970 4862 mitti
1005 4811 1248 4873 dicitur;
1290 4825 1414 4862 eum
1467 4827 1595 4863 vero
1639 4812 1947 4880 simpliciter

2055 4821 2298 4889 πέμπειν
2340 4818 2507 4874 αὐτόο
2542 4819 2604 4870 οὐ
2646 4817 2774 4885 μὴν,
2828 4813 2962 4866 διότι
2992 4812 3052 4863 τὸ
3097 4810 3340 4878 πέμπειν
3392 4815 3454 4861 τὸ
3488 4814 3644 4862 sedo-

382 4919 441 4956 se
471 4905 709 4966 mittere,
758 4904 899 4955 sicut
933 4918 963 4954 a
1014 4901 1170 4955 Patre
1201 4913 1257 4955 et
1305 4902 1440 4956 Filio
1476 4903 1730 4968 mittitur,
1791 4919 1951 4958 nemo

384 4997 520 5047 dixit
546 5010 720 5064 neque
750 4995 912 5048 dicet.
934 4995 1012 5046 Ad
1051 4993 1153 5046 hoc
1186 5009 1282 5047 nos
1304 4996 1602 5048 traliuntct
1633 4995 1720 5047 illa
1750 4996 1949 5084 uerba:

384 5085 460 5140 Ne
491 5088 596 5140 Deo
621 5091 917 5140 contrarius
952 5103 1062 5140 esse
1092 5088 1352 5140 videatur.
1413 5088 1542 5140 Nam
1595 5089 1950 5151 voluntatem,

389 5191 447 5233 ut
477 5181 742 5245 mittatur,
776 5183 934 5234 habet
958 5190 1014 5234 et
1044 5180 1180 5249 ipse,
1227 5190 1370 5233 Sict".
1411 5192 1466 5233 et
1502 5180 1659 5233 Pater
1705 5181 1953 5232 volunta-

2061 4915 2176 4963 κεῖν
2207 4913 2346 4974 ἐστι,
2388 4908 2645 4961 εύδοκοῦν
2682 4907 2997 4974 πέμπεσθαι
3055 4906 3149 4956 καὶ
3187 4901 3352 4954 ἑαυτὸ
3397 4902 3643 4969 πέμπει,

2063 5002 2241 5063 καθὼς
2275 5001 2379 5052 ὑπὸ
2427 4999 2522 5051 τοῦ
2569 4997 2780 5067 Πατρὺς
2839 4997 2936 5048 καὶ
2989 4994 3084 5047 τοῦ
3131 4993 3260 5045 Υἱοῦ
3330 4993 3642 5059 πέμπεται.

2063 5094 2185 5145 ’Ὁτι
2214 5092 2270 5143 δὲ
2299 5093 2360 5143 τὸ
2389 5089 2706 5158 πέμπεσθαι
2739 5090 2838 5156 τὴν
2891 5087 3028 5155 πρὸς
3070 5086 3168 5155 τὴν
3221 5084 3402 5135 αἰτίαν
3436 5085 3647 5151 ἀναφο-

2063 5188 2164 5253 ράν
2195 5181 2367 5252 δηλοῖ,
2406 5180 2672 5250 θαυμάζω
2723 5181 2871 5243 ὅπως
2921 5177 3109 5229 ἔλαθεν
3143 5177 3336 5228 ἑαυτὸν
3367 5174 3606 5238 ἐξειπών
3629 5189 3642 5202 ·

459 5347 534 5416 (l)
574 5347 742 5401 Verba
773 5347 975 5399 νοεῖται
1115 5344 1530 5398 σύνεστιν-τοῦ
1588 5343 1947 5398 ἀποστέλλεσε

2065 5345 2148 5399 bis
2188 5346 2333 5399 Μιιιι.
2375 5345 2500 5398 cod.
2532 5344 2767 5412 scriptor
2798 5341 2836 5396 Γ.
2869 5340 2974 5395 205
3000 5339 3033 5393 b
3072 5348 3212 5393 extr.
3269 5352 3325 5405 p.
3377 5346 3434 5390 et
3465 5334 3503 5388 l'.
3530 5333 3653 5387 9.06

387 5433 439 5472 a.
467 5421 585 5471 init.
615 5419 859 5470 exhibet.

464 5579 702 5648 ((1)656;
732 5578 831 5629 οὐκ
875 5578 1303 5639 ἀποστέλλεται,
1353 5577 1486 5630 Deus
1550 5594 1649 5629 non
1711 5578 1959 5632 ηιὶιιὶιην,

392 5647 506 5705 nuc
557 5665 766 5701 axmma
816 5647 1018 5699 Beeeus
1062 5650 1116 5699 in
1161 5650 1431 5701 Cantatori
1469 5649 1754 5702 Aniniailv.
1808 5666 1858 5699 c.
1899 5650 1955 5700 ti

392 5723 510 5790 (Gr.
549 5722 684 5769 υτιΙι.
712 5717 778 5779 ιι,
823 5719 946 5780 518,
981 5717 1128 5784 519),
1163 5721 1447 5771 υοςειειοιιε
1504 5727 1683 5771 textus
1727 5718 1964 5787 Chryso-

2071 5574 2230 5629 stomi
2267 5574 2336 5626 ita
2372 5572 2574 5624 diserte
2621 5571 2894 5638 loquentis
2924 5568 3069 5639 (ibid.
3102 5585 3157 5638 p.
3208 5567 3355 5638 516).
3389 5581 3454 5620 eo
3476 5582 3652 5621 sensu

2081 5660 2330 5710 usurpari
2364 5642 2573 5701 statuit,
2601 5644 2744 5708 quod
2773 5657 2801 5692 a
2835 5641 3033 5693 divinis
3064 5642 3311 5708 personis
3366 5649 3657 5710 separatio

2071 5732 2132 5768 ac
2171 5709 2366 5767 divisio
2397 5712 2583 5766 loculis
2622 5711 2934 5779 (διάστασις
2962 5710 3198 5776 somnii)
3251 5709 3435 5775 procul
3472 5709 3652 5761 abst-
