3900 6216
316 305 391 366 93
1373 307 1812 368 liEFUTATIO
1848 295 2088 366 Manet
2155 295 2539 371 EPIIESlNi.
3011 345 3014 348 ~
3494 315 3563 380 9t

315 425 378 472 οὗ
417 424 514 490 γὰρ
542 420 835 484 δυνήσεται
869 419 1068 488 λέγειν,
1101 421 1175 484 ὡς
1198 420 1307 492 ἄρα
1339 423 1398 475 τὸ
1440 426 1757 492 πέμπεσθαι
1796 427 1880 478 τὶν

1993 430 2100 474 tem
2136 423 2315 485 liabet,
2371 434 2428 478 ut
2468 437 2593 478 eum
2627 421 2838 484 mittat;
2871 422 2964 475 sed
2995 422 3238 485 minime,
3276 427 3400 493 quia
3440 435 3566 486 mit-

321 515 450 565 Υἱδν
479 515 570 565 καὶ
599 513 658 564 τὸ
682 512 906 580 Πνεῦμα
937 513 1088 577 παρά
1116 514 1328 584 Πατρδς
1358 515 1509 586 δηλοί
1535 518 1594 569 τδ
1627 518 1764 586 πρὸς
1785 518 1884 583 τὴν

317 604 542 672 πρώτην
574 603 755 654 αἰτίαν
783 603 850 655 τὰ
883 602 989 656 τῶν
1009 601 1070 668 ἐξ
1091 603 1264 672 αὐτῆς
1286 605 1656 674 ἀναφέρεσθαι
1683 610 1880 671 πάντα,

313 697 439 765 ἥτις
469 697 617 748 ἐστὶν
643 699 671 748 ό
709 693 918 763 Πατὴρ,
951 695 1010 746 τὸ
1041 695 1096 746 δὲ
1127 696 1450 763 πέμπεσθαι
1477 698 1536 750 τὸ
1569 699 1792 766 Πνεῦμα
1823 702 1883 753 τδ

314 791 474 856 ἅγιον
505 788 570 840 ὲκ
606 785 701 840 τοῦ
739 786 948 857 Πατρδς
986 787 1195 841 καὶτοῦ
1228 788 1358 842 Υἱοῦ
1398 789 1628 858 δηλώσει
1658 791 1718 844 τὸ
1749 794 1884 861 πρὸς

313 884 419 947 τὴν
443 880 625 932 αἰτίαν
653 878 721 930 τὰ
749 877 858 930 τῶν
889 877 949 942 ἐξ
975 877 1146 946 αὐτῆς
1183 879 1550 946 ἀναφέρεσθαι
1577 881 1653 950 (1)
1678 882 1880 944 πάντα,

310 974 436 1041 ἥτις
467 971 615 1022 ἐστὶν
641 971 669 1022 ό
700 969 889 1038 Πατὴρ
913 971 1031 1037 ἅμα
1069 969 1163 1022 καὶ
1203 970 1230 1021 ό
1285 969 1412 1031 Υἱὸς
1451 973 1549 1042 μιᾷ
1581 972 1788 1040 πέμψει
1823 975 1883 1025 τὸ

312 1066 540 1131 Πνεῦμα
576 1065 638 1116 τὸ
665 1064 823 1130 ᾶγιον
862 1062 1314 1124 ἀποστέλλοντες.
1349 1065 1408 1116 Εἰ
1441 1065 1495 1116 δὲ
1532 1067 1675 1118 τοῦτ’
1711 1065 1880 1127 ἔστιν,

310 1158 477 1224 ἀρκεῖ
507 1155 568 1207 τὸ
599 1153 922 1222 πέμπεσθαι
969 1154 1030 1205 τὸ
1063 1153 1290 1222 Πνεῦμα
1330 1155 1389 1207 τὸ
1419 1155 1574 1222 ἅγιον
1610 1158 1758 1225 παρὰ
1787 1157 1880 1208 τοῦ

309 1247 445 1300 Υἰοῦ
482 1248 618 1315 πρὸς
649 1245 711 1297 τὸ
733 1244 827 1297 καὶ
857 1245 1035 1297 πάντα
1066 1245 1132 1296 τὰ
1158 1244 1249 1297 τοῦ
1283 1245 1598 1315 Πνεύματο;
1629 1249 1769 1314 πρὸς
1791 1247 1880 1299 τὸν

309 1341 537 1401 Υἱδνώς
569 1340 745 1406 ἀρχὴν
805 1334 1200 1406 ἀναφέρεσθαι,
1255 1335 1429 1404 ἀρχὴν
1478 1336 1534 1388 δὲ
1567 1337 1667 1390 οὐκ
1713 1338 1881 1404 ἄλλην

304 1437 464 1500 πςρα
498 1433 590 1483 τὸν
622 1429 860 1496 Πατέρα,
889 1427 965 1489 ώς
1023 1428 1263 1497 εῐρηται.
1328 1429 1562 1482 Ἔπειτα
1621 1430 1882 1485 ἀδύνατον

303 1523 452 1578 εἶναι
501 1525 647 1590 λέγει
678 1521 738 1573 τὸ
785 1521 1025 1588 πέμπειν
1059 1520 1298 1585 ἰδιότητα
1347 1515 1484 1574 εἰναι
1542 1522 1754 1591 Πατρδς
1783 1526 1880 1576 καὶ

302 1614 446 1666 Υἰςῦ
483 1615 615 1681 πρὸς
647 1612 707 1664 τὺ
763 1608 1009 1677 Πνεῦμα,
1049 1611 1210 1678 εἴπερ
1268 1610 1326 1662 τὸ
1359 1611 1456 1679 μὲν
1488 1613 1729 1681 πέμπειν
1763 1615 1880 1666 ἐστὶ

302 1703 593 1771 χρονικὸν,
627 1701 853 1768 ούδεμία
903 1700 960 1751 δὲ
1009 1699 1207 1769 ἰδιότης
1239 1700 1348 1752 τῶν
1372 1702 1529 1753 θείων
1567 1703 1878 1770 προσώπων

302 1797 427 1845 ἐστὶ
463 1792 715 1862 χρονικὴ,
757 1790 875 1844 ἀλλ’
915 1790 1086 1851 ἀΐδιος
1116 1791 1210 1842 καὶ
1257 1791 1515 1860 ἄναρχος,
1549 1795 1646 1846 καὶ
1677 1798 1724 1848 εἰ
1752 1797 1879 1850 ἁδύ-

303 1903 494 1944 νατον.
530 1881 666 1936 εἶναι
699 1882 964 1950 ἰδιότητα,
995 1881 1194 1934 πολλοῦ
1228 1882 1340 1934 δεῖν
1389 1900 1553 1954 φησιν
1583 1882 1726 1938 εἶναι
1754 1904 1874 1941 ταυι

301 1979 392 2028 τὸν
423 1978 492 2044 τῇ
529 1976 746 2044 ἀνάρχῳ
791 1973 888 2026 καὶ
933 1973 1090 2042 ἀϊδίῳ
1124 1975 1336 2042 προόδῳ
1384 1974 1478 2027 τοῦ
1539 1975 1877 2045 Πνεύμαιοε.

307 2069 534 2135 Πρῶτον
574 2070 670 2136 μὲν
715 2067 900 2129 κακῶς
945 2067 1094 2134 λέγει
1143 2067 1417 2135 μηδεμίαν
1465 2065 1607 2121 εἶναι
1644 2070 1880 2140 ἰδιότητα

304 2163 588 2227 χροιιικήν.
626 2158 687 2210 Εἰ
724 2158 830 2226 γὰρ
863 2157 1090 2226 οὐδεμία
1128 2158 1331 2224 ἰδιότης
1367 2158 1486 2210 lati.
1510 2159 1760 2227 χρονικὴ,
1788 2161 1881 2210 καὶ

301 2249 455 2300 οῦδὲν
491 2247 742 2316 χρνινικδν
779 2246 977 2314 ἰδιότης
1029 2246 1213 2298 ἔσται’
1258 2248 1286 2314 ἡ
1343 2247 1619 2313 σάρκωσις
1647 2248 1756 2314 ἄρα
1786 2248 1880 2300 τοῦ

306 2338 433 2393 Υιοῦ
466 2341 568 2390 οὐκ
597 2340 748 2390 ἔσται
778 2339 976 2406 ἰδιότης
1011 2337 1106 2390 τοῦ
1151 2337 1280 2388 Υίοῦ
1306 2337 1534 2406 χρονικὴ
1564 2336 1718 2390 οὖσα⁸
1743 2339 1880 2392 ἀλλά

302 2433 462 2485 τοῦτο
500 2431 793 2484 ἀδύνατον*
831 2432 886 2482 οἵ
920 2449 977 2483 τε
1023 2431 1131 2500 γὰρ
1165 2430 1478 2483 διδάσκαλοι
1519 2431 1618 2500 τῆς
1654 2431 1884 2506 Ἐκκλη-

302 2528 418 2586 cia;
452 2526 554 2576 καὶ
584 2524 763 2594 ταύτῃ
789 2521 1125 2591 διακρίνουσι
1164 2521 1256 2573 τὸν
1299 2521 1431 2574 Υἰδν
1459 2522 1672 2589 Πατρός
1703 2540 1761 2575 τε
1788 2525 1885 2578 καὶ

302 2617 660 2684 Πνεύματος,
707 2616 802 2665 καὶ
850 2613 1051 2674 ἄλλως,
1087 2614 1137 2666 εἰ
1198 2612 1273 2682 μὴ
1320 2612 1452 2666 ἴδιον
1499 2612 1674 2678 ἔσται,
1703 2617 1885 2670 κοινὸν

301 2707 489 2772 ἕσται,
526 2707 620 2759 καὶ
648 2706 793 2758 οὕτω
821 2705 1171 2774 σαρκωθεῐσα
1198 2707 1293 2760 καὶ
1322 2706 1354 2774 ἡ
1390 2708 1486 2758 τοῦ
1512 2706 1726 2777 Πατρδς
1751 2709 1883 2762 ὑπόο

302 2817 507 2862 στασις
538 2801 630 2852 καὶ
657 2802 736 2869 (ἡ)
772 2798 867 2851 τοῦ
899 2797 1212 2866 Πνεύματος
1257 2797 1606 2866 νοηθήσεται.
1654 2800 1884 2852 Ἔπειτα

299 2896 347 2946 τί
377 2895 484 2945 καὶ
526 2894 559 2962 η
605 2891 814 2960 πέμψις
869 2889 1096 2958 κρονική
1152 2889 1328 2954 ἐστιν,
1371 2887 1510 2942 ἀλλὰ
1537 2889 1598 2942 τδ
1627 2891 1886 2960 πέμπειν

297 2985 397 3036 ούκ
429 2984 556 3034 ἔστι
601 2980 877 3052 κρονικόν.
931 2980 1022 3049 Τῷ
1060 2979 1161 3048 μὲν
1192 2981 1299 3052 γὰρ
1331 2980 1591 3050 πέμπειν
1622 2984 1653 3053 ἡ
1685 2983 1884 3054 ἰδιότης

1995 519 2111 566 tere
2145 524 2227 567 est
2259 514 2658 583 beneplacituiu
2720 514 2941 576 habere,
2980 515 3109 567 dum
3160 516 3562 586 bencplacitum

2001 605 2162 657 liabet
2218 607 2368 658 ineo
2426 606 2572 674 quod
2635 606 2904 668 mittatur,
2977 615 3032 659 et
3085 607 3326 676 scipsnm
3376 615 3562 675 mittit,

1993 693 2454 760 qtu-niadiuodum
2486 696 2722 748 mittitur
2751 710 2779 747 a
2812 695 2968 748 Patre
2999 705 3052 748 et
3077 697 3212 749 Filio
3251 699 3406 764 Quod
3436 719 3565 756 vero

1995 785 2133 836 mitti
2186 785 2505 837 relationem
2540 785 2604 838 ad
2655 801 2872 839 causam
2927 786 3202 852 declaret,
3237 793 3402 846 miror
3432 809 3568 862 quo-

1994 876 2155 928 modo
2209 892 2266 928 sc
2318 877 2368 929 id
2427 877 2664 932 edixisse
2697 879 2854 947 plane
2890 880 3064 947 ipsum
3117 880 3326 950 fugiat;
3387 902 3564 956 neque

1991 967 2138 1018 enim
2183 968 2376 1034 poterit
2426 968 2606 1022 dici'rc
2646 983 2660 1020 :
2706 971 2846 1022 mitti
2887 970 3080 1023 Filium
3120 982 3175 1026 et
3225 974 3484 1040 Spiritum
3534 996 3561 1030 a

1991 1053 2150 1107 Patre
2175 1057 2480 1124 significare
2529 1060 2592 1110 ad
2627 1057 2856 1126 primam
2881 1075 3098 1114 causam
3126 1062 3317 1117 referri
3350 1068 3558 1126 omnia,

1990 1161 2112 1212 qua:
2138 1148 2201 1199 ad
2228 1163 2322 1200 eos
2355 1150 2647 1216 pertinent,
2684 1150 2772 1217 qui
2825 1165 2887 1202 ex
2930 1166 2992 1204 ea
3023 1161 3174 1215 sunt,
3206 1155 3460 1211 videlicet
3491 1164 3556 1210 ad

1991 1237 2228 1299 Patrcm,
2269 1238 2363 1291 sed
2421 1239 2558 1292 mitti
2618 1239 2884 1309 Spiritum
2914 1253 3162 1296 sanctum
3197 1259 3261 1299 ex
3301 1249 3454 1303 Patre
3503 1263 3560 1306 et

1988 1328 2126 1382 Filio
2159 1343 2263 1381 non
2295 1329 2604 1396 signiﬁcare
2656 1331 2847 1386 referri
2879 1336 3060 1389 omnia
3114 1352 3330 1400 eorum,
3365 1342 3458 1408 qui
3495 1359 3560 1396 ex

1988 1437 2101 1489 Ipsa
2133 1435 2280 1487 sunt,
2327 1423 2392 1476 ad
2434 1439 2838 1495 causam,»qu:e
2888 1428 3110 1497 quidem
3163 1441 3246 1485 est
3298 1433 3461 1488 Pa!er
3508 1446 3560 1488 ιιι

1989 1515 2162 1568 Filius
2189 1515 2352 1569 simul
2386 1531 2489 1569 una
2543 1517 2800 1571 missione
2853 1517 3117 1586 Spiritum
3153 1533 3399 1576 sanctum
3437 1527 3558 1578 mit-

1989 1614 2186 1660 tentes.
2222 1608 2374 1673 ρηοά
2409 1609 2452 1661 si
2507 1609 2578 1662 ita
2634 1620 2740 1669 est.
2794 1612 2992 1664 sollicit
3021 1612 3095 1673 id,
3127 1614 3272 1682 quod
3323 1615 3558 1685 Spiritus

1985 1707 2207 1752 sanctus
2251 1700 2482 1752 m'ttitor
2545 1716 2573 1753 a
2629 1701 2785 1766 Flio,
2841 1703 2906 1756 ad
2968 1706 3104 1768 lioc,
3139 1719 3195 1758 ut
3225 1710 3405 1764 omnia
3437 1726 3556 1778 qua:

1985 1800 2112 1842 sunt
2147 1789 2405 1858 Spiritus.
2432 1792 2496 1844 ad
2530 1791 2724 1845 Filium
2763 1803 2820 1846 ttt
2847 1794 2913 1846 ad
2950 1795 3282 1864 principium
3312 1798 3558 1854 referan-

1987 1886 2096 1938 tur.
2137 1879 2462 1947 principium
2499 1896 2631 1934 vero
2663 1897 2772 1934 non
2798 1883 2942 1936 aliud
2977 1901 3004 1936 a
3030 1885 3207 1949 Patre,
3235 1889 3310 1940 uti
3347 1889 3554 1943 dictum

1984 1978 2086 2023 est.
2114 2000 2178 2008 —
2206 1970 2411 2024 Deinde
2438 1971 2772 2040 impossibile
2807 1990 2926 2028 esse
2955 1977 3108 2040 dicit,
3149 1988 3206 2032 tit
3237 1980 3451 2034 mittere
3483 1981 3555 2036 sit

1986 2061 2298 2128 proprietas
2329 2061 2506 2114 Patris
2535 2073 2588 2116 et
2616 2061 2736 2116 Filii
2766 2065 2942 2134 quoad
2981 2067 3055 2134 Sp
3081 2069 3265 2132 ritum,
3302 2073 3551 2140 quando-

1985 2153 2205 2220 quidem
2243 2159 2458 2208 mittere
2489 2157 2563 2211 sit
2595 2162 3010 2228 temporarium,
3043 2165 3188 2218 nulla
3243 2182 3373 2221 vero
3421 2170 3561 2224 divi-

1985 2255 2176 2294 narum
2234 2256 2593 2310 personarum
2649 2250 2958 2316 proprietas
3021 2259 3350 2323 temporaria
3383 2297 3398 2320 ,
3458 2265 3554 2316 sed

1983 2331 2312 2397 sempiterna
2343 2341 2396 2386 ct
2438 2333 2641 2404 absque
2695 2337 2892 2403 initio;
2931 2350 2987 2394 et
3018 2344 3061 2396 si
3101 2345 3458 2414 iinpossiziile,
3501 2362 3562 2404 ut

1979 2421 2057 2473 Sit
2087 2423 2407 2489 proprietas,
2441 2425 2611 2478 multo
2647 2427 2830 2481 minus
2857 2431 2997 2483 idem
3030 2448 3149 2488 esse
3181 2451 3335 2503 posse
3363 2443 3561 2494 asserit

1985 2525 2108 2563 eum
2173 2513 2411 2581 Spiriaus
2473 2519 2643 2571 sancti
2711 2524 3060 2588 processione
3134 2536 3338 2581 aeterna
3395 2541 3561 2602 atque

1988 2602 2148 2656 initio
2203 2617 2444 2660 carente.
2483 2607 2587 2661 Sed
2619 2611 2798 2678 primo
2834 2613 2971 2669 male
3001 2615 3138 2672 dicit
3180 2620 3386 2673 nullam
3436 2639 3559 2679 esse

1987 2694 2377 2764 proprietatem
2434 2701 2813 2768 temporalem.
2858 2701 3073 2758 Etenim
3133 2708 3178 2760 si
3229 2710 3374 2763 nulla
3435 2728 3558 2781 pro:

1986 2787 2189 2854 prictas
2217 2792 2660 2861 esttetiporalis,
2719 2793 2884 2848 etiam
2935 2797 3066 2850 nihil
3115 2806 3414 2871 temporale
3451 2808 3559 2860 erit

1987 2879 2327 2948 proprietas;
2404 2884 2708 2938 incarnatio
2731 2901 2864 2954 ergo
2924 2888 3044 2942 Filii
3105 2906 3211 2944 non
3267 2896 3374 2947 erit
3436 2897 3560 2951 Filii

1990 2971 2313 3038 pr0prietas,
2333 2987 2460 3027 cum
2485 2978 2798 3045 temporalis
2822 2979 2924 3044 sit;
2949 2981 3044 3035 sed
3068 2985 3168 3038 lioc
3190 2985 3559 3056 impossibile:

298 3075 385 3127 τοῦ
417 3073 727 3142 προσώπου
749 3073 846 3124 τοῦ
871 3071 1175 3140 δυναμένου
1199 3073 1442 3140 πέμπειν
1464 3076 1688 3140 νοεῖται,
1705 3075 1880 3130 ὡσαύ-

1991 3075 2115 3113 nam
2147 3061 2406 3118 Ecclesia:
2453 3065 2711 3123 doctores
2742 3080 2796 3124 et
2851 3086 2918 3126 ex
2953 3075 3054 3128 bac
3084 3075 3429 3148 distinguunt
3479 3081 3570 3136 Fi-

294 3182 401 3229 τως
436 3167 503 3217 δὲ
545 3165 640 3217 καὶ
675 3163 754 3233 τῷ
789 3162 1110 3232 πέμπεσθαι
1145 3164 1178 3232 ἡ
1211 3163 1410 3232 ἰδιότης
1435 3165 1531 3217 τοῦ
1563 3167 1881 3236 πέμπεσθαι

296 3258 639 3325 δυναμένου.
673 3254 739 3308 ’Π
762 3256 818 3308 δὲ
852 3255 1083 3322 πέμψις
1105 3255 1202 3325 τὴν
1225 3255 1507 3325 ἐνέργειαν
1536 3258 1708 3328 αὐτὴν
1731 3259 1884 3329 δηλοῖ

296 3348 390 3413 τῆς
421 3345 692 3412 τοιαύτης
730 3344 994 3414 ἰδιότητος
1017 3360 1032 3374 ο
1079 3344 1300 3397 ἐπειδὰν
1333 3345 1420 3398 διὰ
1455 3346 1554 3415 τῆς
1588 3349 1694 3414 ἔξω
1726 3351 1879 3422 ἐνερ-

299 3441 457 3503 γείας
511 3439 544 3504 ἠ
597 3437 823 3506 τοιαύτη
877 3437 1176 3507 δύναμιςῆ
1231 3436 1431 3506 ἰδιότης
1471 3442 1784 3511 φανερωθῇ.
1818 3444 1880 3496 Εἰ

295 3530 349 3582 δὲ
385 3529 494 3580 καὶ
522 3528 721 3580 ταυτὸν
754 3523 897 3580 εἰναι
926 3526 1056 3598 δοθῇ
1085 3529 1145 3579 τό
1175 3544 1232 3580 τε
1269 3528 1513 3597 πίμπειν
1551 3532 1645 3584 καὶ
1677 3535 1709 3601 η
1744 3537 1883 3603 πέμ-

295 3619 407 3686 ψις,
437 3617 586 3670 ἀλλὰ
610 3618 671 3670 τό
694 3633 752 3669 τε
784 3617 1027 3686 πέμπειν
1051 3619 1147 3670 καὶ
1168 3617 1229 3671 τὸ
1250 3618 1436 3680 ἀῖδίω;
1460 3623 1726 3692 προάγειν
1747 3626 1881 3678 αὐτὸ

298 3713 354 3760 τὶ.
385 3709 756 3777 πεμπόμενον
812 3711 1105 3777 πρόσωπον
1150 3709 1304 3762 οὐδὲν
1342 3710 1588 3780 διαφέρει
1645 3715 1790 3768 κατὰ
1820 3715 1881 3768 τὸ

299 3803 546 3870 πρᾶγμα
573 3814 587 3828 ⁶
618 3798 884 3860 ὡσαύτως
910 3799 966 3852 δὲ
1013 3803 1106 3854 καὶ
1136 3801 1197 3853 τὸ
1228 3803 1545 3870 πέμπεσθαι
1578 3807 1668 3856 καὶ
1699 3806 1760 3858 τὸ
1791 3809 1877 3860 ἀϊ-

292 3886 415 3949 διως
460 3887 734 3952 προῖέναι,
764 3888 812 3939 εἰ
859 3886 918 3939 δὲ
967 3890 1064 3940 καὶ
1097 3887 1172 3956 μὴ
1220 3888 1338 3942 ἐστι
1367 3894 1560 3944 ταυτὸν
1592 3893 1669 3961 τῷ
1699 3897 1882 3966 πράγ-

297 3994 459 4044 ματι,
491 3976 632 4028 ἀλλὰ
677 3976 872 4029 ἕπεται
916 3976 1132 4047 θατέρῳ
1180 3978 1430 4049 θάτερον,
1458 3984 1598 4036 ὥστε
1633 3983 1711 4051 τῷ
1744 4003 1883 4054 πεμ..

295 4071 528 4139 πιομένῳ
567 4069 843 4140 προσώπῳ
875 4073 970 4123 καὶ
990 4072 1050 4123 τὸ
1095 4071 1280 4136 ἀῖδιως
1313 4075 1653 4144 προάγεσθαι
1675 4077 1882 4146 ἁρμότ-

296 4177 432 4226 τειν,
470 4164 565 4215 καὶ
613 4163 747 4215 εἴτι
796 4163 872 4232 μὴ
921 4165 1076 4232 παρά
1126 4181 1270 4228 τινος
1313 4166 1498 4230 ἀῐδίως
1549 4172 1879 4239 προάγεται,

299 4255 436 4322 μηδὲ
479 4255 795 4322 πέμπεσθαι
820 4257 980 4309 τοῦτο
1000 4256 1298 4310 δύνασθαι·
1329 4259 1582 4313 ἐντεῦθεν
1615 4263 1727 4331 γὰρ
1753 4261 1881 4314 ἀδύο

297 4364 464 4398 νατον
496 4347 588 4398 τὸν
623 4347 840 4416 Πατέρα
872 4349 1191 4418 πέμπεσθαι
1217 4350 1306 4403 διὰ
1352 4351 1414 4403 τὸ
1447 4352 1584 4420 μηδὲ
1616 4354 1769 4422 παρά
1798 4372 1881 4406 τι-

1993 3151 2128 3205 lium
2174 3167 2203 3205 a
2244 3153 2400 3208 Patre
2451 3166 2506 3210 et
2535 3156 2742 3226 Spiritu
2777 3176 2791 3226 ;
2827 3170 2882 3216 et
2931 3174 3192 3232 praeterea
3232 3170 3274 3223 si
3317 3186 3424 3224 non
3479 3183 3565 3227 est

1994 3242 2198 3310 aliquid
2230 3247 2534 3314 proprium,
2565 3250 2668 3302 erit
2699 3266 3011 3319 commune,
3046 3267 3101 3310 et
3131 3259 3210 3312 sic
3258 3263 3566 3330 tiypostasis

1995 3348 2215 3402 quoque
2262 3337 2454 3400 Patris,
2496 3339 2641 3394 sicut
2673 3351 2727 3396 et
2777 3343 3086 3413 hypostasis
3129 3348 3365 3418 Spiritus
3390 3355 3566 3408 incar-

1992 3436 2118 3476 nata
2153 3428 2512 3496 concipietur.
2547 3429 2828 3501 Secundo,
2862 3437 2906 3490 si
2936 3438 3100 3491 etiam
3132 3441 3322 3495 missio
3357 3453 3567 3514 tempo.

1993 3515 2124 3569 ralis
2151 3517 2244 3582 sit,
2281 3529 2519 3575 attamen
2557 3525 2764 3580 mittere
2806 3542 2914 3583 non
2943 3539 3027 3584 est
3075 3537 3390 3602 temporale.
3425 3537 3560 3590 Nam

1994 3606 2096 3659 sub
2127 3623 2261 3662 voce
2295 3613 2499 3665 mittere
2554 3615 2877 3686 intelligitur
2924 3625 3232 3691 proprietas
3292 3643 3563 3699 personae,

1993 3710 2114 3764 qua:
2166 3700 2381 3756 mittere
2415 3713 2632 3772 poteSt;
2668 3709 2918 3765 similiter
2946 3716 3050 3767 sub
3104 3731 3236 3773 voce
3269 3723 3409 3774 mitti
3438 3739 3569 3792 pro-

1993 3789 2197 3858 prietas
2260 3808 2543 3861 personae,
2579 3815 2700 3868 qua:
2743 3812 2924 3869 potest
2984 3807 3157 3873 mitti;
3199 3813 3381 3866 missio
3437 3789 3566 3871 vero

1993 3891 2175 3936 actum
2199 3900 2293 3938 seu
2323 3891 2694 3956 operationem
2721 3893 2894 3962 ipsam
2925 3899 3192 3966 ejusmodi
3215 3905 3564 3974 proprietatis

1992 3975 2286 4044 signiﬁcat,
2349 3993 2470 4032 cuin
2522 3998 2618 4050 per
2670 3989 3049 4053 operationem
3101 4002 3384 4050 externam
3441 3999 3564 4052 talis

1996 4069 2172 4120 virtus
2206 4068 2289 4124 vel
2327 4073 2628 4140 proprietas
2653 4076 2997 4135 manifestata
3027 4082 3222 4151 fuerit;
3250 4098 3306 4141 et
3338 4094 3383 4142 sl
3421 4091 3562 4144 idem

1993 4171 2118 4211 esse
2145 4163 2482 4217 concedatur
2512 4166 2730 4222 mittere
2757 4179 2812 4223 et
2847 4173 3188 4240 missionem,
3221 4185 3398 4232 tamen
3452 4191 3563 4237 tum

1997 4252 2213 4305 mittere
2239 4261 2350 4306 ttttn
2383 4258 2717 4326 sempiterno
2745 4263 3048 4330 producere
3076 4267 3249 4336 ipsam
3277 4285 3562 4338 personam

1994 4340 2214 4395 missam
2250 4343 2386 4398 nihil
2419 4346 2680 4403 diii'crunt
2707 4354 3011 4409 secundum
3047 4374 3186 4413 rem.
3238 4359 3329 4414 Sic
3357 4365 3561 4429 pariter

298 4455 380 4496 vo,’
443 4437 721 4503 προϊέναι.
776 4438 1011 4491 Ὀπόταν
1043 4441 1226 4493 τοίνυν
1259 4441 1356 4494 καὶ
1401 4445 1468 4495 τὰ
1517 4442 1655 4496 ἄλλα
1703 4443 1879 4498 πάντα

1991 4441 2046 4485 et
2073 4434 2211 4487 tnitti
2244 4445 2301 4489 et
2321 4443 2652 4506 sempiterne
2683 4445 2937 4512 prodire;
2963 4452 3066 4503 etsi
3097 4467 3203 4502 non
3235 4454 3376 4505 idem
3406 4456 3516 4508 real
3537 4485 3564 4498 -

298 4527 660 4597 συγχωρηθῇ,
685 4528 800 4579 ἀλλ’
829 4530 1021 4598 ἐπειδὴ
1068 4532 1144 4600 τῷ
1197 4533 1466 4602 χρονικῶς
1503 4538 1746 4602 προῖόντι
1781 4539 1879 4590 καὶ

299 4622 357 4672 τὸ
381 4618 573 4682 ἀῐδίως
597 4621 846 4688 προϊέναι
872 4624 1156 4693 ἁρμόττει.
1186 4627 1404 4694 πρόεισι
1435 4628 1491 4680 δὲ
1521 4630 1788 4698 χρονικῶς
1816 4632 1882 4683 ὲκ

297 4709 386 4770 τοῦ
426 4709 561 4762 Υῐοῦ
594 4715 654 4764 τὸ
695 4712 919 4783 Πνεῦμα
947 4715 1008 4767 τδ
1056 4716 1214 4782 ἆγιον
1269 4717 1398 4785 παρ’
1449 4718 1616 4770 αὑτοῦ
1665 4721 1878 4786 πεμπό-

299 4818 490 4868 μενον,
542 4809 636 4857 καὶ
674 4807 862 4870 ἀῑδίως
918 4809 976 4872 ἐξ
1038 4810 1208 4862 αὑτοῦ
1262 4813 1502 4880 πρόεισι.
1563 4811 1880 4865 Κάντεῦθεν

301 4894 470 4958 ἐστιν,
510 4899 594 4951 ὅτι
653 4898 714 4950 τὸ
767 4899 992 4968 Πνεῦμα
1031 4902 1092 4954 τδ
1145 4901 1298 4968 ἅγιον
1349 4904 1409 4955 ού
1465 4903 1684 4972 λέγεται
1746 4905 1878 4975 παρ’

302 4982 495 5038 ἑαυτοῦ
527 4989 867 5057 πέμπεσθαι,
902 4990 1090 5060 ὥσπερ
1121 4991 1240 5044 οὐδὲ
1288 4991 1349 5055 ἐξ
1403 4991 1569 5046 αὐτοῦ
1602 4996 1876 5062 προϊέναι,

371 5140 450 5210 (ἰ)
490 5139 632 5195 Edon.
667 5142 1025 5213 ἀναφέρεται.

370 5293 448 5357 (a)
486 5289 596 5345 lloc
628 5293 925 5348 absurdum
971 5293 1180 5349 Latinis
1233 5295 1428 5348 tribuit
1479 5295 1734 5350 Nicolaus
1762 5296 1879 5351 Me-

303 5359 608 5434 tlioiicnsis,
641 5367 788 5434 quod
819 5373 1062 5418 statuant
1112 5367 1256 5418 mitti
1290 5365 1558 5434 Spiritum
1589 5383 1618 5420 a
1653 5367 1790 5420 Filio
1821 5376 1879 5420 et

303 5447 328 5478 a
378 5429 513 5482 Filio
546 5433 844 5497 procedere
895 5451 1018 5487 esse
1059 5435 1216 5501 plane
1257 5429 1446 5498 idem;
1485 5438 1610 5489 inde
1651 5437 1878 5489 (εοηιτιιι-

305 5503 862 5561 (1ιειιδ,ιιιιιιιί⁴ἰιιιιιιι
917 5520 948 5558 a
1001 5503 1158 5556 Patre
1208 5515 1380 5556 etiam
1439 5507 1582 5558 idem
1644 5513 1764 5558 lore
1814 5522 1878 5559 ac

308 5565 500 5620 Filium
539 5587 615 5636 pr-
641 5575 837 5624 cedere
887 5590 914 5625 a
957 5575 1132 5635 Patre,
1167 5589 1276 5640 quo
1331 5578 1698 5641 pr0prietates
1747 5593 1878 5627 eon-

311 5643 624 5712 tutitliiiiiur.
655 5643 790 5712 liud.
838 5641 981 5696 Moti.
1014 5645 1103 5701 6;}.
1139 5641 1176 5696 ἰ.
1205 5649 1299 5704 81,
1335 5660 1456 5712 cap.
1502 5647 1570 5698 54
1599 5663 1614 5698 ;
1649 5646 1772 5696 Ἔτι
1826 5648 1875 5696 εἰ

309 5707 439 5757 διότι
481 5710 795 5778 πέμπεῖθιι
846 5717 992 5782 παρὰ
1032 5714 1125 5765 τοῦ
1178 5715 1307 5766 Υἰού
1346 5707 1416 5765 ττί
1451 5716 1674 5785 Πνεῦμα
1710 5717 1862 5782 λέγε-

1994 4533 2074 4578 ter
2102 4535 2186 4579 est
2224 4528 2322 4595 (a).
2362 4539 2540 4584 tamen
2561 4533 2788 4586 alterum
2821 4536 3053 4592 alterum
3085 4542 3362 4610 sequitur;
3394 4559 3564 4614 quare

1989 4615 2170 4669 missa:
2200 4632 2445 4685 personae
2479 4624 2737 4677 convenit
2772 4633 2829 4678 et
2859 4631 3190 4684 atternaliter
3225 4638 3478 4702 produci,
3507 4648 3563 4690 et

1988 4703 2032 4755 si
2066 4707 2198 4773 quid
2248 4723 2358 4762 non
2399 4710 2468 4763 ab
2505 4711 2689 4782 aliquo
2717 4718 3050 4773 teternaliter
3097 4727 3438 4792 producitur,
3471 4744 3563 4780 nc-

1986 4809 2092 4863 que
2122 4796 2263 4849 mitti
2289 4799 2339 4851 id
2378 4800 2466 4868 (ab
2493 4800 2606 4872 illo)
2632 4812 2842 4872 potest;
2872 4806 3000 4862 hinc
3026 4811 3174 4864 enim
3219 4814 3560 4882 impossibile

1987 4895 2069 4939 est
2101 4885 2312 4942 Patrem
2343 4891 2507 4953 mitti,
2536 4894 2662 4961 quia
2695 4910 2872 4966 neque
2893 4913 2922 4950 a
2953 4915 3226 4971 quoquam
3257 4904 3437 4970 prodit
3457 4907 3555 4976 (li).

1987 4975 2143 5042 Quod
2166 4978 2210 5033 si
2243 4979 2407 5049 igitur
2435 4995 2489 5037 et
2530 4985 2736 5056 reliqua
2783 4991 2964 5043 omnia
2995 4999 3384 5060 conecilaiitur,
3416 4975 3559 5050 δίη-ι-

1985 5315 2100 5365 ται,
2126 5301 2214 5353 διὰ
2251 5302 2412 5357 τοῦτο
2453 5305 2545 5357 καὶ
2575 5307 2970 5376 ἐκπορεύεσθαι
3013 5309 3360 5362 δεδικαίωται
3408 5311 3561 5377 λέγε-

1990 5371 2138 5426 σθαι.
2169 5373 2358 5443 ἐπειδὴ
2395 5376 2484 5426 καὶ
2529 5379 2555 5426 ὁ
2603 5371 2727 5439 Υἱὸς
2765 5381 3085 5445 πεπέμφθαι
3135 5382 3350 5446 λέβται
3405 5383 3559 5450 παρὰ

1985 5440 2080 5491 τοῦ
2117 5440 2356 5510 Πατρὸς,
2380 5445 2622 5510 λεγέσθω
2677 5450 2770 5500 καὶ
2804 5440 3079 5516 παραιτοῦ
3133 5440 3339 5516 Πατρός
3392 5440 3562 5502 ἐκπο-

1990 5509 2262 5577 ρεύεσθαι,
2291 5513 2383 5587 ἕνα
2418 5509 2680 5587 μὴμόνον
2712 5523 2772 5568 τὸ
2807 5509 2900 5568 to}
2932 5520 3141 5586 Πατρὶς
3179 5509 3399 5587 inmani,
3425 5522 3558 5573 ἀλλὰ

1987 5581 2082 5630 καὶ
2136 5583 2197 5630 τὸ
2227 5581 2316 5632 τοῦ
2373 5581 2688 5651 Πνεύξιαος
2725 5581 3140 5656 σφετερίσηέαι,
3175 5592 3268 5642 καὶ
3321 5596 3398 5653 εις
3437 5590 3492 5641 ἓν
3531 5596 3558 5660 η

1985 5649 2077 5716 ὅλη
2113 5649 2270 5724 θεόης
2300 5649 2588 5724 πρόσωπον
2623 5649 2977 5724 συσταιῇ,’κ.
3012 5677 3062 5712 τ.
3099 5649 3148 5716 Α.

2061 5723 2132 5788 (ιν)
2167 5720 2248 5773 Cl.
2280 5722 2335 5776 S.
2363 5723 2648 5789 Thomam,
2687 5744 2740 5796 p.
2775 5728 2812 5791 Ι,
2929 5729 3016 5781 43.
