3900 6216
322 392 397 455 95

324 491 756 564 men,qiioniam
800 488 848 542 ei
897 482 1040 554 quod
1088 475 1458 547 teiiiporaliter
1509 470 1689 542 prodit

323 585 656 643 aeternaliter
706 579 926 650 prodire
967 571 1244 632 convenit,
1291 565 1474 636 prodit
1521 575 1649 616 vero
1685 569 1899 624 tempo-

325 680 516 733 raliter
549 689 613 728 ex
665 670 810 724 Filio
864 665 1101 734 Spiritus
1136 666 1360 712 sanctus
1399 653 1466 707 ab
1497 652 1616 720 ipso
1677 647 1896 707 missus,

322 771 491 821 etiam
519 760 849 818 aeternaliter
885 770 950 808 ex
974 769 1040 807 eo
1074 748 1341 820 procedit.
1373 746 1548 811 Atque
1579 738 1774 793 exinde
1794 744 1896 796 est,

326 858 472 928 quod
515 852 750 922 Spiritus
796 854 1019 899 sanctus
1053 857 1160 893 non
1194 838 1398 891 dicitur
1431 848 1460 886 a
1494 829 1675 898 seipse
1734 823 1897 884 mitti,

327 917 470 1002 sicut
529 954 707 1008 neque
767 952 831 990 ex
884 950 942 988 se
995 933 1114 1000 ipso
1158 927 1408 997 prodire,
1453 934 1628 988 neque
1683 917 1900 968 mittere

327 1039 592 1105 seipsnm,
619 1031 760 1083 sicut
816 1042 993 1093 neque
1029 1023 1265 1090 seipsuiii
1331 1014 1654 1084 producere.
1685 1009 1739 1062 Si
1774 1019 1901 1058 vero

327 1136 383 1179 et
444 1121 613 1175 mittit
659 1117 882 1173 Filium.
938 1121 992 1166 at
1037 1125 1160 1164 cum
1213 1105 1400 1164 mittit,
1447 1110 1715 1170 quatenus
1773 1110 1903 1148 caro

327 1219 504 1270 iactus
541 1223 660 1275 est;
695 1221 857 1276 atque
889 1207 1000 1258 haec
1033 1198 1317 1268 responsio
1347 1211 1452 1249 non
1478 1203 1560 1246 est
1581 1187 1899 1258 sophistica,

331 1308 426 1362 sed
459 1319 608 1357 vera.
631 1301 762 1354 Nam
799 1294 1108 1357 Thcologus
1140 1290 1305 1343 etiam
1334 1302 1362 1338 a
1387 1284 1622 1338 Domino
1650 1276 1901 1348 (Spiritu)

332 1397 472 1451 mitti
523 1393 745 1453 Filium,
801 1386 1144 1456 potissimum
1194 1389 1255 1432 ut
1286 1376 1584 1436 hominem,
1634 1371 1806 1430 dicit;
1857 1367 1902 1419 si

331 1503 464 1542 vero
507 1494 562 1538 ct
606 1479 860 1536 concedit
911 1491 1035 1530 eum
1086 1471 1223 1524 mitti
1273 1485 1377 1538 qua
1425 1466 1616 1524 Deum,
1667 1471 1903 1514 attamen

331 1578 471 1631 nihil
509 1571 846 1644 impossibile
890 1562 1153 1631 consequi
1189 1559 1441 1620 afﬁrmat,
1488 1555 1532 1608 si
1590 1551 1905 1606 missionem

333 1671 456 1740 quis
489 1639 889 1733 beii'eplaciium
937 1656 1239 1722 intelligat;
1277 1649 1420 1702 unde
1450 1641 1668 1699 etiamsi
1724 1639 1907 1692 mitta-

336 1728 425 1817 tiir
455 1777 482 1814 a
507 1728 741 1826 Spiritu,
786 1753 832 1806 si
873 1748 1093 1818 quidem
1127 1751 1396 1812 quatenus
1423 1747 1508 1792 est
1545 1737 1729 1794 homo,
1763 1728 1906 1799 quod

333 1865 390 1907 et
428 1821 800 1920 principaliter
843 1840 952 1893 diei
987 1843 1226 1910 oportet,
1274 1830 1406 1883 nihil
1437 1835 1624 1880 contra
1673 1821 1899 1874 Latinus

334 1943 519 2005 valet;
587 1913 632 1991 si
673 1949 800 1988 vero
845 1938 1117 1999 quatenus
1140 1934 1226 1978 est
1271 1921 1434 1981 Deus,
1504 1913 1904 1982 lieneplacitum

338 2036 581 2102 Spiritus
633 2025 805 2080 sancti
869 2020 1056 2074 missio
1105 2014 1454 2083 intelligitur,
1489 2018 1546 2061 et
1593 2020 1773 2074 neque
1805 2002 1909 2054 hoc

333 2092 526 2174 contra
560 2115 784 2169 Latinos
806 2110 953 2169 facit,
987 2101 1451 2175 quemadmodum
1474 2096 1637 2168 paulo
1662 2101 1791 2147 ante
1822 2092 1910 2145 di-

339 2207 540 2259 ximus.
581 2200 686 2255 Sed
715 2199 756 2253 si
789 2197 882 2266 qui
919 2211 1025 2248 non
1065 2196 1259 2261 prohat
1293 2189 1595 2258 sophistice
1624 2196 1913 2251 argumen-

341 2305 508 2356 tatur,
556 2291 730 2360 magis
789 2293 1206 2356 argumentatur
1260 2279 1604 2349 suphistice,
1655 2275 1748 2344 qui
1801 2286 1909 2324 non

339 2385 602 2445 ostendit,
637 2381 915 2451 quomodo
953 2387 1012 2429 ut
1043 2375 1212 2427 Deum
1245 2375 1421 2424 mittat
1444 2368 1642 2422 Filium
1673 2364 1914 2432 Spiritus

338 2485 563 2531 Sanctus
590 2491 604 2536 ;
638 2470 840 2525 ctenim
891 2466 1041 2519 nullo
1073 2464 1237 2516 modo
1270 2460 1322 2514 id
1352 2460 1420 2512 ab
1463 2456 1649 2524 aliquo
1700 2460 1916 2505 sancto.

339 2584 462 2622 rum
518 2567 722 2619 dictum
778 2560 1072 2613 ostendere
1095 2561 1299 2623 potest.
1360 2549 1609 2608 Accedit,
1661 2543 1806 2613 quod
1860 2549 1916 2592 et

342 2669 671 2725 magnopere
728 2649 1070 2716 inopinatum
1125 2653 1179 2696 et
1230 2643 1658 2708 inexspectatum
1721 2633 1914 2686 habet:

343 2752 398 2803 iii
430 2745 687 2799 omnibus
711 2738 1156 2794 communionem
1211 2733 1334 2786 Filii
1369 2746 1432 2783 ac
1467 2727 1706 2798 Spiritus
1738 2725 1790 2778 in
1828 2739 1918 2775 ra-

343 2842 493 2892 tione
527 2834 734 2891 causali
796 2830 933 2884 nihil
963 2843 1082 2882 eSsc
1123 2827 1324 2879 mirum
1356 2838 1418 2875 ac
1451 2823 1797 2889 peregrinum
1821 2818 1917 2878 ait,

345 2931 441 2985 sed
470 2929 648 2983 Patris
677 2933 733 2979 et
768 2922 893 2976 Filii
926 2922 979 2973 in
1017 2919 1203 2987 aliqua
1239 2931 1294 2968 re
1351 2911 1796 2968 communionem
1826 2920 1922 2974 pe-

347 3017 620 3086 regrinam
652 3022 706 3066 et
747 3012 939 3064 miram
991 3008 1342 3076 depraedicat.
1389 3001 1576 3053 Primo
1612 2998 1778 3067 igitur
1809 3009 1917 3048 non

1382 359 1401 393 '
1543 349 1808 419 GEORG
1829 344 1884 410 ll
1928 351 2012 407 SC
2023 339 2223 406 HDLA
2240 344 2278 399 ii
2292 331 2349 398 ΙΪ

1732 466 1895 519 etiam
1927 463 1972 520 Λ
1999 455 2120 507 οὐδὲ
2163 452 2406 518 πέμπειν
2443 443 2626 506 ὲαυτδ,
2655 441 2843 510 ὥσπερ
2868 439 2989 496 οὐδὲ
3024 440 3352 510 προϐάλλειν
3390 443 3572 499 ἑαυτό.

3500 337 3570 400 96

2002 547 2064 599 Εί
2095 544 2148 599 δὲ
2178 545 2270 596 καὶ
2310 541 2520 605 πέμπει
2557 537 2644 588 tim
2672 536 2819 597 Υίὸν,
2852 533 2986 584 ἀλλὰ
3019 534 3154 583 καθ),
3177 533 3368 600 γέγονε
3405 535 3573 604 σάρξο

2000 638 2096 688 καὶ
2123 632 2263 701 αὐτη
2301 631 2332 696 ἡ
2370 628 2662 696 ἀπόκρισις
2687 625 2786 676 οὐκ
2818 624 2934 675 ἐστι
2963 622 3273 692 σοφιστικὴ,
3301 623 3415 674 ἀλλ’
3442 627 3578 694 ἀλη-

2003 724 2126 792 θής.
2170 721 2228 774 '0
2261 721 2372 788 γὰρ
2406 716 2667 782 ί-ἐολόγος
2702 717 2796 765 καὶ
2837 712 2942 764 ὑπὸ
2983 711 3078 764 τοῦ
3123 714 3335 781 Κυρῗου
3365 713 3582 780 πέμπε-

2002 817 2129 868 σθαι
2184 813 2278 864 τὸν
2332 810 2484 873 Υἱὸν,
2528 804 2968 875 προηγουμένως
3002 803 3104 872 μὲν
3142 804 3214 865 ὼς
3269 805 3580 872 ἄνθρωπον,

2001 908 2190 972 λέγει·
2228 903 2276 954 εί
2315 901 2371 953 δὲ
2407 902 2503 951 καὶ
2533 898 2606 959 ὼς
2635 897 2768 948 Θεὸν
2806 896 3085 962 συγχωρεῖ
3131 894 3249 961 μὲν,
3282 895 3396 946 ἀλλ’
3425 895 3581 946 οὐδὲν

2003 996 2268 1051 ἀδύνατον
2304 991 2536 1043 ἕπεσθαι
2567 989 2743 1053 λέγει,
2773 985 2840 1038 ἂν
2871 985 2968 1054 τὴν
2990 985 3298 1052 ἀποστολὴν
3329 985 3580 1036 εὐδοκίαν

2002 1106 2085 1151 τις
2137 1088 2343 1155 νοήσῃ·
2394 1084 2537 1136 ὥστε
2583 1081 2677 1132 καὶ
2725 1077 2927 1130 ὁπόταν
2977 1076 3083 1127 ὑπὸ
3129 1075 3222 1128 τοῦ
3267 1076 3584 1143 Πνιεύματος

2005 1181 2318 1248 πέμπηται,
2353 1175 2402 1226 ει
2441 1172 2540 1241 μὲν
2581 1169 2660 1231 ὡς
2709 1167 3021 1236 ἄνθρωπος,
3052 1166 3080 1218 δ
3109 1166 3202 1218 καὶ
3235 1168 3587 1235 aps-ww”-

2007 1287 2113 1331 νως
2143 1264 2400 1335 λέγεσθαι
2430 1264 2529 1326 δεῖ,
2566 1261 2720 1314 οὐδὲν
2749 1261 2907 1314 τοῦτο
2938 1259 3081 1311 κατὰ
3110 1258 3360 1310 Λατίνων
3392 1259 3544 1310 ἐστίν
3567 1274 3583 1290 ο

2005 1363 2056 1412 εί
2081 1360 2138 1411 δὲ
2162 1359 2242 1420 ib;
2275 1357 2429 1420 Θεὸς,
2455 1355 2489 1423 ή
2527 1352 2747 1406 εὐδοκία
2784 1349 2880 1403 τοῦ
2935 1348 3254 1417 Πνεῦματος
3301 1348 3584 1417 ἀποστολὴ

2007 1451 2234 1506 νοεῖται,
2265 1449 2362 1499 καὶ
2390 1444 2512 1497 οὐδὲ
2541 1443 2700 1496 τοῦτο
2736 1441 2875 1494 κατὰ
2899 1439 3146 1493 Λατίνων
3174 1438 3344 1501 ἐστὶν,
3371 1438 3431 1490 ὃν
3459 1440 3586 1506 τρό-

2011 1556 2112 1591 πον
2143 1538 2372 1605 ἔναγχος
2402 1534 2645 1604 εἴρηται.
2703 1530 2847 1584 Ἀλλ’
2876 1530 3036 1598 εἴπερ
3064 1531 3092 1582 ὁ
3127 1531 3202 1599 μὴ
3233 1529 3450 1590 δεικνὺς
3485 1546 3583 1581 κα-

2006 1629 2383 1696 τασοφίζεται,
2449 1625 2880 1692 κατασοφίζεται
2919 1621 3122 1690 μᾶλλον
3163 1623 3192 1673 ό
3240 1621 3316 1691 μὴ
3369 1621 3583 1682 δεικνὺς

2009 1722 2156 1780 ὅπως
2185 1719 2259 1780 ὡς
2311 1717 2444 1769 Θεὸν
2473 1715 2803 1768 ἀποστέλλει
2833 1715 2928 1767 τὸν
2981 1713 3110 1766 Υίδν
3155 1711 3215 1764 τὸ
3269 1711 3493 1779 Πνεῦμα
3524 1711 3588 1764 τδ

1943 1789 1983 1841 Β
2014 1812 2168 1874 ἆγιον
2191 1825 2205 1839 ·
2227 1807 2474 1872 οὐδαμῶς
2507 1806 2616 1875 γὰρ
2648 1805 2808 1857 τοῦτο
2840 1805 3011 1869 δεῖξαι
3035 1803 3260 1857 δύναται
3290 1801 3587 1871 λεγόμενον

2011 1903 2117 1956 ὑπό
2145 1917 2289 1962 τινος
2311 1901 2421 1952 τῶν
2445 1900 2643 1967 ἁγίων.
2675 1899 2947 1966 Πρόσεστι
2973 1899 3028 1950 δὲ
3059 1900 3142 1952 ὅτι
3172 1899 3267 1952 καὶ
3300 1897 3465 1949 πολὺν
3493 1903 3588 1948 τὸν

2013 1992 2320 2061 παράλογον
2351 1992 2462 2060 ἔχει
2490 2007 2504 2022 α
2537 1993 2628 2043 ἐπὶ
2681 1991 2816 2044 πᾶσι
2850 1991 2910 2044 δὲ
2958 1992 3058 2060 τὴν
3091 1992 3190 2060 μὲν
3220 1994 3278 2042 ὲν
3306 1989 3384 2058 τῷ
3411 1989 3588 2041 αἰτια-

2011 2084 2087 2152 τῷ
2117 2083 2208 2135 τοῦ
2261 2081 2390 2133 Υἱσῦ
2425 2083 2521 2133 καὶ
2556 2081 2879 2149 Πνεύματος
2909 2081 3202 2134 κοινωνίαν
3246 2081 3400 2134 οὐδὲν
3445 2077 3586 2131 εἶναι

2013 2191 2147 2243 φησι
2178 2174 2492 2241 θαυμαστὸν
2523 2173 2645 2235 οὐδὲ
2689 2173 3020 2242 παράδοξον,
3042 2175 3141 2244 τὴν
3171 2174 3224 2226 δὲ
3254 2173 3311 2224 ἐν
3339 2191 3446 2225 τινι
3471 2187 3590 2226 itot-

2013 2266 2211 2318 νωνίαν
2263 2265 2482 2333 ,Πατρός
2531 2264 2626 2316 καὶ
2678 2264 2812 2316 Υίοῦ
2863 2265 3167 2332 παράδοξον
3197 2264 3584 2333 ἀποφαίνεται.

2013 2356 2240 2426 Πρῶτον
2274 2355 2374 2424 μὲν
2391 2329 2496 2407 *οὖν
2527 2355 2626 2405 οὐκ
2659 2353 2768 2406 ἔδει
2799 2353 2898 2424 τὴν
2930 2329 3028 2422 τῆς
3061 2359 3298 2418 πίστεως
3325 2329 3592 2424 ἀλήθειαν

2014 2451 2072 2500 ὲν
2101 2449 2178 2514 τῷ
2204 2446 2280 2515 μὴ
2311 2443 2618 2514 Θαυμαστῷ
2651 2444 2786 2514 μηδὲ
2836 2445 3125 2515 παραδόξῳ
3171 2447 3364 2498 τοῦτον
3407 2446 3594 2516 ὁρίζε-

2020 2540 2143 2592 σθαι
2169 2552 2182 2567 ⁸
2212 2538 2530 2592 τούναντίον
2581 2538 2689 2606 γὰρ
2737 2537 2937 2605 πολλῆς
2990 2537 3306 2608 ἐκπλήξεως
3336 2539 3428 2591 καὶ
3459 2541 3597 2591 ἀπο-

2023 2631 2141 2700 ρίας
2171 2631 2270 2699 τὴν
2299 2628 2576 2698 ἡμετέραν
2605 2629 2793 2681 πίστιν
2828 2629 3111 2698 γέμουσαν
3148 2629 3332 2698 ἴσμεν.
3355 2629 3596 2699 Ἀπορὴ-

2021 2737 2133 2773 aere
2192 2719 2237 2772 δ’
2287 2720 2356 2772 ἄν
2409 2735 2493 2783 τις
2536 2718 2736 2788 μᾶλλον
2783 2718 3047 2787 εὐλόγως,
3098 2722 3329 2790 πότερον
3378 2722 3598 2789 ἡγεῖται

2021 2807 2360 2878 θαυμαστὸν,
2407 2809 2456 2860 εί
2496 2809 2557 2860 τὸ
2595 2806 2926 2877 προϐάλλειν
2975 2808 3156 2860 κοινόν
3192 2809 3308 2860 ὲιτι
3335 2807 3448 2877 Υίῲ
3501 2811 3599 2860 καὶ

2023 2901 2198 2970 [lupi
2223 2899 2325 2968 (Ι),
2351 2898 2384 2969 ἢ
2417 2899 2466 2950 εἰ
2496 2900 2557 2950 τὸ
2586 2901 2831 2968 πέμπειν
2857 2914 2872 2929 ·
2900 2899 2964 2950 οὐ
3001 2903 3112 2968 γάρ
3139 2900 3255 2952 ἐστι
3307 2901 3498 2968 σαφές.
3535 2899 3602 2952 El

2027 2993 2126 3062 μὲν
2157 2988 2252 3045 οῦν
2295 2992 2424 3060 περὶ
2465 2990 2560 3042 τοῦ
2596 2988 2962 3057 προϐάλλειν
2995 2990 3248 3060 βούλεται
3275 2989 3475 3054 λέγειν,
3505 2992 3606 3044 καὶ

346 3109 634 3178 oportebat
686 3107 864 3173 ipsum
911 3101 1034 3155 fidei
1072 3099 1354 3152 veritatem
1401 3093 1455 3147 in
1505 3107 1572 3146 eo
1613 3087 1762 3158 quod
1811 3101 1918 3140 non

2030 3083 2137 3178 μὴν
2150 3083 2294 3178 *περὶ
2317 3081 2410 3134 τοῦ
2441 3081 2685 3149 πέμπειν
2712 3083 2746 3150 ἡ
2779 3080 3037 3152 πρόθεσις
3081 3078 3150 3153 ἦν
3171 3100 3185 3115 ο
3216 3083 3324 3135 εδει
3357 3085 3463 3153 γὰρ
3497 3083 3605 3135 αὐ-

348 3176 549 3251 iiiiruiii
597 3201 652 3246 et
704 3190 984 3245 insolitum
1032 3196 1138 3252 est,
1172 3184 1546 3246 constituere;
1583 3176 1922 3233 econtrario

346 3287 496 3341 enim
540 3283 700 3338 ﬁdem
739 3291 985 3334 nostrain
1019 3275 1272 3331 novimus
1311 3270 1682 3326 abundantem
1713 3266 1781 3320 iis
1803 3277 1926 3333 quae

351 3388 631 3446 stuporem
683 3371 1169 3437 diﬂicultatemque
1221 3364 1497 3434 injiciunt.
1543 3360 1733 3414 Potius
1760 3355 1924 3410 dubi-

353 3478 496 3524 taret
529 3469 652 3536 quis
695 3481 802 3518 non
840 3461 1140 3522 immerito,
1195 3466 1376 3510 utrum
1413 3454 1672 3522 opinatur
1727 3450 1928 3502 miran-

353 3564 504 3622 dum,
527 3560 572 3613 si
603 3557 908 3627 producere
948 3563 1242 3606 commune
1277 3557 1360 3602 est
1390 3545 1528 3599 Filio
1551 3557 1615 3598 ac
1658 3539 1828 3604 Patri,
1860 3553 1927 3591 an

355 3668 486 3707 vero
517 3651 562 3705 si
591 3650 672 3703 eis
721 3660 1012 3702 commune
1044 3651 1129 3696 est
1183 3639 1434 3702 mittere;
1467 3646 1646 3702 neque
1688 3632 1833 3686 enim
1875 3627 1929 3681 id

355 3745 552 3812 liquet.
612 3740 669 3792 Si
718 3737 886 3808 igitur
924 3733 1073 3802 loqui
1112 3730 1229 3784 vult
1273 3730 1341 3783 de
1373 3728 1662 3798 producere
1706 3723 1933 3795 (prodii-

356 3811 576 3893 cendo),
604 3835 843 3880 attamen
876 3824 1021 3877 circa
1055 3825 1272 3874 mittere
1326 3816 1650 3870 versabatur
1679 3811 1930 3884 proposi-

359 3932 508 3986 tum;
541 3919 831 3988 Oportebat
855 3916 1002 3969 eiiiui
1024 3927 1153 3967 eum
1183 3909 1497 3973 ostendere,
1529 3921 1705 3975 neque
1729 3903 1936 3955 mittere

355 4030 478 4070 esse
503 4029 566 4066 ex
598 4025 789 4066 eorum
822 4023 1076 4072 numero,
1113 4021 1235 4073 qua:
1280 4011 1411 4056 sunt
1445 4000 1656 4054 duabus
1689 3994 1936 4066 personis

359 4103 694 4165 communia,
722 4102 867 4154 sicut
897 4113 1073 4166 neque
1099 4111 1164 4149 ea:
1191 4110 1353 4147 causa
1395 4106 1544 4153 esse;
1596 4089 1642 4142 si
1673 4101 1804 4140 vero
1856 4086 1935 4138 io-

359 4197 549 4264 qiiitur
602 4197 668 4247 de
731 4192 977 4251 mittere,
1036 4201 1142 4240 non
1194 4193 1310 4238 erat
1351 4197 1450 4236 cur
1502 4180 1832 4240 miraretur,
1891 4174 1938 4228 si

360 4300 659 4343 commune
699 4291 786 4336 est
815 4279 960 4333 Patri
984 4286 1042 4331 et
1071 4275 1232 4331 Filio.
1265 4273 1479 4328 Etenim
1519 4269 1730 4324 Patrem
1762 4277 1816 4321 et
1847 4267 1938 4320 Fi-

365 4383 496 4432 lium
529 4377 748 4427 mittere
782 4369 1046 4440 Spiritum
1087 4373 1363 4424 sanetum,
1393 4376 1502 4416 non
1535 4361 1664 4414 licet
1730 4358 1940 4412 iniit-ias

2025 3175 2116 3228 τὸν
2145 3172 2335 3238 δεῖξαι,
2363 3175 2445 3226 ὃτι
2475 3172 2597 3225 οὑδὲ
2626 3173 2687 3224 τὺ
2715 3173 2978 3242 πέμπειν
3005 3175 3126 3226 ἐστὶ
3147 3174 3258 3226 τῶν
3280 3174 3401 3226 δυσὶ
3427 3189 3604 3244 προσο

2027 3267 2196 3328 ώποις
2252 3264 2471 3328 κοινῶν,
2489 3263 2682 3328 ὥσπερ
2713 3265 2834 3316 οὐδὲ
2879 3266 2939 3318 τὸ
2971 3266 3275 3318 αἰτιατόν·
3300 3269 3348 3317 εί
3385 3267 3440 3318 δὲ
3476 3266 3609 3334 περὶ

2026 3356 2121 3410 τοῦ
2154 3354 2438 3424 πέμπειν,
2485 3355 2584 3406 οὐκ
2636 3353 2746 3406 ἔδει
2789 3353 3095 3424 θαυμάζειν
3131 3355 3313 3419 αὐτὸν,
3350 3355 3399 3406 εί
3429 3354 3610 3407 κοινόν

2029 3449 2148 3499 ἐστι
2181 3447 2356 3515 [largi
2389 3445 2487 3498 xui.
2531 3444 2672 3515 Υιῷ.
2706 3445 2831 3498 Ὀτι
2885 3445 2987 3516 μὲν
3036 3447 3145 3515 γὰρ
3173 3449 3199 3498 ὁ
3231 3447 3416 3515 Πατὴρ
3447 3448 3540 3497 καὶ
3575 3445 3610 3496 ὁ

2032 3538 2158 3599 Υἱὸς
2192 3540 2404 3606 πέμπει
2434 3535 2496 3588 τὸ
2529 3537 2754 3603 Πνεῦμα
2787 3537 2851 3588 τὸ
2884 3538 3060 3604 ἆγιον,
3105 3537 3217 3590 οὐδ’
3248 3538 3397 3589 ἔστιν
3425 3538 3615 3602 ἀρνεῖ-

2035 3629 2181 3696 σθαι,
2207 3629 2307 3698 τῆς
2353 3626 2616 3696 ἀληθείας
2662 3627 2835 3696 ἄμφω
2882 3628 3188 3695 λεγούσης·
3221 3628 3322 3680 οὐκ
3351 3629 3458 3696 ἄρα
3490 3628 3615 3691 ἑνός

2033 3725 2154 3775 ἐστι
2187 3717 2482 3790 προσώπου
2504 3734 2518 3747 ο
2547 3719 2630 3770 ὅτι
2660 3719 2717 3771 δὲ
2772 3720 2866 3772 καὶ
2895 3719 2955 3772 τὸ
2995 3719 3220 3789 Πνεῦμα
3265 3719 3426 3774 tatur)
3469 3720 3617 3786 πέμ-

2037 3829 2130 3866 πει
2160 3811 2193 3880 ἢ
2229 3812 2318 3880 ὑφ’
2372 3808 2569 3863 ἑαυτοῦ
2599 3809 2902 3880 πέμπεται,
2939 3810 3178 3878 οὐδαμοῦ
3235 3813 3335 3878 τῆς
3389 3809 3617 3880 Γρσφῆς

2036 3905 2350 3975 εὑρίσκεται
2389 3901 2646 3971 κείμενον
2666 3916 2680 3929 ·
2712 3903 2812 3954 οὐκ
2836 3903 2946 3970 ἄρα
2975 3901 3071 3954 καὶ
3118 3903 3228 3953 τῶν
3249 3899 3416 3970 τριῶν
3445 3915 3618 3968 προσ·-

2035 3995 2202 4048 ώπων
2239 3994 2360 4045 ἐστὶ
2406 3993 2469 4044 τὸ
2525 3995 2775 4062 πέμπειν
2827 3993 2888 4044 τὸ
2940 3991 3165 4059 Πνεῦμα
3210 3992 3272 4043 τὸ
3316 3991 3498 4057 ἅγιον.
3549 3991 3617 4043 El

2037 4087 2148 4157 γὰρ
2181 4087 2276 4138 καὶ
2299 4085 2360 4136 τδ
2394 4083 2621 4151 Πνεῦμα
2655 4085 2778 4137 πνεῖ
2801 4083 2938 4136 ὅπου
2987 4082 3131 4134 θέλει
3159 4081 3257 4153 (2),
3287 4081 3403 4134 ἀλλ’
3431 4081 3492 4134 οὐ
3517 4081 3618 4151 δή·

2040 4196 2143 4231 που
2175 4180 2273 4232 καὶ
2320 4178 2484 4230 ἑαυτὸ
2515 4177 2729 4246 πέμπει
2759 4176 2793 4247 ἢ
2824 4175 2916 4244 ὑφ’
2947 4173 3144 4228 ἑαυτοῦ
3192 4176 3495 4242 πέμπεται.
3540 4174 3622 4226 Τὸ

2041 4271 2150 4339 γὰρ
2175 4271 2418 4338 πέμπειν
2446 4268 2602 4333 τάξιν
2650 4269 2770 4332 ἑνὸς
2803 4268 3102 4334 προσώπου
3132 4268 3286 4338 δηλοῖ
3317 4269 3456 4338 πρὸς
3495 4269 3620 4321 ἓτε-

2047 4378 2159 4430 ρον,
2194 4361 2571 4430 τούλάχιστον,
2601 4359 2671 4430 ἢν
2704 4360 2869 4422 αὐτὸς
2899 4359 3109 4427 προῖὼν
3136 4360 3373 4428 τίθησιν,
3405 4361 3488 4412 ὅτι
3523 4359 3623 4412 τοῦ

366 4473 474 4537 ire,
513 4482 637 4523 cum
671 4464 885 4520 Veritas
939 4462 1055 4531 ipsa
1091 4467 1384 4524 utrumque
1421 4452 1655 4507 afﬁrmet
1686 4451 1761 4522 (a)
1787 4466 1802 4516 ;
1827 4464 1922 4503 nor

2047 4453 2164 4516 ἑνὸς
2215 4452 2364 4505 θείου
2419 4455 2718 4523 προσώπου
2769 4449 3012 4521 ἀφανοῦς
3058 4451 3354 4521 γινομένου
3388 4451 3626 4520 θάτερον

366 4577 498 4632 ergo
567 4559 732 4612 unius
787 4564 872 4609 est
926 4548 1504 4623 personas;Spirituni
1535 4559 1667 4600 vero
1726 4543 1944 4598 mittere

369 4654 610 4721 seipsum
647 4648 729 4702 vel
761 4661 792 4700 a
834 4646 1018 4718 seipso
1065 4641 1246 4708 mitti,
1279 4638 1476 4693 nullibi
1534 4635 1944 4704 Seripttirarum

369 4740 580 4794 dictum
642 4735 950 4804 reperitur;
991 4746 1101 4786 non
1138 4743 1272 4797 ergo
1299 4737 1355 4782 et.
1389 4728 1554 4781 trium
1589 4737 1945 4792 personarum

373 4844 458 4886 cst
494 4832 712 4884 mittere
743 4826 1008 4894 Spiritum
1041 4833 1318 4876 sanctum.
1356 4820 1471 4874 Eisi
1501 4819 1649 4873 enim
1705 4816 1948 4886 Spiritus

374 4926 465 4978 ubi
496 4924 611 4976 vult
646 4919 843 4988 spirat,
870 4927 925 4970 at
955 4923 1108 4970 certe
1151 4928 1260 4966 non
1285 4919 1342 4965 et
1383 4913 1624 4980 seipsum
1655 4913 1824 4962 mittit
1862 4908 1948 4960 vel

375 5033 404 5067 a
436 5017 616 5081 seipsu
652 5012 908 5064 mittitur.
943 5006 1076 5061 Nam
1122 5007 1341 5058 mittere
1393 5006 1644 5055 ordinent
1707 5000 1950 5054 declarat

378 5109 542 5160 unius
574 5119 820 5172 persona:
844 5104 910 5154 ad
931 5101 1182 5160 alteram,
1209 5095 1276 5148 ad
1314 5093 1600 5148 minimum
1637 5105 1761 5143 eum
1785 5105 1949 5159 quem

379 5199 495 5267 ipse
524 5195 877 5265 progrediens
907 5191 1081 5262 potiit,
1113 5189 1284 5259 quod,
1313 5203 1438 5241 cuin
1472 5201 1576 5238 una
1613 5184 1797 5238 divina
1833 5197 1953 5251 per-

375 5304 511 5342 sona
544 5285 832 5339 iiiViSibilis
857 5284 998 5335 facta
1027 5283 1212 5341 luerit,
1239 5281 1410 5332 altera
1450 5275 1830 5329 iiiaiiilestalur
1854 5277 1951 5340 ib).

379 5380 550 5444 Quem
601 5377 851 5430 ordinem
918 5371 1252 5441 impossibile
1295 5379 1378 5421 est
1437 5382 1666 5422 censere
1701 5367 1952 5418 ordinem

453 5539 532 5611 (Ι)
571 5540 712 5594 Meti.
748 5539 787 5590 ί.
813 5536 917 5588 907
945 5555 995 5599 ii,
1040 5552 1152 5600 πνι,
1188 5534 1223 5588 i.
1254 5549 1305 5588 ο.
1352 5530 1649 5600 Πνεύματι.

457 5679 537 5746 (α)
569 5674 1112 5746 NiiiiirumChristus
1142 5673 1300 5725 Joaii.
1326 5685 1435 5746 xiv,
1464 5669 1552 5735 16,
1581 5667 1796 5746 Patrem
1831 5663 1959 5746 iiiis:

382 5737 572 5802 surum
604 5760 723 5797 esse
761 5745 1025 5812 Spiritum
1069 5753 1316 5798 sanctum
1352 5744 1490 5794 dixit
1521 5759 1534 5806 ;
1581 5740 1736 5793 Joaii.
1771 5750 1858 5798 xv,
1888 5737 1960 5788 26

2046 4543 2379 4614 φανεροῦται
2412 4562 2422 4572 ·
2454 4545 2648 4613 ἥντινα
2700 4543 2856 4609 τάξιν
2911 4543 3179 4597 ἀδύνατον
3249 4543 3456 4597 τιθέναι
3523 4542 3622 4595 τοῦ

2049 4636 2364 4706 Πνεύματος
2398 4635 2536 4705 πρὸς
2570 4635 2734 4688 ἑαυτό
2760 4651 2774 4667 ·
2797 4637 2860 4688 τδ
2906 4635 2964 4688 δὲ
2992 4638 3150 4688 πνεῖν
3173 4635 3306 4689 ὅπου
3343 4635 3488 4688 θέλει
3520 4633 3627 4706 τὴν

2047 4729 2300 4794 ἐξουσίαν
2330 4729 2427 4782 καὶ
2456 4728 2750 4782 αὐθεντίιν
2785 4728 3113 4800 παριστάνει
3155 4726 3252 4780 τοῦ
3282 4727 3570 4796 Πνεύματο
3589 4746 3626 4791 ·,

2048 4823 2116 4894 ἢν
2144 4823 2259 4891 ἔχει
2292 4821 2444 4891 παρὰ
2483 4819 2698 4890 Πατρὸς
2735 4821 2830 4871 καὶ
2858 4818 2990 4872 Υίοῦ
3017 4819 3376 4889 πεμπόμενον
3398 4837 3412 4850 ο
3437 4821 3629 4887 κοινὴν

2052 4915 2161 4983 γὰρ
2194 4913 2420 4984 θέλησιν
2447 4911 2545 4964 καὶ
2578 4913 2708 4980 μίαν
2752 4910 2878 4979 ἕχον
2925 4913 3066 4982 μετὰ
3115 4913 3330 4980 Πατρὸς
3360 4911 3457 4963 καὶ
3492 4910 3628 4963 Υίοῦ

2051 5006 2152 5075 τὴν
2173 5004 2268 5056 τοῦ
2293 5005 2498 5064 πάντας
2523 5003 2774 5078 ἁςιᾴζειν
2805 5005 2898 5055 καὶ
2929 5007 3136 5064 πάντας
3167 5004 3476 5070 εὐεργετεῖν
3502 5005 3632 5064 τοὺς

2053 5097 2235 5163 ἀξίους
2260 5095 2351 5146 καλ⁵
2377 5099 2472 5161 τὴν
2501 5097 2673 5163 αὐτὴν
2703 5096 3018 5148 παντάπασι
3041 5093 3272 5164 δύναμιν
3297 5095 3450 5146 ουδὲν
3477 5094 3633 5164 αὐτῷ

2060 5185 2496 5257 προσιστάμενον
2522 5187 2659 5256 ἔχει,
2688 5185 2826 5240 ἀλλὰ
2854 5185 2953 5255 τὴν
2981 5186 3306 5256 εὐεργεσίαν
3338 5185 3504 5237 αὑτοῦ
3537 5190 3636 5244 καὶ

2055 5280 2155 5347 τὴν
2196 5279 2356 5346 χάριν
2413 5276 2528 5344 μετ’
2579 5277 2834 5342 ἐξουσίας
2887 5278 3131 5346 διανέμει
3184 5280 3296 5340 τοῖς
3347 5276 3632 5349 χρῄζουσι.

2060 5370 2168 5420 Καὶ
2201 5368 2372 5419 ταῦτα
2407 5368 2526 5436 μὲν,
2555 5371 2602 5418 εἰ
2632 5372 2758 5435 περὶ
2785 5372 2883 5437 της
2913 5368 3008 5420 τοῦ
3043 5367 3287 5438 πέμπειν
3320 5369 3637 5439 κοινότητος

2130 5526 2207 5596 (‘2)
2244 5524 2443 5578 Joaiiii.
2479 5539 2557 5587 Ill,
2600 5526 2652 5578 8.

2061 5676 2112 5719 ci
2157 5679 2270 5749 svi,
2296 5662 2613 5749 7,rscipsum
2643 5676 2766 5716 eum
2792 5664 3096 5749 missurum
3135 5663 3453 5721 declaravit.

2133 5737 2204 5808 rb)
2233 5735 2431 5789 uenter
2453 5735 2607 5787 Joan.
2647 5749 2758 5798 xw,
2792 5735 2816 5786 7
