3900 6216
374 284 469 350 ιοι

1427 281 1868 351 REFUTATIO
1901 290 2144 353 MARCI
2178 293 2564 357 EPHESINI.

3496 306 3589 370 102

373 399 491 467 ἔχει
516 394 583 449 τὸ
615 390 788 460 εἶναι,
827 389 964 448 ὅθεν
994 393 1093 448 καί
1138 393 1547 463 ἐκπορεύεται,
1576 399 1752 453 τοῦτο
1782 382 1931 470 7-w-

2037 403 2256 456 tervallo
2276 407 2566 473 concipitur
2588 446 2603 470 ,
2635 408 2786 461 liabet
2810 422 2931 462 vero
2963 423 3072 462 esse
3102 424 3164 462 ex
3190 427 3248 462 ea
3279 427 3442 465 causa
3471 432 3594 484 con-

365 485 641 555 ριστικὸν
670 483 781 553 τῆς
815 484 967 538 κατὰ
994 483 1109 550 τὴν
1134 485 1479 538 ὑπόστασιν
1507 485 1798 555 ίδιότητος
1817 503 1931 556 σηο

367 575 532 644 μεῖον
565 574 690 642 ἔχει
721 573 788 626 τὸ
815 572 966 637 μετὰ
996 573 1104 626 τοῦ
1142 575 1276 628 Υίοῦ
1309 575 1404 628 καί
1441 574 1564 628 σὺν
1593 576 1753 641 αὐτῷ
1784 595 1931 646 γνω-

367 665 623 734 ρίζεσθαι
660 665 758 717 καί
789 665 857 717 ἐκ
884 665 992 718 τοῦ
1018 666 1250 732 Πατρός
1284 667 1638 734 ὑφεστάναι.
1688 667 1933 729 Ἀκούεις

369 754 460 805 τοῦ
518 750 1010 820 οτῦρανοφᾶντορος,
1045 750 1136 808 οἷα
1167 755 1355 819 λέγεις
1403 753 1509 808 Τοῦ
1560 755 1713 818 Υίοῦ,
1745 757 1929 826 φησὶν,

371 844 620 912 ἢρτηται,
646 845 924 897 τουτέστιν
957 845 1167 913 ἔχεται,
1196 845 1296 913 οὐχ
1328 847 1408 898 ὃτι
1444 845 1502 909 ἐξ
1548 846 1711 899 αὐτοῦ
1762 849 1927 899 ἐκποο

373 934 610 1003 ρεύεται,
641 933 760 986 ἀλλ’
793 935 876 987 ὄτι
916 936 1013 988 σὺν
1045 933 1193 1004 αὐτῴ
1226 936 1568 999 άδιαστάτως
1596 937 1656 989 ἐκ
1692 935 1780 988 τοῦ
1815 938 1931 989 Ila-

368 1028 495 1095 τρὸς
522 1027 584 1078 τὸ
624 1022 768 1079 εἶναι
801 1027 923 1095 ἕχον
953 1026 1456 1096 καταλαμβάνεται,
1503 1031 1603 1098 τῆς
1632 1028 1726 1081 τοῦ
1761 1031 1932 1082 Μονο-

369 1116 555 1184 γενοῦς
615 1118 915 1186 μεσιτείας,
959 1118 988 1170 ὃ
1043 1133 1212 1186 φησιν
1274 1119 1302 1170 ὁ
1362 1117 1591 1184 αδελφδς
1639 1117 1804 1170 αὐτοῦ
1853 1119 1942 1187 (i)'

370 1209 668 1279 Γρηγόριος
697 1211 725 1261 ὁ
753 1208 853 1277 τῆς
903 1208 1150 1278 Νύσσης,
1193 1209 1287 1262 καὶ
1332 1207 1506 1277 ἐαυτῷ
1540 1213 1600 1260 τὸ
1645 1211 1933 1278 μονογενὲς

369 1301 744 1370 φυλαττούσης
773 1301 867 1353 καὶ
904 1300 964 1353 τὸ
1015 1299 1241 1367 Πνεῦμα
1269 1301 1365 1369 τῆς
1401 1300 1640 1368 φυσικῆς
1673 1302 1808 1372 πρὸς
1838 1302 1929 1353 τὸν

369 1391 585 1460 Πατέρα
641 1392 877 1460 σχέσεως
942 1394 1016 1459 μὴ
1072 1389 1565 1460 άπαλλοτριοὺσης.
1618 1391 1727 1444 Καὶ
1766 1390 1929 1443 πάλιν

367 1483 726 1551 γνωριστικὸν
771 1484 1000 1549 σημεῖον
1052 1481 1185 1550 ἔχει,
1214 1481 1370 1549 φησὶ,
1405 1481 1466 1533 τὸ
1500 1482 1634 1550 μετὰ
1670 1481 1763 1534 τοῦ
1799 1481 1928 1534 Υίοῦ

369 1576 467 1628 καὶ
494 1577 588 1626 σὺν
615 1573 761 1642 αὐτῷ
804 1572 1172 1642 γνωρίζεσθαι
1208 1574 1303 1625 καὶ
1350 1573 1412 1624 ἐκ
1437 1572 1530 1625 τοῦ
1561 1571 1770 1641 Πατρδς
1800 1571 1929 1639 ὑφε-

370 1664 590 1718 στάναι.
621 1665 838 1716 Τούτων
871 1664 925 1715 τί
958 1663 1022 1715 ἂν
1055 1663 1266 1728 γένοιτο
1317 1661 1640 1733 λευκότερον
1681 1663 1714 1732 ἢ
1762 1662 1930 1731 σαφέ-

366 1753 646 1825 στερον,ἢ
701 1754 834 1821 πρὸς
890 1754 989 1823 τὴν
1037 1753 1316 1823 ἡμετέραν
1366 1753 1524 1820 δόξαν
1580 1754 1928 1824 ὁμοφωνότε-

364 1865 499 1917 Ρανὶ

912 1963 951 2014 0
985 1958 1388 2014 ΣΧΟᾹΑΡΙΟΣ.

428 2077 499 2128 Oi
542 2075 756 2128 Λατῖνοι
797 2073 1079 2141 ἀναιροῦσι
1124 2073 1224 2141 μὲν
1271 2072 1367 2124 καὶ
1419 2072 1574 2124 αὐτοὶ
1628 2071 1726 2140 τὴν
1772 2071 1927 2136 τάξιν

359 2166 473 2221 ἀπὸ
521 2164 677 2229 Θεοῦ,
711 2164 778 2234 ἦν
809 2165 856 2216 οἰ
901 2164 1212 2217 διδάσκαλοι
1238 2163 1338 2233 τῆς
1365 2162 1693 2231 Ἐκκλησίας
1732 2152 1924 2215 ὲκὸάλ-

355 2263 549 2314 λουσιν
576 2277 591 2292 ο
626 2259 950 2312 ἐκϐάλλουσι
985 2257 1041 2311 δὲ
1087 2258 1286 2311 ἐκεῖνοι
1336 2257 1437 2322 τὴν
1492 2257 1646 2323 τάξιν
1689 2258 1788 2326 τὴν
1830 2257 1926 2310 τοῦ

357 2353 636 2422 προτέρου
668 2351 762 2404 καὶ
797 2350 1050 2418 ὑστέρου,
1082 2350 1206 2419 ἣτις
1237 2348 1302 2417 δὴ
1347 2350 1444 2401 καὶ
1472 2351 1673 2418 κυρίως
1706 2349 1925 2415 λέγεται

356 2447 519 2512 τάξις
570 2447 626 2498 ἐν
675 2445 786 2506 τοῖς
832 2444 1068 2505 κτιστοῖς
1123 2442 1434 2512 πράγμασι,
1491 2442 1588 2494 καὶ
1640 2441 1774 2500 ὅλως
1827 2438 1928 2508 τὴν

355 2537 544 2598 τάξιν,
577 2536 702 2603 ἥτις
753 2534 1052 2600 ἐπιγίνεται
1097 2532 1212 2594 τοῖς
1247 2532 1568 2600 πράγμασιν
1616 2529 1813 2593 ἔξωθεν
1864 2527 1927 2580 ἐκ

354 2608 510 2690 τινος
542 2629 600 2679 ἐν
633 2627 816 2688 αὐτοῖς
863 2624 1068 2692 ταύτην
1119 2622 1418 2685 ποιοῦντος.
1463 2620 1635 2690 ’Υπὲρ
1666 2620 1774 2690 γὰρ
1802 2620 1928 2673 ταύ-

355 2737 465 2788 τηυ
514 2719 616 2788 τὴν
653 2719 808 2782 τάξιν
857 2712 998 2769 εἶναι
1037 2713 1318 2783 βούλονται
1349 2714 1445 2781 τὴν
1491 2713 1654 2779 άγίαν
1699 2711 1928 2781 Τριάδα.

371 2813 542 2866 Ἀλλὰ
576 2816 670 2863 καὶ
693 2812 817 2862 ὅσον
849 2809 986 2874 πρὸς
1032 2809 1199 2875 ἡμᾶς,
1237 2803 1491 2874 οὐδεμίαν
1534 2803 1687 2867 τάξιν
1715 2802 1930 2873 ἔχουσιν

359 2908 416 2960 ἰν
446 2907 669 2965 ἑαυτοῖς
717 2903 1054 2973 ὡρισμένην,
1084 2900 1218 2953 ἀλλὰ
1263 2899 1405 2951 κατὰ
1455 2898 1746 2966 διαφόρους
1796 2898 1930 2949 ἀπο-

352 2997 581 3066 ϐλέψεις
635 2997 704 3048 τὰ
744 2994 885 3048 αὐτὰ
928 2997 1024 3047 καὶ
1054 2991 1514 3063 προαριθμεῖσθαι
1545 2991 1638 3044 καὶ
1675 2986 1929 3057 συναριθ-

2033 507 2245 556 nexum,
2278 510 2396 563 quia
2425 495 2588 549 Pater
2613 506 2710 561 est,
2739 498 2874 551 unde
2914 507 2962 550 et
2991 501 3248 568 procedit,
3274 501 3379 554 illis
3407 518 3594 558 secun-

2031 585 2155 637 dum
2202 586 2505 654 hypostasitt
2561 589 2854 657 proprietas
2910 592 3003 643 Itoc
3050 592 3200 659 signa
3271 592 3592 657 declaratus,

2031 677 2170 744 quod
2194 686 2308 745 post
2348 675 2551 732 Filium
2580 689 2626 733 et
2662 697 2778 733 cum
2833 679 2978 735 Filio
3009 685 3334 752 cognoscitur
3378 693 3427 738 et
3460 689 3596 758 quod

2031 782 2096 820 ex
2125 769 2286 822 Patre
2310 770 2563 825 subsistit.
2590 773 2830 826 Audisne
2857 788 3029 842 usque
3055 775 3107 828 in
3141 777 3338 831 ctelum
3385 778 3598 848 fulgen-

2035 867 2143 914 tem
2173 858 2412 924 Patrem,
2443 877 2562 931 qua:
2594 862 2726 916 dicit
2749 864 2773 915 ἰ
2798 863 2840 916 Α
2874 861 3016 917 Filio
3037 904 3052 927 ,
3078 864 3280 933 inquit,
3320 866 3595 936 dependet,

2035 950 2141 1006 hoc
2171 960 2282 1017 est,
2318 967 2442 1006 cum
2487 967 2554 1008 eo
2587 953 2959 1008 habitudinem
3001 954 3181 1018 habet,
3228 971 3335 1010 non
3374 961 3501 1027 quia
3529 976 3596 1014 ex

2036 1042 2152 1112 ipso
2192 1044 2485 1113 procedat,
2517 1044 2612 1099 sed
2641 1045 2767 1110 quia
2801 1059 2925 1099 cum
2967 1046 3082 1114 ipso
3115 1047 3234 1101 sine
3256 1049 3386 1113 ‘uilo
3419 1050 3594 1105 inter-

2035 1135 2175 1188 vallo
2215 1150 2280 1188 ex
2325 1133 2482 1190 Patre
2517 1135 2720 1191 habens
2765 1150 2884 1191 esse
2935 1139 3263 1206 concipitur,
3297 1139 3425 1192 dum
3462 1140 3595 1197 Uni-

2035 1226 2203 1296 geniti
2237 1227 2513 1291 mediatio,
2535 1236 2593 1279 ut
2622 1227 2790 1282 frater
2809 1229 2982 1297 ipsius
3004 1227 3297 1297 Gregorius
3321 1231 3596 1301 Nyssenus

2036 1315 2131 1380 ait,
2163 1323 2216 1370 et
2251 1315 2523 1386 Unigeniti
2574 1317 2838 1372 rationem
2890 1318 2995 1372 sibi
3035 1327 3218 1374 servat
3244 1329 3298 1375 et
3327 1320 3593 1390 Spiritum

2036 1422 2066 1460 a
2094 1409 2324 1461 naturali
2365 1407 2432 1461 ad
2480 1407 2695 1462 Patrem
2738 1409 3056 1464 habitudine
3078 1426 3186 1465 non
3226 1413 3491 1469 excludit.
3526 1414 3596 1468 Et

2033 1514 2276 1562 rursum,
2297 1499 2509 1569 signum
2535 1501 2984 1569 cognoscitivum,
3007 1501 3219 1565 ait,hoc
3243 1503 3425 1566 habet,
3449 1505 3594 1574 quod

2037 1598 2162 1657 post
2198 1588 2392 1643 Filium
2428 1599 2483 1644 et
2513 1603 2637 1643 cum
2681 1591 2817 1646 Filio
2844 1595 3194 1662 cognoscitur
3231 1605 3289 1650 et
3335 1610 3402 1649 ex
3437 1595 3594 1651 Patre

2035 1679 2301 1734 subsistit.
2343 1679 2553 1746 Quibus
2586 1683 2716 1750 quid
2767 1685 2872 1738 erit
2908 1685 3241 1741 truculentius
3275 1688 3362 1742 vel
3393 1689 3594 1745 clarius

2039 1771 2120 1826 vel
2146 1786 2272 1827 cum
2313 1781 2497 1828 nostra
2531 1774 2800 1830 sententia
2837 1776 3296 1832 concordantius?

2583 1977 3036 2036 SCHOLARIUS.
3073 2013 3082 2020 ι

2103 2089 2283 2144 Latini
2323 2100 2379 2145 et
2408 2090 2512 2159 ipsi
2555 2105 2585 2144 a
2625 2089 2736 2146 Deo
2789 2102 3076 2146 removent
3129 2105 3256 2146 eum
3318 2092 3590 2159 ordinem,

2033 2197 2194 2252 quem
2233 2181 2490 2237 Ecclesiae
2519 2182 2768 2236 doctores
2825 2193 3143 2249 removent,
3185 2184 3239 2237 hi
3280 2199 3412 2240 vero
3467 2187 3596 2256 reji-

2034 2273 2188 2339 eiunt
2223 2273 2466 2326 ordinem
2502 2273 2802 2326 secundum
2864 2275 3018 2343 prius
3077 2283 3242 2344 atque
3296 2277 3590 2344 posterius,

2034 2365 2127 2433 qui
2155 2365 2374 2432 quidem
2409 2364 2630 2434 proprie
2661 2364 2715 2417 in
2746 2365 2912 2420 rebus
2955 2367 3156 2420 creatis
3193 2368 3329 2421 ordo
3360 2367 3586 2434 dicitur,

2035 2466 2092 2511 et
2122 2455 2415 2511 universim
2471 2456 2722 2511 ordinem
2762 2457 2855 2526 qui
2919 2458 3086 2512 rebus
3156 2457 3476 2513 adnascitur
3524 2461 3593 2515 ab

2035 2557 2184 2602 extra
2208 2561 2273 2601 ex
2302 2547 2508 2616 aliquo,
2547 2546 2692 2616 quod
2745 2548 2799 2601 in
2836 2547 2968 2616 ipsis
2996 2562 3122 2601 eum
3180 2548 3366 2604 iaciat.
3417 2549 3594 2615 Supra

2035 2637 2300 2706 ejusmodi
2333 2638 2477 2692 enim
2503 2638 2753 2692 ordinem
2788 2650 2909 2692 esse
2967 2649 3213 2694 sanctam
3263 2641 3592 2698 Trinitatem

2038 2734 2304 2779 statuunt.
2341 2724 2444 2780 Sed
2472 2727 2638 2780 etiam
2677 2737 2938 2796 quantum
2973 2730 3040 2783 ad
3071 2743 3193 2796 nos,
3249 2733 3461 2787 nullum
3504 2749 3599 2791 or-

2038 2817 2215 2871 dinem
2250 2817 2452 2871 habent
2483 2818 2539 2871 in
2567 2812 2628 2872 se
2660 2818 2789 2887 ipsis
2817 2818 3130 2887 deﬁnitum,
3165 2837 3354 2878 verum
3404 2840 3599 2881 secun-

2038 2907 2168 2962 dum
2193 2908 2439 2964 diversos
2464 2919 2745 2979 respectus
2778 2921 3006 2978 possunt
3030 2911 3048 2978 (
3070 2911 3268 2968 divinae
3300 2929 3549 2984 personae
3577 2921 3597 2982 )

2038 3008 2093 3051 et
2113 2999 2501 3066 przenumerari
2523 3009 2577 3052 et
2597 3001 2979 3054 connumerari
3002 3010 3056 3055 et
3078 3003 3464 3059 subnumerari
3491 3007 3594 3075 (a),

357 3090 586 3158 μεῖσθαι
613 3088 708 3140 καὶ
753 3085 1180 3156 ὐπαριθμεῖσθαι
1210 3084 1487 3146 δύνανται,
1526 3085 1574 3135 εἰ
1610 3082 1703 3134 καὶ
1737 3081 1930 3133 τούτου

2036 3088 2136 3143 etsi
2175 3089 2340 3158 hujus
2378 3091 2456 3143 rei
2487 3090 2624 3144 alius
2651 3091 2783 3144 ordo
2821 3105 2984 3145 causa
3020 3103 3122 3147 est.
3153 3095 3412 3160 Quamvis
3447 3099 3594 3151 enim

358 3180 512 3246 τάξις
543 3180 680 3248 ἄλλη
711 3178 935 3246 γέγονεν
973 3178 1166 3230 αῐτιον.
1186 3174 1379 3228 Καίτοι
1409 3175 1518 3244 γάρ
1544 3173 1737 3225 κοινῶν
1764 3173 1932 3224 ὄντων

356 3274 483 3344 ὅλης
530 3274 636 3340 τῆς
695 3271 926 3340 Τριάδος
978 3269 1086 3322 τῶν
1133 3269 1212 3330 εἰς
1255 3268 1405 3338 ἡμᾶς
1452 3265 1929 3333 εὐεργετημάτων,

351 3365 512 3435 ὅμως
567 3366 603 3427 ἡ
655 3364 862 3415 τούτων
925 3360 1169 3414 ποικιλία
1226 3357 1497 3428 προῆλθεν
1541 3356 1748 3410 ἐκεῖθεν
1796 3354 1935 3424 μετά

357 3473 508 3519 τινος
538 3455 746 3519 τάξεως
771 3455 879 3507 ἀπὸ
906 3453 1003 3522 τῆς
1034 3453 1266 3505 ἑκάστου
1300 3449 1410 3501 τῶν
1432 3447 1597 3501 θείων
1626 3446 1934 3517 προσώπων

362 3549 639 3615 ἰδιότητος
689 3543 1129 3612 λαμϐανομένης,
1183 3540 1301 3596 ἀνθ’
1349 3539 1472 3592 ὅτου
1521 3538 1584 3607 δὴ
1638 3541 1733 3592 καὶ⁵
1785 3537 1932 3607 ἄλλῳ

357 3636 494 3706 θείῳ
524 3635 812 3706 προσώπῳ
859 3634 1026 3704 ἄλλης
1076 3632 1222 3694 ἰδίως
1257 3629 1576 3701 εὐεργεσίας
1605 3629 1934 3698 ἐπιγράφειν

359 3731 662 3796 εἰώθαμεν.
702 3725 897 3787 Καθὼς
932 3726 997 3778 ἂν
1047 3724 1228 3776 τοίνυν
1262 3726 1401 3793 ἡμῖν
1445 3723 1577 3794 ἐπίῃ
1607 3721 1718 3773 τῶν
1750 3719 1930 3772 τοιού-

359 3838 470 3874 των
501 3816 960 3888 εὐεργετημάτων
993 3813 1326 3883 μεμνῆσθαι,
1358 3812 1500 3864 οὕτω
1548 3812 1614 3879 δὴ
1656 3812 1751 3864 καὶ
1781 3808 1933 3880 ἀριθ-

360 3915 490 3983 μεῖν
529 3914 626 3964 καὶ
669 3909 886 3962 τάττειν
919 3908 988 3959 τὰ
1036 3907 1154 3959 θεῖα
1211 3905 1482 3973 εἰώθαμεν
1522 3903 1808 3972 πρόσωπα,
1840 3903 1934 3953 καὶ

349 4005 540 4068 ὀὕτως
600 4003 736 4072 πρὸς
781 4000 1137 4070 εὐχαριστίαν
1188 3997 1220 4067 ἢ
1259 3995 1570 4063 δοξολογίαν
1615 3995 1717 4064 τῆς
1751 4009 1930 4062 μακα-

361 4098 487 4166 ρίας
539 4092 890 4162 ἀφικνεῖσθαι
947 4090 1196 4158 Τριάδος.
1234 4087 1345 4155 Τὴν
1386 4085 1790 4153 ὲκὸαλλομένην
1822 4083 1934 4136 τοίο

359 4204 454 4241 νυν
498 4185 607 4237 ὑπὸ
638 4184 744 4236 τῶν
773 4181 946 4248 ἁγίων
984 4178 1142 4241 τάξιν
1177 4179 1284 4230 άπὸ
1313 4177 1448 4228 Θεοῦ
1482 4178 1598 4230 καὶ,
1621 4177 1669 4228 οἰ
1712 4178 1934 4228 Λατῖνοι

360 4275 792 4332 συνεκὸάλλουσι
823 4275 996 4341 δήπου
1026 4286 1041 4301 ·
1070 4270 1170 4338 τὴν
1203 4269 1260 4322 δὲ
1288 4269 1461 4331 τάξιν,
1479 4262 1546 4339 ἦς
1576 4267 1705 4320 ἄνευ
1737 4265 1937 4318 ἀδύνα-

359 4385 452 4422 τον
488 4369 588 4420 καὶ
617 4363 821 4434 Τριάδα
861 4361 1110 4429 λέγεσθαι
1145 4360 1246 4431 τὴν
1299 4360 1579 4429 μακαρίαν
1605 4359 1835 4429 Τριάδα,
1862 4358 1930 4428 ἢν

359 4462 390 4513 ὃ
416 4475 479 4511 τε
525 4456 667 4518 θεῖος
701 4454 979 4514 Βασίλειος
1014 4457 1110 4506 καὶ
1137 4454 1165 4504 ὀ
1194 4451 1416 4521 Νύσσης
1447 4452 1543 4503 καί
1575 4452 1687 4520 πρὸ
1718 4451 1928 4503 τούτων

361 4551 417 4603 αἱ
452 4546 638 4600 κοιναὶ
673 4546 773 4616 τῆς
832 4545 1068 4605 πίστεως
1125 4541 1411 4604 ὑποθέσεις
1451 4541 1820 4604 διδάσκουσιν,
1870 4541 1937 4594 ὲκ

362 4641 474 4693 τῶν
509 4639 788 4706 ίδιοτήτων
837 4635 942 4704 μὲν
985 4633 1096 4686 τῶν
1130 4633 1288 4686 θείων
1335 4634 1646 4704 προσώπων
1694 4634 1789 4686 καὶ⁵
1832 4633 1935 4685 τῶν

365 4730 616 4800 προόδων
658 4725 972 4792 ἀναγκαίως
1000 4725 1349 4793 ἀνίσχουσαν,
1378 4725 1474 4779 καὶ
1526 4725 1710 4788 αὐτοῖς
1734 4724 1791 4776 δὲ
1819 4726 1933 4787 τοῖς

363 4823 597 4892 ὀνόμασι
625 4818 734 4874 τῶν
763 4818 924 4870 θείων
967 4817 1277 4886 προσώπων
1312 4817 1725 4887 σημαινομένην
1758 4816 1934 4879 καλῶς

364 4915 427 4967 οὐ
471 4911 747 4981 τολμῶσιν
781 4910 1080 4980 ἀρνεῖσθαι,
1114 4907 1226 4961 οὐδ’
1277 4911 1356 4970 εἰς
1397 4909 1671 4979 προῦπτον
1705 4907 1935 4969 ἑαυτοὺς

367 5000 582 5068 ῥίπτειν
626 4997 960 5066 φιλονεικίας
993 4997 1178 5049 εἵνεκα
1209 4996 1456 5050 κίνδυνον
1491 4996 1594 5066 (2).
1643 4996 1936 5049 Λυσιτελεί

365 5089 424 5142 δὲ
457 5089 534 5159 (3)
567 5089 750 5152 αὐτοῖς
795 5089 828 5159 ἠ
875 5086 1027 5152 τάξις
1056 5089 1116 5141 οὐ
1147 5088 1282 5157 πρὸς
1317 5087 1410 5157 τὴν
1459 5089 1716 5142 ὑπόθεσιν
1751 5087 1933 5157 μόνον,

367 5182 504 5250 περὶ
536 5177 603 5252 ἦς
632 5183 667 5250 ἡ
698 5181 952 5248 διαφορὰ,
979 5180 1116 5233 ἀλλὰ
1148 5180 1282 5250 πρὸς
1332 5181 1511 5232 πᾶσαν
1546 5181 1836 5250 ἀλήθειαν,
1871 5181 1935 5249 ἢν

368 5273 542 5323 oram
574 5271 756 5333 καλῶς
784 5272 983 5326 αὐτίκα
1012 5273 1110 5334 τάς
1135 5271 1344 5325 ἑαυτῶν
1381 5271 1561 5341 ψυχὰς
1611 5271 1938 5340 ἀπολείψου-

372 5376 500 5423 σαν,
531 5360 594 5414 ἂν
631 5360 789 5414 αὐτοὶ
813 5360 912 5430 τὴν
943 5361 1095 5424 τάξιν
1141 5361 1512 5429 ἀρνήσωνται.
1559 5363 1621 5416 Ἠ
1654 5361 1762 5430 γὰρ
1796 5360 1930 5429 περὶ

442 5474 521 5542 (l)
551 5475 684 5529 Cod.
715 5474 846 5540 256,
868 5473 1040 5543 αὐτῷ.

447 5549 527 5610 ('1)
561 5545 696 5598 Non.
732 5547 770 5599 l’.
799 5545 925 5610 209,
959 5542 1009 5598 a.
1047 5542 1334 5598 κινδύνων.

447 5677 528 5748 (α)
559 5680 688 5739 Vide
717 5680 877 5752 Gteg.
913 5680 1043 5736 Νη.
1084 5692 1222 5737 orat.
1254 5683 1342 5747 2-},
1375 5697 1426 5750 ρ.
1463 5681 1557 5737 451
1597 5682 1683 5739 ed.
1717 5681 1882 5738 Billii.

2034 3194 2155 3248 quae
2182 3181 2238 3235 in
2269 3195 2369 3234 nos
2392 3179 2776 3234 diffunduntur
2803 3181 3068 3237 beneﬁcia
3111 3187 3281 3241 totius
3311 3188 3599 3244 Trinitatis

2034 3274 2144 3327 sint
2189 3271 2523 3335 communia,
2580 3280 2762 3326 tamen
2798 3275 3117 3329 eorumdem
3178 3279 3412 3335 varietas
3468 3281 3598 3337 inde

2033 3364 2302 3434 processit
2352 3377 2478 3416 cum
2539 3363 2729 3419 ordine
2793 3366 3026 3434 quodam
3055 3382 3086 3421 a
3123 3371 3456 3439 proprietate
3501 3387 3598 3428 cu—

2029 3453 2254 3526 juslibet
2286 3453 2593 3508 divinarum
2623 3469 2983 3524 personarum
3009 3458 3326 3528 desumpta,
3354 3477 3455 3531 pro
3485 3479 3596 3534 quo

2034 3554 2090 3598 et
2119 3544 2321 3598 divinis
2355 3545 2604 3615 personis
2635 3547 2758 3600 aliis
2786 3547 3019 3601 aliorum
3054 3550 3274 3618 proprie
3307 3551 3598 3609 beneﬂcio-

2034 3647 2156 3686 rum
2187 3634 2414 3702 gratiam
2445 3633 2719 3689 ascribere
2764 3636 3076 3706 gratiasque
3117 3637 3324 3693 referre
3356 3654 3598 3697 consue-

2033 3725 2234 3779 vimus.
2266 3724 2434 3780 Prout
2463 3725 2856 3781 beneﬁciorum
2881 3729 3152 3799 ejusmodi
3196 3731 3464 3786 memoria
3488 3747 3590 3790 nos

2033 3816 2202 3880 subit,
2230 3815 2304 3871 ita
2332 3825 2388 3871 et
2440 3833 2732 3872 numerare
2768 3826 2824 3873 et
2873 3819 3147 3876 collocare
3208 3823 3426 3878 divinas
3471 3840 3599 3895 per-

2033 3920 2200 3961 sonas
2228 3907 2472 3962 solemus
2495 3919 2550 3962 et
2579 3910 2660 3962 sic
2691 3909 2988 3976 procedere
3021 3913 3086 3966 ad
3119 3915 3322 3982 gratias
3358 3916 3598 3985 agendus

2033 3997 2117 4051 vel
2144 3998 2210 4052 ad
2242 3998 2647 4068 gloriﬁcandam
2675 3999 2888 4053 beatam
2935 3999 3285 4058 Trinitatem.
3338 4007 3600 4062 Ordinem

2036 4086 2226 4156 igitur,
2254 4102 2418 4156 quem
2451 4089 2625 4142 sancti
2651 4103 2681 4141 a
2711 4088 2821 4142 Deo
2886 4091 3209 4158 excludunt,
3242 4092 3421 4150 Latini
3449 4106 3598 4152 certe

2035 4192 2160 4232 cum
2187 4177 2296 4233 illis
2329 4193 2546 4247 quoque
2592 4178 2922 4247 excludunt;
2966 4198 3092 4236 eum
3148 4199 3279 4240 vero
3323 4189 3598 4254 ordinem,

2037 4271 2156 4326 sine
2185 4287 2294 4342 quo
2325 4271 2483 4326 beata
2519 4272 2757 4329 Trinitas
2802 4277 2957 4330 nullo
2984 4280 3146 4332 modo
3196 4279 3445 4338 Trinitas
3486 4283 3598 4338 dici

2038 4372 2238 4430 potest,
2272 4377 2543 4430 quemque
2574 4370 2631 4416 et
2655 4363 2815 4417 divus
2846 4363 3084 4421 Basilius
3116 4376 3172 4422 et
3217 4367 3520 4441 Nyssenus,
3547 4385 3604 4430 et

2040 4463 2168 4509 ante
2204 4454 2307 4508 hos
2333 4468 2654 4508 communes
2700 4454 2826 4508 ﬁdei
2861 4459 3272 4528 suppositiones
3321 4479 3423 4518 nos
3472 4469 3600 4522 edo-

2038 4556 2164 4602 cent
2189 4562 2256 4602 ex
2287 4547 2594 4601 divinarum
2634 4560 2994 4615 personarum
3046 4554 3486 4620 proprietatibus
3545 4569 3603 4613 et

2038 4639 2480 4709 processionibus
2546 4637 2854 4693 necessario
2924 4641 3282 4699 resultantem
3354 4655 3411 4702 et
3471 4648 3604 4718 ipsis

2036 4729 2353 4784 earumdem
2383 4727 2689 4782 divinarum
2717 4744 3074 4797 personarum
3107 4735 3427 4792 nominibus
3454 4749 3601 4794 recte
3681 4756 3716 4778 r-

2037 4820 2399 4892 signiticatum
2464 4834 2663 4891 negare
2725 4835 2836 4876 non
2892 4823 3099 4879 audent
3148 4841 3327 4896 neque
3372 4839 3602 4884 conten-

2039 4914 2201 4968 tionis
2221 4913 2392 4982 gratia
2425 4913 2480 4966 in
2507 4912 2734 4967 evidens
2768 4924 2942 4970 semet
2967 4918 3270 4985 periculum
3305 4920 3597 4988 projicere.

2038 5005 2263 5060 Prodest
2295 5003 2429 5072 ipsis
2461 5003 2599 5058 ordo
2633 5019 2740 5058 non
2779 5006 2952 5058 solum
2988 5021 3088 5074 pro
3123 5023 3186 5061 ea
3222 5011 3599 5078 suppositione

2035 5096 2182 5152 circa
2241 5111 2404 5166 quam
2458 5105 2709 5150 versatur
2784 5099 3182 5163 controversia,
3254 5115 3441 5156 verum
3502 5121 3600 5173 pro

2035 5188 2184 5242 omni
2218 5189 2469 5252 veritate,
2507 5201 2670 5257 quam
2728 5188 2894 5255 probe
2941 5201 3145 5244 norunt
3178 5191 3432 5259 protinus
3466 5208 3593 5246 suas
3691 5181 3696 5186 ’

2035 5282 2244 5334 animas
2275 5279 2641 5341 deserturam,
2676 5279 2836 5333 simul
2885 5293 2947 5333 ac
2986 5280 3086 5348 ipsi
3136 5281 3387 5336 ordinem
3429 5297 3592 5352 nega-

2035 5371 2235 5455 verittt.
2278 5370 2410 5424 Nam
2456 5371 2723 5423 imtovatio
2757 5370 2894 5423 circa
2951 5371 3206 5437 ordinent,
3253 5373 3328 5425 ait
3372 5386 3600 5444 magnus

2111 5481 2187 5552 (ὅ)
2224 5480 2366 5538 Mon.
2405 5499 2480 5536 τε.
