3900 6216
291 329 392 394 125

1507 324 1834 386 GEORGII
1883 326 2300 389 SCIIOLARH

3429 325 3530 396 liii

287 460 394 516 qua
425 458 489 497 ex
525 439 796 496 solutione
840 439 1005 494 etiam
1049 439 1369 494 Latinarum
1405 439 1473 494 ad
1508 439 1651 494 hanc.
1713 456 1861 508 qna:-

1981 445 2254 513 nplvovmt
2291 446 2536 514 ζήτημα,
2585 441 2679 496 καὶ
2708 441 2865 495 τοῦτο
2911 441 3126 496 λύουσιν
3163 443 3216 496 οῖ
3259 461 3318 497 τε
3354 465 3532 517 παρα..

289 535 522 589 stionem
564 530 701 584 fax-ta
741 539 823 584 est
857 530 1067 592 illatio;
1113 527 1544 598 Chrysostomus
1571 537 1752 582 autem
1790 528 1857 582 ad

289 623 652 694 posteriorem
683 620 976 689 respondet
1009 618 1261 686 beneque
1287 632 1408 672 eam
1435 619 1622 673 solvit.
1681 619 1860 684 Quare

291 717 435 786 quod
470 715 638 781 gratia
672 713 920 776 thaadam
965 721 1096 766 tunc
1127 712 1252 766 data
1294 723 1379 767 est
1416 722 1471 767 et
1505 713 1709 768 factum
1752 728 1858 766 non

292 822 440 862 mera
485 805 583 859 fuit
612 804 952 873 prtcparatio,
999 803 1052 857 id
1097 819 1203 858 non
1239 804 1582 858 contrarium
1625 812 1710 856 est
1759 803 1860 861 illi.

293 893 437 964 quod
481 908 544 946 ea
577 907 695 960 quae
746 900 874 945 tunc
927 891 1130 945 liebant
1187 892 1413 961 majoris
1463 891 1746 961 cujusdam
1785 891 1862 945 rei

292 984 534 1038 ostensio
559 991 711 1044 sunt,
751 996 850 1034 nec
882 980 1087 1035 dictum
1141 980 1270 1034 illud
1307 981 1430 1034 aliis
1466 980 1629 1034 dictis
1667 979 1864 1034 adver-

294 1085 461 1130 satur.
507 1074 658 1140 Quod
692 1087 824 1126 vero
865 1072 1031 1126 etiam
1065 1071 1146 1124 eis
1207 1079 1500 1134 consonat,
1564 1070 1618 1124 id
1667 1070 1866 1138 cuique

297 1173 483 1218 mente
525 1162 756 1231 pnedito
801 1162 1175 1215 manifestum.
1216 1160 1350 1214 Nam
1386 1159 1641 1215 Christus
1694 1159 1867 1214 insuf-

296 1252 437 1306 ﬁans
471 1251 622 1306 dedit
651 1251 936 1318 Spiritum,
977 1266 1086 1303 non
1117 1250 1329 1314 ﬂatum,
1365 1251 1460 1304 sed
1493 1250 1544 1304 id
1581 1251 1726 1319 quod
1769 1265 1868 1318 per

296 1344 484 1398 ﬂatum
525 1341 953 1410 signiﬁcabatur,
986 1356 1096 1394 non
1160 1341 1228 1394 ab
1266 1341 1610 1396 humanitate
1671 1342 1871 1409 ipsius,

302 1435 397 1500 sed
427 1449 455 1486 a
489 1431 974 1500 deitateprodiens
1033 1431 1390 1495 naturaliter;
1429 1431 1533 1485 hoc
1599 1446 1730 1485 vero
1787 1440 1871 1486 est

299 1520 538 1590 Spiritus
598 1531 860 1585 sanctus;
928 1537 993 1575 ex
1045 1519 1266 1574 Christo
1312 1521 1575 1589 prodiens
1638 1521 1867 1589 gratiam

297 1613 591 1680 quamdam
643 1612 906 1681 apostolis
928 1612 1165 1666 contulit
1201 1621 1352 1677 tunc,
1402 1611 1629 1680 gratiam
1679 1611 1867 1666 diruit-

300 1701 446 1755 tendi
483 1710 734 1769 peccata;
766 1700 859 1754 sed
900 1714 1074 1768 neque
1133 1698 1476 1753 stilummodo
1503 1714 1600 1753 eos
1659 1714 1871 1769 prepa-

1964 537 2183 608 χθέντες
2206 537 2286 599 εἰς
2316 537 2479 606 μέσον
2506 534 2731 602 ἔναγχος
2751 532 2896 601 ἅγιοι
2925 533 3020 586 καὶ
3045 535 3230 587 πολλοὶ
3257 536 3537 605 μετ”ἐκεί-

1968 644 2098 686 νων.
2123 627 2183 691 ἐξ
2213 623 2278 698 ἧς
2311 627 2373 696 δὴ
2423 625 2633 685 λύσεως
2668 627 2762 678 καὶ
2793 626 2825 692 ὴ
2876 623 2983 675 τῶν
3011 625 3255 679 Λατίνων
3306 628 3442 695 πρὸς
3476 630 3535 681 τὶ

1969 720 2192 792 ζήτημα
2218 719 2379 801 τοῦξο
2407 719 2633 787 γέγονεν
2660 716 3002 786 ἐπιχείρησις
3026 733 3042 748 ⁸
3077 720 3103 769 ό
3146 717 3200 770 δὲ
3235 718 3540 793 Χρυσὸστοο

1973 827 2071 879 μσς
2103 810 2237 880 πρὸς
2270 809 2332 861 τὸ
2367 807 2634 878 δεύτερον
2677 807 3034 876 ἀποκρίνεται
3059 810 3154 860 καὶ
3213 807 3332 861 λύει
3380 809 3539 863 τοῦτ)

1968 902 2171 962 καλῶς.
2206 902 2367 954 Ὥστε
2399 901 2460 952 τὸ
2499 900 2660 970 χάριν
2682 900 2804 951 τινὰ
2825 898 2947 950 τότε
2984 897 3257 962 δεδόσθαι,
3317 902 3412 953 καὶ
3465 901 3538 970 μὴ

1973 990 2439 1061 προπαρασκευῆν
2477 986 2617 1042 εἷναι
2647 989 2812 1058 ψιλὴν
2843 988 2902 1041 τὸ
2933 989 3238 1059 γινόμενον,
3272 992 3371 1044 οὐκ
3391 993 3540 1045 ἔστιν

1971 1081 2215 1135 ἐναντίον
2241 1081 2318 1150 τῷ
2350 1082 2416 1134 τὰ
2466 1080 2801 1148 σωματικῶς
2834 1081 2958 1132 τότε
2995 1081 3259 1148 γινόμενα
3296 1079 3539 1151 μείζονίςς

1969 1191 2116 1235 τινος
2140 1173 2470 1243 πράγματος
2503 1172 2730 1239 ἔνδειξιν
2759 1167 2922 1236 εἶναι,
2964 1170 3088 1223 οῦτε
3135 1173 3194 1224 τὸ
3235 1174 3396 1241 ῥητὸν
3425 1176 3540 1236 τοῖς

1976 1266 2160 1331 ῥητοῖς
2219 1263 2542 1317 ὑπεναντίον
2591 1263 2756 1316 ἐστίν.
2813 1261 2936 1316 ’Ότι
2985 1263 3041 1316 δὲ
3094 1263 3190 1315 καὶ
3251 1263 3542 1333 σύμφωνά-θ

1971 1356 2108 1420 ἐστι,
2142 1354 2296 1423 δῆλον
2326 1356 2492 1408 παντὶ
2523 1355 2647 1407 νοῦν
2678 1353 2878 1424 ἔχοντι.
2925 1354 2988 1407 ⁸0
3032 1353 3142 1424 γὰρ
3185 1356 3418 1426 Χριστδς
3449 1359 3546 1424 €51-

1973 1446 2161 1516 φυσῶν
2191 1447 2360 1500 ἐδίδου
2395 1447 2454 1499 τὸ
2480 1445 2728 1514 Πνεῦμα,
2791 1445 2853 1498 οὐ
2908 1443 2970 1498 τὸ
3017 1445 3342 1516 ἐμφύσημα,
3403 1448 3542 1502 ἀλλὰ

1972 1537 2034 1589 τδ
2063 1537 2151 1588 διὰ
2195 1535 2286 1588 τοῦ
2335 1537 2736 1605 ἐμφυσήματος
2799 1537 3239 1606 σημαινόμενον·
3285 1540 3386 1590 οὐκ
3433 1541 3540 1591 ἀπὸ

1973 1627 2072 1695 τῆς
2105 1626 2530 1697 ἀνθρωπὸτητος
2565 1627 2752 1689 αὑτοῦ,
2819 1626 2936 1680 ἀλλ’
2975 1629 3081 1681 ἀπὸ
3131 1630 3231 1698 τῆς
3292 1629 3541 1700 θεότητος

1973 1717 2163 1784 προϊὸν
2196 1716 2439 1785 φυσικῶς
2463 1716 2672 1770 ο⁴τοῦτο
2706 1717 2762 1771 δὲ
2789 1718 3011 1786 Πνεῦμα
3034 1719 3093 1771 τὸ
3127 1718 3284 1787 ἅγιον
3306 1764 3321 1785 ,
3356 1721 3417 1774 ὲκ
3447 1721 3543 1775 τοῦ

303 1791 463 1855 ravir,
495 1808 673 1861 neque
696 1807 887 1845 ontnes
910 1791 990 1844 eis
1016 1790 1215 1844 indidit
1257 1791 1460 1860 gratias
1523 1791 1651 1859 (hoc
1715 1791 1864 1846 enim

1981 1807 2207 1877 Χριστοῦ
2239 1808 2448 1878 προϊὸν,
2475 1808 2635 1878 χάριν
2665 1810 2784 1862 τινὰ
2814 1811 2999 1874 ἐντοῖς
3018 1807 3334 1873 ἀποστόλοις
3366 1810 3547 1874 ἔκτιζε

301 1884 531 1953 posthac
605 1882 850 1936 futurum
878 1891 1015 1947 erat,
1049 1882 1270 1951 quando
1317 1883 1707 1946 essentialiter,
1765 1884 1872 1938 hoc

302 1979 388 2025 est
423 1971 806 2038 corporaliter,
844 1981 903 2026 ut
933 1972 1005 2025 ita
1042 1972 1242 2034 dicam,
1279 1981 1333 2026 et
1395 1973 1710 2042 plenissime
1745 1975 1872 2046 Spi-

306 2065 450 2117 ritus
492 2072 717 2117 sanctus
739 2063 820 2116 eis
859 2065 1201 2118 adventurus
1225 2073 1279 2118 et
1301 2066 1417 2120 suis
1442 2081 1539 2120 eos
1571 2067 1874 2123 charisma-

309 2153 454 2210 ti!)tis
505 2156 817 2225 repleturus
849 2156 988 2225 erat)
1050 2157 1152 2225 (a).
1218 2156 1281 2209 Et
1352 2159 1607 2227 prodibat
1648 2160 1872 2228 quidem

307 2249 551 2317 Spiritus
581 2249 754 2303 sancti
787 2251 1023 2304 essentia
1057 2259 1112 2304 et
1143 2249 1453 2320 hypostasis
1503 2268 1571 2306 ex
1634 2253 1771 2307 Filio
1821 2263 1874 2308 et

308 2349 439 2394 tunc
467 2349 520 2393 et
556 2347 781 2409 postea;
812 2340 906 2394 scd
942 2356 1048 2394 non
1084 2341 1434 2406 accipiebant
1461 2341 1600 2396 hanc
1620 2343 1874 2413 discipuli

303 2430 530 2492 Christi,
577 2445 765 2483 rerum
825 2431 942 2499 ejus
1004 2429 1262 2484 cﬂeclum
1329 2440 1385 2484 et
1425 2421 1698 2500 'gratiam,
1753 2442 1874 2488 tum

306 2522 526 2591 quidem
569 2524 750 2576 statim
783 2539 944 2575 unam
998 2522 1318 2591 quamdam,
1354 2539 1518 2592 quam
1545 2539 1708 2593 supra
1738 2524 1878 2579 dixi-

308 2627 451 2675 mus,
479 2623 665 2680 postea
693 2628 824 2666 vero
858 2616 1022 2667 etiam
1079 2613 1412 2668 universam.
1461 2615 1650 2684 Neque
1697 2616 1874 2682 enim,

308 2709 450 2760 sicut
472 2722 537 2759 ex
587 2706 808 2760 Christo
843 2705 1115 2775 processit
1148 2705 1408 2774 Spiritus,
1443 2707 1518 2761 ita
1548 2707 1717 2761 etiam
1745 2724 1878 2777 apo-

309 2797 433 2851 stoli
473 2797 666 2852 eodem
706 2797 866 2865 plane
894 2797 1055 2850 modo
1083 2806 1135 2850 et
1171 2798 1376 2867 ahsque
1404 2798 1715 2854 dill‘erentia
1751 2817 1877 2856 eum

295 2899 681 2958 acceperunt,
711 2904 897 2942 verum
932 2904 998 2944 ex
1041 2888 1134 2942 illo
1181 2889 1402 2958 quidem
1436 2891 1686 2960 prodibat
1738 2893 1882 2950 sicut

305 2987 366 3034 et
412 2987 533 3033 erat
560 2979 612 3032 iu
645 2980 786 3048 ipso,
817 2980 1188 3047 essentialiter
1219 2981 1472 3035 videlicet
1516 2993 1572 3037 et
1618 2985 1882 3038 naturali-

308 3085 414 3137 ter,
448 3072 537 3125 isti
571 3087 708 3124 Vtil‘O
741 3071 1118 3139 suscipiebant
1159 3071 1213 3124 in
1245 3085 1304 3125 se
1354 3072 1595 3142 Spiritus
1651 3079 1878 3146 gratiam

309 3173 551 3220 creatam
585 3164 637 3216 in
683 3163 817 3233 ipsis
860 3178 888 3216 a
919 3162 1148 3230 Spiritu.
1185 3164 1306 3217 Non
1354 3165 1501 3219 enim
1553 3179 1637 3222 est
1679 3177 1878 3223 natura

309 3265 494 3310 creata
533 3254 734 3309 divinae
774 3256 1031 3331 essentia;
1068 3269 1261 3326 capax,
1320 3257 1414 3310 scd
1461 3258 1694 3327 suscipit
1759 3274 1878 3312 eam

311 3347 613 3402 secundum
643 3347 864 3402 modum
913 3349 1018 3404 sibi
1068 3351 1509 3416 convenientem,
1559 3351 1660 3404 hoc
1693 3347 1776 3405 est
1825 3352 1882 3406 in

311 3440 510 3494 divina:
534 3440 786 3495 essentia:
825 3441 1056 3505 ell‘cctu,
1099 3443 1542 3513 quandoquidem
1579 3452 1634 3498 et
1659 3443 1882 3497 univer-

312 3530 414 3584 sim
462 3531 750 3599 quodlibet
778 3539 860 3586 est
891 3517 946 3586 in
975 3532 1223 3602 quolibet
1278 3548 1388 3588 non
1451 3534 1750 3588 secundum
1797 3536 1881 3588 sui

312 3622 484 3690 ipsius
539 3624 788 3687 modum,
821 3623 944 3689 sed
997 3623 1302 3679 secundum
1365 3625 1589 3680 modum
1651 3625 1769 3696 ejus
1827 3626 1884 3680 in

313 3728 422 3782 quo
449 3721 566 3780 est;
606 3725 690 3769 est
733 3731 866 3769 vero
912 3715 1342 3785 unumquodque
1403 3716 1459 3770 in
1509 3731 1568 3771 se
1631 3716 1771 3786 ipso,
1827 3724 1886 3770 ut

313 3817 435 3860 esse
463 3813 648 3860 natum
677 3819 762 3860 est
791 3806 1095 3860 secundum
1126 3820 1186 3860 se
1211 3822 1224 3869 ;
1280 3806 1422 3861 sicut
1451 3805 1665 3875 species
1694 3805 1887 3875 lapidis

315 3899 676 3953 materialiter
709 3898 932 3968 quidem
996 3909 1082 3954 est
1137 3898 1192 3952 in
1260 3897 1464 3968 lapide,
1525 3898 1888 3968 spiritualiter

315 4005 448 4042 vero
485 3988 542 4041 in
581 3988 765 4053 oculo,
803 3989 855 4042 in
890 3988 1072 4043 anima
1105 3997 1286 4043 autem
1324 3989 1768 4057 inlclligihililcr.
1798 3989 1889 4042 Sic

314 4091 371 4135 et
391 4079 628 4149 Spiritus
655 4089 875 4134 sanctus
909 4080 1023 4148 ipse
1053 4087 1134 4133 cst
1167 4080 1386 4146 quidem
1427 4081 1479 4132 in
1522 4097 1578 4133 se
1612 4081 1749 4149 ipso,
1792 4081 1889 4150 hy-

317 4169 552 4238 postasis
577 4184 606 4222 ιι
642 4169 801 4223 Patre
828 4177 882 4222 et
923 4167 1061 4221 Filio
1087 4168 1343 4220 distincta
1391 4169 1443 4221 in
1481 4184 1584 4221 una
1625 4185 1748 4222 cum
1785 4171 1890 4225 illis

319 4271 512 4314 natura
537 4275 598 4314 ac
622 4259 843 4322 deitate,
877 4260 928 4312 in
971 4257 1127 4311 l‘atre
1163 4275 1290 4312 vero
1338 4267 1393 4312 et
1434 4261 1567 4314 Filio
1601 4271 1659 4314 ut
1692 4261 1741 4314 in
1784 4278 1890 4321 uno

319 4350 590 4421 principio
618 4358 674 4404 et
699 4349 850 4405 fonte
876 4359 1101 4417 propter
1133 4350 1386 4403 essentia:
1427 4351 1482 4404 in
1550 4350 1686 4419 ipsis
1731 4352 1888 4405 iden-

1971 1902 2093 1953 τότε
2125 1899 2223 1970 τὴν
2248 1899 2342 1952 τοῦ
2397 1899 2618 1968 ἀφιέναι
2678 1900 3094 1969 ἁμαρτήματασ
3137 1899 3255 1953 ἀλλ’
3291 1901 3414 1954 οὗτε
3466 1905 3546 1972 (Ι)

1976 1991 2464 2062 προπαρεσκεύαζε
2527 1991 2710 2062 μόνον,
2769 1989 2895 2044 οὔτε
2939 1991 3119 2053 πασας
3171 1993 3396 2045 ἐνετίθει
3442 1997 3550 2057 τας

1975 2086 2204 2153 χάριτας
2258 2082 2438 2153 (τοῦτο
2495 2085 2600 2151 γὰρ
2656 2081 2887 2153 ὕστερον
2941 2081 3134 2151 ἔμελλε
3179 2084 3255 2154 (Ξ)
3296 2083 3548 2151 γενέσθαι

1974 2177 2062 2227 ὅτε
2094 2174 2393 2236 οὖσιωδῶς,
2427 2173 2679 2226 τουτέστι
2728 2173 3082 2241 σωματικῶς,
3115 2173 3190 2236 ὡς
3246 2174 3420 2235 οὕτως
3467 2177 3545 2226 εί-

1978 2267 2121 2328 πεῖν,
2172 2265 2266 2318 καὶ
2318 2263 2673 2333 πληρέστατα
2707 2263 2764 2315 τὸ
2797 2262 3018 2334 Πνεῦμα
3047 2264 3106 2314 τὸ
3139 2265 3291 2327 ἅγιον
3322 2253 3548 2332 ἔμελλεν

1977 2355 2162 2418 αὑτοῖς
2194 2354 2544 2422 ἀφικνεῖσθαι
2579 2355 2674 2408 καὶ
2702 2355 2809 2407 τῶν
2832 2354 2996 2406 αὑτοῦ
3028 2355 3381 2424 χαρισμάτων
3409 2354 3549 2408 πάν-

1977 2464 2083 2499 των
2111 2446 2397 2515 πληροῦν),
2437 2447 2548 2499 Καὶ
2605 2444 2801 2516 προῄει
2860 2447 2959 2514 μὲν
3008 2447 3040 2515 ἡ
3085 2445 3177 2498 τοῦ
3232 2445 3551 2514 Πνεύματος

1977 2537 2130 2590 οὐσία
2163 2555 2220 2591 τε
2261 2541 2354 2592 καὶ
2384 2539 2685 2600 ὑπόστασις
2722 2540 2782 2590 ὲκ
2817 2537 2910 2590 τοῦ
2944 2537 3078 2591 Υίοῦ
3140 2540 3234 2591 καὶ
3281 2541 3403 2592 τότε
3455 2541 3552 2590 καὶ

1981 2626 2210 2695 ὕστερον
2238 2641 2252 2655 ⁶
2317 2629 2561 2697 ἐδέχοντο
2608 2627 2664 2680 δὲ
2699 2629 2758 2680 ού
2810 2628 3017 2697 ταύτην
3057 2629 3124 2680 oi‘
3163 2613 3406 2700 μαθηταὶ
3453 2628 3550 2681 τοῦ

1979 2718 2241 2786 Χριστοῦ,
2270 2719 2406 2771 ἀλλὰ
2433 2721 2491 2772 ea
2521 2717 2728 2787 ταύτ⁰ης
2754 2719 3106 2787 ἀποτέλεσμα
3132 2721 3226 2772 καὶ
3253 2719 3352 2788 τὴν
3368 2720 3552 2788 χάριν,

1980 2809 2104 2860 τότε
2143 2809 2240 2877 μὲν
2273 2809 2430 2870 εὐθὺς
2467 2809 2599 2879 μίαν
2628 2809 2750 2862 τινὰ
2788 2809 2890 2879 τὴν
2945 2809 3265 2878 εξρημένην,
3321 2807 3460 2877 μετὰ
3494 2807 3555 2860 δὲ

1981 2898 2157 2952 ταῦτα
2191 2900 2285 2950 καὶ
2321 2899 2620 2969 σύμπασαν
2644 2913 2659 2928 ⁸
2696 2899 2756 2950 οὐ
2791 2898 2901 2968 γὰρ
2927 2895 3110 2960 καθὼς
3167 2897 3230 2948 ὲκ
3276 2895 3370 2948 τοῦ
3413 2895 3556 2964 Χριο

1985 2991 2109 3042 στοῦ
2162 2991 2400 3059 προῆλθε
2457 2990 2518 3041 τὸ
2565 2989 2793 3058 Πνεῦμα
2853 2990 2948 3042 καὶ
2981 2989 3030 3041 οἱ
3073 2987 3321 3058 μαθηταὶ
3364 2987 3560 3039 τοῦτον

1983 3083 2072 3135 τὸν
2124 3084 2325 3154 τρόπον
2380 3081 2820 3151 ἀπαραλλάκτως
2870 3081 3133 3150 ἐδέχοντο,
3187 3078 3305 3132 ἀλλ’
3345 3079 3558 3132 ἐκείνου

1988 3176 2088 3246 μὲν
2123 3174 2316 3245 προῄει
2351 3174 2452 3243 ('5),
2481 3175 2665 3235 καθὼς
2698 3175 2796 3226 καὶ
2825 3168 2893 3243 ἦν
2947 3174 3004 3224 ὲν
3058 3170 3227 3238 αὐτῷ,
3281 3169 3558 3232 οὖσιωδῶς

1983 3267 2141 3336 δῆλον
2171 3267 2266 3319 καὶ
2298 3266 2542 3336 φυσικῶς
2569 3281 2584 3296 ⁸
2639 3267 2688 3319 οἱ
2712 3265 2768 3318 δὲ
2799 3264 2898 3334 τὴν
2923 3264 3016 3316 τοῦ
3042 3263 3360 3333 Πνεύματος
3391 3261 3561 3330 ἐλάμ-
3599 3248 3611 3256 ’

1984 3360 2146 3413 ϐανον
2177 3359 2340 3428 χάριν
2377 3359 2437 3409 ὲν
2465 3358 2649 3419 αὐτοῖς
2675 3356 2781 3409 ὑπὸ
2833 3355 2926 3410 τοῦ
2962 3355 3280 3425 Πνεύματος
3300 3354 3560 3422 κτιζομέο

1989 3466 2109 3518 νην.
2134 3451 2208 3502 Οὔ
2234 3449 2341 3518 γάρ
2380 3450 2528 3499 ἐστιν
2559 3448 2592 3516 ἡ
2634 3445 2826 3515 κτιστὴ
2866 3446 3030 3514 φύσις
3053 3446 3151 3514 τῆς
3187 3445 3336 3506 θείας
3368 3444 3560 3506 οὐσίας

1987 3540 2295 3611 χωρητικὴ,
2348 3537 2484 3592 ἀλλὰ
2531 3537 2746 3606 δέχεται
2796 3537 3002 3606 ταύτην
3060 3537 3199 3589 κατὰ
3250 3537 3344 3588 τὸν
3386 3537 3558 3608 ἑαυτῇ

1990 3632 2336 3701 προσήκοντα
2379 3628 2600 3695 τρόπον,
2634 3627 2911 3679 τουτέστιν
2945 3628 3004 3678 ὲν
3031 3626 3106 3696 τῷ
3147 3628 3242 3696 τῆς
3293 3627 3442 3691 θείας
3467 3629 3564 3681 0t)-

1989 3724 2110 3784 σίας
2153 3720 2577 3787 ἁποτελέσματι,
2605 3718 2727 3770 ἐπεὶ
2751 3719 2846 3770 καὶ
2878 3717 3063 3780 ἁπλῶς
3119 3716 3352 3771 ἕκαστόν
3406 3719 3562 3771 ἐστιν

1987 3815 2044 3866 ὲν
2077 3814 2292 3881 ἑκάστῳ
2331 3813 2393 3864 οὐ
2427 3811 2567 3864 κατὰ
2597 3810 2687 3864 τὸν
2732 3810 2924 3864 ἑαυτοῦ
2967 3809 3189 3879 τρόπον,
3235 3810 3371 3863 ἀλλὰ
3411 3812 3560 3864 κατὰ

1988 3903 2079 3957 τὸν
2108 3902 2198 3956 τοῦ
2229 3903 2286 3954 ὲν
2317 3897 2359 3970 ᾧ
2381 3903 2529 3954 ἐστιν
2549 3919 2564 3934 ο
2601 3901 2717 3955 ἐστι
2743 3902 2800 3954 δὲ
2852 3900 2942 3953 καὶ
2981 3901 3212 3953 ἕκαστον
3262 3902 3322 3954 ἐν
3351 3901 3559 3971 ἑαυτῷ,

1989 3993 2063 4057 ὡς
2121 3991 2260 4046 εἶναι
2315 3993 2528 4061 πέφυκε
2577 3990 2896 4045 καθἀὑτόο
2949 3989 3139 4060 ῶσπερ
3168 3994 3229 4045 τὸ
3277 3989 3414 4054 εἶδος
3460 3991 3562 4045 τοῦ

1989 4083 2138 4136 λίθου
2161 4085 2276 4136 ἔστι
2311 4083 2409 4152 μὲν
2442 4083 2641 4143 ὑλικῶς
2661 4083 2718 4133 ἐν
2747 4081 2826 4153 τῷ
2854 4081 3007 4151 λίθῳ,
3072 4083 3468 4152 πνευματικῶς
3494 4082 3561 4136 δὲ

1991 4175 2048 4226 ὲν
2077 4172 2361 4240 ὀφθαλμῷ,
2396 4173 2454 4224 ὲν
2482 4171 2541 4223 δὲ
2567 4174 2632 4240 τῇ
2662 4170 2808 4240 ψυχῇ
2840 4164 3068 4240 νοητῶς.
3097 4171 3254 4224 Οὕτω
3291 4173 3347 4225 δὲ
3375 4176 3469 4226 καὶ
3491 4173 3562 4226 τδ

1993 4263 2217 4330 Πνεῦμα
2245 4263 2305 4314 τὸ
2335 4262 2490 4328 ἅγιον
2515 4261 2645 4314 αὐτὸ
2671 4261 2769 4330 μὲν
2807 4260 2953 4313 ἔστιν
3012 4263 3070 4315 ὲν
3101 4263 3280 4332 ἑαυτῷ
3325 4263 3568 4316 ὑπόστα-

1995 4367 2077 4413 σις
2106 4351 2318 4414 Πατρθις
2365 4351 2458 4402 καὶ
2522 4349 2652 4402 Υίοῦ
2714 4349 3111 4420 διακεκριμένη
3174 4351 3231 4402 ὲν
3297 4351 3394 4420 μιᾷ
3437 4351 3563 4418 μετ’

321 4445 551 4505 tiiatem,
579 4457 702 4495 cum
736 4441 972 4511 quodam
1009 4451 1189 4495 tamen
1222 4440 1543 4495 discriminc
1573 4458 1636 4495 ex
1700 4458 1877 4510 perso-

1994 4440 2218 4494 ἐκείνων
2255 4441 2416 4510 φύσει
2445 4457 2507 4493 τε
2535 4445 2626 4492 καὶ
2653 4439 2892 4507 θεότητι,
2932 4441 2988 4493 ὲν
3026 4439 3082 4492 δὲ
3123 4439 3287 4509 πατρὶ
3317 4441 3412 4493 καὶ
3440 4439 3560 4509 Υίῷ

318 4533 427 4586 nali
486 4531 805 4587 eorumdem
860 4531 1069 4585 ratione
1117 4531 1430 4600 desumpto,
1486 4533 1613 4600 quia
1637 4531 1888 4587 Videlicet

319 4623 482 4677 Pater
511 4622 732 4692 quidem
761 4631 845 4678 est
877 4621 1204 4692 principium
1241 4623 1496 4692 principii
1531 4637 1746 4692 expers,
1801 4623 1885 4676 Fi-

319 4716 429 4769 lius
459 4729 590 4768 vero
619 4714 950 4782 principium
1007 4729 1073 4767 ex
1105 4713 1406 4783 principio,
1466 4723 1523 4768 et
1571 4713 1719 4768 Patri
1769 4715 1889 4784 qui-

321 4807 444 4860 dem
483 4820 510 4858 a
545 4804 696 4859 nullo
729 4803 969 4874 Spiritus
1001 4805 1246 4870 advenit,
1281 4805 1420 4859 Filio
1451 4821 1582 4860 vero
1621 4821 1651 4858 a
1707 4806 1887 4862 Patre.

325 4895 388 4948 Et
419 4905 504 4950 est
531 4895 583 4948 in
615 4895 776 4949 Patre
807 4903 862 4947 et
894 4893 1032 4948 Filio
1064 4903 1209 4947 totus
1240 4893 1294 4948 in
1329 4896 1480 4960 totis,
1523 4896 1705 4964 potius
1758 4911 1890 4950 vero

321 4997 378 5042 et
411 4987 464 5039 in
507 4987 640 5055 ipsis
673 4987 728 5040 in
778 4996 894 5039 loto
942 4995 998 5040 et
1045 4988 1189 5040 sicut
1241 4998 1325 5041 est
1385 4987 1440 5040 in
1489 4989 1628 5055 ipso,
1696 4999 1891 5056 prater

325 5081 526 5134 realem
555 5079 619 5133 ad
645 5080 769 5134 illos
807 5079 1152 5143 relationem,
1195 5096 1359 5148 quam
1394 5081 1544 5133 nullo
1579 5081 1740 5134 modo
1797 5080 1892 5132 ha-

325 5174 418 5228 bet
465 5171 529 5225 οι]
559 5187 616 5226 se
647 5173 848 5241 ipsum.
885 5174 979 5227 llic
1011 5182 1194 5227 autem
1224 5173 1464 5242 Spiritus
1487 5182 1707 5227 sanctus
1725 5173 1886 5226 etiam

325 5267 378 5318 in
411 5263 614 5319 Christi
667 5263 950 5332 discipulis
970 5274 1091 5318 erat
1121 5272 1177 5318 et
1216 5263 1270 5316 in
1315 5265 1531 5319 cunctis
1559 5264 1740 5334 dignis
1774 5275 1884 5328 est,

321 5356 420 5411 sed
452 5371 630 5426 neque
664 5365 829 5424 prout
858 5365 940 5409 est
974 5355 1026 5408 in
1088 5369 1146 5409 se
1189 5357 1340 5424 ipso,
1380 5370 1556 5424 neque
1594 5366 1756 5424 prout
1805 5365 1892 5410 est

394 5490 473 5556 (1)
508 5493 656 5544 Mun.
691 5491 730 5546 ί.
761 5490 866 5543 an;
893 5508 965 5546 tt:
1003 5491 1147 5548 οὐδέ.

396 5561 473 5629 (2)
510 5563 650 5614 Mutt.
699 5560 795 5630 ἔμε
806 5562 882 5613 λε.

1991 4532 2067 4595 ὡς
2094 4534 2151 4585 ὲν
2172 4535 2314 4602 ἀρχῇ
2345 4532 2440 4584 καὶ
2464 4535 2617 4601 πηγῇ
2681 4533 2801 4601 μιᾷ,
2835 4531 2924 4583 διὰ
2966 4530 3064 4602 τὴν
3118 4531 3176 4584 ὲν
3225 4531 3408 4594 αὐτοῖς
3458 4534 3565 4599 τῆς

1989 4624 2176 4686 οὐσίας
2201 4625 2528 4692 ταυτότητα,
2575 4622 2716 4692 μετά
2746 4638 2891 4684 τινος
2945 4622 3129 4692 μέντοι
3178 4621 3461 4694 διαστολῆς
3490 4625 3587 4676 tz'

1991 4712 2084 4765 τοῦ
2113 4713 2471 4781 προσωπικοῦ
2503 4714 2710 4766 τούτων
2751 4712 2916 4780 λόγου
2977 4712 3415 4782 λαμϐανομένης,
3471 4714 3562 4768 ὅτι

1990 4805 2019 4855 ὁ
2051 4805 2150 4872 μὲν
2177 4804 2367 4875 Πατὴρ
2391 4805 2532 4874 ἀρχή
2563 4805 2712 4858 ὲστιν
2754 4804 3013 4874 ἄναρχος,
3045 4804 3145 4856 ὁδὲ
3179 4805 3305 4868 Υἱὸς
3331 4805 3473 4875 ἀρχὴ
3497 4806 3564 4870 ἐξ

1993 4897 2186 4964 ἀρχῆς,
2235 4895 2328 4946 καὶ
2375 4895 2454 4965 τῷ
2496 4895 2593 4963 μὲν
2647 4893 3010 4963 Πατρὶ’παρ’
3071 4893 3287 4957 οὐδενὸς
3323 4895 3447 4965 ἥκει
3495 4898 3566 4949 τὸ

1994 4985 2338 5056 11η.εὗμα,τῷ
2366 4987 2422 5039 δὲ
2453 4986 2564 5054 Υἱῴ
2626 4986 2776 5055 παρὰ
2822 4985 2920 5038 τοῦ
2982 4985 3210 5054 Πατρός.
3259 4986 3364 5038 Καὶ
3410 4985 3572 5038 ἔστιν

1992 5080 2048 5129 ὲν
2085 5080 2258 5148 "arpi.
2288 5080 2384 5130 καὶ
2422 5078 2536 5147 Υἱῷ
2566 5078 2686 5131 ὅλον
2717 5080 2775 5129 ἐν
2800 5078 2965 5140 ὅλοις,
3003 5078 3204 5144 μᾶλλον
3270 5077 3325 5130 δὲ
3374 5078 3468 5130 καὶ
3499 5080 3564 5128 ὲν

1992 5171 2176 5231 αότοῖς
2203 5171 2260 5222 ὲν
2295 5171 2425 5240 ὅλῳ,
2461 5170 2552 5222 καὶ
2585 5168 2771 5231 καθώς
2823 5169 2973 5220 ἐστιν
3004 5170 3060 5220 ὲν
3092 5167 3262 5236 αὐτῷ,
3292 5167 3432 5236 πλὴν
3458 5168 3558 5237 τῆς

1981 5251 2128 5330 ’πρδις
2155 5259 2400 5322 ἐκείνους
2433 5259 2829 5328 πραγματικῆς
2859 5259 3161 5327 ἀναφορᾶς,
3192 5258 3259 5327 ἦν
3293 5258 3401 5312 οὐδ’
3420 5259 3562 5322 ὅλως

1991 5350 2106 5419 ἔχει
2151 5350 2286 5420 πρὸς
2315 5350 2502 5403 ἑαυτό.
2547 5349 2717 5402 Τοῦτο
2745 5349 2802 5402 δὲ
2837 5351 2894 5402 τὶ
2929 5348 3154 5417 Πνεῦμα
3183 5349 3244 5401 τὸ
3275 5349 3430 5418 ἅγιον
3457 5349 3561 5402 καὶ

2063 5485 2139 5556 (5)
2189 5485 2332 5540 Mon.
2366 5483 2565 5555 προίει.

399 5714 478 5784 (o)
509 5719 640 5773 Vide
677 5719 735 5774 S.
775 5719 1009 5776 Leonem
1049 5719 1142 5786 M.,
1199 5735 1362 5776 scrin.
1399 5719 1453 5784 Ξ,
1491 5717 1558 5775 de
1590 5722 1805 5776 Pentcc.
1839 5736 1887 5774 c.
1927 5721 1980 5784 3,
2021 5718 2073 5772 ιι.
2108 5717 2343 5789 (Patrol.
2377 5719 2496 5776 Lat.
2532 5728 2571 5774 t.
2608 5713 2739 5782 1.1V,
2771 5731 2823 5786 p.
2861 5714 2964 5768 403
2997 5711 3146 5782 seq.)
