3900 6216
168 305 272 371 ii?

1192 323 1642 389 REFUTATIO
1684 329 1930 392 MARCI
1973 334 2368 402 EPHESINI.

3335 339 3435 407 118

160 422 217 472 ἐν
266 420 386 481 τοῖς
424 420 701 491 μαθηταῖς
753 420 822 494 ἦν
853 428 949 480 τοῦ
1006 430 1267 500 Χριστοῦ,
1304 438 1398 497 καὶ
1430 440 1489 492 ὲν
1546 438 1754 493 ἅπασίν

1861 441 1915 496 in
1950 443 2109 503 Patre
2148 459 2204 504 et
2234 451 2393 506 Filio.
2434 451 2539 507 hoc
2565 460 2650 507 est
2674 466 2785 506 non
2812 451 3117 507 secundum
3140 452 3436 508 essentiam

158 512 277 563 ἐστι
308 512 426 575 τοῖς
456 511 655 577 ἀξίοις·
687 515 809 570 ἀλλ’
840 515 961 572 οὔτε
997 520 1073 585 ὡς
1107 523 1257 578 ἔστιν
1298 528 1357 579 ὲν
1393 528 1597 599 ἑαυτῷ,
1630 529 1758 583 οὔτε

154 599 231 661 ὡς
254 602 320 654 ἑν
346 604 529 673 Πατρὶ
556 608 650 659 καὶ
680 607 819 678 Υῐῷ,
868 614 1152 669 τουτέστιν
1185 617 1247 670 οὐ
1270 620 1418 673 κατὰ
1442 622 1541 690 τὴν
1571 622 1762 676 οὐσίαν

154 692 330 782 αὐτοῦ
360 694 461 747 καὶ
500 696 792 767 τὴνφύσιν
832 704 866 772 ἦ
920 704 1019 775 τὴν
1063 707 1392 774 ὑπόστασιν,
1436 711 1557 765 ἀλλ’
1602 711 1680 769 ὡς
1725 713 1760 782 ἡ

158 781 338 851 φύσις
363 786 598 842 ἀπαιτεῖ
622 789 735 844 τῶν
793 793 1217 867 εἰσδεχομένων,
1250 802 1500 856 τουτέστι
1541 804 1684 857 κατά
1707 820 1764 858 τι

154 877 523 965 ἀποτέλεσμα
557 882 753 948 αὐτοῦ,
786 887 984 954 σοφίαν
1023 890 1186 958 δῆλον
1241 891 1273 963 ἢ
1314 892 1482 962 λόγου
1512 893 1678 964 χάριν
1722 894 1756 965 ἢ

154 964 366 1036 βουλὴν
397 970 431 1039 ἢ
459 987 514 1023 τι
545 972 819 1041 τοιοῦτον,
846 976 881 1029 ἀ
918 977 983 1048 δὴ
1014 981 1336 1051 χαρίσματα
1357 982 1452 1037 τοῦ
1506 964 1757 1054 Πνεῦμαέ

150 1071 241 1119 το,
275 1057 514 1113 εἰώθασι
543 1060 827 1130 λέγεσθαι.
864 1068 1123 1137 Ἔχοντες
1156 1070 1249 1125 οῦν
1284 1072 1356 1127 τά
1383 1073 1612 1130 τοιαῦτα
1660 1092 1760 1145 χα-

155 1150 441 1219 ρίσματα,
479 1155 616 1209 αὐτὸ
647 1157 904 1227 λέγονται
935 1162 1083 1232 ἔχειν
1110 1164 1171 1217 τὸ
1196 1164 1424 1234 Πνεῦμα
1480 1167 1540 1221 τὸ
1575 1170 1754 1238 ἅγιον,

153 1242 295 1295 διότι
333 1245 670 1314 ἀχωρίστους
701 1250 812 1304 εἰσὶ
837 1251 931 1305 τοῦ
955 1254 1131 1308 ταῦτα
1176 1257 1234 1309 ἐν
1263 1258 1452 1321 αὐτοῖς
1479 1260 1758 1325 κτίζοντος

154 1334 519 1406 Πνεῦματος,
552 1339 787 1411 ἀπείρου
825 1343 925 1414 τὴν
977 1344 1142 1413 φύσιν
1180 1350 1275 1402 καὶ
1338 1350 1754 1420 παντοδυνάμου

154 1429 539 1497 τυγχάνοντος
564 1449 580 1465 ·
609 1434 706 1489 καὶ
737 1437 766 1488 ὁ
794 1436 897 1506 τὴν
946 1439 1113 1509 χάριν
1144 1439 1283 1510 ἔχων
1308 1438 1403 1493 τοῦ
1436 1440 1755 1512 Πνεῦματος

153 1518 288 1570 οὔτὸ
353 1520 427 1574 τὸ
448 1522 657 1594 ταύτην
680 1526 1025 1598 δωρούμενον
1083 1530 1219 1601 ἔχει.
1260 1532 1404 1585 Ἀλλ’
1448 1533 1573 1586 οὔτε
1597 1534 1630 1602 ἡ
1653 1536 1749 1603 χά-

155 1628 239 1680 ρις
271 1612 449 1666 ἐστὶν
482 1616 613 1669 αὐτὸ
634 1618 695 1670 τι
719 1619 946 1689 Πνεῦμα
976 1622 1036 1675 τὸ
1064 1621 1244 1691 ἅγιον,
1292 1625 1415 1679 οῦτε
1460 1627 1509 1680 εξ
1544 1626 1754 1696 ταύτην

1860 533 2035 605 ipsius
2091 549 2257 610 atque
2289 553 2540 598 naturam
2585 543 2668 599 vel
2723 545 3073 616 hypostasin,
3115 545 3213 600 sed
3273 557 3440 615 prout

1860 638 2056 683 natura
2088 632 2474 701 recipientium
2515 634 2773 704 requirit,
2840 626 2949 688 hoc
2996 642 3085 688 est
3127 633 3436 688 secundum

1858 718 2151 787 quemdam
2190 722 2362 791 ipsius
2389 723 2665 789 effectum,
2697 724 2960 778 nimirum
2998 724 3325 791 sapientiam
3349 721 3436 778 vel

1856 810 2013 865 verbi
2044 814 2276 882 gratiam
2306 815 2389 869 vel
2419 814 2713 870 consilium
2743 815 2827 871 vel
2856 815 3066 886 aliquid
3094 812 3435 884 huiusmodi,

1858 916 1981 971 qua:
2015 902 2352 959 charismata
2388 904 2631 975 Spiritus
2666 907 2845 962 sancti
2908 905 3090 960 solent
3157 903 3290 956 dici.
3332 900 3438 955 Ha—

1858 989 2055 1047 bentes
2099 993 2268 1064 igitur
2301 995 2428 1049 talia
2486 995 2820 1050 charismata
2872 993 3052 1065 ipsum
3096 991 3302 1046 habere
3352 989 3439 1044 ἀί·-

1856 1091 2060 1136 cuntur
2159 1082 2427 1153 Spiritum
2545 1095 2821 1150 sanctum,
2938 1087 3067 1155 quia
3161 1083 3437 1150 inseparav

1856 1173 2045 1229 biliter
2075 1183 2205 1230 sunt
2234 1175 2477 1247 Spiritus
2519 1179 2692 1233 sancti
2726 1178 2844 1233 haec
2893 1177 2946 1232 in
3002 1176 3137 1247 ipsis
3170 1175 3432 1237 creantis,

1855 1265 1948 1336 qui
1982 1267 2232 1323 infinitus
2270 1279 2354 1323 est
2403 1280 2601 1324 natura
2631 1279 2799 1340 atque
2831 1268 3220 1338 omnipotens;
3255 1275 3313 1322 et
3339 1267 3433 1336 qui

1855 1360 2089 1431 gratiam
2120 1362 2290 1417 habet
2325 1361 2587 1432 Spiritus,
2627 1363 2807 1434 ipsum
2838 1378 2959 1418 eam
2988 1361 3290 1416 donantem‘
3335 1359 3437 1413 ba-

1858 1453 1971 1507 bet.
2004 1454 2109 1509 Sed
2151 1470 2332 1524 neque
2371 1456 2545 1526 gratia
2576 1466 2660 1511 est
2722 1456 2840 1526 ipse
2894 1455 3135 1526 Spiritus
3185 1462 3436 1517 sanctus,

1859 1559 2040 1615 neque
2091 1544 2139 1600 si
2194 1547 2336 1601 hanc
2364 1545 2689 1602 hominibus
2726 1546 3044 1602 inhabitare
3087 1544 3219 1600 facit
3274 1543 3438 1599 Chri-

1856 1645 1974 1689 stus
1995 1651 2093 1705 per
2121 1634 2405 1706 Spiritum,
2451 1637 2594 1691 hanc
2648 1637 2879 1708 gratiam
2915 1640 3087 1691 solum
3147 1635 3278 1691 facit
3308 1649 3439 1706 pro-

151 1707 263 1768 τοῖς
293 1707 631 1776 ἀνθρώποις
687 1710 717 1762 ὀ
740 1713 985 1784 Χριστος
1024 1716 1283 1782 ἐνοικίζει
1334 1711 1424 1772 δίἀ
1454 1720 1549 1773 τοῦ
1584 1720 1740 1773 Πνεῦ-

155 1815 337 1825 ..ρ-Α-
402 1800 497 1825 ..-ἱ
534 1802 633 1825 ρΣ.-.
671 1805 771 1825 μὶ-
892 1807 937 1825 ,I
1153 1808 1166 1821 ο
1451 1810 1569 1825 Α...

1861 1729 2208 1799 germinare;
2246 1730 2335 1783 tali
2373 1731 2522 1785 enim
2582 1742 2742 1799 pacto
2811 1729 2950 1793 nihil
3000 1728 3069 1782 ab
3124 1727 3441 1782 hominibus

153 1815 362 1864 ματος,
402 1800 501 1853 καὶ
533 1802 633 1872 τὴν
671 1805 833 1875 χάριν
867 1807 1040 1878 μόνην
1069 1808 1275 1879 ταύτην
1337 1810 1701 1882 προϐάλλεται
1740 1831 1753 1844 ·

150 1891 309 1944 οῦξὲν
342 1894 465 1963 γάρ
516 1893 585 1948 ἄν
609 1896 866 1966 διήνεγκε
903 1901 1013 1953 τῶν
1074 1901 1384 1971 ἀνθρώπων
1447 1904 1622 1975 τοῦτῳ
1675 1905 1751 1975 τῷ

152 1986 374 2054 τρὲπῳ.
428 1986 866 2062 ’Δλλ’ῶσπερὴ
913 1991 1011 2045 τοῦ
1060 1992 1381 2064 Πνεῦματος
1435 1995 1595 2066 χάρις
1636 1996 1752 2050 ἐστι

159 2074 261 2140 μὲν
294 2079 360 2130 ὲν
391 2077 472 2148 τῷ
531 2079 811 2151 Πνεῦματι
868 2084 1072 2149 ἀῖδῖως,
1104 2086 1203 2158 οὐχ
1247 2086 1324 2150 ὡς
1379 2087 1750 2158 ἀποτέλεσμα,

159 2169 278 2220 ἀλλ’
301 2170 389 2233 ὡς
419 2172 689 2245 οὖσιὼδης
725 2176 977 2247 ἔνεργεια
1000 2219 1015 2244 ,
1047 2179 1164 2234 ἔστι
1204 2180 1262 2233 δὲ
1290 2181 1349 2233 ὲν
1380 2182 1493 2243 τοῖς
1523 2181 1751 2251 δεχομέ-

160 2278 277 2325 νοις
310 2263 395 2323 ὡς
422 2263 526 2333 τῆς
556 2267 844 2337 ἐνεργείας
897 2270 1116 2341 ἐκεὶνης
1163 2271 1518 2342 ἀποτέλεσμα
1562 2289 1752 2342 ,χρονι-

157 2352 272 2416 κῶς
293 2368 309 2382 ⁸
348 2353 504 2409 οὕτω
532 2358 629 2411 καὶ
656 2358 720 2410 τὸ
748 2357 975 2429 Πνεῦμα
999 2360 1063 2413 τὸ
1089 2361 1249 2428 ἅγιον
1278 2361 1394 2416 ἔστι
1458 2364 1558 2433 μὲν
1589 2365 1646 2415 ἐν
1677 2361 1753 2432 τῷ

160 2447 299 2516 rei),
333 2450 438 2502 καὶ
462 2450 523 2515 ἐξ
561 2450 733 2505 αὐτοῦ
755 2453 1003 2522 πρόεισιν
1036 2454 1243 2518 ἀῖδίως,
1295 2454 1413 2508 ἔστι
1451 2455 1508 2508 δὲ
1541 2454 1637 2507 καὶ
1697 2457 1753 2508 ὲν

160 2541 271 2601 τοῖς
298 2541 624 2609 ἀνθρώποις
659 2544 719 2607 ἐξ
761 2544 927 2597 αὐτοῦ
965 2544 1182 2617 προϊὸν,
1227 2548 1287 2600 οὺ
1330 2546 1513 2611 καθὼς
1544 2547 1754 2601 ἐκεῖθεν

160 2633 446 2702 πρόεισιν,
501 2633 724 2700 ἀλλ’ὡς
772 2636 1008 2706 ἐγχωρεῖ
1065 2636 1376 2709 λαμϐάνειν
1417 2641 1549 2693 αὐτὸ
1625 2640 1754 2706 τοὺς

158 2726 586 2796 λαμϐάνοντας,
615 2723 899 2782 τουτέστιν
946 2730 1006 2781 ἐν
1036 2729 1113 2797 τῷ
1168 2729 1284 2801 ιδέῳ
1319 2732 1749 2802 ἀποτελέσματι.

172 2817 268 2872 ἐκ
298 2818 524 2872 τούτων
544 2819 727 2873 τοίνυν
754 2820 1013 2875 ἀπάντων
1037 2821 1128 2891 δῆλ
1143 2824 1201 2876 όν
1233 2824 1402 2887 ἐστιν,
1435 2823 1512 2888 ὡς
1538 2827 1565 2877 ὁ
1612 2824 1757 2891 θεῖος

161 2910 572 2981 Χρυσόστομος
602 2911 765 2982 χάριν
793 2914 916 2967 τινά
938 2913 1031 2967 τοῦ
1061 2915 1392 2983 Πνεῦματος
1426 2917 1546 2969 τότε
1580 2917 1754 2984 λέγων

160 3005 272 3067 τοῖς
309 3004 661 3068 ἀποστόλοις
689 3004 933 3073 δοθῆναι,
955 3005 1053 3059 οὐκ
1088 3006 1155 3060 ἀν
1195 3008 1498 3076 ἀρνήσαιτο
1528 3010 1620 3061 καὶ
1655 3009 1754 3079 τὴν

163 3097 329 3167 χάριν
367 3096 726 3167 ἀποτέλεσμα
749 3095 889 3151 εἶναι
908 3098 1003 3151 τοῦ
1033 3097 1376 3169 Πνεύματος,
1403 3101 1584 3164 καθὼς
1601 3102 1749 3155 ἔστιν
1783 3133 1828 3193 c

162 3190 219 3243 tv
266 3191 396 3251 τοῖς
450 3188 785 3259 ἀνθρώποις,
832 3190 929 3243 καὶ
978 3191 1054 3253 ὠς
1099 3191 1159 3243 ἐν
1208 3189 1285 3260 τῷ
1348 3192 1753 3256 oneratique-rt

163 3279 349 3352 τούτῳ
380 3280 756 3345 ἐνοικίζεσθαι
788 3284 905 3345 τοῖς
935 3282 1251 3354 ἀνθρώποις
1307 3284 1369 3335 es
1420 3284 1645 3354 Πνεῦμα
1694 3284 1757 3338 τδ

163 3375 349 3444 ἅγιον,
380 3374 499 3426 ἀλλ’
519 3375 619 3444 οὐχ
658 3374 734 3437 ὡς
761 3376 819 3427 ὲν
845 3375 1025 3444 ἑαυτῷ
1056 3375 1149 3429 καὶ
1174 3378 1239 3445 τῇ
1274 3375 1378 3446 ἰδίᾳ
1407 3376 1570 3443 φύσει
1590 3393 1604 3408 ·
1656 3377 1754 3431 καὶ

161 3472 254 3520 τον
284 3466 426 3519 Υἱὸν
459 3466 554 3520 τοῦ
580 3465 717 3519 θεοῦ
767 3461 910 3519 εἶναι
968 3468 1065 3520 τὸν
1092 3466 1192 3537 τὴν
1222 3467 1382 3537 χάριν
1414 3468 1753 3532 ὲνοικὶζοντα

162 3562 409 3628 ταύτην,
436 3559 501 3612 τὸ
536 3558 763 3628 Πνεῦμα
786 3558 848 3611 τὸ
886 3559 1046 3628 ἅγιον
1087 3559 1548 3630 προϐαλλόμενον,
1599 3559 1660 3614 οῦ
1721 3562 1754 3631 ἠ

165 3655 335 3723 χάρις
367 3651 485 3704 ἐστι
505 3669 521 3683 ·
550 3653 645 3705 καὶ
679 3652 769 3704 τὸν
810 3651 908 3721 μὲν
932 3652 993 3705 τὸ
1025 3653 1250 3721 Πνεῦμα
1289 3653 1351 3705 τὸ
1382 3653 1540 3721 ἆγιον
1571 3654 1755 3719 etaim;

167 3743 612 3816 προϐάλλεσθαι,
649 3744 755 3798 κᾶν
813 3745 871 3796 ἐν
936 3745 1115 3814 χρόνῳ
1154 3744 1420 3815 φαίνηται
1459 3744 1761 3814 προϐαλλό-

169 3857 366 3910 μενος,
389 3833 475 3903 οἷς
506 3838 563 3891 ὁὶ
586 3839 917 3909 γνωρξζεται
954 3838 1423 3908 προϐαλλόμενος,
1474 3840 1630 3892 τοῦτο
1661 3841 1757 3893 καὶ

165 3929 250 3996 οἷς
286 3932 459 3986 τοῦτο
492 3931 884 4002 προϐάλλεται,
907 3932 1134 3994 τούτους
1166 3933 1264 4001 τὴν
1304 3932 1399 3984 τοῦ
1439 3932 1758 4002 Πνεῦματος

168 4024 524 4093 είσδὶχεσθαι
579 4024 773 4095 χάρινο
831 4024 930 4077 καὶ
981 4023 1045 4076 τὸ
1101 4023 1205 4093 τῆς
1258 4024 1435 4077 ἀϊδίου
1474 4025 1761 4094 ἐνεργείας

170 4120 400 4186 ἰιείνης
438 4117 690 4187 χρονικὸν
715 4114 1091 4185 ἀποτέλεσμα,
1125 4110 1227 4169 οὐκ
1259 4115 1434 4186 αὐτὴν
1463 4117 1563 4183 τὴν
1592 4116 1761 4184 φύσιν

171 4215 202 4284 ἢ
233 4211 343 4284 τὴν
376 4209 709 4273 ὑπόστασιν,
738 4207 817 4272 ὡς
847 4206 1066 4262 ἐκεῖθεν
1124 4205 1516 4278 προϐάλλεται.
1571 4208 1759 4262 Ταῦτα

172 4307 282 4376 γάρ
313 4305 411 4355 καὶ
444 4302 621 4373 ἀληθῆ
653 4301 763 4354 εἰσι
795 4301 962 4367 πάνυ,
1010 4300 1104 4353 καὶ
1134 4298 1286 4352 οὐδὲν
1316 4298 1538 4369 ἔχουσιν
1587 4300 1757 4353 ὑπεν-

1860 1816 2135 1873 diffcrrct.
2181 1818 2382 1872 Verum
2439 1820 2582 1875 sicut
2609 1819 2779 1890 gratia
2828 1817 3071 1888 Spiritus
3130 1817 3305 1885 sancti
3356 1828 3443 1872 est

1858 1910 2082 1980 quidem
2120 1912 2173 1965 in
2218 1912 2429 1983 Spiritu
2490 1912 2861 1978 aeternaliter,
2899 1925 3009 1964 non
3073 1916 3133 1964 ut
3185 1908 3441 1974 eﬂ‘ectus,

1858 2001 1954 2055 sed
1986 2012 2045 2057 ut
2093 2003 2409 2058 essentialis
2436 2004 2706 2075 operatio,
2743 2010 2829 2057 est
2858 2017 2993 2057 vero
3036 2001 3089 2055 iu
3126 2000 3443 2071 recipienti-

1857 2092 1963 2149 bus
1989 2103 2046 2148 ut
2077 2094 2222 2149 illius
2257 2097 2598 2165 operationis
2622 2094 2855 2150 eﬂ'ectus
2889 2092 3269 2163 temporaliter
3314 2110 3329 2146 :
3365 2092 3440 2146 ita

1859 2192 1913 2240 el
1945 2183 2190 2253 Spiritus
2219 2194 2448 2238 sanctus
2477 2191 2561 2237 cst
2591 2182 2815 2254 quidem
2850 2183 2907 2236 in
2935 2181 3075 2237 Filio
3103 2191 3158 2236 et
3194 2195 3260 2236 ex
3320 2180 3443 2250 ipso

1857 2277 2123 2348 prodieus
2176 2276 2538 2339 :eternaliter,
2572 2276 2668 2330 sed
2706 2275 2761 2329 in
2816 2273 3135 2328 hominibus
3195 2287 3262 2327 ex
3323 2272 3443 2341 ipso
3485 2267 3491 2272 ’

1859 2366 2120 2437 prodictus
2152 2374 2259 2426 cst.
2292 2381 2401 2419 non
2433 2376 2491 2419 ut
2542 2380 2571 2419 a
2614 2363 2753 2419 Filio
2785 2362 2986 2434 prodit,
3045 2361 3143 2416 scd
3187 2370 3248 2415 ut
3303 2361 3442 2416 rcci-

1860 2457 2077 2525 pientes
2097 2471 2222 2510 eum
2255 2471 2356 2526 pro
2383 2470 2481 2510 sua
2528 2453 2832 2525 capacitate
2893 2461 3124 2521 possunt
3173 2450 3440 2520 recipere.

1861 2545 1963 2601 hoc
1987 2555 2073 2601 est
2108 2545 2161 2599 in
2193 2545 2419 2616 proprio
2446 2542 2668 2598 effectu.
2726 2541 2802 2596 Ex
2840 2539 2926 2594 his
2951 2538 3208 2593 omnibus
3263 2536 3441 2590 maui-

1860 2638 2058 2692 fcstum
2090 2645 2194 2700 est,
2224 2636 2410 2690 divum
2440 2635 2893 2706 Chrysostomum
2933 2640 3284 2687 asserentem
3319 2645 3444 2698 gra~

1861 2730 1992 2784 tiam
2023 2728 2317 2798 quamdam
2360 2727 2604 2796 Spiritus
2632 2726 2809 2782 sancti
2844 2733 2977 2779 tunc
3021 2721 3208 2776 datam
3273 2717 3445 2773 fuisse

1860 2820 2147 2888 apostolis,
2175 2818 2321 2873 haud
2360 2826 2691 2888 negaturum
2751 2814 2948 2880 fuisse,
2988 2813 3156 2867 ctiam
3209 2809 3441 2882 gratiam

1858 2911 2114 2967 elicetum
2149 2927 2271 2967 esse
2297 2910 2539 2981 Spiritus
2570 2909 2769 2975 sancti,
2801 2908 2946 2962 sicut
2989 2915 3075 2961 est
3106 2905 3162 2960 in
3202 2901 3446 2958 homini-

1860 3004 1992 3068 bus,
2037 3013 2090 3058 ct
2125 3011 2184 3057 ut
2216 3003 2269 3057 in
2300 3003 2498 3057 effectu
2532 3002 2639 3057 hoc
2666 3000 2935 3071 Spiritum
2967 3008 3217 3055 sanctum
3285 2995 3444 3050 inha-

1859 3095 2035 3151 bitare
2073 3094 2416 3157 hominibus,
2446 3110 2639 3149 verum
2675 3108 2785 3147 non
2820 3103 2881 3147 ut
2908 3092 2964 3145 in
3006 3107 3066 3147 se
3117 3091 3238 3162 ipso
3270 3098 3354 3144 est
3387 3096 3445 3143 et

1860 3190 2079 3259 propria
2112 3200 2346 3252 natura;
2378 3187 2686 3257 Filiumque
2719 3185 2811 3241 Dei
2845 3201 2966 3242 esse
2988 3200 3139 3253 eum,
3162 3184 3254 3255 qui
3286 3183 3449 3239 inha-

1858 3282 2041 3338 bitare
2067 3281 2193 3337 facit
2225 3281 2365 3335 hanc
2385 3279 2638 3351 gratiam,
2658 3277 2928 3348 Spiritum
2948 3286 3198 3333 sanctum
3224 3274 3445 3346 prodire

1861 3374 2151 3428 facientem
2176 3380 2264 3440 ;et
2290 3371 2441 3425 hunc
2461 3369 2684 3440 quidem
2711 3377 2961 3422 sanctum
2990 3364 3258 3434 Spiritum
3283 3374 3447 3419 aiter-

1861 3466 2061 3519 naliter
2094 3463 2426 3535 producere,
2463 3463 2595 3518 licet
2634 3463 2689 3516 in
2720 3471 2963 3529 tempore
2994 3459 3313 3531 producens
3341 3471 3440 3526 apo

1861 3568 2050 3626 parcat
2076 3574 2090 3621 ;
2126 3556 2209 3610 eis
2237 3542 2390 3620 vero,
2423 3553 2627 3624 quibus
2657 3552 2971 3623 producens
2999 3549 3360 3621 cognoscitur
3387 3557 3444 3602 et
3512 3611 3517 3616 _

1863 3647 2070 3718 quibus
2128 3646 2308 3716 ipsum
2366 3645 2644 3713 producit,
2683 3644 2927 3715 Spiritus
2976 3640 3153 3697 sancti
3210 3640 3444 3710 gratiam

1862 3741 2115 3809 recipere
2162 3747 2216 3791 et
2259 3738 2613 3806 scnnpiterme
2655 3736 2806 3791 illius
2855 3733 3195 3806 operationis
3228 3740 3442 3800 lempo-
3530 3732 3537 3739 “

1865 3832 2033 3886 ralem
2065 3828 2347 3888 cﬂ'ectum.
2379 3844 2486 3882 non
2523 3829 2695 3897 ipsam
2726 3838 2980 3880 naturam
3041 3825 3127 3879 vel
3182 3823 3447 3894 hypOSta-

1862 3926 1972 3985 sin,
2006 3931 2068 3979 ut
2096 3921 2164 3976 ab
2192 3936 2259 3976 eo
2290 3919 2637 3991 producitur.
2675 3918 2820 3983 llaec,
2869 3917 3116 3986 inquam,
3155 3913 3304 3968 haud
3337 3927 3441 3968 ue-

1863 4028 2091 4091 gaturus
2120 4015 2226 4069 fuit
2254 4014 2721 4085 Chrysostomus;
2761 4023 2885 4063 nam
2913 4023 3041 4062 vera
3067 4006 3296 4060 omnino
3315 4012 3448 4059 sunt

1862 4122 1920 4168 et
1947 4109 2083 4165 nihil
2112 4107 2316 4162 habent
2340 4105 2668 4170 adversum;
2707 4102 2824 4157 haec
2865 4114 3043 4170 neque
3070 4097 3218 4152 uitus
3248 4095 3445 4151 docto-

1866 4218 1990 4259 rum
2030 4216 2212 4274 neque
2273 4201 2394 4271 ipse
2439 4198 2604 4253 divus
2650 4195 3079 4266 Chrysostomus
3128 4190 3434 4262 negaverit,

1865 4310 2047 4364 neque
2073 4310 2175 4349 nos
2206 4291 2616 4363 negaverimus,
2669 4290 2715 4343 si
2750 4296 2866 4342 tum
2916 4286 3151 4341 aliorum
3187 4293 3301 4339 tum
3343 4282 3451 4336 hu-

96 4401 129 4443 τ’
178 4395 402 4450 carior
443 4394 536 4446 καὶ
579 4392 697 4445 οὔτ’
733 4390 800 4444 ἂν
852 4390 962 4443 τῶν
1013 4389 1353 4442 διδασκάλων
1395 4389 1593 4451 οὐδεὶς,
1650 4390 1758 4443 οὐδ’

1861 4384 1950 4455 jus
1990 4398 2262 4438 memores
2300 4396 2426 4436 esse
2457 4379 2710 4435 velimus.
2746 4378 2881 4432 Nam
2921 4375 3026 4431 etsi
3058 4373 3443 4445 ambigendum

124 4482 141 4541 ἷ
177 4486 346 4549 αὐτος
381 4486 411 4538 δ
456 4483 597 4547 θεῖος
649 4480 915 4553 ἀρνηθείη
963 4479 1376 4549 Χρυσόστομος,
1423 4479 1535 4532 οὐδ’
1571 4481 1756 4550 ἡμεῖς,

1865 4477 1957 4540 sit,
1995 4473 2277 4547 quomodo
2306 4472 2560 4528 homines
2589 4470 2875 4539 accipiunt
2898 4468 3168 4538 Spiritum
3194 4472 3446 4519 sanctum

177 4582 226 4635 εἰ
269 4577 565 4648 μιλλοιμεν
602 4575 713 4628 τῶν
750 4590 809 4627 τε
840 4572 1020 4628 ἄλλων
1051 4572 1147 4626 καὶ
1206 4569 1372 4625 αὐτοῦ
1400 4571 1662 4626 συνιέναι.
1701 4572 1763 4625 Ei

178 4674 288 4743 γάρ
322 4672 437 4735 καὶ,
474 4668 591 4732 πῶς
620 4667 687 4723 ἂν
718 4665 1052 4736 λαμϐάνοιεν
1084 4665 1136 4718 οἱ
1156 4664 1443 4735 ἄνθρωποι
1474 4665 1534 4717 τὸ
1571 4665 1636 4717 ἐκ
1668 4663 1764 4717 τοῦ

181 4764 318 4818 Υἰοῦ
352 4761 799 4834 προϐαλλόμενον
861 4757 1111 4826 Πνεῦμα,
1156 4757 1446 4828 διαπορεῖν
1482 4756 1611 4828 χρὴ,
1668 4757 1766 4828 ζη-

184 4857 445 4927 τουμένου
474 4852 572 4909 τοῦ
599 4855 647 4906 εἰ
674 4855 740 4906 ὲκ
765 4850 861 4905 τοῦ
884 4849 1017 4904 Υὶοῦ
1058 4847 1449 4919 ἐκπορεύεται.
1466 4848 1624 4913 ἀλλά,
1649 4849 1766 4911 πῶς

185 4951 249 5005 ἀν
273 4951 516 5021 δέχοιντο
534 4947 596 5002 τὸ
619 4949 684 5001 ἐκ
698 4945 792 5001 τοῦ
823 4944 1036 5015 [ἰατρὸς
1054 4941 1496 5015 ἐκπορευόμενον
1514 4940 1764 5010 Πνεῦμα,

187 5041 292 5097 οἱδ⁹
315 5042 453 5103 δλως
474 5041 540 5094 ἀν
558 5039 669 5093 δέοι
691 5038 970 5107 διαπορεῖν
991 5051 1005 5067 ο
1030 5036 1167 5089 αὐτό
1187 5053 1247 5090 τε
1267 5036 1377 5107 γάρ
1399 5033 1681 5105 προδήλως
1703 5033 1767 5084 ἐκ
1798 5094 1802 5098 ί

194 5137 284 5189 τοῦ
306 5137 519 5205 Πατρδς
547 5130 934 5203 ἐκπορεύεται,
961 5131 1057 5185 καὶ
1082 5130 1143 5182 τὸ
1166 5131 1228 5181 ἐκ
1249 5127 1342 5181 τοῦ
1369 5125 1583 5195 Πατρὸς
1605 5126 1770 5177 ἐκπο-

199 5230 481 5299 ρευόμενον
510 5227 738 5296 Πνεῦμα
769 5224 822 5277 οι
870 5222 1151 5293 ἄνθρωποι
1186 5220 1489 5291 λαμϐάνειν
1514 5219 1767 5289 λέγονται

198 5324 282 5375 καὶ
312 5319 710 5390 λαμϐάνουσιν.
741 5318 932 5371 Ὅταν
958 5316 1071 5386 τὰρ
1098 5315 1271 5381 ἔλθῃ,
1302 5313 1490 5384 φησιν,
1519 5311 1551 5366 ὁ
1578 5311 1770 5380 Παρά-

199 5416 433 5482 ιλητος,
462 5411 536 5468 ὃν
556 5411 672 5483 ἑγὼ
694 5410 911 5480 πέμψω
936 5409 1080 5479 ὑμῖν
1100 5409 1259 5477 παρὰ
1286 5407 1396 5462 τοῦ
1418 5407 1671 5475 Πατρός,
1701 5406 1770 5460 τὸ

201 5503 432 5574 Πνεῦμα
453 5503 560 5573 τῆς
588 5503 903 5573 ἀληθείας,
952 5501 984 5556 ὃ
1030 5501 1191 5570 παρὰ
1218 5498 1325 5555 τοῦ
1352 5499 1577 5566 ηατρὸς
1592 5498 1770 5552 ἐκπο-

196 5599 419 5666 ρεύεται
446 5596 548 5666 ωε
581 5594 702 5649 ἀλλ’
732 5594 834 5664 οὐχ
860 5594 1005 5650 οὕτω
1035 5592 1429 5664 λαμϐάνουσιν,
1449 5591 1522 5654 ὡς
1564 5588 1770 5642 ἐκεῖθεν

269 5779 337 5850 (1)
372 5777 531 5839 Joan.
563 5791 655 5845 xv,
688 5772 782 5829 26.

1865 4586 1898 4626 e
1947 4568 2088 4625 Filio
2111 4567 2398 4633 emissum,
2444 4564 2682 4635 quando
2710 4561 2999 4630 quaeritur,
3067 4575 3136 4613 an
3186 4573 3254 4613 ex
3309 4557 3450 4613 Fiiiu

1867 4663 2171 4733 procedat:
2206 4670 2389 4715 tamen
2430 4657 2585 4713 nullo
2633 4654 2799 4710 modo
2835 4652 3227 4724 ambigendum
3285 4653 3449 4713 roret,

1867 4755 2146 4826 quomodo
2190 4753 2468 4822 accipiant
2520 4748 2788 4820 Spiritum
2819 4762 2887 4802 ex
2926 4747 3088 4802 Patre
3142 4744 3450 4813 proceden-

1870 4856 1978 4902 tem
2007 4862 2021 4913 ;
2049 4861 2171 4900 nam
2201 4854 2258 4900 et
2304 4844 2422 4915 ipse
2454 4841 2747 4897 manifeste
2779 4854 2847 4894 ex
2904 4838 3064 4893 Patre
3094 4836 3348 4907 procedit
3391 4848 3450 4889 et

1869 4936 2142 5007 Spiritum
2172 4952 2239 4991 ex
2268 4936 2432 4992 Patre
2457 4933 2855 5006 procedentem
2896 4930 3151 4985 homines
3196 4927 3447 4995 accipere

1869 5028 2134 5084 dicuntur
2155 5038 2209 5084 et
2237 5030 2544 5099 accipiunt.
2574 5025 2801 5093 Quando
2830 5024 3004 5088 enim,
3040 5022 3244 5091 inquit,
3286 5034 3449 5073 vene-

1870 5121 1940 5176 rit
1973 5118 2309 5181 Paracletus,
2339 5134 2493 5190 quem
2529 5131 2621 5188 ego
2655 5116 2865 5169 mittam
2889 5112 3031 5167 vobis
3060 5128 3092 5165 a
3118 5108 3304 5175 Patre,
3330 5107 3454 5179 Spi—

1870 5215 2005 5266 ritus
2045 5210 2309 5274 veritatis,
2347 5209 2437 5278 qui
2471 5224 2504 5261 a
2547 5204 2711 5260 Putre
2738 5201 3016 5274 procedit;
3075 5198 3174 5254 sed
3211 5211 3324 5252 non
3381 5209 3450 5248 eo

1873 5303 2038 5358 modo
2061 5301 2365 5373 accipiunt,
2398 5314 2510 5370 quo
2533 5297 2661 5352 inde
2694 5293 2898 5365 prodit,
2932 5293 3064 5347 licet
3097 5292 3276 5361 ipsum
3303 5287 3452 5342 acci-

1872 5411 2005 5468 pere
2028 5395 2308 5458 dicantur,
2339 5406 2533 5449 verum
2563 5390 2630 5445 iis
2656 5400 2887 5458 prorsus
2936 5384 3212 5455 prtedictis
3247 5380 3448 5444 modis,

1870 5489 1967 5547 oui
1997 5498 2055 5544 et
2091 5502 2286 5543 verum
2341 5493 2397 5541 et
2428 5484 2696 5540 decorum
2740 5484 2964 5534 servant
3013 5484 3070 5531 et
3120 5488 3227 5528 non
3289 5471 3453 5543 longe

1872 5583 2075 5639 absunt
2108 5598 2137 5637 a
2168 5582 2460 5638 doctorum
2501 5574 2799 5636 sententia.
2837 5570 3044 5628 Eadem
3080 5568 3246 5641 igitur
3278 5574 3334 5623 ct
3383 5565 3455 5622 de
