3900 6216
64 5662 67 5685 ἰ

64 5758 67 5791 ἰ

194 292 294 358 121

1242 304 1683 369 REFUTATIO
1725 306 1971 371 MARCI
2009 310 2401 373 EPHESINL

3356 318 3454 382 ῙΞΞ

186 414 357 471 αὐτοῦ
375 413 655 487 λαμϐάνον
680 418 778 471 καὶ
794 417 1036 475 τελειοῦν
1054 420 1188 474 abab
1205 422 1272 494 δὴ
1292 425 1352 477 τὺ
1369 425 1553 496 ἔργον,
1578 424 1746 499 (usus;

1872 424 2027 483 ciens
2061 427 2168 485 hoc
2199 429 2379 501 ipsum
2428 443 2591 502 opus,
2614 430 2760 487 sicut
2787 429 2879 487 ilie
2926 429 3107 488 Patris
3136 444 3277 502 Opus
3322 449 3450 504 per-

182 508 399 571 ἑιεῒνος
428 508 492 562 τὸ
524 506 602 579 (Ι)
633 509 728 562 τοῦ
752 509 986 582 Πατρός.

724 624 768 675 0
799 621 1210 683 ΣΧΟΛΑΡΙΟΣ.

254 729 324 784 Oi
348 732 573 784 Λατῖνοι
605 730 701 786 τοῦ
730 732 864 787 Υἰοῦ
898 736 1088 792 εἰκόνα
1110 739 1170 793 τὸ
1218 731 1443 816 Πνεῦεὶα
1474 746 1536 800 τὸ
1591 747 1766 818 ἅγιον,

177 820 379 892 ὥσπερ
416 824 509 876 τὸν
548 825 677 878 Υἱὸν
717 826 812 880 τοῦ
861 828 1100 901 Παβρδς,
1144 834 1240 886 καὶ
1291 837 1648 906 πρωτότυπον
1676 846 1767 895 τὸν

175 912 315 967 Υἰὸν
347 914 445 967 τοῦ
470 916 684 986 Πατρός
715 917 1011 983 ἀκούοντες
1038 920 1166 975 ’τῶν
1198 922 1533 979 διδασκάλων
1575 927 1767 995 λεγόν-

174 1023 290 1059 των
327 1007 632 1060 κάντεῦθεν
678 1009 780 1080 τὴν
803 1012 1013 1064 οἰκείαν
1040 1012 1323 1083 βεϐαιοῦσι
1366 1017 1524 1085 δόξαν
1562 1021 1762 1084 καλῶς.

173 1098 254 1151 οὐ
300 1100 416 1168 γὰρ
442 1100 646 1155 οἴονται
672 1103 812 1172 πρὸς
835 1104 963 1157 ἄλλο
988 1122 1041 1159 τι
1073 1108 1261 1179 φέρειν
1292 1109 1466 1164 ταῦτα
1495 1113 1695 1181 μᾶλλον
1728 1114 1760 1184 ἦ

170 1191 314 1260 πρὸς
358 1194 426 1245 τὸ
453 1193 515 1245 τὸ
558 1195 786 1265 Πνεῦμα
834 1198 895 1249 τὸ
936 1197 1092 1265 ἅγιον
1143 1203 1201 1254 ἐν
1256 1203 1438 1275 ἑαυτῷ
1484 1206 1763 1261 δε;κνύναι

168 1284 272 1351 τὴν
303 1282 408 1335 τοῦ
455 1282 592 1337 Υἰοῦ
632 1286 825 1339 οὐσίαν
893 1292 988 1341 καὶ
1030 1290 1215 1358 φύσιν,
1276 1296 1343 1363 ἣν
1390 1295 1418 1346 ό
1473 1296 1575 1364 μὲν
1634 1295 1763 1362 Υἱὸς

166 1372 479 1444 λαμϐάνων
511 1379 576 1429 ἐκ
605 1376 698 1445 τοῦ
728 1379 941 1448 Πατρὸς
970 1380 1139 1434 εἰκὼν
1165 1384 1331 1437 αὐτοῦ
1368 1388 1489 1439 ἐστι
1540 1390 1634 1440 καὶ
1674 1388 1763 1442 λέ-

166 1483 331 1535 γεται
358 1483 374 1496 ’
412 1468 482 1520 δι’
508 1470 676 1522 αὑτοῦ
706 1470 764 1523 δὲ
796 1472 960 1525 πάλιν
992 1474 1058 1527 ἐκ
1086 1474 1179 1529 τοῦ
1208 1478 1419 1548 Πατρὸς
1441 1479 1502 1532 τδ
1536 1482 1760 1552 Πνεῦμα

165 1560 467 1630 ὶαμόἀνον
493 1562 593 1615 καὶ
617 1562 783 1617 εἰκὼν
814 1565 908 1618 τοῦ
937 1566 1155 1639 Πατρός
1190 1570 1400 1624 καὶτοῦ
1426 1573 1561 1627 Υἱοῦ
1592 1575 1760 1631 εἰκὼν

165 1654 271 1706 ὑπὸ
309 1654 426 1723 τῆς
466 1652 617 1717 θείας
640 1656 989 1725 ὁμολογεῖται
1052 1662 1275 1735 Γραφῆς
1299 1680 1315 1696 ο
1374 1665 1630 1740 καθάπερ
1663 1673 1757 1725 καὶ

164 1744 223 1796 τὸ
256 1744 360 1798 τὸν
402 1745 535 1798 Υἰδν
565 1748 749 1801 εἰκόνα
780 1744 920 1804 εἶναι
950 1750 1045 1804 τοῦ
1078 1753 1291 1824 Πατρός
1313 1756 1467 1810 οὐδὲν
1494 1758 1623 1815 ἄλλο
1649 1778 1748 1831 tm-
1777 1763 1826 1824 Β

165 1839 363 1906 μαίνει
397 1837 521 1907 ﬁt)
575 1840 675 1909 τὴν
706 1839 803 1893 τοῦ
853 1843 1071 1914 Πατρὸς
1117 1846 1310 1901 ούσίαν
1357 1851 1450 1904 καὶ
1504 1853 1666 1920 φύσιν
1697 1856 1755 1908 ὲν

161 1930 318 2000 αὐτῷ
380 1930 765 2000 διαφαίνεσθαι
814 1934 890 1999 ὡς
945 1937 1104 2005 φύσει
1170 1939 1280 2013 Υἰῷ
1329 1943 1424 1997 καί⁸
1479 1946 1753 2016 ὗφεστῶτι

166 2024 331 2092 Λόγῳ
370 2025 861 2094 κοινοποιουμένην
892 2027 980 2081 διὰ
1013 2032 1342 2103 γεννήσεως.
1385 2034 1446 2089 ὐ
1490 2037 1548 2091 δὲ
1592 2039 1753 2106 σοφὸς

164 2108 324 2177 οὗτος
358 2114 503 2182 ἀνὴρ
527 2116 715 2186 ὥσπερ
745 2116 1043 2183 ἀξιούντων
1068 2123 1339 2189 Λατίνων,
1364 2128 1547 2182 πᾶσαν
1571 2132 1754 2185 εἰκόνα

166 2207 327 2276 λόγον
352 2208 604 2264 αἰτιατοῦ
637 2213 775 2281 πρὸς
819 2213 1003 2267 αἱτίαν
1060 2215 1204 2286 ἔχειν
1240 2218 1377 2287 πρὸς
1433 2221 1632 2287 ἰκείνο,
1689 2216 1753 2277 οὗ

165 2300 334 2352 εἰκὼν
384 2294 532 2354 εἶναι
583 2300 824 2371 λέγεται,
878 2304 1153 2361 ἐνίσταται
1206 2308 1284 2379 μὴ
1334 2310 1517 2363 πᾶσαν
1567 2313 1754 2367 εἰκόνα

164 2390 435 2461 τοιαύτην
468 2387 637 2448 εἶναι.
672 2397 735 2448 Οἱ
759 2396 816 2448 δὲ
849 2396 911 2449 οὐ
947 2400 1078 2469 περί
1106 2398 1289 2470 πάσης
1323 2403 1536 2467 εἰκόνος
1561 2403 1751 2473 λέγουο

166 2500 272 2550 σιν,
304 2485 424 2538 οὐδ’
454 2487 566 2539 ἀπὸ
596 2487 779 2556 πάσης
822 2491 1218 2560 ἐπιχειροῦσιν,
1270 2492 1409 2546 ἁ).λά
1471 2502 1643 2563 quam,
1689 2495 1751 2548 τὸ

163 2576 260 2645 τῆς
297 2579 518 2641 εἰκόνος
551 2578 725 2648 ὅρομα
761 2580 836 2652 μὴ
870 2582 982 2635 δεῖν
1010 2583 1186 2647 ἄλλως
1212 2586 1319 2638 ἀπὸ
1355 2587 1449 2640 τοῦ
1497 2588 1750 2659 Πνεύμα-

161 2685 251 2732 τος
285 2669 430 2737 πρὸς
461 2673 553 2723 τὸν
575 2670 783 2740 Υἰὸν,ἣ
821 2674 932 2727 ἀπὸ
955 2676 1047 2729 τοῦ
1081 2677 1211 2730 Υἱοῦ
1241 2679 1376 2748 πρὸς
1406 2681 1495 2735 τὸν
1525 2684 1750 2755 Πατέρα

161 2760 572 2831 λαμϐάνεσθαι.
612 2764 677 2817 ΕΞ
702 2764 756 2817 δὲ
778 2769 805 2818 ό
837 2766 963 2831 Υἱὸς
994 2767 1159 2822 εἰκὼν
1193 2770 1287 2824 τοῦ
1326 2772 1539 2842 Πατρός
1562 2775 1649 2829 διὰ
1688 2776 1748 2830 τὸ

160 2856 260 2925 τὴν
292 2854 398 2909 τοῦ
436 2856 649 2925 Πατρδς
689 2859 879 2911 ούσίαν
947 2862 1040 2914 καὶ
1097 2862 1257 2930 φύσιν
1292 2866 1356 2917 ὲκ
1402 2864 1497 2920 τοῦ
1532 2867 1746 2939 Πατρός

162 2944 484 3013 ὶαμϐἀνειν
531 2946 626 2998 καὶ
676 2946 823 3016 ἔχειν
858 2948 1203 3021 γεννώμενον
1251 2954 1496 3022 λέγεται,
1531 2959 1744 3031 ἀνάγκη

162 3038 314 3089 πᾶσα
348 3039 451 3088 καὶ
489 3039 544 3090 τὸ
578 3038 800 3106 Πνεῦμα
831 3042 1016 3095 εἰκόνα
1045 3041 1139 3096 τοῦ
1200 3044 1331 3098 Υἱοῦ
1366 3046 1625 3115 λέγεσθαι
1655 3052 1744 3105 διὰ

158 3131 223 3183 τὲ»
244 3130 354 3202 τὴν
384 3131 485 3183 τοῦ
508 3130 639 3185 Υἰοῦ
671 3132 863 3186 οὐσίαν
896 3137 988 3188 καὶ
1022 3136 1188 3204 φύσιν
1216 3138 1304 3192 διὰ
1336 3140 1430 3194 τοῦ
1471 3141 1602 3196 Υἰοῦ
1646 3144 1742 3197 καὶ

158 3228 220 3279 ix
247 3223 357 3280 τοῦ
423 3224 555 3277 ris-3
599 3224 899 3295 λαμϐάνειν
955 3230 1051 3281 καὶ
1094 3230 1239 3300 ἔχειν
1281 3212 1739 3306 ἐκπορευόμενον.

155 3317 218 3369 Εἰ
252 3317 375 3386 γὰρ
411 3315 491 3386 μὴ
517 3316 609 3370 τὸν
642 3319 757 3370 ἴσον
795 3321 1007 3391 ὑπῆρχε
1031 3325 1234 3393 τρόπον
1286 3325 1527 3378 ἐνταῦθα
1580 3330 1744 3381 κάκεῖ

154 3411 213 3462 τὸ
244 3410 359 3477 τῆς
420 3410 629 3472 εἰκόνος
667 3409 863 3482 ὄνομα,
911 3414 1172 3485 ἀνῃρεῖτο
1221 3418 1287 3470 ἂν
1338 3420 1370 3488 ἡ
1414 3419 1521 3471 τῶν
1582 3421 1743 3474 Οείων

156 3500 483 3570 προσώπων
519 3503 727 3572 ἰσότης,
761 3506 856 3557 καὶ
891 3504 951 3557 τὸ
985 3506 1193 3576 μᾶλλον
1221 3510 1317 3563 καὶ
1348 3512 1408 3564 τὸ
1435 3507 1600 3584 ἦττον
1636 3514 1739 3566 ὑπ-

153 3592 334 3663 ῆρχεν
354 3592 423 3645 ἂν
451 3594 509 3645 ἐν
530 3594 717 3659 αὐτοῖς
742 3609 757 3623 ·
819 3597 1104 3669 ἡμάρτανε
1147 3600 1193 3653 δ’
1225 3601 1292 3656 ἂν
1326 3609 1419 3657 καὶ
1472 3605 1741 3677 Κύριλλος

152 3686 352 3737 εἰκόνα
375 3685 469 3738 τοῦ
507 3686 636 3740 Υἰοῦ
669 3688 730 3740 τὸ
755 3689 986 3760 Πνεῦμα
1022 3692 1228 3759 καλῶν,
1259 3695 1318 3749 ὃν
1348 3698 1554 3768 τρόπον
1595 3704 1687 3753 καὶ
1711 3703 1740 3753 ό

156 3776 284 3840 l‘ib;
309 3778 484 3832 εἰκὼν
514 3780 635 3833 ἐστι
675 3781 771 3836 τοῦ
814 3784 1025 3855 Πατρός
1052 3788 1111 3839 ὲν
1181 3793 1249 3855 ιγ’
1279 3789 1377 3844 τοῦ
1408 3788 1454 3860 β’
1486 3792 1597 3846 τῶν
1630 3797 1743 3863 Θη-

126 3868 431 3939 ’σαυρῶγ.
477 3871 607 3926 Ἀπὸ
639 3872 735 3927 τοῦ
800 3875 902 3945 τῆς
966 3878 1178 3943 εἰκόνος
1234 3882 1418 3937 τοίνυν
1473 3884 1741 3957 ὀνόματος

152 3965 510 4036 ἐπιχειροῦσι
535 3967 783 4033 Λατῖνοι,
807 3968 992 4034 καθὼς
1027 3972 1124 4025 ἐπὶ
1164 3973 1259 4028 τοῦ
1314 3974 1448 4030 Υἰοῦ
1477 3982 1615 4049 πρὸς
1646 3981 1738 4035 τὸν

157 4057 384 4128 Πατέρα
417 4056 667 4125 λέγεται,
692 4059 794 4112 οὐκ
824 4061 932 4114 ἀπὸ
969 4063 1155 4133 πάσης
1182 4066 1412 4130 εἰκόνος.
1453 4068 1511 4122 Ὀ
1541 4071 1619 4135 δὲ,
1661 4071 1738 4136 ὡς

158 4153 246 4206 ἐπὶ
284 4152 480 4221 πάσης
507 4153 721 4219 εἰκόνος
760 4155 1084 4224 ἀξιούντων,
1141 4160 1425 4216 ἀνίσταται
1459 4163 1561 4234 μὲν
1628 4165 1738 4220 ἀπὸ

158 4245 262 4298 «In
284 4246 528 4299 κτιστῶν
556 4250 927 4318 πραγμάτων,
952 4250 1079 4304 οὔτε
1100 4252 1192 4305 ἐπὶ
1217 4253 1316 4323 τῆς
1370 4256 1569 4328 τέχνης
1611 4255 1738 4312 οὔτε

158 4338 247 4391 ἰπὶ
273 4340 379 4408 τῆς
413 4339 630 4407 φύσεως
668 4341 917 4411 ἀνάγκην
948 4339 1093 4398 εἶναι
1152 4345 1214 4399 τὸ
1249 4347 1605 4418 παράδειγμα
1651 4351 1740 4404 λό-

157 4447 250 4498 γον
278 4432 463 4504 αἰτίου
487 4431 623 4499 πρὸς
655 4431 757 4503 τὴν
793 4433 930 4488 ἰδίαν
978 4435 1128 4506 ἔχειν
1176 4438 1365 4492 εἰκόνα
1398 4440 1533 4509 φησί
1555 4456 1571 4472 ο
1611 4440 1735 4495 τινα
1768 4436 1813 4492 D

156 4522 210 4576 δέ
263 4525 408 4576 εἰσιν
456 4524 666 4590 ἐκεῖνα,
726 4526 813 4595 ἐφ’
851 4522 928 4581 ὢν
978 4528 1154 4593 οὕτως
1207 4533 1346 4596 ἐστὶ,
1403 4533 1603 4586 πολλοῦ
1655 4536 1736 4589 δεί

158 4615 514 4686 προστιθέναι
539 4631 557 4647 ·
602 4618 775 4689 ἀλλ’ἢ
811 4620 980 4689 μηδὲν
1008 4620 1150 4691 ἔχων
1193 4626 1390 4687 εἰπεῖν,
1423 4626 1455 4699 ἤ
1482 4626 1732 4696 διαλεγό-

160 4723 323 4772 μενος
352 4707 549 4777 ἀφυῶς
583 4709 679 4762 ἐπὶ
728 4712 824 4763 τὸν
873 4711 1003 4765 Υἰὸν
1047 4714 1291 4786 ἔρχεται,
1343 4719 1442 4772 καὶ
1487 4719 1733 4775 δείκνυσι

160 4793 349 4848 τοῦτον
376 4797 566 4852 εἰκόνα
619 4799 881 4869 λέγεσθαι
933 4803 1031 4857 τοῦ
1090 4807 1308 4878 Πατρδς
1363 4808 1425 4862 οὐ
1478 4810 1734 4865 τοσοῦτον

162 4884 230 4947 ὥς
257 4886 396 4955 πρὸς
418 4888 583 4944 αὐτὸν
617 4891 738 4946 κατ’
796 4893 978 4949 αἰτίαν
1031 4897 1466 4970 ἀναφερόμενον,
1499 4902 1626 4956 ὅσον
1654 4903 1732 4966 ὡς

160 4976 214 5028 ὲν
243 4978 426 5048 ἑαυτῴ
475 4980 567 5034 τὸν
614 4983 839 5055 Πατέρα
883 4988 1275 5056 προδεικνύντα
1323 4993 1420 5045 καὶ
1471 4996 1732 5060 εἰκονιζό-

167 5085 341 5136 μενον.
370 5072 801 5145 Ψεύδεταιτοῦν
839 5080 869 5132 ό
900 5078 1041 5150 ἀνὴρ
1095 5082 1154 5134 ἐν
1198 5084 1404 5155 ἀμφοῖν
1432 5101 1447 5116 ο
1510 5089 1731 5158 πρῶτον

171 5162 260 5226 μὲν
287 5165 346 5216 ἐν
383 5160 468 5227 οἷς
496 5165 646 5221 δοκεῖ
688 5170 798 5223 ἀπὸ
828 5170 939 5226 τῶν
973 5174 1152 5228 ἄλλων
1207 5178 1557 5248 πραγμάτων
1617 5184 1731 5235 ενι-

170 5256 384 5347 στατοαι
417 5257 711 5327 βούλεσθαι
735 5277 750 5295 ·
778 5265 995 5339 ἀνάγκη
1021 5268 1133 5341 γὰρ
1162 5272 1345 5327 πᾶσαν
1374 5274 1563 5330 εἰκόνα
1594 5277 1732 5347 πρὸς

168 5346 223 5395 τὸ
244 5349 593 5423 παράδειγμα
626 5355 703 5419 ὡς
728 5359 976 5413 αἰτιατόν
1018 5377 1138 5427 πως
1185 5366 1563 5433 ἀναφέρεσθαι
1594 5346 1730 5440 πρδς

1872 519 2098 577 fecerat.

2431 654 2886 715 SCIiOLARlUS.

1940 787 2246 845 Audientes
2274 787 2469 844 Patres
2516 789 2775 846 Ecclesiae
2806 788 3094 852 docentes,
3144 789 3265 844 Filii
3312 788 3451 848 ima-

1867 878 2048 948 ginem
2084 892 2208 934 esse
2260 877 2528 948 Spiritum
2561 888 2838 941 sanctum,
2877 880 3027 935 sicut
3062 880 3264 951 Filium
3308 877 3446 936 ima-

1866 970 2048 1041 ginem
2082 971 2260 1027 Patris
2290 983 2349 1027 et
2398 972 2575 1041 Patris
2626 982 3003 1044 prototypum,
3033 973 3216 1030 Latini
3244 975 3445 1030 exinde

1864 1078 2085 1133 quoque
2121 1072 2275 1119 recte
2306 1062 2588 1133 propriam
2620 1067 2948 1119 sententiam
2980 1066 3308 1141 conﬁrmant
3341 1068 3446 1137 (α).

1863 1153 1999 1209 Nam
2037 1153 2357 1208 existimant
2384 1168 2492 1209 nou
2517 1155 2586 1209 ad
2619 1155 2770 1209 aliud
2793 1154 3089 1224 qei-lquam
3120 1155 3235 1211 lianc
3263 1160 3446 1226 potius

1863 1246 2162 1307 deducere.
2203 1262 2365 1315 quam
2394 1247 2462 1301 ad
2495 1247 2737 1318 id,quod
2771 1248 3012 1318 Spiritus
3046 1259 3274 1304 sanctus
3303 1251 3356 1303 in
3386 1266 3445 1304 se
3504 1250 3509 1253 ’

1862 1337 2108 1391 ostendit
2144 1336 2266 1392 Filii
2305 1338 2600 1393 essentiam
2635 1350 2800 1410 atque
2831 1350 3106 1404 naturam,
3147 1356 3312 1410 quam
3353 1340 3441 1396 Fi-

1860 1429 1970 1486 lius
2016 1430 2297 1501 accipiens
2337 1446 2366 1485 a
2417 1431 2578 1486 Patre
2607 1435 2786 1496 imago
2817 1433 2938 1505 eius
2974 1445 3057 1489 est
3088 1444 3145 1489 et
3185 1435 3392 1488 dicitur
3423 1451 3439 1500 ;

1859 1535 1963 1591 per
1991 1519 2169 1589 ipsum
2204 1536 2333 1574 vero
2367 1537 2587 1576 rursum
2617 1539 2683 1578 ex
2709 1524 2867 1579 Patre
2895 1524 3175 1594 accipiens
3201 1524 3444 1594 Spiritus

1860 1620 2085 1666 sanctus
2112 1618 2168 1664 et
2218 1610 2397 1665 Patris
2451 1612 2630 1680 imago
2663 1621 2722 1668 et
2779 1610 2899 1667 Filii
2945 1613 3126 1682 imago
3174 1628 3205 1667 a
3255 1613 3440 1668 divina

1862 1699 2144 1771 Scriptura
2179 1701 2519 1772 agnoscitur,
2557 1702 2705 1757 sicut
2726 1712 2784 1757 et
2812 1702 3007 1756 Filium
3042 1702 3218 1756 Patris
3250 1703 3439 1771 imagi-

1858 1810 1987 1850 nem
2017 1809 2141 1850 esse
2168 1794 2307 1850 nihil
2337 1794 2609 1865 signiﬁcat
2646 1794 2818 1860 aliud,
2869 1795 2975 1850 nisi
3028 1796 3210 1850 Patris
3252 1810 3442 1850 essen-

1863 1886 1992 1940 tiam
2027 1893 2083 1940 et
2106 1892 2359 1940 naturam
2387 1886 2441 1940 in
2466 1886 2586 1954 ipso
2616 1900 2717 1941 ceu
2742 1886 2982 1941 naturali
3008 1886 3149 1941 Filio
3177 1885 3431 1941 etVerlm

1856 1973 2197 2030 subsistente
2256 1976 2610 2045 resplendere
2670 1977 3129 2033 communicatam
3182 1976 3285 2046 ipsi
3334 1990 3434 2045 per

1856 2068 2294 2136 generationem.
2315 2069 2385 2122 At
2409 2069 2631 2137 sapiens
2658 2070 2761 2124 iste
2787 2068 2894 2132 vir,
2917 2069 3072 2139 quasi
3094 2084 3227 2124 vero
3250 2069 3427 2123 Latini

1854 2170 2175 2224 censerent,
2205 2175 2426 2216 omnem
2460 2162 2753 2230 imaginem
2807 2164 3075 2217 rationem
3108 2164 3318 2218 eausati
3365 2164 3434 2216 ad

1855 2263 2079 2304 causam
2110 2248 2317 2304 habere
2351 2250 2527 2305 relate
2561 2251 2630 2304 ad
2681 2250 2841 2316 illud,
2871 2252 3029 2322 cujus
3074 2252 3254 2322 imago
3297 2251 3432 2306 diei-

1855 2349 1965 2405 tur,
2002 2341 2169 2396 instat
2200 2349 2258 2398 et
2283 2341 2493 2411 objicit,
2521 2357 2631 2396 non
2678 2356 2900 2396 omnem
2948 2342 3241 2412 imaginem
3288 2343 3436 2411 eius-

1852 2433 2004 2489 modi
2032 2448 2178 2488 esse.
2206 2431 2278 2487 At
2304 2431 2395 2488 isti
2432 2448 2540 2487 non
2575 2432 2644 2487 de
2672 2432 2823 2486 omni
2854 2432 3090 2501 imagine
3127 2433 3433 2502 loquuntur

1852 2541 2034 2595 neque
2075 2525 2143 2580 de
2188 2526 2335 2580 omni
2382 2526 2681 2581 illattonem
2722 2522 2950 2587 faciunt,
2998 2538 3190 2578 verum
3237 2523 3431 2579 dicunt

1852 2615 2110 2687 imaginis
2148 2631 2349 2672 nomen
2381 2631 2491 2671 non
2513 2624 2768 2684 Oportere
2803 2616 2963 2670 aliter
3000 2615 3176 2685 accipi
3207 2614 3274 2670 de
3307 2613 3430 2685 Spi-

1849 2708 1961 2763 ritu
2020 2708 2190 2763 relate
2237 2708 2306 2763 ad
2364 2708 2588 2776 Filium,
2614 2723 2780 2779 quam
2829 2705 2898 2762 de
2933 2708 3072 2763 Filio
3131 2708 3300 2763 relate
3355 2708 3422 2762 ad

1849 2802 2089 2860 Patrem.
2129 2804 2189 2858 Si
2223 2820 2356 2860 vero
2385 2805 2558 2859 Filius
2596 2803 2777 2873 imago
2804 2801 2984 2858 Patris
3030 2802 3256 2869 dicitur,
3297 2804 3427 2873 quia

1849 2898 2029 2954 Patris
2056 2900 2352 2954 essentiam
2405 2906 2571 2967 atque
2615 2906 2871 2952 naturam
2907 2911 2973 2950 ea
3011 2896 3170 2951 Patre
3224 2900 3429 2969 accipit

1847 2998 1907 3046 et
1950 2991 2134 3056 habet,
2177 2991 2307 3046 dum
2343 2999 2683 3061 generatur:
2729 2989 2959 3044 omnino
2994 3005 3220 3046 necesse
3248 3002 3337 3048 est
3368 3005 3428 3048 ut

1773 3100 1814 3157 ο
1846 3094 1902 3138 et
1935 3084 2178 3153 Spiritus
2197 3082 2320 3138 Filii
2352 3083 2529 3152 imago
2555 3084 2792 3146 dicatur,
2822 3085 2949 3152 quia
2982 3084 3100 3139 Filii
3129 3088 3422 3141 essentiam

1845 3185 2011 3243 atque
2067 3183 2316 3226 naturam
2352 3188 2452 3242 per
2507 3172 2705 3227 Filium
2753 3181 2809 3227 et
2838 3188 2906 3228 ex
2938 3172 3077 3229 Filio
3117 3176 3320 3247 accipit
3368 3185 3425 3231 et

1846 3267 2030 3331 habet,
2075 3264 2205 3318 dum
2254 3265 2521 3335 procedit.
2556 3265 2691 3319 Nam
2746 3266 2790 3320 si
2845 3281 2955 3321 non
2986 3268 3271 3336 aequaliter
3301 3279 3417 3325 tum

1846 3359 1935 3414 hic
1995 3368 2109 3412 tum
2152 3358 2265 3426 illic
2317 3358 2569 3428 imaginis
2603 3374 2802 3413 nomen
2845 3360 3211 3429 acciperetur,
3283 3369 3414 3416 tunc

1845 3451 2156 3507 divinarum
2182 3465 2540 3522 personarum
2563 3452 2848 3520 aqualitas
2871 3467 2902 3507 e
2924 3451 3104 3507 medio
3131 3453 3433 3507 tolleretur‘

1842 3552 1897 3599 et
1926 3546 2097 3614 magis
2126 3558 2191 3598 ac
2214 3544 2397 3597 minus
2427 3542 2480 3597 in
2505 3543 2635 3613 ipsis
2656 3544 2944 3599 exsisteret
2969 3560 2985 3609 ;
3016 3554 3226 3599 erraret
3252 3547 3419 3601 etiam

1840 3633 2075 3705 Cyrillus
2099 3634 2227 3689 dum
2254 3634 2374 3688 Filti
2418 3634 2708 3705 imaginem
2743 3636 3008 3706 Spiritum
3035 3646 3193 3692 vocat
3222 3638 3417 3695 eodem

1841 3724 2031 3790 modo,
2072 3739 2184 3794 quo
2212 3724 2383 3779 Filius
2408 3725 2587 3791 imago
2628 3726 2804 3782 Patris
2834 3736 2938 3791 est,
2977 3729 3158 3797 capite
3198 3729 3414 3785 decimo

1841 3816 2008 3872 tertio
2036 3815 2160 3870 libri
2211 3816 2439 3871 secundi
2479 3816 2888 3872 Themin-orum.
2928 3817 2974 3873 A
3000 3819 3222 3877 nomine
3249 3823 3419 3892 igitur

1842 3907 2093 3978 imaginis
2129 3906 2468 3961 concludunt
2510 3906 2727 3973 Latini,
2766 3917 2931 3977 prout
2962 3910 3031 3963 de
3077 3911 3218 3965 Filio
3249 3913 3417 3970 relate

1838 4000 1906 4054 ad
1971 4000 2189 4055 Patrem
2230 3997 2455 4062 dicitur,
2506 4011 2615 4052 non
2672 4000 2742 4053 ab
2802 3998 3413 4069 imagineiunirerlim.

1838 4092 1947 4147 Iste
1978 4094 2146 4157 vero,
2178 4094 2336 4162 quasi
2372 4092 2439 4146 de
2478 4091 2627 4146 omni
2680 4091 2917 4163 imagine
2975 4093 3029 4147 id
3083 4104 3413 4159 statuerent.

1840 4186 2010 4241 instat
2062 4200 2128 4240 ex
2166 4184 2367 4240 creatis
2401 4184 2593 4249 rebus,
2644 4200 2822 4255 neque
2866 4186 2921 4239 in
2968 4187 3104 4242 artis
3133 4204 3310 4259 neque
3360 4191 3416 4245 in

1838 4287 2053 4333 natura:
2083 4276 2369 4346 productis
2394 4291 2620 4331 necesse
2662 4273 2807 4340 esse,
2841 4286 2897 4332 ut
2928 4281 3208 4350 exemplar
3247 4281 3418 4336 ratio-

1839 4383 1968 4423 nem
2011 4382 2191 4424 eausa:
2241 4368 2437 4423 habeat
2488 4368 2554 4423 ad
2613 4368 2982 4438 exemplatum
3044 4371 3161 4425 sive
3194 4376 3259 4426 ad
3292 4388 3421 4442 pro-

1840 4460 2019 4530 priam
2069 4458 2385 4528 imaginem,
2437 4459 2746 4525 afﬁrmans;
2800 4475 3047 4528 quamam
3082 4475 3264 4517 autem
3302 4465 3417 4521 sint

1842 4552 1958 4617 illa,
2003 4550 2059 4604 in
2106 4550 2311 4620 quibus
2351 4550 2423 4603 ita
2455 4558 2562 4613 est,
2604 4549 2655 4603 id
2703 4561 2764 4606 ut
2819 4551 3007 4615 addat,
3036 4552 3106 4606 ab
3137 4570 3205 4607 eo
3255 4556 3416 4627 longe

1843 4644 2057 4700 alienus
2082 4654 2187 4708 est,
2221 4658 2412 4697 verum
2443 4642 2528 4696 vel
2559 4642 2694 4697 nihil
2726 4644 2957 4705 habens,
2990 4647 3136 4714 quod
3166 4647 3308 4702 dicat
3332 4651 3418 4706 vel

1842 4735 2096 4805 imperite
2134 4734 2420 4803 disputans
2468 4720 2534 4786 ad
2580 4732 2778 4787 Filium
2843 4734 3012 4799 venit,
3064 4739 3418 4810 ostenditque

1839 4841 1966 4881 eum
1991 4825 2100 4881 dici
2128 4825 2307 4882 Patris
2331 4824 2627 4895 imaginem
2662 4841 2773 4880 non
2806 4834 3016 4881 tantum
3045 4836 3106 4882 ut
3135 4829 3203 4883 ad
3238 4831 3416 4900 ipsum

1839 4920 2144 4975 secundum
2176 4932 2397 4972 causam
2436 4917 2688 4983 relatum,
2725 4928 2995 4987 quantum
3034 4930 3091 4974 ut
3124 4922 3175 4974 in
3208 4937 3267 4977 se
3296 4922 3416 4991 ipso
3484 4912 3489 4915 ’

1842 5011 2062 5067 Patrem
2121 5021 2632 5082 prmmonstrantem
2677 5021 2733 5067 et
2777 5011 3123 5082 ﬁgurantem.
3155 5014 3418 5070 Mentitur

1840 5104 2009 5173 igitur
2040 5103 2127 5157 vir
2163 5104 2270 5158 iste
2325 5103 2378 5157 in
2417 5112 2691 5172 utroque:
2736 5103 2913 5173 primo
2946 5086 3167 5172 quidem
3228 5107 3285 5159 iu
3327 5121 3419 5167 eo.

1842 5194 1990 5266 quod
2032 5196 2253 5249 videtur
2271 5211 2339 5250 ex
2361 5195 2482 5250 aliis
2503 5196 2669 5250 rebus
2698 5195 3010 5250 instantiam
3030 5204 3216 5265 petere
3241 5199 3380 5251 velle
3403 5216 3419 5263 ;

1842 5304 1965 5342 nam
1991 5300 2215 5341 necesse
2245 5295 2329 5341 est
2362 5302 2579 5340 omnem
2618 5288 2909 5357 imaginem
2937 5287 3004 5341 ad
3046 5288 3325 5357 exetnpiar
3362 5299 3419 5344 ut

1843 5386 2126 5432 causatum
2160 5375 2565 5445 quodammodo
2603 5376 2795 5432 referri
2844 5375 2911 5430 ad
2954 5378 3233 5447 propriam
3286 5394 3420 5432 cau-

228 5510 298 5581 (l)
325 5514 401 5570 Ex
430 5514 577 5575 lion.
610 5520 719 5577 236
742 5522 800 5577 τὸ
836 5523 1170 5593 addidimus,
1192 5531 1339 5600 quod
1373 5531 1428 5591 in
1476 5534 1691 5592 caeteris
1728 5535 1904 5594 deest.

230 5671 301 5744 (τι)
323 5676 527 5735 Canter
583 5683 686 5740 hac

175 5751 222 5807 p.
238 5744 509 5821 985-987).

750 5682 818 5739 de
861 5701 917 5741 re
955 5697 1008 5743 et
1036 5686 1328 5762 Georgium
1376 5690 1723 5749 lletocbitam
1764 5704 1955 5752 contra
2013 5696 2315 5755 Manuelem
2369 5698 2712 5769 Cretensem,
2758 5715 2808 5756 c.
2846 5702 2879 5757 8
2914 5703 3031 5774 (Gr.
3077 5704 3249 5771 orth.,
3277 5713 3316 5760 t.
3368 5706 3413 5761 ll
