3900 6216
520 447 660 499 sam,
715 427 1150 500 quandoquidem
1185 430 1360 499 imago
1397 426 1597 483 dicitur
1624 433 1844 497 propter
1892 437 2081 494 quam—
2110 428 2154 484 Α

523 523 648 577 dam
680 522 1114 584 similitudinem,
1143 534 1263 590 quae
1308 520 1365 573 in
1401 519 1517 589 ipsa
1557 517 1719 572 modo
1739 516 1924 586 aliquo
1960 512 2019 566 lit
2049 526 2080 565 a

525 620 813 683 prototypo
848 610 962 665 sive
991 608 1286 676 exemplari
1328 609 1412 663 vel
1448 606 1771 662 naturaliter
1797 604 1882 659 vel
1913 601 2084 658 artiﬁ-

524 701 782 765 cialiter;
819 698 964 752 uude
1009 696 1260 767 sequitur
1288 710 1504 750 omnem
1530 694 1819 764 imaginem
1860 699 2084 761 propter

524 800 873 861 prototypum
931 801 1086 853 esse;
1137 786 1381 842 secundo
1438 793 1624 854 peccat
1683 784 1737 837 in
1788 796 1878 848 eo,
1933 780 2082 850 quod

524 881 722 936 Filium
778 878 913 933 dicit
969 878 1260 947 imaginem
1295 875 1476 931 Patris
1503 890 1625 930 esse
1669 874 1855 943 potius
1906 882 1966 927 ut
2029 873 2085 926 in

523 987 582 1027 se
606 974 725 1041 ipso
774 968 989 1024 Patrem
1017 967 1398 1023 ostendentem
1440 973 1495 1019 et
1529 964 1875 1034 ﬁgurantem,
1920 977 2083 1033 quam

526 1072 585 1116 ut
618 1061 682 1115 ad
724 1061 901 1128 ipsum
941 1060 1239 1113 secundum
1278 1069 1500 1110 causam
1551 1054 1806 1108 relatum.
1858 1052 2086 1109 Videtur

523 1152 669 1206 enim
693 1149 898 1220 aliquid
930 1149 1131 1213 dicere,
1159 1147 1287 1202 dum
1314 1145 1447 1200 nihil
1472 1144 1622 1200 dicit.
1650 1144 1860 1199 Etenim
1887 1144 2085 1201 Filium

525 1247 579 1300 iu
612 1260 671 1299 se
702 1244 821 1312 ipso
852 1242 1062 1297 Patrem
1085 1240 1373 1296 ostenJere
1395 1246 1450 1292 et
1474 1238 1704 1305 ligurare
1737 1237 1876 1291 idem
1905 1238 2085 1306 ipsum

524 1347 607 1389 cst
643 1352 704 1389 ac
738 1334 913 1387 Patris
940 1332 1229 1401 imaginem
1276 1345 1404 1386 eum
1437 1344 1557 1384 esse
1582 1346 1599 1395 ;
1629 1343 1800 1397 quare
1831 1328 1963 1382 dicit
1995 1327 2089 1382 Fi-

528 1428 659 1479 lium
693 1440 810 1479 esse
842 1423 1020 1479 Patris
1063 1422 1387 1491 imaginem,
1417 1421 1545 1490 quia
1573 1420 1749 1490 imago
1777 1427 1900 1485 est;
1933 1433 1998 1473 ac
2041 1418 2089 1474 si

526 1517 651 1585 quis
679 1515 885 1570 diceret
913 1514 1186 1569 hominem
1227 1526 1348 1567 esse
1392 1512 1736 1575 rationalem,
1768 1512 1895 1580 quia
1928 1511 2091 1565 ratio-

527 1610 669 1664 nalis
697 1617 807 1674 est;
856 1617 915 1662 et
938 1606 1083 1676 quod
1118 1607 1297 1660 adhuc
1323 1605 1497 1675 pejus,
1527 1603 1731 1659 idcirco
1763 1604 1935 1673 magis
1963 1620 2088 1659 eum

529 1702 601 1755 ita
641 1699 896 1769 appellari
921 1699 1138 1762 statuit,
1169 1712 1330 1766 quam
1388 1695 1531 1760 ideo,
1584 1694 1731 1764 quod
1762 1696 1828 1750 ad
1868 1696 2087 1751 Patrem

532 1802 592 1847 ut
636 1793 703 1846 ad
749 1806 969 1846 causam
1019 1790 1290 1854 refertur;
1339 1786 1558 1857 quando
1596 1786 1702 1842 etsi
1744 1786 1855 1841 duo
1898 1803 2090 1843 revera

528 1892 733 1944 essent,
769 1897 888 1951 qua:
918 1896 1018 1952 pro
1040 1879 1256 1934 duobus
1283 1879 1471 1940 sumit,
1503 1879 1681 1948 imago
1705 1877 1924 1948 quidem
1945 1888 2092 1935 esset

532 1972 722 2032 F.lius,
743 1974 869 2042 quia
902 1972 956 2025 in
981 1987 1040 2025 se
1071 1971 1188 2040 ipso
1212 1970 1426 2024 Patrem
1454 1969 1687 2039 imagine
1717 1978 2091 2038 repraesentat,

532 2072 945 2133 repneseutaret
983 2076 1135 2125 vero,
1176 2064 1301 2129 quia
1353 2058 1418 2114 ad
1459 2059 1638 2128 ipsum
1675 2068 1737 2114 ut
1772 2059 1841 2113 ad
1868 2075 2090 2114 causam

532 2154 768 2208 refertur
824 2163 878 2208 et
923 2163 1117 2207 natura
1158 2154 1410 2217 Patrem;
1478 2151 1625 2206 unde
1682 2151 1864 2221 potius
1917 2153 2092 2220 imago

532 2245 696 2306 foret,
728 2245 853 2312 quia
883 2258 950 2298 ex
984 2243 1143 2297 Patre
1174 2252 1299 2308 est,
1341 2257 1504 2312 quam
1539 2243 1686 2308 ideo,
1719 2241 1845 2312 quia
1874 2241 2090 2296 Patrem

534 2335 864 2390 manifestat.
910 2335 1054 2389 Bene
1090 2345 1271 2388 autem
1312 2335 1422 2404 agit
1461 2344 1646 2403 postea
1695 2349 1919 2404 prorsus
1969 2349 2091 2389 eas-

530 2429 655 2483 dem
692 2441 885 2482 causas
928 2424 1246 2489 ostendcns,
1295 2435 1351 2480 et
1404 2426 1552 2494 quod
1602 2423 1845 2495 Spiritus
1892 2424 2012 2480 Filii
2037 2432 2094 2480 et

530 2519 676 2590 quod
720 2519 889 2573 Filius
938 2519 1114 2573 Patris
1166 2518 1341 2586 imago
1369 2517 1618 2582 dicatur;
1667 2519 1823 2586 quia,
1874 2517 2090 2586 inquit,

532 2611 734 2679 accipit
761 2626 790 2665 a
837 2609 974 2665 Filio
1000 2619 1056 2664 et
1087 2610 1213 2679 quia
1243 2610 1508 2663 clariﬁcat
1555 2607 1753 2662 Filium
1782 2617 1839 2662 et
1875 2608 2093 2677 perlicit

535 2701 658 2756 Filii
686 2716 842 2772 npus,
877 2700 1334 2770 quemadmodum
1379 2700 1545 2755 etiam
1598 2698 1669 2754 de
1712 2699 1851 2753 Filio
1897 2699 2089 2753 eadem

524 2801 786 2862 respectu
835 2791 902 2845 ad
954 2792 1169 2846 Patrem
1219 2791 1496 2846 dicuntur.
1538 2790 1807 2860 Explanat
1851 2792 1999 2845 enim
2029 2805 2095 2846 ac

532 2882 675 2938 bene
704 2882 922 2952 quidem
956 2897 1153 2937 nomen
1188 2882 1459 2951 imaginis,
1488 2881 1768 2950 quomodo
1798 2880 1866 2935 de
1888 2880 2093 2935 divinis

532 2977 782 3046 personis
807 2975 1110 3044 accipitur;
1138 2975 1235 3028 sed
1285 2974 1608 3027 relationem
1641 2988 1820 3028 causa:
1855 2988 1952 3043 per
1977 2973 2093 3027 haec

530 3082 641 3121 non
689 3066 970 3131 eliminat;
1027 3066 1238 3120 inducit
1288 3064 1453 3133 igitur
1478 3079 1599 3118 eam
1641 3064 1818 3133 primo
1872 3064 2165 3146 quialemc

530 3159 660 3229 quia
692 3159 736 3213 si
780 3156 984 3212 eisdem
1022 3158 1200 3210 modis
1229 3154 1296 3210 dc
1327 3155 1465 3209 Filio
1488 3163 1543 3209 et
1564 3154 1632 3209 de
1657 3155 1864 3224 Spiritu
1901 3165 2093 3209 sancto

531 3248 783 3318 imaginis
834 3260 1033 3302 nomen
1076 3247 1297 3309 dicitur,
1346 3243 1484 3298 Filio
1524 3259 1653 3298 vero
1707 3243 1863 3298 adest
1919 3253 1979 3298 ut
2026 3258 2095 3298 ex

530 3340 690 3396 Patre
727 3339 1040 3410 prodeunti,
1069 3338 1232 3393 etiam
1281 3335 1509 3407 Spiritui
1563 3335 1743 3391 aderit
1770 3345 1828 3389 ut
1856 3351 1919 3389 ex
1955 3334 2094 3389 Filio

532 3431 859 3504 prodeunti;
890 3429 1086 3483 dcinJe
1106 3429 1236 3498 quia
1266 3428 1428 3502 hujus
1458 3427 1560 3490 rei,
1594 3441 1703 3494 quo
1732 3426 1902 3481 Filius
1917 3425 2094 3481 Patris

532 3526 710 3593 imago
735 3532 839 3589 est,
871 3536 977 3576 non
1013 3521 1130 3574 vice
1173 3533 1327 3573 versa
1359 3518 1519 3572 Pater
1552 3516 1731 3587 imago
1765 3517 1920 3580 Filii.
1942 3517 2094 3571 simi-

531 3614 658 3667 liter
692 3626 821 3666 vero
851 3609 1089 3679 Spiritus
1114 3609 1291 3677 imago
1327 3605 1472 3670 Filii,
1502 3621 1612 3660 non
1654 3606 1824 3662 Filius
1858 3605 2095 3676 Spiritus

532 3702 733 3771 imago,
766 3700 870 3755 alia
902 3715 1068 3755 causa
1101 3713 1224 3755 esse
1261 3713 1371 3753 non
1404 3700 1629 3767 poterit,
1660 3697 1765 3753 nisi
1795 3697 1941 3767 quod
1971 3711 2094 3767 quae

530 3793 598 3848 ad
631 3791 1142 3862 superessentialem
1182 3789 1587 3859 processiouem
1627 3789 1937 3844 divinarum
1969 3803 2092 3857 per-

530 3900 786 3941 sonarum
817 3883 1096 3953 pertinent
1131 3881 1432 3936 secundum
1485 3892 1734 3936 sanctum
1770 3881 2087 3950 Dionysiqu

532 3991 644 4032 non
688 3978 1084 4029 convertuntur
1134 3970 1201 4024 ad
1255 3970 1510 4025 invicem.
1562 3972 1751 4038 Neque
1774 3974 1919 4023 enim
1978 3980 2091 4025 tum

536 4080 659 4135 qita‘.
696 4065 763 4119 de
785 4062 986 4117 divinis
1015 4071 1071 4116 et
1090 4076 1122 4114 a
1163 4058 1368 4114 divinis
1395 4064 1650 4129 personis
1679 4060 1941 4129 disposita
1966 4069 2094 4115 sunt

538 4170 652 4210 tum
682 4171 802 4224 quae
835 4154 903 4208 de
927 4152 995 4207 iis
1020 4150 1300 4215 dicuntur,
1340 4149 1547 4204 frustra
1574 4150 1657 4203 vel
1690 4149 1828 4203 facta
1857 4161 1987 4203 sunt
2008 4151 2092 4205 vel

534 4251 815 4304 dicuntur.

1035 4461 1271 4519 EPHES.
1299 4460 1452 4518 CAP.
1489 4459 1604 4516 XV.
2123 4408 2168 4464 Β

601 4626 867 4699 Spiritum
896 4622 1030 4680 dicit
1058 4619 1337 4693 Nyssenus
1372 4618 1657 4690 theologus
1687 4633 1753 4673 ex
1782 4618 1941 4676 Patre
1970 4635 2092 4690 pro-

530 4723 833 4781 cedentem.
886 4718 1116 4773 Cuiuam
1161 4713 1508 4769 manifestum
1554 4712 1759 4769 exinde
1810 4729 1920 4769 non
1981 4722 2089 4780 est,

532 4814 796 4884 Spiritum
828 4807 1131 4878 producere
1160 4804 1555 4874 hypostaticam
1589 4802 1704 4857 sive
1744 4803 2088 4871 personalem

529 4920 649 4961 esse
678 4901 856 4956 Patris
884 4895 1288 4969 propietatem?
1317 4894 1471 4949 Sicut
1495 4891 1642 4947 enim
1664 4891 1794 4947 dum
1814 4893 2091 4962 Uuigeuiti

531 4993 846 5066 hypostasin
888 4992 1223 5044 iucarnatam
1263 4999 1389 5039 esse
1435 4983 1696 5047 dicimus,
1724 4984 2093 5039 incommuni-

530 5088 706 5143 cabile
757 5085 861 5139 hoc
911 5080 1055 5135 Patri
1093 5088 1149 5134 et
1193 5074 1420 5147 Spiritui
1470 5076 1855 5130 ostendimus:
1909 5076 1981 5130 ita
2032 5083 2090 5130 et

530 5164 660 5234 dum
684 5177 916 5231 dicimus
937 5170 1113 5226 Patris
1143 5166 1459 5240 hypostasin
1491 5166 1795 5236 producere
1826 5166 2089 5236 Spiritum

528 5279 800 5329 sanctum,
847 5278 978 5319 sane
1030 5262 1080 5316 id
1116 5260 1341 5316 minime
1375 5258 1539 5314 etiam
1572 5257 1710 5315 Filio
1760 5259 2088 5315 tribuemus.

528 5367 637 5419 Aut
663 5373 795 5430 ergo
851 5355 1027 5410 Latini
1059 5351 1355 5409 ostendant
1385 5351 1677 5420 quemdam
1707 5350 2084 5419 theologorum

528 5455 694 5510 etiam
723 5466 789 5505 ex
820 5447 939 5501 Filii
973 5443 1246 5516 hypostasi
1280 5442 1545 5512 Spiritum
1570 5456 1693 5495 esse
1726 5450 2090 5507 asserentem,

599 5631 677 5700 (ἰ)
717 5627 858 5700 Moti.
889 5626 959 5679 ‘27
990 5625 1031 5700 ς,
1190 5623 1248 5700 _b,
1288 5622 1336 5673 εἰ
1370 5621 1600 5700 εἰσάγει.

597 5689 675 5769 (2}
719 5698 776 5751 In
811 5696 952 5751 lion.
985 5697 1022 5761 f,
1054 5694 1159 5749 29?.
1188 5694 1221 5747 b
1250 5703 1332 5747 est
1362 5706 1483 5761 cap.
1514 5690 1567 5745 5.
1603 5690 1818 5745 Initium
1854 5689 1996 5746 idem
2030 5701 2088 5746 ut

1732 305 2053 370 GEORGII
2097 302 2502 367 SCHOLARII

3646 302 3749 365 ἰὶί

2184 422 2320 475 ἰδίαν
2351 420 2552 484 αἰτίαν,
2608 418 2765 487 εἴπερ
2795 416 2959 471 εἰκὼν
3009 415 3225 485 λέγεται
3271 414 3360 471 διὰ
3401 433 3521 471 τινα
3568 422 3752 488 ὁμοιό-

2179 530 2322 582 τητα
2356 515 2416 567 έν
2460 512 2599 582 αὑτῇ
2626 508 2923 580 γινομένην
2944 509 3134 579 τρόπῳ
3161 508 3270 563 τινὶ
3309 509 3463 578 παρὰ
3480 510 3574 564 τοῦ
3597 528 3752 580 πρω-

2179 605 2436 671 τοτύπου,
2468 602 2648 657 εἰτουν
2696 601 2791 656 τοῦ
2843 600 3290 671 παραδείγματος
3349 600 3382 671 ἢ
3425 603 3674 670 φυσικῶς
3712 604 3747 674 ἢ

2179 697 2472 766 τεχνικῶς,
2509 696 2587 760 ὥς
2620 694 2873 748 ἐντεῦθεν
2912 695 3094 747 πᾶσαν
3121 694 3307 747 εἰκόνα
3332 693 3422 746 διὰ
3440 696 3499 745 τδ
3527 694 3748 763 πρωτό-

2182 805 2351 841 τυπον
2385 780 2559 842 εἶναι’
2586 786 2838 856 δεύτερον
2860 784 2917 837 δὲ
2956 784 3276 854 ἁμαρτάνει
3308 786 3366 837 ὲν
3394 779 3476 847 οἷς
3504 783 3595 837 τὸν
3620 788 3747 841 raw

2183 879 2372 933 εἰκόνα
2402 879 2553 946 λέγει
2585 879 2683 931 τοῦ
2718 876 2932 947 Πατρδς
2961 871 3102 929 εἶναι
3136 876 3334 945 μᾶλλον
3364 875 3439 939 ὡς
3469 877 3525 928 ἐν
3568 877 3747 945 ἐαυτῷ

2181 970 2274 1024 τὸν
2310 972 2528 1040 Πατέρα
2573 967 2858 1023 δεικνύντα
2892 969 2986 1021 καὶ
3041 966 3376 1031 εἰκονίζοντα
3418 965 3455 1037 ἢ
3486 966 3561 1029 ὡς
3608 967 3748 1036 πρὸς

2183 1063 2348 1117 αὐτὸν
2377 1060 2499 1115 κατ’
2516 1059 2700 1114 αἰτίαν
2731 1058 3157 1130 ἀναφερόμενον.
3204 1059 3369 1110 Δοκεί
3415 1059 3523 1127 γάρ
3574 1075 3629 1110 τι
3665 1059 3755 1111 λέ-

2183 1169 2304 1221 γειν
2329 1151 2503 1219 λέγων
2523 1149 2701 1203 οὐδέν.
2742 1147 2817 1202 Τὸ
2855 1147 2964 1218 γὰρ
3019 1147 3111 1201 τδν
3167 1147 3295 1201 Υἰὸν
3329 1150 3389 1200 ὲν
3447 1147 3627 1216 ἑαυτῷ
3656 1147 3753 1200 τὸν

2186 1245 2411 1313 Πατέρα
2450 1242 2723 1297 δεικνύναι
2754 1241 2849 1296 καί⁵
2896 1236 3207 1304 εἰκονίζείν,
3239 1238 3385 1292 τοῦτ’
3431 1238 3583 1291 ἐστὶν
3619 1239 3754 1292 αὐτὸ

2186 1336 2246 1387 τὸ
2277 1334 2461 1389 εἰκόνα
2488 1332 2581 1388 τοῦ
2622 1333 2832 1403 Πατρδς
2874 1332 3034 1386 αὑτὸν
3078 1327 3256 1386 εἶναι·
3292 1331 3432 1384 ὥστε
3476 1330 3627 1399 λέγει
3658 1331 3753 1385 τὸν

2188 1425 2314 1479 Υἰὸν
2336 1425 2518 1478 εἰκόνα
2556 1422 2652 1477 τοῦ
2693 1422 2904 1493 Πατρός
2964 1418 3104 1476 εἶναι
3144 1423 3234 1476 διὰ
3274 1423 3334 1475 τδ
3399 1419 3538 1475 εἶναι
3580 1423 3752 1475 αὑτὸν

2189 1514 2398 1581 εἰκόνα,
2431 1515 2509 1579 ὡς
2551 1517 2603 1570 εἰ
2630 1532 2715 1576 τις
2748 1514 2920 1582 λέγοι,
2948 1513 3040 1569 τὸν
3090 1513 3385 1584 ἄνθρωπον
3417 1511 3631 1579 λογικὸν
3671 1508 3755 1563 εἰ·

2189 1623 2278 1661 ναι
2308 1607 2396 1660 διὰ
2443 1607 2506 1658 τὸ
2533 1605 2757 1674 λογικὸν
2791 1602 2932 1658 εἰναι
2967 1603 3131 1657 αὐτόν
3152 1621 3166 1637 ·
3189 1606 3285 1658 καὶ
3316 1603 3380 1655 τὸ
3428 1604 3628 1672 χεῖρον,
3661 1602 3753 1654 ὅτι

2191 1698 2288 1752 καί
2311 1698 2399 1752 διὰ
2421 1697 2582 1751 τοῦτο
2628 1696 2828 1767 μᾶλλον
2874 1695 3038 1749 αὐτὸν
3082 1695 3223 1749 οὕτω
3274 1694 3526 1762 λέγεσθαι
3582 1694 3753 1759 ἀξιοῖ,

2191 1790 2224 1861 ἢ
2260 1790 2349 1843 διὰ
2375 1789 2438 1843 τὸ
2470 1789 2606 1860 πρὸς
2644 1790 2736 1843 τὸν
2770 1788 2989 1857 Πατέρα
3018 1785 3095 1852 ὡς
3138 1785 3311 1840 αἴτιον
3349 1786 3748 1855 ἀναφέρεσθαι·

2187 1880 2349 1935 όπότε
2394 1882 2491 1934 καὶ
2519 1880 2663 1933 δυοῖν
2718 1879 2888 1933 όντων
2936 1879 3015 1941 ὡς
3060 1876 3299 1946 ἀληθῶς,
3354 1876 3498 1946 ἅπερ
3532 1876 3610 1939 ὡς
3658 1876 3756 1929 δίο

2189 1971 2478 2041 λαμϐάνει,
2508 1970 2677 2045 εἰκὼν
2708 1971 2808 2040 μὲν
2837 1968 2903 2024 ἂν
2935 1966 3003 2041 ἦν
3032 1970 3067 2035 e,
3092 1969 3218 2032 Υἱὸς
3254 1969 3344 2021 διὰ
3375 1967 3436 2020 τὸ
3464 1965 3758 2030 εἰκονέζειν

2189 2066 2247 2118 ἐν
2276 2063 2455 2133 ἑαυτῷ
2479 2063 2571 2116 τὸν
2601 2063 2839 2134 Πατέρα,
2871 2061 3105 2127 εἰκόνιζε
3152 2062 3195 2115 δ’
3226 2061 3315 2128 ἂν,
3364 2061 3454 2114 διὰ
3506 2062 3567 2112 τὸ
3612 2061 3755 2131 πρὸς

2191 2153 2355 2220 αὐτὸν
2409 2153 2486 2217 ὡς
2531 2155 2706 2207 αἰτιον
2736 2153 3106 2224 ἀναφέρεσθαι
3153 2154 3245 2207 καὶ
3298 2153 3455 2222 φύσει
3492 2154 3753 2222 Πατέρα,⁹

2190 2244 2331 2298 ὥστε
2368 2245 2569 2315 μᾶλλον
2598 2242 2664 2298 ἂν
2713 2241 2779 2316 ἢν
2836 2243 3001 2298 εἰκὼν
3051 2244 3140 2297 διὰ
3192 2244 3253 2297 τὸ
3299 2245 3363 2297 ἐκ
3412 2243 3506 2296 τοῦ
3535 2245 3757 2316 Πατρδς

2192 2334 2513 2409 εἷναιῆδιὰ
2574 2339 2636 2393 τὸ
2691 2338 2962 2408 φανεροῦν
3023 2340 3116 2393 τδν
3174 2339 3408 2410 Πατέρα.
3469 2340 3665 2402 Καλῶς
3695 2340 3760 2392 δὶ

2191 2435 2338 2486 ποιεῖ
2366 2433 2505 2500 μετὰ
2555 2433 2731 2485 ταῦτα
2785 2432 2872 2486 διὰ
2936 2433 3156 2486 πάντων
3210 2433 3311 2495 τὰς
3364 2433 3528 2495 αὐτὰς
3569 2432 3761 2493 αἰτίας

2191 2525 2405 2588 δεικνὺς
2432 2524 2528 2578 τοῦ
2577 2526 2640 2579 τὺ
2669 2525 2894 2594 Πνεῦμα
2936 2527 3121 2580 εἰκόνα
3156 2526 3251 2580 τοῦ
3311 2527 3442 2581 Υἰοῦ
3493 2527 3762 2593 λέγεσθαι

2192 2617 2286 2671 καὶ
2337 2618 2430 2671 τὸν
2487 2618 2614 2671 Υἰδν
2638 2619 2733 2672 τοῦ
2793 2619 3005 2690 Πατρός
3033 2636 3049 2652 '
3082 2620 3239 2685 διότι,
3283 2620 3440 2689 φησὶ,
3475 2619 3762 2687 λαμϐάνει

2194 2709 2346 2777 παρὰ
2371 2708 2465 2761 τοῦ
2497 2708 2654 2773 Υἱοῦ,
2681 2711 2773 2762 καὶ
2800 2709 2935 2762 διότι
2962 2708 3178 2774 δοξάσει
3209 2710 3301 2763 τὸν
3348 2710 3475 2762 Υἱὸν
3519 2712 3616 2762 καὶ
3666 2725 3765 2760 τε-

2192 2797 2328 2850 λειοῐ
2352 2797 2410 2850 τδ
2431 2797 2526 2851 τοῦ
2556 2797 2684 2851 Υἰοῦ
2714 2798 2897 2869 ἔργον,
2957 2797 3148 2867 ὥσπερ
3200 2797 3266 2868 δὴ
3315 2797 3413 2852 καὶ
3468 2798 3600 2866 περὶ
3657 2796 3765 2849 τοῦ

2192 2887 2323 2942 Υἱοῦ
2353 2888 2526 2942 ταῦτα
2546 2891 2611 2958 τῇ
2640 2889 2776 2959 πρὸς
2806 2889 2897 2942 τὸν
2925 2889 3146 2957 Πατέρα
3173 2885 3471 2956 ἀποϐλέψει
3510 2886 3764 2954 λέγεται.

2207 2978 2516 3050 Ἐξηγεῖται
2548 2980 2658 3051 γὰρ
2684 2982 2742 3033 re
2764 2981 2869 3051 τῆς
2915 2983 3124 3042 εἰκόνος
3177 2979 3349 3048 ϐνομα
3404 2979 3499 3032 καὶ⁵
3548 2977 3767 3041 καλῶς,

2196 3072 2314 3135 πῶς
2342 3073 2435 3125 ἐπὶ
2460 3074 2571 3126 τῶν
2611 3072 2771 3125 θείων
2802 3073 3107 3143 προσώπων
3141 3072 3502 3141 λαμϐάνεται,
3529 3071 3647 3124 ἀλλ’
3694 3072 3767 3123 οὐ

2193 3158 2291 3230 τὴν
2316 3159 2414 3229 τῆς
2445 3161 2624 3224 αἰτίας
2647 3161 2928 3231 ἀναφορὰν
2959 3161 3048 3215 δια
3079 3162 3284 3214 τούτων
3317 3160 3564 3214 ἐκϐάλλει
3586 3176 3602 3189 ·
3638 3163 3773 3211 εἰσ-

2194 3248 2315 3315 άγει
2343 3247 2423 3318 (1)
2479 3249 2580 3318 μὲν
2628 3246 2722 3301 οῦν
2762 3249 2980 3318 πρῶτον
3025 3248 3148 3318 μὲν,
3181 3249 3264 3301 ὅτι
3318 3249 3367 3301 εἰ
3420 3251 3529 3310 τοῖς
3561 3248 3772 3311 αὐτοῖς

2192 3339 2417 3408 τρόποις
2472 3339 2565 3391 ἐπὶ
2601 3338 2732 3392 Υἰοῦ
2775 3339 2871 3392 καὶ
2918 3338 3238 3408 Πνεύματος
3287 3338 3349 3389 τὸ
3403 3337 3504 3406 τῆς
3545 3339 3771 3400 εἰκόνος

2193 3427 2363 3498 ὄνομα
2390 3428 2630 3496 λέγεται,
2664 3430 2928 3501 πρόσεστι
2954 3429 3013 3483 δὲ
3037 3429 3114 3499 τῷ
3146 3428 3260 3499 ne
3292 3429 3369 3491 ὡς
3398 3431 3460 3481 ὲκ
3492 3427 3589 3481 τοῦ
3644 3428 3776 3480 Πα-

2191 3522 2320 3590 τρὸς
2354 3521 2619 3590 προῖόντι,
2655 3523 2750 3574 καὶ
2805 3520 2883 3590 τῷ
2917 3522 3193 3592 Πνεύματι
3221 3522 3298 3584 ὡς
3354 3522 3420 3573 ὲκ
3465 3519 3561 3573 τοῦ
3618 3520 3774 3574 Υἰοῦ

2194 3611 2439 3682 προῖόντι
2468 3614 2799 3680 προσέσται·
2858 3612 3032 3665 ἔπειθ’
3084 3614 3166 3665 ὅτι
3211 3612 3306 3664 τοῦ
3349 3614 3441 3666 τὸν
3489 3613 3592 3683 μὲν
3626 3612 3773 3666 Tum

2193 3705 2377 3757 εἰκόνα
2404 3705 2498 3758 τοῦ
2531 3705 2743 3775 Πατρδς
2773 3702 2913 3761 εἶναι
2951 3708 3046 3761 καὶ
3086 3708 3187 3761 οὐκ
3210 3709 3617 3778 ἀντιστρέφειν,
3647 3709 3772 3762 ὠσ-

2193 3794 2377 3857 αύτως
2406 3795 2464 3848 δὲ
2495 3798 2591 3849 καὶ
2615 3797 2677 3849 τὸ
2702 3796 2933 3866 Πνεῦμα
2963 3797 3057 3850 τοῦ
3092 3797 3224 3851 Υἰοῦ
3247 3802 3539 3869 τυγχάνειν
3569 3800 3773 3853 εἰκόνα

2193 3887 2287 3940 καί
2320 3887 2396 3956 μὴ
2422 3886 2824 3958 ἀντιστρέφειν,
2851 3889 2904 3942 τί
2935 3888 2987 3957 γ’
3020 3890 3088 3944 ἂν
3123 3891 3296 3943 αἰτιον
3355 3892 3463 3961 εἴη,
3498 3893 3547 3943 εἰ
3587 3891 3670 3963 μὴ
3702 3894 3776 3947 τὸ

2192 3979 2262 4031 τὰ
2287 3978 2388 4046 τῆς
2412 3979 2740 4049 ὑπερουσίου
2764 3980 3052 4048 θεογονίας
3076 3983 3219 4035 κατὰ
3264 3983 3356 4035 τὸν
3394 3983 3540 4051 ἰερδν
3571 3984 3780 4037 Διονύ-

2195 4092 2309 4127 σιον
2332 4076 2431 4128 οὐκ
2455 4074 2832 4145 ἀντιστρέφειν
2868 4075 3003 4144 πρὸς
3042 4074 3277 4144 ἄλληλας
3320 4076 3394 4126 Οὐ
3422 4076 3530 4145 γὰρ
3581 4075 3656 4128 τά
3704 4094 3779 4131 τι

2190 4164 2617 4235 οἰκονομηθέντα
2648 4164 2910 4234 περὶτῶν
2936 4165 3097 4218 Θείων
3133 4168 3229 4218 καὶ
3252 4168 3405 4237 παρὰ
3437 4167 3545 4219 τῶν
3593 4166 3781 4221 θείων

2192 4258 2525 4326 προσώπων,
2552 4258 2622 4311 τά
2651 4273 2713 4309 τε
2749 4257 2879 4325 περὶ
2912 4256 3094 4309 αὐτῶν
3123 4256 3394 4325 λεγόμενα
3448 4258 3632 4327 μάτην
3666 4261 3782 4327 γέ-

2191 4348 2317 4414 γονέ
2345 4363 2405 4399 τε
2426 4348 2520 4400 καὶ
2547 4346 2785 4415 λέγεται.

2613 4480 2875 4535 [sessor
2913 4482 3071 4557 Κεφ.
3113 4483 3190 4537 lE'
3232 4482 3331 4555 (ε).

2263 4616 2486 4687 Πνεῦμά
2521 4633 2685 4685 φησιν
2709 4618 2736 4668 ό
2762 4617 3008 4680 Nasoab;
3042 4617 3291 4686 θεολόγος
3318 4619 3378 4672 τὸ
3412 4620 3510 4690 τῆς
3547 4621 3787 4695 Πατρι-

2192 4710 2295 4779 κῆς
2339 4710 2771 4784 ἐκπορευόμενον
2826 4710 3197 4775 ὑποστάσεως.
3259 4714 3376 4767 Τίνι
3429 4715 3597 4782 δῆλον
3664 4723 3787 4775 οὐκ

2192 4796 2339 4850 ἔστιν
2383 4798 2653 4865 ἐντεῦθεν,
2682 4799 2765 4852 ὅτι
2815 4799 2878 4853 τὸ
2909 4801 3233 4870 προϐάλλειν
3274 4806 3333 4856 τὸ
3383 4805 3612 4875 Πνεῦμα
3667 4811 3785 4864 τοῦ

2192 4887 2404 4957 Πατρός
2435 4889 2581 4942 ἔστιν
2611 4891 2992 4957 ὑποστατικὸν,
3018 4892 3193 4947 εἰτουν
3225 4897 3579 4965 προσωπικδν
3611 4899 3751 4955 ἰδίω

2195 4997 2302 5050 pa;
2351 4980 2601 5053 καθάπερ
2637 4983 2747 5054 γὰρ
2800 4982 2899 5052 τὴν
2949 4984 3044 5037 τοῦ
3078 4985 3419 5052 Μονογενοῦς
3455 4987 3797 5043 ὑπόστασιν

2194 5070 2546 5141 σαρκωθῆναι
2576 5072 2823 5140 λέγοντες
2854 5072 3221 5143 ἀκοινώνητον
3270 5075 3427 5129 τοῦτο
3455 5076 3536 5145 τῷ
3580 5078 3797 5151 Harp!

2193 5163 2289 5217 mi.
2316 5161 2394 5233 τῷ
2426 5162 2706 5233 Πνεύματι
2732 5163 3041 5235 δείκνυμεν,
3069 5164 3213 5219 οὕτω
3252 5168 3345 5219 καὶ
3366 5167 3465 5237 τὴν
3498 5166 3597 5220 τοῦ
3639 5171 3737 5224 lla
3764 5204 3805 5215 ι

2190 5254 2315 5322 spe;
2347 5254 2649 5309 ὑπόστασιν
2679 5256 2739 5308 τὸ
2770 5254 2997 5326 Πνεῦμα
3018 5256 3348 5325 προϐάλλειν
3376 5258 3676 5327 εἰρηκότες
3715 5266 3810 5317 τὸ

2193 5351 2349 5412 ἅγιον
2376 5344 2555 5399 οὐκέτ’
2589 5346 2656 5400 ἂν
2687 5348 2912 5410 εἰκότως
2938 5348 3033 5400 καὶ
3059 5347 3139 5415 τῷ
3170 5349 3282 5419 Υἰῷ
3310 5350 3469 5402 τοῦτο
3503 5350 3811 5419 δοίημεν,

2201 5437 2272 5490 Ἦ
2311 5439 2489 5491 τοίνυν
2516 5440 2741 5493 Λατῖνοι
2781 5439 3116 5504 δειξάτωσαν
3162 5457 3287 5495 τινα
3333 5440 3444 5494 τῶν
3487 5439 3825 5513 θεολόγων

2193 5624 2244 5748 ἕρ
2268 5622 2447 5746 εαρῦἓ
2472 5621 2634 5693 hujus
2653 5620 2856 5677 codicis
2878 5621 3064 5690 (supra
3090 5637 3140 5677 c.
3164 5621 3240 5691 8),
3260 5623 3353 5677 sed
3372 5631 3831 5692 argumentum;

2233 5709 2368 5748 IVCI'S
2412 5708 2484 5746 ll].

2233 5708 2484 5748 lVCl‘Slllll.
