3900 6216
294 334 402 401 125

1326 324 1769 387 liEFUTA'l‘lO
1811 324 2046 383 MARE!
2086 325 2233 384 ΕΡΗ
2250 326 2477 388 ESiN’l.

3426 328 3535 394 ιεο

294 451 394 506 καὶ
421 450 485 502 ἐκ
512 447 611 516 τῆς
641 443 738 499 τοῦ
772 442 901 498 Υίοῦ
944 441 1300 504 ὑποστάσεως
1348 442 1509 496 τοῦτο
1549 443 1800 510 λέγοντα,
1825 441 1859 510 ἢ

1973 452 2055 497 aut
2084 443 2280 511 exinde
2308 445 2456 499 clare
2482 444 2788 513 apparebit,
2816 458 2883 498 ex
2919 443 3040 499 solo
3074 441 3232 499 Patre
3264 443 3529 516 Spiritum

289 539 547 611 καθαρῶς
596 536 850 591 ἐντεῦθεν
895 536 961 588 ἐκ
996 535 1161 605 μόνου
1186 533 1280 587 τού
1316 534 1533 605 Πατρὸς
1556 531 1858 604 ἐκπορεύε-

291 636 421 689 σθαι
448 633 509 687 τὸ
532 630 761 700 Πνεῦμα
787 629 849 681 τὸ
872 628 1031 698 ἅγιον
1057 628 1436 695 ἀναφαίνεται.

822 721 865 773 Ο
928 717 1329 773 ΣΧΟΛΑΡΙΟΣ.

368 814 433 869 Οί
460 815 680 868 Λατῖνοι
734 812 828 866 καὶ
881 810 1020 881 πρὸς
1047 809 1241 863 τοῦτον
1268 810 1363 864 τὸν
1418 809 1579 874 λόγον
1624 809 1862 878 ἀποκριο

291 906 529 968 verum,
558 907 659 957 ὅσα
685 903 749 972 δὴ
773 904 866 955 καὶ
886 901 1025 969 πρὸς
1057 900 1148 953 τὸν
1170 906 1221 970 η’
1238 900 1334 954 καὶ
1359 899 1452 953 τδν
1477 906 1529 966 ι’,
1548 900 1643 953 καὶ
1664 886 1860 970 ἠ”πρ³ις

291 1000 538 1057 ἐκείνους
560 996 716 1058 λύσις
742 995 841 1046 καὶ
887 994 1026 1064 πρὸς
1052 993 1241 1046 τοῦτον
1279 993 1528 1065 ἀρκέσει.
1567 992 1706 1047 Οὔτε
1750 994 1862 1063 γάρ

288 1089 523 1153 ἐκείνοις
571 1088 784 1157 προσῆν
812 1104 866 1140 τι
912 1086 1275 1156 πιθανότητος
1328 1085 1481 1155 γοῦν,
1537 1086 1612 1155 μή
1665 1087 1746 1139 ὅτι
1795 1101 1857 1152 γε

218 1184 241 1205 ⁵
285 1181 561 1249 ἀνάγκης,
594 1177 720 1231 οὑτε
747 1170 902 1239 οὗτος
936 1176 1050 1246 ἔχει
1077 1178 1242 1229 πλέον
1265 1194 1320 1229 τι
1342 1176 1451 1229 τῶν
1477 1177 1594 1230 ἐκεῖ
1618 1192 1861 1248 γεγραμ-

289 1273 470 1338 μένων
492 1286 508 1300 ⁸
548 1268 710 1338 μόνον
761 1268 843 1320 ὅτι
874 1268 1128 1337 καθάπερ
1181 1266 1486 1337 μετάμελον
1516 1267 1600 1336 ἐφ’
1628 1263 1708 1330 οἷς
1738 1268 1859 1320 τότε

284 1358 721 1428 ὲκαινοτόμησεν
759 1356 1000 1425 εἰληφὼς
1034 1357 1129 1411 νῦν
1158 1373 1293 1426 φησι
1323 1355 1384 1409 τὺ
1405 1357 1762 1427 σαρκωθῆναι
1790 1358 1857 1428 τῇ

282 1452 385 1505 τοῦ
418 1453 552 1504 Υίοῦ
584 1452 886 1507 ὑποστάσει
931 1451 1063 1504 ίδιόν
1092 1467 1145 1503 τι
1180 1446 1320 1504 εἶναι
1353 1450 1448 1503 καὶ
1492 1447 1858 1520 ἀκοινώνητον

281 1545 435 1612 πρδς
472 1543 564 1596 τὸν
596 1543 810 1613 Πατέρα
836 1560 893 1596 τε
928 1542 1021 1596 καὶ
1054 1540 1119 1593 τδ
1165 1540 1418 1609 Πνεῦμα.
1453 1539 1650 1594 Καίτοι
1677 1556 1861 1610 χρονι-

283 1633 389 1686 κόν
413 1635 533 1684 ἐστι
559 1633 618 1684 τὸ
647 1632 1021 1700 σαρκωοῆναι,
1040 1631 1157 1682 ἐκεῖ
1180 1628 1237 1681 δὲ
1258 1628 1410 1680 οὐδὲν
1430 1628 1682 1697 χρονικδν
1703 1628 1857 1696 ἔλεγε

281 1720 552 1774 δύνασθαι
581 1717 719 1774 εἶναι
750 1721 882 1774 ἴδιον
908 1720 1206 1789 προσώπου
1235 1717 1402 1783 τινὸς,
1432 1718 1522 1771 ὅτε
1574 1720 1668 1773 καὶ
1692 1720 1857 1789 ἡμεῖς

1967 544 2213 589 sanctum
2252 535 2572 604 procedere.

2526 707 2976 765 SCIIOLARIUS.

2038 796 2220 853 Latini
2248 800 2414 853 etiam
2449 800 2514 854 ad
2549 801 2651 854 hoc
2683 812 3063 869 argumentum
3094 800 3527 869 respondebunt,

1965 904 2305 959 quaecunque
2328 890 2439 960 jam
2478 890 2544 944 ad
2589 902 2841 945 octavum
2886 900 2940 945 et
2976 891 3248 947 decimum
3302 907 3531 960 respon-

1965 980 2183 1044 derunt,
2215 993 2273 1035 et
2323 981 2448 1034 data
2495 980 2564 1034 ad
2610 980 2700 1035 illa
2740 982 2944 1035 solutio
2978 990 3033 1035 et
3064 982 3239 1051 quoad
3274 982 3378 1036 hoc
3421 984 3532 1036 erit

1966 1071 2263 1126 sulliciens.
2302 1071 2492 1142 Neque
2525 1073 2669 1153 enim
2705 1074 2814 1128 illis
2848 1074 3039 1128 aderat
3083 1075 3212 1144 quid
3242 1084 3427 1143 aptum
3461 1074 3529 1128 ad

1965 1161 2429 1231 persuadendum,
2483 1164 2654 1217 multo
2711 1165 2893 1219 minus
2940 1164 3006 1219 ad
3042 1164 3344 1233 cogendum
3374 1173 3432 1219 et
3461 1164 3530 1219 ad

1965 1267 2245 1309 assensum
2271 1254 2704 1324 extorquendum
2724 1295 2740 1321 ,
2775 1270 2955 1325 neque
3001 1255 3106 1309 hoc
3135 1255 3339 1324 aliquid
3368 1256 3532 1309 habet

1964 1347 2224 1415 amplius,
2269 1362 2432 1416 quam
2474 1362 2596 1417 quin
2630 1347 2708 1401 ibi
2754 1347 2954 1417 scripta
2997 1358 3164 1412 sunt;
3206 1348 3379 1402 solum
3427 1347 3532 1402 ltoc

1965 1436 2155 1501 habet,
2183 1438 2328 1507 quod
2385 1437 2539 1507 quasi
2587 1437 2909 1506 pmnitentia
2936 1437 3135 1492 ductus
3188 1437 3259 1493 ob
3290 1452 3375 1499 ea,
3410 1453 3532 1507 qua:

1967 1537 2097 1583 tunc
2124 1528 2436 1582 innovando
2463 1526 2827 1593 conﬂuxerat,
2861 1544 3007 1583 nunc
3046 1529 3127 1583 ait
3183 1529 3528 1582 incarnatum

1964 1635 2085 1676 esse
2110 1619 2230 1675 Filii
2252 1621 2532 1690 hypostasi
2552 1621 2830 1690 proprium
2858 1632 3020 1690 atque
3041 1620 3187 1675 Patri
3212 1635 3274 1675 ac
3299 1619 3528 1689 Spiritui

1965 1711 2484 1765 incommunicabile
2534 1725 2677 1767 esse.
2725 1711 3044 1781 Quanquam
3095 1713 3395 1782 temporale
3446 1721 3532 1767 est

281 1812 597 1882 ἐνέστημεν
623 1812 731 1864 άπὸ
758 1811 863 1880 τῆς
894 1810 1251 1879 σαρκώσεως,
1278 1809 1468 1881 ὥσπερ
1498 1810 1860 1880 προαισθανόο

1973 1813 2303 1857 ιηεοτιιοιιιιη
2355 1818 2498 1869 esse,
2547 1802 2622 1857 ibi
2668 1817 2801 1857 vero
2857 1804 2994 1858 nihil
3052 1803 3351 1872 temporale
3405 1819 3531 1872 pro-

283 1919 459 1972 μενον
513 1903 605 1955 τὸν
654 1902 825 1972 ἄνδρα
886 1902 1103 1971 μέλλειν
1173 1903 1484 1970 ἀντιλέγειν
1543 1900 1643 1955 καὶ
1699 1900 1860 1955 αὑτὸν

283 1994 496 2061 ἐαυτῷ,
532 1995 561 2047 ὃ
589 1995 653 2065 δὴ
682 1997 772 2047 καὶ
820 1995 952 2065 περὶ
989 1996 1208 2048 πάντων
1232 1990 1391 2063 οἶμαι
1418 1995 1668 2064 ποιήσειν
1696 1993 1861 2048 αὑτὸν

281 2084 387 2136 καὶ
416 2079 499 2146 οἷς
523 2084 619 2136 νῦν
662 2082 809 2151 λέγει
858 2084 1024 2137 πάλιν
1054 2083 1303 2154 ἀντερεῖν
1339 2083 1627 2150 γενναίως,
1656 2083 1860 2135 όπόταν

285 2169 650 2236 ἀφιλονείκως
688 2171 781 2222 καὶ
819 2171 940 2240 μετ’
980 2170 1298 2232 εὐπειθείας
1347 2170 1625 2240 ἐπιστήσῃ
1648 2170 1861 2233 τούτοις

283 2261 383 2312 τὸν
417 2260 700 2329 λογισμόν.
739 2260 855 2314 Νῦν
888 2262 996 2331 γὰρ
1037 2262 1144 2313 ὑπὸ
1202 2260 1538 2329 φιλονεικίας
1577 2260 1678 2315 καὶ
1705 2260 1862 2331 δόξης

288 2351 462 2421 κενῆς
510 2353 629 2413 δέος
681 2354 846 2421 μήτι
894 2352 990 2405 καὶ
1037 2352 1223 2421 χεῖρον
1258 2350 1466 2405 τούτων
1515 2354 1859 2421 τολμήσειεν.

287 2443 457 2509 Ζήτει
508 2442 565 2495 δὲ
614 2444 708 2494 καὶ
738 2444 1008 2505 Λατίνους
1060 2443 1159 2496 ἐνα
1185 2443 1311 2496 τινὰ
1338 2443 1469 2495 ’τῶν
1502 2443 1674 2508 ἁγίων
1710 2442 1863 2509 αύτῷ

286 2534 466 2599 δεῖξαι
513 2535 743 2601 λέγοντα
804 2536 869 2587 ἐκ
922 2535 1024 2603 τῆς
1069 2533 1165 2587 τοῦ
1218 2531 1349 2585 Υίοῦ
1400 2531 1751 2596 ὑποστάσεως
1804 2531 1864 2584 τὸ

288 2626 527 2696 Πνεῦμα
560 2626 621 2679 τὸ
677 2628 835 2694 ἆγιον
887 2625 1312 2696 ἐκπορεύεσθαι.
1345 2625 1407 2677 Οί
1432 2624 1489 2677 δὲ
1520 2622 1865 2676 δεικνύουσιν

287 2719 449 2788 αὑτῷ
477 2718 699 2780 πλείους
736 2717 769 2781 ἢ
821 2718 957 2772 δέκα
991 2719 1250 2786 λέγοντας
1285 2719 1349 2770 ἐκ
1387 2716 1484 2769 τοῦ
1523 2714 1652 2769 Υίοῦ
1699 2716 1867 2768 ἐκπο-

291 2810 585 2880 ρεύεσθαι,
620 2810 716 2864 καὶ
739 2809 891 2863 οὑπω
917 2811 1298 2879 συντιθέμενον
1328 2808 1505 2878 ἔσχον,
1538 2806 1652 2861 ἀλλ’
1684 2808 1867 2876 ἀρνεί-

288 2921 391 2956 ται
432 2903 745 2970 περιφανῶς
789 2903 852 2955 τὸ
878 2901 1177 2973 διαρρήδην
1221 2901 1326 2955 ὑπὸ
1358 2902 1466 2954 τῶν
1499 2901 1599 2969 τῆς
1643 2900 1868 2969 Ἐκκληο

292 2994 426 3055 σίας
477 2991 815 3045 διδασκάλων
856 2990 1153 3060 λεγόμενον
1179 3006 1194 3021 ο
1250 2989 1402 3053 ἴσως,
1438 2989 1521 3043 ὅτι
1557 2990 1632 3058 μὴ
1665 2989 1866 3051 πάντες

291 3083 465 3137 τοίτό
485 3100 668 3151 φασιν.
705 3084 856 3136 Ἕδει
885 3084 942 3136 δὲ
985 3082 1121 3151 μηδὲ
1160 3081 1251 3135 τοῦ
1287 3080 1510 3149 Νύσσης
1555 3078 1672 3131 λίαν
1706 3079 1868 3131 αὑτὸν

295 3175 692 3249 περιέχεσθαιο
723 3175 885 3245 μόνος
918 3175 1025 3244 γάρ
1059 3173 1217 3237 οὗτος
1272 3175 1335 3226 ἐκ
1384 3173 1487 3243 τῆς
1527 3171 1621 3225 τοῦ
1653 3171 1868 3241 Πατρός

296 3270 656 3330 ὑποστάσεως
686 3265 1090 3337 ἐκπορεύεσθαι
1119 3265 1177 3328 τὸ
1206 3263 1434 3334 Πνεῦμά
1458 3280 1616 3334 φησι,
1651 3264 1744 3317 καὶ
1774 3262 1869 3315 οὑ-

290 3361 421 3422 δεὶς
466 3358 694 3429 ἒτεροςο
739 3357 921 3411 καίτοι
970 3357 1170 3418 πάντες
1209 3357 1274 3409 ἐκ
1312 3355 1406 3408 τοῦ
1454 3354 1669 3425 Πατρὸς
1710 3355 1872 3407 ἐκπο-

307 3450 571 3521 ρεύεσθαι
601 3449 844 3517 λέγουσι,
876 3448 972 3501 καὶ
999 3448 1107 3517 πρὸ
1131 3448 1351 3501 πάντων
1372 3446 1510 3515 αὑτὴ
1543 3447 1576 3516 ἡ
1615 3444 1865 3516 ἀλήθεια.

314 3542 655 3614 Ἀμαρτάνει
680 3540 807 3610 γοῦν
833 3541 929 3593 καὶ
962 3538 1095 3608 περὶ
1120 3538 1310 3593 τούτου
1351 3537 1427 3608 τῷ
1460 3538 1678 3609 Νύσσῃς
1729 3537 1872 3607 μόνῳ

304 3629 649 3699 πειθόμενος,
689 3629 741 3681 εἴ
775 3644 839 3697 γε
874 3626 1088 3690 πολλοῖς
1125 3628 1190 3681 ἐκ
1218 3626 1310 3679 τοῦ
1344 3627 1473 3679 Υίοῦ
1506 3625 1754 3694 λέγουσιν
1779 3627 1872 3678 ἐκ·

305 3719 648 3789 πορεύεσθαι
678 3719 769 3773 διά
795 3718 859 3772 τὸ
888 3718 965 3789 μὴ
996 3718 1093 3772 καὶ
1122 3718 1334 3782 πάντας
1355 3717 1501 3771 τοῦτ’
1532 3718 1661 3771 αὑτὸ
1691 3716 1872 3785 λέγειν

304 3812 373 3864 ού
395 3810 656 3880 βούλεται
702 3809 1012 3864 πείθεσθαι.
1045 3810 1230 3862 Δεινδν
1258 3808 1315 3862 δὲ
1363 3810 1445 3863 ὅτι
1475 3810 1570 3862 καὶ
1602 3810 1751 3878 παρὰ
1780 3808 1871 3862 τὸν

302 3904 533 3975 Νύσσης
571 3901 937 3955 ἐκινδύνευσεν
960 3901 1046 3968 ἂν,
1082 3901 1217 3971 μηδὲ
1249 3901 1523 3954 πιστεύειν
1552 3901 1613 3955 ἐκ
1639 3903 1737 3971 τῆς
1765 3917 1872 3953 πα-

301 3994 511 4065 τρικῆς
555 3993 901 4056 ὑποστάσεως
945 3990 1347 4061 ἐκπορεύεσθαι
1401 3993 1459 4044 τὸ
1521 3993 1747 4060 Πνεῦμα
1812 3991 1874 4043 τδ

300 4088 491 4156 ἅγιον.
521 4087 585 4140 Et
614 4087 720 4156 γάρ
750 4087 912 4153 μόνος
940 4084 1037 4153 μὲν
1062 4086 1267 4146 ἐκεῖνος
1293 4081 1452 4135 τοῦτό
1490 4097 1680 4152 φησιν,
1717 4081 1873 4152 ἔτυχε

297 4181 366 4234 δὲ
406 4179 535 4250 μηδ’
565 4179 726 4240 αὑτός
759 4168 915 4238 οὗτος
958 4175 1153 4240 είπὼν,
1182 4175 1390 4243 ἡρνείτ⁹
1427 4174 1494 4229 ἂν
1543 4175 1572 4227 ό
1609 4172 1749 4244 ἀνὴρ
1788 4189 1873 4225 το-

306 4269 524 4339 σαύτην
565 4267 847 4338 άλήθειαν.
894 4265 1033 4318 Ἀλλ’
1069 4266 1120 4318 oi
1156 4264 1280 4318 νοῦν
1314 4264 1527 4334 ἔχοντες
1577 4263 1735 4317 τοῦτο
1772 4265 1875 4317 οὑκ

307 4365 379 4416 ἂν
408 4361 634 4426 ἔπαθον,
688 4359 826 4412 ἀλλὰ
872 4357 968 4410 καὶ
999 4356 1091 4409 τού
1138 4356 1360 4425 Νύσσης
1424 4354 1503 4423 μὴ
1533 4353 1784 4422 λέγοντος
1811 4356 1874 4407 ἐκ

1959 1901 2139 1970 prium
2173 1915 2293 1955 esse
2328 1914 2486 1969 posse
2515 1900 2748 1969 alicujus
2781 1898 2981 1953 divina:
3014 1914 3259 1967 personae
3294 1898 3533 1951 allirma-

1961 2000 2114 2045 verat
2143 2009 2157 2056 ;
2189 1991 2410 2062 quando
2442 2000 2498 2045 et
2551 2006 2652 2046 nos
2691 1992 3002 2047 instantiam
3053 1990 3121 2045 ab
3155 1990 3532 2044 incarnatione

1960 2081 2277 2153 petivimus,
2310 2082 2464 2151 quasi
2504 2083 2939 2151 praesentientes.
2987 2082 3168 2136 virum
3208 2082 3371 2136 istum
3403 2096 3533 2136 con-

1963 2173 2325 2228 tradicturum
2354 2189 2475 2228 esse
2502 2183 2556 2228 et
2608 2172 2712 2227 sibi
2745 2173 2870 2242 ipsi,
2899 2173 3042 2243 quod
3087 2188 3214 2228 eum
3242 2173 3309 2228 de
3348 2175 3532 2229 omni-

1960 2263 2067 2317 bus
2095 2263 2363 2318 l'acturum
2388 2273 2519 2333 puto
2550 2276 2604 2319 et
2632 2279 2754 2333 qua:
2791 2279 2939 2319 nunc
2976 2264 3134 2326 dicit.
3179 2265 3265 2331 bis
3307 2280 3528 2319 rursum

1964 2357 2197 2422 ingenue
2251 2356 2613 2421 obstiturum,
2664 2355 2883 2424 quando
2930 2356 3047 2410 sine
3079 2357 3429 2411 contentione
3476 2367 3534 2411 et

1962 2459 2088 2501 cum
2136 2454 2385 2515 prompta
2422 2459 2550 2513 erga
2599 2445 2881 2499 veritatem
2921 2444 3234 2500 obedientia
3270 2447 3354 2502 his
3385 2448 3533 2517 cogi-

1965 2537 2225 2590 tationem
2282 2534 2551 2589 intendat.
2597 2535 2751 2590 Nunc
2799 2535 2945 2591 enim
3000 2536 3338 2603 timendum,
3379 2553 3448 2592 ne
3499 2555 3533 2596 α

1964 2623 2332 2678 contentionis
2364 2631 2420 2677 et
2442 2638 2593 2677 vana).
2635 2625 2822 2693 gloriae
2872 2624 3053 2679 studio
3084 2626 3248 2680 etiam
3281 2627 3346 2681 ad
3376 2629 3533 2698 pejus

1964 2713 2170 2784 aliquid
2198 2713 2510 2768 audendum
2555 2714 2878 2783 abripiatur.
2910 2716 3157 2770 Postulat
3200 2732 3328 2771 vero
3359 2733 3389 2772 a
3424 2719 3531 2773 La-

1970 2805 2116 2869 tinis,
2162 2817 2222 2860 ut
2264 2807 2347 2861 vel
2398 2823 2566 2862 unum
2612 2819 2922 2864 sanctorum
2968 2810 3072 2864 sibi
3124 2812 3416 2868 ostendant
3467 2827 3534 2866 ex

1968 2894 2090 2951 Filii
2135 2897 2417 2968 hypostasi
2460 2899 2725 2969 Spiritum
2771 2909 3020 2954 sanctum
3052 2902 3351 2972 procedere
3382 2920 3534 2959 asse-

1967 2995 2201 3041 rentetn.
2243 2987 2303 3042 Hi
2340 2997 2518 3042 tamen
2539 2990 2589 3044 ei
2630 2990 2927 3045 ostendunt
2955 2991 3136 3060 plures
3157 3009 3316 3062 quam
3345 2994 3533 3052 derezn

1971 3076 2216 3132 dicentes
2237 3094 2302 3132 ex
2337 3080 2476 3133 Filio
2511 3080 2774 3150 Spiritum
2812 3083 3131 3151 procedere.
3166 3095 3221 3139 et
3254 3103 3534 3157 nunquam

1970 3183 2094 3223 eum
2155 3174 2540 3226 assentientem
2600 3172 2947 3238 habuerunt,
2998 3190 3186 3230 verum
3254 3180 3537 3247 perspicue

1969 3269 2132 3330 negat
2155 3260 2301 3330 quod
2332 3261 2555 3317 disertis
2598 3263 2781 3317 verbis
2814 3264 2883 3319 ab
2930 3264 3187 3321 Ecclesiae
3216 3268 3537 3323 doctoribus

1972 3350 2247 3415 truditur;
2285 3351 2538 3417 fortasse,
2570 3354 2698 3423 quia
2729 3369 2838 3409 non
2871 3370 3061 3410 omnes
3096 3357 3148 3410 id
3181 3358 3389 3414 dicunt.
3427 3359 3535 3415 Sed

1970 3446 2261 3514 oportebat
2292 3456 2424 3499 tunc
2472 3460 2575 3501 nec
2611 3446 2791 3515 ipsum
2825 3446 2962 3509 adeo
2998 3452 3263 3503 tenaciter
3293 3451 3538 3522 Nysseno

1972 3539 2275 3605 inhaerere;
2300 3539 2449 3594 solus
2474 3541 2620 3594 enim
2657 3540 2745 3595 hic
2777 3555 2844 3594 ex
2890 3539 3071 3596 Patris
3101 3543 3376 3613 bypostasi
3409 3543 3540 3615 Spi-

1975 3630 2139 3685 ritum
2196 3632 2812 3701 sanctum.procedere
2860 3632 2993 3686 dicit
3021 3642 3077 3687 et
3142 3649 3304 3687 nemo
3354 3634 3535 3702 alius;

1972 3736 2164 3775 omnes
2195 3730 2373 3775 tamen
2402 3721 2594 3776 dicunt
2623 3738 2691 3777 ex
2711 3722 2875 3777 Patre
2922 3724 3223 3793 procedere
3246 3724 3534 3794 Spiritum,

1972 3820 2030 3866 et
2068 3821 2195 3868 ante
2225 3828 2416 3868 omnes
2453 3812 2662 3869 Veritas
2716 3814 2858 3884 ipsa.
2912 3815 3108 3870 Peccat
3163 3816 3328 3886 igitur
3373 3820 3538 3872 etiam

1974 3901 2028 3956 in
2087 3902 2213 3968 hoc,
2262 3901 2393 3956 dum
2431 3903 2608 3957 solum
2654 3903 2959 3974 Nyssenum
3008 3906 3280 3975 sequitur.
3320 3907 3541 3976 quando

1973 3994 2162 4051 multis
2183 4010 2249 4050 ex
2278 3994 2418 4049 Filio
2447 3994 2743 4064 procedere
2784 3993 3055 4065 Spiritum
3105 3996 3415 4053 dicentibus
3443 3998 3541 4052 ob-

1975 4086 2130 4156 sequi
2165 4101 2271 4140 non
2321 4087 2440 4141 vult
2489 4101 2553 4140 ca
2604 4085 2672 4141 de
2700 4101 2886 4152 causa,
2923 4086 3070 4156 quod
3118 4102 3225 4142 non
3258 4103 3450 4143 omnes
3486 4089 3540 4143 id

1975 4177 2155 4248 ipsum
2200 4177 2406 4233 dicant.
2461 4176 2653 4231 Dirum
2694 4192 2825 4232 vero
2856 4186 2962 4244 est,
3001 4179 3146 4250 quod
3192 4179 3237 4234 si
3279 4194 3389 4233 non
3444 4180 3543 4235 ba-

1974 4268 2130 4322 beret
2159 4268 2485 4338 Nyssenum,
2506 4267 2749 4338 periculo
2778 4269 3108 4339 subiaceret,
3136 4278 3193 4323 ut
3220 4285 3286 4325 ex
3315 4283 3541 4339 pa:erua

1976 4360 2254 4432 hypostasi
2287 4361 2587 4433 procedere
2606 4360 2873 4431 Spiritum
2903 4377 3154 4418 sanctum
3182 4364 3407 4420 credere
3432 4381 3541 4421 non

307 4455 410 4521 τῆς
443 4451 719 4522 πατρικῆς
750 4450 1104 4510 ὑποστάσεως
1135 4444 1534 4518 ἐκπορεύεσθαι
1564 4445 1623 4498 τὸ
1649 4445 1870 4517 Πνεῦμα

1979 4454 2214 4524 amplius
2245 4463 2448 4524 posset.
2488 4452 2559 4507 Si
2593 4454 2740 4508 enim
2791 4453 2881 4509 ille
2935 4455 3088 4509 solus
3121 4454 3170 4508 id
3207 4455 3362 4517 dicit,
3402 4472 3540 4510 cono

309 4548 371 4599 τὸ
399 4545 581 4615 ἅγιον,
611 4543 802 4613 ὥσπερ
854 4540 962 4595 οὐδ’
1004 4540 1163 4603 ἄλλος
1204 4539 1363 4592 τοῦτο
1407 4537 1554 4605 λέγει
1584 4538 1692 4591 τῶν
1725 4538 1872 4590 διδα-

314 4638 534 4703 σιάλων
554 4636 749 4699 οὐδεὶς,
770 4635 1102 4686 ἐπίστευσαν
1124 4633 1191 4685 ἂν
1221 4629 1415 4695 οὕτως,
1441 4632 1505 4681 ἐκ
1528 4629 1629 4701 μὲν
1649 4626 1743 4681 τοῦ
1770 4629 1879 4681 Πα-

311 4732 442 4800 τρῖς
485 4725 879 4797 ἐκπορεύεσθαι
904 4725 999 4778 καὶ
1023 4724 1145 4777 λίαν
1177 4723 1440 4792 μαθόντες
1462 4738 1477 4752 ’
1510 4722 1572 4773 τὸ
1599 4721 1659 4774 δὲ
1691 4721 1756 4773 ἐκ
1786 4721 1879 4774 τοῦ

315 4821 530 4892 Πατρὸς
558 4817 954 4890 ἐκπορεύεσθαι
979 4816 1127 4868 τοῦτ’
1158 4810 1299 4868 εἶναι
1332 4813 1390 4865 τὸ
1438 4813 1502 4865 ἐκ
1537 4811 1639 4881 τῆς
1686 4827 1881 4882 πατρι-

318 4918 418 4983 κῆς
457 4914 809 4975 ὑποστάσεως
866 4907 1261 4977 ἐκπορεύεσθαι
1297 4909 1370 4975 μὴ
1410 4904 1874 4975 ἀμφιϐάλλοντες.

321 5007 381 5058 Εἰ
410 5006 469 5058 δέ
499 5003 559 5056 τὸ
588 5006 652 5056 ἐκ
689 5004 786 5070 τῆς
833 5000 1104 5070 πατρικῆς
1154 4997 1503 5059 ὑποστάσεως
1535 4991 1658 5048 εἷπε
1696 4995 1879 5064 μόνος,

318 5100 372 5151 τί
406 5095 742 5165 θαυμαστὸν,
774 5096 822 5147 εί
861 5095 955 5146 καὶ
993 5092 1054 5144 τὸ
1086 5092 1150 5144 ὲκ
1193 5090 1290 5159 τῆς
1324 5089 1503 5157 υίικῆς
1534 5088 1913 5160 ὑποστάσεως⁸

320 5190 498 5252 οὐδεὶς
526 5189 661 5251 ὅλως
692 5185 861 5240 εἰπὼν
893 5184 1188 5254 (petiverat;
1224 5182 1355 5234 Οὑδέ
1389 5180 1477 5234 διὰ
1520 5181 1677 5232 τοῦτο
1706 5182 1885 5251 ἀρνεῖ-

324 5282 449 5335 σθαι
472 5279 738 5347 τοσαύτην
781 5276 1041 5349 ἀλήθειαν
1081 5275 1132 5327 οἱ
1183 5274 1308 5326 νοῦν
1359 5271 1575 5342 ἔχοντες
1611 5270 1889 5341 προαχθή-

324 5388 532 5434 σονται,
565 5368 720 5440 εἰπερ
767 5369 929 5440 ἀρκεῖ
982 5367 1082 5438 μὲν
1135 5365 1318 5434 σφίσιν
1363 5366 1395 5434 ἡ
1449 5362 1725 5433 μαρτυρία
1778 5361 1888 5417 τῶν

323 5462 597 5516 τοσούτων
631 5460 803 5527 ἁγίων
841 5457 1136 5527 λεγόντων,
1172 5458 1237 5508 ἐκ
1267 5453 1360 5507 τού
1393 5451 1527 5505 Υἱοῦ
1556 5452 1617 5504 τὸ
1663 5450 1889 5520 Πνεῦμα

326 5552 749 5624 ἐκπορεύεσθαι,
783 5552 845 5604 τὸ
891 5552 949 5605 δὲ
983 5551 1047 5602 ἐκ
1069 5549 1166 5618 τῆς
1195 5547 1381 5615 υίικῆς
1417 5543 1771 5605 ὑποστάσεως
1802 5544 1891 5595 ὲκ-

327 5644 657 5715 ττορεύεσθαι
686 5642 831 5696 τοῦτ’
852 5637 992 5696 εἶναι
1016 5641 1075 5695 τὸ
1104 5643 1169 5695 ἐκ
1196 5637 1293 5693 τοῦ
1318 5636 1448 5691 Υίοῦ
1484 5633 1887 5706 ἐκπορεύεσθαι

334 5738 411 5806 μῆ
439 5735 782 5806 ἀμφιϐάλλου
792 5752 860 5789 σι.

1981 4544 2192 4615 tingere
2219 4560 2349 4598 vero
2378 4544 2584 4613 potuit,
2624 4552 2685 4597 ut
2721 4557 2788 4596 ne
2820 4543 2934 4613 ipse
2960 4543 3183 4613 quidem
3222 4544 3274 4598 id
3308 4545 3541 4609 diceret,

1979 4637 2066 4688 vir
2101 4636 2203 4690 iste
2231 4645 2529 4703 negaturus
2580 4633 2685 4688 l‘uit
2740 4642 2945 4687 tantam
2988 4634 3270 4687 veritatem
3302 4636 3315 4687 l
3346 4634 3542 4688 Verum

1981 4739 2145 4778 sensu
2189 4723 2400 4792 praiditi
2452 4724 2504 4776 id
2541 4723 2765 4777 minime
2815 4731 3157 4791 paterentur,
3199 4723 3293 4776 sed
3328 4723 3543 4777 etiamsi

1981 4814 2258 4886 Nyssenus
2298 4830 2404 4867 non
2428 4813 2640 4868 diceret
2681 4828 2749 4868 ex
2779 4822 3008 4882 paterna
3035 4812 3313 4882 hypostasi
3350 4827 3546 4881 proce-
3612 4858 3617 4863 .

1982 4904 2117 4958 dere
2175 4904 2439 4973 Spiritum
2493 4912 2785 4966 sanctum,
2842 4902 3307 4972 quemadmodum
3366 4916 3546 4969 neque

1984 4994 2125 5049 alius
2155 4997 2445 5064 quisquam
2484 4994 2772 5049 doctorum
2818 4993 2872 5047 id
2915 4994 3073 5056 dicit,
3104 4992 3397 5046 crederent
3442 4993 3546 5061 ipsi

1984 5094 2039 5140 et
2071 5086 2174 5148 sic,
2210 5100 2334 5140 cum
2361 5101 2428 5140 ex
2479 5086 2639 5140 Patre
2685 5085 2908 5154 quidem
2943 5099 3069 5139 eum
3119 5086 3414 5153 procedere
3463 5084 3546 5136 vel

1987 5176 2222 5231 maxime
2246 5177 2561 5239 didicerint,
2597 5193 2663 5231 ex
2694 5175 2852 5230 Patre
2893 5183 3075 5229 autem
3115 5174 3415 5243 procedere
3447 5171 3550 5224 hoc

1986 5267 2165 5337 ipsum
2195 5282 2316 5322 esse
2349 5266 2493 5337 quod
2539 5283 2606 5321 ex
2654 5276 2879 5337 paterna
2932 5265 3211 5336 ltypostasi
3256 5262 3550 5333 procedere

1986 5360 2195 5427 absque
2231 5358 2340 5412 ullo
2368 5358 2537 5413 dubio
2567 5359 2904 5413 existiment.
2965 5358 3022 5412 Si
3056 5373 3185 5412 vero
3224 5373 3288 5410 ex
3322 5367 3548 5425 paterna

1988 5449 2262 5518 liypostasi
2293 5451 2587 5518 procedere
2617 5451 2885 5520 Spiritum
2934 5448 3071 5503 dixit
3100 5449 3191 5502 ille
3212 5448 3384 5513 solus,
3416 5446 3547 5514 quid

1989 5542 2212 5608 mirum,
2275 5542 2319 5596 si
2379 5541 2543 5595 etiam
2582 5556 2650 5596 ex
2702 5541 2854 5596 liliali
2908 5540 3189 5612 hypostasi
3256 5537 3551 5609 procedere

1990 5632 2174 5686 nullus
2203 5633 2429 5685 omnino
2457 5631 2661 5685 dixisse
2691 5631 3008 5701 reperitur?
3048 5631 3237 5699 Neque
3264 5637 3550 5698 propterea

1993 5734 2197 5779 tantam
2231 5724 2517 5779 veritatem
2558 5739 2755 5786 negare
2794 5737 2961 5778 sensu
2998 5721 3207 5777 ιιι-ωόὶιὶ
3240 5721 3545 5775 adiuvatur.
