3900 6216
401 336 498 402 127

1619 323 1957 387 GEORGII
1995 323 2408 385 SCI-lOLABll

3554 324 3656 388 1‘28

398 445 851 520 quandoquidem
894 441 1094 500 sufﬁcit
1169 439 1304 510 ipsis
1335 436 1730 506 testimonium
1774 443 1856 490 tot
1923 446 2241 490 sanctorum
2305 432 2609 488 dicentium
2686 449 2749 487 ex
2813 432 2954 487 Filio
2987 434 3254 504 Spiritum
3337 440 3659 506 prouidere,

399 541 629 600 dubium
666 553 799 594 vero
827 537 907 592 eis
937 551 1044 589 non
1075 541 1180 599 est,
1217 533 1352 602 quin
1388 547 1454 586 ex
1479 530 1602 585 Filii
1631 529 1915 600 ltypostasi
1951 526 2253 597 procedere
2290 527 2394 581 hoc
2430 528 2606 596 ipsum
2643 527 2732 587 sit,
2768 527 2914 595 quod
2957 529 3255 595 procedere
3285 547 3355 584 ex
3388 530 3547 586 Filio,

869 650 1115 705 EPHES.
1147 646 1303 703 CAP.
1340 646 1477 703 XVI.

475 769 718 840 Spiritus
738 773 963 822 sanctus
1001 779 1065 819 ex
1099 764 1262 819 Patre
1293 771 1350 817 et
1381 759 1521 816 Filio
1557 758 1864 830 procedens
1884 763 1978 810 aut

398 874 675 938 quatenus
718 869 849 915 sunt
896 859 1141 914 distincti
1186 857 1253 910 ab
1294 855 1384 910 his
1412 853 1683 924 procedit,
1714 861 1808 906 aut
1838 867 1978 922 qua-

405 970 566 1013 tenus
617 962 748 1008 sunt
799 951 964 1006 uniti.
1013 950 1070 1006 Si
1119 950 1344 1020 quidem
1382 957 1656 1016 quatenus
1687 953 1817 1000 sunt
1862 945 1978 998 dis-

405 1049 562 1104 tincti
609 1059 662 1102 et
717 1047 864 1109 duo,
915 1045 984 1098 ab
1035 1044 1119 1098 eis
1170 1041 1444 1112 procedit,
1495 1038 1740 1094 distincti
1793 1044 1976 1091 autem

400 1151 530 1196 sunt
556 1142 862 1194 secundum
888 1137 1210 1205 hyposutses
1243 1141 1293 1187 et
1328 1132 1437 1187 duo
1467 1148 1482 1197 ;
1512 1145 1580 1185 ex
1607 1129 1824 1184 duabus
1847 1142 1979 1199 ergo

400 1231 792 1303 ltypostasibus
817 1227 1058 1296 Spiritus
1086 1235 1311 1279 sanctus
1335 1222 1540 1294 prodit,
1573 1232 1627 1276 et
1653 1220 1852 1277 exinde
1883 1233 1980 1274 ne-

399 1321 642 1378 cessario
700 1335 767 1374 ex
821 1318 1042 1371 duobus
1096 1328 1317 1384 quoque
1370 1310 1682 1383 principiis.
1739 1310 1796 1364 Si
1845 1324 1979 1364 vero

401 1424 676 1484 quatenus
708 1419 836 1465 sunt
892 1408 1071 1471 uniti,
1103 1407 1282 1478 primo
1318 1405 1542 1475 quidem
1584 1419 1697 1458 non
1743 1403 1981 1472 amplius

402 1505 519 1574 ipse
555 1503 795 1573 Spiritus
824 1517 853 1555 a
905 1499 1068 1554 Patre
1099 1507 1155 1553 et
1181 1498 1321 1551 Filio
1348 1496 1529 1565 prodit
1555 1503 1829 1566 quatenus
1852 1502 1982 1548 sunt

401 1597 670 1658 distincti,
704 1609 836 1664 ergo
871 1609 980 1648 non
1017 1609 1084 1646 ex
1124 1589 1512 1662 hypostasibus
1539 1603 1731 1642 eorum
1758 1586 1977 1657 prodit;

401 1704 584 1757 neque
619 1687 788 1756 igitur
815 1701 881 1739 ex
913 1695 1139 1752 paterna
1167 1679 1448 1752 ltypostasi
1471 1719 1484 1743 ,
1511 1693 1690 1747 neque
1717 1693 1783 1732 ex
1811 1677 1982 1746 hypo-

405 1780 540 1834 stasi
594 1777 758 1841 Filii;
818 1775 969 1842 atqui
1008 1772 1142 1826 illud
1175 1787 1402 1835 verum,
1457 1769 1563 1824 hoc
1593 1783 1727 1823 vero
1786 1767 1981 1822 falsum

405 1871 707 1939 Gregorius
731 1867 1012 1938 Nyssenus
1051 1862 1374 1925 convincit;
1407 1862 1485 1916 ait
1531 1860 1681 1915 enim
1736 1859 1812 1913 ita
1851 1873 1984 1913 con-

2002 647 2050 704 Α

2519 642 2785 695 ΕΦΕΣΟΥ
2819 643 2975 696 ΚΕΦ.
3019 645 3116 712 ΠΤ
3153 646 3254 717 (l).

2155 755 2229 808 Τὸ
2260 755 2488 827 Πνεῦμα
2513 755 2574 808 τὸ
2609 754 2767 824 ἆγιον
2800 758 2862 810 ὲκ
2897 757 3109 828 Πατρδς
3143 761 3237 813 καὶ
3282 758 3413 813 Υίοῦ
3459 780 3662 834 προερ-

2079 846 2309 918 χόμενον
2355 848 2387 918 ἢ
2430 847 2565 900 καθό
2606 848 2712 901 εἰσι
2753 849 3166 920 διακεκριμένοι
3217 852 3426 906 τούτων
3464 857 3657 923 πρόει-

2081 956 2188 1005 σιν,
2219 940 2251 1010 ἢ
2282 940 2418 994 καθό
2462 941 2605 993 εἰσιν
2648 941 2943 1011 ἠνωμένοι.
2993 941 3056 995 Ei
3101 944 3202 1014 μὲν
3243 944 3337 1000 οῦν
3372 947 3504 1000 καθό
3550 950 3659 1001 εἰσι

2079 1031 2490 1102 διακεκριμένοι
2552 1033 2646 1087 καὶ
2701 1033 2816 1100 δύο,
2871 1032 3079 1089 τούτων
3132 1039 3487 1108 προέρχεται,
3537 1040 3661 1092 δια-

2081 1124 2398 1194 κεκριμένοι
2418 1124 2474 1176 δέ
2507 1125 2615 1177 εἰσι
2648 1129 2789 1179 κατὰ
2817 1127 2918 1190 τὰς
2954 1128 3288 1192 ὑποστάσεις
3316 1131 3554 1198 καὶδύο,
3594 1135 3668 1186 ἐκ.

2079 1214 2173 1269 δύο
2211 1217 2320 1288 ἄρα
2361 1218 2717 1272 ὑποστάσεων
2767 1221 2829 1273 τὸ
2869 1220 3096 1291 Πνεῦμα
3129 1222 3189 1275 τὸ
3235 1225 3390 1292 ἅγιον
3419 1229 3660 1295 πρόεισι,

2082 1307 2381 1361 κάντεῦθεν
2440 1311 2504 1362 ὲκ
2547 1309 2640 1364 δύο
2669 1311 2855 1382 ἀρχῶν
2881 1312 2940 1380 ἐξ
2993 1314 3264 1386 ἀνάγκης.
3303 1317 3367 1370 Ei
3415 1317 3472 1369 δὲ
3521 1318 3663 1372 καθό

2083 1398 2225 1451 εἰσιν
2260 1399 2550 1470 ἡνωμέναι,
2608 1402 2829 1473 πρῶτον
2891 1404 2991 1471 μὲν
3035 1405 3222 1459 οὐκέτι
3278 1406 3340 1460 τὸ
3371 1407 3522 1472 αὐτὸ,
3561 1410 3664 1462 καὶ

2084 1490 2221 1544 καθό
2251 1493 2358 1544 εἰσι
2383 1491 2798 1564 διακεκριμένοι
2841 1495 3052 1550 τούτων
3083 1498 3335 1567 πρόεισιν
3360 1515 3375 1530 ’
3405 1499 3503 1552 ούκ
3543 1500 3657 1569 ἄρα

2085 1585 2150 1636 ὲκ
2183 1583 2292 1638 τῶν
2342 1586 2702 1641 ὑποστάσεων
2751 1587 2935 1644 αὐτῶν
2959 1585 3244 1660 πρόεισιν
3281 1589 3394 1644 οὗτ⁹
3441 1592 3550 1670 ἄρα
3589 1595 3656 1646 ἐκ

2082 1676 2183 1743 τῆς
2228 1680 2504 1746 πατρικῆς
2538 1677 2892 1742 ὑποστάσεως
2946 1678 3065 1733 οὔτ’
3116 1683 3180 1734 ὲκ
3234 1682 3333 1752 τῆς
3389 1682 3482 1735 τοῦ
3526 1683 3660 1737 Υἱοῦ
3763 1730 3768 1734 .

2086 1763 2476 1830 ὑποστάσεωςο
2507 1766 2648 1821 ἀλλὰ
2686 1771 2747 1822 τὸ
2794 1771 2893 1840 μὲν
2949 1768 3172 1841 ἀληθὲς,
3204 1774 3267 1826 τὸ
3309 1773 3368 1826 δὲ
3398 1773 3596 1844 ψεῦδος
3635 1776 3665 1825 ό

2084 1856 2184 1926 τῆς
2209 1856 2431 1928 Νύσσης
2463 1859 2768 1932 Γρηγόριος
2804 1865 2879 1932 πῆ
2918 1863 3017 1932 μὲν
3048 1864 3125 1935 (2)
3173 1865 3478 1938 διελέγχει·
3511 1868 3666 1934 λέγει

402 1962 580 2030 ceptis
606 1960 826 2014 verbis:
863 1955 1119 2028 Spiritum
1148 1971 1210 2009 ex
1233 1965 1456 2026 paterna
1501 1954 1770 2025 hyposlasi
1797 1969 1982 2024 proce-

2090 1947 2194 2019 γὰρ
2223 1949 2422 2002 οὑτωσὶ
2459 1951 2672 2021 ῥητῶς·
2707 1955 2952 2024 Πνεῦμα
2983 1956 3049 2010 τὸ
3098 1955 3206 2026 τῆς
3239 1957 3529 2026 πατρικῆς
3566 1960 3670 2013 ἐκ·

406 2052 640 2104 deutem.
699 2047 908 2103 Deinde
961 2045 1220 2116 quidnam
1266 2045 1434 2099 fuerit
1471 2043 1628 2108 illud,
1677 2043 1983 2098 secundum

405 2144 555 2212 quod
601 2141 741 2194 uniti
777 2139 946 2195 sunt?
976 2139 1242 2193 Naturam
1279 2137 1508 2191 forsitan
1541 2135 1729 2192 dicent
1754 2135 1838 2190 vel
1869 2135 1984 2203 spi-

407 2235 641 2287 rativam
669 2231 958 2287 virtutem.
989 2229 1098 2284 Sed
1137 2231 1182 2284 si
1213 2229 1438 2299 quidem
1463 2244 1531 2284 ex
1554 2237 1747 2282 natura
1776 2226 1982 2298 prodit,

405 2325 569 2379 etiam
596 2304 663 2378 ei;
691 2339 750 2378 se
780 2325 898 2392 ipso
934 2323 1193 2394 procedet
1221 2338 1235 2388 ;
1272 2337 1397 2375 nam
1429 2320 1740 2376 communis
1767 2327 1852 2375 est
1887 2319 1986 2374 tri-

405 2415 510 2470 bus
543 2416 802 2485 personis
843 2421 1053 2467 natura.
1098 2413 1153 2467 Si
1196 2427 1330 2466 vero
1356 2426 1423 2466 ex
1457 2410 1722 2481 spirativa
1750 2413 1979 2475 virtute,

404 2506 551 2559 haue
579 2520 799 2574 quoque
823 2506 1052 2558 deberet
1073 2502 1316 2572 Spiritus
1348 2503 1667 2572 possidere;
1690 2500 1821 2566 Qua,
1842 2503 1984 2556 enim

366 2656 368 2659 ,
405 2599 707 2652 communia
741 2603 864 2650 sunt
891 2595 1043 2648 Patri
1073 2602 1120 2646 et
1160 2591 1327 2658 Filio,
1354 2609 1416 2646 ea
1446 2593 1744 2645 communia
1781 2607 1984 2662 quoque

405 2699 528 2743 sunt
563 2686 812 2758 Spiritui,
875 2695 936 2739 ut
964 2685 1146 2754 magni
1201 2684 1304 2738 viri
1337 2683 1626 2754 Dionysius
1649 2692 1706 2736 ct
1750 2682 1984 2738 Basilius

406 2780 584 2833 aiunt.
615 2778 817 2832 Verum
843 2791 1093 2846 quaenam
1124 2784 1208 2830 est
1244 2775 1462 2845 sapiens
1492 2789 1683 2829 eorum
1736 2774 1804 2829 ad
1856 2774 1982 2841 hoc,

409 2874 522 2927 imo
553 2871 786 2926 ridicula
817 2870 1145 2940 responsio?
1180 2870 1444 2934 Haberet,
1474 2869 1756 2938 inquiunt,
1780 2881 1901 2942 eam
1929 2875 1985 2922 et

406 2969 548 3036 ipse,
581 2965 686 3018 nisi
715 2965 1054 3034 llllpOSSibtle
1090 2973 1257 3028 essu,
1289 2972 1348 3016 ut
1386 2978 1444 3017 se
1477 2963 1653 3032 ipsum
1710 2962 1983 3030 produce-

406 3067 510 3112 nt.
543 3057 657 3111 Hoc
687 3057 858 3126 igitur
889 3056 1068 3110 simile
1099 3065 1184 3110 est
1221 3071 1286 3109 ac
1319 3055 1365 3109 si
1411 3056 1536 3124 quis
1565 3053 1758 3108 videns
1781 3069 1848 3107 ex
1885 3068 1984 3108 sua

407 3151 588 3220 ipsius
621 3149 1048 3202 ratiocinatione
1080 3147 1361 3211 concludi,
1388 3145 1666 3200 hominem
1699 3161 1820 3200 csse
1849 3145 1986 3215 lapi—

318 3315 321 3318 _
408 3243 558 3305 dem,
610 3255 696 3303 ea,
734 3241 881 3296 unde
931 3241 1036 3294 hoc
1085 3238 1459 3302 concluditur,
1497 3253 1568 3293 ne
1622 3239 1732 3292 ullo
1762 3239 1984 3307 quidem

2087 2043 2500 2110 πορευόμενον
2527 2045 2947 2112 ὑποστάσεως.
2985 2047 3219 2102 Ἔπειτα
3270 2051 3364 2104 καὶ
3389 2052 3443 2104 τί
3482 2051 3549 2105 ἂν
3575 2050 3665 2121 εἷς

2084 2133 2266 2196 τοῦτο,
2295 2132 2417 2187 καθ’
2445 2135 2473 2187 ὃ
2496 2137 2634 2190 εἰσιν
2663 2139 2969 2207 ήνωμένοις
3003 2141 3115 2211 Τὴν
3148 2141 3310 2210 φύσιν
3337 2141 3526 2212 ἐροῦσι
3563 2159 3663 2196 τυο

2085 2223 2181 2294 χον
2215 2224 2249 2293 ἢ
2275 2224 2372 2296 τὴν
2404 2225 2776 2298 προὸλητικὴν
2812 2229 3051 2301 δύναμιν
3073 2246 3087 2264 ο
3119 2231 3234 2286 ἀλλ’
3265 2235 3313 2287 εί
3341 2233 3444 2304 μὲν
3469 2235 3535 2288 ὲκ
3561 2237 3666 2302 τῆς

2087 2318 2302 2388 φύσεως
2327 2320 2564 2391 πρόεισι,
2591 2324 2686 2375 καὶ
2715 2323 2773 2390 ἐξ
2797 2324 2993 2378 ἑαυτοῦ
3019 2326 3412 2396 προελεύσεται
3429 2342 3444 2357 ·
3479 2329 3664 2381 κοινὸν

2086 2412 2196 2484 γὰρ
2221 2415 2337 2478 τοῖς
2364 2418 2545 2485 τρισὶν
2587 2417 2620 2486 ἡ
2653 2415 2847 2485 φύσις⁸
2872 2418 2934 2474 ,ει
2975 2417 3022 2471 δ’
3053 2419 3118 2471 ὲκ
3152 2419 3253 2488 τῆς
3284 2419 3667 2490 προϐλητικῆς

2085 2506 2393 2577 δυνάμεως,
2435 2509 2530 2561 καὶ
2557 2508 2766 2580 ταύτην
2795 2508 3028 2578 ὠφειλεν
3051 2510 3198 2581 ἕλειν
3233 2512 3368 2565 αὐτό
3387 2527 3401 2541 ·
3443 2512 3520 2566 Τὰ
3551 2512 3664 2582 γὰρ

2085 2599 2258 2653 κοινὰ
2314 2600 2503 2667 Πατρὶ
2552 2599 2653 2654 καί
2692 2601 2803 2666 Υίῷ
2847 2600 3022 2655 κοινὰ
3071 2602 3167 2656 καί
3215 2602 3295 2668 τῷ
3339 2605 3664 2673 Πνεύματι,

2085 2690 2359 2756 Διονύσιός
2389 2709 2522 2762 φασι
2554 2696 2648 2747 καὶ
2682 2695 2968 2757 Βασίλειος
2995 2696 3043 2748 oi
3081 2695 3333 2766 μεγάλοι.
3378 2697 3538 2751 Ἀλλὰ
3576 2700 3662 2762 τίς

2086 2780 2114 2832 ό
2145 2779 2306 2849 σοφὸς
2361 2782 2544 2835 αὐτῶν
2607 2783 2745 2854 πρὸς
2801 2783 2962 2836 τοῦτο
3019 2786 3432 2852 καταγέλαστος
3463 2786 3667 2856 λόγος;

2086 2867 2246 2942 Εἷχεν
2277 2873 2364 2941 ἂν,
2410 2876 2567 2943 φησὶ,
2608 2875 2716 2930 καὶ
2739 2876 2872 2928 αὐτὸ
2906 2876 3135 2947 ταύτην,
3171 2877 3221 2930 εἰ
3279 2878 3354 2949 μὴ
3402 2879 3670 2935 ἀδύνατον

2085 2959 2154 3032 ἦν
2190 2965 2352 3020 ἑαυτὸ
2389 2967 2743 3044 προϐάλλειν.
2780 2969 2952 3024 Τοῦτο
3000 2971 3100 3040 μὲν
3125 2970 3218 3026 οὖν
3263 2974 3472 3043 ὅμοιον,
3506 2975 3583 3038 ὡς
3615 2976 3672 3027 εἴ

2086 3075 2168 3120 τις
2208 3059 2350 3128 ὁρῶν
2379 3049 2574 3114 ὲκῗτῶν
2612 3061 2806 3116 ἑαυτοῦ
2841 3065 3214 3134 συναγόμενον
3240 3066 3417 3136 λόγων
3454 3070 3543 3122 τὸν
3567 3071 3669 3122 ἄν.

2089 3147 2312 3219 θρωπον
2337 3149 2486 3203 λίθον
2515 3147 2677 3215 εἶναι,
2725 3155 2795 3206 τά
2834 3154 2956 3223 μὲν,
2984 3155 3109 3209 ὅθεν
3137 3157 3301 3210 τοῦτο
3349 3160 3668 3226 συνάγεται,

2094 3241 2219 3311 μηδ’
2258 3244 2567 3298 ὁπωστιοῦν
2612 3246 2954 3317 ἐπανορθοῦν
2986 3249 3252 3320 πειρῷτο,
3293 3252 3439 3322 λέγοι
3486 3255 3542 3306 δὲ
3591 3254 3673 3318 ὡς
3745 3304 3760 3312 -

410 3333 576 3388 modo
601 3334 878 3402 corrigere
913 3341 1228 3395 eonaretur,
1279 3329 1487 3385 diceret
1515 3345 1667 3396 vero,
1705 3330 1983 3384 hominem

2093 3326 2160 3402 ἦν
2195 3333 2260 3386 ἂν
2298 3336 2327 3387 ὁ
2363 3334 2653 3407 ἄνθρωπος
2689 3337 2859 3405 λίθος,
2912 3340 2960 3393 εί
3003 3317 3095 3411 μη
3121 3317 3385 3398 ἀδύνατον
3406 3342 3473 3416 ἦν
3497 3345 3554 3399 τὸ
3581 3317 3678 3400 λοέ

407 3441 542 3481 sane
575 3423 823 3478 futurum
855 3424 1129 3496 lapidem,
1179 3424 1283 3479 nisi
1319 3421 1662 3492 impossibile
1709 3430 1874 3486 esset,
1927 3428 1988 3476 ut

407 3519 610 3573 animal
671 3517 939 3572 rationale
997 3525 1146 3572 esset
1226 3517 1594 3572 inanimatam
1658 3524 1827 3583 atque
1881 3513 1987 3567 im-

406 3611 628 3666 mobile.

985 3722 1437 3792 SCIIOLABIUS.

478 3841 783 3898 Credentes
839 3840 1015 3896 Latini
1068 3839 1336 3909 Spiritum
1395 3849 1648 3895 sanctum
1685 3838 1989 3910 procedere

401 3951 470 3991 ex
504 3933 645 3987 Filio
671 3933 878 3986 nullant
916 3933 1112 3985 timent
1146 3931 1210 3985 ad
1239 3928 1540 3986 absurdum
1569 3929 1983 3985 deduCtionem.

402 4026 596 4094 Neque
631 4025 778 4077 enim
819 4022 868 4076 id
905 4021 1140 4076 credunt
1172 4031 1231 4075 ut
1280 4022 1503 4091 proprio
1539 4021 1710 4075 Marte
1748 4035 1779 4075 a
1811 4036 1870 4077 se
1903 4022 1990 4076 in-

403 4127 652 4178 ventum,
697 4116 790 4169 sed
836 4119 904 4168 ab
942 4114 1202 4167 Ecclesiae
1247 4113 1567 4167 doctoribus
1595 4113 1800 4180 edocti,
1850 4128 1990 4182 quos

409 4209 555 4264 haud
584 4223 827 4277 unquam
863 4220 1082 4260 errasse
1122 4206 1268 4260 circa
1306 4213 1413 4258 tam
1444 4219 1664 4273 gravem
1698 4205 1986 4260 veritatem

407 4304 770 4366 arbitrantur,
828 4299 1136 4371 praesertim
1193 4313 1320 4355 cum
1375 4298 1514 4352 tales
1569 4312 1634 4352 ac
1689 4299 1830 4353 tanti
1885 4297 1987 4352 viri

408 4395 743 4450 exstiterint.
780 4392 958 4459 Quare
993 4406 1172 4461 neque
1207 4391 1296 4456 iis,
1339 4389 1436 4460 qui
1471 4389 1550 4443 ita
1591 4389 1878 4444 dialectice
1905 4389 1990 4444 in-

412 4495 695 4559 terrogant
741 4495 797 4541 et
845 4484 910 4539 ad
966 4483 1265 4538 absurdum
1295 4497 1394 4537 eos
1443 4481 1718 4537 deducere
1773 4481 1988 4548 volunt,

405 4581 612 4650 aliquid
645 4577 978 4648 respondere
1011 4580 1184 4631 coaetl
1227 4584 1376 4631 sunt.
1413 4573 1471 4628 Si
1515 4574 1662 4628 enim
1712 4574 1845 4644 quid
1894 4574 1991 4632 ab-

2091 3426 2249 3493 γικὸν
2276 3427 2415 3493 ζῶον
2443 3429 2652 3503 ἄψυχόν
2685 3449 2746 3486 τε
2769 3433 2866 3487 καὶ
2892 3435 3152 3506 ἀκίνητον
3175 3433 3341 3495 εἶναι.

2655 3716 2696 3768 0
2728 3717 3130 3773 ΣΧΟΛΔΡΙΟΣ.

2161 3827 2222 3881 Οἱ
2253 3827 2469 3882 Λατῖνοι
2507 3829 2569 3882 τὸ
2605 3831 2832 3902 Πνεῦμα
2863 3833 2922 3886 τὸ
2956 3833 3112 3903 ἆγιον
3161 3835 3570 3910 ἐκπορεύεσθαι
3603 3847 3672 3899 ὲκ

2088 3919 2184 3974 τοῦ
2216 3920 2346 3974 Υῐοῦ
2383 3923 2755 3991 πιστεύοντες,
2810 3927 3074 3998 οὐδεμίαν
3115 3932 3196 3994 είς
3251 3932 3454 3988 ἄτοπον
3492 3938 3681 3992 δεδία-

2091 4028 2176 4066 σιν
2207 4014 2537 4087 ἀπαγωγήν.
2585 4019 2661 4071 Οὐ
2691 4019 2798 4091 γὰρ
2830 4021 3046 4075 οἴκοθεν
3077 4025 3334 4096 εὑρόντες
3381 4029 3540 4083 τοῦτο
3576 4051 3676 4086 art-

2090 4105 2394 4176 στεύουσιν,
2422 4107 2538 4162 ἀλλ’
2569 4111 2672 4165 ὑπὸ
2694 4112 2801 4166 τῶν
2831 4115 2930 4186 τῆς
2972 4115 3297 4188 Ἐκκλησίας
3324 4120 3676 4179 διδασκάλων

2091 4198 2384 4266 μαθόντες,
2430 4199 2525 4264 οὓς
2576 4200 2839 4272 ἡγοῦνται
2893 4204 2969 4276 μὴ
3028 4207 3093 4260 ἄν
3126 4226 3257 4263 ποτε
3322 4213 3678 4286 πλανηθῆναι

2090 4291 2221 4361 ’τιερλ⁵
2239 4294 2510 4366 τοσαύτην
2541 4294 2819 4367 ἀλήθειαν,
2855 4300 2947 4351 καὶ
2976 4299 3148 4354 ταῦτα
3174 4303 3472 4370 τοσούτους
3506 4308 3680 4374 ὄντας

2091 4388 2185 4440 καὶ
2221 4385 2603 4457 τηλικούτους,
2637 4388 2800 4442 Ὅθεν
2841 4391 2962 4445 οὑδὲ
2995 4394 3106 4457 τοῖς
3155 4395 3437 4464 ἐρωτῶσιν
3469 4401 3682 4456 οὑτωσὶ

2089 4477 2452 4544 διαλεκτικῶς
2483 4480 2578 4533 καὶ
2609 4481 2690 4544 είς
2720 4481 2922 4536 ἄτοπον
2954 4483 3305 4556 βουλομένοις
3339 4492 3581 4559 ἀπάγειν
3614 4495 3682 4559 ἐξ

2094 4573 2341 4642 ἀνάγκης
2373 4573 2439 4628 ἄν
2485 4590 2538 4626 τι
2593 4573 2690 4627 καὶ
2743 4575 3159 4646 ἀποκρίνοιντο·
3211 4581 3261 4633 εί
3312 4583 3421 4653 γάρ
3465 4601 3514 4637 τι
3575 4591 3684 4639 καὶ

405 4675 560 4730 surdi
594 4673 758 4727 etiam
797 4687 862 4724 ex
901 4669 1006 4724 hac
1036 4669 1308 4723 sententia
1342 4676 1669 4737 sequeretur
1695 4667 1983 4738 (ponamus

2095 4665 2296 4719 ἄτοπον
2332 4666 2395 4718 ὲκ
2424 4664 2630 4734 ταύτης
2661 4667 2953 4736 ἠκολούθει
2993 4670 3094 4740 τῆς
3121 4671 3278 4743 δόξης
3307 4675 3530 4745 (κείσθω
3559 4682 3684 4751 γὰρ

405 4768 497 4822 hic
553 4761 923 4832 impossibile)
954 4761 1296 4815 :doctoribus
1345 4760 1532 4829 potius
1565 4759 1863 4814 convenire
1897 4775 1989 4813 ar-

404 4865 711 4926 bitrantur,
761 4867 819 4912 ut
872 4858 924 4912 id
972 4857 1308 4928 perspiciant
1361 4865 1527 4926 atque
1573 4854 1828 4920 solvant;
1881 4855 1987 4926 ipsi

405 4973 534 5012 vero
563 4972 621 5010 se
655 4952 804 5008 omni
835 4949 998 5005 modo
1024 4962 1180 5004 extra
1207 4949 1304 5002 has
1328 4948 1744 5002 criminationes
1774 4947 1987 5018 positos

408 5063 529 5103 esse
593 5046 868 5100 aliirmaut
919 5052 974 5098 et
1026 5041 1216 5097 m'ultis
1260 5041 1445 5111 potius
1505 5040 1986 5096 criminationibus

407 5139 688 5209 subjectos
737 5139 971 5191 credunt
1005 5150 1102 5190 eos
1149 5134 1244 5204 qui
1288 5144 1604 5190 sanctorum
1641 5133 1973 5203 theologiam

411 5239 664 5285 evertere
700 5229 891 5282 volunt
932 5235 1156 5297 propter
1190 5224 1440 5294 quaedam
1495 5223 1735 5278 absurda
1783 5232 1841 5279 et
1883 5225 1986 5278 im-

408 5323 716 5395 possibilia,
748 5337 871 5391 qua:
923 5321 1153 5374 fortasse
1202 5333 1270 5372 ex
1299 5333 1364 5373 ea
1399 5317 1647 5372 doctrina
1692 5317 1984 5384 accidunt;

408 5416 504 5470 tali
554 5419 698 5470 enim
735 5422 894 5483 pacto
921 5412 1090 5467 etiam
1117 5425 1300 5464 veram
1351 5409 1513 5463 tidem
1550 5409 1860 5464 universam
1893 5408 1986 5478 qui

408 5506 512 5560 ista
561 5505 769 5560 audent
815 5503 1004 5557 multis
1049 5500 1464 5556 dillicultatibus
1517 5498 1844 5568 replebunt,
1898 5499 1986 5554 cui

409 5596 536 5652 iidci
564 5596 771 5666 pluries
813 5595 1120 5650 naturalem
1173 5593 1441 5647 rationem
1477 5593 1858 5648 adversantem
1900 5593 1985 5647 vi-

487 5714 562 5784 (Ι)
587 5713 730 5784 gon.
750 5713 865 5784 ⁸2356Δ
893 5712 933 5775 ί,
954 5711 1061 5767 996
1083 5727 1142 5784 _a,
1174 5720 1404 5784 estcap.
1445 5713 1507 5766 l7

477 5781 557 5854 (Ξ)
591 5781 688 5834 Ποῖ
723 5784 826 5851 μὴν
855 5781 1018 5836 habet
1051 5782 1195 5835 Moti.
1226 5782 1351 5834 256.

2090 4756 2153 4810 τὸ
2192 4755 2508 4824 ἀδύνατον),
2543 4757 2703 4811 τοῦτο
2754 4759 2852 4812 καὶ
2882 4763 3120 4834 συνορᾷν
3149 4765 3245 4817 καὶ
3279 4765 3427 4820 λύειν
3461 4767 3685 4837 ἁρμότ-

2091 4865 2206 4901 τειν
2240 4851 2357 4911 τοῖς
2407 4848 2756 4914 διδασκάλοις
2789 4850 2990 4921 μᾶλλον
3035 4854 3352 4924 νομίζουσιν
3379 4873 3392 4888 ’
3424 4859 3579 4911 αὐτοὶ
3613 4860 3683 4914 δὲ

2091 4942 2444 4995 παντάπασιν
2484 4942 2588 5007 ἔξω
2623 4941 2731 4994 τῶν
2772 4944 3144 5016 ἐγκλημάτων
3175 4947 3385 5003 τούτων
3438 4951 3677 5005 ἑστάναι

2092 5036 2248 5105 φασὶ,
2303 5035 2519 5098 πολλοῖς
2554 5034 2610 5087 δὲ
2670 5033 2877 5104 μᾶλλον
2929 5037 3278 5108 ἐγκλήμασιν
3343 5042 3681 5098 ὑποκεῖσθαι

2093 5131 2415 5186 πιστεύουσι
2442 5131 2569 5194 τοὺς
2593 5131 2842 5202 ἀναιρεῖν
2867 5129 3228 5202 βουλομένους
3249 5136 3350 5207 τὴν
3369 5137 3476 5189 τῶν
3494 5137 3681 5205 ἁγίων

2093 5225 2375 5294 θεολογίαν
2401 5224 2490 5279 διὰ
2525 5224 2595 5277 τὰ
2619 5227 2684 5278 ἐκ
2711 5227 2805 5280 τοῦ
2835 5229 3012 5297 Λόγου
3039 5230 3508 5301 ὲπισυμδαίνοντα
3541 5233 3684 5296 iam;

2094 5319 2271 5374 ἄτοπα
2306 5317 2406 5374 καὶ
2442 5316 2703 5372 ἀδύνατα.
2752 5317 2912 5373 Οῦτω
2962 5324 3073 5388 γὰρ
3125 5325 3220 5378 καὶ
3257 5325 3357 5390 τὴν
3410 5322 3688 5395 ἀληθινὴν

2096 5411 2285 5466 πίστιν
2328 5413 2552 5466 ἅπασαν
2607 5410 2818 5465 πολλῶν
2851 5414 3099 5485 ἀποριῶν
3147 5416 3561 5486 ἀναπλήσουσιν
3623 5419 3688 5472 οἱ

2098 5501 2272 5556 ταῦτα
2298 5503 2631 5573 τολμῶντες,
2749 5503 3021 5575 πολλαχοῦ
3051 5507 3282 5574 φυσικὸν
3316 5507 3693 5577 ἐναντιούμε-

2101 5611 2190 5648 νον
2235 5595 2316 5666 (5)
2349 5593 2508 5663 λόγον
2535 5594 2686 5650 ἐστιν
2721 5595 2870 5663 ἰδεῖν,
2905 5602 3000 5652 καὶ
3029 5599 3127 5664 τὰς
3158 5601 3256 5670 τῆς
3279 5601 3515 5662 πίστεως
3547 5599 3696 5654 ὑπο-

2092 5713 2253 5848 νεέἓι)
2283 5713 2427 5770 MO".
2458 5715 2529 5770 Ξῖ
2557 5716 2596 5784 r’
2622 5716 2728 5774 2‘9
2763 5719 2794 5774 ι)
2834 5734 2849 5772 ³
2892 5713 2927 5789 ἦ
2985 5718 3252 5791 πολλαΧώ
3303 5737 3363 5791 φο
3399 5719 3696 5774 ὲναντιού..
