3900 6216
259 312 374 381 129

1327 303 1763 366 llEFUTATlO
1811 305 1861 364 Μ
1877 303 2056 364 ARCI
2095 300 2477 364 EPHESINL

3394 296 3494 360 130

255 423 435 482 θέσεις
458 433 516 470 εν
538 413 891 486 προσχήματι
915 411 1197 482 ζοτήσεως
1237 413 1649 484 ἀναιρήσουσιν.
1680 412 1824 464 Ἀλλ’

1933 412 2063 468 dere
2093 413 2242 478 licet,
2274 422 2440 482 atque
2475 409 2602 466 lidei
2635 408 2902 479 principia
2937 407 3040 464 sub
3071 407 3266 478 specie
3287 407 3497 478 disqui-

257 513 351 565 ἵνα
378 509 470 562 καὶ
500 509 598 576 τὴν
632 505 894 572 ἀλήθειαν
929 503 1100 572 αὐτὴν
1142 503 1237 556 καὶ
1281 505 1381 572 τὴν
1415 504 1523 556 τῶν
1566 503 1820 557 διδασκά-

250 601 360 652 λων
413 599 582 666 τιμὴν
623 594 718 648 ὑπ’
749 593 936 656 ἀνοίας
987 593 1086 647 καὶ
1147 593 1482 662 φιλονεικίας
1534 592 1678 646 οὕτω
1735 595 1823 646 δο-

253 689 456 742 κοῦσαν
493 686 817 740 σαλεύεσθαι
862 683 1236 755 βεϐαιώσωσιν
1288 686 1336 736 οἱ
1365 685 1584 737 Λατῖνοι
1625 685 1716 737 καὶ
1748 684 1824 755 μὴ

250 783 476 846 δόξωσιν
507 779 712 848 ἀπορίᾳ⁵
742 777 851 831 τῶν
897 775 1251 845 ἀποκρίσεων
1282 775 1376 827 ἐπὶ
1415 775 1478 826 τὸ
1516 775 1626 827 τῶν
1673 776 1820 828 διδα-

255 873 469 925 σκάλων
505 868 872 936 καταφεύγειν
903 867 1145 936 ἀξίωμα,
1178 869 1272 920 καὶ
1298 868 1513 938 μάλισθ’
1539 869 1621 920 ὃτι
1650 866 1824 935 γινώ-

255 961 448 1016 σκουσί
478 977 631 1023 τινας
664 958 988 1028 προχείρους
1035 959 1196 1020 ὄντας
1227 959 1322 1011 καὶ
1363 959 1506 1012 κατὰ
1538 959 1649 1010 τῶν
1672 959 1818 1011 διδα-

259 1055 476 1107 σκάλων
513 1049 788 1121 προπετές
834 1068 886 1102 τι
934 1049 1116 1116 λέγειν
1151 1049 1244 1102 καὶ
1291 1048 1564 1119 ἄγνωμον,
1596 1049 1826 1120 ἀποκρι-

250 1146 470 1197 νοῦνται
500 1144 598 1196 καὶ
638 1141 776 1210 πρὸς
815 1140 1016 1210 ταύτην
1053 1139 1128 1202 ὡς
1163 1141 1220 1192 ὲν
1262 1139 1456 1210 βραχεῖ
1484 1140 1581 1209 τὴν
1610 1140 1821 1210 ἐρώτη-

254 1255 362 1300 σιν,
386 1237 466 1288 ὅτι
495 1235 558 1287 τὸ
587 1233 810 1300 Πνεῦμα
855 1233 921 1284 τί)
949 1233 1107 1298 ἅγιον
1141 1233 1204 1285 ἐκ
1248 1232 1342 1285 τοῦ
1373 1233 1583 1302 Πατρδς
1613 1234 1704 1285 καὶ
1733 1233 1825 1284 τοῦ

251 1326 384 1377 Υίοῦ
442 1323 833 1393 ἐκπορεύεται,
889 1320 1026 1374 καθά
1084 1322 1222 1373 εἰσιν
1273 1321 1333 1374 ἓν
1359 1339 1413 1373 τι
1458 1321 1826 1390 προσωπικῶς

247 1414 699 1484 διακεκριμένον,
724 1411 864 1464 ὥστε
889 1411 987 1482 τὴν
1018 1411 1115 1480 μὲν
1136 1411 1366 1478 ἑνότητα
1391 1411 1596 1481 μηδένα
1627 1409 1828 1478 τρόπον

247 1510 350 1579 ea,
382 1508 560 1576 ἀρχὰς
590 1505 684 1556 δύο
713 1503 956 1555 νοεῖσθαι
1009 1502 1102 1554 τοῦ
1131 1503 1450 1571 Πνεύματος
1483 1501 1575 1554 τὸν
1607 1501 1828 1570 Πατέρα

249 1600 353 1650 καὶ
387 1596 481 1648 τὸν
511 1595 664 1657 Υἱὺν,
696 1592 801 1646 ὑπὸ
849 1592 907 1644 δὲ
956 1593 1055 1658 τῆς
1102 1590 1464 1661 προσωπικῆς
1504 1589 1828 1659 διακρίσεως

247 1688 354 1758 τὴν
384 1689 646 1756 σύγχυσιν
675 1683 857 1738 αὐτῶν
880 1681 1308 1751 ἀνατρέπεσθαι.
1336 1681 1451 1733 Καὶ
1473 1679 1645 1740 οὕτως
1665 1678 1828 1749 ἀχρη-

1930 505 2146 559 sitionis
2195 512 2466 559 evertent.
2520 501 2622 558 Sed
2675 512 2736 556 ut
2782 510 2838 554 et
2885 501 3168 554 veritatem
3227 499 3396 567 ipsam
3443 508 3499 554 et

1932 594 2200 649 honorem
2231 595 2518 649 doctorum
2545 633 2558 657 ,
2594 592 2689 660 qui
2737 592 2806 645 ab
2845 591 3154 660 insipientia
3185 599 3240 644 et
3272 599 3500 643 conten-

1932 688 2098 742 tionis
2121 687 2305 741 studio
2339 687 2410 739 ita
2434 684 2650 739 concuti
2684 683 2960 747 videntur,
2991 681 3339 746 conﬁrment,
3359 697 3501 736 neve

1930 793 1998 833 ex
2033 778 2214 846 inpia
2246 777 2668 846 responsionum
2709 785 2956 844 aptarunt
2993 773 3059 826 ad
3097 777 3381 826 doctorum
3410 771 3498 825 di-

1931 867 2192 938 gnitatem
2228 866 2524 934 confugere
2554 864 2864 927 videantur,
2906 879 2969 917 ac
3005 863 3314 932 praesertim
3371 861 3497 930 quia

1931 968 2268 1027 cognoscunt
2299 956 2594 1010 nonnullos
2633 965 2915 1025 promptos
2947 969 3260 1023 pronosque
3287 968 3407 1008 esse
3431 953 3499 1006 ad

1932 1048 2193 1102 audacius
2259 1046 2610 1116 iniquiusque
2664 1044 2986 1100 doctoribus
3064 1042 3498 1113 obloquendum,

1932 1138 2108 1194 Latini
2138 1140 2301 1193 etiam
2351 1138 2418 1192 ad
2451 1137 2589 1191 hanc
2634 1135 3120 1205 interrogationem
3147 1133 3393 1187 breviter
3417 1147 3502 1186 re-

1932 1231 2314 1302 spondebunt:
2345 1230 2613 1300 Spiritum
2661 1237 2911 1285 sanctum
2956 1243 3020 1280 ex
3057 1224 3216 1280 Patre
3250 1224 3498 1293 Filioque

1933 1325 2248 1393 procedere,
2278 1332 2549 1392 quatenus
2580 1338 2749 1375 unum
2785 1320 2916 1390 quid
2960 1327 3092 1373 sunt
3128 1315 3499 1386 personaliter

1935 1415 2284 1478 distinctum;
2326 1414 2560 1482 indeque
2592 1414 2856 1466 unitatem
2887 1410 3111 1480 quidem
3146 1407 3308 1462 nullo
3339 1415 3502 1476 pacto

1934 1504 2273 1574 permittere,
2307 1514 2364 1559 ut
2405 1504 2562 1558 Pater
2589 1515 2644 1558 et
2673 1503 2846 1558 Filius
2881 1503 2996 1557 duo
3035 1499 3276 1570 Spiritus
3322 1497 3502 1552 sancti

1933 1596 2198 1665 principia
2221 1595 2615 1666 intelligantur,
2641 1611 2669 1650 a
2702 1595 2984 1666 personali
3019 1607 3152 1648 vero
3171 1587 3499 1648 eorumdem

1933 1687 2282 1741 distinctione
2314 1687 2692 1742 confusionem
2741 1692 2933 1740 eorum
2979 1683 3151 1739 arceri
3207 1691 3369 1751 atque
3407 1694 3504 1734 ex-

251 1795 384 1838 στος
420 1779 455 1848 ἠ
480 1777 569 1830 τού
598 1775 786 1843 ἀνδρὸς
810 1774 1079 1844 ἐρώτησις
1112 1772 1342 1838 γίνεται.
1376 1769 1514 1824 Οὔτε
1551 1771 1666 1839 γὰρ
1691 1769 1826 1824 καθό

1933 1778 2099 1833 cludi.
2130 1779 2309 1849 Atque
2335 1778 2414 1834 sic
2439 1778 2652 1832 inutilis
2677 1777 2862 1832 evadit
2889 1775 2998 1829 .viri
3043 1774 3206 1843 hujus
3247 1773 3495 1828 interro-

250 1871 362 1922 εἰσι
396 1867 810 1935 διακεκριμένοι
851 1864 1037 1932 μόνον,
1059 1861 1185 1916 οὔτε
1217 1861 1355 1915 καθὸ
1395 1864 1531 1916 εἰσιν
1555 1861 1826 1932 ήνωμένοι

254 1959 444 2029 μόνον,
472 1956 562 2010 ῐνα
595 1956 687 2008 καὶ
717 1957 814 2017 τὰς
843 1952 1074 2015 ἀτοπίας
1116 1951 1332 2014 ὲκείνας
1381 1951 1695 2025 έπισυνάψῃ
1727 1951 1824 2020 (l).

253 2050 367 2120 τῆς
403 2049 726 2118 ἐρωτήσεως
761 2047 946 2100 τοίνυν
971 2045 1145 2108 οὕτως
1175 2043 1607 2114 ὲκὸαλλομένης,
1643 2042 1768 2096 οὔτε
1794 2044 1826 2114 ἠ

254 2142 334 2204 είς
363 2140 569 2193 ἄτοπον
597 2137 872 2206 ἀπαγωγὴ
921 2136 1108 2207 χώραν
1165 2135 1281 2206 ἔχει
1320 2136 1506 2188 λοιπὸν
1539 2135 1709 2206 αὐτῷ,
1759 2136 1826 2206 ἣν

253 2232 344 2285 sui.
370 2230 472 2298 τῆς
509 2231 834 2300 ἐρωτήσεως
881 2227 1090 2296 ταύτης
1128 2227 1329 2297 ἱδρύει,
1374 2225 1498 2279 οὗθ’
1562 2228 1710 2297 ἡμᾶς
1749 2227 1829 2279 δεῖ

257 2327 443 2377 πονεῖν
493 2323 592 2393 τὴν
642 2321 968 2376 ἀκολουθίαν
1029 2321 1138 2374 τῶν
1197 2320 1543 2392 ἑκατέρωθεν
1589 2321 1828 2374 ἀτοπιῶν

252 2415 609 2483 ἐξετάζοντας
646 2431 706 2467 τε
739 2415 834 2467 καὶ
878 2414 1222 2484 ἐλέγχοντας.
1251 2414 1318 2466 Ei.
1360 2413 1418 2467 δέ
1444 2431 1496 2467 τι
1529 2415 1625 2467 καὶ
1648 2413 1829 2481 λέγειν

253 2509 388 2578 πρὸς
417 2506 594 2560 ταῦτα
619 2508 684 2559 ὲκ
716 2505 1034 2577 περιουσίας
1065 2506 1254 2576 ἐχρῆν,
1289 2507 1388 2560 καὶ⁷
1444 2505 1606 2559 τοῦτο
1659 2523 1829 2559 κατα-

251 2599 422 2668 φανὲς
469 2599 535 2652 ἂν
581 2599 647 2652 ὲκ
695 2599 804 2652 τῶν
870 2601 952 2661 εἰς
1004 2599 1074 2652 τὰ
1121 2597 1386 2670 πρότερον
1421 2599 1830 2668 ἐπιχειρήματα

249 2691 562 2759 ἀπολογιῶν
591 2690 829 2759 γένοιτο.
871 2690 939 2744 Ἥ
974 2689 1084 2760 γὰρ
1123 2691 1261 2760 πρὸς
1301 2691 1360 2742 τὸ
1391 2689 1578 2754 ὄγδοον
1608 2689 1706 2740 καὶ
1741 2686 1829 2740 δέ·

252 2801 420 2838 κατον
459 2783 616 2846 λύσις
645 2785 742 2835 καὶ
783 2783 891 2836 τῶν
937 2782 1274 2836 ἀκολουθιῶν
1319 2781 1476 2834 ἔσται
1503 2779 1710 2833 τούτων
1740 2779 1832 2832 λυ-

259 2876 391 2944 τικὴ
436 2878 536 2928 καὶ
603 2874 896 2944 ὲλεγκτικὴ
939 2875 1048 2937 τοῖς
1083 2873 1296 2933 ἐκεῖθεν
1321 2872 1565 2940 ἐκλέγειν
1607 2870 1832 2940 δυνησο-

253 2969 469 3037 μένοις,
517 2968 639 3018 ἐπεί
669 2965 751 3048 τοι
783 2982 848 3034 γε
910 2966 1206 3036 συντομίας
1257 2963 1643 3036 φροντίζουσιν
1695 2964 1828 3035 ἡμῖν

254 3062 344 3111 καὶ
379 3058 698 3128 ἆμακόρον
729 3056 958 3110 λαὸοὖσι
1007 3057 1116 3110 τῶν
1155 3054 1430 3126 περιττῶν
1469 3055 1562 3108 καὶ
1589 3054 1830 3122 ἀσυναρ-

251 3154 434 3220 τήτων
476 3149 567 3201 τοῦ
599 3149 789 3219 ἀνδρὸς
820 3149 997 3216 λόγων
1033 3147 1165 3216 περ)Ι
1196 3148 1306 3200 τῶν
1335 3145 1516 3200 αὐτῶν
1555 3145 1820 3208 πολλάκις

251 3242 436 3306 λέγειν
466 3240 565 3292 οὐκ
618 3239 839 3308 ἧρεσεν.
880 3237 1174 3308 Ἐμπαίζει
1205 3236 1261 3290 δὲ
1307 3239 1374 3308 τῇ
1418 3236 1530 3290 τῶν
1574 3235 1820 3290 Λατίνων

254 3331 550 3400 ἀποκρίσει
581 3328 656 3392 ὡς
703 3329 804 3380 οὐκ
845 3328 1146 3402 ἀναιρούσῃ
1186 3329 1286 3399 τὴν
1316 3331 1396 3393 είς
1436 3328 1638 3383 ἄτοπον
1678 3329 1822 3382 ἀπα-

253 3425 468 3492 γωγὴν,
503 3422 636 3474 ἀλλά
664 3423 725 3474 τὸ
753 3421 1017 3476 ἀδύνατον
1040 3421 1305 3491 δεικνύσῃ
1344 3421 1530 3490 μόνον,
1552 3422 1634 3474 ὅτι
1671 3420 1822 3474 ἐστὶν

255 3514 544 3575 ἀδύνατον,
569 3512 660 3565 καὶ
696 3511 1024 3581 παρεικάζει
1055 3512 1234 3584 ταύτῃ
1261 3512 1386 3565 τινὰ
1411 3512 1725 3581 ἀπόκρισιν,
1746 3506 1824 3566 ὧν

255 3605 456 3657 ὁπόσον
488 3621 539 3656 τι
574 3603 634 3657 τὸ
678 3602 935 3672 διάφορον
975 3602 1264 3672 πόρρωθεν
1311 3605 1424 3666 τοῖς
1467 3602 1691 3674 λογικῆς
1727 3605 1824 3656 καὶ

255 3695 511 3750 ὁπωσοῦν
566 3697 925 3766 γεγευμένοις
972 3696 1294 3766 κατάδηλον.
1348 3691 1541 3766 Οἶμαι,
1593 3697 1677 3750 ὅτι
1727 3697 1824 3750 καὶ

259 3790 475 3850 πολλοῖς
511 3787 689 3850 ἀλλοις
732 3785 997 3856 ἐμπαίζει
1045 3785 1428 3856 ἀληθεστάτων
1465 3787 1680 3856 ῥαδίως.
1728 3788 1823 3838 Πι-

260 3885 499 3937 στευέτω
529 3882 636 3954 γάρ
667 3899 774 3946 τις,
804 3884 894 3934 τὸν
925 3882 1051 3935 Υίὸν
1087 3883 1252 3953 σοφὸν
1279 3881 1309 3952 ἢ
1336 3883 1538 3948 ἀγαθὸν
1573 3882 1605 3953 ἢ
1647 3883 1822 3954 ἀληθῆ

259 3978 384 4030 Θεὶν
422 3972 591 4042 εἶναι,
630 3975 883 4044 καθάπερ
918 3977 1012 4028 καὶ
1050 3975 1143 4028 τὸν
1177 3977 1399 4045 Πατέρα
1423 3993 1437 4006 ο
1474 3977 1736 4045 ἐρωτάτω
1769 3975 1826 4027 δέ

259 4087 332 4131 τις
364 4068 560 4131 αὑτὸν,
595 4069 720 4120 ὅτου
757 4067 920 4137 χάριν
949 4066 1109 4120 τοῦτο
1153 4068 1427 4136 πιστεύει,
1463 4073 1556 4122 καὶ
1592 4070 1827 4138 ἀποκρι-

227 4161 461 4222 ινὲσθω,
489 4159 570 4211 ὃτι
595 4160 686 4213 διὰ
721 4160 782 4213 τὸ
809 4159 1050 4225 ἀκούειν,
1076 4160 1157 4213 ὅτι
1180 4161 1356 4214 πάντα
1392 4161 1458 4214 τὰ
1488 4161 1580 4215 τοῦ
1613 4161 1827 4232 Ηατρὸς

257 4250 346 4301 καὶ
377 4253 408 4303 ὁ
453 4248 579 4310 Υἱὸς
608 4248 721 4317 ἔχει
743 4263 760 4278 ο
798 4249 827 4300 ὁ
859 4248 918 4300 δὲ
954 4249 1219 4315 ἀπαγέτω
1256 4249 1447 4302 τοῦτον
1493 4251 1572 4312 είς
1601 4249 1826 4303 ἄτοπον.

259 4340 314 4391 Εἰ
346 4342 443 4393 διὰ
480 4341 541 4393 τὸ
587 4341 766 4392 πάντα
790 4338 876 4393 ’τά
919 4340 1013 4393 τοῦ
1047 4341 1262 4410 [ἰατρὸς
1297 4341 1390 4395 τὸν
1415 4341 1542 4394 Υἱὸν
1575 4341 1716 4411 ἔχειν
1746 4359 1829 4394 νο-

1853 3100 1901 3162 C

1927 1870 2094 1939 gatio.
2122 1868 2308 1938 Neque
2341 1868 2488 1924 cutim
2522 1879 2792 1938 quatenus
2836 1874 2966 1922 sunt
3001 1863 3249 1920 distincti
3299 1864 3496 1925 solum,

1928 1974 2031 2013 nec
2072 1967 2344 2029 quatenus
2389 1970 2519 2015 sunt
2566 1958 2703 2014 uniti
2759 1959 2959 2026 solum,
2994 1955 3159 2012 Pater
3201 1965 3266 2011 et
3321 1953 3497 2009 Filius

1928 2050 2188 2122 Spiritum
2231 2059 2476 2104 sanctum
2514 2051 2847 2120 producunt,
2882 2057 2943 2102 ut
2991 2046 3226 2102 absurda
3251 2045 3343 2100 illa
3381 2043 3498 2112 ipse

1929 2158 2035 2197 una
2070 2143 2382 2212 conjungat.
2413 2139 2549 2195 Cum
2590 2143 2760 2211 igitur
2801 2137 3156 2206 interrogatio
3199 2135 3275 2190 ita
3318 2135 3498 2205 ejecta

1927 2236 2020 2298 sit,
2037 2249 2214 2304 neque
2240 2234 2497 2290 deductio
2516 2233 2582 2287 ad
2609 2231 2906 2287 absurdum
2932 2230 3167 2299 amplius
3189 2227 3289 2296 ipsi
3315 2227 3498 2281 locum

1928 2324 2113 2391 habet,
2143 2340 2306 2396 quam
2343 2339 2508 2388 super
2547 2324 2687 2377 hanc
2729 2321 3216 2392 interrogationem
3264 2318 3497 2377 stabilit.

1929 2432 2106 2486 neque
2133 2417 2291 2472 nobis
2321 2415 2678 2471 laborandum
2699 2414 2872 2479 est,in
2897 2410 3284 2482 consequentia
3305 2425 3498 2465 earum

1929 2524 2050 2579 qua:
2099 2509 2166 2564 ab
2220 2517 2450 2579 utraque
2495 2520 2647 2578 parte
2707 2505 3042 2570 inferuntur,
3094 2503 3498 2558 absurditatum

1931 2603 2321 2676 perscrutanda
2359 2617 2422 2657 ac
2459 2599 2764 2656 refutanda.
2808 2597 2866 2652 Si
2905 2613 3037 2653 vero
3091 2604 3308 2667 oportet
3335 2595 3503 2650 etiam

1929 2693 2136 2761 aliquid
2170 2693 2236 2748 ad
2267 2693 2380 2748 hate
2415 2709 2480 2747 ex
2529 2691 2865 2746 abundantia
2905 2689 3118 2746 dicere.
3152 2696 3209 2742 et
3249 2687 3353 2742 hoc
3379 2701 3507 2756 per-

1929 2787 2182 2855 spicuum
2217 2785 2307 2839 {iet
2348 2801 2414 2840 ex
2465 2783 2940 2854 responsionibus,
2965 2797 3088 2852 qua:
3134 2780 3395 2836 dedimus
3434 2779 3504 2834 ad

1929 2878 2114 2947 priora
2141 2885 2480 2946 argumenta.
2517 2877 2650 2931 Nam
2689 2875 2891 2930 solatio
2933 2875 3059 2929 data
3112 2872 3179 2926 ad
3211 2887 3504 2944 argumen-

1934 2978 2044 3023 tum
2073 2979 2326 3023 octavum
2369 2978 2426 3022 et
2467 2967 2739 3022 decimum
2773 2967 2941 3021 etiam
2982 2965 3051 3019 ad
3077 2965 3501 3035 consequentias

1933 3059 2219 3116 solvendas
2245 3067 2300 3112 et
2345 3058 2674 3114 refellendas
2701 3057 2899 3112 idonea
2939 3057 3046 3110 erit
3100 3057 3168 3110 iis
3223 3057 3316 3126 qui
3373 3056 3502 3111 inde

1935 3160 2059 3220 apta
2091 3152 2320 3222 seligere
2374 3157 2658 3220 poterunt,
2684 3147 2903 3219 quando
2927 3148 3148 3217 quidem
3194 3147 3353 3203 nobis
3379 3147 3506 3202 bre-

1939 3245 2128 3301 vitatis
2189 3243 2450 3299 studiosis
2483 3253 2539 3297 et
2577 3241 2740 3297 simul
2792 3241 3010 3297 fastidio
3050 3241 3272 3310 repletis
3304 3255 3507 3311 super-

1934 3351 2230 3391 vacaneam
2285 3345 2340 3390 et
2395 3333 2582 3389 debito
2630 3348 2773 3390 nexu
2835 3340 3114 3389 carentem
3173 3334 3336 3404 hujus
3399 3333 3505 3386 viri

1935 3426 2360 3496 disputationem
2397 3425 2470 3480 de
2507 3423 2698 3479 iisdem
2731 3439 2875 3494 saepe
2911 3424 3060 3494 loqui
3103 3424 3244 3478 haud
3273 3423 3502 3492 placuit.

1938 3517 2206 3572 Ludibrio
2249 3525 2432 3570 autem
2483 3515 2649 3570 habet
2699 3514 3020 3569 Latinorum
3064 3529 3386 3585 responsum
3445 3523 3509 3568 ut

1937 3626 2046 3666 non
2073 3619 2332 3665 evertens
2361 3623 2513 3664 suam
2539 3608 2607 3663 ad
2643 3608 2940 3664 absurdqu
2974 3609 3380 3675 deductionem,
3405 3609 3502 3664 sed

1938 3699 2436 3770 impossibilitatem
2478 3701 2741 3755 duntaxat
2775 3701 3106 3766 ostendens,
3135 3699 3268 3770 quid
3302 3701 3509 3770 impos-

1940 3791 2167 3846 sibilitas
2197 3799 2318 3854 est;
2349 3798 2402 3843 et
2451 3798 2736 3860 comparat
2774 3805 2897 3845 cum
2938 3806 3006 3844 eo
3045 3791 3319 3860 quoddam
3361 3791 3508 3845 aliud

1939 3897 2285 3952 responsum.
2319 3881 2450 3948 Quae
2479 3882 2622 3936 inter
2667 3891 2870 3951 quanta
2920 3885 2992 3936 sit
3032 3883 3364 3947 diﬂ‘erentia.
3397 3899 3511 3937 ma-
3561 3892 3568 3898 '

1940 3976 2195 4030 nil‘estum
2221 3986 2302 4030 est
2330 3975 2396 4029 iis
2441 3975 2533 4044 qui
2565 3973 2948 4044 primisrlahiis
2979 3984 3032 4027 et
3067 3984 3345 4045 utcunque
3375 3976 3512 4048 lngi-

1941 4082 2060 4122 cam
2085 4076 2394 4138 gustarunt.
2420 4067 2558 4122 Puto
2588 4080 2713 4121 eum
2750 4065 2909 4120 facile
2935 4074 2992 4120 et
3015 4067 3186 4121 multa
3217 4068 3320 4123 alia
3369 4069 3515 4123 ludio

1939 4157 2061 4213 brio
2097 4158 2436 4221 habiturum,
2476 4172 2597 4225 quae
2640 4164 2768 4211 sunt
2807 4155 3112 4212 verissima.
3162 4156 3292 4223 Fac,
3326 4149 3514 4212 credat

1939 4252 2062 4319 quis
2086 4248 2280 4304 Filium
2317 4250 2620 4318 sapientem
2651 4248 2735 4304 vel
2771 4247 2976 4304 bonum
3003 4250 3086 4304 vel
3123 4265 3310 4306 verum
3341 4251 3512 4305 Deum

1939 4357 2059 4397 esse
2105 4342 2247 4395 sicut
2289 4349 2345 4395 et
2388 4341 2646 4404 Patrem;
2688 4350 2899 4410 qucrat
2940 4356 3004 4396 ex
3045 4356 3110 4396 eo
3139 4343 3384 4412 quidam,
3415 4357 3516 4398 cur

265 4433 441 4495 μίξεις
469 4431 629 4483 αὐτὸν
659 4433 752 4485 καὶ
780 4432 986 4499 ἀγαθὸν
1009 4435 1105 4486 καὶ
1134 4437 1298 4503 σοφὸν
1321 4432 1488 4498 εἶναι,
1512 4435 1609 4487 καὶ
1638 4434 1826 4504 Πατὴρ

1933 4432 2034 4486 hoc
2062 4432 2250 4486 credat
2275 4451 2289 4496 ;
2328 4431 2658 4502 respondeat
2700 4432 2810 4495 ille,
2853 4446 2912 4486 se
2959 4432 3204 4493 credere.
3247 4436 3375 4503 quia
3420 4449 3516 4487 au-

263 4523 410 4576 ἱσται
441 4539 459 4552 ⁶
488 4521 770 4575 καὶτοῦτο
803 4526 910 4592 γὰρ
947 4525 1009 4576 ἓν
1043 4528 1160 4578 ἔστι
1189 4526 1297 4578 τῶν
1331 4527 1686 4597 ὑπαρχόντων
1725 4528 1834 4578 Πα-

259 4614 373 4678 τρί·
443 4613 827 4682 ἀποκρινεῖται
888 4617 1092 4678 τοίνυν,
1123 4617 1206 4670 ὅτι
1254 4612 1324 4686 ἦν
1354 4616 1421 4669 ἂν
1475 4619 1569 4670 καὶ
1614 4615 1770 4670 τοῦτο
1805 4617 1832 4669 ὁ

262 4699 403 4766 Υἱδς,
447 4703 497 4753 εί
531 4702 607 4770 μὴ
643 4702 905 4757 ἀδύνατον
935 4700 1004 4774 ἦν
1024 4721 1038 4736 ο
1086 4706 1352 4758 ἀδύνατον
1385 4707 1440 4760 δὲ
1474 4707 1564 4758 διὰ
1596 4706 1656 4759 τὸ
1688 4707 1832 4759 ἀντι-

265 4795 476 4847 κεῖσθαι
500 4793 662 4846 τοῦτο
688 4794 767 4862 τῷ
807 4795 902 4848 τοῦ
935 4796 1073 4850 Υίοῦ
1101 4797 1248 4867 λόγῳ
1279 4799 1372 4850 καὶ
1405 4797 1495 4849 διὰ
1525 4797 1584 4851 τὸ
1617 4799 1674 4848 ὲν
1712 4800 1828 4858 τοῖς

265 4882 422 4947 θείοις
463 4884 559 4936 ἕνα
603 4885 732 4937 Υἱὺν
785 4884 950 4940 εἶναι.
985 4887 1097 4938 Kal.
1140 4887 1342 4957 ταύτης
1382 4888 1492 4957 ἀρα
1536 4889 1634 4958 τῆς
1691 4889 1829 4940 ἀπο-

267 4977 492 5041 κρίσεως
532 4979 965 5046 καταφρονήσει,
1015 4978 1173 5050 είπερ
1220 4981 1470 5049 ἐκείνης’
1518 4983 1619 5046 τὴν
1663 4979 1832 5050 αὐτὴν

264 5069 366 5135 γὰρ
410 5069 595 5136 ἔχουσι
623 5069 891 5138 δύναμινο
945 5070 1062 5122 ἀλλ’
1090 5071 1152 5123 ού
1194 5074 1448 5142 χαιρήσει
1489 5075 1830 5144 κατηγορῶν,

269 5157 363 5222 ἱως
399 5161 465 5212 ἂν
562 5178 644 5220 τις
674 5163 926 5232 ἐλέγχειν
951 5161 1020 5214 τὰ
1049 5163 1275 5216 τοιαῦτα
1314 5164 1634 5234 δυνάμενος.

1933 4527 2118 4592 dierit,
2147 4526 2352 4590 omnia,
2379 4539 2501 4593 qua;
2539 4534 2668 4578 sunt
2707 4522 2886 4577 Patris
2935 4523 3138 4578 habere
3171 4525 3398 4588 Filium;
3427 4527 3515 4579 hic

1932 4633 2064 4673 vero
2098 4619 2170 4672 ita
2201 4631 2328 4670 eum
2367 4616 2434 4670 ad
2462 4615 2764 4669 absurdum
2792 4615 3032 4670 deducat
3068 4633 3080 4668 :
3126 4616 3182 4670 Si
3219 4617 3343 4672 idco
3385 4619 3514 4687 quia

1933 4710 2138 4772 omnia,
2163 4723 2284 4778 quae
2313 4719 2442 4762 sunt
2469 4707 2669 4771 Patris,
2702 4707 2866 4763 habet
2898 4707 3088 4770 Filius,
3125 4707 3323 4764 Filium
3354 4718 3516 4780 putas
3581 4716 3587 4738 ³

1932 4810 1988 4856 et
2015 4802 2218 4856 bonum
2241 4810 2297 4856 et
2333 4801 2635 4870 sapientem
2670 4815 2812 4865 esse,
2845 4801 3010 4856 etiam
3042 4802 3203 4860 Pater
3235 4802 3361 4864 erit,
3388 4816 3513 4856 nam

1939 4903 1997 4948 et
2046 4893 2146 4946 hoc
2178 4907 2242 4946 ex
2286 4892 2354 4946 iis
2391 4905 2495 4957 est,
2539 4907 2659 4962 qua:
2718 4892 2893 4947 Patris
2933 4905 3084 4948 sunt.
3142 4893 3517 4964 Respondebit

1943 4984 2108 5054 igitur
2152 4985 2275 5048 ille,
2313 4985 2479 5038 etiam
2529 4985 2632 5038 hoc
2675 4985 2942 5054 (Patrem)
2993 4986 3110 5041 fore
3151 4987 3370 5051 Filium,
3406 4987 3515 5042 nisi

1945 5073 2285 5144 impossibile
2310 5087 2490 5134 esset:
2528 5077 2862 5144 impossibile
2909 5089 3091 5131 autem
3141 5092 3263 5133 esse
3291 5079 3419 5149 quia
3461 5079 3515 5134 id

1941 5164 2065 5220 Filii
2102 5168 2301 5222 rationi
2363 5169 2659 5238 opponitur
2704 5178 2760 5223 et
2811 5171 2936 5237 quia
2993 5188 3135 5227 unus
3199 5173 3256 5227 in
3311 5172 3516 5228 divinis

268 5248 428 5306 Filius
474 5262 577 5308 est.
631 5252 779 5308 Hanc
810 5270 940 5324 ergo
983 5270 1203 5325 quoque
1252 5257 1667 5326 responsionem
1737 5266 2086 5327 contemnet,
2148 5261 2420 5330 siquidem
2489 5261 2635 5316 illam
2683 5262 2964 5332 despectui
3006 5267 3168 5319 habet
3213 5267 3508 5325 :earndem

269 5349 402 5401 enim
449 5349 610 5405 habet
635 5352 763 5405 vim.
799 5351 910 5406 Sed
948 5366 1053 5407 non
1080 5350 1338 5422 gaudebit
1408 5353 1463 5408 in
1525 5355 1640 5410 suis
1709 5358 2176 5427 accusationibus,
2203 5358 2448 5429 quandiu
2481 5359 2586 5414 erit
2628 5359 2859 5430 aliquis,
2893 5362 2984 5433 qui
3040 5364 3218 5418 valeat
3257 5364 3383 5419 talia
3426 5379 3516 5418 re-

271 5435 457 5496 (utare.

333 5627 411 5698 (Ι)
450 5629 636 5700 Aliqua
667 5629 857 5686 deesse
881 5631 1158 5687 videntur.

594 5752 860 5809 Parum"
919 5749 1036 5809 Gn.
1067 5744 1273 5807 CLXI.
