3900 6216
283 4801 289 4809 ς

282 4824 287 4835 ι

292 4660 317 4705 Γ

296 4638 764 4727 εξιιιιοιιοηιιιίιιο
806 4636 1077 4710 procedit,
1112 4636 1421 4705 .utrius'que
1472 4631 1553 4687 rei
1602 4644 1770 4685 causa
1825 4636 1910 4683 est

296 4720 706 4799 :solusrl’ater,
738 4732 832 4802 qui
877 4738 934 4786 et
961 4727 1087 4783 Filii
1136 4734 1193 4782 et
1248 4723 1494 4795 Spiritus
1526 4720 1704 4777 sancti
1741 4733 1905 4774 causa

307 4730 427 4947 gest
454 4836 618 4896 atque
647 4837 839 4879 eorum
874 4819 1148 4885 omnium,
1180 4831 1303 4886 quae
1331 4814 1419 4869 his
1449 4814 1678 4879 insunt;
1723 4825 1905 4880 quam

306 4922 312 4928 ·
346 4920 534 4947 "in..."
581 4925 633 4947 ..ι
689 4910 911 4947 ιπ-ηηι-ἰο
952 4920 1115 4947 pgnas:
1151 4906 1356 4947 dinilnr
1390 4913 1445 4947 at
1480 4901 1645 4947 modo
1678 4901 1905 4947 cumuli-

304 337 407 397 135

1685 310 2108 377 BESSARION
2121 309 2186 369 IS

3457 286 3555 359 ﬁli

309 460 386 507 tat
443 451 497 503 in
537 463 652 519 per.
700 445 834 499 Nam
882 457 991 497 non
1037 437 1365 509 obsequitur
1420 446 1567 488 nunc
1612 428 1875 500 Gregorio

1995 422 2079 491 τὴν
2118 420 2215 473 διὰ
2257 416 2576 488 μεταφέρει.
2606 416 2681 468 Οὐ
2717 412 2826 482 γάρ
2874 409 3166 482 Γρηγορίῳ
3225 409 3339 480 μιν
3357 410 3438 481 τῷ
3477 410 3553 481 (ί)

300 545 552 615 Nysscno
578 554 645 594 ex
681 548 905 608 paterna
959 529 1242 604 hypostasi
1297 526 1567 598 Spiritum
1617 530 1868 577 sanctum

302 631 607 704 procedere
641 624 930 682 allirmanti
977 631 1034 677 et
1075 621 1181 674 hoc
1222 617 1400 688 ipsum
1449 625 1594 681 saepe
1637 621 1871 664 numero

308 698 483 795 {velut
512 719 682 775 armis
707 712 990 779 minitans)
1030 717 1264 780 repetet,
1299 704 1594 761 Maximum
1623 714 1757 756 vero
1775 698 1873 753 de-

302 788 506 884 spiciet
532 818 590 866 et
624 806 779 878 parvi
813 804 994 858 faciet.
1025 800 1081 863 Si
1123 798 1270 853 enim
1308 805 1366 851 et
1394 810 1496 849 nos
1523 788 1872 862 praepositio-

212 901 217 911 ’
305 880 430 960 nem
484 918 585 973 per~
630 899 683 952 in
736 912 799 951 ea:
855 905 1157 952 mutamus.
1217 891 1292 943 ita
1352 884 1607 954 inquient
1666 880 1870 944 Latini,

307 993 565 1050 Patribus
614 1004 723 1044 non
771 988 1242 1053 obtemperantes,
1277 985 1339 1031 ut
1390 985 1450 1029 tu
1495 972 1660 1039 dicis,
1706 978 1764 1024 at
1816 976 1893 1021 tu-

308 1084 530 1141 interim
586 1097 681 1151 per
727 1078 780 1133 in
832 1092 897 1130 ea:
948 1081 1130 1128 mutas
1179 1069 1417 1123 Maximo
1448 1065 1873 1131 obtemperans;

309 1182 438 1233 dum
462 1178 579 1246 ipse
599 1181 790 1243 aperte
813 1171 919 1224 huc
948 1167 1104 1228 facit,
1123 1178 1235 1219 non
1267 1160 1437 1215 audes
1467 1154 1873 1215 contradicere;

214 1262 225 1290 "
311 1282 505 1341 quare
535 1280 646 1320 non
687 1261 880 1323 habes,
928 1256 1075 1325 quod
1125 1256 1181 1309 in
1213 1253 1375 1308 nobis
1422 1247 1757 1307 dicentibus,
1807 1258 1875 1296 ex

308 1337 453 1414 liilio
516 1353 822 1426 procedere
890 1348 1157 1418 Spiritum
1223 1350 1501 1404 sanctum,
1562 1337 1874 1405 vituperes,

309 1448 534 1521 quando
579 1444 901 1518 perFilium
936 1441 992 1495 id
1045 1438 1441 1508 intelligamus,
1492 1428 1643 1502 quod
1693 1438 1877 1495 neque

312 1515 832 1596 ﬂeximus-eorum
886 1544 1197 1601 temporum
1255 1524 1470 1580 Latinis
1521 1515 1880 1590 exprobravit

310 1632 652 1688 conﬁdenter
676 1623 1120 1682 asseverantibus
1150 1620 1224 1674 ita
1254 1632 1312 1673 se
1353 1614 1561 1671 sentire
1599 1620 1656 1666 et
1686 1610 1762 1664 ita
1796 1606 1881 1662 di-

1978 514 2206 583 Νύσσης
2274 511 2603 581 πειθήσεται
2678 507 2913 576 λέγοντι,
2979 506 3046 558 ἐκ
3120 504 3224 573 τῆς
3280 502 3554 573 πατρικῆς

1979 603 2381 674 ἐκπορεύεσθαι
2418 602 2479 655 τὸ
2506 599 2730 670 Πνεῦμα
2773 600 2836 652 τὺ
2866 598 3023 666 ἆγιον
3052 594 3431 657 ὑποστάσεως,
3460 590 3557 644 καὶ

1931 724 1941 733 κ
1975 695 2122 749 τοῦτ’
2150 695 2286 749 αύτδ
2324 694 2590 757 πολλάκις
2632 692 2826 763 ὥσπερ
2870 689 3136 743 ἐπισείων
3170 687 3251 757 (2)
3289 686 3429 757 ἐρεῖ,
3462 685 3559 738 καὶ

1974 787 2232 856 Μάξιμον
2270 784 2328 839 δὲ
2371 784 2638 853 ἀτιμάσει
2668 781 2773 836 καὶ
2824 778 3173 852 περιόψεται.
3215 776 3279 829 ΕΞ
3312 774 3426 845 γάρ
3463 772 3559 826 καὶ

1975 880 2139 949 ἡμεῖς
2182 877 2282 947 τὴν
2316 876 2416 931 διὰ
2458 877 2540 939 είς
2585 874 2688 946 τὴν
2733 874 2803 928 ἐκ
2852 871 3261 942 μεταφέρομεν,
3295 866 3560 938 φήσουσι,

1976 973 2089 1032 τοῖς
2140 969 2421 1038 Πατράσιν
2460 967 2843 1033 ἀπειθοῦντες,
2875 964 2952 1028 ὡς
3001 963 3207 1032 λέγεις,
3239 959 3380 1013 ἀλλὰ
3420 956 3561 1019 τέως

1979 1067 2044 1121 σὺ
2080 1066 2179 1135 μὲν
2212 1065 2310 1135 τὴν
2363 1064 2462 1118 διὰ
2494 1066 2574 1126 είς
2613 1062 2714 1134 τὴν
2743 1063 2812 1115 ἐκ
2850 1057 3185 1131 μεταφέρεις
3219 1056 3297 1127 (5)
3327 1053 3407 1124 τῷ
3440 1054 3560 1108 Μα-

1982 1156 2125 1228 ξίμῳ
2155 1158 2512 1228 πειθόμενος·
2537 1157 2753 1210 ἐκείνου
2786 1153 3040 1224 φανερῶς
3063 1150 3222 1205 τοῦτο
3251 1148 3563 1213 ποιοῦντος,

1980 1250 2142 1312 αὐτὸς
2201 1249 2263 1302 οὐ
2317 1248 2539 1319 τολμῶν
2572 1247 2902 1314 σάντιλέγειν
2930 1261 2944 1276 ·
2978 1243 3114 1298 ὥστ’
3168 1242 3268 1295 οὐκ
3317 1241 3384 1295 ἂν
3414 1239 3565 1308 ἔχοις

1978 1341 2228 1409 ἐγκαλεῖν
2258 1342 2393 1411 ἡμῖν
2437 1342 2503 1394 ἐκ
2546 1338 2641 1392 τοῦ
2674 1337 2802 1392 Υξοῦ
2854 1337 3107 1405 λέγουσιν
3162 1330 3563 1397 ἐκπορεύεσθαι

1976 1431 2040 1484 τὸ
2089 1424 2314 1500 Πνεῦμα
2361 1432 2423 1484 τὸ
2457 1430 2634 1498 ἅγιον,
2665 1429 2760 1484 ἐὰν
2810 1429 2899 1482 διὰ
2937 1427 3033 1482 τοῦ
3066 1423 3202 1479 Υίοῦ
3235 1423 3394 1476 τοῦτο
3420 1423 3564 1475 νοῶ-

1982 1537 2106 1591 μεν.
2134 1522 2272 1592 ὅπερ
2321 1522 2444 1575 οὐδὲ
2495 1519 2748 1590 Μάξιμος
2778 1523 2891 1584 τοῖς
2938 1517 3061 1572 τότε
3113 1514 3366 1575 Λατίνοις
3419 1511 3562 1565 οὓτω

1982 1618 2204 1684 φρονεῖν
2236 1617 2332 1670 καὶ
2361 1614 2506 1669 οὕτω
2550 1614 2736 1683 λέγειν
2769 1610 3208 1684 ίσχυριζομένοις
3256 1607 3556 1680 ἐμέμψατο.

310 1739 460 1780 cere.
500 1721 579 1775 'Si
636 1732 769 1774 vero
813 1711 1260 1784 praepositionem
1311 1723 1406 1778 per
1455 1717 1676 1759 rursum
1711 1701 1766 1756 in
1817 1715 1881 1753 ea:

1995 1707 2048 1760 Ei
2086 1706 2143 1806 se
2167 1705 2264 1806 rip;
2302 1706 2400 1761 διὰ
2432 1707 2598 1761 πάλιν
2626 1709 2708 1771 είς
2737 1708 2838 1776 τὴν
2878 1706 2948 1760 ἐκ
2980 1704 3384 1775 μεταφέρομεν,
3419 1701 3565 1770 ἡμέα-

318 1815 719 1874 convertimus,
769 1816 1021 1863 nostrum
1056 1810 1143 1858 est
1170 1808 1429 1857 caeterum
1463 1794 1781 1854 ostendere,
1813 1805 1881 1843 an

1995 1797 2147 1867 τερόν
2195 1798 2312 1851 ἐστι
2372 1798 2652 1853 δεικνύναι
2712 1797 2928 1863 λοιπὸν,
2989 1795 3039 1849 εί
3101 1796 3169 1866 τῇ
3223 1810 3284 1847 τε
3338 1790 3570 1871 ἀληθεία

309 1907 418 1959 hoc
463 1902 732 1957 faciamus
784 1892 1194 1952 concordantes
1227 1902 1353 1943 cum
1380 1884 1619 1940 veritate
1667 1889 1879 1936 atrum

312 2006 503 2051 sancto
550 1993 782 2047 Maximo
831 2002 934 2043 nec
981 1998 1073 2039 ne.
1119 1983 1216 2037 ille
1265 1981 1452 2048 itaque
1502 1972 1761 2031 concedit
1817 1986 1885 2024 ex

313 2088 452 2143 Filio
486 2084 753 2155 Spiritum
779 2079 909 2143 dicit,
952 2071 1346 2147 praepositione
1371 2084 1436 2123 ex
1469 2067 1592 2122 loco
1619 2060 1885 2135 praeposi-

315 2176 481 2231 tionis
525 2152 619 2245 im
677 2177 943 2239 accepta;
1005 2166 1085 2220 sic
1136 2162 1307 2224 enim,
1336 2158 1434 2222 ait,
1468 2169 1630 2211 nemo
1683 2152 1884 2208 Filium

313 2282 534 2324 causam
565 2261 940 2335 processionis
966 2256 1210 2328 Spiritus
1241 2251 1416 2310 sancti
1445 2250 1632 2305 faciet.
1668 2247 1739 2303 Et
1759 2260 1888 2301 eau-

313 2375 428 2416 sam
478 2358 571 2413 hic
619 2356 854 2426 primam
895 2364 1119 2408 causam
1171 2344 1453 2415 intelligit,
1493 2339 1732 2397 strictim
1788 2352 1885 2392 su-

315 2466 471 2508 mens
501 2463 565 2504 ac
589 2461 781 2520 presse
806 2457 986 2499 causa:
1016 2453 1243 2505 nomen,
1263 2451 1373 2491 non
1392 2432 1667 2502 explicate
1695 2437 1752 2485 et
1774 2428 1885 2483 late

314 2553 374 2597 et
400 2544 455 2597 in
490 2518 759 2610 quantum
791 2535 962 2590 habet
990 2532 1161 2586 etiam
1184 2525 1477 2598 quamdam
1515 2518 1883 2593 signiﬁcatio-

314 2638 406 2691 nis
438 2630 906 2688 inodilieatiouem
941 2624 1283 2695 adiunctam,
1324 2633 1436 2674 non
1466 2613 1776 2672 secundum
1812 2611 1885 2664 si-

320 2723 732 2795 gnificationem
763 2719 973 2783 solam;
998 2726 1160 2769 secus
1190 2710 1339 2766 enim
1371 2704 1721 2776 impossibile
1743 2701 1887 2756 foret

319 2817 617 2872 Maximum
642 2825 771 2867 vera
798 2808 1008 2862 dicere.
1034 2803 1169 2859 Nam
1199 2797 1529 2861 concedere,
1557 2809 1655 2865 per
1682 2792 1885 2847 Filium

320 2906 628 2980 procedere
683 2899 952 2973 Spiritum
1006 2901 1261 2951 sanctum
1320 2900 1378 2946 et
1440 2902 1638 2943 rursus
1687 2898 1888 2955 negare

324 2974 626 3056 universim
676 2991 877 3047 Filium
921 3000 1045 3043 esse
1095 2995 1317 3039 causam
1361 2978 1626 3048 Spiritus,
1666 2974 1722 3029 id
1765 2974 1888 3043 ejus

1989 1887 2300 1957 συμφώνως
2337 1889 2431 1942 καὶ
2470 1888 2651 1960 τούτῳ
2691 1890 2757 1962 δὴ
2789 1888 2867 1959 τῷ
2897 1886 3163 1957 Μαξίμῳ,
3210 1885 3322 1938 εἴτε
3363 1884 3459 1936 καὶ
3490 1881 3570 1954 μὴ

1986 1979 2145 2034 τοῦτο
2186 1981 2472 2050 ποιοῦμεν.
2516 1981 2754 2043 Ἐκεῖνος
2805 1980 2991 2033 τοίνυν
3049 1979 3114 2032 ἐκ
3168 1974 3265 2030 τοῦ
3318 1974 3447 2028 Υίοῦ
3506 1974 3570 2025 τὸ

1989 2074 2215 2145 Πνεῦμα
2262 2072 2523 2141 λέγεσθαι
2575 2073 2876 2143 συγχωρεῖ,
2907 2070 3009 2140 τῆς
3059 2068 3129 2123 ἐκ
3172 2066 3298 2121 ἀντὶ
3343 2064 3442 2132 τῆς
3470 2061 3573 2116 διὰ

1986 2164 2303 2235 προθέσεως
2354 2164 2691 2235 νοουμένης*
2732 2162 2877 2216 οὕτω
2935 2160 3069 2230 γὰρ,
3111 2159 3300 2228 φησὶν,
3351 2158 3451 2209 οὐκ
3500 2155 3571 2210 ἄν

1985 2273 2072 2319 τις
2109 2255 2310 2325 ποιοίη
2344 2255 2439 2308 τὸν
2470 2254 2599 2308 Υίὺν
2644 2254 2825 2308 αίτίαν
2859 2253 2962 2322 τῆς
2984 2252 3076 2305 τοῦ
3113 2251 3273 2319 άγίου
3321 2248 3573 2318 Πνεῦμα-

1986 2367 2078 2411 τος
2107 2346 2515 2418 ἐκπορεύσεως.
2552 2346 2666 2399 Καὶ
2708 2344 2890 2399 αἰτίαν
2936 2340 3171 2397 ἐνταῦθα
3210 2341 3309 2413 τὴν
3342 2341 3568 2410 πρώτην

1987 2440 2172 2493 αἰτίαν
2212 2436 2381 2507 δηλοῖ,
2415 2434 2869 2506 συνεσταλμένως
2919 2432 3218 2503 λαμϐάνων
3264 2430 3326 2485 τὸ
3361 2430 3460 2499 τῆς
3486 2431 3573 2483 αί-

1987 2531 2110 2591 τίας
2137 2530 2331 2598 ὕνομα,
2360 2528 2459 2581 οὐκ
2492 2525 2895 2599 ἐξηπλωμένως
2928 2523 3004 2596 (4)
3036 2525 3133 2578 καὶ
3174 2523 3409 2577 καθόσον
3454 2522 3572 2594 εχει

1991 2623 2084 2676 καί
2111 2639 2235 2676 τινα
2260 2621 2462 2692 τρόπον
2509 2617 2792 2689 σημασίας
2820 2615 3259 2686 συνεζευγμένον
3280 2630 3295 2646 ο
3335 2615 3396 2669 ού
3429 2616 3576 2669 κατὰ

1994 2717 2164 2784 μὸνην
2200 2714 2301 2784 τὴν
2351 2711 2631 2783 σημασίαν
2682 2709 2880 2773 (άλλως
2925 2705 3038 2779 γάρ
3083 2708 3351 2763 ἀδύνατον
3399 2708 3467 2762 ἂν
3500 2702 3576 2778 ἦν

1989 2804 2082 2855 τὸν
2136 2801 2394 2871 Μάξιμον
2447 2799 2801 2870 άληθεύειν)·
2864 2798 2929 2852 τὸ
2983 2798 3091 2869 γάρ
3150 2798 3238 2852 διὰ
3290 2796 3385 2850 τοῦ
3439 2796 3576 2849 Υίοῦ

1992 2892 2393 2964 ἐκπορεύεσθαι
2458 2892 2521 2945 τὸ
2580 2891 2808 2961 Πνεῦμα
2871 2889 3182 2960 συγχωρεῖν
3245 2889 3341 2942 καὶ
3404 2887 3574 2941 πάλιν

1991 2984 2280 3055 ἀρνεῖσθαι
2305 2983 2537 3039 καθόλου
2572 2982 2663 3037 τὸν
2692 2982 2821 3037 Yle
2850 2981 3034 3035 αἰτίαν
3080 2976 3222 3033 εἶναι
3261 2978 3373 3033 τοῦ⁸
3402 2979 3579 3031 live!»-

323 3094 490 3153 foret,
540 3089 636 3158 qui
681 3085 768 3140 vel
818 3097 880 3138 se
925 3081 1103 3151 ipsum
1142 3075 1443 3146 ignoraret.
1491 3070 1683 3138 Neque
1736 3067 1886 3119 enim

1995 3096 2189 3151 ματος,
2219 3079 2314 3132 καὶ
2362 3076 2555 3131 ἑαυτὸν
2591 3075 2916 3146 ἀγνοοῦντος
2956 3075 3023 3130 ἂν
3064 3069 3154 3145 ἦν.
3187 3074 3262 3128 Οὐ
3302 3072 3411 3142 γὰρ
3450 3075 3574 3127 ἐπι-

327 3186 464 3238 alias
494 3180 598 3235 viri
631 3178 791 3234 istius
821 3169 1316 3230 transmutationes
1353 3163 1673 3220 Graecorum
1704 3158 1892 3228 lingua

326 3276 612 3347 cognoscit
662 3286 728 3327 ac
773 3278 1041 3340 praeterea
1070 3276 1302 3334 prorsus
1335 3273 1365 3312 a
1403 3256 1617 3311 ratione
1647 3253 1892 3307 alienum

327 3371 489 3431 feret,
525 3364 571 3420 si
615 3362 742 3433 quis
778 3361 900 3414 loco
931 3351 1337 3426 prapositiouis
1368 3364 1461 3420 per
1494 3353 1725 3418 poneret
1752 3357 1894 3413 pra:-

328 3457 657 3530 positionem
695 3468 840 3507 cum.
889 3448 1008 3505 Hoc
1058 3445 1207 3501 enim
1239 3450 1400 3513 pacto
1428 3451 1485 3496 et
1534 3436 1707 3493 Filius
1745 3441 1897 3490 esset

328 3529 639 3621 procedens
677 3559 802 3601 cum
848 3541 1057 3613 Spiritu
1108 3537 1194 3592 vel
1233 3535 1474 3605 Spiritus
1517 3529 1736 3603 genitus
1768 3542 1895 3583 cum

331 3643 492 3707 Filio,
544 3642 590 3694 si
638 3638 763 3709 quis
814 3635 1046 3707 diceret,
1097 3629 1365 3699 Spiritum
1412 3623 1715 3695 procedere
1770 3635 1897 3677 cum

329 3732 495 3799 Filio,
541 3738 602 3785 ut
639 3729 726 3781 vir
776 3725 885 3781 iste
932 3721 1149 3779 statuit.
1213 3717 1289 3773 De
1348 3715 1550 3787 quibus
1582 3712 1901 3769 accuratius

333 3823 570 3879 disserui
614 3821 668 3875 in
699 3819 771 3874 iis
818 3831 943 3887 qua:
986 3811 1186 3881 scripsi
1238 3810 1292 3865 in
1332 3810 1474 3863 hanc
1512 3806 1898 3870 quaestionem.

334 3914 489 3984 Quod
519 3926 653 3968 vero
717 3908 882 3965 talem
934 3917 1161 3973 scopum
1199 3900 1368 3955 habet
1429 3897 1697 3952 Maximus
1731 3892 1915 3964 quod—'

335 4023 444 4078 que
476 4021 507 4060 a
548 4015 713 4058 causa
762 3999 837 4055 ita
877 3995 1156 4052 intellecta
1186 3990 1438 4048 excludat
1472 3985 1695 4051 Filium,
1729 3984 1903 4052 liquet

335 4077 404 4156 eo
445 4096 595 4168 quod
644 4106 758 4147 non
808 4089 942 4143 dixit
986 4099 1207 4140 causam
1251 4081 1502 4148 Spiritus,
1552 4077 1654 4132 sed
1684 4090 1903 4131 causam

337 4164 680 4260 processianis
723 4179 954 4249 Spiritus
996 4172 1187 4228 sancti.
1223 4169 1319 4224 Est
1353 4168 1522 4233 enim,
1577 4165 1777 4236 inquit,
1816 4164 1904 4218 Fi-

335 4256 445 4335 lius
472 4291 636 4334 causa
669 4272 911 4343 Spiritus
941 4277 1133 4339 utpote
1183 4279 1437 4337 peream
1484 4256 1814 4333 prodeuntis
1849 4268 1908 4314 et

337 4373 496 4428 aliter
529 4383 620 4423 res
666 4380 726 4421 se
771 4363 980 4419 habere
1008 4359 1220 4429 nequit,
1259 4356 1356 4413 sed
1392 4368 1562 4412 causa
1596 4355 1906 4424 processio—

1931 4416 1982 4475 D

1997 3170 2255 3240 γινώσκει
2295 3170 2395 3234 τὰς
2423 3169 2590 3234 ἄλλας
2620 3166 2716 3222 τοῦ
2745 3167 2943 3240 ἀνδρὸς
2986 3166 3182 3222 τούτου
3236 3166 3577 3239 μεταλήψεις

1998 3265 2032 3334 ὴ
2065 3263 2173 3315 τῶν
2220 3262 2492 3332 Ἐλλήνων
2546 3260 2720 3332 φωνὴ,
2776 3259 2914 3330 πρὸς
2950 3260 3030 3331 τῷ
3081 3260 3181 3314 καὶ
3224 3259 3580 3315 παντάπασιν

1997 3355 2195 3422 ἄλογον
2235 3349 2401 3420 εἶναι,
2431 3353 2590 3418 εἴτις
2626 3353 2709 3417 είς
2758 3352 2859 3423 τὴν
2884 3353 3036 3423 μετὰ
3073 3353 3172 3423 τὴν
3203 3352 3303 3409 διὰ
3338 3353 3582 3424 μεταλάο

1998 3448 2084 3501 ϐοι
2121 3445 2221 3517 (5).
2242 3448 2433 3501 Ἔσται
2469 3446 2575 3518 γὰρ
2610 3444 2707 3500 καὶ
2740 3447 2770 3497 ὁ
2804 3445 2936 3509 Υἱὸς
2967 3446 3411 3518 ἐκπορευόμενος
3435 3445 3585 3517 μετᾶ

1996 3541 2094 3595 τοῦ
2125 3541 2467 3611 Πνεύματος,
2496 3540 2529 3610 ἢ
2566 3540 2659 3593 καὶ
2683 3539 2745 3593 τὸ
2785 3538 3013 3609 Πνεῦμα
3055 3538 3401 3609 γεννώμενον
3431 3538 3584 3607 μετὰ

2000 3632 2094 3686 τοῦ
2150 3632 2402 3697 Υίοῦ,”εῖ
2448 3649 2530 3696 τις
2574 3631 2744 3701 λέγοι,
2783 3633 2845 3686 τὸ
2896 3631 3121 3702 Πνεῦμα
3173 3630 3582 3701 ἐκπορεύεσθαι

2004 3725 2144 3795 μετὰ
2187 3723 2280 3777 τοῦ
2314 3722 2468 3791 Υίοῦ,
2501 3723 2577 3787 ὡς
2615 3724 2643 3780 ὸ
2691 3724 2831 3795 άνὴρ
2872 3725 3038 3791 ἀξιοῖ.
3070 3724 3207 3796 Περὶ
3236 3720 3311 3779 ὦν
3345 3723 3585 3794 ἀκριϐέ-

2005 3830 2195 3885 στερον
2225 3815 2284 3866 ἐν
2316 3817 2426 3879 τοῖς
2455 3816 2534 3878 είς
2568 3815 2631 3869 τὸ
2671 3815 2895 3886 ζήτημα
2931 3817 3455 3888 συγγεγραμμένοις
3485 3834 3587 3886 μοι

2004 3906 2520 3975 πεπραγμάτευται.
2549 3906 2674 3960 ’Ότι
2706 3906 2765 3961 δέ
2811 3907 3005 3962 τοῦτον
3035 3907 3149 3978 ἔχει
3179 3909 3267 3962 τδν
3291 3915 3299 3922 ’
3319 3908 3523 3961 σκοπὸν
3556 3910 3591 3962 ὁ

2004 3998 2276 4068 Μάξιμος,
2306 3998 2400 4052 καὶ
2431 3999 2514 4051 ὅτι
2566 4000 2666 4069 τῆς
2693 3999 2954 4069 τοιαύτης
2981 4000 3165 4063 αίτίας
3208 3999 3462 4055 ἐκϐάλλει
3490 4000 3592 4054 τὸν

2007 4088 2161 4153 Υἱδν,
2194 4088 2354 4159 δῆλον
2403 4088 2464 4153 ἐξ
2501 4083 2575 4143 ὧν
2607 4089 2707 4143 οὐκ
2745 4085 2899 4144 εἷπεν
2929 4092 3130 4147 αἰτίαν
3179 4090 3287 4145 τοῦ
3319 4091 3590 4161 Πνεύμα-

2006 4196 2131 4247 τος,
2165 4179 2280 4234 ἀλλ’
2315 4182 2515 4235 αὶτίαν
2547 4179 2659 4261 τῆς
2686 4176 2792 4235 τοῦ
2820 4182 2996 4250 ἁγίου
3023 4183 3371 4251 Πνεύματος
3399 4183 3591 4236 ἐλιπο-

2005 4273 2289 4340 ρεύσεως.
2336 4273 2492 4325 Ἔστι
2529 4272 2630 4341 μὲν
2673 4275 2819 4344 γὰρ,
2846 4275 3035 4346 φησὶν,
3066 4275 3095 4326 ὁ
3142 4274 3272 4336 Υἱὸς
3303 4273 3455 4329 αἰτία
3486 4277 3591 4329 τοῦ

2011 4363 2327 4432 Πνεύματος
2358 4364 2433 4427 ὡς
2464 4363 2532 4418 δι’
2563 4364 2730 4418 αὐτοῦ
2763 4366 3067 4436 προῖόντος,
3109 4367 3205 4420 καὶ
3234 4366 3409 4431 ἄλλως
3439 4367 3594 4438 ἔχειν

288 4544 303 4551 Α
336 4468 424 4519 nis
479 4461 715 4533 Spiritus
764 4456 944 4515 sancti
998 4467 1225 4526 prorsus
1270 4466 1382 4505 non
1439 4458 1550 4505 est.
1598 4447 1733 4502 Nam
1786 4456 1892 4499 tum

276 4558 279 4562 ι
471 4554 484 4562 .
673 4552 684 4562 .
1172 4551 1419 4562 uno-..
1470 4539 1708 4562 κωκυ..-

2013 4455 2296 4562 ἁδύνατρν,
2335 4455 2453 4509 ἀλλ’
2497 4455 2647 4539 αίτία
2676 4456 2776 4526 τῆς
2814 4456 2908 4509 τοῦ
2958 4456 3277 4526 Πνεύματος
3319 4460 3592 4527 ἐκπορεύ-

273 4544 509 4627 siquod.
539 4567 638 4623 per
672 4552 850 4621 ipsum
903 4554 1129 4605 sanctus
1172 4551 1424 4614 proceutt
1464 4539 1733 4609 δρίτίιυεν
1791 4548 1888 4592 ωτι

2016 4562 2150 4608 σεως
2179 4546 2317 4610 ὅλως
2349 4548 2448 4601 οὐκ
2481 4538 2599 4600 ἐστι
2628 4546 2706 4618 (6)
2733 4563 2746 4577 ·
2782 4545 2879 4601 τοῦ
2909 4548 3017 4618 γὰρ
3047 4548 3117 4602 δι’
3146 4550 3312 4603 αὑτοῦ
3340 4551 3400 4602 τὸ
3422 4551 3589 4617 ἅγιον

312 4814 427 4897 {est
454 4836 618 4896 atque
647 4837 839 4879 eorum
874 4819 1148 4885 omnium,
1180 4831 1303 4886 quae
1331 4814 1419 4869 his
1449 4814 1678 4879 insunt;
1723 4825 1915 4880 quam-

306 4901 536 4972 ’obretn
581 4925 638 4970 et
688 4910 912 4983 proprie
952 4920 1115 4963 causa
1151 4906 1356 4960 dicitur
1390 4913 1445 4958 et
1479 4901 1645 4957 modo
1678 4901 1909 4969 compli-

345 5018 468 5063 cato
509 5021 572 5061 ac
624 5019 835 5075 presso.
885 5001 941 5057 Si
974 5000 1141 5071 igitur
1173 5012 1299 5054 cum
1351 4997 1427 5051 ita
1477 4994 1743 5050 Maximus
1797 5007 1911 5048 rem

349 5100 647 5173 concipiat,
674 5107 730 5153 et
751 5111 853 5152 nos
890 5094 986 5156 ita,
1018 5091 1197 5146 Latini
1229 5089 1660 5154 dicent,dictum
1696 5102 1789 5157 per
1822 5085 1912 5146 Fi-

352 5190 478 5244 lium
509 5202 608 5257 pro
642 5187 790 5240 dicto
819 5199 882 5238 ex
910 5182 1044 5236 Filio
1070 5180 1397 5251 accipimus,
1422 5192 1534 5232 non
1558 5190 1746 5245 presse
1776 5189 1916 5245 prae-

423 5374 517 5447 (Ι),
541 5372 634 5444 Τῷ
661 5372 814 5428 deest
834 5370 886 5425 in
917 5369 1175 5439 Mon._27,
1213 5364 1254 5421 f.
1282 5363 1379 5418 221
1415 5364 1472 5418 b.
1500 5381 1514 5429 ;
1547 5360 1715 5442 habet
1743 5360 1910 5416 Marc.

350 5445 391 5502 ί.
425 5445 677 5579 (ἕιῖδιῗη.
721 5513 813 5578 97,
853 5511 1106 5566 ἐπισιών.
1162 5510 1331 5566 Recte
1382 5509 1571 5572 Marc.,
1633 5513 1694 5560 ut
1726 5516 1914 5574 supra.

483 5578 491 5585 ο

350 5581 607 5644 Fortasse
634 5585 922 5654 legendum
961 5581 1247 5654 ἐπεισιὼν.
1392 5649 1439 5654 __
1474 5608 1475 5611 η

426 5658 502 5725 (3)
539 5649 805 5725 ᾕοηξῖἳ,
839 5652 1155 5725 μεταφέρει.
1195 5650 1362 5725 Recte
1392 5649 1558 5725 Marc:
1592 5720 1603 5725 _
1625 5717 1646 5725 _
1730 5714 1747 5725 “
1868 5660 1879 5725 ς

428 5714 505 5793 (It)
547 5723 623 5777 Ex
657 5714 892 5778 Marci.
942 5714 1067 5791 172;
1101 5722 1153 5777 b.
1204 5721 1367 5776 verba
1410 5714 1779 5789 λαμϐ-ὲξηπλ.
1817 5715 1912 5772 ad-

2014 4632 2410 4709 ἐκπορεύεσθαι
2448 4639 2674 4708 Πνεῦμα
2705 4639 2801 4693 καὶ
2845 4638 2943 4692 τοῦ
3002 4640 3140 4703 ὗλως
3184 4632 3592 4711 ἐκπορεύεσθαι

2013 4729 2166 4781 αίτία
2197 4729 2377 4817 μόνος
2400 4730 2548 4784 ἐστὶν
2573 4731 2602 4783 ὁ
2634 4730 2843 4800 Πατὴρ,
2877 4731 2936 4794 ὃς
2981 4732 3074 4783 καὶ
3102 4727 3232 4783 Υίοῦ
3287 4732 3381 4784 καὶ
3416 4731 3593 4785 Πνιύ-

2018 4817 2186 4887 ματός
2219 4820 2366 4873 ἐστιν
2400 4819 2549 4873 αίτία
2578 4820 2673 4873 καὶ
2695 4821 2804 4874 τῶν
2841 4820 3200 4891 ὑπαρχόντων
3236 4823 3419 4885 αὐτοῖς
3451 4838 3595 4874 παν-

2014 4927 2141 4974 των,
2175 4909 2292 4963 ἀνθ’
2337 4911 2462 4964 ὅτου
2506 4911 2575 4980 δὴ
2608 4911 2706 4965 καὶ
2749 4911 2956 4982 κυρίως
3009 4914 3161 4966 αἰτία
3220 4912 3443 4981 λέγεται
3491 4915 3597 4968 καὶ

2016 5000 2205 5072 τρόπῳ
2254 5002 2688 5073 συνεσταλμὲνῳ.
2728 5004 2790 5057 Εί
2820 5002 2950 5073 γοῦν
3002 5003 3147 5058 οῦτω
3198 5005 3294 5058 τοῦ
3326 5004 3594 5075 Μαξίμου

2018 5092 2267 5155 νοοῦντος
2316 5095 2408 5147 καὶ
2460 5096 2643 5166 ἡμεῖς,
2681 5095 2952 5177 φήσουσιν
2991 5098 3043 5151 οί
3095 5099 3343 5163 Λατῖνοι,
3390 5097 3453 5151 τὸ
3486 5095 3596 5153 διὰ

2019 5181 2126 5235 τοῦ
2155 5182 2289 5238 Υἱοῦ
2342 5183 2463 5239 ἀντὶ
2511 5185 2614 5262 ,τοῦ
2665 5186 2734 5239 ἐκ
2786 5186 2894 5241 τοῦ
2944 5188 3085 5241 Υίοῦ
3126 5188 3499 5258 λαμϐάνομεν,
3527 5187 3594 5239 οὐ

2024 5367 2158 5441 dita.
2180 5366 2324 5441 ΔΩιιςε
2375 5368 2544 5441 habet
2582 5385 2803 5441 quoque
2850 5370 3100 5441 Allatius,
3156 5372 3250 5439 qui
3296 5371 3354 5427 in
3391 5370 3595 5441 Eure.

2023 5439 2148 5511 adv.
2179 5437 2815 5511 li.Creygbton.‘Boiua:
2850 5440 3080 5511 1665,p.
3111 5437 3241 5508 “3,
3272 5442 3395 5507 ill,
3429 5438 3597 5495 verba

2023 5507 2165 5586 οὕτω
2190 5509 2298 5586 γάρ
2328 5507 2496 5580 φησιν
2520 5507 3107 5586 -Απεπραγμάτευται
3136 5512 3416 5584 allegavit.

2096 5576 2173 5648 (5)
2203 5576 2365 5648 Aillat.
2390 5576 2410 5635 Ξ
2437 5576 2791 5648 μεταϐάλλοι.

2096 5647 2171 5719 (6)
2206 5647 2414 5705 Monac.
2445 5647 2556 5725 οὐθ’
2593 5650 2726 5714 ὅλως
2753 5650 2890 5706 ἐστι.
