3900 6216
239 423 356 492 ΙἸΠ

1265 432 1716 497 ΒΕΕΗΤΑΤΙΟ
1753 437 2001 500 ΜᾹΡιΕΙ
2047 439 2444 505 EPHESINI.

3396 438 3498 502 138

237 539 688 632 συνεσταλμένως
737 543 839 612 τὴν
868 544 936 598 ἐκ
975 544 1374 613 λαμϐάνοντες,
1402 551 1588 614 καθὼς
1625 553 1818 606 εῐωθεν

1932 555 2251 625 positionem
2288 575 2353 614 ex
2381 560 2778 630 intelligentes,
2809 568 2976 628 prout
3001 558 3072 615 de
3102 558 3295 630 prima
3334 571 3497 632 causa

234 634 326 684 ιπὶ
355 634 456 700 τῆς
485 631 712 702 πρώτης
741 634 946 701 αἰτίας,
975 634 1093 688 ἀλλ’
1122 637 1530 709 ἐξηπλωμένως
1552 642 1649 696 καὶ
1675 642 1814 696 καθὸ

233 721 330 794 τὴν
366 722 595 793 πρόοδον
647 725 833 794 μόνον,
869 727 930 780 οὐ
982 727 1079 781 καὶ
1113 730 1214 800 τὴν
1259 730 1360 796 τῆς
1391 732 1624 802 προόδου
1659 733 1816 800 τάξιν
1846 735 1848 738 ’

235 819 512 889 σημαίνει,
554 819 656 871 οὐκ
686 819 1021 890 ἀπειθοῦμεν
1048 821 1167 874 οὐδὲ
1202 822 1464 878 τάναντία
1496 825 1812 896 φρονοῦμεν

230 911 378 982 αὐτῷ
398 926 415 944 ⁸
444 909 561 964 ἀλλ’
593 911 757 981 εἴπερ
789 910 975 964 ἄλλοθί
1008 928 1136 976 που,
1170 913 1450 968 κάνταῦθα
1494 917 1594 970 καὶ
1623 919 1813 971 πειθό-

232 1008 372 1073 μεθα
428 1005 523 1058 καὶ
562 1005 960 1074 συμϐαίνομεν.
1008 1006 1244 1060 Ὀπόταν
1288 1007 1345 1061 δὲ
1403 1010 1500 1064 καὶ
1529 1011 1627 1080 τὴν
1657 1011 1815 1074 τάξιν

230 1095 584 1166 βουληθῶμεν
614 1094 922 1163 ἐκφαίνειν,
958 1097 1022 1150 ὲκ
1059 1098 1272 1167 Πατρδς
1303 1099 1372 1152 δι’
1405 1100 1536 1153 Υἱοῦ
1568 1102 1815 1174 λέγομεν

229 1183 654 1252 ἐκπορεύεσθαι,
687 1183 808 1236 ἀλλ’
863 1183 985 1238 οὐδὲ
1044 1185 1142 1254 τὴν
1186 1185 1285 1240 διὰ
1320 1191 1403 1251 είς
1440 1191 1539 1263 τὴν
1571 1193 1643 1246 ἐκ
1689 1194 1813 1263 ἐξη-

226 1273 514 1342 γούμεθα-’
564 1273 704 1328 ἀλλὰ
753 1276 962 1346 μᾶλλον
1024 1280 1226 1333 ὁπόταν
1272 1282 1660 1353 ἐγκαλῶμεθα,
1715 1289 1814 1340 σὺν

225 1369 362 1436 ἡμῖν
397 1367 454 1420 δὲ
488 1369 580 1420 καὶ
608 1369 658 1421 οἱ
684 1369 784 1438 τῆς
819 1367 1150 1441 Ἐκκλησίας
1183 1373 1522 1443 διδάσκαλοι,
1555 1377 1812 1446 λέγοντες

225 1461 288 1510 ἐκ
317 1457 422 1512 τοῦ
461 1459 588 1512 ι’ἱοῦ
635 1461 1067 1530 ἐκπορεύεσθαι,
1099 1462 1175 1527 ὡς
1224 1465 1686 1539 ὑποπτευομένης
1717 1469 1812 1522 ἐν·

221 1550 430 1604 τεῦθεν
461 1552 562 1621 τῆς
603 1552 695 1605 τοῦ
727 1554 980 1623 προϊέναι
1016 1555 1194 1626 ἀρχῆς
1224 1559 1320 1612 καὶ
1360 1560 1462 1628 τῆς
1496 1547 1811 1632 ἀρχηγικῆς

221 1643 322 1696 καὶ
388 1643 616 1715 πρώτης
669 1645 871 1713 αἰτίας,
935 1649 1357 1720 ἀπολογούμεθα
1419 1654 1616 1716 κοινῶς
1667 1654 1810 1724 ὑπὲρ

221 1738 475 1806 πάντων,
515 1740 594 1792 ὅτι
631 1738 809 1804 οὕτως
859 1741 929 1794 ἐκ
977 1741 1085 1796 τοῦ
1120 1741 1258 1796 Υιοῦ
1295 1742 1370 1808 ὠς
1397 1743 1499 1798 διὰ
1527 1747 1636 1800 τοῦ
1673 1745 1811 1800 Υἰοῦ

220 1833 492 1900 λέγομεν.
549 1834 626 1903 τῷ
664 1835 720 1887 δὲ
761 1833 1001 1906 Μαξίμῳ
1048 1837 1360 1905 συμφώνως
1416 1839 1652 1894 ἐνταῦθα
1711 1840 1810 1894 καὶ

222 1926 502 1997 Κυρίλλῳρ
534 1925 744 1994 λέγοντι
804 1927 944 1998 πρὸς
997 1928 1300 1984 Παλλάδιον
1355 1929 1431 2001 (1)
1480 1931 1546 1984 τὸ
1605 1931 1682 2002 (2)
1711 1934 1815 1986 οὐ·
1847 1915 1889 1971 Β

221 2015 462 2083 σιωδῶς
516 2018 587 2082 ἐξ
642 2019 867 2088 ἀμφοῖν
919 2018 1116 2089 ἤγουν
1166 2020 1235 2076 ἐκ
1269 2023 1502 2092 Πατρός
1535 2022 1611 2078 δι’
1673 2025 1812 2080 Υἰοῦ

223 2123 342 2175 προ
346 2110 641 2179 χεόμενον
669 2109 934 2180 Πνεῦμα.

291 2314 376 2384 (l)
414 2315 561 2370 Idem
599 2317 756 2372 locus
783 2333 812 2372 a
839 2317 1011 2374 Becco
1043 2317 1337 2374 adducitur
1368 2327 1505 2375 orat.
1539 2321 1562 2374 1
1596 2319 1663 2376 de
1695 2338 1794 2376 un.

225 2383 376 2440 Eccl;
404 2402 462 2440 η.
485 2387 578 2472 ἓθ,
599 2397 659 2442 et
685 2389 862 2459 epigr.
882 2390 936 2444 1.
960 2388 1079 2458 (Gr.
1109 2391 1279 2480 οςῐίι..
1313 2390 1420 2455 ιιι,
1443 2404 1500 2459 p.
1529 2391 1652 2458 115,
1673 2392 1798 2460 116ς

225 2455 290 2520 ll,
335 2471 391 2524 p.
437 2457 591 2528 ἔξω.)

1925 650 2179 717 usurpari
2221 651 2530 716 consuevit,
2580 651 2672 705 sed
2723 650 2996 720 explicate
3034 663 3097 704 ac
3154 656 3319 718 prout
3369 661 3501 715 pro-

1921 738 2258 808 gressionem
2299 739 2587 806 duntaxat,
2627 755 2738 794 non
2773 741 2941 794 etiam
2974 737 3384 810 progressionis
3412 751 3501 802 or_-

1923 823 2106 880 dinem
2135 826 2427 897 signiﬁcat,
2454 843 2562 882 non
2593 829 2922 898 obsequium
2953 829 3288 899 denegamus
3313 842 3495 898 neque

1921 919 2199 972 contraria
2229 920 2505 974 sentimus
2553 920 2680 989 ipsi,
2727 921 2824 975 sed
2866 922 2911 976 si
2957 921 3186 986 alicubi,
3242 936 3374 976 sane
3409 921 3499 974 hic

1921 1017 1976 1064 ct
2007 1008 2334 1079 obsequium
2369 1011 2422 1065 ei
2465 1018 2794 1079 praestamus
2837 1022 2890 1066 et
2933 1026 3060 1066 cum
3099 1026 3166 1066 eo
3197 1011 3497 1066 concorda-

1925 1116 2069 1156 mus.
2116 1101 2349 1168 Quando
2401 1117 2535 1157 vero
2564 1103 2731 1158 etiam
2762 1102 3015 1158 ordinem
3050 1103 3286 1158 velimus
3316 1104 3500 1172 expri-

1919 1209 2087 1259 mere,
2127 1194 2362 1249 dicimus
2391 1194 2653 1264 Spiritum
2681 1211 2747 1250 ex
2769 1196 2934 1250 Patre
2963 1214 3056 1267 per
3085 1196 3277 1251 Filium
3313 1213 3497 1266 proce-

1918 1288 2061 1350 dere,
2099 1286 2196 1341 sed
2228 1301 2409 1355 neque
2439 1287 2884 1357 praepositionem
2914 1304 3006 1358 per
3046 1287 3102 1342 in
3137 1304 3200 1341 ea:
3227 1287 3497 1358 interpre-

1919 1379 2084 1435 tando
2109 1379 2592 1434 transformamus.
2627 1379 2830 1434 Verum
2867 1380 3090 1450 quando
3115 1381 3496 1451 objurgatuur,

1918 1469 2210 1524 nobiscum
2248 1483 2383 1524 vero
2405 1470 2574 1524 etiam
2603 1468 2863 1524 Ecclesia.-
2883 1471 3164 1534 doctores,
3192 1483 3319 1524 cum
3347 1467 3501 1524 dica-

1920 1577 2044 1618 mus
2073 1578 2137 1615 ea:
2161 1561 2293 1616 Filio
2321 1560 2605 1633 procedere
2640 1561 2936 1630 Spiritum.
2975 1561 3131 1631 quasi
3166 1561 3292 1616 inde
3312 1562 3500 1630 suspio

1919 1656 2006 1710 cio
2038 1653 2260 1710 adesset
2281 1653 2350 1708 de
2373 1652 2653 1723 principio
2680 1652 2997 1724 prodeundi
3028 1662 3084 1708 et
3105 1653 3172 1708 de
3198 1654 3496 1723 principali

1920 1762 1985 1802 ac
2023 1745 2203 1816 prima
2231 1757 2397 1800 causa
2438 1743 2495 1798 id
2523 1743 2656 1811 dici,
2691 1744 3062 1799 communiter
3090 1743 3275 1814 quoad
3311 1745 3497 1798 omnia

1918 1853 2022 1908 pro
2052 1835 2376 1892 defensione
2398 1832 2672 1900 dicemus,
2713 1849 2812 1889 nos
2843 1833 2918 1888 ita
2949 1832 3136 1888 dicere
3174 1849 3236 1886 ex
3265 1830 3408 1886 Filio
3440 1843 3505 1886 ut

1916 1949 2013 2003 per
2043 1928 2245 1984 Filium
2273 1926 2636 1983 coul‘ormiter
2666 1925 2760 1982 hic
2798 1927 2867 1982 ad
2914 1927 3134 1982 Maximi
3163 1927 3309 1981 dicta
3339 1933 3394 1980 et
3430 1927 3496 1980 atl

1917 2019 2204 2092 Cyrillum,
2230 2021 2326 2088 qui
2358 2016 2598 2072 Palladio
2632 2015 2827 2071 scribit
2857 2032 2872 2070 :
2901 2013 3156 2086 Spiritus,
3191 2017 3283 2086 qui
3311 2031 3496 2076 essen:

1918 2111 2120 2167 tialiter
2150 2125 2215 2164 ea:
2247 2118 2471 2178 utroque
2493 2108 2602 2162 sive
2626 2123 2692 2162 ex
2718 2106 2880 2162 Patre
2914 2122 3007 2176 per
3043 2106 3233 2162 Filium
3257 2108 3496 2176 profun-

1919 2207 2090 2262 ditur.

2027 2319 2178 2390 )Ttp
2229 2317 2394 2372 habet
2457 2315 2600 2370 Mon.
2658 2315 2749 2380 27,
2811 2315 2848 2370 l'.
2911 2315 3017 2368 222
3074 2331 3148 2381 a.,
3219 2323 3274 2370 et
3327 2313 3494 2368 Marc.

1902 2395 1946 2450 τ.
1969 2321 2158 2447 Σέδῖἐ

249 2607 3462 2649 W

1298 2765 1436 2820 ΤΟΥ
1474 2765 1878 2820 ΣΟΦΩΤΑἸῸΥ
1917 2762 2424 2820 ΚΑΡΔΗΝΑΛΕΩΣ

591 2943 1426 3115 ΚΥΡΙΟΥ
1504 2934 3119 3115 ΒΗΣΣΑΡΙΩΝΟΣ

525 3219 1132 3314 ΑΠΟΚΡΙΣΙΣ.
1207 3224 1500 3312 ΠΡΟΣ
1573 3219 1720 3311 ΤΑ
1793 3227 2024 3313 ΤΟΥ
2104 3219 2544 3312 ΕΦΕΣΟΥ
2619 3207 3189 3304 ΚΕΦΑΛΑΙΑ

1019 3392 1299 3451 ΛΙΤΗΣΕΙ
1341 3391 1482 3447 ΤΟΥ
1519 3391 1970 3448 ΠΑΤΡΙΔΡΧΟΥ
2011 3391 2273 3446 ΚΥΡΙΟΥ
2309 3383 2720 3440 ΓΡΗΓΟΡΙΟΥ.

1321 3721 1907 3786 SAPIENTISSIMI
1953 3719 2426 3783 CARDINALIS

849 3793 1548 4069 DOMINI
1643 3901 2900 4108 BESSARIONIS

889 4195 1562 4290 RESPONSIO
1637 4197 1786 4285 AD
1870 4195 2359 4289 EPHESII
2458 4186 2886 4281 CAPITA

1063 4376 1357 4429 PETENTE
1379 4376 1784 4428 PATRIARCHA
1815 4376 1874 4428 ι).
1909 4374 2234 4428 GREGORIO
2284 4333 2691 4424 concinnam

689 4490 914 4556 NUNC
975 4490 1334 4552 PRIMUM
1380 4490 1641 4550 EDITA
1708 4488 2100 4552 CURANTE
2165 4488 2229 4547 J.
2278 4473 3076 4546 HERGENROETIIER,
3475 4499 3484 4516 -

242 4604 312 4665 S.
377 4591 687 4661 THEOL.
731 4591 831 4654 IN
889 4588 1600 4656 WIRCEBURGENSI
1654 4584 2214 4649 LITTERARUM
2268 4574 2896 4646 UNIVERSITATE
2946 4565 3503 4632 PROFESSORE.

801 4907 1055 4963 κεοΑΑ.
1092 4903 1148 4960 A'
1182 4904 1283 4976 (l).

333 5031 394 5086 ὀ
428 5027 676 5085 Λατίνων
707 5041 772 5077 τε
802 5025 901 5077 καὶ
933 5019 1190 5092 Γραικῶν
1225 5018 1361 5087 πρὸς
1396 5017 1664 5089 ἀλλήλους
1697 5016 1828 5088 περὶ

255 5124 363 5178 τῶν
392 5120 668 5192 μεγίστων
693 5132 753 5169 τε
783 5116 879 5168 καὶ
905 5111 1199 5166 θειοτάτων
1225 5110 1538 5179 ἀκήρυκτος
1565 5109 1826 5178 πόλεμος,

259 5212 527 5284 ἁγιώτατὲ
561 5227 652 5280 μοι
682 5208 779 5262 καὶ
807 5205 1052 5259 θειότατε
1083 5201 1272 5272 Πάτερ
1299 5201 1396 5254 καὶ
1422 5202 1682 5266 δέσποτα,
1715 5201 1827 5269 ὅσῳ

259 5309 384 5379 περὶ
421 5304 690 5378 μειζόνων
720 5305 874 5364 ἐστὶ,
909 5297 1153 5368 τοσούτῳ
1185 5297 1282 5350 καὶ
1315 5292 1700 5366 χαλεπώτερος
1733 5295 1828 5360 τὲ·-

261 5396 375 5464 γονέ
407 5412 469 5448 τε
501 5393 600 5446 καὶ
630 5390 800 5444 εστιν.
827 5390 900 5442 Ἦ
931 5405 990 5441 τε
1021 5387 1130 5456 γὰρ
1162 5387 1290 5456 περὶ
1318 5385 1380 5437 τὸ
1410 5384 1568 5437 Θείον
1598 5385 1830 5454 ἀλήθεια

266 5484 444 5554 μεῖζόν
463 5500 526 5536 τι
558 5481 654 5536 καὶ
677 5480 1007 5549 τιμιώτερον
1033 5470 1096 5530 οὗ
1125 5493 1208 5539 τις
1238 5475 1304 5529 ἂν
1331 5475 1500 5542 εῐποι,
1526 5473 1554 5526 ὅ
1581 5490 1638 5525 τε
1666 5473 1828 5526 πόλε-

266 5591 355 5642 μος
379 5566 539 5635 οὗτος
567 5574 660 5626 καὶ
687 5568 1069 5641 χαλεπώτατος
1097 5567 1215 5636 ἅμα
1243 5565 1338 5620 καὶ
1370 5563 1711 5636 μακρότατος
1738 5563 1831 5631 γέο

327 5710 403 5776 Η)
438 5709 498 5764 in
532 5708 680 5763 Non.
709 5705 836 5761 cod.
867 5704 961 5768 ‘27,
1006 5702 1044 5756 ΐ.
1073 5701 1262 5776 ﬂeta.
1302 5701 1357 5776 in
1389 5715 1642 5776 suprema
1678 5709 1832 5776 parte

268 5771 600 5850 loli't'lcgilur
637 5797 650 5832 :
699 5779 1028 5850 Βησσαρίιον
1071 5773 1389 5850 καρόίναλις
1432 5771 1510 5838 τῷ
1540 5771 1832 5850 αγιωτὰτῳ

277 5838 780 5920 Ιίατρὶνιᾎηγορὶῴ
820 5838 908 5915 τιξί
956 5838 1322 5912 οἱκουξλενικιῖ)
1376 5844 1714 5910 πατριὰρλῃ.
1775 5838 1832 5892 lu

2570 4886 2796 4946 CAPUT
2841 4885 2883 4940 ι.

2009 5008 2332 5063 Latinorum
2366 5003 2796 5070 Gt'azcorutnque
2844 4997 2913 5053 atl
2963 4995 3197 5050 invicem
3234 4993 3302 5048 de
3333 4993 3509 5048 maxi-

1935 5104 2041 5158 mis
2073 5116 2138 5155 ac
2169 5095 2534 5152 divinissimis
2559 5091 2728 5146 rebus
2772 5103 2954 5160 pugna
3000 5083 3507 5146 cxacerbatissima,

1934 5193 2278 5254 sanctissime
2323 5189 2458 5244 mihi
2502 5195 2558 5241 et
2588 5179 3056 5239 venerandissime
3088 5176 3250 5230 Pater
3285 5190 3349 5229 ac
3400 5174 3510 5226 tlo-

1935 5286 2104 5347 mine,
2135 5290 2344 5352 quanto
2371 5278 2607 5348 majores
2648 5273 2798 5326 circa
2826 5285 2912 5324 res
2957 5275 3229 5331 versatur,
3273 5272 3425 5318 tanto
3453 5271 3512 5317 ct

1937 5375 2214 5432 diﬂicilior
2244 5372 2420 5429 evasit
2441 5377 2607 5438 atque
2630 5365 2797 5421 etiam
2822 5377 2972 5416 nunc
2995 5359 3258 5429 persistit.
3291 5356 3506 5410 Etenim

1937 5469 2162 5533 veritas,
2225 5479 2348 5536 quae
2400 5461 2669 5520 Deitatem
2727 5454 2974 5525 respicit,
3030 5449 3208 5519 majus
3261 5446 3395 5517 quid
3449 5463 3512 5514 at:

1943 5561 2239 5632 pretiosius
2285 5566 2392 5624 est,
2428 5568 2595 5626 quam
2637 5548 2826 5607 verbis
2868 5545 2978 5601 dici
3029 5552 3230 5614 queat;
3271 5553 3514 5610 praesens

1941 5696 2124 5752 inﬁma
2156 5683 2417 5748 nolaturt
2452 5691 2595 5742 Ὅσα
2629 5686 2728 5739 οὐκ
2758 5684 2999 5754 ἔφθασεν
3029 5684 3056 5734 ό
3094 5679 3388 5750 Σχολάριος
3420 5675 3515 5729 6w.-

1943 5768 2177 5832 1amaiv,
2207 5767 2232 5818 ό
2267 5763 2502 5833 Νικαίας
2534 5758 2716 5813 ταῦτα’
2740 5754 3143 5823 ἀπελογήσατο.
3483 5783 3490 5801 .-
