3900 6216
291 365 394 434 ιιι

1352 367 1792 428 ΗΕΕΠΤΛΤΙΟ
1850 367 2115 429 ΜΛΒΕΙ
2139 371 2509 432 EPHESINI

3445 374 3548 439 N2

283 496 396 546 νοις
423 478 672 550 εὑρήσει,
705 475 801 530 καὶ
828 475 986 530 οὐδὲν
1020 475 1131 529 τῶν
1167 475 1444 549 ἀραχνίων
1473 478 1682 532 τούτων
1715 479 1867 548 ἔσται

1978 495 2074 548 pro
2106 482 2361 551 sapiente
2415 484 2592 539 Becco
2645 493 2699 542 te
2742 485 2972 556 jubente
3034 472 3365 559 censeripsi,
3423 508 3547 562 quas

282 571 540 642 νημάτων
563 610 580 636 ,
609 567 639 622 δ
678 573 754 644 μὴ
792 567 862 626 δι’
884 567 1112 622 ἐκείνων
1144 568 1515 639 εὐχερέστατα
1538 569 1721 624 κλύσει.
1758 572 1868 624 Καὶ

286 665 381 716 νῦν
407 663 462 716 δὲ
487 664 637 732 ὅμως
666 662 767 732 σὴν
795 663 959 733 χάριν
987 659 1126 730 πρὸς
1154 661 1214 713 τὸ
1242 660 1460 730 πρῶτόν
1488 678 1546 714 τε
1575 663 1669 715 καὶ
1697 661 1867 731 βιαιό-

286 772 447 810 τατον
471 753 640 810 αὑτοῦ
668 754 778 810 τῶν
804 754 1258 825 ἐπιχειρημάτων
1283 753 1540 824 ἐροῦμεν,
1569 755 1669 808 ὅσα
1698 755 1867 821 εἰκὸς,

289 844 386 915 τὴν
413 845 625 900 ἐκείνου
663 843 1078 907 ὑποδεικνύντες
1111 844 1188 915 (I)
1224 846 1534 917 σαθρότητα
1557 886 1572 912 ,
1605 848 1777 903 τᾶλλα
1809 848 1868 902 τό

290 954 352 1006 τε
383 935 478 991 νῦν
512 934 652 992 εἶναι
694 937 1154 1008 παραδραμόντες
1193 938 1268 1001 ὡς
1307 938 1582 1007 ὀλιγίστου
1621 939 1750 1007 ἄξια
1785 942 1869 995 λό-

286 1043 404 1095 γου.
439 1027 585 1098 Πρὸς
624 1027 808 1098 μέντοι
845 1027 1104 1098 βοήθειάν
1137 1045 1264 1083 τινα
1295 1030 1390 1083 τοῦ
1424 1031 1656 1086 κάκεῖνά
1687 1049 1746 1086 τε
1781 1034 1870 1087 εὑ-

283 1119 614 1188 χεριστερον
651 1119 804 1172 λύειν
839 1118 935 1172 καὶ
970 1118 1072 1182 τὰς
1112 1121 1524 1192 ἐπιφερομένας
1561 1123 1639 1193 τῷ
1681 1125 1872 1194 ἀληθεί

282 1208 518 1279 δόγματι
553 1209 794 1273 ἀτοπίας
829 1211 1165 1282 ἀνατρέπειν
1198 1229 1260 1265 τε
1299 1213 1398 1267 καὶ
1434 1216 1868 1287 ἀνασκευάζειν,

283 1299 483 1352 κανόνα
517 1301 641 1354 τινὰ
673 1301 765 1355 διὰ
797 1301 1047 1372 βραχέων
1078 1303 1476 1374 παραδώσομεν
1507 1309 1646 1376 μετά
1672 1309 1868 1374 ταῦτα,

281 1389 342 1456 ἐξ
371 1383 448 1444 ὧν
478 1390 633 1444 αὑτοί
659 1409 720 1445 τε
751 1394 813 1446 ὲν
840 1393 1026 1457 ἄλλοις
1056 1395 1395 1464 πλατύτερον
1428 1398 1738 1469 εἰρήκαμεν
1769 1400 1870 1455 οὐκ

241 1457 464 1557 ξόλίγοι
493 1496 554 1533 τε
587 1482 696 1535 τῶν
729 1481 838 1552 πρὸ
876 1483 1036 1552 ήμῶν
1069 1484 1166 1537 ἐπὶ
1207 1457 1372 1556 σοφίᾳ
1413 1457 1719 1556 βοηθέντων
1753 1491 1871 1554 ἑξέ-

282 1570 468 1628 θεντο.
501 1574 582 1626 Δι’
604 1572 663 1626 οὑ
702 1575 778 1645 (2)
815 1577 908 1630 καὶ
943 1576 1012 1630 τὰ
1046 1577 1342 1644 ἀδιανόητα
1373 1577 1550 1634 ταῦτα
1587 1582 1728 1635 κατά
1761 1583 1872 1637 Λα-

283 1663 490 1731 τίνων,
528 1666 732 1735 μᾶλλον
765 1669 824 1724 δὲ
857 1669 1001 1723 κατά
1031 1669 1127 1740 τῆς
1162 1669 1424 1740 ἀληθείας
1459 1673 1871 1745 ἐπιχειρήματα

283 1755 472 1811 λύοιτο
510 1759 576 1812 ἂν
613 1760 708 1812 καὶ
745 1761 778 1831 ἠ
821 1761 1049 1832 ἀλήθεια
1085 1763 1288 1834 δεῆσαν
1327 1764 1404 1834 (5)
1446 1765 1650 1829 παντὸς
1690 1768 1869 1836 φωτὸς

277 1848 637 1920 ἀποδειχθείη
681 1852 1032 1922 τρανότερον.
1081 1853 1146 1908 Et
1199 1855 1301 1925 μὲν
1347 1854 1441 1908 οῦν
1486 1856 1660 1910 ταῦτα
1706 1857 1870 1913 ίκανά

278 1940 474 2010 ἔσται,
512 1941 574 1997 εὖ
607 1943 717 2008 ἕξει
742 1960 757 1975 ο
792 1946 842 1998 εί
873 1945 931 1998 δὲ
963 1945 1058 1998 καί
1087 1961 1250 1999 τινων
1279 1945 1458 2000 ἄλλων
1487 1946 1625 2016 πρὸς
1655 1949 1724 2002 τά
1756 1965 1864 2004 πα-

283 2033 452 2103 ρόντα
493 2034 701 2106 δεήσει,
747 2035 1027 2106 λογύδρια,
1068 2036 1483 2107 ἀντιγράψομεν
1530 2037 1630 2108 μὲν
1671 2038 1868 2110 σχολῆς

284 2118 603 2190 λαϐόμενοι,
642 2123 877 2193 ἐροῦμεν
911 2124 967 2177 δὲ
1005 2123 1072 2176 τὰ
1109 2123 1252 2177 αὑτά
1292 2124 1388 2178 καὶ
1423 2125 1742 2196 καινότερον
1776 2127 1869 2179 οὑ-

280 2210 412 2264 δένο
464 2213 590 2266 οὐδὲ
643 2215 752 2284 γὰρ
802 2215 952 2270 ἐστιν
1003 2215 1171 2280 ἄλλας
1221 2217 1406 2287 εὑρεῖν
1453 2216 1661 2283 λύσεις,
1712 2219 1868 2289 εἴπερ

279 2301 488 2366 ἁπλοῦς
518 2304 623 2374 ἔφυ
653 2306 683 2359 δ
715 2305 884 2376 μῦθος
915 2307 992 2378 (εί)
1027 2307 1128 2377 τῆς
1155 2307 1445 2378 ἀληθείας,
1479 2310 1574 2364 καὶ
1600 2309 1865 2380 ψευδόμερ

281 2411 368 2447 νον
411 2395 513 2464 μὲν
549 2397 646 2448 καὶ
687 2399 1130 2467 καινοφωνοῦντα
1169 2399 1247 2470 (5)
1287 2399 1458 2454 πολλά
1495 2399 1684 2470 ληρεῖν
1706 2401 1869 2469 Ιέστι,

277 2487 624 2556 ἀληθεύοντα
661 2489 718 2544 δὲ
754 2489 814 2544 ἓν
845 2492 940 2545 καὶ
969 2493 1167 2546 ταυτὸν
1197 2493 1286 2547 ἀεὶ
1320 2492 1504 2560 λέγειν
1527 2508 1542 2524 ο
1575 2492 1706 2562 παρ’
1729 2491 1757 2546 ὃ
1793 2493 1870 2563 (6)

281 2579 374 2632 καὶ
427 2581 732 2654 Σωκράτης
781 2583 842 2636 οὑ
895 2587 1072 2639 ταυτα
1121 2586 1254 2657 περὶ
1299 2586 1410 2640 τῶν
1455 2584 1637 2639 αὑτῶν
1688 2586 1868 2654 μόνον,

279 2670 418 2722 ἀλλὰ
449 2671 546 2724 καὶ
575 2672 644 2724 δι’
667 2673 848 2727 αὑτῶν
876 2674 1078 2744 ηῦχετο
1112 2675 1294 2743 λέγειν
1325 2673 1431 2728 ἀεί.

1972 573 2200 628 omnino
2231 587 2688 644 argumentorum
2722 577 3055 649 farraginem
3089 579 3312 650 Ephesii
3341 597 3550 653 expun-

1970 672 2109 732 gunt
2141 672 2306 734 atque
2337 665 2657 737 disjiciunt;
2689 667 2806 723 haec
2832 670 2928 738 qui
2964 669 3248 740 inquirere
3290 673 3544 738 voluerit,

1973 752 2046 806 ibi
2077 755 2344 823 reperiet,
2389 773 2565 827 neque
2602 759 2775 812 ullum
2808 758 2913 813 erit
2941 760 3162 816 illorum
3193 776 3545 830 araneorum,

1971 844 2120 913 quod
2157 861 2255 916 per
2302 861 2367 902 ea
2397 847 2659 904 facillime
2695 849 3007 907 dissolvere
3049 863 3309 922 nequeat.
3361 855 3548 911 Nihilo

1973 945 2152 992 tamen
2188 939 2371 993 secius
2409 955 2557 994 nunc
2588 956 2807 1011 quoque
2850 943 2929 996 tui
2968 944 3148 1013 gratia
3186 943 3252 998 ad
3285 946 3547 1014 primum.

1971 1027 2139 1098 idque
2177 1029 2546 1086 fortissimum
2589 1032 2765 1102 ipsius
2802 1034 3270 1104 epicherematum
3299 1037 3549 1094 dicemus

1970 1135 2094 1189 qua:
2146 1121 2328 1188 decet,
2388 1124 2636 1194 ejusdem
2673 1135 2962 1181 nutantem
3001 1128 3114 1182 vim
3169 1130 3547 1196 ostendentes.

1971 1212 2188 1282 reliqua
2220 1229 2356 1270 vero
2389 1216 2443 1270 in
2499 1218 2792 1286 praesentia
2836 1221 3327 1288 prmtermittentes
3359 1227 3548 1291 utpote

1967 1303 2222 1360 uberiori
2278 1305 2506 1376 indigna
2582 1309 2981 1379 disputatione.
3049 1311 3119 1367 Ut
3179 1321 3358 1366 tamen
3416 1313 3549 1382 quid

1970 1395 2322 1452 conferamus
2353 1398 2422 1452 ad
2460 1397 2552 1452 illa
2587 1414 2807 1471 quoque
2839 1400 3060 1456 facilius
3095 1402 3358 1458 solvenda
3391 1412 3446 1457 et
3480 1402 3548 1456 ad

1971 1486 2234 1552 absurda,
2260 1503 2384 1558 quae
2411 1498 2605 1544 contra
2631 1507 2817 1547 veram
2851 1493 3164 1549 doctrinam
3199 1495 3551 1552 deducuntur

1971 1578 2317 1634 consectaria
2384 1583 2686 1636 evertenda
2747 1592 2804 1638 et
2873 1585 3214 1648 refellenda,
3283 1601 3549 1641 canoneut

1974 1666 2267 1736 quemdam
2301 1668 2549 1724 breviter
2575 1671 2866 1726 trademus
2891 1681 3018 1742 post
3058 1675 3174 1730 liazc
3216 1688 3281 1729 ex
3323 1675 3391 1730 iis
3428 1691 3551 1744 qua:

1975 1768 2090 1813 tum
2128 1759 2234 1830 ipsi
2262 1760 2395 1816 alibi
2427 1761 2606 1818 fusius
2637 1763 3066 1834 disputavimus,
3103 1775 3218 1821 tum
3243 1781 3375 1822 vero
3405 1767 3550 1823 haud

1971 1849 2133 1919 pauci
2164 1849 2259 1920 qui
2305 1859 2434 1906 ante
2485 1867 2589 1908 nos
2644 1855 2917 1924 sapientia
2963 1856 3240 1925 claruere,
3280 1873 3552 1928 exposue~

1973 1950 2124 1996 runt.
2155 1940 2328 2013 Cujus
2355 1945 2583 2000 canonis
2604 1959 2708 2016 ope
2743 1955 2802 2001 et
2832 1945 3413 2016 incomprehensibilia
3437 1950 3552 2005 ham

1976 2042 2171 2089 contra
2202 2034 2454 2101 Latinos,
2492 2037 2603 2092 imo
2651 2038 2840 2106 potius
2881 2047 3076 2094 contra
3127 2040 3416 2095 veritatem
3466 2056 3554 2095 ra-

1975 2122 2229 2190 tiocinia,
2279 2132 2340 2179 ut
2385 2139 2488 2196 ego
2539 2141 2766 2190 censeo,
2820 2126 3198 2184 dissolventur
3246 2139 3302 2184 et
3348 2109 3553 2186 veritas

1977 2215 2128 2270 omni
2158 2215 2372 2270 lumine
2396 2216 2601 2271 clarius
2624 2216 3098 2274 manifestabitur.
3130 2218 3186 2275 Si
3214 2221 3327 2275 hate
3352 2219 3551 2274 idonea

1973 2315 2160 2371 erunt,
2195 2306 2337 2362 bene
2371 2306 2632 2371 habebit;
2662 2307 2707 2362 si
2742 2323 2877 2362 vero
2911 2317 2967 2363 et
2998 2310 3118 2363 alia:
3149 2309 3398 2379 quaedam
3432 2299 3554 2365 dra-

1979 2397 2243 2452 tiunculae
2274 2399 2342 2452 ad
2377 2397 2482 2452 ista
2524 2398 2906 2468 requirentur,
2943 2415 3036 2456 eas
3066 2415 3406 2470 Opponemus
3437 2401 3553 2456 otio

1978 2488 2138 2545 nobis
2168 2503 2456 2544 concesso.
2491 2489 2750 2546 Dicemus
2781 2504 2913 2546 vero
2953 2493 3146 2547 eadem
3185 2508 3251 2548 ac
3285 2493 3425 2547 nihil
3460 2508 3557 2549 nov

1975 2596 2143 2648 vum;
2173 2596 2356 2652 neque
2390 2581 2538 2637 enim
2585 2582 2722 2637 alias
2754 2582 3060 2639 solutiones
3099 2584 3345 2654 reperire
3381 2585 3509 2640 licet
3533 2629 3576 2651 ,.

1974 2673 2423 2748 quandoquidem
2449 2676 2684 2745 simplex
2705 2677 2959 2731 veritatis
2977 2691 3183 2743 sermo,
3200 2678 3552 2732 mentientem

276 2764 509 2832 quidem
559 2781 624 2822 ac
681 2782 823 2824 nova
884 2768 1232 2825 effutientem
1314 2767 1511 2838 nugari
1565 2767 1717 2830 licet,
1770 2781 1901 2822 vera
1943 2778 2128 2821 autem
2185 2767 2464 2822 dicentem
2526 2783 2698 2823 unum
2752 2777 2809 2824 et
2865 2769 3008 2824 idem
3089 2773 3319 2840 ’semper
3371 2769 3554 2825 dicere

276 2864 582 2934 convenit;
619 2866 829 2923 idcirco
875 2877 932 2923 et
976 2868 1233 2922 Socrates
1267 2881 1380 2922 non
1429 2865 1610 2922 solum
1684 2865 1754 2921 de
1805 2863 2003 2920 iisdem
2074 2865 2293 2932 eadem,
2361 2866 2455 2922 sed
2491 2877 2548 2922 et
2573 2882 2674 2937 per
2701 2866 2890 2922 eadem
2933 2882 3154 2937 semper
3204 2866 3389 2922 dicere
3415 2867 3556 2922 desi-

275 2955 411 3011 dera
419 2957 540 3012 bat.

765 3077 1029 3132 sessor
1071 3076 1202 3136 una
1232 3077 1290 3131 A'
1326 3077 1425 3150 (7).

345 3193 435 3248 Τδ
457 3191 682 3262 Πνεῦμα
703 3191 765 3245 τδ
783 3194 939 3261 ἅγιον
965 3194 1030 3246 ἐκ
1053 3193 1267 3258 Πατρὸς
1287 3191 1384 3245 καὶ
1407 3189 1540 3246 Υίοῦ
1571 3191 1874 3262 ἐκπορευό·

283 3284 511 3355 μενονῆ
542 3283 618 3348 ὡς
657 3287 721 3337 ὲκ
772 3283 866 3337 δύο
894 3284 1255 3340 ὑποστάσεων
1301 3284 1578 3356 πρόεισιν,
1608 3283 1642 3354 ἢ
1693 3284 1770 3348 ὡς
1807 3284 1873 3337 ἐκ

280 3378 378 3445 τῆς
428 3376 617 3446 κοινῆς
650 3376 832 3430 αὑτῶν
864 3375 1103 3445 φύσεως,
1151 3377 1186 3446 ἢ
1224 3377 1287 3430 ὲκ
1336 3377 1437 3446 τῆς
1496 3374 1873 3446 προδλητικῆς

277 3467 595 3535 δυνάμεως.
639 3466 781 3520 ’Δλλ’
811 3467 861 3519 εί
897 3465 998 3536 μὲν
1029 3467 1106 3530 ὡς
1135 3467 1199 3520 ἐκ
1223 3465 1318 3518 δύο
1353 3465 1735 3524 ὑποστάσεων.
1775 3462 1872 3517 δύο

279 3560 458 3630 ἀρχαὶ
485 3559 770 3629 προδήλως
792 3559 998 3615 καὶδύο
1025 3558 1095 3613 τὰ
1112 3558 1261 3612 αἴτια
1281 3558 1374 3611 ἐπὶ
1401 3557 1502 3628 τῆς
1527 3556 1679 3620 θείας
1699 3555 1871 3628 Τριά-

277 3653 368 3718 δος
409 3653 511 3706 καὶ
541 3649 636 3705 δύο
669 3653 719 3704 οἱ
750 3650 1042 3722 προϐολάς
1064 3651 1160 3705 καὶ
1190 3652 1224 3722 ἡ
1267 3650 1542 3722 μοναρχία
1571 3649 1866 3722 ἀνῄρηται,

282 3744 374 3796 καὶ
433 3742 495 3795 τὸ
511 3741 686 3813 μόνην
723 3739 866 3797 εἶναι
890 3743 1076 3814 πηγὴν
1103 3741 1207 3813 τῆς
1239 3741 1577 3813 ὑπερουσίου
1608 3741 1868 3812 θεότητος

281 3836 369 3887 τόν
409 3834 655 3904 Πατέρα.
684 3835 746 3888 Ei
771 3832 820 3886 δ’
848 3835 925 3899 ὡς
946 3836 1008 3888 εκ
1062 3837 1163 3905 τῆς
1197 3835 1386 3904 κοινῆς
1413 3833 1595 3888 αὑτῶν
1621 3834 1863 3902 φύσεως,

287 3927 515 3996 πρῶτον
572 3925 671 3997 μὲν
721 3925 937 3984 οὐδέπω
979 3926 1074 3980 καὶ
1109 3925 1206 3980 νῦν
1250 3926 1518 3997 ῆκουσται
1556 3925 1704 3982 δυοῖν
1733 3927 1869 3980 ὑπο-

280 4020 539 4074 στάσεων
574 4018 774 4087 ἑτέραν
799 4017 1185 4086 ἐκπεφυκυϊαν
1219 4015 1523 4070 ὑπόστασιν
1547 4016 1634 4086 μὴ
1667 4015 1739 4080 ἐξ
1764 4016 1868 4071 αὐ-

279 4108 410 4164 τῶν
447 4104 588 4170 εἷναι
610 4108 688 4179 (8)
729 4108 934 4177 λέγειν,
965 4106 1082 4161 ἀλλ’
1116 4109 1183 4162 ἐκ
1211 4108 1310 4178 τῆς
1365 4107 1559 4178 κοινῆς
1595 4106 1818 4176 φύσεως
1852 4123 1867 4140 ·

281 4201 488 4256 ἔπειτα
525 4201 620 4254 καὶ
649 4199 792 4262 οὕτω
820 4200 982 4258 πάλιν
1031 4201 1114 4263 είς
1143 4199 1206 4252 τὸ
1242 4199 1377 4254 αὑτδ
1408 4198 1872 4270 περιενεχθήσον-

282 4311 399 4348 ται.
453 4291 516 4347 Ἦ
551 4293 661 4360 γὰρ
705 4293 1002 4355 ὑπόστασις
1029 4290 1184 4353 οὐδὲν
1227 4290 1416 4360 ἔτερόν
1447 4291 1600 4344 ἐστιν
1638 4290 1672 4360 ἢ
1708 4288 1874 4359 φύσις

285 4385 442 4453 μετὰ
473 4382 582 4436 τῶν
615 4382 950 4452 ίδιωμάτων,
973 4381 1115 4435 ὥστε
1144 4382 1207 4436 τὸ
1240 4382 1304 4436 ὲκ
1336 4382 1435 4452 τῆς
1459 4380 1680 4450 φύσεώς
1725 4397 1873 4445 τινος

2399 3069 2638 3126 EPIIES.
2669 3069 2819 3125 CAP.
2875 3069 2893 3124 I
2933 3070 3164 3143 (XVIII).

2052 3181 2298 3254 Spiritus
2343 3193 2568 3238 sanctus
2619 3198 2684 3242 ex
2741 3181 2904 3237 I’atre
2955 3192 3010 3239 et
3066 3183 3204 3238 Filio
3250 3183 3556 3253 procedens

1977 3284 2074 3331 aut
2104 3275 2274 3330 veluti
2301 3289 2366 3330 ex
2390 3273 2606 3328 duabus
2642 3271 2896 3342 personis
2932 3274 3285 3344 progreditur
3316 3284 3412 3330 aut
3442 3275 3556 3330 vel-

1978 3377 2037 3422 ut
2087 3382 2155 3423 ex
2235 3367 2520 3422 communi
2577 3366 2905 3422 eorumdem
2961 3367 3199 3422 essentia
3239 3373 3335 3420 aut
3380 3379 3444 3420 ex
3503 3365 3554 3418 vi

1973 3459 2288 3531 spiratrice.
2323 3459 2441 3514 Jam
2477 3473 2610 3514 vero
2643 3457 2688 3514 si
2718 3457 2944 3529 quidem
2976 3466 3036 3511 ut
3074 3472 3142 3513 ex
3177 3456 3394 3512 duabus
3433 3471 3558 3526 pcr-

1972 3550 2125 3606 sonis
2154 3550 2430 3619 procedit,
2464 3549 2576 3604 duo
2603 3549 2896 3605 manifeste
2921 3557 3091 3605 erunt
3112 3547 3409 3626 principia,
3436 3547 3555 3601 dure

1971 3657 2154 3700 causa:
2186 3646 2240 3700 in
2271 3644 2458 3700 divina
2489 3645 2786 3709 Trinitate,
2813 3651 2871 3698 et
2895 3642 3004 3698 duo
3033 3650 3202 3698 erunt
3231 3640 3554 3718 spiratores;

1978 3735 2194 3792 sublata
2242 3744 2328 3792 est
2373 3737 2730 3803 monarchia,
2766 3735 3046 3791 sublatum
3079 3743 3166 3790 est
3197 3733 3354 3800 illud,
3379 3732 3554 3810 solum

1978 3827 2188 3884 fontem
2223 3829 2714 3898 superessentialis
2765 3829 3000 3884 Deitatis
3052 3842 3173 3900 esse
3217 3827 3460 3882 Patrem.
3497 3823 3556 3881 Si

1977 3934 2112 3975 vero
2145 3928 2403 3989 tanquam
2426 3936 2490 3976 ex
2523 3920 2804 3999 communi
2835 3933 3028 3989 eorum
3059 3918 3300 3974 essentia
3333 3930 3430 3993 seu
3461 3931 3558 3973 na-

1977 4018 2119 4076 tura,
2154 4019 2286 4065 tunc
2330 4010 2567 4066 dicimus
2615 4011 2797 4081 primo
2838 4009 3062 4082 quidem
3125 4023 3406 4078 nunquam
3450 4006 3556 4061 hu.

1974 4115 2184 4171 cusque
2217 4100 2468 4156 auditum
2509 4099 2708 4164 fuisse,
2755 4110 2816 4156 ut
2859 4100 3082 4171 quando
3111 4115 3173 4155 ex
3211 4099 3427 4154 duabus
3462 4099 3560 4170 hy-

1974 4191 2294 4262 postasibus
2328 4191 2493 4247 tertia
2521 4191 2905 4268 progreditur,
2937 4191 3055 4246 haec
3085 4207 3187 4246 non
3213 4206 3277 4245 ex
3303 4190 3434 4256 illis,
3460 4189 3554 4245 sed

1975 4298 2041 4338 ex
2070 4284 2350 4340 communi
2377 4291 2576 4342 natura
2605 4298 2726 4340 esse
2767 4283 2984 4340 dicatur
3009 4300 3024 4350 ;
3061 4283 3262 4340 deinde
3290 4297 3423 4338 vero
3451 4283 3558 4338 hoc

1977 4391 2200 4447 quoque
2228 4386 2390 4448 pacto
2425 4377 2481 4432 in
2513 4377 2660 4432 idem
2694 4392 2924 4448 prorsus
2954 4376 3308 4432 delabuntur.
3335 4375 3577 4448 Etenim

287 4479 320 4547 ἢ
347 4476 524 4531 τινῶν
554 4477 647 4532 καὶ
679 4478 745 4530 ὲκ
772 4475 873 4546 τῆς
907 4475 1258 4540 ὑποστάσεως
1284 4476 1318 4547 ἢ
1365 4475 1477 4529 τῶν
1523 4475 1870 4531 ὑποστάσεων

1984 4469 2295 4549 ltyposusis
2325 4469 2461 4526 nihil
2503 4469 2654 4524 aliud
2685 4477 2790 4535 est,
2836 4483 3000 4540 quam
3033 4478 3233 4524 natura
3271 4483 3396 4524 cum
3434 4482 3560 4538 [που

289 4564 439 4623 εἶναι
466 4569 706 4639 ἁνάγκηο
729 4568 868 4638 πρὸς
892 4566 972 4637 τῷ
1027 4567 1156 4637 μηδ’
1182 4567 1371 4630 ἁπλῶς
1421 4562 1564 4620 εἶναι
1595 4566 1696 4636 τῆς
1723 4565 1876 4630 θείας

291 4659 517 4726 φύσεως
544 4659 676 4719 ῐδιον
695 4659 758 4712 τὸ
783 4657 1132 4728 προϐάλλειν·
1153 4653 1190 4727 ἦ
1215 4657 1326 4728 γὰρ
1353 4658 1420 4711 ἂν
1448 4656 1624 4711 καὶτὸ
1650 4656 1878 4732 Πνεῦμα

295 4751 608 4822 προέδαλεν
657 4751 847 4822 ἕτερον
893 4750 927 4822 ἢ
983 4750 1167 4816 ἑαυτὸ,
1221 4750 1319 4820 τῆς
1353 4749 1529 4820 αὑτῆς
1581 4749 1878 4806 κοινωνοῦν

366 4933 446 5002 (I)
481 4931 574 4987 Sic
602 4931 723 4989 Vat.
755 4930 794 4986 ί.
825 4931 929 4988 176
955 4933 1009 4998 b,
1037 4930 1204 4993 Marc.
1231 4929 1272 4985 Γ.
1295 4928 1403 4986 2Ξῦ
1425 4945 1478 4994 a,
1501 4927 1879 4997 ὑποδεικνοῦνι

298 5020 448 5159 ῗῖει)
492 5069 584 5126 Sic
613 5072 733 5127 Vat.
778 5072 816 5126 ι.
867 5072 966 5126 m
996 5087 1047 5138 a,
1097 5072 1241 5126 Mon.
1273 5073 1310 5126 r.
1344 5071 1450 5127 ενδ
1490 5087 1555 5126 a:
1589 5083 1760 5123 mare.
1798 5068 1876 5120 Δι’

298 5161 395 5196 ων.

372 5212 452 5282 (3)
493 5211 586 5282 Sic
611 5212 732 5282 Vat.
763 5211 930 5266 Marc.
969 5211 1116 5270 Men.

303 5353 331 5405 ὁ
371 5280 589 5404 (ηέὃιο
622 5281 768 5337 Μοη.
807 5283 975 5337 Marc.
1007 5284 1066 5334 ὐ
1099 5281 1270 5354 μῦθος
1311 5282 1434 5352 ἔφυ,
1457 5284 1582 5339 Vat.
1614 5281 1877 5338 mendose

363 5371 422 5405 ut.
491 5369 588 5405 can.

411 5396 422 5408 .
461 5369 588 5419 εφη.

362 5371 422 5423 μ,
461 5371 588 5419 εφη.
773 5423 784 5432 .
1209 5422 1229 5435 .

374 5425 452 5491 (3)
488 5423 652 5477 Marc.
680 5421 720 5477 f.
754 5423 822 5478 59
849 5438 901 5487 a,
928 5439 1361 5491 κενοφωνονντα.

377 5498 455 5564 (6)
498 5492 712 5564 910ml.
739 5495 846 5548 ‘225
868 5508 926 5564 ra,
955 5493 1116 5564 παρό.

380 5562 459 5632 (1)
497 5562 784 5634 Posuimus
823 5563 913 5617 hic
953 5562 1124 5634 Marci
1169 5573 1577 5634 argumentum,
1630 5564 1758 5618 licet
1819 5565 1872 5618 in

308 5632 597 5691 culicibus
650 5633 742 5687 hic
788 5648 896 5686 non
950 5632 1254 5687 habeaturi
1289 5635 1499 5687 Monac.
1539 5644 1726 5688 noster
1755 5644 1876 5702 pust

311 5708 474 5758 verba
502 5703 684 5772 λέγειν
707 5703 880 5772 ieiad
908 5704 1216 5772 marginem
1234 5704 1402 5758 habet
1439 5705 1605 5756 rubro
1633 5705 1870 5766 calamo:

318 5777 460 5843 ιιρις
504 5771 564 5824 τί)
606 5769 653 5825 α’
685 5771 794 5826 τῶν
841 5769 1068 5842 Μάρκοῦ
1131 5775 1356 5841 ’ίίςξέιον
1414 5776 1774 5842 ἐπιχεὲρτ,μα,
1823 5784 1875 5826 Cl

1983 4562 2342 4634 prietatibus;
2399 4562 2544 4618 unde
2590 4561 2738 4634 quod
2794 4577 2862 4616 ex
2908 4571 3106 4636 natura
3135 4562 3420 4632 cujusdam
3472 4560 3560 4616 vel

1981 4653 2346 4725 quorumdam
2383 4662 2486 4720 est,
2523 4654 2687 4714 etiam
2719 4670 2784 4710 ex
2826 4669 3061 4724 persona
3086 4654 3174 4709 vel
3208 4653 3461 4724 personis
3487 4656 3562 4706 sit

1982 4760 2210 4804 necesse
2239 4755 2343 4801 est.
2387 4745 2642 4812 Accedit,
2668 4745 2815 4816 quod
2859 4761 2960 4802 nec
2996 4747 3324 4816 simpliciter
3355 4747 3557 4800 divinae

1981 4931 2126 4986 hanc
2177 4929 2363 4987 sedem
2401 4927 2530 4984 huic
2572 4935 2898 4998 argumento
2947 4925 3234 4998 vindicant
3265 4941 3386 4998 quae
3425 4940 3556 4993 pro-

1982 5002 2132 5056 xime
2184 5008 2492 5070 sequuntur
2519 4995 2889 5070 _Bessarionis
2933 4998 3123 5050 verba.
3151 4995 3551 5070 _Cod._r_\lpnac.

1982 5071 2090 5125 hoc
2126 5065 2288 5124 Marci
2324 5086 2446 5139 cap.
2477 5068 2544 5122 I8
2572 5069 2957 5139 suppeditarat
2987 5074 3110 5139 post
3138 5065 3353 5139 Georgii
3387 5066 3560 5119 Schu-

1980 5141 2106 5196 larii
2143 5137 2426 5208 responsa,
2460 5139 2554 5193 fol.
2603 5138 2713 5191 222
2765 5138 2934 5208 b-224
2979 5152 3031 5199 a,
3077 5137 3178 5208 hac
3217 5137 3393 5205 posita
3429 5147 3555 5189 nntzt

1984 5207 2274 5280 marginaii
2313 5228 2326 5264 :
2364 5210 2552 5280 Ταῦτά
2581 5211 2689 5261 εἰσι
2714 5207 3084 5280 γτὰ-ἐπίλοιπα
3126 5207 3352 5280 ’βφέσον
3388 5211 3559 5280 κεφά-

1981 5276 2136 5348 λαια]
2164 5282 2198 5333 ἃ
2229 5279 2563 5344 καταλείψας
2673 5276 3230 5354 ΔΣχολάριοξριντεῖπε
3265 5345 3276 5354 _
3299 5277 3554 5354 δικαίαςἶ

1980 5361 2037 5404 et
2075 5343 2133 5405 ili
2159 5349 2265 5404 ﬁne
2297 5343 2505 5419 paginte
2543 5343 2765 5419 ιγγίΙόῦτο
2797 5343 2932 5414 πρὸς
2956 5345 3194 5406 Νικαίας
3224 5345 3321 5419 μεν
3358 5343 3426 5408 α’,
3462 5345 3557 5395 ἀπ’

1863 5483 1866 5485 λ
1980 5422 2157 5492 ἀρχῆς
2181 5421 2237 5492 δὲ
2272 5414 2530 5490 ιὴνδίὶοιί.
2565 5417 2876 5492 Marciapus
2901 5425 3223 5492 argumenta
3256 5414 3552 5492 Mitt-einen

1980 5483 2326 5559 suppeditat,
2377 5491 2522 5543 sicut
2587 5504 2690 5559 nec
2745 5486 2864 5543 Vat.
2920 5483 2985 5540 ιη’
3027 5483 3238 5537 Monac.
3288 5484 3382 5539 Gr.
3429 5485 3556 5550 256,

1981 5559 2021 5612 f.
2048 5558 2152 5614 “290
2183 5577 2232 5622 τι,
2265 5569 2349 5614 est
2373 5569 2540 5628 caput
2575 5558 2626 5614 ί.

2053 5631 2130 5698 (8)
2168 5619 2259 5683 γε.
2279 5631 2343 5682 Ita
2373 5619 2729 5681 ὑπόςτάςεων
2756 5629 2952 5698 ἑτέραν
2984 5649 3052 5668 ι·-
3079 5619 3219 5678 εἷναι
3258 5625 3312 5678 in
3341 5624 3554 5678 Monac.

1979 5701 2107 5752 cmi.
2165 5700 2253 5764 ‘27,
2302 5703 2499 5752 omissa
2557 5700 2758 5753 ibidem
2820 5703 2883 5753 ad
2941 5700 3240 5766 marginem
3293 5703 3557 5766 suppleat-

1982 5782 2088 5824 [ΗΓ.
