3900 6216
350 347 452 412 H3

1720 353 2170 416 B'ESSARIONI
2181 357 2225 415 S‘

3477 355 3580 424 ια

349 466 559 514 naturae
606 459 892 531 proprium
920 470 1011 516 est:
1052 462 1394 532 producere;
1440 477 1603 522 secus
1651 464 1795 520 enim
1852 473 1907 519 et

2009 465 2243 535 φύσεως.
2284 467 2347 521 Εί
2399 467 2455 520 δὲ
2500 467 2566 520 ὲκ
2607 465 2709 537 τῆς
2744 466 3122 539 προὸλητικῆς
3148 469 3450 542 δυνάμεως,
3477 471 3579 542 ζη-

350 549 593 621 Spiritu‘s
647 553 977 622 procederet
1024 554 1259 609 alterum
1311 557 1396 611 vel
1457 557 1720 628 seipsum,
1780 573 1906 614 cum

356 641 602 712 ejusdem
630 645 789 713 plane
819 655 1031 700 naturae
1065 647 1137 701 sit
1176 649 1470 720 particeps.
1504 649 1560 705 Si
1591 650 1807 705 tandem
1840 665 1907 704 ex

350 734 403 788 vi
433 735 745 805 spiratrice,
781 736 1226 806 disquirendum,
1271 757 1522 811 quamam
1564 742 1635 797 sit
1680 741 1798 796 haec
1825 742 1910 795 vis

351 825 634 894 spiratrix,
681 835 738 882 et
786 843 862 882 an»
886 827 1099 885 diversa
1144 832 1222 886 sit
1262 847 1292 885 a
1335 841 1555 895 natura,
1604 847 1672 886 an
1715 831 1908 886 eadem

353 917 646 986 eumipsa.
689 916 747 974 Si
798 918 968 992 igitur
999 921 1194 977 eadem
1247 923 1362 989 ipsa
1410 934 1628 988 natura,
1675 923 1911 979 redeunt

346 1007 540 1062 eadem
594 1020 917 1080 argumenta
967 1013 1155 1068 eadem
1203 1013 1443 1069 absurda
1486 1014 1812 1080 inferentia;
1861 1016 1907 1069 si

347 1113 479 1153 vero
524 1098 639 1154 alia
680 1116 711 1155 a
761 1110 983 1167 natura,
1014 1103 1125 1174 jam
1175 1119 1502 1161 concessum
1551 1116 1641 1161 est
1682 1106 1753 1161 ab
1800 1105 1909 1161 illis

345 1187 493 1243 aliud
525 1189 653 1259 quid
703 1191 883 1248 inesse
925 1193 1033 1249 Deo
1064 1203 1263 1264 praeter
1308 1195 1480 1265 ipsius
1523 1206 1775 1252 naturam
1808 1212 1905 1252 seu

345 1278 417 1334 ab
443 1280 564 1351 ejus
592 1283 1121 1348 naturadiversum,
1152 1286 1301 1356 quod
1331 1287 1386 1341 in
1426 1288 1548 1344 aliis
1570 1291 1910 1345 tractationi-

346 1370 453 1425 bus
491 1372 644 1427 nullo
699 1375 928 1431 omnino
982 1388 1144 1447 pacto
1190 1380 1509 1445 admittunt,
1565 1382 1673 1435 imo
1726 1382 1908 1450 potius

344 1458 569 1530 linguas
598 1461 706 1519 sibi
736 1466 980 1522 exscindi
1011 1483 1175 1538 quam
1208 1467 1319 1523 hoc
1348 1467 1639 1524 admittere
1672 1471 1904 1535 malunt;

344 1549 555 1608 deinde
594 1556 873 1624 quomodo
916 1572 1028 1613 non
1073 1558 1376 1615 absurdum
1419 1571 1535 1625 est,
1571 1560 1719 1615 aliud
1773 1560 1907 1630 quid

344 1650 543 1712 praeter
579 1643 821 1701 divinam
858 1657 1109 1703 naturam
1161 1651 1522 1719 perfectivum
1561 1660 1618 1707 et
1665 1651 1907 1721 comple-

345 1733 519 1788 tivum
548 1748 670 1790 esse
705 1736 907 1792 divinae
950 1746 1160 1794 natum
1201 1740 1286 1794 vel
1319 1741 1613 1810 persona?
1647 1741 1903 1797 Attamen

345 1837 417 1876 ne
466 1823 549 1881 sic
601 1826 821 1895 quidem
870 1829 980 1883 duo
1037 1830 1309 1900 principia
1361 1830 1644 1902 eﬂugient.
1708 1832 1906 1887 Verum

342 1912 629 1969 enimvero
677 1914 731 1970 id
773 1918 918 1986 quod
952 1934 1018 1974 ex
1047 1931 1199 1990 patre
1231 1930 1289 1977 et
1328 1930 1504 1977 matre
1544 1922 1812 1993 gignitur,
1839 1938 1906 1978 ex

343 2005 663 2074 generativa
707 2022 898 2063 eorum
938 2010 1198 2068 facultate
1225 2014 1409 2084 prodit
1433 2015 1522 2069 vel
1552 2030 1650 2084 per
1679 2030 1909 2085 genera-

344 2093 512 2149 tivam
552 2095 894 2165 facultatem,
925 2116 1046 2170 qua:
1091 2111 1178 2158 est
1224 2104 1359 2175 ipsis
1402 2106 1733 2171 communis,
1777 2105 1909 2161 licet

344 2183 528 2241 modis
572 2187 819 2255 differat;
852 2192 1027 2247 nihilo
1068 2203 1249 2248 tamen
1275 2193 1456 2249 secius
1483 2209 1551 2250 ex
1577 2194 1794 2251 duabus
1822 2205 1909 2252 est

341 2274 732 2346 bypostasibus
760 2291 816 2336 et
848 2281 960 2338 duo
993 2283 1161 2339 habet
1189 2287 1564 2356 generationis
1610 2286 1906 2358 principia.

339 2368 399 2424 ιιι
446 2385 606 2428 nemo
640 2372 923 2442 profectus
968 2391 1198 2448 prorsus
1255 2394 1457 2450 negare
1499 2396 1669 2437 ausus
1711 2380 1905 2435 fuerit.

340 2464 586 2525 Unde'et
615 2469 864 2542 Spiritus
887 2486 1135 2541 sanctus,
1165 2476 1615 2546 quandoquidem
1650 2491 1717 2532 ex
1745 2476 1908 2532 Patre

346 2566 404 2612 et
437 2559 579 2616 Filio
610 2576 709 2631 per
739 2564 1123 2633 productivam
1153 2581 1251 2621 seu
1286 2567 1609 2637 spirativam
1641 2568 1904 2623 virtutem

346 2652 721 2721 progreditur,
758 2653 869 2709 duo
898 2655 1169 2726 principia
1201 2672 1315 2712 sua)
1361 2658 1698 2713 exsistentiae
1738 2659 1910 2716 liabe-

341 2740 447 2796 bit.
479 2740 554 2797 At
590 2757 679 2798 res
704 2755 928 2811 creatat,
974 2746 1255 2817 inquiunt,
1300 2763 1368 2803 ex
1396 2747 1559 2806 Patre
1586 2758 1644 2804 et
1687 2749 1824 2805 Filio
1853 2758 1909 2804 et

340 2830 557 2904 Spiritu
588 2845 781 2892 sancto
814 2838 1145 2895 exsistentes
1175 2855 1273 2909 per
1301 2840 1625 2897 creatricem
1654 2842 1906 2911 ipsorum

341 2926 605 2982 virtutem
647 2942 718 2983 ex
756 2942 866 2984 uno
910 2930 1020 2985 Deo
1053 2939 1110 2985 et
1139 2930 1428 2988 conditore
1471 2939 1602 2987 sunt
1640 2941 1696 2989 et
1733 2948 1904 2988 unum

340 3016 551 3074 habent
598 3019 932 3090 principium
972 3022 1188 3077 Patrem
1227 3030 1285 3078 et
1316 3022 1515 3078 Filium
1541 3034 1600 3081 et
1635 3024 1906 3095 Spiritum

340 3122 629 3179 sanetum;
677 3111 815 3183 quid
842 3125 974 3182 ergo
1009 3112 1301 3180 prohibet,
1325 3113 1623 3183 quominus
1649 3123 1704 3171 et
1730 3114 1905 3185 Spiri-
1932 3131 1976 3192 ο

320 3212 432 3261 tus
456 3212 680 3260 sanctus
706 3219 775 3259 ex
801 3204 965 3261 Patre
994 3202 1243 3276 Filioque
1276 3206 1582 3277 procedens
1606 3215 1661 3263 et
1694 3223 1759 3264 es
1796 3222 1906 3263 uno

341 3295 415 3351 sit
463 3294 573 3351 Deo
606 3310 672 3352 ac
720 3295 990 3366 spiratore
1031 3305 1088 3351 et
1118 3312 1288 3351 unum
1321 3296 1522 3352 habeat
1569 3298 1903 3369 principium

340 3386 564 3443 Patrem
608 3395 664 3441 et
698 3385 940 3441 Filium?
966 3386 1193 3454 Verum,
1224 3403 1259 3443 ο
1286 3389 1451 3456 bone,
1481 3405 1510 3443 a
1539 3404 1598 3445 re
1625 3391 1906 3460 proposita

341 3493 442 3535 nos
500 3476 805 3545 abduxisti,
856 3492 983 3532 cum
1037 3479 1307 3536 creaturis
1355 3481 1579 3552 copules
1638 3481 1905 3553 Spiritum

339 3577 591 3625 sanctum
615 3578 673 3625 et
724 3568 1283 3626 Pneumatomachum
1326 3571 1590 3643 (Spiritus
1627 3587 1907 3643 oppugna-

340 3660 538 3731 torem)
589 3667 762 3715 temet
808 3660 1026 3716 sincerc
1075 3661 1390 3717 d‘cclarasti.
1426 3662 1484 3717 Si
1527 3664 1675 3718 enim
1709 3663 1905 3719 eodem

324 3752 516 3823 ‘plane-
529 3760 690 3823 pacto
717 3759 834 3806 tum
867 3762 1121 3808 creatura
1149 3767 1214 3808 ex
1251 3752 1413 3809 Patre
1444 3762 1500 3810 et
1527 3755 1667 3811 Filio
1694 3763 1749 3811 et
1776 3754 1906 3826 Spi-

341 3844 485 3899 ritus
526 3852 774 3907 sanctus,
816 3849 933 3897 tum
986 3844 1228 3913 Spiritus
1270 3854 1496 3901 sanctus
1542 3861 1610 3902 ex
1650 3847 1807 3901 Patre
1852 3857 1908 3902 et

340 3933 510 4002 Filio,
557 3934 691 4005 quid
723 3934 881 3991 aliud
905 3934 1014 3991 erit
1064 3934 1306 4007 Spiritus
1349 3950 1576 3994 sanctus
1610 3939 1715 3994 nisi
1752 3953 1909 3995 crea-

346 4027 509 4084 tura?
536 4026 606 4083 At
643 4042 746 4099 ego
779 4038 972 4084 contra
1026 4029 1129 4085 tibi
1163 4029 1281 4086 vice
1323 4046 1481 4086 versa
1510 4031 1688 4087 dicam
1736 4032 1909 4102 magis

340 4117 620 4190 pie,quod
645 4119 691 4173 si
729 4118 836 4173 hoc
866 4127 1026 4188 pacto
1060 4120 1288 4184 creatio,
1322 4135 1432 4175 non
1463 4123 1567 4176 hoc
1598 4130 1759 4191 pacto
1785 4121 1908 4194 Spi-

340 4210 482 4265 ritus
515 4217 762 4265 sanctus.
808 4208 873 4263 ld
912 4209 1061 4264 enim
1111 4209 1259 4279 quod
1304 4223 1402 4279 per
1450 4212 1787 4268 creationem
1837 4229 1908 4269 ex

342 4302 562 4358 duobus
594 4301 688 4357 vel
726 4300 920 4356 multis
952 4300 1011 4357 lit
1055 4312 1117 4356 ut
1166 4316 1235 4356 ex
1273 4317 1386 4357 uno
1413 4301 1622 4357 factum
1655 4319 1777 4360 esse
1823 4304 1908 4359 di-

340 4408 470 4451 cere
496 4393 650 4457 licet,
693 4392 916 4462 quando
946 4392 1014 4448 ad
1050 4394 1325 4448 rationem
1356 4394 1681 4451 creatricem
1726 4398 1907 4468 respi-

2009 557 2224 628 τητέον,
2272 559 2361 623 τίς
2409 558 2551 629 αὕτη
2590 562 2624 630 ἡ
2683 558 3025 632 προσλητικὴ
3081 562 3335 630 δύναμις,
3384 564 3479 617 καὶ
3528 565 3578 617 εί

2011 651 2172 721 ἑτέρα
2199 653 2351 720 παρὰ.
2377 651 2477 723 τὴν
2503 652 2687 721 φύσιν,
2719 652 2752 724 ἦ
2778 655 2812 725 ἡ
2843 654 3003 724 αὐτή.
3032 654 3100 708 Εἰ
3129 655 3228 727 μὲν
3253 652 3349 710 οῦν
3378 657 3411 726 ἡ
3438 657 3579 728 αὕτη

2011 745 2190 813 φύσις,
2224 746 2388 799 πάλιν
2421 745 2471 799 οἱ
2505 745 2663 798 αὐτοὶ
2691 746 2841 813 λόγοι
2871 746 2975 811 τὰς
3005 748 3174 812 αὐτὰς
3212 749 3577 819 ἐπιφέροντες

2010 834 2260 896 ἀτοπίας
2293 836 2345 888 εί
2374 836 2431 891 δὲ
2460 835 2624 906 ἑτέρα
2650 837 2807 906 παρὰ
2833 838 2932 909 τὴν
2960 837 3145 905 φύσιν,
3173 839 3273 908 ἤδη
3303 838 3402 905 μὲν
3427 856 3580 892 συνε-

2010 925 2266 997 χώρησαν
2293 925 2481 997 ἕτερόν
2503 944 2554 980 τι
2592 926 2671 997 τῷ
2695 926 2814 996 Θεῷ
2845 930 3129 997 προσεῖναι
3154 928 3259 996 τῆς
3288 924 3454 981 αὐτοῦ
3482 928 3583 996 φύς

2013 1030 2175 1080 σεως,
2196 1014 2330 1085 ὅπερ
2353 1017 2417 1068 ἐν
2431 1015 2613 1078 ἄλλοις
2641 1015 3020 1084 διαλεγόμενοι
3047 1013 3252 1084 μᾶλλον
3282 1014 3351 1067 ἂν
3371 1014 3581 1068 ἐλοιντο

2011 1104 2109 1169 τὰς
2131 1104 2382 1172 γλώσσας
2406 1105 2669 1171 προέσθαι
2688 1105 2722 1176 ἢ
2747 1106 2821 1167 ὡς
2842 1104 3281 1172 ὁμολογούμενον
3295 1102 3577 1167 δέξασθαι·

2011 1195 2205 1248 ἔπειτα
2241 1196 2360 1258 πῶς
2386 1195 2489 1248 οὐκ
2519 1193 2741 1259 ἄτοπον,
2777 1194 2967 1265 ἕτερόν
3008 1211 3062 1247 τι
3098 1194 3250 1264 παρὰ
3277 1194 3379 1264 τὴν
3425 1193 3581 1247 θείαν

2006 1270 2175 1352 ’φύσιν
2217 1284 2633 1338 ἀποτελεστικὸν
2706 1282 2846 1339 εἶναι
2903 1284 3121 1353 φύσεως
3171 1284 3343 1350 θείας,
3410 1285 3584 1354 ἤγουν

2012 1375 2391 1440 ύποστάσεως;
2441 1375 2603 1430 Ἀλλὰ
2653 1373 2719 1445 δὴ
2760 1375 2858 1429 καὶ
2905 1374 3054 1428 οὓτω
3111 1373 3277 1429 πάλιν
3332 1375 3430 1437 τὰς
3485 1374 3585 1427 δύο

2011 1467 2183 1536 ἀρχὰς
2206 1467 2308 1520 οὐκ
2334 1466 2720 1536 ἐκφεύξονται·
2760 1467 2858 1520 καὶ
2881 1467 2988 1536 γὰρ
3018 1465 3081 1519 τὸ
3125 1467 3190 1518 ἐκ
3221 1467 3430 1534 πατρὸς
3479 1467 3581 1519 καὶ

2014 1557 2222 1627 μητρὸς
2249 1556 2587 1627 γεννώμενον
2610 1558 2673 1611 ὲκ
2697 1558 2798 1628 τῆς
2823 1558 2900 1630 (l)
2925 1559 3253 1629 γεννητικῆς
3284 1557 3466 1613 αὑτῶν
3487 1556 3579 1609 δυ⁴

2010 1646 2229 1719 νάμεως
2263 1648 2533 1719 πρόεισιν,
2568 1650 2602 1720 ἢ
2638 1650 2728 1705 διὰ
2760 1652 2862 1719 τῆς
2891 1649 3222 1721 γεννητικῆς
3271 1650 3576 1719 δυνάμεως.

2010 1739 2133 1810 ἥτις
2158 1738 2305 1794 ἐστὶν
2332 1740 2516 1804 αὐτοῖς
2554 1741 2730 1811 κοινὴ,
2757 1742 2860 1796 κᾶν
2905 1744 3143 1813 διαφέρῃ
3191 1744 3304 1805 τοῖς
3332 1740 3577 1812 τρόποις

2008 1831 2125 1886 ἀλλ’
2160 1832 2312 1887 οὐδὲν
2335 1828 2501 1906 ἦττον
2528 1835 2591 1888 ὲκ
2633 1834 2728 1887 δύο
2777 1836 2838 1889 τέ
2880 1836 3032 1888 ἐστιν
3077 1834 3437 1888 ύποστάσεων
3485 1834 3584 1886 καὶ

2006 1922 2100 1977 δύο
2145 1922 2243 1986 τὰς
2274 1923 2452 1993 ἀρχὰς
2484 1923 2597 1992 ἔχει
2633 1924 2729 1997 τνῆς
2760 1924 2837 1994 (2)
2871 1925 3203 1994 γεννήσεως.
3233 1925 3344 1978 Kal.
3376 1923 3478 1976 οὐκ
3508 1922 3582 1976 ἄν

2006 2029 2090 2077 τις
2123 2013 2261 2078 ὅλως
2297 2013 2644 2085 ἀρνήσασθαι
2677 2013 2839 2069 τοῦτο
2867 2016 3220 2082 τολμήσειεν.
3282 2015 3445 2067 Ὠστε
3483 2013 3583 2066 καὶ

2006 2105 2069 2158 τὸ
2116 2104 2344 2171 Πνεῦμα
2374 2104 2436 2157 τὸ
2492 2103 2672 2173 ἅγιον,
2717 2107 2878 2174 εῐπερ
2937 2106 3003 2159 ὲκ
3062 2105 3276 2175 Πατρός
3323 2105 3421 2157 καὶ
3445 2102 3579 2156 Υἰοῦ

2008 2198 2225 2266 πρόεισι
2257 2196 2347 2250 διὰ
2377 2193 2475 2263 τῆς
2507 2196 2886 2269 προὸλητικῆς
2912 2197 3221 2266 δυνάμεως,
3245 2196 3341 2251 δύο
3361 2197 3461 2259 τὰς
3481 2196 3582 2265 ἀρ-

2007 2285 2109 2357 χὰς
2136 2286 2247 2352 ἕξει
2275 2286 2375 2352 τῆς
2403 2284 2599 2340 ἑαυτοῦ
2630 2286 2943 2356 ὑπάρξεως.
2989 2286 3133 2340 Ἀλλ’
3166 2289 3199 2357 ἠ
3231 2286 3432 2350 κτίσις,
3474 2301 3582 2353 φα-

2009 2379 2115 2443 σὶν,
2149 2379 2214 2432 ὲκ
2245 2377 2461 2446 Πατρδς
2483 2377 2577 2431 καλ⁸
2608 2377 2738 2430 Υίοῦ
2764 2378 2858 2432 καὶ
2885 2376 3047 2445 ἁγίου
3073 2377 3391 2447 Πνεύματος
3419 2375 3580 2441 οὖσα,

2006 2469 2096 2523 διὰ
2141 2468 2241 2537 τῆς
2268 2467 2673 2539 δημιουργικῆς
2702 2467 2912 2522 τούτων
2941 2467 3226 2546 δυνάμεως
3258 2465 3320 2531 ἐξ
3352 2466 3471 2528 ἑνός
3520 2466 3585 2518 τέ

2007 2561 2122 2613 ἐστι
2154 2559 2290 2613 Θεοῦ
2325 2561 2421 2613 καὶ
2457 2559 2834 2630 Δημιουργοῦ,
2890 2560 2986 2614 καὶ
3042 2559 3176 2629 μίαν
3232 2546 3410 2630 ἀρχῆν
3466 2557 3586 2627 ἔχει

2005 2650 2098 2704 τὸν
2117 2649 2334 2719 Πατέρα
2362 2650 2457 2702 καὶ
2499 2650 2592 2704 τὸν
2629 2650 2759 2704 Υίδν
2807 2650 2903 2704 καὶ
2933 2651 2993 2704 τὸ
3036 2650 3194 2719 ἅγιον
3230 2649 3477 2720 Πνεῦμα.
3513 2649 3585 2704 Τί

2007 2741 2101 2795 οὖν
2139 2740 2337 2795 κωλύει
2382 2740 2480 2795 καὶ
2518 2741 2578 2795 τὸ
2630 2740 2788 2807 ἅγιον
2820 2740 3046 2810 Πνεῦμα
3096 2742 3164 2795 ὲκ
3218 2739 3436 2810 Πατρός
3484 2740 3587 2793 καὶ

2008 2833 2140 2888 Υίοῦ
2177 2834 2586 2904 προερχόμενον
2609 2832 2686 2897 ὡς
2720 2832 2781 2897 ἐξ
2803 2832 2921 2895 ἑνός
2951 2850 3012 2886 τε
3032 2827 3175 2887 εἶναι
3209 2832 3286 2904 (3)
3314 2830 3450 2885 Θεοῦ
3486 2832 3585 2883 καὶ

2008 2924 2342 2995 προϐολέως,
2373 2927 2471 2979 καὶ
2513 2925 2647 2993 μίαν
2676 2923 2853 2995 ἀρχὴν
2910 2923 3058 2994 ἔχειν
3087 2923 3184 2978 τὸν
3215 2922 3435 2993 Πατέρα
3484 2922 3586 2975 καί¹

2007 3014 2099 3068 τὸν
2124 3013 2274 3079 Υίόνς
2305 3013 2648 3082 Ἀπήλλαξας
2674 3015 2822 3085 ἡμᾶς
2845 3014 3214 3085 πραγμάτων,
3237 3006 3284 3066 ὦ
3311 3011 3583 3083 βέλτιστε.

2008 3106 2121 3168 τοῖς
2176 3103 2444 3175 κτίσμασι
2501 3103 2772 3169 συντάξας
2821 3104 2884 3158 τὸ
2922 3104 3149 3175 Πνεῦμα
3179 3104 3241 3156 τὸ
3275 3105 3434 3172 ἅγιον
3486 3102 3588 3154 καὶ

1998 3195 2486 3266 νΠ-νευματομάχον
2543 3196 2807 3266 καθαρῶς
2866 3196 3096 3250 σεαυτὸν
3155 3196 3463 3265 ἄποφήνας.
3516 3194 3586 3247 Ei

2010 3285 2120 3354 γὰρ
2155 3285 2247 3338 τὸν
2283 3285 2451 3340 αὐτὸν
2482 3285 2687 3358 τρόπον
2723 3286 2757 3355 ἦ
2788 3301 2848 3339 τε
2891 3287 3071 3349 κτίσις
3111 3286 3177 3339 ἐκ
3219 3284 3435 3354 Πατρός
3485 3287 3589 3336 καὶ

2014 3375 2144 3428 Υίοῦ
2170 3376 2276 3430 καὶ
2305 3376 2466 3444 ἁγίου
2497 3375 2837 3447 Πνεύματος,
2874 3376 2969 3429 καὶ
2997 3376 3061 3430 τδ
3107 3375 3335 3445 Πνεῦμα
3388 3378 3453 3428 ἐκ
3483 3372 3587 3427 τοῦ

2012 3463 2324 3536 (4).Πατρδς
2365 3468 2463 3520 καὶ
2487 3465 2643 3533 Υίοῦ,
2669 3465 2723 3518 τί
2748 3482 2812 3534 γε
2834 3464 2964 3521 ἄλλο
2989 3465 3249 3536 ἢλκτίσμα
3274 3465 3335 3518 τδ
3356 3464 3587 3535 Πνεῦμα

1996 3556 2072 3610 ’τὸ
2124 3554 2320 3626 ἃγιονς
2369 3555 2513 3611 Ἀλλ’
2570 3556 2681 3625 ἐγώ
2732 3574 2817 3611 σοι
2868 3558 3182 3612 τούναντίον
3233 3557 3588 3628 ἀναστρέψας

2011 3648 2418 3720 εύσεὸεστέρως
2444 3648 2576 3719 ερῶ,
2608 3650 2705 3716 ὡς,
2735 3651 2967 3720 ἐπείπερ
2986 3650 3020 3720 ἡ
3049 3649 3229 3715 κτίσις
3265 3648 3460 3713 οὕτως,
3483 3648 3591 3719 οὐχ

2000 3740 2156 3795 ὀὕτω
2193 3741 2255 3795 τδ
2277 3740 2504 3811 Πνεῦμα
2519 3741 2583 3795 τὸ
2611 3740 2788 3810 ἅγιον.
2808 3743 2882 3796 Τὸ
2919 3742 3018 3811 μὲν
3046 3741 3156 3813 γὰρ
3175 3740 3591 3812 δημιουργικῶς

2006 3835 2077 3888 κάκ
2106 3830 2200 3888 δύο
2215 3834 2310 3887 καὶ
2338 3833 2551 3888 πολλῶν
2583 3836 2879 3905 γενόμενον
2908 3834 3055 3889 ἔστιν
3078 3836 3252 3888 εἰπεῖν
3278 3833 3356 3897 ὡς
3382 3832 3441 3899 ἐξ
3464 3832 3590 3896 ἑνὸς

1998 3927 2301 3994 ’γεγονεναι
2328 3925 2465 3997 πρὸς
2492 3925 2586 3980 τὸν
2610 3925 3008 3996 δημιουργικὸν
3028 3925 3370 3997 Ἐφορῶντας
3399 3923 3588 3990 λόγον,

1999 4016 2075 4070 ὀὐ
2104 4017 2264 4088 μόνον
2295 4017 2390 4071 ἐπὶ
2411 4017 2513 4087 τῆς
2561 4017 2717 4079 θείας
2748 4016 3138 4087 δημιουργίας,
3190 4014 3316 4070 καθ’
3364 4014 3433 4087 ἢν
3484 4014 3590 4083 μία

2014 4108 2166 4179 καὶὴ
2198 4108 2337 4177 αὐτὴ
2381 4106 2549 4178 βουλὴ
2591 4109 2687 4162 καὶ⁵
2718 4108 2938 4177 θέλησις
2990 4109 3081 4161 καὶ
3139 4107 3303 4181 σοφία
3349 4106 3443 4160 καὶ
3487 4105 3591 4160 δύ-

2014 4216 2176 4270 ναμις
2200 4199 2295 4252 καὶ
2321 4197 2595 4270 ἐνέργεια,
2642 4199 2781 4252 ἀλλὰ
2812 4201 2909 4253 καὶ
2956 4199 3050 4252 ἐπὶ
3083 4198 3183 4269 τῆς
3229 4196 3590 4268 ἀνθρωπίνης

2013 4292 2109 4346 καὶ
2138 4290 2259 4345 καθ’
2287 4291 2457 4362 ἡμᾶς.
2497 4286 2592 4355 Εἷς
2640 4291 2748 4361 γὰρ
2775 4292 2872 4344 καὶ
2912 4293 2943 4345 ὁ
2975 4291 3137 4353 αὐτὸς
3188 4292 3248 4344 ὲν
3301 4289 3592 4359 διαφόροις

2012 4383 2285 4455 τεχνίταις
2325 4385 2354 4437 ὁ
2399 4383 2646 4454 τεχνικὸς
2691 4383 2849 4451 λόγος
2880 4383 2975 4437 καὶ
3106 4382 3185 4454 (3)
3242 4383 3486 4448 τεχνῖται
3520 4379 3586 4432 ἐν

340 4485 542 4552 cimus,
596 4486 771 4555 idque
813 4499 925 4541 non
954 4485 1133 4541 solum
1167 4485 1223 4541 in
1253 4485 1440 4543 divina
1483 4501 1668 4543 rerum
1703 4490 1907 4558 produ-

2013 4474 2121 4527 εισι
2153 4473 2374 4535 πάντες*
2408 4475 2505 4526 καὶ
2530 4473 2673 4527 κατὰ
2711 4468 2872 4526 τοῦτο
2916 4474 2977 4527 τὸ
3008 4473 3087 4543 (6)
3131 4474 3194 4526 ὲκ
3227 4471 3443 4525 πολλῶν
3489 4486 3590 4535 γε-

342 4577 552 4644 ctione,
605 4577 913 4633 secundum
950 4593 1116 4648 quam
1147 4593 1255 4633 una
1302 4579 1611 4650 eademque
1656 4581 1910 4637 voluntas

292 4700 293 4705 η
340 4676 399 4725 et
451 4669 740 4740 dispositio
790 4679 847 4726 et
896 4670 1168 4741 sapientia
1213 4680 1271 4726 et
1315 4671 1492 4727 virtus
1535 4682 1593 4729 et
1641 4675 1911 4744 operatio,

340 4776 538 4817 verum
581 4763 748 4817 etiam
799 4762 856 4818 in
907 4761 1272 4832 productione
1305 4762 1544 4819 humana
1585 4775 1644 4821 et
1673 4781 1739 4821 ea
1790 4782 1913 4837 quas

344 4864 516 4921 penes
544 4864 648 4906 nos
680 4859 788 4905 est.
828 4848 947 4905 Una
980 4848 1186 4904 etenim
1213 4848 1518 4920 eademque
1562 4849 1618 4904 in
1675 4849 1912 4908 diversis

343 4936 652 4994 artificibus
698 4945 785 4994 est
813 4938 951 4994 ratio
1000 4940 1141 4995 artis
1181 4948 1237 4995 et
1286 4955 1395 5010 qua
1427 4939 1668 4996 artifices
1717 4955 1912 4997 omnes

346 5044 519 5085 unum
542 5036 694 5097 sunt,
722 5037 780 5084 et
811 5028 1116 5086 secundum
1147 5030 1253 5087 hoc
1303 5029 1357 5087 id
1405 5032 1555 5101 quod
1600 5047 1667 5089 ex
1712 5020 1911 5090 multis

345 5127 530 5175 ortum
570 5117 741 5175 habet
770 5134 839 5175 ex
870 5134 981 5175 uno
1010 5128 1194 5176 ortum
1223 5120 1486 5179 habuisse
1522 5131 1579 5179 et
1609 5138 1781 5180 unum
1814 5125 1912 5181 ha-

341 5207 476 5263 bere
504 5206 840 5277 principium
873 5207 1059 5264 dicere
1090 5212 1172 5267 fas
1193 5217 1300 5266 est.
1335 5211 1490 5278 Quod
1526 5226 1660 5269 vero
1684 5224 1913 5271 natura-

339 5297 472 5353 liter
497 5311 567 5353 ex
595 5296 810 5353 duobus
837 5297 1216 5355 essistentiam
1263 5298 1450 5367 habet,
1476 5300 1530 5356 id
1561 5316 1723 5359 nemo
1754 5316 1913 5374 pror-

340 5404 436 5446 sus
470 5403 711 5461 unquam
735 5406 803 5447 οι
832 5405 944 5446 uno
969 5390 1174 5447 dixerit
1193 5406 1314 5448 esse
1335 5409 1351 5460 ;
1375 5392 1493 5451 fieri
1514 5395 1664 5451 enim
1691 5397 1908 5468 nequit,

411 5542 489 5613 (ι)
524 5544 637 5613 τῆς
667 5545 835 5601 habet
862 5542 1006 5600 Mon.
1037 5544 1164 5612 εδδ,
1198 5545 1237 5601 r.
1269 5546 1373 5604 290
1400 5562 1453 5602 θ.

410 5611 489 5680 (Ξ)
534 5611 668 5681 Ἑαυ
701 5614 798 5669 τοῦ
828 5613 961 5669 add.
985 5613 1197 5671 Monac.
1226 5618 1351 5681 256,
1385 5618 1422 5673 f.
1448 5617 1551 5674 "290
1573 5634 1626 5676 ι.

409 5678 490 5745 (5)
518 5678 673 5736 Εἶναι
706 5685 929 5739 omittit.
962 5683 1175 5741 Monac.
1200 5685 1291 5740 27.

410 5750 488 5815 (ι)
523 5751 631 5807 Τοῦ
666 5751 871 5810 omittit
904 5751 1114 5810 Monac.
1147 5753 1276 5811 256.

2013 4565 2237 4636 νόμενον
2275 4566 2334 4632 ἐξ
2362 4563 2477 4627 ἑνὸς
2509 4564 2658 4618 ἐστιν
2686 4566 2863 4618 εἰπεῖν
2888 4565 3181 4633 γεγονέναι
3204 4565 3300 4616 καὶ
3325 4562 3458 4632 μίαν
3482 4563 3590 4630 ἁρ-

2012 4657 2313 4729 χηνιέχειν.
2362 4656 2437 4710 To
2471 4655 2527 4709 δὲ
2559 4656 2803 4724 φυσικῶς
2851 4656 2917 4709 εκ
2950 4655 3048 4708 δύο
3073 4655 3172 4726 τὴν
3201 4653 3438 4723 ὕπαρξιν
3461 4651 3590 4723 ἔχον

2012 4750 2112 4802 οὐκ
2139 4748 2205 4803 ἄν
2247 4763 2329 4810 τις
2353 4746 2490 4810 ὅλως
2520 4745 2580 4811 ἐξ
2601 4744 2722 4809 ἐνὸς
2764 4745 2909 4797 είποι
2937 4744 3068 4798 ποτέ
3102 4759 3117 4774 ·
3143 4743 3240 4797 καὶ
3289 4741 3403 4812 γὰρ
3454 4741 3596 4793 ἀδύ-

2013 4855 2174 4894 νατον
2202 4837 2293 4892 τὸν
2326 4837 2494 4894 αὐτὸν
2538 4837 2740 4907 τρόπον
2770 4836 3037 4906 ἑκάτερον
3066 4836 3149 4896 εἰς
3176 4836 3238 4888 τὸ
3276 4831 3416 4887 εἶναι
3449 4850 3596 4902 συμ-

2013 4930 2254 4994 ϐάλλειν,
2302 4932 2405 4985 καὶ
2448 4928 2605 4983 αὐτοὶ
2656 4927 2714 4981 δὲ
2765 4927 2990 4981 Λατῖνοι
3030 4925 3270 4993 λέγουσι,
3329 4924 3597 4995 διάρορον

2013 5020 2280 5094 εἶναιτὴν
2323 5023 2389 5076 ἐκ
2453 5020 2669 5091 Πατρὸς
2729 5020 2828 5075 τοῦ
2851 5020 3171 5090 Πνεύματος
3215 5018 3443 5088 πρόοδον
3488 5018 3595 5086 τῆς

2013 5120 2077 5172 ἐκ
2105 5116 2202 5172 τοῦ
2234 5115 2385 5184 Υίοῦ,
2418 5117 2515 5170 καὶ
2544 5114 2643 5188 τὴν
2673 5114 2774 5185 μὲν
2820 5113 3029 5185 ἄμεσον
3057 5108 3220 5178 εἶναι,
3256 5113 3355 5182 τὴν
3398 5110 3444 5163 δ’
3479 5110 3591 5181 ἒμ-

2016 5224 2202 5282 μεσοψ
2230 5206 2361 5263 ὥστ’
2383 5209 2483 5262 οὐκ
2507 5207 2575 5262 ἂν
2614 5206 2916 5275 ἐκφύγοιεν
2960 5205 3175 5275 οὐδαμῆ
3209 5202 3461 5273 οὐδαμῶς
3488 5202 3595 5264 τὰς

2012 5300 2107 5356 δύο
2137 5300 2335 5373 ἀρχὰς.
2361 5301 2411 5353 εί
2447 5300 2523 5373 μὴ
2567 5299 2814 5371 μέλλοιεν
2839 5298 3057 5371 ἑτέροις
3090 5295 3335 5351 πλείοσιν
3362 5293 3598 5357 ἀτόποις

2013 5392 2454 5465 περιπεσεῖσθαι.
2492 5394 2600 5448 Καὶ
2634 5396 2685 5446 τί
2735 5391 2958 5457 κωλύει,
3004 5390 3161 5458 φασὶ,
3189 5387 3285 5442 δύο
3310 5386 3411 5457 μὲν
3440 5380 3597 5439 εἶναι.

2047 5547 2163 5670 ἱ(Ξῖ)
2193 5547 2287 5605 Sic
2311 5546 2521 5603 Monac.
2553 5543 2680 5610 256,
2713 5544 2751 5600 f.
2778 5543 2884 5600 290
2914 5560 2943 5598 a
2971 5562 2985 5609 ;
3012 5542 3221 5599 Monac.
3250 5539 3319 5593 :17
3336 5549 3388 5595 ct
3415 5537 3594 5594 Μυῖα.

2017 5638 2164 5759 ιιλδ)
2204 5687 2274 5742 Ib
2305 5687 2484 5742 omitt.
2520 5686 2613 5741 cit.
2646 5694 2843 5757 praeter
2875 5684 3017 5741 Men.
3043 5683 3164 5738 236.

3292 5861 3345 5870 .-
