3900 6216
241 312 352 378 ιιδ

1287 312 1738 374 REFUTATIO
1769 306 2015 371 MARCI
2055 311 2440 372 EPHESIXI.

3369 305 3474 378 116,

230 431 336 490 τὰς
369 425 561 494 ἀρχὰς,
606 421 707 493 τὴν
739 423 924 492 μέντοι
970 419 1161 489 ἑτέραν
1209 419 1390 473 αὐτῶν
1418 420 1522 473 ὑπὸ
1558 421 1656 488 τὴν
1685 421 1800 472 ἑτέ-

1928 429 1965 474 ιι
1993 419 2197 474 eodem
2249 419 2412 472 modo
2445 426 2741 488 utrumque
2774 416 2844 474 ad
2880 415 3255 474 exsistentiam
3289 421 3475 473 conre-

235 538 370 591 ραν,
403 517 542 570 ὥστε
600 515 694 566 aut
741 512 886 566 οὕτω
923 512 1048 582 μίαν
1075 509 1215 564 εἶναι
1241 511 1337 574 τὰς
1365 509 1495 575 δύο;
1545 510 1714 563 Τοῦτο
1745 511 1805 564 δέ

232 628 341 663 που
379 608 470 661 καὶ
501 604 807 669 ὁΘεολόγος
839 602 1136 672 Γρηγόριος
1159 599 1387 670 εὓρηται
1411 600 1608 667 λέγων’
1651 599 1805 670 Ἡ(1)

232 701 303 754 ἐκ
333 699 442 766 τῆς
477 693 670 765 ἀρχῆς
701 692 879 761 ἀρχή.
918 693 979 745 El
1009 691 1152 745 οὕτω
1185 692 1284 752 τὰς
1315 692 1490 761 ἀρχὰς
1525 691 1701 758 λέγεις
1729 690 1805 759 (2)

232 792 313 854 ὡς
357 790 455 859 τὴν
486 789 583 856 μὲν
619 786 806 853 ἔγγιον
849 780 1014 846 εἶναι,
1049 785 1148 854 τὴν
1201 784 1258 836 δὲ
1310 783 1678 852 πορρώτερον,
1710 781 1809 834 οῦκ

234 880 335 934 οἶδ.
392 884 440 932 ει
470 879 674 949 μᾶλλον
721 877 938 929 ἔσονται
981 877 1077 946 μία
1140 875 1226 927 διὰ
1281 874 1342 926 τὸ
1392 873 1670 942 ὑπάλληλα
1729 872 1806 948 (5)

235 971 385 1025 εἶναι
418 971 453 1040 ἢ
489 971 584 1023 καὶ
623 970 775 1038 μάλα
831 967 944 1030 δύο,
995 967 1136 1019 διότι
1189 966 1284 1017 καὶ
1347 967 1494 1036 μάλα
1537 965 1806 1034 διάφοροι.

236 1062 442 1115 Σκόπει
470 1059 548 1112 δέ·
578 1061 672 1112 καὶ
701 1057 777 1128 (4)
815 1056 1054 1123 ἑκατέρα
1080 1053 1287 1106 τούτων
1317 1053 1516 1122 μᾶλλον
1546 1052 1687 1122 ἁρχὴ
1713 1051 1809 1118 τῆς

235 1153 455 1221 ἑτέρας,
488 1150 584 1202 καὶ
631 1144 819 1218 ἦττον,
856 1147 934 1214 πῆ
965 1145 1062 1214 μὲν
1097 1144 1321 1212 μᾶλλον,
1357 1145 1431 1210 πῆ
1461 1143 1504 1196 δ’
1523 1138 1706 1214 ἦττον.
1743 1141 1808 1194 Ἥ

243 1243 348 1314 μὲν
369 1242 556 1309 ἔγγιον
594 1238 796 1307 μᾶλλον
827 1237 969 1306 ἁρχὴ
993 1235 1062 1288 δι’
1093 1235 1226 1287 αὐτὸ
1254 1235 1412 1287 τοῦτο
1439 1236 1498 1286 τδ
1524 1234 1601 1304 (5)
1627 1233 1811 1300 ἔγγιον

243 1331 414 1396 εἶναι,
447 1334 480 1401 ἡ
510 1331 567 1384 δὲ
608 1333 964 1400 πορρώτερον
1017 1328 1219 1397 μᾶλλον
1271 1326 1360 1379 διὰ
1416 1325 1476 1378 τὸ
1531 1326 1810 1393 περιέχειν

232 1426 336 1495 τὴν
367 1425 577 1493 ἔγγιον·
613 1424 670 1476 αἱ
697 1417 792 1474 οῦν
816 1419 959 1472 οὕτω
987 1419 1234 1487 διάφοροι
1259 1417 1374 1479 πῶς
1421 1415 1639 1468 ἔσονται
1673 1414 1806 1484 μίας

232 1517 332 1578 Τίς
367 1515 414 1568 δ’
439 1516 504 1568 ἂν
537 1514 678 1566 εῐποι
706 1514 796 1565 τδν
824 1511 899 1583 (6)
920 1510 1096 1578 Ἀδὰμ
1124 1509 1220 1560 καὶ
1241 1507 1332 1560 τὸν
1369 1505 1478 1574 Σὴθ
1541 1505 1670 1574 μίαν
1715 1504 1812 1574 ἁρ-

230 1609 339 1678 χὴν
361 1606 459 1659 τοῦ
478 1604 640 1668 Ἐνὼς
664 1600 826 1668 srvat;
850 1603 1043 1654 Καίτοι
1066 1617 1128 1668 γε
1152 1600 1412 1668 ὲκᾲτερος
1431 1595 1636 1649 τούτων
1652 1593 1810 1662 ἀρχὴ

233 1701 267 1766 ὴ
288 1699 395 1767 μὲν
426 1697 630 1765 ἔγγιον,
652 1697 684 1761 ἡ
707 1695 762 1746 δὲ
789 1691 1124 1765 πορρωτέρω
1150 1707 1164 1720 ο
1196 1689 1311 1751 πῶς
1353 1685 1446 1740 οὖν
1479 1687 1640 1740 αὗται
1672 1686 1802 1754 μίας

1913 523 1997 567 rat
2022 521 2078 566 ει
2110 511 2215 580 ipsi
2251 511 2431 565 Latini
2463 511 2674 573 dicunt,
2704 509 2945 579 Spiritus
2967 523 3035 562 ex
3059 507 3222 562 Patre
3252 524 3475 578 proces-

1909 605 2118 675 sionem
2156 603 2427 658 diversam
2451 619 2575 658 esse
2609 618 2639 656 a
2683 601 3041 672 processione
3069 601 3190 670 ejus
3219 617 3286 655 ex
3311 600 3472 664 Filio,

1912 696 2054 749 hanc
2104 695 2473 749 immediatam
2526 710 2670 755 esse,
2724 694 2872 747 illam
2924 693 3248 755 mediatam;
3305 705 3475 760 quare

1910 787 2060 841 nullo
2107 787 2332 841 omnino
2379 796 2538 856 pacto
2579 788 2692 840 duo
2724 785 2993 854 principia
3040 784 3324 852 effugient,
3365 782 3472 835 nisi

1910 880 1967 935 in
2020 879 2126 933 alia
2163 880 2335 933 multa
2381 878 2618 933 absurda
2672 879 2841 931 velint
2889 877 3154 931 incidere.
3203 875 3269 927 Et
3315 875 3471 944 quid,

1910 967 2088 1030 aiunt,
2114 967 2394 1037 prohibet,
2426 967 2722 1037 quominus
2767 969 2880 1022 sint
2923 967 3033 1020 duo
3064 966 3356 1035 principia,
3399 967 3477 1019 al-

1913 1067 2091 1111 terum
2127 1071 2256 1111 vero
2285 1058 2446 1112 alteri
2483 1057 2930 1122 subordinatum,
2967 1058 3038 1110 ita
3067 1067 3126 1110 ut
3152 1064 3206 1110 ει
3232 1057 3311 1110 sic
3359 1056 3471 1109 duo

1911 1150 2019 1202 sint
2051 1148 2260 1202 unum?
2299 1149 2453 1212 Quod
2496 1149 2701 1204 alicubi
2730 1152 2897 1203 etiam
2924 1148 3238 1216 Theologus
3267 1147 3476 1216 Grego-

1910 1239 2023 1293 rius
2057 1240 2337 1293 invenitur
2361 1240 2552 1295 dicens
2592 1259 2605 1295 :
2647 1240 2730 1294 Ex
2763 1241 3023 1309 principio
3053 1239 3394 1308 principium,
3424 1237 3472 1291 si

1909 1347 1976 1386 eo
2003 1331 2164 1386 mcdo
2208 1331 2345 1385 dicis
2385 1333 2673 1400 principia,
2712 1341 2773 1385 ut
2821 1333 3057 1385 alterum
3110 1331 3178 1382 sit
3221 1330 3472 1397 propius.

1911 1423 2142 1476 alterum
2169 1425 2458 1486 remotius,
2492 1421 2684 1478 nescio
2710 1439 2778 1478 an
2812 1423 2986 1492 magis
3017 1421 3128 1475 duo
3156 1421 3340 1474 futura
3366 1421 3477 1473 sint

1911 1521 2138 1581 propter
2180 1511 2232 1564 id
2282 1512 2426 1580 quod
2474 1511 2585 1566 sint
2631 1512 2968 1575 subalterna,
3013 1527 3082 1565 an
3126 1509 3310 1579 potius
3341 1507 3472 1569 duo,

1911 1603 2037 1672 quia
2067 1611 2123 1656 et
2149 1602 2301 1657 valde
2335 1602 2573 1657 diversa.
2593 1601 2887 1657 Considera
2916 1616 3046 1656 vero
3081 1601 3182 1654 ltoc
3209 1618 3224 1656 :
3263 1608 3478 1654 utrum-

1915 1711 2021 1763 que
2082 1697 2278 1747 liorum
2349 1694 2748 1763 principiorum
2808 1696 2981 1764 magis
3035 1703 3092 1747 et
3139 1693 3320 1746 minus
3372 1691 3480 1746 erit

234 1763 354 1849 πιῦς
391 1763 576 1838 δεκαὶ
607 1785 681 1854 (7)
721 1763 928 1838 ἀνεκτὰ
987 1776 1421 1850 βλασφημοῦσιν,
1463 1775 1606 1828 οῦτω
1639 1774 1814 1828 τιθέν-

1928 1784 2248 1853 principium
2305 1801 2466 1854 quam
2509 1785 2769 1848 alterum,
2834 1799 2946 1838 uno
2979 1793 3231 1853 respectu
3281 1784 3476 1852 magis,

235 1895 327 1940 τες
358 1878 424 1930 τὸ
485 1875 707 1943 Πνεῦμα
741 1875 931 1944 πνερῤω
987 1873 1087 1939 τῆς
1142 1871 1416 1939 πατρικῆς
1462 1867 1816 1933 ὑποστάσεως

239 1969 333 2025 καὶ
365 1963 484 2021 οἷον
513 1967 589 2036 (8)
642 1965 841 2020 υἱωνὸν
896 1963 1029 2016 αὐτὸ
1073 1963 1362 2030 λέγοντες;
1405 1962 1602 2014 Καίτοι
1661 1975 1724 2026 γε
1760 1958 1816 2010 τὸ

242 2064 308 2114 lx
334 2059 436 2113 τοῦ
476 2059 689 2130 Πατρδς
728 2056 1164 2126 ἐκπορευόμενον
1192 2053 1409 2122 εἴρηται
1457 2051 1553 2104 κα)⁸
1591 2049 1816 2118 Πνεῦμα

244 2152 304 2204 τὸ
337 2151 444 2220 τῆς
475 2150 752 2220 πατρικῆς
783 2149 1216 2215 ἐκπορευόμενον
1261 2145 1628 2205 ὑποστάσεως.
1679 2141 1818 2195 Ἀλλ’

241 2245 378 2312 ὅπερ
421 2245 452 2296 ὁ
487 2241 564 2313 (9)
597 2240 856 2308 Θεολόγος
896 2238 1107 2309 εἴρηκε,
1140 2238 1274 2310 πρὸς
1302 2236 1370 2289 τὰ
1400 2237 1672 2305 κτίσματα
1701 2233 1822 2303 βλέ-

245 2352 359 2387 πων
395 2333 590 2402 εἴρηκε
615 2330 797 2395 τοῦτο,
825 2329 1075 2400 καθάπερ
1099 2329 1165 2382 ἂν
1199 2331 1246 2382 εἰ
1270 2325 1387 2396 (10)
1407 2323 1526 2378 εἷπε
1560 2326 1820 2394 δημιουρ-

241 2427 334 2495 γδν
385 2427 456 2478 ὲκ
483 2423 840 2494 δημιουργοῦ,
871 2423 1060 2495 ὥσπερ
1091 2423 1188 2476 κα)⁵
1221 2421 1336 2492 φῶς
1383 2423 1444 2474 ὲκ
1476 2419 1672 2488 φωτὸς,
1727 2419 1822 2471 καὶ

242 2519 372 2572 Θεὸν
402 2520 474 2572 ὲκ
508 2517 666 2581 Θεοῦ,
706 2519 801 2570 καὶ
833 2517 1037 2583 ἀγαθὸν
1065 2515 1126 2578 ἐξ
1156 2512 1363 2582 ἀγαθοῦ
1390 2529 1401 2541 ·
1432 2512 1576 2582 ἅπερ
1603 2511 1819 2564 ἅπαντα

247 2610 382 2678 μετὰ
422 2607 521 2661 τοῦ
550 2609 762 2676 [ἰατρὸς
809 2607 886 2659 ὢν
917 2601 996 2668 εἷς
1026 2609 1145 2659 ἐστι
1188 2606 1318 2668 Θεὸς
1365 2608 1482 2674 μετ’
1509 2603 1674 2656 αὑτοῦ
1725 2603 1822 2654 καὶ

246 2697 301 2751 ιν
334 2699 463 2767 φῶς
492 2700 587 2752 καὶ
620 2697 828 2766 ἀγαθὸς
857 2693 937 2762 εἷς
965 2699 1058 2752 καὶ
1081 2696 1222 2768 ἀρχὴ
1258 2697 1357 2766 μία
1383 2696 1491 2749 τῶν
1519 2697 1823 2763 γεγονότων

243 2791 532 2845 ἁπάντων.
567 2789 771 2843 Πάντα
789 2791 919 2858 γὰρ,
946 2789 1100 2858 φησὶ,
1123 2790 1200 2842 δι’
1219 2787 1410 2842 αὑτοῦ
1435 2787 1696 2855 ἐγένετο,
1725 2787 1823 2840 καὶ

243 2883 438 2952 χωρὶς
481 2883 669 2937 αὑτοῦ
698 2881 934 2952 ἐγένετο
968 2879 1095 2935 οὐδ’
1128 2880 1187 2932 ἓν
1213 2880 1324 2950 (11)
1350 2879 1377 2930 ὃ
1409 2879 1634 2947 γέγονεν
1687 2876 1823 2949 (19).

255 2973 342 3037 '0;
380 2973 417 3026 ὃ
455 2974 531 3044 μὴ
581 2974 829 3042 γέγονεν,
868 2973 970 3025 οὐκ
1000 2973 1057 3037 ἐξ
1089 2969 1254 3027 αὑτοῦ
1285 2970 1554 3041 δήπουθεν
1597 2969 1677 3036 ὃν,
1706 2970 1827 3023 οὐδὲ

251 3065 319 3119 δι’
341 3065 523 3120 αὐτοῦ
549 3081 563 3096 ο
596 3065 756 3118 τοῦτο
791 3065 846 3118 δέ
876 3066 994 3118 ἐστι
1038 3064 1099 3116 τὸ
1139 3064 1364 3133 Πνεῦμα
1392 3063 1453 3116 τὸ
1487 3061 1666 3132 ἅγιον.
1706 3064 1827 3116 Ὀτι
1855 3097 1898 3153 c

246 3160 289 3214 δ’
317 3159 508 3220 οὕτως
535 3157 648 3227 ἔχει
675 3157 738 3210 τὸ
768 3157 1059 3228 εἰρημένον
1084 3157 1188 3210 ὑπὸ
1219 3155 1311 3209 τοῦ
1347 3154 1632 3222 Θεολόγου,
1665 3155 1824 3224 δῆλον

247 3251 302 3317 ιε
329 3244 415 3305 ὧν
447 3250 506 3302 ἐν
551 3249 759 3319 ἑτέροις
799 3248 964 3318 φησιν
990 3264 1004 3280 ο
1037 3249 1341 3315 ’Λναρχον
1369 3247 1470 3301 καὶ
1523 3246 1680 3316 ἀρχὴ
1727 3247 1826 3300 καὶ

248 3338 489 3410 tapetis
522 3337 630 3406 τῆς
674 3338 890 3407 ἀρχῆς,
917 3333 1006 3404 εἷς
1045 3339 1190 3404 Θεός
1215 3339 1332 3407 (13)
1359 3354 1373 3368 ·
1417 3338 1518 3390 οῦκ
1572 3333 1714 3401 εἷπε,
1757 3338 1825 3390 τὸ

245 3431 315 3486 ἐκ
351 3429 472 3499 τῆς
499 3429 712 3499 ἀρχῆς,
765 3430 902 3484 ἀλλὰ
934 3431 1000 3483 τὸ
1043 3431 1196 3499 μετὰ
1241 3431 1350 3499 τῆς
1375 3429 1566 3500 ἀρχῆς
1613 3429 1699 3502 [ὲκ
1729 3431 1822 3484 τοῦ

248 3525 496 3592 ἀνάρχου
524 3521 727 3592 δηλαδὴ
762 3524 972 3592 προῖὅν.
1014 3523 1209 3578 Καίτοι
1246 3539 1308 3590 γε
1345 3524 1394 3576 ει
1447 3523 1584 3585 ὅλως
1612 3522 1826 3593 ἐφρόνει

251 3613 340 3667 τοῦ
371 3613 710 3679 Πνεύματος
739 3612 914 3683 ἀρχὴν
965 3613 1053 3666 τὸν
1083 3614 1233 3680 Υῐὸν,
1281 3612 1380 3666 ποῦ
1424 3613 1489 3666 ἂν
1523 3613 1723 3682 μᾶλλον
1752 3615 1828 3667 εῐ-

257 3720 390 3774 ρηκε
431 3703 612 3768 τοῦτο,
659 3703 956 3773 βιαιότατοι
1031 3705 1248 3757 πάντων
1303 3703 1643 3773 ἁνθρώπων;
1683 3704 1826 3756 Ἀλλ’

253 3795 364 3850 οὗθ’
409 3795 567 3860 οὗτος
598 3795 713 3849 060’
741 3797 930 3866 ἕτερός
955 3814 1040 3861 τις
1067 3798 1176 3853 τῶν
1217 3797 1340 3852 καθ’
1383 3799 1531 3868 ἡμᾶς
1565 3798 1830 3867 Θεολόγων

252 3889 417 3943 τοῦτο
441 3890 656 3959 φρονῶν
681 3891 954 3958 φαίνεται,
981 3890 1082 3944 κᾶν
1108 3890 1264 3959 ὑμεῖς
1297 3889 1637 3960 σοφιζόμενοι
1658 3891 1833 3944 πάντα

256 3981 343 4034 τὸν
374 3982 579 4052 χρόνον
606 3981 1023 4053 καταναλώσητε
1057 3979 1218 4053 (ιιη.

1917 1881 2091 1930 altero
2139 1877 2342 1929 minus.
2374 1875 2708 1944 Principium
2755 1875 2978 1944 quidem
3027 1875 3252 1943 propius
3310 1873 3482 1940 magis

1920 1968 2027 2022 erit
2062 1969 2396 2038 principium
2426 1969 2496 2022 ob
2526 1967 2580 2021 id
2614 1968 2818 2036 ipsum,
2854 1965 2998 2035 quod
3029 1974 3112 2020 est
3144 1965 3482 2036 proximum;

1919 2061 2187 2116 remotius
2226 2075 2359 2114 vero
2395 2059 2587 2130 magis,
2628 2060 2759 2129 quia
2807 2061 2862 2113 in
2908 2074 2968 2114 se
3002 2059 3253 2112 continet
3299 2057 3488 2126 proxi-

1923 2168 2096 2206 mum.
2143 2151 2272 2216 Quae
2308 2152 2474 2220 igitur
2530 2154 2633 2206 hoc
2666 2161 2824 2221 pacto
2870 2151 3155 2216 differunt,
3210 2149 3488 2220 quomodo

1924 2258 2094 2298 unum
2145 2243 2479 2314 principium
2527 2244 2731 2298 erunt?
2776 2243 2922 2308 Quis
2976 2257 3216 2312 unquam
3266 2240 3485 2303 dixerit.

1922 2337 2192 2391 Adamum
2240 2346 2296 2390 ει
2348 2334 2481 2390 Setli
2514 2351 2682 2389 unum
2727 2334 3059 2404 principium
3107 2347 3228 2387 esse
3279 2330 3491 2386 Enosi?

1922 2425 2245 2492 Quanquam
2295 2424 2491 2478 horum
2539 2435 2772 2491 uterque
2824 2429 2908 2477 est
2958 2422 3318 2491 principium,
3351 2420 3490 2474 alter

1925 2517 2262 2588 proximum,
2301 2517 2440 2571 alter
2492 2525 2786 2571 remotum.
2831 2515 3117 2580 Quomodo
3158 2513 3323 2583 igitur
3374 2512 3491 2566 haec

1929 2626 2098 2664 unum
2135 2609 2510 2678 principium?
2550 2609 2834 2675 Quomodo
2884 2607 3194 2662 tolerabilia
3229 2607 3489 2676 blasphe-

1931 2711 2102 2766 mant,
2141 2703 2236 2772 qui
2267 2705 2341 2756 ita
2377 2711 2588 2756 remote
2619 2717 2648 2756 a
2679 2711 2902 2772 paterna
2957 2715 3193 2769 persona
3225 2699 3489 2768 Spiritum

1931 2792 2204 2846 collocant
2238 2802 2292 2847 et
2319 2795 2475 2863 quasi
2509 2801 2766 2862 nepotem
2789 2807 2916 2846 eum
2949 2789 3182 2844 dicunt?
3215 2789 3278 2841 Et
3314 2798 3494 2842 tamen

1928 2897 1995 2937 ex
2035 2883 2198 2938 Patre
2253 2884 2561 2952 procedens
2604 2884 2785 2937 dictus
2826 2889 2909 2936 est
2941 2889 2997 2935 et
3030 2878 3271 2948 Spiritus
3298 2892 3364 2930 ex
3397 2891 3495 2944 pa-

1931 2981 2088 3027 terna
2142 2973 2448 3041 procedens
2491 2973 2796 3044 hypostasi.
2844 2970 2950 3027 Sed
2999 2969 3145 3039 quod
3185 2966 3498 3032 Theologus

1931 3066 2092 3132 dixit,
2133 3067 2186 3120 id
2220 3067 2360 3121 dixit
2399 3066 2466 3120 ad
2513 3075 2792 3120 creaturas
2845 3062 3184 3132 respiciens;
3233 3058 3497 3129 quemad-

1932 3158 2155 3212 modum
2198 3157 2246 3214 si
2287 3157 2516 3212 dixisset
2548 3167 2848 3210 creatorem
2879 3171 2946 3209 ex
2978 3166 3245 3219 creatore,
3295 3163 3354 3206 ut
3415 3151 3500 3206 lu-

1932 3265 2057 3304 men
2088 3247 2156 3303 de
2196 3249 2407 3302 lumine
2434 3256 2491 3301 et
2518 3247 2686 3301 Deum
2716 3247 2784 3301 de
2820 3247 2953 3310 Dco,
2990 3247 3197 3301 bonum
3233 3245 3302 3300 de
3330 3245 3498 3309 bono;

1932 3359 2052 3412 qua:
2094 3342 2352 3398 universa
2396 3358 2509 3398 una
2540 3358 2663 3399 cum
2714 3346 2872 3400 Patre
2921 3342 3200 3398 exsistens
3239 3349 3322 3394 est
3357 3339 3502 3394 Deus

1933 3451 2057 3491 cum
2091 3437 2208 3506 ipso
2240 3436 2415 3492 Filius
2444 3446 2499 3491 et
2531 3453 2699 3490 unum
2728 3436 2914 3490 lumen
2961 3443 3020 3488 et
3055 3447 3198 3486 unus
3227 3432 3405 3485 bonus
3445 3439 3504 3484 et

1933 3542 2098 3580 unum
2129 3527 2456 3596 principium
2481 3528 2748 3590 omnium,
2769 3541 2890 3595 quae
2919 3525 3061 3578 facta
3090 3531 3238 3576 sunt.
3276 3519 3494 3582 Omnia,

1930 3619 2078 3673 enim
2115 3619 2292 3687 inquit
2323 3619 2694 3688 Evangelista,
2725 3634 2820 3687 per
2847 3631 2966 3669 cum
2999 3615 3142 3683 facta
3171 3621 3290 3667 sunt
3319 3621 3366 3664 et
3387 3612 3502 3664 sine

1931 3712 2044 3780 ipso
2075 3709 2274 3778 factum
2305 3718 2378 3764 est
2412 3710 2545 3764 nihil
2573 3711 2710 3780 quod
2747 3710 2946 3779 factum
2980 3715 3079 3761 est.
3123 3705 3305 3773 Quare
3352 3703 3500 3772 quod

1916 3816 2041 3855 non
2096 3802 2300 3856 factum
2337 3810 2441 3867 est,
2479 3805 2724 3871 profecto
2755 3816 2862 3856 non
2904 3808 2988 3855 est
3019 3814 3087 3854 ex
3120 3800 3238 3868 ipso
3272 3811 3374 3850 nec
3405 3810 3503 3864 per

1932 3891 2150 3962 ipsum;
2185 3895 2291 3947 hoc
2319 3907 2450 3947 vero
2477 3901 2562 3946 est
2597 3892 2838 3957 Spiritus
2869 3899 3117 3946 sanctus.
3167 3887 3324 3954 Quod
3369 3899 3502 3939 vero

1933 3983 2006 4036 ita
2057 3981 2442 4050 explicandum
2475 3981 2547 4034 sit
2579 3980 2841 4051 Theologi
2884 3980 3119 4040 dictum,
3152 3976 3501 4031 manifestum

255 4086 334 4132 est
365 4093 447 4133 ex
489 4077 579 4141 iis,
621 4093 743 4147 qua
773 4078 828 4133 in
868 4078 990 4132 aliis
1034 4077 1220 4132 dicit:
1287 4077 1546 4148 Principii
1604 4094 1785 4148 expers
1835 4087 1883 4132 et
1921 4080 2240 4147 principium
2290 4091 2339 4133 et
2372 4079 2424 4132 id
2475 4079 2612 4147 quod
2664 4093 2783 4130 cum
2834 4076 3094 4146 principio
3145 4089 3279 4126 unus
3325 4072 3501 4134 Deus;

259 4189 364 4230 non
405 4174 596 4228 dixit:
639 4173 789 4239 Quod
827 4189 892 4227 ea:
919 4175 1202 4244 principio,
1232 4173 1326 4228 sed
1368 4174 1506 4244 quod
1535 4189 1649 4227 cum
1685 4176 1965 4245 principio,
2035 4191 2102 4230 ex
2166 4176 2426 4245 principii
2458 4182 2684 4244 experte
2750 4171 3024 4242 principio
3057 4167 3311 4223 videlicet
3377 4181 3504 4236 pro-

260 4267 540 4337 grediens.
587 4265 839 4321 Attamen
882 4266 931 4321 si
981 4267 1139 4336 plane
1185 4265 1427 4336 Spiritus
1477 4266 1809 4336 principium
1869 4268 2070 4322 Filium
2136 4283 2259 4324 esse
2291 4271 2485 4332 sensit,
2519 4267 2740 4322 ubinam
2776 4265 2948 4334 magis
2986 4263 3038 4316 id
3101 4262 3292 4322 edixit,
3325 4273 3358 4311 ο
3387 4258 3506 4310 vio-

261 4357 560 4416 lentissimi
637 4358 880 4411 omnium
942 4357 1297 4411 mortalium?
1354 4357 1558 4412 Verum
1616 4371 1796 4426 neque
1851 4359 1939 4415 ltic
1997 4374 2178 4430 neque
2233 4359 2376 4414 alius
2433 4359 2726 4428 quisquam
2775 4364 3089 4409 nostrorum
3125 4352 3504 4420 theologorum

273 4451 325 4506 id
381 4451 597 4506 sentire
642 4448 932 4513 cernitur,
979 4449 1110 4503 licet
1156 4463 1252 4504 vos
1311 4446 1540 4518 argutiis
1595 4456 1648 4502 et
1694 4449 1907 4506 cavillis
1979 4452 2374 4506 ratiocinantes
2449 4466 2669 4520 tempus
2744 4463 2905 4505 omne
2961 4446 3152 4501 teratis
3209 4453 3265 4500 et
3315 4458 3512 4498 consu-

268 4548 450 4602 matis.

603 4655 1078 4709 ΒΗΣΣΑΡΙΩΝΟΣ
1116 4652 1505 4709 ΑΠΟΚΡΙΣΙΣ.

339 4774 598 4842 Δέγομεν
632 4771 695 4840 δὴ
740 4770 878 4838 προς
917 4768 976 4820 τὺ
1007 4767 1224 4834 πρῶτον
1261 4764 1426 4818 αὑτοῦ
1466 4765 1573 4818 τῶν
1633 4766 1841 4834 ἐπιχει-

1876 4659 1920 4715 D
2277 4649 2729 4708 BESSARIONlS
2764 4646 3195 4704 RESPONSUM.

2028 4767 2451 4838 Respondemus
2483 4765 2549 4819 ad
2592 4765 2830 4834 primum
2874 4764 2994 4833 ejus
3023 4769 3430 4830 argumentum,
3459 4757 3512 4810 in

277 4865 560 4934 ρημὰτων,
587 4865 642 4914 ἐν
743 4860 882 4912 κατὰ
913 4859 1184 4928 διαίρεσιν
1218 4858 1309 4908 τὶν
1345 4855 1501 4923 λόγον
1528 4857 1781 4926 προάγων
1811 4859 1818 4883 έ

1955 4879 2063 4932 quo
2108 4874 2420 4916 sermonem
2476 4858 2782 4910 secundum
2840 4853 3172 4909 divisionem
3234 4848 3518 4920 proferens

275 4955 345 5021 Ib;
385 4958 449 5008 ἐκ
476 4955 622 5008 δυοῖν
652 4967 815 5022 φησιν
839 4949 1205 5011 ὑποσιασεων,
1233 4945 1443 5016 Πατρὸς
1488 4947 1584 4998 καὶ
1613 4943 1768 5011 Υἱοῦ,
1814 4944 1848 5013 ῆ

347 5134 427 5203 (1)
468 5132 536 5185 Ἤ
557 5129 869 5203 addidimus
900 5125 1139 5203 ex__Mon._
1162 5123 1286 5177 2756.

461 5203 553 5276 _S_ic
582 5196 1057 5276 Μοιιπᾷἓξὶϐξ-ριίεε
1088 5195 1258 5260 λέγει.
1331 5260 1342 5266 1

350 5266 426 5341 (5)
461 5273 605 5344 91°."-
644 5266 1107 5344 256-ὖῢέιλ)-ηέῗξλ

465 5341 574 5416 ραι
598 5338 804 5416 omittit

352 5402 429 5480 (5)
465 5411 538 5480 Τὸ
566 5406 968 5480 suppletﬁlon.
1004 5402 1132 5457 256.

353 5475 432 5549 (6)
464 5479 610 5533 Mon.
633 5477 725 5549 277,
758 5475 964 5544 τῷ-τῷ.

356 5540 432 5614 (Ἰ)
467 5549 576 5601 Καὶ
604 5548 782 5600 omitt.
809 5540 1033 5614 exteri;
1069 5540 1408 5614 habetnon.
1442 5540 1566 5596 9.56.

361 5611 436 5685 (8’)
469 5618 522 5671 Id
564 5620 765 5684 pariter
791 5632 853 5666 cx
895 5613 1033 5668 Men.
1064 5611 1170 5668 256
1198 5612 1462 5667 additum.

364 5692 438 5758 (9)
479 5687 534 5740 ὐ
568 5689 706 5740 idem
745 5685 868 5738 add.

1955 4953 2042 5008 vel
2075 4963 2135 5007 ut
2171 4968 2232 5006 ex
2267 4950 2481 5005 duabus
2525 4947 2800 5018 personis,
2835 4945 2995 5001 Patre
3035 4953 3090 5000 et
3121 4943 3277 5009 Filio,
3329 4941 3411 4996 vel
3461 4949 3520 4994 ut

2027 5127 2136 5194 (10)
2171 5127 2232 5178 Εἰ
2272 5123 2435 5194 idem.

2026 5197 2073 5266 (ι
2093 5193 2140 5264 ι)
2175 5193 2518 5266 ῼὺδὲν-Μοιι.
2547 5193 2640 5250 27.

2024 5263 2137 5332 (12)
2170 5265 2327 5319 Joan.
2353 5263 2394 5326 Ι,
2430 5266 2484 5318 '5.

2028 5329 2139 5406 (l3)
2173 5335 2330 5406 δεῖ..
2361 5343 2504 5406 orat.
2533 5334 2706 5406 έδὲηβ.
2737 5330 2860 5394 520,
2887 5329 2978 5386 ed.
3011 5330 3132 5406 Bi_l_l.
3451 5396 3459 5405 .

2026 5397 2140 5475 (H)
2175 5403 2309 5469 Quae
2338 5403 2495 5456 uncis
2539 5397 2745 5475 inclusa
2777 5411 2925 5475 sunt,
2958 5397 3400 5475 exilonacﬂiti
3429 5397 3522 5475 tie:

1952 5467 2170 5543 sunipia
2202 5467 2361 5536 sunt,
2389 5488 2513 5543 cum
2552 5472 2743 5543 reliqui
2779 5471 2998 5524 codices
3035 5467 3520 5543 lliS‘CaH‘attlaVrl

1955 5547 2009 5598 in
2062 5539 2362 5610 exemplari
2417 5541 2756 5595 Bessarionis
2808 5555 2913 5610 non
2962 5539 3279 5599 exstabant,
3333 5539 3413 5590 hri
3465 5548 3522 5589 ut

1957 5616 2141 5670 minus
2172 5609 2238 5667 ad
2279 5612 2659 5667 refutationem
2693 5609 2949 5664 facientia
2985 5610 3185 5662 mnissa
3227 5619 3375 5662 sunt.
