3900 6216
388 289 489 353 U7

1758 288 2259 351 BESSARIONIS

3530 288 3631 354 ιιδ

385 426 452 465 ex
484 406 761 464 communi
792 423 982 465 eorum
1017 418 1215 465 natura
1242 409 1325 464 vel
1358 418 1414 464 ut
1441 424 1507 464 ex
1532 407 1734 463 virtute
1762 409 1938 478 spira-

2069 422 2116 467 t;
2152 407 2214 459 ἐκ
2252 406 2351 474 τῆς
2392 402 2579 475 κοινῆς
2601 403 2783 459 αὐτῶν
2817 400 3052 474 φύσεως,
3079 404 3112 472 ἢ
3142 402 3203 457 ἐκ
3230 403 3325 473 τῆς
3350 403 3636 475 προϐλητι-

386 502 495 554 tiva
526 501 820 569 procedere
845 500 1107 570 Spiritum
1133 508 1381 555 sanctum
1413 501 1563 560 dicit,
1586 499 1952 569 undequaque

386 604 489 644 nos
520 589 932 644 inevitabilibus
980 592 1191 659 laqueis
1221 606 1279 645 se
1313 592 1693 659 constringere
1722 599 1943 659 putans,

387 682 812 751 respondemus,
848 682 1093 750 inquam,
1138 698 1207 737 ex
1260 683 1525 752 spirativa
1569 682 1793 751 quidem
1839 682 1953 735 vir-

388 782 505 827 tute
536 772 802 841 Spiritum
828 784 1075 828 sanctum
1111 774 1434 844 procedere,
1460 775 1599 830 hanc
1630 784 1812 828 tamen
1847 773 1956 826 vir-

388 874 557 919 tutem
591 864 906 932 spirativam
941 881 1006 919 ex
1030 882 1136 919 una
1166 866 1387 935 quidem
1423 877 1577 935 parte
1605 879 1953 919 communem

385 968 508 1008 esse
531 954 677 1008 Patri
709 963 763 1008 et
795 954 933 1007 Filio
962 966 1152 1025 utpote
1179 972 1289 1010 non
1323 956 1722 1026 ltypostaticam
1771 965 1959 1024 pater-

385 1058 469 1097 na:
498 1058 768 1113 personae,
798 1056 854 1100 et
907 1047 1116 1101 idcirco
1166 1056 1222 1100 et
1270 1062 1619 1102 communem
1684 1048 1844 1111 Filio,
1898 1055 1958 1102 ut

386 1134 517 1189 alibi
550 1135 983 1190 demonstratum
1010 1138 1131 1199 fuit,
1170 1153 1234 1191 cx
1267 1138 1437 1191 altera
1466 1154 1594 1192 vero
1623 1149 1777 1209 parte
1804 1154 1958 1195 eam-

388 1224 511 1278 dem
544 1228 767 1281 realiter
804 1243 923 1282 esse
954 1244 1076 1282 cum
1126 1228 1306 1281 divina
1348 1230 1606 1292 essentia,
1657 1232 1957 1285 secundum

388 1316 658 1370 rationem
689 1318 955 1373 duntaxat
995 1320 1302 1384 diversam;
1353 1320 1480 1375 hinc
1514 1324 1715 1376 frustra
1746 1330 1957 1376 tantum

388 1408 666 1461 rationum
692 1424 920 1463 examen
958 1412 1096 1465 adeo
1129 1412 1323 1465 inutile
1360 1413 1668 1482 projectum
1704 1423 1809 1468 est.
1839 1412 1962 1482 Spi-

390 1498 531 1551 ritus
564 1507 747 1553 2utetn
783 1501 1021 1567 seipsum
1053 1518 1161 1555 non
1196 1504 1391 1570 spirat,
1422 1504 1552 1558 licet
1582 1504 1830 1575 ejusdem
1860 1520 1960 1559 na—

394 1598 529 1644 tura:
570 1591 868 1660 particeps,
909 1597 1037 1661 quia
1078 1593 1130 1647 id
1184 1595 1303 1663 ejus
1360 1597 1685 1664 proprietati
1736 1596 1962 1652 omnino

392 1683 714 1751 opponitur.
740 1684 1215 1748 Quemadmodum
1247 1695 1303 1740 et
1334 1687 1502 1742 Filius
1535 1704 1603 1743 ex
1647 1692 1958 1757 generativa

389 1774 595 1829 virtute
622 1776 860 1845 genitus,
897 1792 1021 1845 quae
1056 1794 1111 1831 re
1143 1779 1331 1833 eadem
1367 1790 1451 1834 est
1484 1794 1607 1833 cum
1640 1780 1826 1835 divina
1873 1797 1960 1838 es-

392 1864 589 1927 sentia,
623 1880 732 1918 non
778 1873 836 1919 et
867 1866 1110 1933 seipsum
1147 1881 1395 1935 generat,
1429 1869 1559 1923 licet
1590 1870 1836 1939 ejusdem
1866 1887 1961 1927 na-

392 1965 530 2011 tum
556 1968 613 2011 et
642 1959 897 2013 essentia
929 1959 1227 2028 particeps.
1259 1960 1447 2028 Neque
1497 1961 1644 2016 enim
1682 1961 1825 2015 idem
1860 1977 1963 2031 po-

390 2057 502 2103 test
547 2064 671 2105 esse
726 2050 811 2105 sui
850 2052 1008 2105 simul
1070 2051 1399 2121 principium
1459 2060 1512 2106 et
1552 2053 1963 2122 principiatum.

392 2138 521 2195 Haec
563 2150 746 2195 autem
805 2143 1064 2210 spirativa
1112 2144 1311 2209 virtus,
1361 2159 1483 2212 qua:
1518 2160 1624 2198 una
1662 2144 1965 2214 eademque

392 2245 628 2285 numero
662 2241 751 2286 est
782 2233 835 2285 in
867 2234 1028 2286 Patre
1061 2216 1307 2295 etFilio,
1342 2234 1518 2302 ipsius
1567 2234 1963 2303 principiorum

392 2318 712 2373 duaiitatern
743 2321 1041 2377 absurdam
1070 2337 1298 2389 prorsus
1328 2322 1515 2391 emigit
1544 2330 1600 2375 et
1638 2336 1766 2385 eum
1820 2322 1966 2375 frus-

388 2418 477 2462 tra
514 2418 596 2464 tot
624 2411 1078 2467 ratiocinationes
1103 2421 1525 2468 connectentem
1564 2412 1849 2480 relinquit,
1872 2412 1965 2482 qui

392 2516 466 2557 ne
491 2502 546 2558 id
579 2503 804 2573 quidem
828 2506 1141 2575 intelligere
1164 2505 1333 2567 valet,
1361 2513 1565 2573 quanta
1595 2504 1667 2559 sit
1699 2503 1967 2558 diﬂ‘cren-

394 2594 469 2647 tia
506 2595 650 2648 inter
682 2597 1083 2664 generativam,
1120 2611 1242 2665 quae
1271 2603 1358 2651 est
1407 2595 1461 2648 in
1493 2602 1646 2658 patre
1679 2604 1735 2649 et
1766 2604 1963 2657 matre,

394 2683 737 2749 facultatem,
766 2696 822 2740 et
847 2686 1194 2755 spirativam,
1220 2702 1341 2756 qua:
1369 2696 1455 2741 est
1482 2687 1537 2740 in
1565 2694 1720 2755 patre
1752 2694 1804 2740 et
1834 2686 1965 2751 lilio,

397 2776 636 2845 ideoque
677 2777 992 2845 turpissime
1028 2778 1097 2832 de
1146 2778 1313 2832 rebus
1348 2777 1604 2831 maximis
1660 2777 1967 2831 hallucina-

400 2874 512 2919 tur.
548 2864 639 2919 illa
671 2866 819 2919 enim
851 2876 936 2920 cst
972 2867 1176 2936 duplex
1220 2883 1451 2921 numero
1479 2877 1537 2921 et
1579 2877 1868 2937 propterea
1913 2876 1969 2922 et

398 2957 592 3009 ﬂetum
628 2942 928 3025 duplicent,
980 2958 1090 3011 into
1134 2966 1191 3012 et
1236 2959 1593 3026 multiplicem
1652 2959 1963 3027 progiguit;

2056 498 2161 565 κῆς
2201 495 2488 568 δυνάμεως
2514 497 2761 567 προϊέναι
2810 497 2872 549 τὸ
2904 496 3151 565 Πνεῦμα,
3187 495 3457 549 πάντοθεν
3486 498 3631 566 ἡμᾶς

2054 589 2302 657 cupavo;
2351 587 2615 656 ἀφύκτοις
2665 588 2984 657 περιλαϐεῖν
3038 588 3279 656 ἕρκεσιν,
3310 587 3385 650 ώς
3425 588 3487 640 ίικ
3532 589 3635 655 sic

2056 678 2422 749 προόλητικῆς
2451 680 2549 749 μὲν
2573 678 2857 748 δυνάμεως
2876 678 2934 730 τδ
2952 678 3173 747 Πνεῦμα
3196 678 3257 730 τὸ
3281 677 3435 745 ἅγιον
3463 680 3632 731 ἐκπο-

2056 769 2304 839 ρεύεται,
2338 769 2479 839 αῦτη
2515 770 2705 838 μέντοι
2740 770 2774 839 ἠ
2822 769 3167 838 προϐλητικὴ
3199 768 3430 835 δύναμις
3473 768 3631 820 τοῦτο

2060 859 2158 930 μὲν
2196 860 2350 929 κοινή
2381 859 2440 912 τέ
2475 861 2590 912 ἐστι
2631 859 2808 925 Πατρὶ
2839 859 2935 912 καὶ
2968 857 3083 926 Υίῷ
3116 856 3211 910 an
3242 858 3367 927 μηδ’
3392 858 3632 911 ὑποστα-

2057 952 2185 1019 τικὴ
2242 946 2378 1004 οὖσα
2424 951 2520 1003 τοῦ
2574 948 2870 1019 προσώπου
2906 948 2993 1001 τοῦ
3058 949 3348 1020 πατρικοῦ,
3399 950 3493 1003 καὶ
3543 950 3631 1002 διὰ

2059 1042 2222 1095 τοῦτο
2273 1043 2367 1095 καὶ
2412 1043 2491 1113 τῷ
2526 1041 2644 1111 Υίῷ
2678 1040 2855 1111 κοινὴ,
2898 1041 2971 1104 ώς
3010 1042 3067 1093 ὲν
3106 1040 3286 1102 ἄλλοις
3312 1040 3579 1093 δέδεικται
3613 1057 3628 1073 ο

2059 1132 2218 1187 τοῦτο
2255 1132 2314 1186 δὲ
2366 1134 2398 1202 ἡ
2441 1134 2580 1203 αὐτή
2616 1134 2735 1185 ἐστι
2768 1131 3058 1202 πράγματι
3085 1135 3151 1201 τῇ
3182 1132 3301 1202 θείᾳ
3341 1132 3516 1201 οὐσίᾳ,
3554 1130 3635 1201 τῷ

2059 1241 2124 1293 γε
2157 1223 2303 1293 λόγῳ
2331 1223 2667 1294 διαφέρουσα
2718 1222 2901 1292 μόνον,
2933 1223 3029 1276 καὶ
3059 1215 3213 1285 οὗτος
3242 1225 3269 1275 ὁ
3295 1224 3549 1292 περιττός
3574 1239 3634 1275 τε

2062 1315 2157 1367 καὶ
2182 1314 2439 1376 τοσοῦτος
2468 1315 2577 1366 τῶν
2605 1315 2814 1368 ἐκείνου
2845 1314 3021 1381 λόγων
3063 1315 3230 1383 ἐσμὸς
3244 1298 3436 1383 ’μάτην
3462 1314 3636 1384 ἀπέρ-

2065 1410 2275 1477 ριπται.
2310 1406 2385 1459 Τὸ
2427 1406 2656 1476 Πνεῦμα
2686 1407 2741 1460 δὲ
2774 1408 2938 1460 ἑαυτὸ
2967 1406 3029 1459 ού
3077 1405 3401 1475 προϐάλλει,
3448 1404 3633 1458 καίτοι

2063 1500 2161 1568 τῆς
2197 1498 2369 1567 αὐτῆς
2404 1497 2697 1551 κοινωνοῦν
2744 1500 2961 1566 φύσεως
2991 1498 3079 1550 διὰ
3108 1497 3169 1549 τὸ
3200 1500 3265 1566 τῇ
3316 1495 3479 1549 αὐτοῦ
3508 1494 3633 1547 tate-

2063 1603 2187 1656 τητι
2216 1587 2564 1641 ἀντιπίπτειν
2589 1604 2603 1619 ο
2639 1587 2827 1658 ὥσπερ
2863 1590 2955 1641 καὶ
2988 1591 3017 1641 ὁ
3052 1588 3178 1652 Υἱὸς
3219 1590 3282 1641 ὲκ
3313 1588 3409 1658 τῆς
3441 1603 3632 1654 γεννη-

2068 1679 2227 1748 τικῆς
2275 1677 2614 1749 γεννώμενος
2659 1679 2963 1747 δυνάμεως,
2992 1681 3093 1749 τῆς
3127 1679 3294 1748 αὐτῆς
3347 1680 3636 1749 πράγματι

2063 1772 2128 1841 τῇ
2161 1770 2283 1841 θείᾳ
2328 1768 2494 1841 οὔσης
2522 1769 2703 1840 οὐσίᾳ,
2738 1772 2800 1823 ού
2843 1772 2936 1824 καί
2967 1770 3160 1824 ἑαυτὸν
3213 1772 3399 1840 γεννᾷ,
3458 1769 3636 1821 καίτοι

2063 1865 2163 1934 τῆς
2198 1863 2370 1932 αὐτῆς
2409 1863 2686 1916 κοινωνῶν
2714 1864 2933 1931 φύσεώς
2965 1880 3023 1916 τε
3072 1863 3167 1916 καὶ
3193 1862 3402 1926 οὐσίας.
3431 1863 3506 1916 Ού
3538 1862 3637 1915 δύο

2065 1971 2226 2008 ναται
2268 1953 2377 2024 γὰρ
2426 1954 2486 2005 τὸ
2512 1953 2645 2005 αὐτὸ
2679 1952 2874 2005 ἑαυτοῦ
2904 1952 3077 2005 αίτιον
3108 1952 3223 2019 ἅμα
3257 1953 3352 2005 καὶ
3390 1950 3637 2003 αίτιατδν

2064 2037 2229 2095 εἷναι.
2270 2042 2339 2094 ἸΙ
2390 2040 2733 2111 προδλητικὴ
2782 2041 2828 2093 δ’
2859 2041 2996 2110 αὕτη
3047 2038 3280 2107 δύναμις
3329 2039 3425 2108 μία
3469 2038 3561 2089 καὶ
3601 2036 3637 2104 ἡ

2067 2134 2205 2204 αὑτὴ
2236 2133 2457 2205 ἀριθμῷ
2514 2131 2651 2187 οῦσα
2680 2135 2736 2185 ὲν
2766 2133 2943 2202 Harp!
2991 2133 3086 2185 καὶ
3114 2129 3229 2198 Υίῷ
3276 2130 3377 2200 τὴν
3410 2128 3637 2185 ἀσυλλύο

2067 2243 2254 2294 γιστον
2286 2224 2496 2278 ἐκείνου
2524 2224 2789 2295 δυαρχίαν
2829 2224 3156 2291 ἀποφεύγει,
3198 2224 3294 2276 καὶ
3336 2224 3515 2293 μάτην
3543 2221 3640 2274 αῦο

2065 2317 2157 2368 τὸν
2188 2314 2431 2368 τοσαῦτα
2461 2317 2855 2385 παρενείροντα
2881 2314 3220 2377 καταλείπει,
3248 2313 3369 2366 οὐδὲ
3396 2313 3637 2366 συνιέναι

2065 2407 2388 2476 δυνάμενον,
2418 2408 2543 2460 ὅσον
2574 2409 2691 2459 ἐστὶ
2728 2407 2787 2459 τὸ
2807 2407 3065 2476 διάφορον
3092 2408 3189 2476 τῆς
3221 2405 3547 2474 γεννητικῆς
3579 2405 3643 2457 ἐν

2070 2499 2243 2568 πατρὶ
2270 2499 2364 2551 καὶ
2406 2499 2573 2569 μητρὶ
2594 2499 2877 2568 δυνάμεως
2910 2500 3005 2554 καὶ
3048 2498 3149 2567 τῆς
3172 2497 3547 2567 προϐλητικῆς
3580 2497 3639 2547 ὲν

2068 2591 2240 2657 πατρὶ
2267 2591 2360 2642 καὶ
2390 2589 2513 2659 υίῴ,
2545 2594 2639 2643 καὶ
2673 2591 2762 2645 διὰ
2794 2592 2956 2645 τοῦτο
2988 2591 3244 2660 αἴσχιστα
3290 2592 3419 2660 περὶ
3448 2590 3518 2643 τὰ
3546 2589 3642 2660 μι-

2070 2698 2229 2747 γιστα
2266 2682 2649 2750 ἀπατώμενον.
2695 2684 2759 2736 Ἦ
2796 2683 2895 2752 μὲν
2922 2685 3028 2752 γὰρ
3051 2683 3204 2750 διττὴ
3241 2681 3515 2753 τάριθμῷ,
3544 2681 3645 2735 καὶ

2068 2773 2157 2827 διά
2182 2774 2341 2827 τοῦτο
2399 2776 2495 2828 καὶ
2529 2775 2778 2841 διπλοῦν,
2819 2776 3019 2846 μᾶλλον
3058 2776 3114 2830 δὲ
3162 2777 3257 2829 καὶ
3297 2772 3643 2828 πολλαπλοῦν

2068 2866 2345 2936 ἀπογεννᾷ
2367 2883 2379 2895 ·
2418 2868 2450 2934 ἡ
2488 2867 2543 2919 δὲ
2586 2867 2931 2937 προϐλητικὴ
2963 2867 3193 2935 δύναμις
3243 2869 3302 2919 ὲν
3337 2866 3511 2934 [largi
3542 2864 3639 2917 καὶ

2071 2956 2188 3026 Υἱῷ
2239 2955 2336 3023 μία
2365 2958 2459 3009 καὶ
2507 2957 2709 3027 quod;
2756 2956 3029 3027 τάριθμῷ,
3081 2958 3176 3010 καὶ
3201 2957 3293 3010 διὰ
3342 2952 3502 3008 τοῦτο
3539 2955 3641 3024 μία

400 3047 515 3101 Ιιωο
566 3062 696 3101 vero
746 3047 1007 3115 spirativa
1057 3048 1234 3101 virtus
1292 3048 1345 3101 in
1388 3048 1550 3103 Patre
1600 3059 1654 3103 et
1690 3047 1826 3103 Filio
1859 3066 1962 3104 uua

2069 3049 2209 3120 ἀρχὴ
2241 3051 2338 3105 καὶ
2371 3049 2429 3103 ἓν
2458 3051 2649 3119 ,ἄκρως
2672 3049 3074 3119 προϐάλλουσα.
3102 3049 3214 3119 Τὴν
3236 3049 3293 3101 δὲ
3324 3048 3423 3117 τῆς
3470 3044 3641 3099 αὐτοῦ

394 3138 701 3207 eademque
758 3146 843 3193 est
890 3154 1162 3206 numero,
1214 3148 1383 3208 atque
1449 3151 1736 3210 propterea
1791 3157 1960 3198 unum

400 3228 734 3298 principium
756 3239 811 3284 et
844 3231 1233 3300 principiatum
1263 3246 1617 3300 summopere
1648 3247 1816 3285 unum
1844 3248 1965 3302 pro-

399 3318 575 3373 ducit.
609 3320 745 3372 Dum
778 3335 909 3375 vero
958 3321 1288 3375 solutionem
1338 3322 1636 3391 vituperat,
1673 3336 1834 3390 quam
1868 3321 1967 3376 La-

403 3410 502 3464 titti
546 3410 727 3464 adhuc
752 3420 945 3465 crmtra
972 3410 1147 3479 ipsius
1174 3411 1476 3465 antithesin
1504 3411 1763 3476 all‘erunt,
1799 3427 1969 3467 nove-

405 3501 475 3553 rit
503 3516 561 3555 se
599 3500 784 3554 divum
817 3502 1183 3571 Augustinum
1218 3502 1552 3571 vituperare,
1583 3504 1743 3573 cujus
1769 3504 1822 3557 in
1868 3505 1972 3559 Ec-

402 3588 574 3645 clesia
601 3590 672 3644 ob
705 3590 1194 3660 incomparabilem
1248 3592 1576 3661 sapientiam
1605 3609 1669 3647 ac
1711 3594 1969 3649 virtutem

407 3682 657 3739 eminens
684 3682 922 3751 dignitas
953 3698 1015 3737 os
1042 3683 1145 3752 ipsi
1176 3684 1310 3740 satis
1332 3684 1627 3740 occludere
1648 3686 1820 3752 valet;
1856 3688 1972 3756 ipse

407 3770 554 3822 enim
586 3781 669 3824 est
699 3769 792 3838 qui
824 3770 1036 3839 primus
1063 3771 1203 3827 hanc
1241 3772 1538 3831 antithesin
1572 3774 1782 3829 invenit
1815 3786 1870 3830 et
1901 3776 1973 3831 ita

406 3859 916 3923 dissolvit.Marcus
945 3877 1077 3917 vero
1126 3863 1269 3918 nihil
1326 3864 1485 3929 dicit,
1534 3864 1741 3921 frustra
1802 3868 1974 3921 multa

406 3964 762 4008 connectens.
803 3954 993 4023 Neque
1036 3960 1183 4012 enim
1216 3959 1488 4026 sequitur,
1536 3958 1663 4013 ideo
1710 3958 1974 4028 Spiritum

2066 3140 2395 3202 ἀντιθέσεως
2430 3139 2536 3192 ὑπὸ
2569 3138 2815 3193 Λατίνων
2849 3138 3256 3207 ἐπιφερομένην
3290 3136 3447 3188 λύσιν
3494 3152 3644 3205 μεμ-

2064 3234 2301 3301 φάμενος
2327 3232 2418 3284 τὸν
2455 3231 2597 3284 θεῖον
2636 3232 3005 3299 Αὑγουστῖνον
3062 3229 3195 3281 ἵστω
3252 3226 3639 3297 μεμφόμενος,

2067 3318 2129 3378 οῦ
2156 3324 2216 3378 τδ
2242 3328 2298 3379 ιν
2345 3324 2646 3395 Ἐκκλησία
2672 3324 2761 3376 διὰ
2793 3324 2891 3394 τὴν
2937 3322 3321 3392 ἀπαράμιλλον
3352 3320 3543 3387 σοφίαν
3578 3335 3643 3371 τε

2068 3419 2164 3472 καὶ
2228 3416 2429 3488 ἀρετὴν
2481 3417 2703 3485 ἀξίωμα
2772 3415 2955 3469 ἱκανὸν
3017 3414 3183 3467 αύτὸν
3236 3413 3590 3480 ἐπιστομίσαι
3625 3428 3639 3443 ·

2070 3512 2279 3574 ἐκεῖνος
2303 3510 2410 3578 γάρ
2440 3511 2588 3562 ἐστιν
2618 3511 2647 3561 ὁ
2680 3508 2775 3562 καί
2804 3507 2903 3577 τὴν
2943 3506 3217 3560 ἀντίθεσιν
3239 3504 3447 3573 ταύτην
3488 3503 3649 3574 πρῶ·

2070 3620 2162 3665 τος
2194 3602 2369 3673 εὑρὼν
2400 3602 2493 3655 καὶ
2524 3601 2697 3662 οῦτως
2745 3598 3162 3661 ὲπιλυσάμενος.
3214 3597 3441 3667 Μάρκος
3467 3594 3525 3646 δὲ
3581 3595 3644 3645 ού

2073 3696 2223 3763 λέγει
2270 3693 2423 3747 οὐδὲν
2460 3694 2641 3763 μάτην
2670 3692 2840 3745 πολλά
2877 3690 3176 3760 συνείρων·
3204 3688 3324 3742 οὐδὲ
3357 3686 3466 3757 γὰρ
3506 3685 3647 3738 ἒπε-

2073 3804 2163 3840 ται
2215 3786 2304 3840 διὰ
2334 3785 2493 3838 τοῦτο
2522 3785 2729 3854 κτίσμα
2762 3780 2902 3837 εῖναι
2927 3783 2987 3835 τὸ
3012 3782 3256 3851 Πνεῦμα,
3291 3781 3339 3832 εί
3374 3782 3436 3833 ἐκ
3462 3796 3647 3848 παρα-

2073 3879 2371 3948 δείγματος
2398 3880 2492 3931 καὶ
2523 3877 2731 3939 είκόνος
2756 3876 2857 3945 τῆς
2893 3874 3123 3936 κτίσεως
3167 3874 3343 3942 πάντη
3372 3871 3565 3941 ὁμοίας
3586 3872 3649 3922 τὸ

2077 3972 2443 4038 ἐπιφυόμενον
2473 3971 2501 4022 ὁ
2524 3968 2847 4030 διδάσκαλός
2886 3985 2946 4020 τε
2988 3967 3080 4020 καὶ
3111 3967 3275 4036 ἡμεῖς
3306 3964 3647 4033 ἑπιλυόμεϐα

407 4054 717 4098 creaturam
740 4060 884 4112 esse,
910 4048 954 4099 si
983 4062 1049 4100 ex
1082 4049 1333 4115 exemplo
1399 4058 1455 4101 et
1487 4048 1726 4116 imagine
1755 4051 1965 4106 omttinc

2078 4062 2333 4132 ἔγκλημα
2351 4078 2366 4094 ·
2389 4062 2524 4117 ὅπου
2551 4078 2613 4131 γε
2632 4061 2797 4115 ταυτὺ
2812 4059 2969 4113 τοῦτο
2986 4060 3079 4113 καὶ
3095 4060 3146 4112 oi
3166 4058 3427 4128 ἡμέτεροι
3446 4057 3648 4109 ἀνατο-

408 4136 575 4189 simili
609 4152 791 4192 rerum
819 4148 1127 4191 creatarum
1174 4147 1287 4191 tum
1322 4138 1414 4193 ille
1445 4139 1661 4203 doctor,
1716 4148 1830 4201 tum
1876 4156 1965 4197 nos

2078 4154 2221 4207 λικολ.
2256 4152 2505 4224 Πατέρες
2544 4169 2605 4204 τε
2636 4152 2733 4204 καὶ
2770 4151 3080 4205 διδάσκαλοι
3114 4150 3211 4202 καὶ
3247 4150 3339 4201 ἐπὶ
3372 4146 3447 4218 μὴ
3470 4148 3649 4217 πάντη

410 4228 901 4294 reprehensionem
941 4227 1089 4280 illam
1130 4226 1506 4294 dissolvimus,
1543 4229 1761 4299 quando
1788 4238 1841 4283 et
1876 4232 1965 4286 hoc

2080 4246 2285 4315 ὁμοίων
2314 4243 2586 4308 ποιοῦσιν,
2610 4245 2673 4297 ὲκ
2696 4243 2902 4314 ψυχῆς,
2935 4244 3027 4298 νοῦ
3057 4243 3156 4296 καλ⁸
3184 4243 3368 4310 λόγου,
3396 4243 3502 4295 εἴτε
3532 4240 3650 4303 νοῦ,

406 4316 556 4377 idem
583 4329 639 4373 et
670 4318 847 4372 nostri
875 4319 1174 4373 orientales
1200 4320 1391 4375 Patres
1421 4329 1477 4375 et
1523 4321 1779 4376 doctores
1807 4323 1972 4377 etiam

2082 4334 2241 4402 λόγου
2267 4335 2362 4387 καὶ
2385 4334 2696 4401 πνεύματος
2718 4333 2811 4387 τοῦ
2847 4334 3120 4405 ἡμετέρου
3156 4334 3251 4386 καὶ
3276 4332 3373 4386 ἀνθ
3385 4333 3647 4403 ρωπίνου,

406 4410 464 4466 in
496 4426 607 4469 non
634 4411 863 4465 omnino
887 4411 1161 4467 similibus
1195 4411 1425 4478 faciunt,
1448 4428 1513 4466 ex
1547 4414 1751 4479 anima,
1794 4423 1965 4471 mente

2083 4392 2168 4476 ετξ
2183 4423 2239 4476 δὲ
2270 4423 2442 4492 ἡλίου,
2464 4392 2799 4486 ἀέτινοξκαι
2816 4392 3139 4493 eme—fuat
3165 4419 3319 4486 αὖθις
3342 4392 3651 4491 ὀφθαλμοῦ,

408 4512 464 4557 ει
495 4503 662 4557 verbo
700 4506 814 4556 sive
843 4514 1048 4567 mente,
1085 4505 1253 4558 verbo
1287 4515 1342 4557 et
1367 4505 1586 4573 spiritu.
1610 4516 1797 4559 nostro
1826 4506 1978 4561 vide-

408 4594 541 4651 licet
572 4602 626 4647 et
662 4594 928 4657 humano,
969 4593 1169 4648 deinde
1213 4611 1278 4649 ex
1317 4596 1453 4661 sole,
1492 4595 1646 4651 radio
1679 4606 1735 4650 et
1769 4597 1975 4651 lumine

406 4695 464 4739 et
494 4700 683 4737 rursus
712 4700 775 4737 ex
804 4686 983 4745 oculo,
1018 4685 1165 4740 fonte
1202 4697 1258 4740 et
1289 4686 1476 4751 ﬂuvio,
1507 4703 1628 4757 quze
1668 4689 1838 4758 magis
1874 4689 1973 4742 tria

412 4779 539 4830 sunt
566 4793 725 4846 quam
759 4793 952 4839 unum,
999 4778 1176 4831 Patris
1224 4788 1281 4831 et
1313 4778 1433 4831 Filii
1470 4788 1525 4831 et
1567 4778 1804 4847 Spiritus
1854 4796 1977 4833 san-

408 4868 486 4921 cti
525 4866 577 4919 in
633 4877 842 4920 naturae
877 4866 1085 4919 unitate
1125 4867 1326 4919 realem
1374 4881 1737 4935 personarum
1787 4867 1973 4921 Trini-

408 4968 576 5012 tatem
610 4957 888 5011 illustrant
932 4957 1027 5026 (ιι).
1066 4957 1185 5025 Ipse
1219 4973 1347 5011 vero
1378 4958 1665 5013 manifeste
1701 4959 1973 5013 contraria

407 5048 547 5101 dicit
580 5046 796 5101 veritati
834 5047 961 5100 dum
996 5047 1072 5100 ait
1099 5047 1151 5101 id
1193 5047 1338 5116 quod
1393 5063 1491 5119 per
1546 5050 1881 5104 creationem
1944 5065 1974 5103 a

408 5142 596 5200 multis
640 5152 821 5197 ortum
852 5142 1014 5197 habet
1036 5152 1091 5197 et
1123 5144 1175 5196 in
1203 5143 1369 5199 rebus
1409 5144 1665 5198 humanis
1689 5152 1745 5199 et
1775 5144 1829 5199 in
1862 5154 1981 5199 arte

406 5236 569 5309 {actis
611 5249 677 5290 ex
724 5249 832 5287 uno
866 5248 987 5287 esse
1040 5233 1221 5288 dicere
1256 5234 1422 5288 licere
1452 5273 1467 5298 ,
1511 5234 1655 5302 quod
1707 5250 1838 5289 vero
1891 5250 1987 5288 na-

404 5326 659 5382 turaliter
728 5339 795 5378 ex
845 5323 1062 5378 duobus
1107 5333 1230 5387 est,
1297 5324 1447 5377 nullo
1520 5340 1745 5394 prorsus
1820 5326 1982 5379 modo

401 5418 747 5473 contrarium
777 5417 1001 5470 omnino
1042 5416 1224 5470 locum
1262 5415 1446 5470 habet.
1486 5416 1699 5472 Etenim
1738 5416 1787 5473 id
1824 5417 1970 5484 quod

480 5555 555 5625 (l')
598 5555 671 5609 Τε
710 5552 863 5610 deest
892 5554 945 5608 in
979 5554 1025 5610 tt
1049 5574 1115 5611 .r.
1154 5556 1253 5611 167
1281 5558 1317 5613 ι.
1351 5557 1439 5612 oo.

2084 4514 2268 4581 πηγῆς
2317 4512 2411 4565 καὶ
2446 4512 2715 4582 ποταμοῦ,
2752 4513 2787 4566 ἂ.
2838 4514 3041 4582 μᾶλλόν
3065 4515 3171 4566 είσι
3218 4513 3348 4581 τρία
3382 4513 3413 4581 ἢ
3442 4512 3522 4576 ἓν,
3552 4513 3656 4580 τὴν

2084 4602 2320 4672 ῐίατρὸς,
2352 4601 2482 4654 Υίοῦ
2509 4619 2569 4654 τε
2615 4603 2707 4655 καὶ
2741 4604 3058 4673 Πνεύματος
3091 4605 3150 4656 ἐν
3179 4604 3390 4673 ἑνότητι
3435 4603 3656 4671 φύσεως

2082 4693 2474 4762 πραγματικὴν
2522 4692 2629 4745 τῶν
2669 4694 2975 4763 προσώπων
3022 4697 3229 4766 Τριάδα
3291 4694 3655 4764 παραμυθού-

2084 4801 2256 4854 μενοι.
2305 4786 2365 4835 Ὀ
2399 4784 2455 4836 δὲ
2485 4784 2575 4836 καὶ
2606 4786 2857 4855 φανερῶς
2898 4787 3159 4840 τάναντία
3190 4786 3339 4855 λέγει
3384 4788 3494 4847 τοῖς
3518 4787 3655 4854 ἁλη-

2082 4876 2198 4928 Θὲσι
2232 4877 2456 4944 φάσκων
2483 4895 2496 4908 ο
2535 4876 2607 4929 Τὸ
2642 4878 2739 4947 μὲν
2767 4879 3177 4948 δημιουργικῶς
3201 4880 3264 4931 ὲκ
3312 4877 3521 4931 πολλῶν
3557 4894 3654 4945 γε-

2083 4964 2308 5033 νόμενον
2364 4969 2459 5018 καὶ
2508 4968 2600 5019 ἐπὶ
2631 4968 2736 5019 τῶν
2766 4969 2885 5021 καο’
2918 4970 3063 5038 ἡμᾶς
3110 4985 3172 5022 τι
3225 4969 3301 5039 (ί)
3336 4970 3428 5022 καὶ
3459 4986 3652 5037 τεχνη-

2079 5058 2190 5110 τῶν
2222 5058 2299 5128 (ἓ)
2327 5054 2465 5111 εἶναι
2491 5060 2666 5111 είπείν
2698 5060 2757 5124 ἐξ
2787 5062 2928 5124 ἑνὸς,
2963 5064 3022 5115 τὸ
3051 5063 3107 5116 δὲ
3137 5062 3383 5129 φυσικῶς
3413 5064 3474 5114 ἐκ
3507 5062 3654 5112 δυοῖν

2085 5148 2378 5217 ούδαμῶςο
2428 5150 2742 5204 τούναντίον
2797 5153 2906 5222 γὰρ
2952 5156 3095 5208 ᾶπαν
3143 5154 3277 5207 ἐστί.
3331 5155 3405 5205 Τὸ
3431 5156 3541 5221 γὰρ
3591 5156 3653 5205 ἐκ

2091 5240 2236 5292 δυοῖν
2277 5257 2447 5292 τινοιν
2489 5241 2761 5309 τεχνίταιν
2793 5245 3038 5311 γεγονὸς,
3088 5245 3183 5297 ἅτε
3246 5248 3343 5299 καὶ
3400 5244 3655 5313 τάριομῷ

2099 5333 2189 5382 καὶ
2222 5332 2396 5400 πάντη
2448 5332 2593 5385 δυοῖν
2627 5334 2823 5398 ὄντοιν,
2868 5337 3145 5399 παντελῶς
3194 5340 3341 5389 ἐστιν
3388 5338 3450 5389 ὲκ
3486 5337 3654 5399 δυοῖν,

2080 5421 2139 5472 τὸ
2174 5420 2215 5472 δ’
2240 5423 2302 5473 ἐκ
2337 5420 2479 5473 δυοῖν
2514 5438 2674 5475 τινων
2707 5423 2920 5491 φύσεως
2949 5427 3040 5477 καὶ
3075 5428 3314 5495 μάλιστα
3342 5427 3481 5479 οὓτω
3505 5442 3651 5477 νεου-

2156 5560 2229 5631 ('2)
2267 5560 2356 5614 Sic
2398 5559 2608 5615 Monac.
2641 5563 2739 5629 ειη
2769 5564 2837 5618 al.
2868 5565 3153 5632 τεχνίτων.

482 5707 557 5779 {ul
615 5708 800 5773 Quoad
846 5711 1106 5781 imagines
1158 5722 1212 5767 et
1263 5712 1536 5780 attalngias
1592 5716 1720 5769 istas
1763 5715 1947 5770 confer
1989 5713 2082 5769 Pet
2122 5715 2287 5779 tium,
2336 5717 2406 5771 De
2445 5715 2787 5781 Trinitate,l.
2826 5732 2919 5783 \‘ll,
2948 5730 3063 5784 cap.
3100 5713 3154 5770 ὁ.
