3900 6216
241 315 348 378 ἰῦἓ

1285 272 2016 372 REFUTATIOMARCI
2061 307 2446 369 EPIIESINI.

3391 308 3491 373 15$

313 434 384 487 α’.
423 436 517 486 Δεῖ
556 431 736 483 τοίνυν
785 430 979 484 εἰδέναι
1019 429 1123 500 (1),
1153 428 1251 498 τὴν
1279 429 1484 500 ἀκριὸῆ
1511 445 1569 481 τε
1604 428 1698 482 καὶ
1723 429 1806 497 ὄρη

1991 428 2034 480 l.
2096 426 2248 481 Scire
2297 441 2429 496 ergo
2473 431 2711 495 oportet,
2772 432 3088 480 accuratam
3147 439 3210 479 ac
3283 436 3490 481 rectam

238 527 344 594 θὴν
371 525 484 577 τῶν
515 521 861 591 Χριστιανῶν
909 521 1189 586 θεολογίαν
1218 521 1275 571 ὲν
1327 521 1395 589 τῇ
1446 519 1568 589 θεία
1627 519 1816 587 Τριάδι

240 616 417 686 μηδὲν
453 614 584 668 ἄλλο
623 613 777 680 παρὰ
831 613 930 681 τὴν
964 611 1116 664 θείαν
1163 611 1354 663 οὐσίαν
1406 612 1502 664 καὶ
1540 610 1638 672 τὰς
1682 612 1819 662 ἁποο

237 711 465 768 στάσεις
504 708 687 759 εῖτουν
729 706 1000 775 πρόσωπα
1030 704 1259 758 τιθέναι·
1309 706 1402 756 καὶ
1429 704 1528 765 τὰς
1557 704 1656 772 μὲν
1686 703 1819 756 ὑπο-

239 801 466 858 στάσεις
482 799 634 868 τρεῖς
657 796 877 866 ἀριθμῷ
896 797 988 848 καὶ
1012 797 1189 864 πάντη
1212 796 1462 864 διακεκρι
1471 795 1637 863 μένας
1659 795 1820 864 ἀλλή-

238 890 370 949 ὶων,
408 889 510 956 τὴν
545 889 601 941 δὲ
646 888 799 940 θείαν
838 887 1030 940 οὐσίαν
1062 886 1192 954 μίαν
1235 885 1334 955 μὲν
1369 888 1462 939 καὶ
1495 886 1595 956 τὴν
1644 885 1818 956 αὐτὴν

239 979 486 1048 ἀριθμῷ,
515 980 705 1050 κοινήν
737 996 795 1030 τε
837 979 931 1031 καὶ
981 977 1320 1046 ἑνικωτάτην
1368 979 1426 1029 ἐν
1463 980 1576 1038 τοῖς
1613 978 1814 1048 τρισὶν,

237 1073 296 1121 ἐν
349 1071 569 1139 ἑκάστῳ
598 1087 658 1122 τε
706 1070 816 1123 τῶν
845 1069 1014 1136 τριῶν
1073 1067 1384 1136 προσώπων
1441 1068 1817 1138 ὑφεστηκυῖαν

237 1161 552 1227 ὁμολογεῖν,
607 1160 708 1227 τὴν
735 1161 908 1229 αὐτήν
945 1178 1004 1213 τε
1058 1161 1347 1230 πράγματι
1404 1159 1524 1228 μεθ’
1577 1161 1818 1229 ἑκάστης

236 1251 349 1303 τῶν
383 1251 747 1304 ὑποστάσεων
806 1248 972 1304 οὖσαν
1011 1251 1152 1320 λόγῳ
1201 1251 1576 1319 διακρίνεσθαι
1630 1253 1813 1320 μόνον,

236 1346 501 1408 ἐναντίως
544 1345 687 1414 ἥέφ’
727 1345 904 1414 ἡμῶν.
949 1344 1013 1396 'H
1059 1345 1166 1412 γὰρ
1208 1345 1360 1412 κοινὴ
1410 1346 1468 1397 ὲν
1503 1346 1682 1413 τρισὶν
1721 1347 1816 1397 άν-

237 1436 485 1503 θρὼττοις
513 1436 830 1505 ἀνθρωπίνη
866 1435 1025 1488 οὐσία
1067 1433 1166 1486 εἶτ’
1214 1434 1575 1502 ἀνθρωπότης
1609 1433 1704 1502 μία
1735 1434 1815 1504 τῷ

235 1526 372 1578 εῖδει
406 1525 542 1578 οὖσα
565 1527 713 1591 τρεῖς
741 1525 858 1577 ἐστι
889 1523 1166 1594 τάριθμῷ,
1201 1523 1284 1576 διὸ
1317 1523 1409 1576 καὶ
1435 1525 1583 1593 τρεῖς
1605 1524 1814 1591 ἄνθρω-

235 1632 331 1667 ποι
362 1631 377 1644 ’
412 1617 533 1668 ἐκεῖ
554 1615 609 1666 δὲ
641 1615 738 1682 μία
768 1613 1026 1682 τάριθμῷ
1051 1615 1146 1667 καὶ
1172 1613 1357 1682 ἄκρως
1383 1613 1480 1682 μία
1506 1614 1538 1680 ἡ
1571 1613 1691 1665 θεία
1721 1613 1814 1664 οὖ-

238 1709 358 1772 σῗα,
392 1707 574 1758 εῑτουν
625 1703 838 1772 θεότης,
863 1705 960 1756 καὶ
989 1702 1079 1754 διὰ
1110 1701 1270 1754 τοῦτο
1315 1697 1396 1764 εἷς
1423 1701 1555 1764 Θεὸς
1587 1701 1657 1754 τὰ
1685 1702 1809 1770 τρία

238 1770 351 1849 εἱσι
376 1797 668 1866 πρόσωπα.
704 1770 909 1856 Οθσίας
939 1793 998 1846 δὲ
1024 1795 1117 1846 καὶ⁸
1142 1794 1450 1863 προσώπων
1488 1793 1548 1845 ὲν
1584 1794 1650 1861 τῇ
1691 1791 1812 1861 θείᾳ
1843 1770 1884 1826 Β

241 1891 436 1959 Τριάδι
487 1887 903 1957 θεωρουμένων,
941 1886 1016 1948 ὡς
1073 1887 1313 1954 εἴρηται,
1359 1886 1413 1938 sl’
1437 1903 1489 1938 τι
1541 1885 1635 1939 καὶ
1685 1884 1810 1938 ἄλλο

238 1985 363 2052 περὶ
412 1983 586 2050 αὐτῆς
623 1982 718 2034 καὶ
777 1979 1012 2049 μάλιστα
1065 1979 1203 2048 πρὸς
1232 1979 1404 2046 αὐτὴν
1437 1977 1521 2047 (2)
1569 1976 1808 2045 λέγεται,

237 2078 302 2142 τῇ
331 2074 495 2143 οὐσίᾳ
521 2076 602 2135 είς
627 2071 826 2124 ταυτδν
863 2072 1021 2140 ἦκειν
1055 2073 1151 2124 καὶ
1175 2073 1373 2123 ταυτὸν
1401 2073 1542 2140 αὐτῇ
1577 2072 1811 2139 πρᾶγμα

241 2165 534 2230 σημαίνειν
571 2161 651 2230 τῷ
705 2161 848 2230 λόγῳ
895 2161 1228 2230 διαφέροντα
1258 2158 1334 2227 ('5)
1366 2159 1546 2229 μόνον.
1580 2160 1662 2212 Τὰ
1709 2160 1808 2228 μὲν

239 2257 346 2323 γὰρ
373 2255 486 2306 τῶν
527 2253 813 2321 ὀνομάτων
851 2252 960 2304 τῶν
1001 2252 1161 2304 θείων
1214 2239 1598 2319 ἀπολελυμένα
1643 2268 1700 2303 τε
1729 2247 1808 2303 εἷ-

238 2363 319 2397 ναι
352 2346 432 2413 (4)
479 2344 573 2396 καὶ
626 2343 942 2410 τελειότητα
982 2343 1338 2411 σημαίνοντα,
1369 2341 1404 2394 ἃ
1436 2341 1690 2411 καὶπρὸς
1741 2343 1809 2396 τὲ

237 2439 362 2490 εἴσω
395 2438 640 2503 λέγεται,
669 2437 739 2486 τὰ
776 2433 844 2486 δι’
877 2432 941 2486 αὖ
991 2434 1212 2500 λέγεται
1247 2433 1382 2503 πρὸς
1422 2436 1490 2486 τὰ
1538 2434 1664 2498 ἔξω,
1695 2429 1808 2488 οἷον

232 2528 467 2595 ἀγαθὸν,
500 2526 683 2593 σοφὸν,
724 2525 837 2593 ζωὴ
866 2525 960 2574 καὶ
993 2525 1290 2594 προνοητὴς
1314 2526 1388 2594 (5)
1418 2525 1514 2577 καὶ
1551 2527 1618 2577 τὰ
1647 2525 1805 2588 ἄλλα,

231 2621 328 2672 ὅσα
364 2621 444 2687 (6)
478 2607 791 2686 τελειότητα
837 2617 1111 2685 σημαίνει.
1158 2615 1299 2685 Πρὸς
1340 2615 1540 2685 ἑαυτὴν
1587 2616 1807 2684 λέγεται

228 2716 260 2782 ή
304 2711 560 2779 μακαρία
602 2711 694 2761 καὶ
733 2709 852 2761 θεία
881 2709 1040 2762 οὐσία
1069 2723 1128 2759 τε
1168 2708 1264 2761 καὶ
1296 2707 1488 2778 Τριὰς,
1531 2709 1806 2778 μηδεμιᾶς

231 2803 369 2875 πρὸς
405 2802 478 2853 τὰ
506 2801 609 2864 ἔξω
640 2799 878 2869 σχέσεως
928 2799 1249 2867 νοουμένης.
1280 2791 1383 2850 Ὧν
1417 2799 1485 2852 τὰ
1534 2799 1635 2867 μὲν
1666 2802 1834 2854 εἰσὶν.

227 2893 493 2962 οὐσιώδη,
529 2893 604 2954 ὡς
638 2894 820 2960 σοφία,
881 2891 994 2961 ζωὴ
1024 2893 1119 2945 καὶ
1167 2891 1239 2943 τὰ
1265 2892 1451 2960 ὃμοια,
1502 2893 1570 2944 τὰ
1593 2892 1650 2944 δὲ
1695 2893 1804 2946 τῶν

229 2984 547 3056 προσώπων
594 2983 976 3052 γνωρίσματα,
1020 2982 1095 3044 ὡς
1151 2983 1446 3052 πατρότης,
1503 2983 1803 3050 ἀγεννησία

227 3079 323 3131 καὶ
354 3078 408 3129 εἴ
437 3094 494 3128 τι
524 3075 616 3127 τοῦ
636 3075 831 3145 ,ὁμοίου
866 3077 1169 3144 σχήματος.
1207 3075 1328 3126 Τῶν
1361 3075 1406 3127 δ’
1432 3074 1708 3127 οὐσιωδῶν
1736 3076 1804 3128 τὰ

229 3169 329 3236 μὲν
358 3167 517 3218 θέσιν
552 3167 862 3235 σημαίνειν,
889 3165 966 3228 ὡς
995 3166 1054 3219 τὸ
1086 3167 1250 3234 σοφός
1282 3183 1342 3218 τε
1367 3167 1462 3220 καὶ
1489 3166 1714 3234 ἀγαθὸς,
1736 3168 1804 3219 τὰ

226 3259 264 3309 δ’
298 3258 466 3324 ἄρσιν
496 3257 596 3324 (7).
625 3255 700 3316 ὡς
739 3256 800 3308 τὸ
825 3256 1100 3326 ἄφθαρτος
1131 3256 1223 3308 καὶ
1251 3255 1516 3318 ἀθάνατος
1536 3272 1551 3287 ο
1576 3257 1670 3309 καὶ
1698 3256 1806 3309 τῶν

225 3347 612 3417 σημαινόντων
635 3347 785 3398 θέσιν
812 3345 843 3415 gi
873 3349 972 3415 μὲν
1006 3345 1354 3398 ἀποδίδοσθαι
1411 3347 1511 3416 μέν
1538 3364 1646 3400 τινι
1672 3364 1807 3415 προ-

222 3439 362 3506 ὠπῳ
403 3439 536 3504 [δίᾳ.
565 3439 624 3490 οὐ
659 3438 840 3505 μέντοι
872 3439 1036 3490 αὑτοῦ
1085 3439 1190 3490 ἴδια
1238 3434 1378 3493 εἶναι
1416 3441 1468 3508 (ἡ
1516 3439 1623 3508 γὰρ
1681 3456 1804 3492 σοσ-

222 3530 320 3594 φία
375 3527 694 3581 ἀποδίδοται
749 3529 847 3596 μὲν
879 3528 982 3596 ἰδίᾳ
1018 3530 1098 3601 τῷ
1146 3529 1258 3595 Υίῷ
1304 3532 1362 3583 οὐ
1397 3531 1584 3600 μέντοι
1633 3529 1798 3584 αὑτοῦ

219 3621 374 3671 ἐστιν
430 3620 599 3683 ἴδιον,
659 3620 839 3672 κοινὸν
894 3622 1040 3692 πάσῃ
1108 3627 1172 3694 τῇ
1235 3623 1422 3692 Τριάδι
1499 3623 1746 3694 ὑπάρχον
1780 3639 1796 3655 ο

217 3711 423 3778 ὁμοίως
480 3713 634 3780 καὶὴ
688 3713 875 3782 ἀγάπη
931 3711 1150 3766 ἀποδιδο
1203 3714 1341 3784 μένη
1394 3714 1470 3783 τῷ
1523 3714 1798 3784 Πνεύματι

218 3802 292 3869 τῷ
339 3802 486 3870 ἁγίῳ
531 3803 682 3857 οὐδὲν
732 3799 893 3872 ἧττον
971 3803 1067 3854 καὶ
1115 3804 1259 3856 κατὰ
1337 3801 1517 3872 πάσης
1581 3801 1798 3871 λέγεται

287 3962 366 4030 (1)
412 3963 626 4017 Monac.
661 3959 697 4014 ι.
726 3961 829 4017 227
857 3978 908 4016 a.
936 3958 1192 4018 Mendose
1225 3977 1237 4014 :
1271 3961 1468 4015 ὲδέναι.

284 4033 362 4098 (2)
399 4033 525 4087 Bion
551 4033 619 4085 27
642 4033 679 4084 Γ.
708 4031 843 4084 227a
880 4051 892 4086 :
921 4034 1143 4101 ἑαυτήν.

290 4103 368 4172 (⁸5)
396 4102 487 4156 Sic
517 4103 700 4163 codd.,
733 4101 930 4156 melius
958 4103 1242 4172 διαφέρον.
1280 4121 1302 4172 χ

285 4174 365 4242 (4)
397 4172 657 4226 Inﬁnitivi
708 4173 1016 4241 dependent
1046 4188 1076 4225 a
1106 4171 1375 4240 superiori
1426 4171 1506 4224 δεῖ
1561 4171 1780 4228 εἰδέναι.

284 4328 358 4396 (α)
413 4322 556 4378 Vide
617 4324 916 4388 Petavium,
947 4323 1024 4378 De
1056 4324 1215 4379 Trin.
1250 4341 1322 4392 IV,
1355 4323 1594 4380 Prooem.
1630 4340 1684 4378 n.
1715 4322 1772 4378 2.

216 4412 358 4532 ςίὶἮν)
389 4463 532 4516 Vide
580 4461 957 4517 deﬁnitionem
1015 4478 1172 4518 conc.
1231 4480 1282 4518 Iv
1328 4465 1511 4518 Later.
1543 4478 1594 4516 a.
1627 4463 1782 4528 ms,

215 4549 334 4603 cap.
385 4534 447 4596 2,
501 4531 850 4600 Damnamus,
884 4533 958 4586 De
991 4549 1204 4587 summa
1233 4534 1535 4601 Trinitate;
1587 4543 1644 4588 et
1667 4533 1783 4588 Au~

212 4697 339 4750 liter
372 4696 592 4766 positis.
616 4715 634 4748 ι
676 4695 1032 4766 Syllogismus
1063 4698 1168 4752 erit
1201 4715 1214 4752 :

1915 517 2360 573 Christianorum
2391 516 2721 588 theologiam
2775 515 2828 568 in
2876 516 3065 570 divina
3119 516 3324 572 Triade
3354 518 3492 574 nihil

1919 609 2066 662 aliud
2098 618 2294 678 praeter
2329 609 2570 662 divinam
2620 607 2914 662 essentiam
2957 615 3010 660 et
3037 611 3365 676 hypostases
3393 624 3494 665 seu

1919 715 2180 768 personas
2237 713 2476 768 ponere;
2536 707 2592 752 et
2641 698 2962 768 hypostases
2991 697 3214 765 quidem
3248 705 3361 754 tres
3391 715 3496 753 nu-

1917 808 2068 847 mero
2124 803 2181 846 et
2237 794 2465 848 omnino
2520 793 2589 847 ab
2633 793 2873 846 invicem
2902 792 3216 857 distinctas,
3246 793 3492 850 divinam

1916 901 2050 939 vero
2091 885 2386 939 essentiam
2444 899 2607 938 unam
2634 885 2999 953 eamdemque
3053 899 3311 949 numero,
3343 901 3493 940 com-

1917 993 2140 1033 munem
2173 988 2231 1032 et
2259 977 2493 1032 maxime
2517 977 2736 1032 unicam
2770 978 2824 1030 in
2864 977 2973 1032 illis
3002 977 3202 1043 tribus,
3229 979 3283 1031 in
3304 979 3491 1049 singu-

1916 1071 1986 1124 lis
2013 1086 2144 1124 vero
2177 1071 2338 1123 trium
2387 1083 2753 1138 personarum
2789 1069 3178 1124 subsistentem
3209 1069 3489 1132 conﬁteri,

1915 1177 2146 1231 eamque
2208 1163 2519 1216 secundum
2585 1177 2700 1216 rem
2755 1177 2878 1216 eum
2941 1175 3269 1230 unaquaque
3317 1161 3491 1230 hypo-

1917 1255 2049 1309 stasi
2104 1256 2352 1310 eamdem
2389 1269 2528 1321 esse,
2571 1269 2636 1308 ac
2681 1254 2891 1308 ratione
2915 1252 3179 1306 duntaxat
3223 1250 3488 1320 distingui

1916 1344 2018 1414 (a),
2085 1355 2276 1399 contra
2325 1360 2491 1414 quam
2546 1343 2601 1398 in
2639 1342 2800 1398 nobis
2855 1352 2962 1396 est.
2999 1342 3213 1395 Etenim
3243 1356 3492 1396 commu-

1916 1437 2001 1490 nis
2058 1437 2116 1492 in
2168 1437 2346 1492 tribus
2409 1435 2731 1490 hominibus
2780 1435 3020 1489 humana
3077 1432 3318 1488 essentia
3389 1447 3490 1486 seu

1915 1529 2230 1582 humanitas
2284 1543 2410 1582 cum
2457 1541 2562 1580 una
2605 1527 2676 1581 sit
2705 1527 2912 1595 specie,
2948 1535 3059 1580 tres
3081 1538 3315 1578 numero
3337 1531 3488 1587 sunt,

1916 1620 2125 1674 idcirco
2179 1629 2236 1675 et
2295 1627 2408 1675 tres
2455 1619 2707 1674 homines
2741 1618 2838 1688 (ὁ),
2875 1618 2988 1672 illic
3023 1626 3208 1671 autem
3244 1631 3350 1670 una
3386 1631 3492 1670 nu-

1916 1726 2070 1766 mero
2121 1719 2176 1765 et
2232 1725 2584 1780 summopere
2642 1725 2749 1764 una
2807 1717 2893 1763 est
2916 1709 3098 1763 divina
3120 1709 3360 1763 essentia
3387 1723 3487 1762 seu

1913 1801 2109 1866 deitas,
2159 1803 2368 1858 idcirco
2418 1818 2562 1857 unus
2595 1802 2740 1857 Deus
2777 1810 2886 1856 tres
2910 1812 3157 1870 persona:
3177 1809 3325 1855 sunt.
3349 1799 3489 1856 Cum

1913 1909 2066 1957 vero,
2098 1894 2179 1947 uti
2215 1893 2423 1948 dictum
2447 1901 2552 1958 est,
2579 1893 2817 1947 essentia
2865 1901 2922 1946 et
2949 1906 3195 1962 personae
3224 1891 3279 1945 in
3303 1891 3488 1945 divina

1912 1983 2183 2039 Trinitate
2233 1985 2685 2050 considerentur,
2741 1985 2786 2038 si
2821 1984 2954 2053 quid
2985 1983 3132 2037 aliud
3156 1994 3212 2039 et
3234 1982 3380 2038 circa
3406 1983 3488 2053 ip-

1911 2093 2025 2132 sam
2061 2084 2118 2133 et
2146 2079 2382 2134 maxime
2414 2078 2481 2133 ad
2514 2079 2688 2148 ipsam
2746 2077 2974 2141 dicitur,
3005 2091 3130 2130 cum
3158 2075 3398 2130 essentia
3429 2074 3486 2129 in

1909 2169 2054 2225 idem
2111 2171 2310 2225 recidit
2371 2168 2734 2238 eamdemque
2786 2183 2911 2222 cum
2948 2182 3013 2221 ea
3044 2181 3158 2220 rem
3189 2165 3484 2237 signiﬁcat,

1907 2267 1964 2314 et
1990 2261 2165 2316 solum
2195 2260 2498 2315 secundum
2533 2260 2799 2312 rationem
2853 2257 3142 2311 diﬁ’erunt.
3182 2255 3317 2310 Nam
3346 2254 3488 2310 divi-

1909 2367 2104 2405 norum
2166 2352 2449 2406 nominum
2511 2351 2617 2405 alia
2671 2349 2918 2404 absoluta
2959 2345 3486 2425 suntetperfeetio-

1909 2457 2031 2496 nem
2091 2441 2433 2502 denotantia,
2485 2457 2606 2511 quae
2652 2441 2819 2494 etiam
2861 2437 2927 2492 ad
2986 2437 3132 2491 intra
3184 2436 3480 2503 dicuntur;

1908 2530 2013 2584 alia
2065 2546 2195 2585 vero
2251 2546 2473 2585 rursum
2527 2530 2593 2583 ad
2647 2536 2799 2582 extra
2848 2526 3132 2589 dicuntur,
3164 2533 3225 2579 ut
3250 2525 3480 2589 bonum,

1909 2621 2155 2690 sapiens,
2206 2621 2340 2685 vita,
2366 2620 2666 2687 providens
2694 2630 2749 2674 et
2776 2629 3004 2673 caeteras
3027 2632 3150 2686 qua:
3181 2615 3486 2686 perfectio-

1909 2729 2035 2768 nem
2091 2714 2420 2783 signiﬁcant.
2479 2712 2560 2766 Ad
2595 2726 2654 2766 se
2697 2711 2872 2779 ipsam
2897 2709 3102 2763 dicitur
3127 2706 3288 2761 beata
3311 2717 3366 2761 et
3400 2704 3484 2760 di-

1908 2806 2033 2859 vina
2069 2803 2306 2859 essentia
2336 2812 2393 2857 et
2419 2802 2662 2856 Trinitas
2693 2801 2841 2854 nulla
2877 2799 2944 2853 ad
2969 2807 3129 2854 extra
3163 2796 3520 2852 liahitudine~

1864 2917 1879 2926 -
1907 2896 2204 2950 intellecta.
2261 2893 2505 2959 Quorum
2550 2894 2666 2947 haec
2716 2891 2936 2961 quidem
2977 2885 3300 2946 essentialia
3329 2895 3480 2952 sunt,

1909 2994 1964 3038 ut
2008 2985 2301 3055 sapientia,
2347 2985 2458 3038 vita
2491 2993 2546 3038 et
2570 2983 2791 3047 similia,
2825 2983 2931 3036 alia
2961 2996 3091 3036 vero
3118 2993 3480 3050 personarum

1907 3088 2146 3141 tesserae,
2175 3085 2235 3131 ut
2267 3077 2586 3146 paternitas,
2614 3075 3010 3130 innascibilitas
3034 3084 3090 3130 et
3117 3075 3162 3129 si
3183 3072 3314 3142 quid
3336 3073 3482 3142 ejus-

1907 3168 2078 3221 modl.
2108 3168 2263 3232 Quod
2293 3167 2358 3221 ad
2393 3168 2711 3222 essentialia
2766 3168 2986 3232 attinet,
3015 3165 3119 3220 alia
3149 3164 3478 3234 positionem

1906 3257 2238 3328 signiﬁcant,
2297 3266 2358 3311 ut
2422 3257 2640 3326 sapiens
2661 3266 2715 3311 et
2742 3257 2942 3322 bonus,
2971 3257 3074 3311 alia
3104 3258 3478 3326 negationem.

1910 3353 1970 3400 ut
2032 3344 2469 3413 incorruptibilis
2525 3356 2584 3400 et
2643 3345 2990 3401 immortalis.
3049 3344 3117 3398 Et
3146 3360 3215 3400 ex
3259 3345 3325 3399 iis
3357 3357 3481 3414 quae

1909 3438 2236 3506 positionem
2263 3451 2360 3492 seu
2388 3436 2806 3492 aﬁirmationem
2863 3436 3194 3505 signiﬁcant,
3221 3435 3327 3488 alia
3355 3437 3482 3504 qui-

1907 3529 2028 3583 dem
2059 3531 2148 3584 uni
2176 3544 2422 3598 persona;
2454 3529 2837 3584 attribuuntur
2858 3528 3114 3591 seorsiin.
3146 3542 3256 3580 non
3295 3535 3477 3580 tamen

1907 3621 2081 3689 ipsius
2133 3631 2262 3674 sunt
2318 3621 2544 3689 propria
2595 3621 2884 3691 (sapientia
2946 3619 3092 3673 enim
3151 3617 3479 3674 attribuitur

1907 3711 2125 3779 quidem
2177 3710 2316 3764 Filio
2384 3713 2634 3777 scorsim,
2687 3727 2795 3765 non
2829 3722 3009 3766 tamen
3035 3711 3208 3780 ipsius
3231 3718 3316 3765 est
3348 3723 3478 3778 pro-

1909 3802 2113 3870 prium,
2189 3815 2316 3855 eum
2375 3801 2641 3857 universae
2707 3801 2965 3856 Trinitati
3029 3814 3322 3857 commune
3369 3799 3473 3866 sit;

1971 3963 2049 4032 (5)
2079 3962 2190 4016 Καὶ
2212 3965 2348 4032 πρὸν
2372 4001 2387 4018 .
2420 3963 2752 4020 Addidimus
2786 3978 2853 4017 ex
2880 3960 3044 4015 Maso.
3077 3961 3114 4014 ι.
3153 3962 3310 4032 ϐὶα.

1967 4031 2040 4104 (6)
2070 4034 2126 4087 In
2161 4031 2436 4088 Marciano
2463 4034 2755 4102 posteriori
2786 4047 2949 4086 manu
2982 4033 3202 4085 additur
3229 4031 3310 4086 δέ.

1975 4107 2050 4175 (7)
2081 4104 2228 4157 Fort.
2292 4105 2546 4175 ἄρνησιν.

1885 4327 2190 4396 gustinum,
2213 4327 2251 4380 l.
2281 4343 2381 4388 vn,
2444 4329 2524 4383 De
2583 4329 2880 4384 Trinitate.
2915 4345 2966 4386 c.
2997 4330 3054 4385 h.
3090 4330 3323 4389 Uberius
3351 4331 3479 4387 illu-

1893 4405 2030 4472 strat
2061 4396 2428 4472 dill'erentiatn
2479 4401 2729 4472 humanae
2754 4410 2807 4451 et
2827 4399 3026 4472 diyinaa
3054 4410 3262 4472 natura:
3294 4402 3474 4472 quoad

1893 4467 2178 4588 unigetem.
2209 4467 2366 4522 Juan.
2400 4468 2673 4535 Da:nasc.,
2705 4470 2780 4522 De
2830 4469 2935 4522 tide
2979 4467 3380 4540 orthodoxaﬂ.
3432 4489 3470 4536 ι,

1893 4547 1942 4586 c.
2021 4574 2034 4586 .

1891 4547 1942 4586 0.
1983 4547 2034 4586 ὅ.

1250 4699 1394 4769 Quae
1423 4698 1562 4753 facta
1615 4707 1841 4753 suntex
1891 4699 2046 4753 Patre
2077 4698 2216 4752 facta
2249 4703 2413 4769 sunt_;
2440 4693 2756 4769 sed__Eilius
2801 4711 2908 4750 non
2942 4706 3028 4751 est
3074 4698 3287 4765 factus;
3341 4714 3475 4769 ergo

212 4763 643 4840 none—stlactus
667 4763 732 4819 ex
765 4763 942 4840 Patre.
975 4784 993 4816 ι
1032 4763 1342 4821 Secundum
1361 4768 1831 4840 _Epliesium~vero
1861 4769 2221 4840 concludetur
2252 4782 2266 4818 :
2313 4783 2330 4814 ι
2364 4765 2506 4836 Ergo
2541 4763 2714 4821 Filius
2745 4783 2853 4822 non
2884 4777 2970 4824 est
3011 4783 3078 4823 ex
3109 4763 3294 4835 Patre,
3327 4763 3474 4839 quod

212 4845 299 4887 est
333 4837 603 4905 impium;
638 4851 749 4889 non
780 4835 983 4888 factum
1035 4851 1166 4891 vero
1199 4853 1319 4892 esse
1359 4835 1557 4891 Filium
1585 4853 1651 4892 ex
1677 4838 1835 4892 Patre
1864 4835 2052 4892 verum
2079 4847 2186 4893 est.
2232 4854 2250 4886 ι

289 4952 539 5004 Alterum
565 4952 789 5006 schema
823 4951 1078 5007 vitiosam
1113 4951 1278 5006 Marci
1309 4953 1782 5008 ratiocinationem
1817 4964 2222 5024 repraesentans
2261 4957 2368 5013 tale
2396 4968 2480 5014 est
2508 4975 2526 5013 :

413 5045 458 5098 si
489 5059 586 5112 per
628 5042 828 5097 Filium
1221 5061 1331 5098 nou
1374 5043 1574 5098 factum

429 5115 612 5167 omnia
665 5113 805 5167 facta
1091 5131 1200 5170 non
1247 5126 1330 5168 est
1357 5130 1454 5183 per
1488 5113 1691 5169 Filium

2110 5045 2350 5116 Spiritus
2384 5064 2494 5104 non

2159 5127 2243 5171 est
2277 5119 2454 5172 factus

2852 5064 2959 5103 non
3001 5064 3130 5118 ergo
3169 5059 3254 5102 est.

2886 5134 2984 5189 per
3010 5119 3232 5171 Filium.

223 5191 3460 5283 WW

293 5343 444 5411 Vide,
478 5348 756 5414 Quomodo
789 5346 932 5402 idem
964 5345 1267 5402 absurdum
1300 5347 1582 5416 colligitur
1608 5358 1662 5404 et
1691 5351 1872 5420 quoad
1911 5349 2108 5406 Filium
2146 5367 2160 5404 :

449 5437 504 5492 Si
539 5454 603 5493 cx
633 5440 794 5496 Patre
1228 5457 1338 5498 non
1370 5443 1570 5498 factum

427 5509 612 5563 omnia
663 5509 803 5565 facta
1135 5527 1246 5567 non
1297 5523 1381 5570 est
1427 5529 1492 5568 ex
1543 5515 1702 5570 Patre

2159 5447 2330 5501 Filius
2360 5463 2498 5504 vero
2820 5449 2991 5504 Filius
3018 5463 3149 5518 ergo
3183 5464 3291 5504 non

2113 5532 2224 5571 non
2254 5529 2337 5572 est
2365 5519 2543 5575 factus
2856 5531 3028 5574 estex
3063 5518 3222 5575 Patre
