3900 6216
365 343 475 406 155

357 548 718 602 nihilominus
771 547 838 602 de
892 559 1002 602 tota
1066 544 1338 600 Trinitate
1390 545 1779 614 praedicatur);
1815 546 1922 600 alia

357 652 488 690 vero
540 645 669 690 sunt
717 637 1054 705 simpliciter
1114 635 1447 699 communia,
1497 644 1556 689 ut
1583 636 1841 690 divinitas
1867 645 1926 690 et

357 739 475 780 esse
498 725 788 779 esseutiale
817 739 880 778 ac
929 725 1151 779 similia.
1205 725 1358 790 Quod
1395 734 1581 778 autem
1614 733 1824 791 spectat
1854 724 1923 778 ad

357 827 718 883 personarum
775 823 1032 879 tesseras,
1070 813 1176 868 alia
1205 805 1432 881 quidem
1488 813 1838 880 positionem,
1869 823 1930 866 ut

363 922 413 958 ν.
441 920 525 973 gr.
560 903 882 971 paternitas,
913 905 1015 957 alia
1045 918 1176 957 vero
1210 904 1552 971 negationem
1588 904 1924 973 significant,

361 1003 421 1047 ut
451 994 503 1047 in
537 993 700 1047 Patre
741 993 1171 1062 innascibilitas.
1207 993 1285 1046 Ex
1311 994 1379 1046 iis
1409 1009 1558 1055 vero,
1585 1010 1706 1062 qum
1727 993 1931 1060 signiti-

355 1097 488 1138 cant
542 1085 864 1152 positionem
897 1085 1043 1138 aliud
1094 1094 1196 1149 est,
1247 1084 1392 1154 quod
1421 1087 1511 1137 uni
1549 1085 1766 1139 cuidam
1799 1101 1930 1154 per-

350 1189 508 1229 sonae
551 1177 810 1228 convenit
857 1183 914 1228 et
980 1175 1152 1244 ipsius
1203 1183 1288 1229 est
1326 1177 1636 1244 proprium,
1662 1182 1826 1243 atque
1857 1175 1932 1230 ita

363 1265 666 1333 proprium,
698 1275 758 1317 ut
786 1273 837 1318 et
867 1279 1156 1333 personam
1182 1266 1500 1327 constituat,
1524 1273 1584 1319 ut
1602 1266 1931 1335 paternitas.

351 1355 576 1416 ‘liliatio,
606 1355 920 1423 processio;
949 1355 1098 1410 aliud
1139 1355 1284 1425 quod
1339 1365 1393 1410 et
1424 1355 1643 1412 duabus
1676 1355 1933 1423 congruit

365 1445 636 1514 personis,
694 1455 755 1497 ut
805 1444 1015 1510 spirare
1064 1459 1161 1498 seu
1215 1444 1544 1513 producere,
1607 1445 1758 1512 quod
1813 1458 1938 1512 pro-

365 1539 542 1608 prium
603 1537 824 1608 quidem
873 1537 1112 1591 duorum
1171 1547 1276 1597 est.
1325 1537 1504 1592 Patris
1529 1546 1587 1592 et
1619 1535 1778 1601 Filii;
1819 1551 1932 1590 non

368 1631 442 1682 ita
495 1637 675 1682 tamen
743 1630 1050 1698 proprium,
1089 1637 1150 1682 ut
1186 1637 1242 1682 et
1275 1641 1565 1696 personam
1599 1627 1934 1692 constituat;
1964 1621 1969 1626 ’

1729 338 2240 404 BESSARIONIS

356 457 613 513 similiter
649 464 705 512 et
755 473 907 513 amor
965 454 1284 512 attribuitur
1344 452 1576 524 Spiritui
1615 464 1805 512 sancto
1859 465 1916 510 et

2051 456 2115 525 ἧς
2177 451 2402 523 Τριάδος
2433 451 2475 521 )⁶

3490 338 3590 404 15-3

2552 448 2587 503 ἃ
2635 447 2694 501 δι
2747 441 2885 501 εἶναι
2943 445 3131 510 ἁπλῶς
3189 440 3366 513 κοινὰ,
3427 448 3506 512 ὡς
3557 452 3590 519 ἡ

2027 543 2237 612 θεότης,
2267 543 2300 611 ἡ
2326 540 2549 608 ὀντότης
2589 538 2684 592 καὶ
2731 537 2802 590 τὰ
2845 536 3228 606 παραπλήσια.
3260 537 3384 590 Τῶν
3431 539 3492 592 δέ
3530 555 3593 607 γε

2025 631 2396 702 προσωπικῶν
2423 629 2824 697 γνωρισμάτων
2854 626 2888 680 ἃ
2914 626 3012 696 μὲν
3035 627 3204 691 θέσιν,
3232 628 3307 688 ὡς
3331 628 3363 697 ἡ
3392 629 3597 698 πατρό-

2025 739 2144 792 της,
2177 721 2246 774 τὰ
2284 721 2337 772 δὲ
2377 719 2534 788 ἄρσιν
2566 719 2644 787 ῃ)
2683 717 2997 785 σημαίνειν,
3051 714 3128 778 ὡς
3179 715 3273 768 ἐπὶ
3300 716 3510 786 [Ἰατρὸς
3535 716 3600 770 τὸ

2027 813 2343 882 ἀγέννητον.
2375 810 2496 861 Τῶν
2537 810 2594 862 δὲ
2627 809 2776 860 θέσιν
2825 806 3204 874 σημαινόντων
3255 801 3398 860 εἶναι
3432 807 3529 875 μὲν
3567 806 3598 858 δ

2028 901 2108 954 ἑνί
2133 917 2237 952 τινι
2278 897 2551 968 προσώπῳ
2585 895 2870 965 συμϐαίνει
2900 896 2994 946 καὶ
3039 893 3208 946 αὐτοῦ
3239 895 3388 947 ἐστιν
3438 896 3593 961 ἴδιον,

2030 992 2171 1046 οὕτω
2197 1010 2255 1044 τε
2289 993 2442 1052 ἴδιον,
2476 990 2551 1050 ὡς
2581 989 2675 1040 καὶ
2705 989 2765 1040 τὸ
2812 988 3106 1056 πρόσωπον
3146 987 3482 1053 ὐφιστάνειν,
3521 986 3599 1050 ὡς

2029 1085 2325 1152 πατρότης,
2373 1079 2578 1148 υίότης,
2611 1077 2962 1146 ὲκπόρευσις·
2999 1071 3139 1129 εἶναι
3175 1076 3219 1127 δ’
3253 1077 3282 1128 ὃ
3319 1076 3415 1128 καὶ
3447 1077 3601 1131 δυσὶν

2032 1173 2260 1242 ἁρμόζει
2290 1171 2624 1241 προσώποις,
2652 1167 2842 1237 ὥσπερ
2876 1167 2935 1219 τὺ
2963 1167 3306 1234 ἑκπορεύειν,
3337 1168 3473 1219 ἷδιον
3502 1167 3604 1234 μὲν

2031 1269 2143 1319 τοῖν
2175 1265 2326 1317 δυοῖν
2376 1263 2459 1328 ὃν,
2506 1262 2718 1332 Πατρδς
2772 1263 2868 1314 καὶ
2919 1261 3071 1326 Υίοῦ,
3099 1262 3196 1330 οὐχ
3229 1259 3372 1314 οὕτω
3415 1261 3605 1330 μέντοι

2033 1356 2185 1419 ῖδιον,
2211 1353 2352 1408 ὥστε
2381 1355 2474 1407 καὶ
2505 1353 2797 1423 πρόσωπον
2829 1353 3172 1419 ὐφιστάνεινο
3204 1351 3264 1403 τό
3291 1350 3340 1402 τ’
3367 1352 3606 1412 αἰωνέως

2032 1464 2092 1500 τε
2123 1447 2219 1499 καὶ
2254 1446 2399 1507 ίδίως
2432 1443 2751 1512 πέμπεσθαι
2800 1443 2934 1496 ίδιον
2989 1442 3104 1510 Υίῷ
3156 1445 3250 1495 καὶ
3299 1441 3599 1509 Πνεῦματι,

2035 1537 2166 1590 καθὸ
2197 1538 2260 1588 ὲκ
2289 1537 2382 1588 τοῦ
2410 1535 2624 1603 Πατρδς
2653 1534 2824 1602 ἄμφω
2853 1533 3209 1602 προάγονται.
3242 1532 3398 1586 Οὕτω
3427 1532 3480 1585 δὲ
3507 1533 3604 1585 καὶ

2036 1630 2146 1684 τῶν
2173 1629 2211 1683 ἃ
2251 1628 2386 1698 πρὸς
2425 1627 2495 1680 τὰ
2527 1625 2632 1691 ἐξω
2679 1640 2741 1677 τε
2788 1624 3024 1692 λέγεται,
3058 1625 3090 1692 ἡ
3135 1622 3257 1676 θεία
3291 1624 3462 1692 Τριέις
3509 1625 3602 1675 καὶ

372 1721 708 1774 :cternaliter
761 1719 964 1773 deinde
1020 1727 1077 1774 et
1104 1717 1324 1786 proprie
1363 1717 1506 1770 mitti
1532 1716 1818 1785 preprium
1851 1724 1936 1770 est

2044 1723 2136 1792 τὴν
2185 1721 2322 1791 πρὸς
2364 1718 2462 1789 τὴν
2495 1718 2675 1770 κτίσιν
2711 1715 2893 1786 σχέσιν
2937 1714 3214 1783 ἐμφαίνει,
3247 1714 3315 1766 τὰ
3356 1713 3455 1782 μὲν
3492 1717 3605 1776 τοῖς
3706 1704 3710 1707 ’

375 1811 514 1866 Filio
538 1825 602 1864 ac
633 1809 887 1878 Spiritui,
917 1809 1220 1862 secundum
1249 1807 1398 1876 quod
1427 1823 1493 1862 ex
1519 1807 1678 1860 Patre
1706 1815 1936 1874 uterque

376 1899 721 1970 producitur.
779 1898 873 1954 Sic
915 1908 972 1952 et
993 1913 1064 1952 ex
1095 1898 1164 1952 iis
1187 1913 1308 1966 quae
1340 1897 1406 1951 ad
1429 1905 1587 1952 extra
1614 1897 1824 1950 dicitur
1853 1897 1938 1952 di-

379 1991 505 2044 vina
566 1990 807 2044 Trinitas
857 2005 1087 2058 quaeque
1133 1988 1512 2042 habitudinem
1564 1986 1632 2042 ad
1660 1999 1940 2044 creaturas

377 2081 678 2143 denotant,
737 2081 840 2135 alia
915 2081 1098 2135 tribus
1154 2079 1403 2148 personis
1467 2078 1844 2144 conveniunt,
1883 2086 1939 2130 ut

370 2181 607 2234 creator,
637 2181 1009 2229 conservator,
1039 2171 1309 2239 .provisor,
1335 2184 1428 2224 rex
1450 2179 1505 2226 et
1527 2169 1803 2236 dominus,
1832 2169 1939 2223 alia

375 2276 504 2313 vero
527 2262 760 2314 duorum
793 2260 1060 2314 duntaxat
1094 2268 1244 2323 sunt,
1273 2270 1332 2314 ut
1374 2259 1718 2313 incarnatum
1754 2261 1941 2314 eruci-

373 2352 650 2421 lixumque
680 2366 800 2406 esse
827 2362 882 2406 et
913 2364 1252 2420 quaecunque
1295 2350 1358 2404 ad
1407 2351 1769 2405 meonomiam
1806 2365 1934 2419 per-

372 2440 571 2508 tinent,
653 2440 816 2507 Filii;
847 2442 1086 2510 Spiritus
1123 2456 1250 2496 vero
1281 2443 1457 2496 sancti
1487 2445 1542 2495 ir.
1589 2441 1771 2508 specie
1797 2441 1938 2509 ignis

368 2533 455 2608 vel
487 2531 540 2586 in
577 2533 760 2601 specie
787 2531 1055 2586 columbae
1080 2531 1258 2584 visum
1315 2545 1458 2587 esse.
1481 2529 1619 2584 Cum
1661 2545 1792 2584 vero
1819 2529 1940 2584 dei-

371 2630 454 2682 tas
495 2631 684 2690 utpote
739 2622 1148 2689 simplicissima
1202 2621 1290 2675 vix
1323 2629 1404 2674 tot
1438 2621 1660 2674 nomina
1687 2620 1938 2689 recipiat.

372 2713 569 2772 horum
615 2727 737 2781 qua:
783 2712 854 2766 ad
903 2713 1046 2766 intra
1095 2721 1148 2766 et
1169 2727 1293 2780 qua:
1327 2711 1395 2766 ad
1429 2727 1486 2765 se
1516 2711 1684 2781 ipsam
1715 2712 1959 2786 dicitur,.

374 2806 518 2858 idem
573 2805 885 2859 secundum
953 2821 1070 2860 rem
1125 2814 1256 2860 sunt
1284 2819 1412 2859 eum
1444 2806 1634 2861 divina
1661 2807 1937 2873 essentia;

374 2911 495 2970 qua:
523 2909 656 2948 vero
685 2895 754 2948 ad
785 2907 960 2960 extra,
993 2905 1048 2950 et
1072 2895 1386 2950 secundum
1448 2910 1562 2950 rem
1605 2896 1675 2950 ab
1697 2898 1940 2951 essentia

375 2984 791 3053 distinguuntur
837 2991 894 3039 et
946 2985 1154 3039 nullam
1206 2985 1538 3054 positionem
1562 2985 1617 3039 in
1639 2987 1826 3039 divina
1849 3000 1941 3039 es-

375 3074 556 3127 sentia
612 3074 994 3140 manifestam,
1049 3075 1145 3129 sed
1203 3075 1384 3130 solum
1427 3075 1482 3129 in
1512 3076 1939 3130 ereatura.l\'am

375 3166 472 3220 Dei
505 3166 798 3220 relationes
831 3166 899 3220 ad
931 3165 1165 3221 elieetus
1195 3181 1295 3222 seu
1354 3180 1445 3221 res
1463 3175 1683 3222 creatas
1707 3182 1816 3221 non
1849 3182 1940 3222 se-

375 3257 621 3312 cundum
670 3273 782 3312 rem
833 3267 962 3313 sunt
1009 3258 1066 3312 iu
1096 3259 1228 3325 Deo,
1264 3272 1456 3313 verum
1483 3258 1829 3313 solummodo
1851 3273 1942 3313 se-

376 3349 619 3404 cundum
680 3350 1062 3421 intelligentia:
1113 3350 1373 3416 modum,
1423 3349 1732 3405 secundum
1796 3349 1943 3419 quod

372 3447 578 3490 caetera
635 3436 702 3490 ad
764 3439 940 3508 ipsum
976 3437 1334 3504 referuntur;
1367 3438 1511 3493 sicut
1546 3453 1730 3508 neque
1778 3438 1833 3492 in
1863 3439 1945 3492 in-

371 3527 597 3581 tellecto
645 3537 729 3582 est
783 3528 974 3583 relatio
1023 3537 1283 3597 tanquam
1331 3543 1444 3596 res,
1478 3528 1582 3584 etsi
1617 3529 1841 3585 relative
1873 3530 1944 3585 ad

377 3617 795 3687 intelligentiam
826 3619 1051 3684 dicitur,
1096 3634 1288 3675 verum
1321 3620 1374 3674 in
1411 3622 1776 3693 intelligentia
1806 3624 1943 3679 sola.

375 3711 512 3766 Cum
565 3711 712 3764 enim
753 3710 821 3765 de
863 3726 1009 3766 novo
1036 3719 1093 3766 et
1118 3713 1496 3780 temporaliter
1528 3713 1716 3783 plures
1747 3713 1814 3768 ad
1847 3730 1944 3769 ex-

375 3813 458 3856 tra
509 3802 804 3858 relationes
869 3803 936 3857 de
985 3803 1095 3857 Deo
1125 3801 1514 3873 praedicenti",
1559 3813 1621 3858 ut
1659 3803 1944 3860 dominum

377 3895 460 3947 vel
517 3893 850 3949 directorem
905 3908 1027 3948 esse
1078 3894 1242 3963 hujus
1293 3904 1456 3950 certae
1509 3895 1766 3970 rei,vquae
1799 3911 1947 3951 nunc

377 3984 616 4052 primum
666 3985 855 4054 erepit,
909 3985 958 4040 si
1010 4000 1286 4055 quaepiam
1343 3999 1410 4040 ex
1459 3985 1551 4041 his
1581 3985 1949 4041 relationibus

366 4076 687 4131 secundum
721 4092 834 4130 rem
861 4077 1003 4132 foret
1029 4079 1081 4130 in
1117 4078 1228 4132 Deo
1253 4077 1588 4144 subsistens,
1625 4086 1948 4149 sequeretur

362 4168 563 4235 plane,
609 4182 677 4221 ex
737 4182 880 4221 novo
928 4168 1059 4237 quid
1097 4167 1208 4220 Deo
1232 4167 1500 4222 accedere
1528 4177 1584 4222 et
1603 4167 1682 4222 sic
1710 4177 1951 4222 mutare-

363 4269 470 4312 tur
528 4257 612 4311 vel
667 4257 972 4311 secundum
1029 4272 1087 4312 se
1138 4256 1225 4310 vel
1291 4257 1598 4311 secundum
1664 4257 1946 4314 accidens.

360 4347 496 4402 lloe
549 4356 732 4401 autem
787 4346 1090 4400 absurdum
1133 4359 1259 4402 esse
1283 4346 1586 4415 multiplici
1617 4349 1783 4403 modo
1814 4365 1946 4419 pro-

2041 1814 2219 1884 τρισὶν
2248 1813 2472 1880 ἀνήκειν
2509 1807 2825 1878 προσώποις
2856 1805 2929 1868 ὡς
2958 1806 3018 1857 τὸ
3053 1803 3410 1873 δημιουργὸς,
3448 1819 3609 1857 συνο-

2044 1905 2192 1974 χεὺς,
2217 1900 2538 1973 προναητὴς,
2572 1897 2845 1968 βασιλεὺς,
2889 1894 3100 1966 κύριος,
3130 1896 3198 1948 τὰ
3223 1895 3284 1947 δὲ
3335 1894 3476 1946 δυοῖν
3508 1894 3610 1963 μό-

2044 2012 2179 2069 νοιν,
2202 1993 2276 2056 ὡς
2317 1991 2379 2045 τὸ
2409 1989 2679 2061 χρονικῶς
2713 1985 3022 2056 πέμπεσθαι
3061 1983 3174 2054 Υίῷ
3209 2002 3268 2038 τε
3307 1985 3401 2038 καὶ
3435 1983 3612 2037 Πνεύο

2048 2102 2199 2157 ματι,
2227 2084 2295 2136 τὰ
2327 2082 2371 2135 δ’
2403 2083 2486 2134 ἑνὶ
2531 2080 2713 2150 μόνον,
2747 2079 2824 2139 ὼς
2861 2077 2922 2130 τὸ
2959 2074 3358 2143 σεσαρκῶσθαι,
3410 2076 3609 2127 ἐσταυ-

2047 2177 2278 2246 ρῶσθαι,
2311 2173 2405 2225 καὶ
2435 2172 2535 2225 ὅσα
2559 2171 2660 2239 τῆς
2687 2169 3004 2238 οἰκονομίας
3037 2166 3169 2231 elei,
3204 2165 3282 2236 τῷ
3309 2166 3443 2234 Υηίῷ,
3473 2166 3506 2234 ἢ
3530 2164 3609 2231 τῷ

2045 2252 2429 2336 Ηνεύματίτῷ
2458 2263 2600 2332 ἁγίῳ
2626 2261 2685 2315 τὸ
2709 2263 2766 2314 tv
2797 2260 2930 2314 εῖδει
2970 2258 3163 2327 πυρὸς,
3192 2259 3249 2310 tv
3286 2258 3420 2311 εεδει
3450 2274 3610 2327 περι·-

2046 2359 2241 2425 στερᾶς
2282 2355 2536 2423 ὀφθῆναι.
2582 2352 2736 2405 Ἐπεὶ
2777 2349 2834 2402 δὲ
2863 2349 2926 2402 τὸ
2957 2348 3100 2402 θεῖον
3146 2346 3518 2401 ἁπλούστατον
3547 2349 3610 2401 ὃν

2045 2453 2144 2506 οὐκ
2191 2451 2256 2505 ἂν
2303 2452 2542 2503 τοσαῦτα.
2589 2448 2831 2518 ὀνόματα
2875 2445 3105 2514 δέχοιτο,
3153 2443 3364 2497 τούτων
3409 2443 3478 2496 τὰ
3510 2442 3612 2512 μὲν

2047 2546 2182 2615 πρὲς
2213 2544 2282 2596 τὰ
2324 2541 2456 2595 εἴσω
2499 2539 2594 2594 καὶ
2635 2537 2671 2593 ἃ
2719 2538 2858 2608 πρὸς
2908 2537 3108 2606 ἑαυτὴν
3154 2536 3367 2605 λέγεται
3415 2536 3612 2588 ταυτὸν

2046 2629 2185 2685 εἶναι
2219 2631 2503 2701 πράγματι
2537 2631 2603 2699 τῇ
2656 2628 2778 2698 θείᾳ
2831 2627 3012 2696 οὐσίᾳ,
3050 2624 3121 2678 τὰ
3154 2627 3210 2678 δὲ
3246 2626 3380 2693 πρὸς
3409 2623 3477 2677 τὰ
3506 2625 3614 2687 ἔξω

2047 2724 2336 2794 πράγματί
2360 2739 2420 2775 τε
2442 2723 2543 2788 τῆς
2581 2721 2769 2783 οὐσίας
2797 2719 3204 2788 διακεκρίσθαι,
3253 2718 3512 2788 οὐδεμίαν
3548 2736 3614 2772 τε

2048 2815 2198 2869 Θέσιν
2242 2817 2305 2869 -ὲν
2347 2817 2412 2885 τῇ
2465 2812 2584 2883 θείᾳ
2637 2811 2797 2882 οὐσίᾳ
2844 2809 3062 2881 δηλοῦν,
3094 2809 3268 2880 ἀλλ’ἢ
3311 2809 3419 2875 ἄρα
3443 2811 3506 2861 ἑν
3538 2811 3612 2879 τῇ

2047 2907 2242 2959 κτίσει.
2262 2905 2333 2958 Δί
2357 2903 2466 2973 γὰρ
2492 2901 2715 2971 πρδςτά
2743 2899 3164 2969 ἀποτελέσματα
3213 2899 3490 2966 ἀναφοραὶ
3513 2897 3616 2951 τοῦ

2046 2995 2180 3049 Θεοῦ
2206 2995 2307 3048 οὐκ
2340 2995 2448 3047 elei.
2478 2991 2884 3063 πραγματικῶς
2905 2991 2968 3043 tv
2994 2989 3072 3060 τῷ
3098 2988 3238 3058 Θεῷ,
3270 2990 3387 3042 ἀλλ’
3411 2990 3444 3059 ἢ
3473 2991 3618 3043 κατά

2047 3087 2137 3140 τὸν
2180 3085 2378 3156 τρόπον
2413 3083 2572 3152 μόνον
2602 3083 2701 3151 τῆς
2731 3080 2998 3146 ἐπινοίας,
3036 3081 3170 3132 καθὸ
3199 3080 3267 3132 τὰ
3297 3078 3439 3133 ἄλλα
3475 3079 3618 3151 πρὸς

2046 3179 2212 3234 αὐτὸν
2240 3175 2632 3245 ἀναφέρονται,
2650 3172 2845 3244 ὥσπερ
2866 3171 2981 3225 οὐδ’
3007 3173 3063 3225 tv
3079 3170 3156 3241 τῷ
3173 3171 3448 3240 ἐπιστητῷ
3465 3171 3620 3224 ἔστιν

2044 3271 2078 3340 ἡ
2105 3269 2288 3338 σχέσις
2307 3267 2380 3330 ὼς
2403 3267 2661 3336 πρᾶγμα,
2686 3265 2735 3318 εί
2758 3265 2852 3317 καὶ
2872 3262 3218 3334 άναφορικῶς
3240 3261 3457 3330 λέγεται
3477 3262 3621 3329 πρὸς

2044 3359 2142 3430 τὴν
2174 3359 2512 3427 ἐπιστήμην,
2549 3356 2668 3410 ἀλλ’
2707 3358 2762 3408 ὲν
2809 3355 2946 3426 μόνῃ
2995 3357 3062 3424 τῇ
3115 3356 3418 3426 ἐπιστήμῃ.
3458 3353 3623 3406 Ἐπεὶ

2045 3453 2150 3521 γὰρ
2179 3452 2244 3503 ὲκ
2271 3449 2391 3502 νέου
2423 3451 2518 3502 καὶ
2543 3447 2814 3517 χρονικῶς
2845 3447 3039 3498 πολλαί
3066 3463 3214 3508 τινες
3241 3444 3351 3498 τῶν
3379 3444 3518 3514 πρὸς
3547 3444 3622 3496 τὰ

2046 3541 2151 3608 ἔξω
2201 3541 2439 3610 σχέσεων
2488 3540 2738 3607 λέγονται
2785 3537 2926 3591 κατὰ
2963 3537 3058 3590 τοῦ
3101 3535 3257 3603 Θεοῦ,
3310 3535 3499 3604 ὥσπερ
3560 3535 3624 3586 τὸ

2048 3635 2243 3706 κύριον
2289 3634 2330 3703 ’ἦ
2383 3631 2667 3702 διοικητὴν
2708 3630 2921 3684 τουτονὶ
2960 3628 3056 3682 τοῦ
3108 3629 3437 3698 πράγματος
3483 3625 3621 3696 φέρε

2047 3728 2234 3781 εἰπεῖν·
2249 3721 2390 3779 εἶναι
2416 3723 2509 3778 τοῦ
2546 3723 2641 3777 νῦν
2662 3721 2939 3792 ἠργμένον
2965 3719 3071 3792 (2),
3093 3721 3151 3773 ετ
3176 3736 3259 3783 τις
3279 3717 3484 3771 τούτων
3506 3718 3624 3768 τῶν

2050 3818 2290 3888 σχέσεων
2331 3813 2402 3886 ἦν
2453 3816 2509 3868 ὲν
2555 3813 2635 3884 τῷ
2679 3812 2799 3882 Θεῷ
2847 3812 3254 3881 πραγματικῶς
3303 3809 3624 3879 ὑφεστῶσα,

2050 3911 2235 3963 εἵπετο
2280 3909 2345 3964 ἄν
2394 3925 2446 3960 τι
2485 3909 2550 3960 ἐκ
2599 3906 2721 3959 νέου
2778 3905 2856 3974 τῷ
2902 3905 3022 3972 Θεῷ
3072 3905 3284 3957 ἐπιέναι
3337 3907 3431 3956 καὶ
3477 3901 3625 3955 οὓτω

2052 3997 2381 4069 μετέὸαλλεν
2421 3996 2559 4065 ἃ.νῆ
2609 3994 2737 4048 καθ’
2767 3994 2898 4047 αὐτὸ
2951 3994 2986 4063 ἢ
3045 3995 3186 4047 κατὰ
3249 3991 3618 4061 συμϐεϐηκός·

2049 4088 2208 4142 τοῦτο
2245 4087 2301 4139 δὲ
2333 4087 2533 4141 ἄτοπον
2575 4079 2714 4136 εἶναι
2760 4081 3046 4150 πολλαχῶς
3091 4078 3384 4135 δείκνυται.
3434 4075 3623 4130 Ταῦτα

2055 4179 2155 4251 μὲν
2206 4173 2301 4232 οὖν
2349 4179 2446 4231 καὶ
2501 4175 2569 4230 τὰ
2629 4171 2858 4228 τοιαῦτα
2909 4172 3024 4227 τῶν
3090 4170 3371 4238 ὀνομάτων
3430 4167 3623 4222 τοῦτον

2051 4272 2197 4342 ἔχειν
2230 4269 2307 4340 (5)
2335 4271 2424 4322 τὸν
2450 4267 2670 4338 τρόπον’
2702 4265 2741 4319 ἂι
2767 4265 2823 4318 δέ
2857 4281 2920 4331 γε
2948 4267 3088 4334 πρὸς
3117 4263 3183 4317 τὰ
3210 4262 3342 4316 εἴσω
3375 4261 3620 4328 λέγεται,

2049 4362 2085 4417 ἃ
2115 4362 2208 4416 καὶ
2243 4358 2625 4429 ἀπολελυμένα
2657 4357 2910 4412 καλεῖται
2950 4355 3044 4408 καὶ
3073 4353 3389 4422 τελειότητα
3419 4352 3627 4418 σημαί-

359 4433 565 4494 αὺοισι.
603 4436 730 4518 llaec
769 4437 954 4507 itaque
986 4447 1043 4494 et
1071 4439 1271 4493 similia
1309 4439 1532 4493 nomina
1574 4442 1721 4494 hunc
1753 4441 1806 4494 in
1833 4456 1942 4496 mo-

2053 4471 2158 4518 νει,
2175 4451 2349 4506 ταῦτα
2383 4451 2437 4504 δὲ
2463 4451 2638 4504 πάντα
2665 4449 2856 4502 ταυτὸν
2882 4441 3019 4500 εἶναι
3047 4449 3112 4516 τῇ
3131 4443 3314 4514 οὐσίᾳ,
3334 4443 3625 4513 πράγματι

357 4533 512 4584 »Λυιη
558 4516 637 4584 se
674 4529 897 4585 habent.
951 4523 1089 4597 Quae
1144 4532 1210 4586 ad
1245 4532 1387 4586 intra
1414 4531 1698 4598 dicuntur,
1733 4548 1854 4601 qua:
1881 4542 1947 4588 et

358 4623 633 4677 absoluta
664 4631 935 4676 vocantur
970 4631 1026 4676 et
1061 4623 1452 4692 perfectionem
1477 4623 1809 4693 signiﬁcant,
1834 4622 1950 4678 haec

357 4713 568 4766 munia
616 4713 762 4766 idem
821 4722 951 4767 sunt
1005 4729 1131 4768 cum
1189 4715 1454 4781 essentia,
1497 4715 1802 4768 secundum
1835 4729 1952 4770 rem

363 4805 523 4858 nihil
591 4805 661 4859 ab
716 4805 956 4860 invicem
1002 4814 1059 4860 et
1099 4807 1170 4860 ab
1197 4807 1313 4875 ipsa
1339 4807 1588 4860 essentia
1615 4806 1948 4870 differentia,

371 4896 690 4950 secundum
719 4897 988 4950 rationem
1042 4906 1253 4951 tantum
1288 4897 1544 4952 distincta
1569 4915 1584 4963 ;
1613 4913 1738 4953 nam
1765 4912 1952 4952 essen-

364 4989 596 5042 :tialium
632 4989 736 5041 alia
766 4989 1098 5057 positionem
1121 4990 1228 5042 alia
1250 4988 1952 5060 negationemexprimunt,

386 5081 492 5132 alia
522 5081 613 5132 uni
653 5079 872 5133 cuidam
910 5095 1160 5148 persona:
1190 5083 1602 5145 attribuuntur,
1634 5095 1743 5134 non
1772 5091 1954 5134 tamen

365 5167 506 5236 rejus
535 5179 663 5221 sunt
696 5170 964 5238 propria,
1025 5171 1132 5222 alia
1167 5170 1495 5239 simpliciter
1520 5172 1857 5224 communia.
1890 5169 1956 5223 Et

365 5257 642 5313 similiter
693 5259 747 5312 in
777 5262 1161 5328 persuttalibus
1197 5263 1424 5316 tesseris
1457 5262 1561 5315 alia
1594 5263 1953 5330 positionem,

367 5352 491 5404 alia
555 5351 901 5419 uegatioaem
964 5354 1250 5417 denotant,
1293 5353 1394 5405 alia
1428 5368 1718 5422 personam
1745 5352 1958 5406 consti~

366 5451 573 5506 .tuunt,
636 5445 742 5498 alia
805 5461 916 5499 non
973 5445 1318 5500 constituunt
1369 5459 1695 5514 personant;
1749 5457 1805 5498 et
1841 5445 1957 5498 haec

462 5579 538 5646 (l)
573 5580 664 5634 Sic
685 5595 906 5635 rursum
941 5581 1182 5636 codices.

462 5650 541 5717 (2)
577 5651 692 5725 _Sic
743 5662 892 5708 recte
919 5652 1100 5725 Mare.
1137 5657 1173 5708 ί.
1204 5652 1309 5721 θῦς
1340 5651 1482 5708 Men.
1513 5665 1644 5708 vero
1674 5651 1714 5706 ί.
1745 5649 1853 5704 ⁸228
1879 5663 1907 5705 a
1942 5665 1966 5701 :.

373 5720 707 5788 ιεξργμένου.
919 5720 926 5725 ’
1298 5720 1301 5721 ⁷
1596 5775 1600 5780 _

2056 4545 2154 4614 μιν
2185 4543 2352 4613 μηδὲν
2386 4541 2631 4612 ἀλλήλων
2685 4539 2778 4592 καὶ
2814 4537 2913 4606 τῆς
2963 4537 3153 4598 οὐσίας
3203 4535 3379 4602 αὐτῆς
3425 4531 3619 4599 διανρὲ-

2057 4651 2236 4704 ροντα,
2271 4633 2415 4700 λόγῳ
2446 4631 2504 4683 δὲ.
2545 4630 2689 4700 μόνῳ
2723 4630 2800 4698 (4)
2835 4627 3220 4696 διακρινόμενα
3241 4641 3254 4654 ·
3283 4625 3389 4677 τῶν
3421 4640 3477 4676 τε
3510 4625 3628 4692 γὰρ

2053 4721 2328 4775 οὐσιωδὼν
2368 4721 2436 4773 τά
2459 4736 2520 4772 τε
2547 4719 2717 4783 θέσιν,
2736 4719 2812 4772 τά
2838 4736 2897 4770 τε
2929 4719 3088 4787 ἄρσιν
3124 4719 3478 4785 σημαίνοντα,
3504 4713 3635 4766 τῶν

2052 4826 2112 4864 τε
2152 4808 2301 4862 θέσιν
2348 4808 2743 4879 σημαινόντων,
2773 4807 2843 4859 τά
2873 4822 2934 4858 τε
2981 4805 3343 4875 ἀποδιδόμενα
3387 4803 3465 4856 ἐνί
3514 4819 3634 4854 τινι

2055 4900 2358 4971 προσώπῳ,
2395 4900 2472 4970 μὴ
2506 4900 2690 4969 μέντοι
2711 4895 2877 4950 αὐτοῦ
2912 4896 3018 4949 ἴδια
3055 4896 3203 4958 ὄντα,
3245 4895 3314 4946 τά
3339 4910 3397 4945 τε
3428 4893 3633 4954 ἁπλῶς

2056 4993 2231 5046 κοινά*
2257 4993 2352 5045 καὶ
2381 4991 2488 5044 τῶν
2522 4991 2922 5060 γνωρισμάτων
2951 4989 3154 5058 ὁμοίως
3182 4987 3250 5040 τά
3272 5003 3330 5037 τε
3357 4985 3530 5047 Θέσιν,
3554 4986 3636 5038 τά.

2055 5099 2115 5135 τε
2148 5081 2307 5150 ἄρσιν
2357 5079 2642 5150 δηλοῦντα,
2673 5081 2768 5132 καὶ
2815 5080 2884 5132 τά
2928 5095 2986 5130 τε
3021 5075 3355 5127 συνιστῶντα
3395 5076 3637 5143 πρόσω-

2059 5190 2177 5237 πον,
2226 5174 2296 5225 τά
2347 5189 2407 5224 τε
2459 5171 2534 5242 μὴ
2586 5171 2941 5233 συνιστῶντα,
2989 5169 3159 5221 ταῦτα
3208 5168 3384 5220 πάντα
3423 5164 3630 5217 ταυτὸν

2059 5261 2196 5316 εἶναι
2232 5266 2517 5334 πράγματι
2555 5267 2623 5334 τῇ
2660 5262 2780 5333 θείᾳ
2808 5263 2968 5331 οὐσίᾳ
2995 5261 3134 5330 πλὴν
3157 5261 3279 5312 ὅσον
3307 5261 3375 5310 τὰ
3400 5256 3498 5325 μὲν
3530 5255 3632 5307 θε-

2058 5359 2184 5410 τικά
2205 5357 2514 5425 τελειότητά
2540 5372 2662 5409 τινα
2692 5359 2748 5408 ἐν
2779 5356 2916 5421 αὐτῇ
2944 5353 3173 5420 τιθέναι,
3201 5349 3270 5402 τὰ
3296 5347 3636 5414 δ”ἀφαιρεῐῡ

2059 5451 2304 5512 ἀτελείας
2333 5450 2429 5502 ἀπ’
2457 5448 2628 5517 αὐτῆς
2662 5447 2744 5518 (τὸ
2772 5447 2879 5514 γὰρ
2913 5446 3192 5515 ἄφθαρτον
3228 5442 3322 5497 καὶ
3349 5439 3634 5496 ἀθάνατον

2131 5591 2207 5659 (5)
2234 5589 2324 5643 Sic
2348 5589 2534 5654 Mure,
2555 5587 2695 5659 Moti.
2723 5587 2856 5655 ἔχει.

2131 5655 2206 5730 (4)
2239 5661 2331 5716 Sic
2353 5659 2542 5723 Mare,
2577 5658 2774 5712 Monac
2807 5673 2821 5710 :
2862 5655 3045 5723 μόνον.
