3900 6216
229 361 320 425 15Ἲ
1237 349 1681 418 ΒΕῈΙῙΤΑΤῘΟ
1726 358 1810 416 M.‘

1914 358 1965 416 ξι
1988 355 2330 447 .EPIIESIN
2348 361 2390 418 ι.

3391 362 3492 430 158

223 477 432 531 τιθέναι
465 472 563 543 μὲν
600 469 780 535 οὐδὲν,
813 469 1020 539 φθορὰν
1065 470 1252 539 μέντοι
1285 475 1378 525 καὶ
1412 473 1646 528 θάνατον
1678 475 1804 528 ἀτε-

1914 475 2093 528 omnia
2147 475 2452 529 secundum
2513 487 2625 528 rem
2681 474 2825 528 idem
2851 481 2981 528 sunt
3013 487 3137 528 cum
3183 473 3372 530 divina
3401 491 3491 530 e-

222 569 380 629 λείας
404 564 559 626 τινὰς
587 563 720 616 ὄντα
749 564 1004 630 ἀφαιρεῖν
1033 563 1128 616 ἀπ’
1157 564 1378 634 ἐκείνης
1398 566 1499 634 τῆς
1530 567 1806 636 μακαρίας

223 657 318 710 καὶ
340 655 496 717 θείας
525 652 760 720 οὑσίας)·
779 651 952 713 οὕτως
978 649 1072 704 οὖν
1097 653 1156 706 ἓν
1175 671 1226 707 τι
1251 657 1346 706 καὶ
1371 655 1566 708 ταυτὸν
1591 650 1809 709 ἅπαντα

221 745 401 801 ταῦτα
436 745 506 797 ’τὰ
529 744 774 812 ὀνόματα
807 743 1100 810 σημαίνειν
1129 745 1224 798 καὶ
1253 747 1449 799 ταυτὸν
1477 747 1606 800 ὄντα
1630 747 1809 816 πράγ-

227 851 364 904 ματι
394 827 462 902 τῇ
500 831 622 901 θείᾳ
643 832 802 901 οὐσία
836 833 918 894 εις
947 834 1148 886 ταυτὸν
1181 835 1318 906 αὐτῇ
1344 836 1501 904 ἥκειν
1535 835 1678 904 λόγῳ
1711 837 1809 906 μό·

221 940 313 974 νον
342 923 562 990 ἐκείνης
589 921 1003 990 διακρινόμενα,
1028 923 1286 990 λέγεσθαι
1313 927 1496 994 μέντοι
1523 925 1650 994 περὶ
1671 924 1808 978 Θεοῦ

220 1015 291 1066 τὰ
342 1013 585 1066 τοσαῦτα
630 1013 726 1066 καὶ
775 1013 1006 1066 τοιαῦτα
1057 1015 1302 1083 ὀνόματα
1352 1017 1461 1070 οὐδ’
1498 1018 1808 1087 ὁμωνύμως

217 1106 347 1160 οὕτε
381 1106 718 1176 συνωνύμως
746 1104 870 1158 οὗτε
903 1105 1299 1174 πολυωνύμως,
1327 1107 1444 1159 ἀλλ’
1467 1107 1808 1176 ἀναλογικῶς

223 1198 420 1266 μόνον’
452 1196 513 1248 οὑ
546 1195 671 1250 καθ’
703 1195 764 1248 ὃν
795 1195 998 1266 τρόπον
1026 1195 1120 1248 δύο
1142 1195 1263 1248 τινὰ
1296 1195 1444 1264 ἥκαὶ
1470 1199 1646 1250 ’πλείω
1673 1200 1810 1269 πρὸς

218 1290 278 1342 ἓν
308 1308 368 1342 τι
413 1289 590 1342 κοινδν
635 1279 1030 1358 ἀναφέρονται,
1079 1287 1214 1341 ἀλλὰ
1267 1289 1391 1342 καθ’
1424 1289 1484 1342 ὃν
1529 1290 1624 1344 δύο
1648 1291 1809 1344 τινῶν

217 1380 384 1444 τάξις
424 1379 521 1433 καὶ
557 1379 844 1446 συστοιχία
875 1378 1377 1447 καταλαμόάνεται,
1413 1380 1474 1433 οὑ
1516 1382 1646 1450 πρὸς
1692 1384 1810 1434 ἓτε-

218 1474 316 1540 ρόν
351 1487 430 1533 τι,
465 1468 602 1523 ἀλλά
650 1469 786 1540 πρὸς
817 1469 876 1522 τὸ
927 1467 1114 1539 ἕτερον
1145 1470 1324 1523 αὐτῶν
1349 1486 1366 1503 ⁶
1393 1471 1582 1541 ὥσπερ
1625 1475 1685 1526 τὸ
1738 1473 1811 1528 ὃν

215 1561 374 1614 κατὰ
401 1559 504 1628 τῆς
538 1559 722 1622 οὐσίαις
774 1560 875 1612 καὶ
915 1559 1010 1611 τοῦ
1047 1559 1453 1629 συμϐεϐηκότος
1486 1567 1811 1634 κατηγορεῖ-

216 1665 334 1718 ται,
371 1650 605 1704 καθόσον
636 1651 698 1702 τὸ
733 1649 1084 1719 συμεεδη-κὺς
1111 1651 1362 1716 σύνταξιν
1401 1651 1514 1722 ἔχει
1543 1655 1680 1723 πρὸς
1708 1656 1810 1723 τὴν

214 1747 442 1811 οὐσίαν,
475 1746 538 1800 οὑ
565 1746 796 1824 καθόσον
826 1746 858 1814 ἡ
893 1746 1056 1798 οὐσία
1091 1745 1268 1799 καὶτὸ
1298 1748 1649 1818 συμϐεϐηκὸς
1676 1749 1808 1800 ἀνα-

215 1835 503 1905 φέρονται
551 1815 688 1902 πρδς
737 1831 866 1885 ἄλλο
921 1845 972 1885 τι
1024 1831 1228 1901 τρίτον.
1264 1815 1382 1886 Τοῦν
1421 1833 1478 1887 δὲ
1526 1815 1804 1899 τοσούτοις
1834 1815 1881 1873 Β

215 1925 462 1993 ὀνόμασι
492 1923 554 1975 τὸ
582 1923 641 1978 ἐν
672 1923 852 1976 ἐκεῖνο
874 1924 972 1976 καὶ
999 1923 1376 1978 ἁπλούστατον
1402 1927 1497 1979 καὶ
1534 1925 1718 1998 ἄκρως
1739 1927 1806 1982 ἓν

217 2008 620 2079 ὀνομάζεσθαι,
665 2012 764 2080 τήν
809 2008 859 2062 τ’
895 2011 1111 2064 ἐκείνου
1157 2013 1437 2082 ἀπειρίαν,
1473 2015 1575 2082 τήν
1614 2033 1672 2069 τε
1711 2017 1805 2071 τοῦ

220 2099 502 2170 ἡμετέρου
537 2099 631 2153 νοῦ
664 2100 953 2154 ἀσθένειαν
985 2101 1157 2156 αἴτιον
1194 2093 1336 2157 εἶναι
1373 2105 1432 2159 ὃν
1481 2109 1582 2160 οὑκ
1633 2108 1807 2172 ἄλλως

222 2191 362 2243 αὑτὸ
390 2191 422 2260 ἢ
460 2190 549 2242 διὰ
584 2191 696 2244 τῶν
724 2191 1184 2260 ἀποτελεσμάτων
1214 2197 1544 2263 γιγνώσκειν
1577 2198 1810 2270 δυνάμε-

222 2298 316 2334 νον
351 2283 433 2351 (l)
462 2283 684 2352 ἀνάγκη
721 2283 1004 2353 διαφόροις
1051 2285 1314 2356 ὀνόμασιν
1352 2288 1416 2340 ἐκ
1459 2289 1567 2342 τῶν
1605 2292 1663 2343 ἐν
1696 2295 1810 2356 τοῖς

225 2372 514 2442 αἰσθητοῖς
571 2373 982 2443 εὑρισκομένων
1049 2375 1400 2446 τελειοτήτων
1452 2378 1552 2448 τὴν
1603 2382 1809 2435 ἐκείνου

223 2464 549 2531 τελειότητα
579 2463 887 2532 σημαίνειν.
913 2465 978 2517 Et
1000 2466 1108 2535 γὰρ
1127 2465 1300 2536 αὐτὴν
1322 2466 1421 2537 τὴν
1447 2468 1596 2523 θείαν
1622 2471 1811 2526 οὐσίαν

226 2554 418 2618 καθὼς
449 2555 624 2617 ἐστὶν,
651 2555 974 2624 ἠδυνάμεθα
1009 2556 1358 2625 γιγνώσκειν,
1391 2559 1473 2613 ἑνὶ
1508 2563 1670 2630 μόνον
1697 2562 1812 2615 όνόο

227 2662 368 2714 ματι
395 2646 604 2714 ταύτην
633 2646 700 2698 ἂν
729 2644 1110 2715 ὲξεφαίνομεν,
1141 2646 1170 2699 ὃ
1198 2647 1262 2719 δὴ
1308 2651 1401 2702 καὶ
1433 2649 1813 2721 ὑπεσχημένον

223 2739 351 2791 ἐστὶ
382 2741 500 2801 τοῖς
532 2739 657 2792 κατ’
685 2739 876 2792 οὐσίαν
917 2739 1080 2792 αὑτὸν
1121 2740 1242 2810 ἦτοι
1289 2743 1580 2812 πρόσωπον
1608 2743 1813 2816 ὀψομέ-

224 2848 366 2895 νοιςο
393 2835 460 2886 ἐν
486 2832 598 2902 γὰρ
625 2836 694 2903 τῇ
725 2835 912 2904 ἡμέρᾳ.
934 2834 1127 2906 ἐκείνῃ
1159 2834 1314 2889 ἔσται
1345 2836 1552 2908 Κύριος
1589 2833 1688 2904 εἷς,
1721 2841 1816 2893 καὶ

1912 559 2124 631 sentia;
2152 575 2392 620 attamen
2422 566 2526 620 alia
2555 564 2841 634 (positiva)
2867 565 3263 634 perfectiOnem
3293 580 3488 635 qnam-

1923 656 2046 710 dam
2078 658 2131 710 in
2197 671 2259 710 ea
2292 664 2523 725 ponunt.
2554 658 2659 710 alia
2711 654 3004 725 (negativa)
3034 655 3486 725 imperfectiones

1912 747 1980 800 ab
2015 761 2078 800 ea
2111 755 2394 800 removent
2432 748 2583 815 (nam
2630 747 3131 814 incorruptibilitas
3172 755 3227 800 et
3252 747 3485 800 immor-

1913 839 2095 891 talitas
2125 835 2262 890 nihil
2312 846 2550 905 ponunt,
2592 837 3008 904 corruptionem
3033 845 3215 890 tamen
3253 845 3485 890 ctmor-

1914 939 2044 995 tem,
2099 942 2222 998 quae
2274 936 2404 982 sunt
2462 926 2912 996 imperfectiones
2955 927 3228 996 quaedam,
3261 941 3291 979 a
3326 927 3486 981 beata

1913 1021 2002 1074 illa
2053 1030 2111 1073 et
2169 1019 2353 1073 divina
2407 1017 2717 1072 substantia
2759 1018 3104 1085 excludunt).
3161 1017 3278 1071 Tali
3317 1018 3486 1087 igitur

1913 1117 2072 1178 pacto
2130 1109 2315 1162 omnia
2370 1107 2475 1162 ista
2536 1107 2762 1162 nomina
2787 1122 2957 1161 unum
2991 1107 3247 1177 idemque
3277 1109 3487 1177 signiti-

1912 1209 2038 1252 cant
2068 1209 2122 1252 et
2153 1199 2296 1252 idem
2329 1212 2454 1251 cum
2486 1197 2793 1252 secundum
2857 1210 2972 1252 rem
3007 1197 3117 1251 sint
3144 1213 3267 1252 cum
3295 1198 3483 1254 divina

1913 1291 2258 1355 substantia,
2330 1291 2386 1344 in
2440 1290 2586 1344 idem
2650 1305 2775 1344 cum
2826 1301 2891 1344 ea
2930 1289 3206 1356 recidunt,
3265 1292 3483 1346 ratione

1914 1379 2294 1434 tantummodo
2344 1379 2414 1432 ab
2453 1393 2514 1432 ea
2547 1377 2841 1432 distincta.
2880 1378 3154 1432 Dicuntur
3187 1386 3376 1432 tamen
3412 1379 3484 1432 de

1911 1471 2023 1526 Deo
2081 1478 2160 1523 tot
2219 1477 2275 1524 et
2335 1467 2466 1523 talia
2506 1468 2732 1534 nomina
2767 1481 2944 1536 neque
2971 1467 3273 1536 equivoce,
3304 1481 3487 1536 neque

1913 1563 2145 1615 univoce
2211 1574 2392 1629 neque
2451 1559 2770 1622 multivoce,
2805 1559 2901 1612 sed
2933 1559 3217 1628 analogice
3247 1566 3484 1621 tantum,

1913 1665 2021 1706 non
2082 1650 2385 1705 secundum
2443 1664 2572 1704 eum
2631 1647 2872 1713 modum,
2928 1664 3038 1719 quo
3091 1650 3202 1704 duo
3233 1649 3486 1720 quaedam

1914 1743 1998 1796 vel
2056 1743 2224 1797 etiam
2271 1743 2429 1812 plura
2494 1742 2561 1796 ad
2617 1755 2788 1795 unum
2843 1741 3123 1810 quoddam
3166 1736 3490 1796 referuntur

1909 1848 2225 1898 commune,
2255 1833 2349 1887 sed
2383 1831 2686 1888 secundum
2717 1845 2866 1896 eum,
2911 1845 3024 1898 quo
3053 1829 3291 1884 duorum
3349 1829 3490 1899 quo-

1909 1926 2157 1980 rumdam
2178 1925 2316 1980 ordo
2341 1934 2398 1980 et
2425 1923 2700 1979 connexio
2736 1922 3067 1992 intelligitur
3121 1937 3235 1976 non
3272 1920 3340 1976 ad
3369 1921 3487 1974 ali-

1908 2016 2040 2086 quid
2068 2016 2369 2080 diversum,
2401 2014 2498 2069 sed
2522 2013 2590 2069 ad
2626 2015 2858 2068 alterum
2882 2027 3103 2079 eorum,
3128 2011 3488 2082 quemadmo-

1909 2109 2037 2163 dum
2059 2125 2172 2163 εδει
2209 2108 2538 2178 praedicatur
2569 2107 2636 2161 de
2661 2106 2969 2161 substantia
3001 2115 3056 2160 et
3086 2105 3157 2159 de
3187 2103 3486 2169 accidenti,

1909 2202 1964 2256 in
1998 2210 2268 2270 quantum
2301 2198 2559 2254 accidens
2598 2197 3045 2267 conjunctionem
3074 2197 3242 2251 habet
3264 2196 3330 2250 ad
3349 2200 3489 2251 sub-

1910 2293 2189 2355 stantiam,
2223 2305 2330 2345 non
2355 2290 2408 2342 in
2429 2297 2692 2357 quantum
2719 2287 3026 2342 substantia
3048 2297 3104 2342 et
3133 2286 3394 2341 accidens
3412 2286 3484 2341 ad

1911 2383 2115 2452 aliquid
2148 2383 2374 2435 tertium
2407 2381 2748 2432 referuntur.
2795 2376 2952 2440 Quod
2992 2387 3176 2430 autem
3203 2383 3285 2430 tot
3307 2376 3491 2430 nomi-

1914 2474 2076 2528 nibus
2125 2472 2257 2526 illud
2298 2485 2471 2525 unum
2527 2476 2584 2524 et
2609 2466 3080 2536 simplicissimum
3129 2474 3192 2520 et
3247 2466 3490 2522 maxime

1915 2580 1980 2620 ac
2038 2563 2390 2633 singulariter
2441 2575 2613 2614 unum
2644 2557 2988 2622 nominatur,
3029 2571 3194 2611 causa
3229 2564 3316 2612 est
3370 2566 3492 2615 tum

1916 2656 2062 2710 illius
2115 2651 2484 2713 immensitas,
2536 2660 2653 2702 tum
2708 2646 3001 2701 inﬁrmitas
3031 2646 3234 2701 mentis
3261 2655 3488 2714 nostrae,

1915 2760 2037 2814 quae
2089 2758 2218 2797 cum
2274 2743 2438 2796 aliter
2503 2740 2638 2794 illud
2665 2752 3004 2809 cognoscere
3049 2748 3291 2810 nequeat
3319 2754 3490 2810 quam

1917 2849 2016 2904 per
2036 2833 2156 2903 ejus
2185 2831 2438 2892 ell'ectus,
2467 2828 2705 2883 diversis
2754 2825 3072 2881 nominibus
3104 2841 3170 2880 ex
3197 2825 3492 2895 perfectio-

223 2925 287 2976 τὸ
310 2924 496 2993 ὄνομα
521 2924 692 2979 αὑτοῦ
717 2923 804 2990 ἓν,
839 2924 1008 2993 φησιν
1043 2927 1070 2977 ό
1090 2927 1240 2990 θεῖος
1262 2928 1540 2997 Ζαχαρίας
1571 2929 1672 3001 (Ω).
1706 2932 1810 2985 Καὶ

1919 2925 2105 2986 nibus,
2132 2939 2253 2993 qua:
2283 2924 2338 2976 in
2368 2921 2537 2976 relata
2573 2920 2763 2975 sensui
2807 2918 3077 2990 subjectis
3105 2918 3491 2986 inveniuntur,

222 3012 348 3068 οἰδα
412 3016 514 3084 μὲν
541 3016 626 3068 ὅτι
673 3015 810 3086 πρὸς
841 3015 1016 3069 ταῦτα
1050 3017 1410 3086 κεκράξονταί
1437 3037 1498 3072 τε
1530 3023 1626 3074 καὶ
1643 3021 1810 3092 βοῶν·

1923 3015 2069 3069 illius
2096 3012 2495 3084 perfectionem
2541 3010 2792 3079 designet
2852 3022 3077 3064 necesse
3097 3018 3213 3062 est.
3244 3005 3307 3062 .Si
3336 3009 3489 3063 enim

221 3124 322 3170 τις
384 3109 439 3160 οἱ
493 3108 730 3162 ἐναντίοι
768 3108 1252 3178 διαρῤαγήσονται,
1293 3110 1388 3163 καὶ
1423 3111 1642 3180 μάλιστ’
1687 3115 1810 3167 ὅταν

1923 3106 2096 3176 ipsam
2150 3105 2393 3160 divinam
2439 3103 2764 3166 essentiam,
2833 3099 2994 3156 sicuti
3028 3109 3134 3165 est,
3157 3114 3492 3171 cognoscere

223 3198 296 3251 τά
319 3213 383 3248 τε
425 3196 692 3265 εἰρημένα
735 3196 977 3266 ὀνόματα
1020 3197 1162 3268 λόγῳ
1217 3197 1385 3270 μόνῳ,
1430 3200 1490 3252 οὑ
1524 3201 1810 3272 πράγματι

1922 3210 2228 3268 possemus,
2283 3210 2393 3248 uno
2425 3192 2632 3256 ,solum
2695 3191 2928 3245 nomine
2978 3205 3099 3246 eam
3129 3198 3489 3258 nota-remus,

225 3289 328 3355 τῆς
377 3288 538 3350 θείας
571 3287 768 3350 οὐσίας
810 3289 1054 3341 ἀκούωσι
1100 3289 1492 3360 διακρίνεσθαι,
1529 3295 1682 3348 αὑτοὶ
1721 3295 1816 3349 καὶ

226 3377 523 3447 πράγματι
551 3376 734 3438 ἀθέως
768 3378 908 3430 αὐτὰ
935 3378 1324 3449 διακρίνοντες,
1361 3383 1455 3436 καὶ
1489 3383 1563 3446 ὡς
1592 3386 1651 3438 τὸ
1682 3401 1816 3456 προ-

223 3468 458 3522 όάλλειν
494 3467 556 3519 οὑ
603 3466 698 3519 τοῦ
748 3467 960 3538 Πατρός
989 3471 1141 3522 ἐστιν
1172 3469 1326 3536 ῐδιον,
1348 3471 1468 3524 οὐδὲ
1504 3474 1564 3524 τὸ
1592 3474 1813 3543 πρόσω-

229 3578 333 3613 πον
363 3559 534 3613 αὑτοῦ
567 3558 856 3625 συνιστῶν,
885 3559 1022 3612 ἀλλὰ
1056 3560 1272 3631 Πατρδς
1295 3564 1391 3614 καὶ
1421 3562 1575 3628 Υίοῦ,
1609 3565 1705 3618 καὶ
1740 3564 1816 3628 ὡς

225 3655 336 3724 ἤδη
412 3653 528 3714 τοῖς
602 3650 918 3721 προσώποις
973 3651 1276 3720 ὑφεστῶσιν
1325 3653 1616 3723 ἑπόμενον,
1660 3656 1815 3708 αὐτοὶ

231 3745 368 3798 ίδιόν
397 3761 459 3796 τε
491 3742 587 3796 τοῦ
620 3743 832 3812 ῐιατρὸς
879 3743 973 3796 καὶ
1013 3743 1340 3796 συστατικδν
1383 3745 1519 3797 αὐτὸ
1562 3746 1813 3815 νομίζον-

227 3853 321 3898 τες
357 3835 437 3905 (ὅ)
479 3836 572 3887 καὶ
601 3835 749 3904 ἡμᾶς
787 3834 848 3886 τὸ
880 3833 1217 3903 ζητούμενον
1241 3835 1538 3904 λαμϐάνειν
1573 3836 1814 3905 οἰόμενοι

228 3931 331 3981 καὶ
359 3929 416 3978 τὸ
447 3927 506 3978 ἐν
537 3925 678 3996 ἀρχῇ
703 3924 1002 3978 αἰτεῖσθαι.
1049 3922 1190 3976 Ἀλλ’
1219 3925 1392 3988 οὐδεὶς
1421 3924 1603 3979 αὑτῶν
1634 3925 1810 3992 λόγος’

229 4019 394 4084 ἡμεῖς
426 4032 489 4068 τε
517 4016 626 4085 γὰρ
649 4016 706 4068 ἐν
740 4015 923 4078 ἄλλοις
954 4015 1082 4084 περὶ
1113 4015 1294 4068 αὑτῶν
1330 4015 1532 4078 ἱκανῶς
1579 4016 1812 4084 διειλέγ-

232 4110 396 4176 μεθα,
425 4107 528 4160 οὐκ
559 4105 728 4175 ὀλίγοι
755 4123 814 4159 τε
845 4107 954 4160 τῶν
993 4107 1316 4176 φθασάντων
1347 4108 1493 4177 ἡμᾶς
1531 4108 1814 4177 μακαρίων

229 4197 327 4248 καὶ
377 4193 544 4246 θείων
571 4193 779 4263 ἀνδρῶν
807 4193 1019 4265 ἄριστά
1049 4212 1108 4246 τε
1144 4195 1239 4248 καὶ
1267 4195 1582 4264 σαφέστατα
1614 4196 1810 4262 ταῦτα,

229 4285 307 4348 ὡς
340 4285 470 4352 μηδ’
491 4286 689 4338 ἐνεῖναι
718 4284 854 4348 ὅλως
885 4285 1228 4354 ἀντιϐλέψαι,
1253 4285 1690 4355 ἀποδεδείχασιν,
1726 4286 1762 4339 ἃ.
1785 4287 1813 4337 ό

235 4375 566 4444 βουλόμενος
594 4375 836 4445 ζητήσας
864 4375 1110 4446 εὑρήσει.
1143 4375 1408 4429 Ἐνταῦθα
1440 4375 1514 4445 (4)
1545 4380 1652 4445 γὰρ
1681 4378 1814 4446 βρα-

1915 3287 2064 3360 quod
2118 3295 2176 3342 et
2223 3284 2561 3355 promissum
2620 3288 2705 3336 est
2738 3281 2826 3346 iis,
2851 3281 2951 3350 qui
2984 3282 3155 3336 Deum
3184 3283 3492 3338 secundum

1914 3380 2216 3436 essentiam
2272 3376 2356 3431 vel
2401 3374 2540 3428 facie
2571 3372 2638 3426 ad
2671 3372 2864 3426 faciem
2900 3372 3071 3426 visuri
3108 3383 3293 3428 erant.
3327 3373 3489 3438 Nam,

1915 3483 1976 3526 ut
2025 3471 2187 3526 divus
2237 3465 2533 3522 Zacharias
2584 3463 2686 3527 ait,
2718 3463 2780 3517 In
2813 3462 2911 3516 illa
2939 3463 3025 3515 die
3057 3461 3316 3516 Dominus
3351 3480 3497 3519 unus

1914 3565 2040 3626 erit,
2108 3573 2156 3616 et
2222 3575 2410 3614 nomen
2446 3559 2560 3627 ejus
2597 3571 2782 3608 unum.
2814 3553 2975 3619 Novi,
3003 3553 3148 3622 quod
3175 3554 3488 3610 adversarii

1915 3661 2106 3708 contra
2138 3652 2254 3705 hate
2287 3646 2662 3704 inclamabant
2685 3657 2740 3699 et
2780 3643 2892 3698 alta
2918 3659 3050 3699 voce
3086 3645 3490 3701 tumultuantes

1914 3743 2258 3804 scindentur,
2305 3736 2614 3808 praesertim
2677 3735 2900 3805 quando
2931 3735 3178 3801 audiant,
3223 3737 3488 3805 pra-dicta

1914 3838 2134 3892 nomina
2166 3836 2379 3889 ratione
2410 3834 2696 3895 duntaxat,
2724 3847 2835 3886 non
2873 3847 2934 3887 re
2967 3847 2994 3885 a
3029 3831 3216 3886 divina
3243 3833 3498 3887 essentia.

1914 3926 2199 3995 distingui,
2225 3924 2355 3978 dum
2389 3923 2493 3992 ipsi
2527 3933 2583 3977 et
2626 3938 2685 3977 re
2715 3938 2780 3976 ea
2802 3922 2968 3990 impie
2995 3922 3343 3993 distinguunt
3379 3923 3494 3993 (a),.

1913 4029 1968 4074 et
2017 4019 2230 4087 spirare
2291 4029 2403 4068 non
2461 4028 2582 4068 esse
2639 4012 2819 4066 Patris
2869 4013 3156 4082 proprium
3216 4028 3320 4069 nec
3363 4015 3497 4084 ejus

1914 4123 2202 4180 personam
2261 4106 2628 4168 constituens,
2686 4118 2882 4158 verum
2935 4103 3117 4158 Patris
3172 4105 3399 4172 etFilii,
3431 4117 3496 4160 et

1910 4203 2020 4270 jam
2069 4199 2402 4254 constitutas
2435 4205 2492 4251 et
2549 4194 2913 4251 subsistentes
2940 4210 3201 4264 personas
3221 4209 3486 4264 sequens,

1915 4292 2044 4346 dum
2073 4288 2330 4360 ipsi-illud
2360 4297 2416 4343 et
2471 4288 2760 4357 premium.
2798 4284 2976 4340 Patris
3000 4294 3055 4339 et
3072 4286 3194 4355 ejus
3215 4287 3490 4340 constitu-

1917 4385 2089 4437 tivum
2137 4380 2352 4435 habent
2379 4389 2542 4448 atque
2576 4393 2678 4432 nos
2723 4376 2777 4430 id
2805 4376 2951 4446 quod
2984 4377 3037 4430 in
3071 4377 3378 4446 quaestione
3401 4384 3484 4431 est

235 4469 334 4538 χὺν
359 4483 488 4522 τινα
514 4468 714 4522 κανόνα
746 4467 1082 4537 παραδοῦναι
1107 4467 1484 4539 προῃρημένοι
1511 4468 1589 4538 (5)
1622 4468 1810 4538 ἐπίτη-

1918 4487 2201 4528 assumere
2250 4481 2308 4526 et
2360 4470 2508 4540 quod
2538 4470 2590 4522 in
2623 4468 2903 4537 principio
2931 4468 3208 4536 postulare
3247 4469 3488 4537 Opinan-

235 4560 323 4621 εες
371 4560 434 4612 τὸ
484 4559 660 4628 μῆκος
702 4559 812 4612 τῶν
850 4561 1025 4628 λόγων
1074 4560 1300 4612 ἐκείνων
1345 4560 1710 4628 ἐκφεύγοιμεν
1734 4561 1826 4624 ὡς·

236 4649 652 4720 ὁμολογούμενα
695 4649 864 4702 ταῦτα
908 4649 1347 4722 προῦποθέμενοι
1381 4651 1579 4720 πλὴνῆ
1630 4668 1812 4722 παρα-

241 4741 439 4808 μυθίας
471 4741 566 4793 καὶ
601 4742 802 4810 μικρᾶς
830 4757 976 4804 τινος
1010 4741 1174 4794 ἓνεκα
1209 4744 1336 4812 περὶ
1369 4741 1472 4811 μὲν
1505 4744 1612 4794 τῶν
1647 4742 1808 4796 θείων

239 4832 522 4901 ὀνομάτων
553 4829 711 4884 τοῦτο
739 4832 953 4900 ῥητέον,
979 4831 1054 4894 ὡς
1084 4831 1153 4884 τὰ
1191 4832 1250 4884 ἓν
1285 4850 1336 4885 τι
1367 4834 1458 4886 καὶ
1502 4834 1812 4886 ἁπλούστα-

239 4938 329 4975 τον
376 4923 616 4991 πρᾶγμα
652 4921 1009 4990 σημαίνοντα,
1049 4915 1139 4976 οἷά
1180 4925 1328 4975 ἐστιν
1373 4923 1406 4993 ἡ
1460 4922 1580 4975 θεία
1625 4923 1809 4986 οὐσία,

241 5014 298 5065 ἓν
327 5031 379 5065 τι
429 5016 525 5066 καὶ
555 5014 696 5066 αὑτὰ
753 5014 849 5065 καὶ
889 5013 1055 5066 ταυτδ
1097 5014 1388 5084 πράγματι
1422 5008 1562 5067 εἶναι
1595 5013 1808 5084 ἀνάγκη

242 5107 337 5157 καὶ
367 5105 542 5158 ταυτὰ
581 5105 869 5174 πράγματι
905 5101 1041 5158 εἶναι
1079 5106 1219 5175 μετὰ
1257 5104 1352 5157 τοῦ
1382 5105 1805 5175 σημαινομένου·

245 5199 416 5259 ἄλλως
444 5199 552 5268 γὰρ
581 5199 670 5248 καὶ
699 5199 736 5266 η
774 5197 932 5249 οὐσία
959 5198 1354 5268 συμμερίζοιτο
1379 5197 1443 5249 ἂν
1478 5200 1590 5260 τοῖς
1635 5214 1814 5267 πραγ-

313 5333 388 5404 (l)
448 5333 541 5388 Sic
592 5335 757 5390 Marc.
812 5335 853 5389 ι’.
884 5335 951 5390 63
1005 5336 1074 5401 1);
1125 5334 1337 5390 Monac.
1363 5334 1402 5388 l‘.
1431 5334 1538 5390 29.8
1574 5334 1628 5388 b.
1661 5335 1718 5397 ὃς
1746 5363 1810 5372 —

248 5401 336 5453 ζον
343 5401 545 5472 άμενος
553 5443 566 5458 .

315 5477 390 5541 (2}
417 5474 583 5530 Lach.
604 5490 677 5528 xu
712 5475 773 5545 (δ’
793 5473 958 5546 XIV),
991 5489 1041 5529 ν.
1071 5474 1126 5529 9.

315 5589 388 5659 (α)
439 5587 553 5644 Hoc
604 5590 895 5646 Palamitas
945 5594 1186 5662 respicit,
1243 5607 1481 5661 quorum
1530 5593 1630 5647 hac
1673 5592 1729 5647 in
1751 5609 1809 5648 re

252 5673 486 5733 errorem
517 5662 816 5733 traducunt
839 5662 1268 5733 Georg.'l‘rapez.
1286 5664 1350 5716 ad
1366 5663 1804 5718 Joan.l.‘uhicles.

257 5730 330 5781 De
378 5730 535 5784 Proc.
605 5731 792 5794 Spirit.
835 5730 1043 5801 sancti.
1105 5730 1165 5788 cI
1201 5737 1254 5787 υ.
1279 5733 1372 5786 Gr.
1397 5738 1540 5788 orth.
1576 5735 1644 5786 'l‘.
1670 5735 1710 5800 Ι,
1747 5749 1802 5800 υ.

1917 4574 2031 4618 tur.
2082 4563 2189 4618 Sed
2236 4563 2382 4616 nulla
2417 4577 2640 4630 prorsus
2665 4567 2755 4614 est
2779 4573 2970 4613 eorum
3006 4559 3165 4612 ratio.
3195 4559 3330 4613 Nam
3367 4570 3480 4614 tum

1913 4671 2017 4710 nos
2037 4654 2168 4709 alibi
2205 4653 2380 4707 dehis
2408 4651 2742 4706 sullicientcr
2770 4649 3004 4718 egimus,
3038 4658 3152 4702 tum
3179 4651 3344 4705 etiam
3372 4667 3490 4706 non.

1915 4745 2074 4814 pauci
2138 4757 2333 4798 eorum
2389 4742 2482 4810 qui
2543 4755 2649 4794 nos
2724 4748 3130 4808 praeesserunt
3197 4739 3486 4795 beatorum

1921 4844 2347 4902 sanctorumque
2403 4833 2646 4886 virorum
2708 4832 2916 4901 optime
2977 4838 3034 4884 et
3093 4829 3400 4886 clarissime
3432 4832 3491 4886 id

1920 4924 2302 4985 ostenderunt,
2359 4923 2430 4976 ita
2484 4931 2542 4976 ut
2598 4921 2750 4975 nullo
2784 4920 2948 4974 modo
2983 4921 3145 4975 liceat
3173 4921 3485 4983 adversari,

1919 5029 2038 5083 qua:
2089 5014 2184 5082 qui
2220 5012 2481 5078 voluerit,
2529 5013 2576 5068 si
2610 5012 2825 5082 quazrit,
2896 5012 3156 5064 inveniet.
3211 5010 3309 5064 Hic
3338 5010 3490 5064 enim

1919 5105 2141 5158 brevem
2174 5103 2464 5171 quemdam
2518 5117 2783 5155 canonem
2829 5103 3046 5154 tradere
3077 5101 3258 5168 potius
3281 5098 3490 5152 habenv

1923 5204 2005 5251 tes
2054 5193 2238 5249 studio
2287 5194 2667 5249 extensionem
2706 5193 2924 5271 illorum
2962 5205 3272 5245 sermonem
3308 5191 3489 5244 vitare

1998 5335 2077 5404 (ὖ)
2116 5334 2284 5386 Marc.
2317 5332 2356 5386 ί.
2387 5332 2453 5384 6-1
2479 5347 2532 5394 a,
2557 5331 2935 5401 ὀνομάζοντες.

1995 5403 2069 5474 (4)
2110 5405 2322 5457 Monac.
2361 5404 2400 5454 Γ.
2443 5405 2544 5455 2:21;
2570 5421 2621 5464 ιι,
2649 5403 2902 5456 ἐνταῦτα.

1999 5477 2075 5544 \5)
2109 5477 2198 5529 Sic
2230 5475 2427 5536 Marc.;
2454 5475 2664 5527 Men-ac.
2698 5474 2862 5525 habet
2890 5474 3309 5544 προειρημένον.

1918 5593 2276 5717 ξβῦιπιίἰιίμιοῖ
2307 5593 2374 5645 de
2399 5593 2602 5663 quibus
2638 5592 2829 5648 confer
2864 5593 3024 5648 Allat.
3065 5593 3239 5650 Graec.
3267 5588 3493 5648 orthod.

1971 5701 1982 5714 .
2045 5679 2138 5717 ,ιιι
2189 5679 2413 5717 caccm.

1971 5701 1982 5714 .
2020 5679 2057 5729 ι,
2087 5679 2150 5717 au
2189 5679 2413 5717 calcem.
