3900 6216
375 335 481 409 159.

1746 330 2272 432 BESSARIONIS

3538 321 3644 390 160

371 445 652 504 volumus.
686 443 942 502 Attamen
968 446 1063 504 vel
1113 445 1516 502 exhortationis
1554 444 1674 502 sive
1703 416 1948 501 consola-

2062 444 2308 515 ματικῶς
2339 442 2588 515 ἀλλήλων
2624 438 3070 512 διακεκριμένοις
3121 439 3354 509 ὀνόμασι
3410 439 3507 493 καὶ
3549 457 3644 496 τοο

370 537 543 593 tionis
592 537 698 593 etsi
754 553 936 608 parva;
966 537 1138 605 gratia
1171 538 1241 593 de
1266 538 1471 594 divinis
1495 537 1813 594 nominibus
1836 538 1944 593 hoc

372 628 674 685 dicendum
701 637 808 692 est,
840 643 906 683 ea
935 642 1058 698 quae
1112 644 1228 685 rem
1260 630 1502 699 aliquam
1536 645 1700 685 unam
1732 640 1787 684 et
1811 644 1948 684 sun-

375 720 731 791 plieissimam
762 719 1091 789 signiﬁcant,
1148 720 1453 791 cuiusmodi
1506 732 1594 776 est
1641 721 1827 775 divina
1861 734 1950 774 es-

372 810 567 875 sentia,
628 825 692 865 ea
746 812 916 865 unum
948 810 1161 879 aliquid
1195 822 1252 866 et
1303 811 1449 866 idem
1487 811 1793 867 secundum
1828 825 1947 864 rem

372 911 426 961 et
490 901 684 957 eadem
738 916 864 956 cum
919 901 1228 971 signiﬁcato
1257 903 1480 957 realiter
1511 917 1637 957 esse
1662 910 1948 972 oportere.

369 989 544 1045 Secus
575 989 721 1044 enim
764 1000 818 1046 et
853 992 1095 1047 essentia
1152 992 1313 1046 simul
1340 991 1682 1047 divideretur
1709 1007 1833 1045 cum
1861 991 1950 1055 iis,

371 1097 493 1151 quae
524 1082 746 1159 realiter
772 1083 844 1137 ab
886 1083 1120 1137 invicem
1156 1090 1285 1136 sunt
1323 1082 1948 1149 distiuctauominibus,

372 1181 428 1225 et
486 1171 712 1226 totidem
769 1187 856 1239 res
911 1172 1078 1238 foret,
1104 1181 1236 1243 quot
1283 1182 1495 1228 suntet
1544 1172 1950 1243 signiﬁcantia;

370 1258 479 1314 hoc
534 1269 726 1315 autem
802 1277 1024 1317 omnem
1102 1262 1445 1332 impietatem
1523 1266 1952 1335 transgreditur.

371 1351 530 1417 Quod
562 1367 698 1407 vero
727 1361 947 1422 spectat
966 1354 1033 1407 ad
1076 1355 1323 1425 spirandi
1357 1356 1773 1424 proprietatem,
1805 1358 1851 1411 si
1880 1373 1949 1413 ea

372 1458 480 1499 non
541 1444 825 1498 constituit
855 1445 1033 1500 Patris
1073 1461 1391 1521 personam,
1426 1449 1737 1502 communis
1765 1449 1872 1504 erit
1899 1458 1957 1506 et

369 1531 553 1600 Filio;
592 1542 791 1604 praeter
823 1536 1192 1605 proprietates
1235 1536 1382 1590 enim
1411 1537 1730 1605 personales
1748 1548 1955 1594 caetera

371 1624 633 1684 omnibus
687 1634 818 1680 sunt
869 1627 1210 1691 communia,
1265 1626 1340 1680 ita
1370 1634 1512 1682 utet
1543 1625 1774 1697 Spiritui
1810 1636 1957 1683 esset

2064 535 2240 590 σαῦτα
2269 534 2337 590 ἀν
2377 535 2487 605 εἴη,
2536 534 2638 587 ὅσα
2685 533 2782 586 καὶ
2838 530 2908 584 τά
2958 529 3320 615 σημαίνονταο
3376 528 3539 584 τοῦτο
3583 532 3646 586 δὲ

2060 631 2245 684 πᾶσαν
2269 627 2527 682 ἀσέϐειαν
2548 623 2869 699 ὑπερὸᾳίνει
2904 624 3004 694 (ί).
3047 623 3187 692 Περὶ
3213 621 3271 676 δὲ
3302 621 3401 675 τοῦ
3430 622 3528 676 τοῦ
3562 623 3646 691 (2)

2060 718 2390 789 προϐάλλειν
2422 716 2714 786 ἰδιώματος
2750 713 2826 776 ὡς
2855 715 2905 767 εί
2939 713 3016 783 μὴ
3063 713 3125 765 τὸ
3159 711 3457 781 πρόσωπον
3490 729 3649 767 συνι-

2058 810 2161 877 στᾷ
2185 808 2281 861 τοῦ
2311 806 2546 877 [ἰατρὸς.
2576 804 2757 860 κοινὸν
2784 804 3059 858 ἔσταικαὶ
3083 802 3163 873 τῷ
3193 802 3329 874 Υίῷ·
3358 804 3500 876 πλὴν
3531 806 3645 878 γὰρ

2054 898 2166 952 τῶν
2192 896 2564 969 προσωπικῶν
2596 893 2879 964 ίδιοτήτων
2901 892 3068 947 τᾶλλα
3100 892 3259 945 κοινά
3284 892 3453 946 πᾶσίν
3479 894 3641 960 εἰσιν,

2057 988 2186 1045 ὥστ’
2217 984 2285 1059 ἦν
2316 987 2383 1041 ἂν
2417 987 2513 1041 καὶ
2546 984 2624 1055 τῷ
2662 984 2945 1053 Πνεύματι
2982 982 3161 1036 κοινὸν
3195 983 3256 1034 τὸ
3291 982 3643 1052 προϐάλλειν,

2057 1081 2107 1133 εί
2138 1078 2214 1150 μὴ
2247 1078 2324 1148 τῷ
2348 1078 2559 1131 ἐκείνου
2584 1077 2884 1129 ἀντέπιπτε
2911 1073 3076 1143 λόγιμα
3102 1075 3225 1127 ἐπεὶ
3252 1071 3297 1127 δ’
3323 1075 3384 1126 οὐ
3413 1076 3647 1145 συνιστᾷ

2059 1170 2119 1224 τὸ
2161 1169 2429 1239 πατρικὸν
2474 1168 2790 1237 πρόσωπον,
2822 1165 3073 1219 λείπεται
3102 1165 3199 1218 καὶ
3238 1162 3315 1234 τῷ
3345 1163 3460 1234 Υίῷ
3493 1160 3642 1217 εἶναι

2058 1260 2263 1316 κοινόν.
2300 1259 2454 1313 Ἐπεὶ
2476 1258 2584 1329 γὰρ
2620 1258 2855 1311 ἕκαστον
2893 1258 3184 1325 πρόσωπον
3218 1254 3297 1307 ἑνί
3330 1271 3439 1307 τινι
3474 1255 3638 1323 μόνον

2062 1352 2265 1422 ίδίωμά
2287 1368 2342 1404 τι
2372 1352 2709 1414 συνίσταται,
2735 1348 2768 1417 ἢ
2796 1349 2861 1417 τῇ
2885 1345 2979 1401 τοῦ
3007 1347 3201 1417 γεννᾷν
3224 1346 3258 1417 ἢ
3285 1348 3351 1415 τῇ
3376 1346 3474 1398 τοῦ
3500 1363 3644 1415 προ·

2058 1442 2282 1497 ὃᾶλλειν
2335 1443 2560 1513 ἰδιότητι
2612 1439 2974 1494 συνίστασθαι
3012 1438 3106 1491 τὸν
3144 1439 3369 1505 Πατέρα
3398 1436 3643 1507 ἀνάγκη·

2057 1536 2193 1590 ἀλλὰ
2223 1535 2416 1605 Πατὴρ
2452 1533 2542 1587 διὰ
2570 1533 2631 1587 τὸ
2662 1533 2860 1603 γεννᾷν
2902 1530 3122 1598 λέγεται
3156 1529 3253 1584 καὶ
3295 1527 3466 1594 ἐστιν,
3490 1525 3637 1580 ὥστε

2061 1627 2122 1680 οὐ
2151 1626 2215 1679 τὸ
2240 1625 2569 1698 προϐάλλειν
2597 1623 2764 1678 αὐτοῦ
2793 1622 2857 1676 τδ
2879 1621 3169 1693 πρόσωπον
3196 1619 3443 1689 συνιστᾷ·
3477 1617 3553 1688 μὴ
3571 1616 3636 1671 ὃν

371 1716 704 1783 communis,
736 1716 841 1771 nisi
872 1701 1126 1787 ejusdem.
1188 1716 1392 1770 rationi
1421 1717 1784 1786 repugnavit;
1818 1734 1948 1788 quo-

2058 1718 2117 1772 δὲ
2150 1718 2283 1772 ἴδιον
2337 1718 2434 1771 τοῦ
2487 1717 2702 1786 Πατρδς
2755 1714 2944 1786 μόνου,
2976 1713 3114 1784 μηδὲ
3159 1709 3506 1776 συστατικον,
3537 1707 3645 1762 καὶ

374 1804 524 1860 niam
582 1821 720 1863 vero
786 1821 897 1860 non
960 1806 1255 1863 constituit
1291 1815 1580 1876 paternam
1638 1822 1948 1877 personam,

2058 1809 2139 1880 τῷ
2165 1809 2283 1878 Υίῷ
2312 1810 2430 1863 ἔστι
2456 1808 2656 1863 κοινόν.
2684 1809 2794 1862 Καὶ
2815 1805 2990 1860 ταῦτα
3019 1804 3119 1875 μὲν
3146 1801 3343 1865 οὕτως.

372 1901 726 1972 relinquitur,
757 1912 819 1956 ut
873 1909 931 1958 et
957 1900 1098 1956 Filio
1120 1902 1349 1972 spiratio
1409 1904 1482 1959 sit
1524 1904 1833 1960 communis
1871 1904 1974 1976 (a).
2010 1903 2146 1961 Cum
2202 1906 2349 1961 enim
2409 1904 2672 1974 quaelibet
2727 1916 2962 1973 persona
3005 1900 3226 1955 nonnisi
3258 1911 3365 1953 una
3393 1894 3648 1966 proprie-

373 2007 485 2052 tate
534 2000 901 2053 constituatur
934 2035 952 2061 .
989 1997 1074 2053 vel
1108 1998 1402 2069 generandi
1463 2000 1550 2054 vel
1604 2000 1850 2071 spirandi
1911 2002 2246 2072 proprietate
2306 2001 2520 2056 Patrem
2581 1997 2837 2055 constitui
2867 2012 3091 2054 necesse
3116 2002 3221 2050 est.
3278 1993 3440 2061 Atqui
3476 1989 3649 2045 Pater

373 2094 581 2149 dicitur
628 2102 688 2147 et
740 2100 826 2147 est
853 2091 1016 2146 Pater
1043 2100 1272 2161 propter
1321 2093 1755 2164 generationem.
1794 2093 1915 2148 Non
1973 2095 2145 2165 igitur
2180 2096 2411 2167 spiratio
2457 2097 2579 2167 ejus
2623 2108 2919 2166 personam
2952 2091 3262 2148 constituit.
3323 2087 3463 2144 Cum
3495 2097 3640 2141 vero

370 2182 466 2238 illa
488 2200 599 2241 non
660 2188 734 2241 sit
775 2185 1000 2255 propria
1033 2182 1212 2239 Patris
1242 2185 1441 2253 solius,
1475 2199 1579 2241 nec
1624 2185 1747 2256 ejus
1772 2199 2063 2254 personam
2112 2190 2480 2256 constituens,
2512 2198 2569 2244 et
2610 2188 2749 2244 Filio
2808 2186 3120 2243 communis
3167 2192 3271 2240 est.
3313 2182 3420 2242 Sed
3444 2181 3514 2238 de
3553 2180 3640 2236 bis

378 2275 680 2333 hactenus.

440 2370 510 2425 ll.
543 2370 735 2442 Neque
779 2371 887 2426 hoc
916 2371 1089 2426 latere
1116 2370 1283 2427 debet
1309 2370 1529 2429 dicendi
1547 2373 1816 2444 cupidum
1859 2389 1948 2429 au-

2135 2369 2203 2443 β’.
2237 2372 2329 2424 Δεῖ
2366 2371 2423 2425 δὲ
2465 2369 2603 2440 μηδὲ
2651 2368 2811 2423 τοῦτο
2859 2368 2953 2422 τὸν
3011 2365 3290 2438 φιλομαθῆ
3340 2363 3643 2420 λανθάνειν

370 2464 628 2527 ditorem,
664 2461 812 2532 quod
844 2462 1044 2516 divinae
1076 2461 1369 2518 Trinitatis
1391 2479 1662 2534 personae,
1690 2480 1815 2520 cum
1843 2481 1948 2522 non

2062 2462 2339 2534 ἀκροατὴν
2370 2462 2472 2531 (5),
2506 2460 2583 2522 ὡς
2620 2460 2693 2523 si,
2742 2459 2863 2512 θεῖα
2914 2459 3186 2529 πρόσωπα
3223 2457 3325 2526 τῆς
3377 2455 3635 2525 Τριάδος,

373 2556 546 2625 magis
579 2568 756 2608 unum
787 2554 902 2608 sint
928 2554 1197 2618 essentia,
1251 2570 1417 2624 quam
1459 2556 1561 2611 tria
1609 2559 1859 2628 personis
1895 2569 1948 2614 et

2057 2555 2119 2608 οὐ
2157 2554 2359 2623 μᾶλλον
2403 2550 2462 2604 ἓν
2493 2550 2622 2603 ὄντα
2653 2552 2719 2620 τῇ
2756 2549 2916 2620 οὐσίᾳ
2948 2548 2982 2620 ἢ
3019 2547 3148 2619 τρία
3172 2550 3289 2611 τοῖς
3315 2546 3643 2618 προσώποις

373 2648 599 2701 realiter
629 2645 698 2699 ab
737 2645 972 2699 invicem
1007 2642 1439 2714 distinguantur,
1476 2649 1779 2702 secundum
1810 2649 1948 2704 nihil

2057 2646 2151 2697 καὶ
2198 2642 2605 2715 πραγματικῶς
2642 2640 2893 2711 ἀλλήλων
2939 2639 3355 2708 διακρινόμενα,
3384 2638 3505 2692 κατ’
3535 2638 3643 2691 οὐ-

368 2752 558 2793 eerum
588 2750 710 2805 quae
757 2735 826 2789 ad
875 2749 934 2790 se
973 2734 1262 2801 dicuntur,
1295 2737 1414 2793 sive
1467 2737 1846 2794 absolutorum
1884 2749 1947 2795 et

2057 2736 2144 2790 δὲν
2176 2735 2288 2788 τῶν
2319 2734 2443 2787 καθ’
2479 2733 2622 2788 αὐτὰ
2643 2731 2958 2802 λεγομένων
2992 2731 3174 2784 show
3205 2730 3651 2800 ἀπολελυμένων

367 2826 747 2883 essentialium
780 2825 850 2880 ab
895 2825 1130 2881 invicem
1184 2826 1606 2898 distinguuntur
1633 2829 1765 2900 (una
1792 2830 1941 2884 enim

2057 2848 2111 2884 τε
2165 2830 2260 2884 καὶ
2309 2827 2587 2883 οὐσιωδῶν
2622 2826 2872 2896 ἀλλήλων
2931 2825 3304 2896 διακρίνονται
3362 2825 3489 2895 (μία
3520 2825 3650 2894 γὰρ

367 2931 559 2973 eorum
591 2926 675 2971 est
700 2915 963 2981 essentia,
994 2913 1195 2979 virtus,
1226 2915 1338 2970 vita
1359 2956 1374 2981 ,
1404 2916 1640 2983 bonitas,
1670 2918 1941 2986 sapientia

2057 2922 2233 2983 αὐτῶν
2261 2920 2439 2986 οὐσία,
2473 2918 2726 2990 δύναμις,
2770 2916 2887 2988 ζωὴ
2918 2959 2934 2984 ,
2971 2917 3266 2987 ἀγαθότης,
3316 2916 3480 2987 σοφία
3532 2915 3649 2970 καὶ

367 3019 425 3062 et
453 3020 796 3077 quaecunque
838 3005 926 3060 his
955 3005 1205 3074 similia),
1245 3006 1610 3063 relationibus
1640 3017 1824 3064 tamen
1872 3009 1944 3064 ad

2057 3014 2156 3068 ὅσα
2202 3011 2619 3083 παραπλήσια)⁶
2646 3013 2769 3073 ταῖς
2803 3010 3001 3079 μέντοι
3020 3009 3158 3079 πρὸς
3184 3008 3393 3081 ἀλληλα
3416 3009 3647 3077 ἀναφο-

368 3100 604 3155 invicem
634 3104 692 3152 et
719 3097 1030 3151 subsistunt
1072 3104 1126 3151 et
1180 3096 1250 3150 ab
1282 3095 1517 3152 invicem
1552 3086 1948 3155 discernuntur

2057 3106 2176 3176 ραῖς
2226 3106 2323 3157 καὶ
2367 3103 2690 3173 ὑφίστανται
2726 3102 2820 3154 καὶ
2850 3102 3097 3173 ἀλλήλων
3129 3103 3198 3159 τά
3242 3100 3366 3155 θεῖα
3406 3099 3646 3170 διακρί-

367 3190 568 3245 divinae
610 3201 883 3257 personae,
936 3186 1055 3241 haec
1083 3201 1217 3240 vero
1258 3196 1393 3241 sunt
1421 3201 1613 3243 eorum
1662 3189 1946 3256 idiomata,

2057 3213 2233 3250 νονται
2260 3195 2554 3267 πρόσωπα’
2582 3194 2760 3249 ταῦτα
2794 3193 2843 3247 δ’
2870 3195 2993 3247 ἐστὶ
3018 3195 3088 3249 τά
3113 3192 3296 3249 αὐτῶν
3332 3192 3641 3263 ίδιώματα,

368 3281 598 3335 relative
631 3286 687 3332 et
717 3277 864 3332 sicut
910 3291 974 3331 ea
1004 3291 1130 3346 quae
1183 3285 1312 3330 sunt
1353 3276 1422 3331 ad
1453 3278 1663 3348 aliquid
1699 3281 1948 3349 opposita

2057 3287 2398 3358 ἀναφορικῶς
2419 3305 2479 3341 τε
2505 3288 2603 3342 κα)⁸
2632 3288 2708 3349 ὡς
2731 3286 2806 3340 τὰ
2848 3288 2985 3355 πρός
3013 3302 3067 3338 τι
3115 3285 3256 3358 πρὸς
3282 3285 3491 3357 ἄλληλα
3526 3288 3644 3341 ἀν-

367 3370 434 3424 ad
464 3370 721 3424 invicem.
744 3367 800 3423 Si
838 3366 986 3423 enim
1019 3365 1408 3422 eonstitutivas
1460 3369 1827 3437 proprietates
1860 3371 1948 3426 in-

2057 3378 2362 3450 τικείμενα.
2417 3379 2479 3432 Et
2527 3377 2639 3447 γάρ
2674 3378 2744 3431 τά
2803 3377 3106 3430 συστατικὰ
3160 3376 3430 3447 ἰδιώματα
3475 3377 3649 3431 ἀκοι-

366 3458 854 3515 communieabiles
915 3472 1040 3512 esse
1074 3456 1144 3511 ad
1193 3456 1427 3511 invicem
1480 3473 1708 3514 necesse
1736 3470 1844 3526 est,
1891 3470 1948 3516 et

2057 3471 2266 3539 νώνητα
2315 3465 2458 3524 εῖναι
2489 3470 2708 3539 ἀνάγκη
2752 3468 2891 3539 πρὸς
2943 3467 3175 3539 ἄλληλα,
3213 3471 3310 3524 καὶ
3355 3469 3646 3524 ἀδύνατον

368 3550 712 3620 impossibile
738 3564 835 3604 eas
856 3548 1037 3604 eidem
1062 3547 1226 3603 simul
1260 3547 1474 3615 adesse,
1502 3551 1730 3605 omnino
1761 3559 1818 3605 et
1842 3559 1948 3622 (δρα

2057 3563 2130 3633 τῷ
2180 3561 2332 3629 αὐτῷ
2377 3563 2664 3632 παρεῖναι,
2699 3560 2921 3623 πάντως
2972 3563 3068 3614 καὶ
3098 3561 3422 3624 ἁντίκειταυ
3453 3559 3490 3614 ἀ
3518 3563 3645 3632 γὰρ

368 3653 673 3713 ponuntur.
699 3642 830 3709 Quae
858 3643 1008 3697 cnim
1034 3642 1214 3698 eidem
1245 3642 1407 3697 simul
1442 3643 1619 3700 inesse
1646 3654 1942 3716 nequeunt,

2057 3654 2309 3707 ἀδύνατον
2339 3653 2417 3724 τῷ
2446 3653 2598 3724 αὐτῷ
2628 3654 2907 3722 παρεῖναι,
2953 3653 3044 3706 διά
3072 3670 3197 3707 τινα
3226 3654 3447 3717 πάντως
3474 3655 3646 3707 ἀντῖ-

368 3743 593 3803 propter
645 3731 1053 3802 oppositionem
1104 3732 1420 3799 quamdam,
1465 3748 1587 3803 qua:
1615 3735 1842 3789 omnino
1888 3735 1942 3789 in

2057 3743 2204 3795 θεσιν
2234 3744 2420 3806 αὐτοῖς
2452 3740 2620 3796 οὖσαν
2652 3740 2797 3796 τοῦτ’
2827 3741 2962 3813 ἔχει.
2999 3741 3152 3815 Miles
3194 3743 3251 3798 δὲ
3277 3742 3353 3806 ὡς
3384 3742 3494 3808 ἕξις
3529 3746 3642 3799 καὶ

368 3828 449 3879 eis
477 3834 581 3889 est,
613 3824 719 3878 hoc
759 3824 984 3879 habent.
1013 3822 1382 3892 Opponuntur
1428 3834 1610 3881 autem
1649 3841 1830 3897 neque
1886 3836 1945 3881 ut

2057 3834 2327 3903 στέρησις,
2356 3835 2491 3904 μήτε
2519 3833 2594 3896 ὡς
2627 3835 2695 3887 τά
2731 3834 2974 3901 ἐναντία,
3012 3835 3151 3904 μήτε
3191 3834 3269 3898 ὡς
3307 3836 3639 3906 κατάφασις

370 3915 590 3971 habitus
623 3924 681 3970 et
710 3915 967 3984 privatio,
1009 3930 1190 3983 neque
1238 3925 1297 3970 ut
1326 3917 1631 3979 contraria,
1664 3933 1844 3988 neque
1885 3927 1946 3972 ut

2057 3925 2142 3976 καὶ
2193 3925 2471 3994 ἀπόφασις
2508 3924 2872 3994 ἀντικείμενα
2907 3925 3087 3993 (τοῦτο
3119 3926 3228 3995 γὰρ
3274 3926 3493 3990 πολλοῖς
3526 3931 3636 3983 καὶ

369 4008 658 4061 atlirmatio
691 4016 748 4062 et
780 4007 997 4078 negatio
1021 4008 1149 4080 (hoc
1178 4008 1324 4063 enim
1373 4008 1532 4077 multi
1564 4025 1631 4064 ac
1664 4010 1807 4066 beati
1835 4011 1940 4065 viri

2057 4014 2339 4085 μακαρίοις
2369 4015 2599 4084 ἀνδράσι
2652 4014 2742 4067 διὰ
2769 4015 2983 4069 πολλῶν
3015 4015 3330 4087 δέδεικταιγ
3365 4017 3632 4072 λείπεται

369 4100 477 4152 late
503 4099 994 4168 demonstrarunt).
1029 4099 1218 4153 Restat
1257 4113 1409 4168 ergo,
1453 4101 1757 4155 secundum
1807 4102 1946 4156 rela-

2057 4108 2189 4159 ηατὰ
2218 4106 2288 4158 τὰ
2320 4107 2456 4174 πρός
2482 4123 2535 4159 τι
2569 4106 2912 4160 ἀντικεῖσθαι
2951 4106 3205 4177 ἀλλήλοις
3229 4110 3300 4163 τά
3335 4124 3636 4180 «posuim-

371 4191 549 4244 tiunes
594 4189 798 4258 opponi
854 4188 1091 4243 invicem
1145 4189 1260 4244 haec
1318 4190 1626 4259 personalia
1680 4190 1941 4246 idiomata

2057 4198 2117 4252 κὰ
2164 4197 2339 4252 ταῦτα
2389 4198 2659 4269 ἰδιώματα
2711 4200 2808 4253 καὶ
2839 4199 2982 4254 αὐτά
3020 4200 3092 4253 τὰ
3132 4201 3403 4272 πρόσωπα
3476 4205 3633 4275 πρὸς

368 4289 532 4349 atque
576 4280 724 4348 ipsas
773 4294 1053 4348 personas.
1088 4279 1223 4349 Ipsa:
1252 4280 1399 4334 enim
1441 4280 1643 4335 divina;
1692 4296 1942 4352 personat

2057 4288 2272 4356 ξλληλα·
2312 4289 2451 4344 αὐτά
2490 4308 2549 4344 τε
2598 4291 2707 4361 γὰρ
2750 4293 2817 4346 τὰ
2843 4292 2965 4346 θεία
2996 4294 3274 4363 πρόσωπα
3303 4295 3635 4352 ὑποστάντα

366 4371 730 4425 subsistentes
775 4378 905 4424 sunt
938 4371 1302 4440 pr0prietates
1326 4372 1702 4443 hypostaticat,
1735 4382 1790 4429 et
1834 4375 1938 4446 hy-

2057 4382 2102 4435 αί
2138 4380 2501 4435 ὑποστατικαί
2532 4383 2670 4437 εἰσιν
2708 4383 2991 4453 ίδιότητες,
3045 4384 3111 4439 αι’
3152 4401 3212 4437 τε
3245 4386 3631 4442 ὐποστατικαὶ

369 4461 651 4530 postaticie
677 4461 1039 4530 proprietates
1065 4461 1427 4518 subsistentes
1442 4465 1714 4536 suntipsae
1742 4465 1941 4522 divinae

2057 4473 2311 4543 ἰδιότητες
2341 4474 2651 4526 ὑποστᾶσαι
2699 4475 2841 4528 αὐτὰ
2883 4475 2955 4529 τὰ
3002 4476 3123 4529 θεῖά
3149 4478 3258 4529 είσι
3320 4478 3628 4546 πρόσωπα.

370 4563 641 4613 personae.
672 4550 733 4604 lu
765 4549 890 4604 aliis
922 4549 1144 4620 quidem
1179 4552 1346 4608 rebus
1391 4569 1512 4623 qua:
1538 4555 1795 4611 essentiis
1834 4556 1940 4611 dif-

2057 4564 2179 4617 'E7rl
2222 4565 2322 4634 μὲν
2348 4565 2456 4635 γὰρ
2502 4566 2610 4618 τῶν
2640 4567 2816 4620 ἄλλων
2851 4569 3201 4638 πραγμάτων
3244 4571 3366 4633 ταῖς
3390 4571 3630 4635 οὐσίαις

372 4642 645 4696 feruutab
673 4641 927 4708 invicem,
955 4658 1035 4698 eae
1061 4658 1183 4713 quae
1210 4644 1355 4699 inter
1379 4645 1500 4700 illas
1520 4647 1940 4703 considerantur

2057 4657 2409 4725 Βιαφερὸντων
2450 4656 2701 4725 ἀλλήλων
2746 4658 2803 4711 αι
2839 4659 3049 4728 μεταξὺ
3084 4658 3265 4711 αὐτῶν
3292 4658 3630 4729 θεωρούμε-

371 4730 673 4786 relationes
714 4747 821 4787 non
854 4733 999 4801 ipsas
1026 4748 1115 4789 res
1142 4734 1529 4801 constituunt,
1580 4740 1675 4792 sed
1708 4753 1807 4807 per
1831 4739 1937 4793 alia

2057 4765 2130 4801 ραι
2182 4748 2457 4816 ἀναφοραὶ
2508 4748 2610 4802 οὐκ
2668 4747 2808 4802 αὐτὰ
2846 4749 3117 4817 ὑφιστῶσι
3164 4751 3232 4803 τὰ
3283 4752 3623 4821 πράγματα,

370 4820 685 4874 constitutis
734 4821 900 4875 rebus
956 4822 1260 4883 accedunt;
1321 4837 1375 4877 ν.
1434 4839 1519 4894 gr.
1577 4824 1834 4881 Socrates
1883 4836 1941 4881 et

2057 4839 2157 4893 ἱλλ⁹
2179 4842 2442 4894 ὑποστᾶσι
2473 4840 2543 4893 δι’
2571 4840 2749 4894 ἄλλων
2776 4842 3142 4910 ὲπιγίνονται“
3173 4820 3361 4913 ὥσπερ
3391 4844 3627 4915 Σωκρά-

370 4912 540 4976 Ριιιιο,
577 4926 810 4980 quorum
844 4911 982 4966 alter
1013 4911 1290 4983 magister,
1326 4915 1465 4970 alter
1488 4916 1790 4985 discipulus
1831 4925 1937 4982 est,

2057 4931 2140 5000 τῆς
2185 4931 2280 4983 καὶ
2329 4931 2575 4997 Πλάτων,
2611 4933 2639 4985 ὁ
2676 4935 2774 5002 μὲν
2813 4933 3157 4998 διδάσκαλο;,
3195 4937 3224 4986 ὁ
3264 4911 3625 5004 δείμαθητὴς

373 5017 478 5053 non
528 5017 592 5053 ex
620 5002 865 5055 ducendo
922 5014 978 5055 et
1032 5003 1298 5058 discendo
1327 5007 1695 5075 personaliter
1736 5007 1940 5060 consti-

2057 5024 2136 5088 ὒν,
2165 5025 2226 5077 οὐ
2254 5027 2319 5094 τῇ
2344 5024 2668 5093 διδασκαλίᾳ
2691 5026 2786 5078 καὶ
2813 5026 3050 5095 μαθήσει
3083 5026 3412 5092 ὑφίστανται
3443 5002 3630 5094 προεὲ-

374 5103 624 5156 tuuutur,
658 5094 932 5163 sedprius
956 5105 1185 5163 uterque
1219 5096 1385 5150 homo
1410 5109 1492 5151 est
1525 5108 1581 5152 et
1612 5096 1939 5152 substantiis

2057 5117 2282 5178 υπικῶς,
2310 5117 2447 5168 ἀλλὰ
2500 5118 2764 5185 πρότερον
2801 5094 3066 5186 ἑκάτερος
3095 5116 3385 5182 ἄνθρωπος
3411 5115 3487 5168 ῶν
3514 5116 3626 5169 καὶ

370 5196 425 5239 et
480 5184 760 5238 individua
820 5187 1174 5240 subsistentia
1234 5188 1301 5242 ad
1361 5189 1605 5244 invicem
1670 5188 1938 5243 differunt

2057 5211 2159 5268 ταῖς
2186 5205 2397 5268 οὐσίαις
2449 5184 2566 5269 ταῖς
2611 5184 2683 5275 γε
2710 5206 2939 5276 ἀτόμοις
2969 5184 3214 5277 ἀλλήλων
3249 5205 3623 5278 διαφέροντες

440 5345 517 5411 (ι)
550 5340 713 5397 Marc.
775 5343 1128 5413 ὑπερϐάλλει.

438 5417 519 5481 (2‘)
556 5415 646 5467 Sic
675 5422 821 5467 recte
843 5414 1004 5467 codd.

438 5485 517 5551 (ὅ)
548 5484 626 5536 Ad
655 5499 827 5552 marg.
884 5487 1037 5538 rubr.
1074 5484 1272 5555 legitur
1304 5484 1335 5539 ε’
1363 5485 1453 5549 Ὠς
1488 5487 1556 5539 τὰ
1613 5484 1733 5539 θεία
1764 5484 1938 5555 πρόσ-

2042 5378 2166 5433 ωπα
2216 5360 2579 5433 πρὸςᾼάλληλα
2603 5361 2883 5433 ἀναφοράν
2914 5361 3102 5433 ἔχουσι
3134 5363 3226 5433 καὶ
3256 5361 3620 5433 ὑφίστανται,

2040 5432 2295 5501 καὶπρὸς
2329 5431 2533 5500 ἄλληλα
2584 5431 2976 5501 διακρίνοντιιζ
3021 5432 3215 5487 Κανὼν
3245 5432 3315 5504 β’.

404 5618 413 5623 ’
440 5632 515 5699 (b)
550 5628 684 5686 Vide
706 5630 1088 5705 Animadverti.
1127 5634 1179 5688 in
1211 5632 1371 5689 Pltot.
1412 5635 1611 5693 librum
1637 5635 1705 5691 de
1730 5635 1936 5705 Spiritu

440 5655 515 5699 ιν)
560 5655 684 5686 nuc
706 5655 1088 5718 ALIIHIJIUVBI'S.
1128 5655 1179 5688 In
1211 5655 1371 5689 rum.
1412 5655 1611 5719 nurum
1637 5655 1705 5691 ue
1730 5655 1936 5719 blllrltll
2042 5656 2204 5725 epist.
2257 5656 2324 5711 ad
2386 5656 2633 5711 Αιεχίητη
2681 5655 2959 5714 Lascaﬁm
2983 5672 3033 5715 ο.
3064 5658 3101 5713 5
3139 5657 3450 5728 adducunt,
3501 5656 3630 5716 is“

367 5713 561 5755 sane”
591 5709 691 5756 ³η·
756 5721 810 5765 οι
854 5702 880 5771 δ
937 5705 998 5769 7ς
1050 5716 1155 5761 θη·
1207 5707 1259 5771 ⁴ι
1292 5706 1319 5772 §
1355 5708 1443 5775 15:
1475 5709 1563 5761 "bl
1595 5707 1937 5763 Βεδδπιοηιδ
2046 5727 2386 5775 enucleatius
2416 5737 2756 5775 oertrnctans

2046 5727 2386 5783 enucleatius
2416 5737 2756 5787 pertractans
