3900 6216
408 301 513 371 163

1690 258 1703 359 ξ
1780 292 2296 368 BESSABIONIS
2406 330 2411 335 -
2988 256 2991 259 ’
3560 303 3649 367 tet

409 416 504 471 hic
536 423 720 472 autem
744 429 924 489 neque
953 416 1128 474 ambae
1163 425 1294 475 sunt
1342 419 1754 492 generationes,
1806 434 1978 491 neque

2096 416 2354 489 ὁμοειδεῖς
2389 416 2553 482 εἰσιν,
2580 415 2817 472 ἐνταῦθα
2851 415 2930 490 (1)
2956 414 3014 471 δὲ
3045 413 3160 471 οὐτ’
3185 415 3354 488 ἄμφω
3390 418 3656 490 γιννήσιις

292 557 297 560 .
405 508 580 564 amba:
601 509 999 580 processiones.
1028 510 1381 581 Relinquitur
1417 527 1551 584 ergo
1588 511 1770 583 quoad
1798 528 1983 569 causae

406 598 675 654 rationem
704 602 1149 672 progressionum
1181 602 1549 659 differentiam
1577 604 1760 660 locum
1783 604 1987 660 habere

405 703 567 759 posse
610 700 841 746 tantum.
870 694 941 747 At
971 692 1016 748 si
1047 693 1199 748 solus
1229 695 1392 750 Pater
1432 711 1597 752 causa
1642 697 1770 760 erit.
1808 712 1988 766 neque

404 779 706 835 secundum
733 782 874 839 banc
897 786 1166 841 rationem
1195 785 1508 842 differentia
1532 788 1757 845 habebit
1780 789 1983 843 locum.

404 872 595 928 Abibit
646 890 776 945 ergo
807 875 929 931 Filii
984 886 1042 933 et
1093 879 1270 933 sancti
1330 878 1572 949 Spiritus
1608 879 1900 935 distinctio
1931 886 1987 936 et

406 967 556 1021 nulla
615 965 671 1020 in
723 968 811 1024 liis
870 969 978 1024 erit
1007 969 1363 1034 differentia,
1419 984 1609 1025 verum
1685 981 1986 1040 utrumque

406 1058 572 1114 unius
606 1074 857 1127 personae
894 1061 1042 1128 erit;
1073 1061 1177 1117 hoc
1210 1071 1396 1116 autem
1444 1061 1748 1118 absurdum
1797 1072 1882 1117 est
1929 1072 1988 1118 et

404 1149 535 1204 lidei
568 1166 905 1221 repugnans.
937 1151 1172 1209 Necesse
1210 1153 1378 1224 igitur
1406 1161 1509 1220 est,
1557 1152 1603 1208 si
1634 1153 1834 1210 divinae
1850 1169 1985 1224 per-

403 1257 552 1297 sonae
583 1244 653 1297 ab
684 1243 917 1298 invicem
950 1244 1354 1313 distinguendae
1405 1255 1571 1310 sunt,
1624 1245 1986 1318 hypostaticis

402 1332 768 1387 relationibus
831 1349 926 1390 eas
977 1343 1027 1390 et
1087 1337 1349 1390 constitui
1384 1346 1440 1391 et
1485 1338 1773 1408 distingui,
1818 1348 1985 1408 atque

401 1423 753 1492 oppositione
787 1424 852 1477 ad
886 1424 1270 1496 invicemque:
1323 1435 1407 1481 est
1455 1427 1599 1483 sicut
1658 1428 1980 1496 relatorum,

402 1523 453 1567 et
478 1529 543 1567 ex
577 1515 661 1568 his
690 1515 914 1584 quidem
947 1532 1011 1571 ea
1045 1533 1168 1587 quae
1205 1526 1290 1571 est
1321 1518 1624 1573 secundum
1670 1534 1890 1575 causam
1926 1529 1985 1576 et

403 1615 708 1667 cansatum,
742 1617 908 1676 atque
942 1608 1142 1662 Filium
1173 1608 1394 1677 quidem
1435 1624 1465 1663 a
1513 1608 1676 1666 Patre
1716 1611 1981 1684 distingui

405 1693 670 1749 {iliationc
720 1705 773 1748 et
815 1696 1167 1763 paternitate,
1223 1695 1491 1765 Spiritum
1553 1713 1707 1765 vero,
1760 1702 1905 1757 sicut
1950 1718 1982 1756 a

2094 507 2212 563 οὔτ’
2260 509 2431 580 ἄμφω
2456 509 2843 582 ὲκπορεύσεις.
2892 509 3156 565 Διίπεται
3186 509 3370 563 τοίνυν
3402 510 3549 582 παρὰ
3572 512 3657 566 τὸν

2093 602 2189 655 τοῦ
2220 603 2394 656 αἰτίου
2428 602 2587 669 λόγον
2619 597 2759 657 εἶναι
2806 601 2906 675 τὴν
2937 603 3045 656 τῶν
3085 603 3333 671 προόδων
3379 604 3654 674 διαφοράν.

2108 693 2248 746 Ἀλλ’
2280 696 2328 748 εί
2377 695 2538 764 μόνος
2578 697 2605 748 ὁ
2636 695 2829 767 Πατὴρ
2884 693 3061 757 αἴτιος
3113 691 3270 748 ἔσται
3300 733 3321 759 ,
3356 695 3482 747 οὐδὲ
3536 695 3656 768 παρ’

2095 785 2306 839 ἐκεῖνον
2354 787 2532 842 ἔσται·
2565 787 2856 858 οἰχήσεται
2905 787 3016 857 ἄρα
3063 788 3097 857 ἡ
3137 785 3230 842 τοῦ
3270 787 3402 841 Υίοῦ
3445 789 3654 842 καὶτοῦ

2095 876 2253 944 ἁγίου
2298 878 2623 946 Πνεύματος
2659 876 2963 947 διάκρισις,
2998 876 3097 932 καὶ
3146 876 3377 946 οὐδεμία
3425 880 3487 931 ἒν
3538 878 3654 932 τού-

2092 983 2208 1030 τοις
2248 968 2400 1021 ἔσται
2431 968 2689 1038 διαφορά,
2738 967 2865 1021 ἀλλ’
2898 967 3019 1031 ἑνὸς
3054 969 3272 1022 ἔσονται
3299 968 3469 1036 ἄμφω
3501 986 3654 1039 προσ-

2093 1053 2244 1109 ώπου
2268 1073 2282 1088 ⁸
2316 1056 2475 1111 τοῦτο
2522 1058 2582 1111 δὲ
2640 1056 2850 1111 ἄτοπον
2903 1057 2998 1111 καὶ
3027 1058 3091 1125 τῇ
3117 1056 3297 1108 πίστει
3336 1054 3652 1125 μαχόμενον.

2104 1147 2347 1217 Ἀνάγκη
2374 1147 2505 1217 ἄρα,
2544 1149 2593 1201 εί
2625 1148 2872 1218 μέλλοιεν
2907 1146 3160 1217 ἀλλήλων
3186 1146 3253 1200 τὰ
3306 1145 3427 1199 θεῖα
3455 1146 3656 1215 διακρί-

2092 1238 2281 1291 νεσθαι
2311 1239 2604 1309 πρόσωπα,
2649 1241 2772 1304 ταῖς
2801 1239 3194 1301 ὑποστατικαῖς
3229 1239 3533 1309 ἀναφοραῖς
3565 1238 3658 1308 ὐφ-

2100 1327 2355 1381 ίστασθαί
2407 1345 2468 1381 τε
2515 1331 2610 1383 καὶ
2654 1329 3055 1400 διακρίνεσθαι,
3092 1330 3189 1383 καὶ
3219 1332 3287 1400 τῇ
3315 1329 3391 1393 ὡς
3433 1332 3501 1381 τὰ
3525 1328 3657 1401 πρός

2090 1435 2147 1471 τι
2182 1420 2316 1490 πρὸς
2349 1420 2562 1491 ἄλληλα
2612 1420 2914 1483 ἀντιθέσει.
2948 1416 3060 1475 ’καὶ
3100 1420 3307 1474 τούτων
3339 1424 3404 1491 τῇ
3439 1422 3575 1474 κατὰ
3603 1422 3660 1474 τὸ

2090 1507 2275 1561 αἴτιον
2307 1512 2404 1563 καὶ
2438 1511 2704 1575 αἰτιατὶν,
2746 1511 2842 1564 καὶ
2878 1511 2969 1564 τὸν
3010 1511 3109 1580 μὲν
3150 1510 3280 1564 Υίὺν
3308 1510 3412 1564 ατοῦ
3456 1508 3657 1580 Harpe;

2090 1603 2300 1672 υίότητι
2354 1602 2450 1655 καὶ
2510 1604 2835 1674 πατρότητι,
2886 1602 2948 1655 τὸ
2986 1602 3044 1657 δὲ
3095 1602 3320 1668 Πνεῦμα
3351 1600 3649 1673 ὥσπερτοῦ

2049 1744 2069 1760 ,
2093 1693 2332 1763 Πατρὸς,
2368 1692 2512 1746 οὕτω
2554 1696 2649 1746 καὶ
2679 1693 2773 1746 τοῦ
2805 1691 2938 1745 Υίοῦ
2976 1693 3042 1763 τῇ
3085 1690 3178 1744 τοῦ
3222 1691 3648 1763 προϐαλλομένου

401 1786 588 1848 Patre,
616 1788 687 1840 ita
710 1789 873 1841 etiam
909 1803 939 1841 a
970 1787 1131 1852 Filio,
1165 1788 1432 1844 relatione
1477 1790 1674 1859 spirati
1705 1791 1773 1846 ad
1805 1793 1978 1862 spira-

2096 1784 2224 1853 πρὸς
2254 1784 2345 1837 τὸν
2380 1783 2758 1854 προϐάλλοντα
2790 1784 3060 1855 ἀναφορᾷ,
3107 1784 3204 1836 καὶ
3238 1783 3314 1854 μὴ
3349 1784 3518 1846 ἄλλως
3543 1785 3649 1839 διαη

405 1890 578 1934 torem
606 1896 620 1940 ;
657 1895 832 1947 neque
861 1879 968 1934 alio
996 1880 1159 1935 modo
1190 1879 1454 1952 distingui
1488 1890 1747 1952 poterunt
1779 1884 1876 1954 (α).

475 1971 530 2025 5.
578 1969 978 2039 Disputandum
1032 1986 1166 2026 vero
1218 1972 1285 2026 ad
1324 1971 1428 2026 ltos
1469 1982 1527 2028 et
1583 1973 1739 2042 illud,
1782 1984 1986 2046 quotu-

2088 1873 2379 1943 κρίνεσθαι
2409 1871 2542 1929 εἷεν.

2157 1964 2227 2034 γ’.
2260 1968 2583 2022 Διαλεκτέον
2633 1968 2690 2021 δὲ
2747 1968 2885 2039 πρὸς
2948 1967 3176 2032 τούτους
3216 1970 3309 2023 καὶ⁵
3362 1969 3574 2040 ὁσαχῶς
3622 1971 3655 2041 ἡ

2087 2061 2318 2114 ἑκάστου
2343 2060 2672 2130 πράγματος
2706 2061 2850 2132 ἀρχὴ
2881 2062 2977 2114 καὶ
3004 2062 3159 2115 αἰτία
3183 2061 3527 2131 λαμϐάνεται
3555 2061 3651 2134 (2).

2085 2150 2300 2217 Ταύτην
2323 2149 2415 2204 οὖν
2434 2150 2619 2220 διττὴν
2645 2146 2805 2216 εἶναι,
2837 2155 2932 2205 καὶ
2966 2151 3065 2222 τὴν
3099 2152 3198 2222 μὲν
3236 2153 3311 2212 ὡς
3335 2153 3395 2206 τὸ
3420 2152 3489 2217 ἐξ
3511 2147 3578 2207 οὖ
3610 2152 3647 2222 ἢ

2083 2242 2185 2306 ὑφ’
2210 2236 2282 2297 οὗ
2325 2234 2492 2307 εῖναι,
2524 2243 2619 2294 καὶ
2647 2241 2783 2304 ὅλως
2810 2242 2847 2309 ἡ
2882 2241 3040 2310 ἁρχὴ
3086 2242 3172 2312 (ὅ)
3207 2241 3346 2297 ὅθεν
3391 2242 3452 2295 τὸ
3484 2245 3653 2312 πρᾶγ-

2088 2354 2188 2406 μα,
2219 2335 2384 2389 ταυτδ
2410 2335 2457 2388 δ’
2481 2335 2678 2398 εἰπεῖν,
2708 2335 2762 2397 ὃ,
2796 2329 2911 2387 οἷον
2939 2336 3026 2388 ὅδε
3049 2334 3081 2388 ὁ
3105 2336 3360 2405 τεχνίτης
3386 2336 3486 2389 καὶ
3516 2336 3649 2399 ὅλως

2082 2431 2142 2483 τὸ
2171 2427 2384 2482 ποιοῦν·
2420 2428 2522 2497 τὴν
2556 2427 2602 2480 δ’
2633 2426 2708 2490 ὡς
2740 2428 2800 2480 τὸ
2824 2420 2892 2495 ᾧ,
2924 2421 3037 2480 οἷον
3077 2427 3136 2480 τὸ
3170 2428 3289 2480 ἐνὸν
3316 2432 3379 2498 τῇ
3414 2426 3507 2480 τοῦ
3541 2444 3657 2480 ποι-

2082 2518 2271 2584 οὖντος
2322 2519 2468 2590 ψυχῇ
2503 2514 2665 2583 εἶδος,
2714 2512 2758 2588 ᾧ
2800 2518 2989 2588 ὅμοιον
3021 2520 3170 2572 ποιεῖ
3192 2519 3254 2572 τὸ
3291 2518 3497 2574 ποιοῦνο
3549 2520 3656 2574 πᾶν

2083 2613 2193 2680 γὰρ
2240 2613 2429 2665 ποιοῦν
2481 2612 2670 2681 ὅμοιον
2704 2612 2884 2682 ἐαυτῷ
2931 2612 3166 2683 προάγει
3214 2613 3357 2667 κατὰ
3403 2614 3465 2667 τὸ
3495 2607 3654 2680 εἶδος,

2082 2695 2127 2771 ᾧ
2171 2700 2248 2772 (ί)
2300 2704 2468 2757 ποιεῖ.
2510 2703 2685 2769 Λόγου
2718 2704 2885 2773 χάριν
2915 2702 3077 2774 τῆσδε
3126 2703 3230 2775 τῆς
3272 2704 3479 2768 είκόνος
3504 2704 3655 2762 αἰτία.

2084 2797 2178 2849 καὶ
2227 2794 2389 2857 αὐτὸς
2445 2796 2473 2847 ὁ
2534 2794 2846 2865 ζωγράφος,
2887 2794 2963 2859 ὡς
2996 2796 3059 2848 τὸ
3107 2795 3166 2862 ἐξ
3217 2790 3280 2849 οὐ
3339 2797 3433 2851 καὶ
3470 2797 3654 2870 ὅθενή

402 2061 619 2130 pliciter
669 2062 1097 2133 uniuscujusque
1158 2064 1236 2118 rei
1289 2065 1623 2135 principium
1694 2077 1754 2141 et
1816 2083 1980 2124 eausa

402 2151 731 2220 accipiatur,
765 2167 829 2207 ac
857 2153 1177 2220 dicendum,
1212 2154 1547 2225 principium
1592 2156 1790 2228 duplex
1824 2174 1980 2228 esse;

402 2244 635 2299 alterum
666 2245 833 2300 veluti
864 2246 915 2301 id
951 2261 1016 2299 ea:
1048 2263 1148 2316 quo
1176 2247 1260 2300 vel
1308 2264 1340 2299 a
1365 2264 1465 2316 quo
1501 2258 1555 2302 ct
1586 2250 1811 2325 omnino
1839 2252 1983 2306 unde

402 2350 513 2399 res,
539 2336 622 2390 vel
655 2337 802 2404 quod
851 2337 993 2390 idem
1046 2349 1131 2391 cst
1184 2339 1506 2409 principium
1545 2342 1713 2412 quod;
1749 2358 1837 2397 ex.
1896 2334 1981 2416 gr.

400 2426 493 2481 llic
523 2427 719 2482 artifex
752 2438 807 2482 ct
830 2429 1132 2484 universim
1168 2428 1221 2483 id
1254 2431 1401 2500 quod
1431 2433 1574 2503 agit;
1597 2434 1829 2490 alterum
1854 2452 1982 2492 vero

400 2517 735 2586 principium
769 2517 919 2572 velut
958 2517 1011 2572 i'd
1042 2533 1141 2588 per
1163 2520 1302 2587 quod
1339 2520 1422 2573 vel
1468 2538 1576 2592 quo
1613 2532 1672 2576 ut
1720 2525 1979 2593 speciem,

401 2622 525 2674 qua:
565 2610 776 2678 agentis
813 2608 999 2663 animo
1029 2609 1210 2674 inest,
1245 2611 1332 2664 cui
1373 2612 1552 2665 simile
1582 2614 1713 2668 facit
1746 2614 1798 2669 id
1832 2617 1981 2686 quod

402 2700 549 2768 agit;
591 2715 754 2754 omne
780 2701 929 2754 enim
954 2715 1121 2770 agens
1151 2701 1329 2755 simile
1351 2702 1457 2757 sibi
1498 2704 1749 2772 producit
1779 2721 1982 2762 secun-

403 2792 535 2845 dum
604 2792 863 2861 speciem,
894 2808 1002 2862 qua
1060 2792 1172 2862 agit
1220 2793 1320 2860 (ὁ).
1373 2794 1538 2851 Verbi
1590 2798 1762 2866 gratia
1821 2814 1980 2859 causa

403 2882 571 2953 hujus
602 2883 858 2951 imaginis
884 2894 1048 2938 estet
1073 2884 1190 2953 ipse
1217 2884 1391 2953 pictor
1419 2895 1677 2957 tanquam
1702 2888 1754 2955 id
1784 2904 1849 2944 ex
1872 2906 1978 2961 quo

2096 2884 2248 2956 ίιρχὴ,
2280 2885 2373 2938 καὶ
2403 2884 2538 2950 ὅλως
2569 2886 2630 2939 τὸ
2666 2885 2697 2939 ὃ
2730 2887 2825 2941 καὶ
2853 2887 2913 2940 τὸ
2943 2888 3003 2941 ἐν
3035 2890 3099 2959 τῇ
3134 2887 3277 2960 ψυχῇ
3306 2887 3402 2943 τοῦ
3435 2889 3657 2962 ζωγράο

401 2987 458 3031 et
492 2975 636 3032 unde
682 2976 1015 3047 principium
1057 2987 1112 3031 et
1149 2977 1451 3033 universim
1483 2982 1639 3048 quod,
1687 2992 1742 3038 et
1771 2987 1978 3054 species

2096 2997 2186 3049 pou
2231 2977 2369 3043 εἶδος
2414 2980 2489 3043 ὡς
2517 2979 2578 3033 τὸ
2621 2973 2691 3049 ᾧ,
2723 2973 2768 3049 ᾧ
2800 2979 2991 3045 ὁμοίαν
3021 2982 3290 3050 πεποίηκε
3326 2980 3423 3052 τὴν
3448 2984 3659 3038 εἰκόνα.

398 3084 522 3139 quae
570 3068 795 3138 pictoris
844 3069 1027 3121 animo
1064 3067 1391 3123 obversatur
1423 3071 1573 3125 velut
1627 3073 1680 3126 id
1717 3091 1842 3144 quo,
1885 3077 1977 3132 cui

2096 3073 2173 3142 Γῴ
2207 3073 2251 3126 δ’
2282 3074 2433 3143 αὐτῷ
2461 3075 2645 3145 τρόπῳ
2665 3074 2762 3128 καὶ
2789 3076 2848 3126 ἐν
2876 3075 2989 3135 τοῖς
3018 3073 3187 3138 θείοις
3223 3075 3535 3144 προσώποις
3564 3075 3660 3130 τὸν

398 3161 637 3216 similem
675 3158 806 3213 fecit
825 3158 1140 3229 imaginem.
1168 3158 1373 3213 Eodem
1402 3174 1532 3215 vero
1555 3162 1719 3218 modo
1743 3165 1978 3223 dicimus

2096 3165 2189 3235 μὲν
2235 3167 2481 3237 Πατέρα,
2536 3166 2793 3219 τουτέστι
2819 3164 2918 3236 τὴν
2949 3164 3106 3219 Θείαν
3152 3165 3323 3220 αὐτοῦ
3369 3167 3667 3221 ὑπόστασιν

400 3262 459 3308 et
513 3252 569 3306 in
627 3250 828 3306 divinis
868 3250 1120 3320 personis
1152 3250 1393 3316 Patrem,
1438 3252 1543 3306 hoc
1596 3263 1682 3309 est
1735 3256 1978 3314 divinam

2096 3258 2265 3310 ιὶτίαν
2298 3253 2440 3311 εἶναι
2471 3258 2548 3321 ὡς
2578 3257 2637 3310 τὸ
2669 3257 2724 3321 ὃ,
2759 3258 2872 3311 εἴτε
2910 3257 2981 3324 ἐξ
3008 3253 3105 3324 οὗ,
3140 3258 3241 3329 τὴν
3282 3258 3340 3313 δὲ
3388 3258 3536 3313 θείαν
3563 3259 3666 3313 αὐ-

399 3347 522 3417 cjus
582 3343 901 3414 liypostasin
951 3358 1175 3397 causam
1215 3359 1339 3400 esse
1372 3354 1630 3416 tauquam
1660 3350 1978 3422 principium

2096 3350 2176 3402 τοῦ
2208 3351 2401 3404 οὐσίαν
2457 3351 2533 3412 ὡς
2582 3351 2641 3403 τὸ
2778 3349 2918 3420 αὕτη
2969 3351 3079 3420 γάρ
3139 3350 3259 3403 ἐστι
3307 3350 3369 3403 τὸ
3425 3342 3667 3420 down}:

400 3430 541 3506 quod
561 3435 676 3491 sive
701 3450 764 3488 ea:
799 3450 925 3503 quo,
957 3434 1193 3490 divinam
1227 3451 1361 3492 vero
1391 3436 1512 3506 ejus
1532 3441 1832 3494 essentiam
1869 3451 1978 3498 tan-

2096 3441 2245 3511 5μοια
2275 3443 2578 3512 προάγεται
2612 3440 2681 3494 τὰ
2715 3440 2775 3504 ὲξ
2803 3441 2970 3493 αὐτοῦ
3006 3440 3386 3511 προαγόμενα·
3415 3440 3539 3495 ὅθεν
3564 3441 3669 3496 καὶ

399 3542 565 3598 quam
616 3527 938 3597 principium
970 3543 1094 3597 quo.
1144 3527 1275 3597 ipsa.
1298 3529 1446 3583 enim
1494 3539 1597 3602 est_
1633 3532 1978 3601 species,'cui

2096 3534 2178 3588 τὸν
2204 3533 2333 3587 Υἱὸν
2383 3535 2481 3588 καὶ
2529 3533 2590 3587 τὸ
2626 3532 2855 3603 Πνεῦμα
2887 3533 3155 3603 ὀμοούσια
3185 3528 3324 3585 εἶναι
3364 3533 3535 3604 αὐτῷ,
3573 3534 3672 3588 διὰ

404 3618 608 3674 similia
664 3617 1046 3689 producuntur
1103 3635 1226 3690 quae
1267 3635 1335 3675 ex
1383 3620 1504 3692 ipso
1565 3624 1978 3693 producuntur;

2096 3626 2147 3680 ιδ
2174 3628 2284 3680 πᾶν
2321 3627 2399 3695 (5)
2438 3626 2501 3678 τὸ
2530 3626 2784 3696 παράγον
2809 3627 2998 3696 ὅμοιον
3028 3619 3302 3696 παράγέιν
3329 3626 3408 3698 τῷ
3440 3627 3591 3691 εῖδει,
3619 3623 3674 3698 ᾧ

403 3709 552 3765 unde
579 3719 636 3765 ct
684 3708 859 3765 Filius
904 3718 961 3764 et
1007 3709 1251 3780 Spiritus
1305 3713 1804 3771 consubstantiales
1856 3726 1978 3771 sunt

2096 3718 2347 3786 παράγει.
2383 3718 2489 3771 Τὸν
2518 3718 2574 3770 δὲ
2599 3718 2734 3770 Θεὸν
2765 3718 2860 3771 καὶ
2893 3719 3114 3788 Πατέρα
3146 3723 3212 3789 τῇ
3239 3720 3362 3791 θείᾳ
3388 3721 3549 3793 οὐσίᾳ
3578 3723 3679 3773 τὶν

402 3804 535 3874 ipsi,
564 3803 693 3873 quia
730 3817 891 3857 omne
923 3803 1236 3873 produceus
1266 3804 1445 3860 simile
1479 3806 1733 3876 producit
1756 3811 1978 3880 speciei,

2096 3809 2213 3863 Υίὸν
2239 3809 2419 3863 καὶτὸ
2444 3807 2673 3877 Πνεῦμα
2714 3809 3000 3879 προάγειν,
3039 3812 3133 3865 καὶ
3159 3812 3247 3866 διὰ
3273 3811 3432 3864 τοῦτο
3460 3812 3679 3881 ὀμ.οοῦ-

402 3908 510 3962 qua
567 3893 859 3962 producit;
913 3892 1056 3947 Deus
1112 3908 1243 3948 vero
1293 3895 1457 3950 Pater
1500 3897 1687 3952 divina
1749 3900 1978 3955 essentia

2096 3916 2180 3953 σια
2210 3899 2390 3970 ἑαυτῷ
2424 3900 2721 3970 προάγειν,
2754 3900 2901 3954 ὥστε
2958 3901 3306 3971 συμϐαίνειν,
3344 3902 3442 3970 τῆς
3480 3902 3684 3966 οὐσίας

400 3983 657 4055 producit
698 3982 901 4038 Filium
947 3997 1003 4040 et
1052 3983 1320 4055 Spiritum
1352 3996 1407 4041 et
1456 3986 1664 4043 idcirco
1695 3989 1801 4044 sibi
1848 4006 1978 4046 con-

2096 3986 2276 4055 κοινῆς
2311 3985 2406 4038 καὶ
2436 3986 2529 4056 τῆς
2564 3986 2741 4057 αὐτῆς
2778 3988 3035 4061 τάριθμῷ
3088 3990 3263 4061 Πατρὶ
3296 3992 3390 4043 καὶ
3424 3989 3542 4061 Υίῷ
3572 3996 3681 4046 καὶ.

402 4076 797 4132 substantiales
822 4076 1101 4147 producit.
1131 4076 1285 4133 Unde
1328 4078 1535 4143 evenit,
1569 4094 1693 4133 cum
1742 4083 1978 4138 essentia

2096 4077 2366 4149 [Ινεύματι
2408 4078 2577 4151 οὔσης
2604 4119 2621 4145 ,
2655 4082 2736 4135 ἔτι
2781 4097 2841 4133 τε
2893 4084 2951 4135 ὲν
2983 4084 3190 4155 ἑκάστῃ
3225 4083 3311 4152 (6)
3341 4084 3450 4137 τῶν
3499 4084 3677 4138 θείων

405 4168 717 4223 communis
745 4169 819 4222 sit
850 4167 1154 4236 eademque
1195 4182 1427 4222 numero
1469 4165 1615 4224 i’atri
1658 4180 1713 4225 et
1749 4171 1886 4244 Filio
1929 4183 1978 4229 et

2096 4166 2396 4238 προσώπων
2428 4170 2822 4240 ὐφεστηκυίας,
2852 4171 2931 4235 ὡς
2971 4172 3221 4243 εἴρηται,
3270 4174 3324 4226 εἴ
3358 4189 3411 4224 τι
3462 4172 3523 4241 ἐξ
3557 4176 3681 4244 ἀμ-

405 4261 660 4332 Spiritui,
689 4272 853 4330 atque
889 4259 945 4313 in
986 4258 1230 4328 qualibet
1275 4259 1585 4315 divinarum
1623 4242 1978 4332 personarum

2096 4259 2209 4328 poiv
2248 4260 2450 4330 προτοι,
2480 4261 2544 4315 οὐ
2580 4262 2785 4331 μᾶλλον
2819 4263 2895 4324 ὡς
2926 4262 2989 4314 ὲκ
3009 4262 3156 4317 δυοῖν
3187 4264 3219 4333 ἦ
3256 4261 3315 4329 ἐξ
3342 4264 3462 4328 ἐνὸς
3511 4242 3682 4333 προῖ-

406 4354 693 4418 subsistat,
730 4359 895 4421 prout
930 4340 1137 4404 dictum
1161 4358 1269 4415 est,
1295 4358 1354 4405 ut
1388 4349 1434 4404 si
1462 4351 1596 4420 quid
1620 4367 1686 4407 ex
1715 4353 1978 4411 ambobus

2096 4349 2225 4414 ἑναι,
2261 4349 2349 4404 διὰ
2379 4353 2440 4404 τδ
2465 4352 2568 4421 τὴν
2599 4351 2676 4416 ὡς
2704 4349 2841 4415 εἶδος
2869 4351 3044 4424 ἀρχὴν
3080 4352 3212 4423 μίαν
3238 4349 3381 4407 εἶναι
3420 4353 3521 4408 καὶ
3563 4355 3681 4424 τὴν

406 4445 657 4517 prodeat,
690 4443 745 4498 id
789 4457 899 4497 non
936 4440 1105 4512 magis
1139 4450 1192 4495 ut
1237 4456 1305 4495 ex
1337 4439 1552 4496 duobus
1582 4457 1744 4512 quam
1774 4458 1842 4498 ex
1874 4460 1978 4502 uno

2096 4440 2264 4513 αὐτὴν
2296 4443 2516 4514 ἀριθμῷ
2548 4443 2641 4496 καὶ
2673 4444 2858 4515 ἄκρως
2912 4444 3067 4515 μίαν.

409 4543 660 4612 prodeat,
685 4538 814 4610 quia
848 4537 1207 4609 principium,
1243 4534 1391 4606 quod
1428 4535 1580 4591 velut
1608 4537 1822 4608 species
1877 4549 1982 4608 est,
2016 4554 2189 4597 unum
2250 4538 2508 4609 idemque
2564 4553 2797 4592 numero
2848 4545 2905 4592 et
2951 4552 3114 4607 quant
3192 4537 3428 4592 maxime
3491 4552 3690 4593 unum

409 4644 512 4691 est.

481 4727 607 4782 llaec
647 4726 792 4781 dicta
821 4734 949 4780 sunt
978 4722 1045 4778 ad
1095 4731 1168 4788 te,
1206 4722 1547 4776 sanctissime
1597 4719 1819 4776 domine
1841 4764 1857 4788 ,
1892 4721 1985 4792 qui

378 4821 609 4878 -mclius
639 4820 798 4871 nobis
847 4832 911 4871 ea
962 4816 1105 4870 nosti
1155 4828 1218 4868 ac
1269 4814 1440 4867 multa
1470 4828 1570 4882 pro
1604 4812 1707 4867 hac
1759 4813 1987 4869 veritate

408 4914 647 4967 libenter
693 4925 889 4983 passus
942 4923 1043 4972 es;
1090 4907 1231 4961 dicta
1291 4922 1425 4960 vero
1468 4915 1600 4960 sunt
1657 4905 1985 4988 obedientite

409 5020 576 5057 causa
606 5013 660 5057 et
694 5006 822 5073 quia
867 5013 1096 5071 prorsus
1140 4996 1294 5052 nefas
1326 4998 1639 5066 putavimus
1673 4999 1781 5053 tuis
1831 5013 1984 5053 man-

481 5170 558 5239 (ι)
591 5167 803 5222 Monac.
840 5164 877 5220 f.
901 5162 1028 5239 25p,
1067 5161 1121 5239 b_,
1160 5159 1415 5239 {meum}

583 5240 662 5334 ι)ίά
696 5251 866 5334 marg;
900 5236 1055 5289 rubr.
1081 5232 1155 5296 ὡς
1183 5232 1343 5300 διχῶς
1379 5233 1412 5301 ὴ
1453 5229 1596 5301 ἁρχὴ
1622 5229 1697 5293 ὡς
1728 5231 1788 5283 τὸ
1828 5229 1860 5283 ὃ
1889 5232 1980 5284 καὶ

406 5314 466 5368 τὸ
492 5311 561 5380 ᾦ.
591 5311 784 5364 Κανῶν
809 5311 877 5373 γ’.

479 5388 556 5453 (τι)
591 5377 868 5453 5109.0“-

477 5440 554 5524 (ι)
585 5452 676 5507 Sic
701 5446 913 5503 Monac.
946 5444 985 5500 r.
1010 5444 1115 5500 250
1156 5444 1225 5508 ιη
1254 5443 1418 5498 Marc.
1457 5442 1494 5497 l.
1525 5441 1592 5498 66
1622 5440 1676 5507 b,
1714 5441 1765 5495 δ.

477 5612 554 5683 (α)
580 5613 875 5689 yidepost
902 5607 958 5664 S.
993 5606 1281 5689 Thomam...
1326 5617 1381 5671 p.
1415 5616 1452 5666 ι,
1485 5615 1539 5670 q.
1570 5597 1642 5654 36
1670 5612 1699 5651 a
1724 5597 1779 5665 2,
1805 5597 1981 5653 Plate-

407 5676 548 5755 liuiu'
580 5676 863 5755 Timui-p-
900 5695 941 5755 l;-
971 5693 1093 5755 Pf‘P-
1122 5676 1308 5755 5»§§:
1404 5741 1417 5755 .
1482 5740 1567 5755 ..υ
1644 5737 1695 5755 ᾼι
1890 5737 1926 5755 κ.

488 5753 561 5823 (ιν)
595 5752 727 5806 Vide
782 5737 847 5804 ti.
904 5737 1085 5802 nubtii-
1142 5737 1442 5799 inv'l‘ltcol.
1482 5737 1928 5809 Wirccburgcnsi
1960 5777 1976 5807 ,

2168 4717 2359 4774 Ταῦτα
2393 4717 2614 4788 εἴρηται
2654 4713 2753 4785 μὲν
2797 4712 2935 4784 πρὸς
2969 4712 3049 4777 σὲ,
3104 4712 3350 4765 θειότατε
3400 4713 3690 4779 δέσποτα,

2092 4812 2183 4868 τὸν
2208 4810 2409 4881 μᾶλλόν
2429 4826 2487 4863 τε
2516 4807 2674 4878 ἡμῶν
2701 4806 2887 4859 εἰδότα
2914 4807 3009 4858 καὶ
3036 4805 3206 4859 πολλὰ
3238 4807 3379 4875 ὑπὲρ
3402 4806 3504 4877 τῆς
3535 4807 3697 4879 ἁλη-

2095 4904 2249 4967 θείας
2295 4904 2501 4971 ταύτης
2551 4900 2788 4968 ἄσμενον
2833 4897 2909 4969 (7)
2971 4896 3323 4951 πεπονθότα·
3356 4897 3584 4967 εἴρηται
3624 4899 3701 4952 δὲ

2092 4995 2340 5066 ὑπακοῆς
2371 4993 2559 5047 εἵνεκα
2592 4990 2688 5045 καὶ
2737 4989 2829 5044 τοῦ
2882 4990 2962 5062 μὴ
3019 4990 3230 5045 οἴεσθαι
3278 4988 3504 5060 θεμιτὸν
3533 4989 3702 5051 ὅλως

2163 5161 2241 5232 (5)
2271 5162 2386 5215 Μὲν
2414 5159 2540 5232 add.
2565 5160 2774 5215 Monac.
2807 5157 2844 5214 f.
2879 5155 3006 5232 250,
3030 5157 3087 5213 ι).

2162 5225 2183 5303 (
2197 5232 2230 5287 6
2246 5243 2265 5301 )
2324 5232 2402 5287 Ac
2458 5230 2503 5285 si
2565 5237 2892 5300 sequeretur
2945 5228 3323 5285 ὐποστάσεων.
3399 5225 3464 5281 L.
3537 5228 3706 5283 ιδιά.

2091 5318 2221 5372 στῳ.

2164 5372 2268 5443 (7)
2326 5370 2488 5425 Marc.
2545 5369 2583 5424 f.
2647 5370 2756 5436 67,
2814 5383 2843 5423 α
2892 5384 2905 5422 :

2090 5460 2215 5505 νως.

2958 5355 3195 5438 ἄσμενος
3226 5384 3239 5398 ⁸
3301 5367 3429 5423 fort.
3488 5367 3707 5441 ἁσμί-

2287 5597 2359 5656 De
2393 5596 2503 5653 Deo
2536 5595 2702 5664 trino,
2734 5605 2773 5652 t.
2816 5592 2883 5660 ll,
2921 5607 3042 5663 cap.
3088 5597 3138 5663 i,
3183 5599 3289 5648 art.
3338 5590 3407 5660 2,
3444 5609 3509 5649 η.
3544 5592 3710 5663 368,
