3900 6216
381 319 478 379 167

1744 307 2247 370 BESSARIONIS

3527 305 3626 372 168

377 422 614 493 Spiritus
640 417 866 486 dicitur,
898 432 997 489 per
1031 416 1228 472 Filium
1273 415 1543 472 creaturis
1577 414 1939 488 suppeditari,

2049 419 2402 488 μιγνύτωσαν
2437 422 2573 492 ὁμοῦ
2607 422 2782 478 mina
2827 385 3105 493 κρήματαο
3153 420 3220 475 δι’
3253 417 3382 475 Υίοῦ
3436 421 3624 490 προτί-

377 516 433 570 in
489 512 625 567 Filio
675 524 921 576 manere,
969 510 1024 564 ln
1058 509 1194 564 Filio
1237 508 1619 578 requiescere,
1651 523 1761 563 non
1811 521 1942 562 vero

377 604 580 661 dicitur
610 617 709 673 per
736 601 957 657 Patrem
1005 601 1248 672 prodire,
1283 615 1386 656 nec
1431 615 1529 670 per
1554 601 1770 656 Patrem
1815 613 1945 668 sup-

374 697 632 770 peditari,
665 711 768 751 nec
800 697 856 750 in
903 694 1064 749 Patre
1102 708 1349 757 manere,
1380 708 1481 748 nec
1538 694 1594 748 in
1643 691 1805 747 Patre
1856 707 1946 744 re-

375 791 681 860 quiescere,
711 786 806 842 sed
830 801 897 840 ex
919 785 1080 839 Patre
1114 784 1438 855 procedere.
1469 783 1731 838 Dicantur
1757 782 1945 850 itaque

375 897 496 952 qua:
526 888 655 934 sunt
696 879 916 942 tradita,
945 892 1066 946 qua:
1094 891 1226 931 vero
1276 875 1497 930 silentio
1550 872 1942 944 praetermissa,

374 975 674 1038 sileantur;
713 982 770 1026 et
794 971 1126 1040 propositio,
1149 982 1269 1037 quae
1309 967 1572 1037 Spiritum
1605 973 1852 1020 sanctum
1879 979 1945 1018 ex

375 1066 512 1120 Filio
558 1065 692 1118 dicit
743 1063 1047 1133 procedere
1096 1073 1351 1130 tanquam
1403 1059 1581 1113 aliena
1622 1066 1678 1112 et
1729 1056 1944 1110 insolita

373 1154 567 1225 procul
601 1154 906 1224 ablegctur.

798 1263 1122 1320 NlCASNUS
1174 1262 1534 1319 ANTISTES.

445 1381 576 1446 Quae
603 1379 784 1434 Latini
819 1379 1033 1443 dicunt,
1062 1392 1124 1431 ea
1156 1387 1212 1431 et
1241 1376 1512 1444 probant;
1558 1383 1614 1428 tu
1661 1388 1796 1428 vero
1836 1374 1947 1427 fru-

375 1482 489 1526 stra
529 1472 680 1539 ipsos
715 1469 1078 1524 incriminans
1109 1467 1246 1520 nihil
1279 1467 1466 1522 efﬁcis.
1498 1464 1946 1534 Prmpositionem

377 1566 522 1619 enim
542 1581 636 1635 per
657 1565 775 1618 loco
794 1561 1196 1633 przepositionis
1220 1576 1284 1613 ex
1310 1559 1583 1629 usurpari,
1617 1566 1729 1610 tum
1763 1557 1948 1611 multis

375 1659 660 1713 doctorum
696 1653 1024 1710 testimoniis
1057 1651 1366 1706 ostenditur
1410 1661 1522 1704 tum
1574 1649 1805 1702 Basilius
1841 1655 1946 1714 est,

376 1751 470 1820 qui
499 1750 709 1819 primus
742 1749 844 1801 hoc
876 1743 1152 1814 perspexit
1192 1750 1247 1796 ct
1275 1743 1329 1794 in
1378 1741 1533 1796 libris
1563 1740 1628 1793 ad
1662 1740 1944 1809 Amphilo-
1979 1771 2020 1826 Β

377 1844 561 1896 chium
595 1840 794 1908 saepius
818 1837 979 1899 dixit,
1016 1849 1121 1887 non
1164 1848 1382 1902 semper
1409 1832 1506 1886 has
1530 1831 1945 1901 prmpositiones

379 1934 443 1987 ad
481 1931 714 1985 invicem
745 1925 1096 1983 commutari.
1129 1923 1286 1990 Quod
1308 1938 1440 1977 vero
1470 1922 1830 1992 interrogatio
1853 1931 1943 1975 tua

377 2025 525 2079 haud
561 2020 900 2076 rationabilis
929 2026 1032 2084 est,
1069 2033 1174 2087 qua
1216 2032 1246 2070 a
1284 2017 1444 2071 nobis
1471 2015 1686 2070 ostendi
1745 2013 1943 2084 poscis,

377 2127 562 2171 utrum
608 2124 664 2169 et
697 2129 790 2184 per
840 2111 1056 2166 Patrem
1083 2109 1320 2178 Spiritus
1372 2118 1594 2162 sanctus
1650 2106 1944 2176 procedere

378 2208 560 2263 dictus
614 2206 781 2260 fuerit
827 2202 1050 2268 alicubi,
1098 2216 1164 2256 ex
1214 2201 1302 2254 his
1352 2199 1722 2254 manifestum.
1757 2199 1946 2268 Neque

378 2303 524 2358 enim
562 2302 606 2356 si
641 2302 693 2355 in
724 2299 1077 2371 quibusdam,
1105 2297 1215 2367 jam
1247 2305 1302 2351 et
1337 2297 1388 2350 in
1421 2296 1677 2350 omnibus
1707 2314 1720 2361 ;
1769 2310 1946 2365 neque

376 2395 420 2449 si
456 2410 563 2449 non
603 2395 656 2448 in
692 2391 970 2456 omnibus,
998 2391 1108 2459 jam
1143 2403 1321 2458 neque
1351 2388 1406 2442 in
1454 2388 1781 2458 quibusdam
1830 2404 1950 2443 om-

323 2525 336 2530 -
378 2487 530 2550 nino,
574 2485 619 2540 si
681 2492 880 2538 tamem
932 2479 1234 2550 logicarum
1293 2479 1608 2549 regularum
1655 2493 1715 2532 es
1765 2478 1947 2533 adhuc

376 2592 607 2632 memor.
658 2575 827 2629 Nobis
868 2573 1035 2642 igitur
1093 2571 1147 2626 in
1215 2570 1504 2640 praesentia
1539 2569 1757 2636 sullieit,
1791 2571 1837 2625 si
1888 2571 1942 2623 in

377 2666 700 2739 quihusdam
735 2667 840 2720 hoc
869 2666 942 2720 ita
978 2679 1035 2719 se
1064 2663 1268 2719 habere
1310 2663 1685 2718 invenerimus
1720 2673 1774 2718 et
1807 2662 1859 2716 in
1890 2663 1943 2717 id

377 2758 582 2828 ipsum,
635 2757 782 2828 quod
838 2753 1130 2826 qureritur,
1184 2753 1320 2809 illud
1371 2753 1582 2823 aptari,
1642 2754 1944 2824 praesertim

379 2851 600 2922 quando
651 2850 768 2921 ipse
808 2862 1003 2903 sensus
1050 2846 1326 2902 dictorum
1375 2846 1779 2914 verborumque
1821 2845 1951 2915 jun-

376 2939 535 2999 ctura
587 2957 652 2996 ae
699 2943 970 2998 connexio
1003 2949 1168 3009 atque
1219 2953 1402 2994 rerum
1452 2937 1846 3006 consequentia
1890 2936 1945 2992 id

380 3037 560 3107 ipsum
593 3033 808 3089 suadet.
844 3033 1036 3088 Nonne
1075 3039 1131 3085 et
1157 3039 1236 3096 tu,
1269 3030 1399 3085 dum
1430 3043 1530 3099 per
1565 3027 1766 3082 Filium
1807 3027 1944 3083 dicis

2044 526 2131 564 ναι
2175 510 2414 581 λέγεται,
2460 513 2528 567 δι’
2589 513 2721 567 Υίοῦ
2775 514 3137 584 χορηγεῖσθαι
3191 515 3258 583 τῇ
3299 510 3510 575 κτίσει,
3566 512 3628 565 ἐν

2044 601 2160 672 Υἱῷ
2191 603 2396 674 μένειν,
2432 605 2490 660 ἐν
2517 605 2631 676 rte;
2662 605 3065 672 ἀναπαύεσθαι,
3101 603 3222 658 οὐδέ
3265 604 3346 674 (ι)
3375 603 3464 656 διὰ
3506 603 3619 656 lla.-

2042 692 2172 761 τρὸς
2204 695 2473 764 προϊέναι,
2515 694 2638 749 οὔτε
2688 695 2777 748 διὰ
2835 694 3052 764 [ἰατρὸς
3106 693 3464 765 χορηγεῖσθαι
3494 690 3622 745 οὕτε

2043 785 2100 838 ἐν
2129 785 2303 854 “arpi.
2332 787 2536 856 μένειν,
2573 786 2698 840 οὔτε
2728 787 2789 840 ἐν
2839 787 3017 856 [lupi
3058 785 3459 849 ἀναπαύεσθαι,
3504 782 3624 838 ἀλλ’

2044 876 2108 930 ἐκ
2134 878 2228 930 τοῦ
2256 878 2467 948 Πατρδς
2493 878 2914 947 ἐκπορεύεσθαιο
2946 877 3190 945 λεγέσθω
3231 877 3414 931 τοίνυν
3440 876 3511 930 τά
3535 893 3626 929 κε-

2045 971 2392 1037 κηρυγμένα,
2431 970 2616 1023 καὶτὰ
2673 969 3010 1040 σεσιγημένα
3053 969 3319 1036 σιγάσθω,
3347 970 3443 1023 καὶ
3479 970 3540 1024 τὸ
3567 970 3628 1036 ἐξ

2047 1061 2174 1114 Υίοῦ
2202 1064 2264 1114 τὸ
2290 1063 2513 1133 Πνεῦμα
2547 1063 2610 1116 τὸ
2644 1062 2798 1132 ἆγιον
2837 1062 3241 1134 ἐκπορεύεσθαι
3287 1062 3362 1128 ὼς
3392 1062 3628 1134 ἐκφυλόν

2045 1169 2104 1204 τε
2138 1153 2230 1205 καὶ
2257 1151 2424 1223 ἄηθες
2454 1152 2938 1221 ἀπεσκορακίσθω.

2573 1264 2756 1333 (τον)
2791 1265 3101 1318 ΝικΑιΑΣ.

2126 1377 2192 1429 "A
2225 1376 2322 1445 μὲν
2352 1375 2574 1429 Λατῖνοί
2605 1392 2760 1444 φασι,
2785 1377 2880 1430 καὶ
2903 1375 3236 1429 δεικνύουσι⁹
3268 1376 3332 1430 σὺ
3358 1375 3414 1430 δέ
3449 1377 3630 1447 μάτην

2050 1468 2232 1530 αὐτοῖς
2261 1467 2511 1535 ἐγκαλῶν
2537 1468 2823 1537 περαίνεις
2846 1467 3024 1523 οὐδέν.
3051 1467 3174 1521 ὐτι
3207 1468 3308 1537 μὲν
3339 1468 3448 1536 γάρ
3477 1471 3629 1522 ἐστιν

2050 1560 2137 1626 ἐφ’
2157 1552 2231 1613 ὧν
2261 1561 2294 1628 ἡ
2321 1559 2419 1613 διὰ
2445 1560 2565 1612 ἀντὶ
2592 1559 2692 1622 τῆς
2717 1559 2783 1612 ἐκ
2818 1559 2884 1612 λα
2895 1558 3159 1629 μὸάνεται
3191 1559 3410 1620 πολλαῖς
3434 1575 3494 1611 τε
3518 1559 3627 1612 τῶν

2053 1651 2392 1705 διδασκάλων
2457 1651 2794 1722 μαρτυρίαις
2859 1651 3172 1704 δείκνυται·
3214 1651 3309 1703 καὶ
3350 1649 3627 1713 Βασίλειός

2049 1744 2240 1804 ἐστινρ
2256 1744 2443 1812 Μέγας
2463 1746 2489 1797 ὁ
2509 1743 2723 1814 πρῶτος
2738 1741 2897 1796 τοῦτο
2918 1743 3361 1812 διανοησάμενος,
3387 1743 3492 1796 κάν
3513 1744 3628 1805 τοῖς

2054 1838 2188 1908 πρὸς
2227 1836 2572 1907 Ἀμφιλόχιον
2630 1835 2890 1897 πολλάκις
2926 1834 3099 1888 εἰπὼν
3129 1835 3230 1888 οὐκ
3253 1836 3344 1889 ἀεὶ
3364 1834 3464 1897 τὰς
3492 1851 3631 1904 προ-

2051 1927 2227 1990 θέσεις
2253 1927 2457 1990 ταύτας
2503 1927 2762 1996 ἀλλήλαις
2802 1926 3316 1996 ἀντιμεθίστασθαι.
3358 1927 3481 1979 Ὀτι
3510 1925 3556 1978 δ’
3589 1927 3626 1996 ἠ

2053 2017 2120 2088 σὴ
2147 2018 2420 2089 ἐρώτησις
2446 2018 2543 2070 οὐκ
2583 2017 2804 2085 εὔλογος
2838 2017 3196 2080 ἀπαιτοῦντος
3246 2017 3397 2087 ἡμᾶς
3430 2017 3625 2082 δεῖξαι,

2049 2108 2098 2160 εί
2126 2107 2219 2161 καὶ
2247 2107 2344 2162 διὰ
2381 2107 2488 2161 τοῦ
2531 2107 2761 2176 Πατρός
2800 2106 3029 2178 εὕρηταί
3091 2124 3194 2160 που
3246 2107 3536 2178 εἰρημένον
3563 2108 3628 2160 τὸ

2049 2199 2275 2269 Πνεῦμα
2320 2199 2381 2253 τὸ
2429 2198 2583 2266 ἅγιον
2629 2199 3071 2270 ἐκπορεύεσθαι,
3121 2201 3282 2270 δῆλον
3339 2199 3622 2254 ἐντεῦθεν.

2051 2290 2126 2344 Οὐ
2161 2291 2269 2360 γὰρ
2301 2290 2350 2342 εἰ
2380 2290 2472 2342 ἐπί
2493 2305 2676 2356 τινων,
2703 2290 2797 2344 καὶ
2823 2291 2917 2344 ἐπὶ
2936 2291 3155 2344 πάντων
3185 2291 3309 2362 ἤδη*
3334 2291 3446 2345 οὐδ’
3473 2292 3523 2344 εί
3551 2289 3626 2362 μὴ

2051 2384 2142 2435 ἐπὶ
2171 2383 2410 2449 πάντων,
2442 2382 2554 2436 οὐδ’
2579 2381 2673 2436 ἐπί
2700 2399 2863 2436 τινων
2891 2383 3053 2450 ὅλως,
3087 2383 3142 2436 εί
3161 2401 3226 2452 γε
3253 2384 3494 2437 κανόνων
3517 2383 3628 2438 τῶν

2049 2473 2283 2542 λογικῶν
2315 2474 2617 2545 μέμνησαι.
2659 2472 2825 2544 Ἡμῖν
2859 2474 2952 2529 οῦν
2981 2477 3116 2545 πρὸς
3149 2492 3212 2544 γε
3239 2475 3300 2529 τδ
3330 2475 3625 2546 προκείμε-

2049 2583 2138 2621 νον
2168 2567 2352 2620 ἱκανὸν
2384 2569 2476 2621 ἐπί
2505 2582 2668 2621 τινων
2697 2565 2847 2621 τοῦθ’
2895 2566 3070 2632 οὕτως
3100 2568 3224 2638 ἔχον
3263 2565 3486 2639 εὑροῦσι
3530 2569 3625 2621 καὶ

2048 2656 2140 2709 ἐπὶ
2163 2656 2224 2710 τὸ
2256 2653 2598 2727 ζητούμενον
2652 2657 2787 2710 αὐτὸ
2849 2659 3211 2728 ἐφαρμόζειν,
3257 2659 3351 2712 καὶ
3402 2655 3626 2728 μάλισθ’

2047 2747 2176 2801 ὃταν
2206 2748 2370 2810 αὐτός
2395 2765 2456 2801 τε
2488 2747 2594 2801 τῶν
2636 2747 2948 2820 λεγομένων
2979 2753 3006 2803 ὁ
3032 2749 3158 2814 νοῦς
3207 2752 3308 2805 καὶ
3353 2749 3382 2801 ό
3431 2748 3626 2820 εἱρμδς

2049 2838 2160 2892 τῶν
2186 2839 2472 2911 ῥημάτων,
2499 2840 2610 2893 τῶν
2638 2857 2698 2893 τε
2723 2842 3066 2911 πραγμάτων
3091 2843 3123 2913 ἡ
3151 2840 3447 2895 ἀκολουθία
3476 2840 3627 2894 τοῦτ’

2049 2930 2184 2984 αὐτὸ
2231 2929 2417 3003 πείθῃ.
2485 2931 2557 2984 Ἣ
2610 2931 2676 2984 σὺ
2733 2932 2801 2987 δι’
2851 2933 2982 2986 Υίοῦ
3047 2933 3296 3004 προϊέναι
3339 2932 3516 3003 λέγων
3552 2932 3616 2986 τὸ

2052 3021 2279 3093 Πνεῦμα
2304 3022 2368 3076 τὸ
2403 3024 2559 3091 ἅγιον
2579 3023 2806 3093 πρόοδον
2837 3023 2936 3094 τὴν
2964 3025 3225 3095 χρονικὴν
3252 3026 3461 3095 ταύτην
3489 3027 3645 3080 ἀπο-ί

374 3103 645 3198 ,έρίτὶιιιιιι
722 3134 973 3181 sanctum
1026 3122 1245 3192 prodire
1315 3119 1754 3191 progressionem
1803 3118 1943 3174 hanc

2051 3115 2244 3184 στολὴν
2272 3114 2520 3185 οἰόμενος
2553 3117 2677 3186 οὐχὶ
2713 3115 2808 3170 καὶ
2831 3115 2889 3183 ἐξ
2913 3117 3048 3171 Υίοῦ
3089 3116 3236 3170 τοῦτ’
3273 3119 3408 3172 αὐτὸ
3441 3118 3622 3189 προϊέ-

380 3216 738 3287 temporalem
770 3213 1086 3270 missionem
1140 3212 1479 3278 existimans,
1513 3210 1678 3265 etiam
1707 3225 1774 3265 ex
1805 3210 1943 3265 Filio

377 3323 504 3364 eum
564 3305 787 3376 prodire
847 3301 1098 3358 diceres?
1148 3300 1384 3357 Omnino
1417 3300 1666 3370 quidem.
1709 3300 1756 3355 si
1813 3315 1942 3355 vera

377 3397 628 3468 proferre
657 3395 762 3450 vis.
797 3394 866 3448 Et
897 3407 999 3448 nos
1034 3393 1199 3464 igitur
1233 3407 1261 3446 a
1298 3391 1502 3446 sanctis
1532 3390 1820 3445 audientes
1847 3405 1944 3460 per

376 3490 573 3545 Filium
613 3502 740 3542 eum
798 3483 1100 3556 procedere
1155 3491 1212 3538 et
1253 3497 1352 3553 per
1386 3482 1585 3537 Filium
1631 3497 1772 3544 esse,
1823 3497 1944 3552 quas

375 3582 613 3636 maxime
640 3594 751 3650 pra:
779 3577 1036 3633 omnibus
1068 3583 1125 3630 et
1163 3575 1466 3631 secundum
1495 3589 1595 3630 vos
1638 3575 1946 3646 hypostati-

377 3687 497 3727 cam
531 3671 703 3741 ipsius
734 3679 790 3724 et
834 3668 891 3722 in
931 3667 1346 3722 subsistentiam
1375 3667 1818 3736 progressionem
1850 3668 1945 3723 de-

376 3763 609 3825 clarant,
645 3758 792 3814 idem
821 3771 942 3811 esse
971 3755 1369 3820 existimamus,
1387 3769 1452 3811 ac
1479 3770 1546 3810 ex
1566 3754 1707 3810 Filio
1734 3755 1939 3823 dicere,

376 3855 609 3908 maxime
641 3867 764 3906 cum
791 3858 845 3905 et
869 3849 1072 3903 multos
1109 3847 1247 3902 alios
1271 3847 1524 3903 doctores
1555 3847 1846 3903 audiamus
1875 3863 1944 3903 ex

375 3943 514 3998 Filio
553 3944 732 4014 ipsum
759 3954 882 3995 esse
912 3939 1160 3994 dicentes
1187 3945 1242 3993 et
1270 3952 1339 3992 ex
1389 3937 1552 3992 Patre
1597 3953 1696 4008 per
1744 3937 1940 3994 Filium

373 4037 458 4091 vel
487 4051 553 4090 ex
591 4033 856 4088 ambobus
893 4047 1034 4087 esse.
1065 4030 1147 4084 'l‘u
1184 4046 1318 4085 vero
1363 4029 1634 4086 absurdus
1674 4030 1944 4100 quodam.

374 4129 540 4183 modo
587 4142 648 4182 es
700 4127 882 4181 statim
943 4125 1011 4179 ab
1049 4123 1263 4178 initioa
1319 4122 1595 4178 calumnia
1623 4123 1942 4189 exordiens,

376 4221 505 4276 dum
537 4220 685 4292 quod
719 4217 894 4273 Latini
925 4214 1336 4286 partieulariter
1385 4213 1614 4280 dicunt,
1653 4213 1759 4268 hoc
1785 4215 1940 4284 quasi

375 4313 706 4385 generaliter
731 4324 828 4364 eos
858 4307 1106 4362 dicentes
1147 4305 1464 4361 traducens.
1513 4303 1662 4360 Nihil
1699 4306 1847 4359 enim
1887 4308 1940 4361 in

331 4393 334 4397 ’
373 4405 658 4461 nonnullis
685 4402 908 4457 diﬂ‘erre
938 4399 1036 4454 has
1072 4398 1479 4468 propositiones
1517 4397 1603 4450 isti
1635 4397 1826 4453 dicunt
1858 4413 1943 4452 re—

374 4512 503 4552 vera
529 4503 584 4549 et
613 4503 668 4548 tu
699 4491 816 4562 ipse
878 4489 932 4545 id
966 4489 1214 4546 declaras
1259 4489 1345 4555 iis,
1406 4488 1606 4560 quibus
1663 4504 1797 4544 usus
1861 4505 1942 4555 es,

374 4585 642 4655 exemplis
666 4602 681 4651 ;
709 4583 842 4638 nihil
865 4590 1045 4637 autem
1073 4581 1296 4636 omnino
1325 4596 1418 4636 cas
1457 4581 1700 4647 dill‘erre,
1732 4583 1944 4652 simpli-

375 4679 516 4732 citer
543 4691 604 4730 ea
628 4690 758 4730 voce
794 4673 1158 4744 sumpta,hoc
1190 4684 1342 4727 tuum
1374 4674 1806 4729 additamentum
1839 4683 1940 4729 est.

375 4771 591 4827 Etenim
617 4767 794 4838 quoad
826 4768 916 4821 illa
943 4767 1212 4822 duntaxat
1260 4765 1313 4819 id
1355 4782 1548 4821 verum
1580 4777 1684 4832 est,
1725 4768 1778 4821 in
1824 4769 1946 4836 qni-

373 4865 479 4919 bns
517 4872 572 4916 et
597 4859 856 4916 mediatie
894 4857 1144 4928 quaedam
1181 4858 1409 4927 intelligi
1465 4869 1666 4928 queat;
1703 4873 1810 4912 non
1845 4859 1942 4924 ita,

375 4966 434 5008 ut
480 4955 533 5008 in
588 4960 841 5007 creatura
891 4949 1110 5020 quidem
1155 4949 1528 5018 intelligatur,
1576 4965 1685 5004 non
1727 4965 1858 5004 vero
1887 4954 1941 5004 in

375 5045 601 5110 deitate,
622 5058 724 5099 nec
747 5043 801 5097 in
826 5041 1026 5096 deitate
1051 5040 1117 5095 de
1150 5041 1287 5096 Filio
1308 5041 1554 5112 quidem,
1587 5057 1694 5096 non
1719 5059 1850 5097 vero
1878 5043 1943 5096 de

376 5139 537 5191 l‘atre
580 5135 719 5203 (haec
745 5149 854 5188 non
885 5141 968 5187 cst
999 5133 1269 5188 sententia
1296 5147 1488 5186 eorum
1515 5135 1608 5202 qui
1639 5143 1786 5188 recta
1817 5149 1942 5188 sen-

377 5229 570 5298 tiunt).
598 5241 790 5280 verum
825 5225 878 5280 in
913 5225 1022 5288 his,
1073 5225 1190 5277 sive
1217 5224 1474 5278 deitatem
1511 5225 1784 5294 intelligas
1826 5226 1942 5280 sive

374 5317 815 5382 ereaturam,ubi
846 5317 1102 5371 mediatio
1129 5315 1378 5385 quaedam
1396 5315 1473 5387 (a)
1495 5315 1718 5385 intelligi
1748 5318 1942 5387 possit,

379 5422 436 5465 ut
467 5421 522 5466 ct
565 5409 809 5479 exempla
845 5417 1132 5463 testantur.
1169 5405 1323 5471 Quod
1358 5421 1424 5462 ex
1460 5408 1819 5476 sequentibus
1850 5425 1944 5480 pa-

446 5525 526 5593 (l)
559 5522 700 5576 Non.
731 5521 834 5577 Ἧι
863 5519 1013 5575 οὔτε.

445 5635 522 5705 (a)
575 5636 672 5710 D_e_.
700 5633 1082 5710 prmpositionc
1137 5651 1229 5710 per
1273 5635 1480 5710 confer
1518 5635 1576 5692 S.
1631 5635 1894 5710 Thomam
1924 5679 1939 5703 ,

374 5719 427 5773 ι).
453 5700 582 5774 τίη.
610 5700 780 5771 5ϋ,ιι.
814 5700 848 5757 3
877 5723 892 5769 ;
917 5700 1146 5758 llicron.
1174 5705 1391 5768 Donati,
1425 5700 1520 5761 lib.
1551 5722 1634 5773 ιιι,
1684 5709 1756 5762 Dc
1782 5700 1934 5777 proc.

2052 3219 2140 3256 ναι
2172 3204 2337 3274 φαίης
2371 3203 2456 3269 ἂν,
2489 3205 2707 3268 πάντως
2730 3223 2794 3274 γε
2813 3206 3022 3278 τάληθῆ
3049 3209 3376 3279 πρεσϐεύειν
3401 3211 3626 3265 ἐθέλων.

2051 3302 2164 3356 Καὶ
2193 3303 2351 3372 ἡμεῖς
2374 3302 2468 3358 οῦν
2489 3303 2554 3357 δι’
2581 3303 2713 3357 Υίοῦ
2737 3304 2869 3360 αὐτὸ
2896 3305 3292 3375 ἐκπορεύεσθαι
3316 3308 3426 3362 τῶν
3455 3309 3627 3378 ἁγίων

2052 3388 2366 3458 ἀκούδντες,
2396 3396 2492 3448 καὶ
2511 3395 2577 3448 δι’
2603 3396 2734 3448 Υίοῦ
2761 3390 2924 3461 εἶναι,
2957 3397 2993 3450 ἃ
3020 3398 3240 3452 πάντων
3271 3400 3509 3468 μάλιστα
3536 3409 3630 3456 καὶ

2052 3486 2178 3540 καθ’
2210 3489 2349 3557 ὑμᾶς
2383 3488 2458 3560 (2)
2487 3488 2586 3558 τὴν
2617 3488 2990 3558 ὑποστατικὴν
3027 3490 3191 3543 αὑτοῦ
3232 3493 3324 3545 καὶ
3354 3496 3629 3564 ὑπαρκτι-

2051 3579 2154 3648 κὴν
2179 3578 2328 3650 δηλοῖ
2358 3578 2604 3649 πρόοδον,
2646 3579 2843 3632 ταυτὸν
2869 3580 2948 3651 τῷ
2995 3579 3052 3647 ἐξ
3086 3580 3214 3635 Υιοῦ
3247 3578 3383 3638 εἶναι
3411 3586 3627 3656 νομίζο-

2054 3686 2175 3741 μεν,
2206 3669 2444 3740 μάλιστα
2477 3673 2572 3726 καὶ
2597 3670 2811 3727 πολλῶν
2836 3671 3013 3726 ἄλλων
3037 3672 3377 3730 διδασκάλων
3404 3677 3464 3742 ἐξ
3497 3678 3630 3733 Υίοῦ

2052 3763 2183 3816 αὐτὸ
2226 3759 2368 3817 εῖναι
2421 3763 2690 3831 λεγόντων
2725 3751 3015 3829 ἀκούοντες
3067 3768 3161 3821 καὶ
3189 3769 3254 3822 ἐκ
3305 3770 3514 3841 Πατρός
3559 3773 3628 3826 δι’

2053 3853 2182 3907 Υίοῦ
2218 3855 2388 3924 ἤγουν
2419 3854 2478 3920 ἐξ
2507 3857 2713 3926 ἀμφοῖν
2749 3853 2910 3914 εἶναι.
2959 3859 3033 3912 Σὺ
3067 3859 3122 3913 δέ
3166 3862 3262 3914 καὶ
3305 3861 3508 3928 ἄτοπός
3541 3881 3625 3929 τις

2051 3940 2104 3999 εἷ
2159 3946 2322 4009 εὐθὺς
2352 3947 2410 4013 ἐξ
2468 3949 2644 4018 ἀρχῆς
2697 3949 2806 4003 ἀπὸ
2862 3954 3234 4021 συκοφαντίας
3266 3955 3623 4025 ἀρχόμενοςὲ

2051 4053 2217 4104 φασιν
2240 4039 2288 4090 oi
2319 4039 2538 4091 Λατῖνοι
2569 4039 2662 4092 ἐπὶ
2699 4041 2923 4110 μέρους,
2956 4044 3122 4107 αὐτος
3159 4044 3236 4107 ὠς
3265 4046 3500 4100 καθόλου
3527 4047 3624 4100 a6-

2050 4128 2176 4192 τοὺς
2197 4129 2456 4197 λέγοντας
2497 4129 2824 4185 διαϐάλλωνο
2854 4135 3022 4204 μηδὲν
3053 4135 3155 4204 μὲν
3184 4138 3294 4210 γὰρ
3325 4141 3417 4193 ἐπί
3465 4155 3630 4194 τινων

2050 4218 2329 4289 διαφέρειν
2377 4221 2477 4283 τὰς
2530 4221 2820 4290 προθέσεις
2874 4225 3080 4290 ταύτας
3123 4229 3218 4282 καὶ
3284 4228 3434 4298 μάλα
3465 4235 3627 4299 φασὶ,

2049 4312 2231 4382 δηλοῖς
2277 4312 2454 4366 δὲκαὶ
2508 4314 2668 4377 αὐτὸς
2705 4310 2787 4378 οἷς
2840 4315 3106 4388 κέχρησαι
3154 4321 3565 4392 παραδείγμασι
3608 4340 3626 4357 ο

2054 4403 2222 4474 μηδὲν
2259 4403 2305 4458 δ’
2349 4403 2487 4467 ὅλως
2531 4405 2816 4476 διαφέρειν
2864 4409 3034 4474 αὐτὸς
3081 4411 3268 4476 ἁπλῶς
3313 4413 3411 4467 τοῦ
3467 4415 3626 4485 λόγου

2053 4495 2488 4566 λαμῦανομένου,
2519 4496 2680 4550 τοῦτο
2708 4498 2764 4551 δὲ
2795 4500 2874 4570 (ἡ)
2903 4500 2970 4572 σὴ
3016 4502 3305 4576 προσθήκη
3348 4505 3486 4560 ἐστί.
3515 4509 3626 4562 Καὶ
3690 4489 3693 4494 γ

2052 4587 2162 4657 γὰρ
2191 4586 2278 4639 ἐπ’
2305 4587 2531 4640 ἐκείνων
2555 4588 2699 4640 τοῦτ’
2729 4589 2928 4660 ἀληθὲς
2955 4594 3146 4658 μόνον,
3179 4595 3267 4663 ἐφ’
3314 4591 3390 4650 ὧν
3416 4597 3510 4650 καί
3538 4615 3626 4662 τις

2054 4679 2301 4747 μεσιτεὶα
2356 4679 2557 4731 δύναιτ’
2615 4680 2680 4733 ἂν
2735 4682 2996 4752 νοηθῆναι
3054 4683 3155 4737 οὐκ
3211 4685 3306 4738 ἐπὶ
3353 4687 3453 4756 τῆς
3506 4689 3626 4740 κτίι

2054 4785 2190 4830 σεως
2249 4770 2369 4838 μὲν,
2408 4772 2500 4824 ἐπὶ
2531 4771 2586 4822 δὲ
2637 4771 2892 4841 θεότητος
2937 4772 3022 4838 οὓ,
3075 4777 3194 4830 οὐδὲ
3222 4779 3318 4848 τῆς
3367 4780 3625 4848 θεότητος

2049 4861 2141 4913 ἐπὶ
2174 4860 2267 4914 τοῦ
2295 4861 2425 4914 Υῖοῦ
2457 4863 2577 4931 μὲν,
2625 4864 2719 4916 ἐπὶ⁵
2766 4865 2860 4916 τοῦ
2892 4867 3103 4936 Πατρδς
3128 4867 3175 4920 δ’
3207 4867 3267 4922 οὒ
3303 4869 3424 4939 (οὐχ
3477 4871 3621 4940 αῦτη

2047 4953 2154 5005 τῶν
2180 4953 2248 5007 τὰ
2299 4954 2434 5020 ὀρθὰ
2467 4955 2806 5024 φρονούντων
2853 4957 3022 5027 δόξα),
3083 4959 3198 5012 ἀλλ’
3249 4962 3336 5032 ἐφ’
3381 4959 3458 5014 ἀν
3510 4963 3624 5016 εἴτε

2049 5043 2278 5114 θεότητα
2311 5046 2420 5097 εἴτε
2452 5047 2629 5099 κτίσιν
2667 5049 2940 5119 νοήσειας,
2991 5051 3085 5104 καί
3116 5068 3199 5114 τις
3246 5053 3494 5122 μεσιτείι
3529 5053 3623 5106 δύ-

2046 5135 2184 5187 ναιτ’
2216 5134 2280 5188 ἂν
2325 5137 2766 5208 παραληφθῆναι,
2803 5140 2880 5204 ὡς
2905 5140 2974 5193 τὰ
3025 5143 3447 5213 παραδείγματα
3480 5161 3626 5216 μαρ-

2046 5229 2219 5296 τυρεῖ.
2265 5229 2374 5280 Καὶ
2399 5229 2558 5298 δῆλον
2587 5231 2860 5288 ἐντεῦθεν.
2909 5233 3366 5304 Αὺτεξουσιότητι
3393 5252 3621 5306 τετιμη-

2047 5317 2158 5382 κὼς
2190 5320 2336 5388 ἡμᾶς
2367 5322 2394 5372 ὁ
2419 5321 2572 5385 Θεὸς,
2596 5324 2689 5376 καὶ
2707 5321 2988 5392 βνυληθεὶς
3017 5327 3082 5396 τῇ
3109 5326 3288 5397 οἰκείᾳ
3319 5327 3618 5399 ἀγαθότητι

2044 5410 2154 5462 τῶν
2193 5411 2366 5480 ὀρθῶς
2405 5412 2470 5465 ἂν
2497 5413 2628 5483 ἡμῖν
2679 5414 3146 5486 πραχθησομένων
3185 5418 3419 5488 ἀμοιϐὰς
3471 5421 3614 5472 611:9-

2116 5525 2193 5597 (2)
2233 5525 2321 5581 Sic
2346 5525 2511 5581 Marc.
2536 5525 2579 5580 f.
2621 5527 2754 5594 676;
2788 5527 2935 5583 Men.
2965 5529 3004 5584 ί.
3028 5531 3134 5585 233
3156 5547 3207 5598 a,
3233 5533 3400 5604 ἡμᾶς.

2044 5638 2232 5714 Spirit.
2261 5649 2461 5714 δουρί..
2493 5656 2546 5714 c._
2573 5641 2646 5707 9;
2697 5641 2999 5714 Petavium,
3033 5644 3107 5700 De
3130 5645 3352 5709 Trinit.,
3385 5645 3483 5701 lib.
3509 5661 3613 5714 vn,

2007 5717 2012 5726 ’
2043 5727 2094 5766 c.
2129 5711 2230 5774 l7;
2257 5721 2310 5765 et
2342 5710 2712 5766 Bessarionem
2749 5712 2946 5783 ipsum.
2978 5714 3132 5769 Orat.
3159 5715 3369 5786 degun,
3402 5731 3453 5772 ο.
3487 5716 3538 5772 5.
