  <div class='ocr_page' id='page_1' title='image "/cluster/home/n/w/nwhite01/storage/ocr_20150623/161/hvd.32044073502700/187.png"; bbox 0 0 3900 6216; ppageno 0'>
   <div class='ocr_carea' id='block_1_1' title="bbox 343 344 445 410">
    <p class='ocr_par' dir='ltr' id='par_1_1' title="bbox 343 344 445 410">
     <span class='ocr_line' id='line_1_1' title="bbox 343 344 445 410; baseline 0.01 -2"><span class='ocrx_word' id='word_1_1' title='bbox 343 344 445 410; x_wconf 83' lang='lat'><strong>171</strong></span> 
     </span>
    </p>
   </div>
   <div class='ocr_carea' id='block_1_2' title="bbox 1709 333 2212 416">
    <p class='ocr_par' dir='ltr' id='par_1_2' title="bbox 1709 333 2212 416">
     <span class='ocr_line' id='line_1_2' title="bbox 1709 333 2212 416; baseline 0.014 -8"><span class='ocrx_word' id='word_1_2' title='bbox 1709 333 2212 416; x_wconf 72' lang='lat' dir='ltr'><strong>BESSARION’IS</strong></span> 
     </span>
    </p>
   </div>
   <div class='ocr_carea' id='block_1_3' title="bbox 3470 353 3568 419">
    <p class='ocr_par' dir='ltr' id='par_1_3' title="bbox 3470 353 3568 419">
     <span class='ocr_line' id='line_1_3' title="bbox 3470 353 3568 419; baseline -0.01 -1"><span class='ocrx_word' id='word_1_3' title='bbox 3470 353 3568 419; x_wconf 77' lang='lat' dir='ltr'><strong>I72</strong></span> 
     </span>
    </p>
   </div>
   <div class='ocr_carea' id='block_1_4' title="bbox 340 453 1901 536">
    <p class='ocr_par' dir='ltr' id='par_1_4' title="bbox 340 453 1894 529">
     <span class='ocr_line' id='line_1_4' title="bbox 340 453 1894 529; baseline 0.002 -18"><span class='ocrx_word' id='word_1_4' title='bbox 340 457 607 513; x_wconf 81' lang='lat' dir='ltr'><strong>denotat?</strong></span> <span class='ocrx_word' id='word_1_5' title='bbox 635 453 838 514; x_wconf 74' lang='lat' dir='ltr'><strong>Vcr‘dm</strong></span> <span class='ocrx_word' id='word_1_6' title='bbox 882 459 1008 528; x_wconf 99' lang='lat' dir='ltr'><strong>quia</strong></span> <span class='ocrx_word' id='word_1_7' title='bbox 1043 459 1358 514; x_wconf 87' lang='lat' dir='ltr'><strong>Latinorum</strong></span> <span class='ocrx_word' id='word_1_8' title='bbox 1395 460 1612 529; x_wconf 84' lang='lat' dir='ltr'><strong>quidem</strong></span> <span class='ocrx_word' id='word_1_9' title='bbox 1657 459 1894 529; x_wconf 87' lang='lat' dir='ltr'><strong>theologi</strong></span> 
     </span>
    </p>
   </div>
   <div class='ocr_carea' id='block_1_5' title="bbox 2007 453 3570 536">
    <p class='ocr_par' dir='ltr' id='par_1_5' title="bbox 2007 461 3570 536">
     <span class='ocr_line' id='line_1_5' title="bbox 2007 461 3570 536; baseline 0.001 -19"><span class='ocrx_word' id='word_1_10' title='bbox 2007 466 2272 536; x_wconf 81' lang='grc' dir='ltr'>Πατιίρες,</span> <span class='ocrx_word' id='word_1_11' title='bbox 2327 465 2374 517; x_wconf 87' lang='grc' dir='ltr'><strong>εἰ</strong></span> <span class='ocrx_word' id='word_1_12' title='bbox 2413 462 2644 532; x_wconf 74' lang='grc' dir='ltr'>τάληθὲς</span> <span class='ocrx_word' id='word_1_13' title='bbox 2671 463 2907 516; x_wconf 79' lang='grc' dir='ltr'>ἐθέλοιτε</span> <span class='ocrx_word' id='word_1_14' title='bbox 2959 463 3162 532; x_wconf 75' lang='grc' dir='ltr'>λέγειν,</span> <span class='ocrx_word' id='word_1_15' title='bbox 3195 461 3290 517; x_wconf 72' lang='grc' dir='ltr'><strong>ἅτε</strong></span> <span class='ocrx_word' id='word_1_16' title='bbox 3341 464 3450 532; x_wconf 81' lang='grc' dir='ltr'><strong>πρὸ</strong></span> <span class='ocrx_word' id='word_1_17' title='bbox 3478 465 3570 518; x_wconf 86' lang='grc' dir='ltr'><strong>τοῦ</strong></span> 
     </span>
    </p>
   </div>
   <div class='ocr_carea' id='block_1_6' title="bbox 342 551 1892 621">
    <p class='ocr_par' dir='ltr' id='par_1_6' title="bbox 342 551 1892 621">
     <span class='ocr_line' id='line_1_6' title="bbox 342 551 1892 621; baseline -0.001 -15"><span class='ocrx_word' id='word_1_18' title='bbox 342 553 496 616; x_wconf 85' lang='lat' dir='ltr'><strong>(sunt</strong></span> <span class='ocrx_word' id='word_1_19' title='bbox 539 566 671 605; x_wconf 85' lang='lat' dir='ltr'><strong>vero</strong></span> <span class='ocrx_word' id='word_1_20' title='bbox 701 551 866 606; x_wconf 81' lang='lat' dir='ltr'><strong>iidem</strong></span> <span class='ocrx_word' id='word_1_21' title='bbox 913 562 969 606; x_wconf 91' lang='lat' dir='ltr'><strong>et</strong></span> <span class='ocrx_word' id='word_1_22' title='bbox 1008 553 1173 606; x_wconf 87' lang='lat' dir='ltr'><strong>vestri</strong></span> <span class='ocrx_word' id='word_1_23' title='bbox 1207 552 1446 621; x_wconf 75' lang='lat' dir='ltr'><strong>magistri</strong></span> <span class='ocrx_word' id='word_1_24' title='bbox 1493 567 1556 606; x_wconf 90' lang='lat' dir='ltr'><strong>ac</strong></span> <span class='ocrx_word' id='word_1_25' title='bbox 1585 553 1794 615; x_wconf 91' lang='lat' dir='ltr'><strong>Patres,</strong></span> <span class='ocrx_word' id='word_1_26' title='bbox 1848 552 1892 605; x_wconf 86' lang='lat' dir='ltr'><strong>si</strong></span> 
     </span>
    </p>
   </div>
   <div class='ocr_carea' id='block_1_7' title="bbox 340 645 1893 714">
    <p class='ocr_par' dir='ltr' id='par_1_7' title="bbox 340 645 1893 714">
     <span class='ocr_line' id='line_1_7' title="bbox 340 645 1893 714; baseline 0 -18"><span class='ocrx_word' id='word_1_27' title='bbox 340 659 532 698; x_wconf 83' lang='lat' dir='ltr'><strong>verum</strong></span> <span class='ocrx_word' id='word_1_28' title='bbox 563 645 745 698; x_wconf 57' lang='lat' dir='ltr'><strong>dieare</strong></span> <span class='ocrx_word' id='word_1_29' title='bbox 790 647 953 699; x_wconf 88' lang='lat' dir='ltr'><strong>vnltis</strong></span> <span class='ocrx_word' id='word_1_30' title='bbox 994 647 1192 713; x_wconf 86' lang='lat' dir='ltr'><strong>quippe</strong></span> <span class='ocrx_word' id='word_1_31' title='bbox 1249 647 1341 714; x_wconf 89' lang='lat' dir='ltr'><strong>qui</strong></span> <span class='ocrx_word' id='word_1_32' title='bbox 1379 656 1502 698; x_wconf 86' lang='lat' dir='ltr'><strong>ante</strong></span> <span class='ocrx_word' id='word_1_33' title='bbox 1535 647 1769 698; x_wconf 77' lang='lat' dir='ltr'><strong>srliisma</strong></span> <span class='ocrx_word' id='word_1_34' title='bbox 1797 646 1893 696; x_wconf 83' lang='lat' dir='ltr'><strong>flo-</strong></span> 
     </span>
    </p>
   </div>
   <div class='ocr_carea' id='block_1_8' title="bbox 343 735 1896 802">
    <p class='ocr_par' dir='ltr' id='par_1_8' title="bbox 343 735 1896 802">
     <span class='ocr_line' id='line_1_8' title="bbox 343 735 1896 802; baseline 0 -14"><span class='ocrx_word' id='word_1_35' title='bbox 343 739 594 802; x_wconf 82' lang='lat' dir='ltr'><strong>ruerunt)</strong></span> <span class='ocrx_word' id='word_1_36' title='bbox 650 735 920 788; x_wconf 77' lang='lat' dir='ltr'><strong>rarissime</strong></span> <span class='ocrx_word' id='word_1_37' title='bbox 963 752 1055 802; x_wconf 72' lang='lat' dir='ltr'><strong>per</strong></span> <span class='ocrx_word' id='word_1_38' title='bbox 1101 736 1294 789; x_wconf 77' lang='lat' dir='ltr'><strong>Filium</strong></span> <span class='ocrx_word' id='word_1_39' title='bbox 1339 752 1403 788; x_wconf 73' lang='lat' dir='ltr'><strong>ex</strong></span> <span class='ocrx_word' id='word_1_40' title='bbox 1446 736 1628 795; x_wconf 79' lang='lat' dir='ltr'><strong>Patre,</strong></span> <span class='ocrx_word' id='word_1_41' title='bbox 1683 751 1896 802; x_wconf 83' lang='lat' dir='ltr'><strong>semper</strong></span> 
     </span>
    </p>
   </div>
   <div class='ocr_carea' id='block_1_9' title="bbox 345 825 1903 896">
    <p class='ocr_par' dir='ltr' id='par_1_9' title="bbox 345 825 1903 896">
     <span class='ocr_line' id='line_1_9' title="bbox 345 825 1903 896; baseline 0 -16"><span class='ocrx_word' id='word_1_42' title='bbox 345 839 524 880; x_wconf 88' lang='lat' dir='ltr'><strong>autem</strong></span> <span class='ocrx_word' id='word_1_43' title='bbox 555 843 616 878; x_wconf 76' lang='lat' dir='ltr'><strong>ex</strong></span> <span class='ocrx_word' id='word_1_44' title='bbox 647 828 807 879; x_wconf 84' lang='lat' dir='ltr'><strong>Patre</strong></span> <span class='ocrx_word' id='word_1_45' title='bbox 849 836 899 879; x_wconf 87' lang='lat' dir='ltr'><strong>et</strong></span> <span class='ocrx_word' id='word_1_46' title='bbox 951 825 1089 896; x_wconf 78' lang='lat' dir='ltr'><strong>Filio</strong></span> <span class='ocrx_word' id='word_1_47' title='bbox 1131 827 1394 896; x_wconf 82' lang='lat' dir='ltr'><strong>Spiritum</strong></span> <span class='ocrx_word' id='word_1_48' title='bbox 1432 839 1677 881; x_wconf 86' lang='lat' dir='ltr'><strong>sanctum</strong></span> <span class='ocrx_word' id='word_1_49' title='bbox 1713 843 1903 894; x_wconf 77' lang='lat' dir='ltr'><strong>prore-</strong></span> 
     </span>
    </p>
   </div>
   <div class='ocr_carea' id='block_1_10' title="bbox 345 918 1900 982">
    <p class='ocr_par' dir='ltr' id='par_1_10' title="bbox 345 918 1900 982">
     <span class='ocr_line' id='line_1_10' title="bbox 345 918 1900 982; baseline 0 -12"><span class='ocrx_word' id='word_1_50' title='bbox 345 919 475 972; x_wconf 89' lang='lat' dir='ltr'><strong>dere</strong></span> <span class='ocrx_word' id='word_1_51' title='bbox 527 918 758 982; x_wconf 87' lang='lat' dir='ltr'><strong>dicunt;</strong></span> <span class='ocrx_word' id='word_1_52' title='bbox 789 918 1094 973; x_wconf 84' lang='lat' dir='ltr'><strong>Orientales</strong></span> <span class='ocrx_word' id='word_1_53' title='bbox 1124 936 1251 972; x_wconf 86' lang='lat' dir='ltr'><strong>vero</strong></span> <span class='ocrx_word' id='word_1_54' title='bbox 1294 935 1422 972; x_wconf 88' lang='lat' dir='ltr'><strong>raro</strong></span> <span class='ocrx_word' id='word_1_55' title='bbox 1469 935 1601 972; x_wconf 89' lang='lat' dir='ltr'><strong>voce</strong></span> <span class='ocrx_word' id='word_1_56' title='bbox 1652 934 1714 971; x_wconf 77' lang='lat' dir='ltr'><strong>ea:</strong></span> <span class='ocrx_word' id='word_1_57' title='bbox 1744 918 1900 981; x_wconf 84' lang='lat' dir='ltr'><strong>Filio,</strong></span> 
     </span>
    </p>
   </div>
   <div class='ocr_carea' id='block_1_11' title="bbox 345 1009 1901 1076">
    <p class='ocr_par' dir='ltr' id='par_1_11' title="bbox 345 1009 1901 1076">
     <span class='ocr_line' id='line_1_11' title="bbox 345 1009 1901 1076; baseline 0.001 -15"><span class='ocrx_word' id='word_1_58' title='bbox 345 1010 542 1076; x_wconf 68' lang='lat' dir='ltr'><strong>saepius</strong></span> <span class='ocrx_word' id='word_1_59' title='bbox 578 1019 756 1062; x_wconf 87' lang='lat' dir='ltr'><strong>tamen</strong></span> <span class='ocrx_word' id='word_1_60' title='bbox 791 1011 1031 1065; x_wconf 82' lang='lat' dir='ltr'><strong>dictione</strong></span> <span class='ocrx_word' id='word_1_61' title='bbox 1079 1009 1406 1072; x_wconf 58' lang='lat' dir='ltr'><strong>per&#39;f’ilium</strong></span> <span class='ocrx_word' id='word_1_62' title='bbox 1461 1021 1707 1074; x_wconf 91' lang='lat' dir='ltr'><strong>utuntur,</strong></span> <span class='ocrx_word' id='word_1_63' title='bbox 1760 1011 1901 1064; x_wconf 87' lang='lat' dir='ltr'><strong>haud</strong></span> 
     </span>
    </p>
   </div>
   <div class='ocr_carea' id='block_1_12' title="bbox 345 1100 1904 1178">
    <p class='ocr_par' dir='ltr' id='par_1_12' title="bbox 345 1100 1904 1178">
     <span class='ocr_line' id='line_1_12' title="bbox 345 1100 1904 1178; baseline 0.003 -27"><span class='ocrx_word' id='word_1_64' title='bbox 345 1100 549 1152; x_wconf 81' lang='lat' dir='ltr'><strong>absona</strong></span> <span class='ocrx_word' id='word_1_65' title='bbox 582 1101 831 1161; x_wconf 82' lang='lat' dir='ltr'><strong>facimus.</strong></span> <span class='ocrx_word' id='word_1_66' title='bbox 865 1103 994 1156; x_wconf 90' lang='lat' dir='ltr'><strong>dum</strong></span> <span class='ocrx_word' id='word_1_67' title='bbox 1041 1105 1129 1158; x_wconf 83' lang='lat' dir='ltr'><strong>hic</strong></span> <span class='ocrx_word' id='word_1_68' title='bbox 1182 1105 1284 1178; x_wconf 90' lang='lat' dir='ltr'><strong>loci</strong></span> <span class='ocrx_word' id='word_1_69' title='bbox 1342 1105 1777 1172; x_wconf 62' lang='lat' dir='ltr'><strong>prmpositionem</strong></span> <span class='ocrx_word' id='word_1_70' title='bbox 1811 1119 1904 1170; x_wconf 88' lang='lat' dir='ltr'><strong>per</strong></span> 
     </span>
    </p>
   </div>
   <div class='ocr_carea' id='block_1_13' title="bbox 344 1193 1898 1258">
    <p class='ocr_par' dir='ltr' id='par_1_13' title="bbox 344 1193 1898 1258">
     <span class='ocr_line' id='line_1_13' title="bbox 344 1193 1898 1258; baseline 0.003 -15"><span class='ocrx_word' id='word_1_71' title='bbox 344 1204 466 1243; x_wconf 90' lang='lat' dir='ltr'><strong>cum</strong></span> <span class='ocrx_word' id='word_1_72' title='bbox 494 1193 874 1258; x_wconf 57' lang='lat' dir='ltr'><strong>prapositione</strong></span> <span class='ocrx_word' id='word_1_73' title='bbox 905 1209 966 1245; x_wconf 74' lang='lat' dir='ltr'><strong>ex</strong></span> <span class='ocrx_word' id='word_1_74' title='bbox 1004 1195 1055 1246; x_wconf 93' lang='lat' dir='ltr'><strong>in</strong></span> <span class='ocrx_word' id='word_1_75' title='bbox 1110 1194 1248 1247; x_wconf 83' lang='lat' dir='ltr'><strong>idem</strong></span> <span class='ocrx_word' id='word_1_76' title='bbox 1297 1195 1542 1248; x_wconf 84' lang='lat' dir='ltr'><strong>recidere</strong></span> <span class='ocrx_word' id='word_1_77' title='bbox 1589 1196 1898 1258; x_wconf 82' lang='lat' dir='ltr'><strong>statuimus,</strong></span> 
     </span>
    </p>
   </div>
   <div class='ocr_carea' id='block_1_14' title="bbox 344 1279 1903 1353">
    <p class='ocr_par' dir='ltr' id='par_1_14' title="bbox 344 1279 1903 1353">
     <span class='ocr_line' id='line_1_14' title="bbox 344 1279 1903 1353; baseline 0.006 -26"><span class='ocrx_word' id='word_1_78' title='bbox 344 1279 686 1332; x_wconf 79' lang='lat' dir='ltr'><strong>invenientes</strong></span> <span class='ocrx_word' id='word_1_79' title='bbox 705 1297 770 1334; x_wconf 80' lang='lat' dir='ltr'><strong>ex</strong></span> <span class='ocrx_word' id='word_1_80' title='bbox 800 1298 902 1334; x_wconf 88' lang='lat' dir='ltr'><strong>una</strong></span> <span class='ocrx_word' id='word_1_81' title='bbox 929 1285 1144 1351; x_wconf 85' lang='lat' dir='ltr'><strong>quidem</strong></span> <span class='ocrx_word' id='word_1_82' title='bbox 1176 1298 1326 1350; x_wconf 83' lang='lat' dir='ltr'><strong>parte</strong></span> <span class='ocrx_word' id='word_1_83' title='bbox 1347 1295 1398 1338; x_wconf 89' lang='lat' dir='ltr'><strong>et</strong></span> <span class='ocrx_word' id='word_1_84' title='bbox 1431 1286 1580 1353; x_wconf 90' lang='lat' dir='ltr'><strong>ipsos</strong></span> <span class='ocrx_word' id='word_1_85' title='bbox 1607 1286 1903 1353; x_wconf 84' lang='lat' dir='ltr'><strong>aliquando</strong></span> 
     </span>
    </p>
   </div>
   <div class='ocr_carea' id='block_1_15' title="bbox 343 1368 1904 1438">
    <p class='ocr_par' dir='ltr' id='par_1_15' title="bbox 343 1368 1904 1438">
     <span class='ocr_line' id='line_1_15' title="bbox 343 1368 1904 1438; baseline 0.004 -18"><span class='ocrx_word' id='word_1_86' title='bbox 343 1382 408 1420; x_wconf 79' lang='lat' dir='ltr'><strong>ex</strong></span> <span class='ocrx_word' id='word_1_87' title='bbox 449 1368 584 1422; x_wconf 87' lang='lat' dir='ltr'><strong>Filio</strong></span> <span class='ocrx_word' id='word_1_88' title='bbox 628 1369 888 1436; x_wconf 77' lang='lat' dir='ltr'><strong>Spiritum</strong></span> <span class='ocrx_word' id='word_1_89' title='bbox 917 1389 1036 1427; x_wconf 85' lang='lat' dir='ltr'><strong>esse</strong></span> <span class='ocrx_word' id='word_1_90' title='bbox 1078 1383 1428 1438; x_wconf 83' lang='lat' dir='ltr'><strong>asserentes,</strong></span> <span class='ocrx_word' id='word_1_91' title='bbox 1460 1389 1526 1427; x_wconf 82' lang='lat' dir='ltr'><strong>ex</strong></span> <span class='ocrx_word' id='word_1_92' title='bbox 1567 1375 1737 1428; x_wconf 88' lang='lat' dir='ltr'><strong>altera</strong></span> <span class='ocrx_word' id='word_1_93' title='bbox 1773 1389 1904 1428; x_wconf 83' lang='lat' dir='ltr'><strong>vero</strong></span> 
     </span>
    </p>
   </div>
   <div class='ocr_carea' id='block_1_16' title="bbox 346 1459 1902 1530">
    <p class='ocr_par' dir='ltr' id='par_1_16' title="bbox 346 1459 1902 1530">
     <span class='ocr_line' id='line_1_16' title="bbox 346 1459 1902 1530; baseline 0.004 -21"><span class='ocrx_word' id='word_1_94' title='bbox 346 1459 754 1513; x_wconf 74' lang='lat' dir='ltr'><strong>consentientes</strong></span> <span class='ocrx_word' id='word_1_95' title='bbox 790 1461 922 1529; x_wconf 85' lang='lat' dir='ltr'><strong>ipsis</strong></span> <span class='ocrx_word' id='word_1_96' title='bbox 948 1461 1326 1516; x_wconf 88' lang='lat' dir='ltr'><strong>Occidentales</strong></span> <span class='ocrx_word' id='word_1_97' title='bbox 1380 1464 1569 1516; x_wconf 86' lang='lat' dir='ltr'><strong>Patres</strong></span> <span class='ocrx_word' id='word_1_98' title='bbox 1604 1461 1902 1530; x_wconf 85' lang='lat' dir='ltr'><strong>saepissime</strong></span> 
     </span>
    </p>
   </div>
   <div class='ocr_carea' id='block_1_17' title="bbox 346 1547 1902 1622">
    <p class='ocr_par' dir='ltr' id='par_1_17' title="bbox 346 1547 1902 1622">
     <span class='ocr_line' id='line_1_17' title="bbox 346 1547 1902 1622; baseline 0.004 -22"><span class='ocrx_word' id='word_1_99' title='bbox 346 1547 490 1601; x_wconf 89' lang='lat' dir='ltr'><strong>idem</strong></span> <span class='ocrx_word' id='word_1_100' title='bbox 521 1553 827 1615; x_wconf 85' lang='lat' dir='ltr'><strong>tradentes;</strong></span> <span class='ocrx_word' id='word_1_101' title='bbox 863 1555 1162 1618; x_wconf 63' lang='lat' dir='ltr'><strong>prmsertim</strong></span> <span class='ocrx_word' id='word_1_102' title='bbox 1200 1553 1418 1620; x_wconf 88' lang='lat' dir='ltr'><strong>quando</strong></span> <span class='ocrx_word' id='word_1_103' title='bbox 1449 1555 1756 1622; x_wconf 89' lang='lat' dir='ltr'><strong>reperimus</strong></span> <span class='ocrx_word' id='word_1_104' title='bbox 1781 1569 1902 1622; x_wconf 91' lang='lat' dir='ltr'><strong>per-</strong></span> 
     </span>
    </p>
   </div>
   <div class='ocr_carea' id='block_1_18' title="bbox 343 1642 1900 1714">
    <p class='ocr_par' dir='ltr' id='par_1_18' title="bbox 343 1642 1900 1714">
     <span class='ocr_line' id='line_1_18' title="bbox 343 1642 1900 1714; baseline 0.003 -19"><span class='ocrx_word' id='word_1_105' title='bbox 343 1643 532 1710; x_wconf 86' lang='lat' dir='ltr'><strong>spicue</strong></span> <span class='ocrx_word' id='word_1_106' title='bbox 559 1642 626 1696; x_wconf 92' lang='lat' dir='ltr'><strong>de</strong></span> <span class='ocrx_word' id='word_1_107' title='bbox 655 1645 992 1714; x_wconf 79' lang='lat' dir='ltr'><strong>ltypustatica</strong></span> <span class='ocrx_word' id='word_1_108' title='bbox 1024 1654 1079 1698; x_wconf 89' lang='lat' dir='ltr'><strong>et</strong></span> <span class='ocrx_word' id='word_1_109' title='bbox 1111 1645 1425 1699; x_wconf 88' lang='lat' dir='ltr'><strong>subsistenti</strong></span> <span class='ocrx_word' id='word_1_110' title='bbox 1452 1644 1688 1712; x_wconf 86' lang='lat' dir='ltr'><strong>Spiritus</strong></span> <span class='ocrx_word' id='word_1_111' title='bbox 1724 1645 1900 1699; x_wconf 85' lang='lat' dir='ltr'><strong>sancti</strong></span> 
     </span>
    </p>
   </div>
   <div class='ocr_carea' id='block_1_19' title="bbox 345 1736 1899 1804">
    <p class='ocr_par' dir='ltr' id='par_1_19' title="bbox 345 1736 1899 1804">
     <span class='ocr_line' id='line_1_19' title="bbox 345 1736 1899 1804; baseline 0.003 -19"><span class='ocrx_word' id='word_1_112' title='bbox 345 1736 727 1801; x_wconf 82' lang='lat' dir='ltr'><strong>pragressione</strong></span> <span class='ocrx_word' id='word_1_113' title='bbox 756 1737 838 1790; x_wconf 85' lang='lat' dir='ltr'><strong>vel</strong></span> <span class='ocrx_word' id='word_1_114' title='bbox 868 1738 1216 1804; x_wconf 84' lang='lat' dir='ltr'><strong>processione</strong></span> <span class='ocrx_word' id='word_1_115' title='bbox 1249 1752 1382 1791; x_wconf 84' lang='lat' dir='ltr'><strong>voce</strong></span> <span class='ocrx_word' id='word_1_116' title='bbox 1414 1753 1505 1804; x_wconf 89' lang='lat' dir='ltr'><strong>per</strong></span> <span class='ocrx_word' id='word_1_117' title='bbox 1542 1751 1638 1790; x_wconf 91' lang='lat' dir='ltr'><strong>eos</strong></span> <span class='ocrx_word' id='word_1_118' title='bbox 1664 1745 1899 1789; x_wconf 88' lang='lat' dir='ltr'><strong>utentes.</strong></span> 
     </span>
    </p>
   </div>
   <div class='ocr_carea' id='block_1_20' title="bbox 2023 553 3573 624">
    <p class='ocr_par' dir='ltr' id='par_1_20' title="bbox 2023 553 3573 624">
     <span class='ocr_line' id='line_1_20' title="bbox 2023 553 3573 624; baseline 0.005 -21"><span class='ocrx_word' id='word_1_119' title='bbox 2023 556 2322 624; x_wconf 86' lang='grc' dir='ltr'>σχίσματος</span> <span class='ocrx_word' id='word_1_120' title='bbox 2351 555 2656 622; x_wconf 78' lang='grc' dir='ltr'><strong>γεγονότες)</strong></span> <span class='ocrx_word' id='word_1_121' title='bbox 2696 553 3049 608; x_wconf 81' lang='grc' dir='ltr'><strong>σπανιώτατα.</strong></span> <span class='ocrx_word' id='word_1_122' title='bbox 3077 554 3152 608; x_wconf 80' lang='grc' dir='ltr'>δι’</span> <span class='ocrx_word' id='word_1_123' title='bbox 3188 553 3324 608; x_wconf 85' lang='grc' dir='ltr'>Υίοῦ</span> <span class='ocrx_word' id='word_1_124' title='bbox 3356 557 3426 609; x_wconf 78' lang='grc' dir='ltr'>ἐκ</span> <span class='ocrx_word' id='word_1_125' title='bbox 3458 559 3573 610; x_wconf 86' lang='grc' dir='ltr'>Πα-</span> 
     </span>
    </p>
   </div>
   <div class='ocr_carea' id='block_1_21' title="bbox 2013 644 3570 715">
    <p class='ocr_par' dir='ltr' id='par_1_21' title="bbox 2013 644 3570 715">
     <span class='ocr_line' id='line_1_21' title="bbox 2013 644 3570 715; baseline 0.003 -21"><span class='ocrx_word' id='word_1_126' title='bbox 2013 644 2172 709; x_wconf 78' lang='grc' dir='ltr'>τρὸς,</span> <span class='ocrx_word' id='word_1_127' title='bbox 2205 645 2292 696; x_wconf 75' lang='grc' dir='ltr'><strong>ἀεὶ</strong></span> <span class='ocrx_word' id='word_1_128' title='bbox 2317 644 2363 696; x_wconf 82' lang='grc' dir='ltr'>δ’</span> <span class='ocrx_word' id='word_1_129' title='bbox 2388 645 2457 696; x_wconf 83' lang='grc' dir='ltr'>ἐκ</span> <span class='ocrx_word' id='word_1_130' title='bbox 2489 645 2716 712; x_wconf 77' lang='grc' dir='ltr'>Πατρός</span> <span class='ocrx_word' id='word_1_131' title='bbox 2754 645 2850 699; x_wconf 77' lang='grc' dir='ltr'>καὶ</span> <span class='ocrx_word' id='word_1_132' title='bbox 2906 645 3039 698; x_wconf 84' lang='grc' dir='ltr'>Υίυῧ</span> <span class='ocrx_word' id='word_1_133' title='bbox 3068 645 3462 712; x_wconf 74' lang='grc' dir='ltr'><strong>ἐκπορεύεσθαι</strong></span> <span class='ocrx_word' id='word_1_134' title='bbox 3493 646 3570 715; x_wconf 75' lang='grc'><strong>(1)</strong></span> 
     </span>
    </p>
   </div>
   <div class='ocr_carea' id='block_1_22' title="bbox 2015 724 3571 807">
    <p class='ocr_par' dir='ltr' id='par_1_22' title="bbox 2015 724 3571 807">
     <span class='ocr_line' id='line_1_22' title="bbox 2015 724 3571 807; baseline 0.004 -23"><span class='ocrx_word' id='word_1_135' title='bbox 2015 734 2235 800; x_wconf 83' lang='grc' dir='ltr'>λέγουσι</span> <span class='ocrx_word' id='word_1_136' title='bbox 2264 735 2324 786; x_wconf 85' lang='grc' dir='ltr'><strong>τὸ</strong></span> <span class='ocrx_word' id='word_1_137' title='bbox 2366 735 2592 803; x_wconf 82' lang='grc' dir='ltr'><strong>Πνεῦμα</strong></span> <span class='ocrx_word' id='word_1_138' title='bbox 2647 737 2706 787; x_wconf 79' lang='grc' dir='ltr'><strong>τὸ</strong></span> <span class='ocrx_word' id='word_1_139' title='bbox 2733 735 2892 801; x_wconf 76' lang='grc' dir='ltr'>ἅγιον</span> <span class='ocrx_word' id='word_1_140' title='bbox 2916 751 2930 765; x_wconf 83' lang='lat'><strong><em>°</em></strong></span> <span class='ocrx_word' id='word_1_141' title='bbox 2981 739 3030 788; x_wconf 87' lang='grc' dir='ltr'><strong>οί</strong></span> <span class='ocrx_word' id='word_1_142' title='bbox 3081 737 3126 788; x_wconf 79' lang='grc' dir='ltr'>δ’</span> <span class='ocrx_word' id='word_1_143' title='bbox 3151 724 3464 790; x_wconf 79' lang='grc' dir='ltr'>ἀνατολικοὶ</span> <span class='ocrx_word' id='word_1_144' title='bbox 3493 739 3571 807; x_wconf 84' lang='grc' dir='ltr'>τῲ</span> 
     </span>
    </p>
   </div>
   <div class='ocr_carea' id='block_1_23' title="bbox 2021 824 3574 895">
    <p class='ocr_par' dir='ltr' id='par_1_23' title="bbox 2021 824 3574 895">
     <span class='ocr_line' id='line_1_23' title="bbox 2021 824 3574 895; baseline 0.004 -20"><span class='ocrx_word' id='word_1_145' title='bbox 2021 825 2119 892; x_wconf 78' lang='grc' dir='ltr'>μὲν</span> <span class='ocrx_word' id='word_1_146' title='bbox 2149 824 2218 887; x_wconf 77' lang='grc' dir='ltr'><strong>ἐξ</strong></span> <span class='ocrx_word' id='word_1_147' title='bbox 2267 824 2402 876; x_wconf 69' lang='grc' dir='ltr'>Υίοῦ</span> <span class='ocrx_word' id='word_1_148' title='bbox 2454 827 2717 888; x_wconf 85' lang='grc' dir='ltr'>σπανίως,</span> <span class='ocrx_word' id='word_1_149' title='bbox 2748 825 2825 895; x_wconf 87' lang='grc' dir='ltr'>τῷ</span> <span class='ocrx_word' id='word_1_150' title='bbox 2869 825 2924 878; x_wconf 76' lang='grc' dir='ltr'>δὲ</span> <span class='ocrx_word' id='word_1_151' title='bbox 2963 827 3037 879; x_wconf 81' lang='grc' dir='ltr'>δι’</span> <span class='ocrx_word' id='word_1_152' title='bbox 3088 828 3223 881; x_wconf 81' lang='grc' dir='ltr'>Υίοῦ</span> <span class='ocrx_word' id='word_1_153' title='bbox 3283 829 3574 892; x_wconf 78' lang='grc' dir='ltr'><strong>πλεονάκις</strong></span> 
     </span>
    </p>
   </div>
   <div class='ocr_carea' id='block_1_24' title="bbox 2016 913 3572 990">
    <p class='ocr_par' dir='ltr' id='par_1_24' title="bbox 2016 913 3572 990">
     <span class='ocr_line' id='line_1_24' title="bbox 2016 913 3572 990; baseline 0.006 -26"><span class='ocrx_word' id='word_1_154' title='bbox 2016 913 2273 981; x_wconf 84' lang='grc' dir='ltr'>χρῶνται,</span> <span class='ocrx_word' id='word_1_155' title='bbox 2308 914 2408 966; x_wconf 81' lang='grc' dir='ltr'><strong>οὐκ</strong></span> <span class='ocrx_word' id='word_1_156' title='bbox 2444 915 2707 968; x_wconf 83' lang='grc' dir='ltr'><strong>ἀπεικότα</strong></span> <span class='ocrx_word' id='word_1_157' title='bbox 2759 915 3019 984; x_wconf 83' lang='grc' dir='ltr'>ποιοῦμεν</span> <span class='ocrx_word' id='word_1_158' title='bbox 3048 922 3128 980; x_wconf 84' lang='grc' dir='ltr'><strong>εἰς</strong></span> <span class='ocrx_word' id='word_1_159' title='bbox 3167 919 3361 972; x_wconf 86' lang='grc' dir='ltr'>ταυτὸν</span> <span class='ocrx_word' id='word_1_160' title='bbox 3416 921 3572 990; x_wconf 71' lang='grc' dir='ltr'>ἥκειν</span> 
     </span>
    </p>
   </div>
   <div class='ocr_carea' id='block_1_25' title="bbox 2011 1003 3570 1079">
    <p class='ocr_par' dir='ltr' id='par_1_25' title="bbox 2011 1003 3570 1079">
     <span class='ocr_line' id='line_1_25' title="bbox 2011 1003 3570 1079; baseline 0.005 -23"><span class='ocrx_word' id='word_1_161' title='bbox 2011 1003 2240 1056; x_wconf 83' lang='grc' dir='ltr'>ἐνταῦθα</span> <span class='ocrx_word' id='word_1_162' title='bbox 2265 1007 2330 1073; x_wconf 80' lang='grc' dir='ltr'>τῇ</span> <span class='ocrx_word' id='word_1_163' title='bbox 2377 1004 2443 1057; x_wconf 82' lang='grc' dir='ltr'>ἐκ</span> <span class='ocrx_word' id='word_1_164' title='bbox 2481 1004 2756 1075; x_wconf 80' lang='grc' dir='ltr'>τιθέμενοι</span> <span class='ocrx_word' id='word_1_165' title='bbox 2811 1007 2910 1077; x_wconf 76' lang='grc' dir='ltr'>τὴν</span> <span class='ocrx_word' id='word_1_166' title='bbox 2967 1006 3087 1071; x_wconf 75' lang='grc' dir='ltr'>διὰ,</span> <span class='ocrx_word' id='word_1_167' title='bbox 3120 1009 3280 1063; x_wconf 83' lang='grc' dir='ltr'>τοῦτο</span> <span class='ocrx_word' id='word_1_168' title='bbox 3335 1012 3434 1079; x_wconf 74' lang='grc' dir='ltr'>μὲν</span> <span class='ocrx_word' id='word_1_169' title='bbox 3472 1013 3570 1064; x_wconf 78' lang='grc' dir='ltr'>καὶ</span> 
     </span>
    </p>
   </div>
   <div class='ocr_carea' id='block_1_26' title="bbox 2010 1094 3566 1168">
    <p class='ocr_par' dir='ltr' id='par_1_26' title="bbox 2010 1094 3566 1168">
     <span class='ocr_line' id='line_1_26' title="bbox 2010 1094 3566 1168; baseline 0.004 -21"><span class='ocrx_word' id='word_1_170' title='bbox 2010 1096 2205 1157; x_wconf 76' lang='grc' dir='ltr'>αὐτοὺς</span> <span class='ocrx_word' id='word_1_171' title='bbox 2259 1094 2406 1148; x_wconf 80' lang='grc' dir='ltr'>ἔστιν</span> <span class='ocrx_word' id='word_1_172' title='bbox 2463 1097 2550 1150; x_wconf 84' lang='grc' dir='ltr'>ὅτε</span> <span class='ocrx_word' id='word_1_173' title='bbox 2606 1097 2664 1159; x_wconf 78' lang='grc' dir='ltr'><strong>ἐξ</strong></span> <span class='ocrx_word' id='word_1_174' title='bbox 2726 1095 2855 1149; x_wconf 83' lang='grc' dir='ltr'>Υίοῦ</span> <span class='ocrx_word' id='word_1_175' title='bbox 2913 1099 3044 1152; x_wconf 75' lang='grc' dir='ltr'>αὐτὸ</span> <span class='ocrx_word' id='word_1_176' title='bbox 3098 1096 3237 1152; x_wconf 78' lang='grc' dir='ltr'>εἶναι</span> <span class='ocrx_word' id='word_1_177' title='bbox 3281 1101 3566 1168; x_wconf 74' lang='grc' dir='ltr'>λέγοντας,</span> 
     </span>
    </p>
   </div>
   <div class='ocr_carea' id='block_1_27' title="bbox 2011 1179 3570 1255">
    <p class='ocr_par' dir='ltr' id='par_1_27' title="bbox 2011 1179 3570 1255">
     <span class='ocr_line' id='line_1_27' title="bbox 2011 1179 3570 1255; baseline 0.009 -26"><span class='ocrx_word' id='word_1_178' title='bbox 2011 1179 2166 1231; x_wconf 81' lang='grc' dir='ltr'>τοῦτο</span> <span class='ocrx_word' id='word_1_179' title='bbox 2227 1181 2284 1234; x_wconf 81' lang='grc' dir='ltr'>δὲ</span> <span class='ocrx_word' id='word_1_180' title='bbox 2339 1183 2431 1235; x_wconf 79' lang='grc' dir='ltr'><strong>καὶ</strong></span> <span class='ocrx_word' id='word_1_181' title='bbox 2487 1185 2614 1244; x_wconf 77' lang='grc' dir='ltr'>τοὺς</span> <span class='ocrx_word' id='word_1_182' title='bbox 2670 1187 2982 1255; x_wconf 73' lang='grc' dir='ltr'><strong>ὁμόφρονας</strong></span> <span class='ocrx_word' id='word_1_183' title='bbox 3035 1188 3218 1251; x_wconf 85' lang='grc' dir='ltr'>αὐτοῖς</span> <span class='ocrx_word' id='word_1_184' title='bbox 3269 1191 3393 1251; x_wconf 76' lang='grc' dir='ltr'>τοὺς</span> <span class='ocrx_word' id='word_1_185' title='bbox 3455 1193 3570 1242; x_wconf 88' lang='grc' dir='ltr'>Πα-</span> 
     </span>
    </p>
   </div>
   <div class='ocr_carea' id='block_1_28' title="bbox 2009 1273 3573 1347">
    <p class='ocr_par' dir='ltr' id='par_1_28' title="bbox 2009 1273 3573 1347">
     <span class='ocr_line' id='line_1_28' title="bbox 2009 1273 3573 1347; baseline 0.006 -23"><span class='ocrx_word' id='word_1_186' title='bbox 2009 1273 2174 1342; x_wconf 81' lang='grc' dir='ltr'>τέρας</span> <span class='ocrx_word' id='word_1_187' title='bbox 2207 1276 2335 1338; x_wconf 74' lang='grc' dir='ltr'>τοὺς</span> <span class='ocrx_word' id='word_1_188' title='bbox 2361 1276 2618 1340; x_wconf 86' lang='grc' dir='ltr'>δυτικοὺς</span> <span class='ocrx_word' id='word_1_189' title='bbox 2653 1279 2970 1341; x_wconf 75' lang='grc' dir='ltr'>πλειστάκις</span> <span class='ocrx_word' id='word_1_190' title='bbox 2995 1278 3137 1332; x_wconf 74' lang='grc' dir='ltr'>οὕτω</span> <span class='ocrx_word' id='word_1_191' title='bbox 3186 1280 3573 1347; x_wconf 79' lang='grc' dir='ltr'>θεολογοῦντας</span> 
     </span>
    </p>
   </div>
   <div class='ocr_carea' id='block_1_29' title="bbox 2010 1365 3572 1442">
    <p class='ocr_par' dir='ltr' id='par_1_29' title="bbox 2010 1365 3572 1442">
     <span class='ocr_line' id='line_1_29' title="bbox 2010 1365 3572 1442; baseline 0.007 -28"><span class='ocrx_word' id='word_1_192' title='bbox 2010 1365 2378 1433; x_wconf 79' lang='grc' dir='ltr'>εὑρίσκοντες,</span> <span class='ocrx_word' id='word_1_193' title='bbox 2421 1370 2517 1422; x_wconf 76' lang='grc' dir='ltr'><strong>καὶ</strong></span> <span class='ocrx_word' id='word_1_194' title='bbox 2569 1369 2802 1440; x_wconf 85' lang='grc' dir='ltr'>μάλιστα</span> <span class='ocrx_word' id='word_1_195' title='bbox 2860 1371 2990 1424; x_wconf 86' lang='grc' dir='ltr'>ὅταν</span> <span class='ocrx_word' id='word_1_196' title='bbox 3031 1373 3279 1442; x_wconf 76' lang='grc' dir='ltr'><strong>φανερῶς</strong></span> <span class='ocrx_word' id='word_1_197' title='bbox 3331 1375 3422 1426; x_wconf 80' lang='grc' dir='ltr'><strong>ἐπὶ</strong></span> <span class='ocrx_word' id='word_1_198' title='bbox 3469 1377 3572 1442; x_wconf 75' lang='grc' dir='ltr'>τῆς</span> 
     </span>
    </p>
   </div>
   <div class='ocr_carea' id='block_1_30' title="bbox 2011 1457 3570 1534">
    <p class='ocr_par' dir='ltr' id='par_1_30' title="bbox 2011 1457 3570 1534">
     <span class='ocr_line' id='line_1_30' title="bbox 2011 1457 3570 1534; baseline 0.006 -27"><span class='ocrx_word' id='word_1_199' title='bbox 2011 1457 2380 1527; x_wconf 82' lang='grc' dir='ltr'>ὑποστατικῆς</span> <span class='ocrx_word' id='word_1_200' title='bbox 2431 1475 2490 1511; x_wconf 84' lang='grc' dir='ltr'><strong>τε</strong></span> <span class='ocrx_word' id='word_1_201' title='bbox 2549 1465 2642 1514; x_wconf 82' lang='grc' dir='ltr'>καὶ</span> <span class='ocrx_word' id='word_1_202' title='bbox 2698 1462 3047 1533; x_wconf 85' lang='grc' dir='ltr'>ὑπαρκτικῆς</span> <span class='ocrx_word' id='word_1_203' title='bbox 3107 1463 3202 1516; x_wconf 85' lang='grc' dir='ltr'><strong>τοῦ</strong></span> <span class='ocrx_word' id='word_1_204' title='bbox 3260 1464 3570 1534; x_wconf 79' lang='grc' dir='ltr'>Πνεῦματος</span> 
     </span>
    </p>
   </div>
   <div class='ocr_carea' id='block_1_31' title="bbox 2010 1547 3567 1622">
    <p class='ocr_par' dir='ltr' id='par_1_31' title="bbox 2010 1547 3567 1622">
     <span class='ocr_line' id='line_1_31' title="bbox 2010 1547 3567 1622; baseline 0.007 -26"><span class='ocrx_word' id='word_1_205' title='bbox 2010 1547 2237 1614; x_wconf 86' lang='grc' dir='ltr'>προόδου</span> <span class='ocrx_word' id='word_1_206' title='bbox 2269 1548 2448 1600; x_wconf 82' lang='grc' dir='ltr'>είτουν</span> <span class='ocrx_word' id='word_1_207' title='bbox 2474 1551 2852 1616; x_wconf 80' lang='grc' dir='ltr'>ἐκπορεύσεως</span> <span class='ocrx_word' id='word_1_208' title='bbox 2883 1554 2948 1622; x_wconf 82' lang='grc' dir='ltr'>τῇ</span> <span class='ocrx_word' id='word_1_209' title='bbox 2999 1552 3099 1605; x_wconf 80' lang='grc' dir='ltr'>διὰ</span> <span class='ocrx_word' id='word_1_210' title='bbox 3124 1555 3448 1622; x_wconf 76' lang='grc' dir='ltr'><strong>χρωμένους</strong></span> <span class='ocrx_word' id='word_1_211' title='bbox 3483 1557 3567 1607; x_wconf 78' lang='grc' dir='ltr'>εῦο</span> 
     </span>
    </p>
   </div>
   <div class='ocr_carea' id='block_1_32' title="bbox 2013 1637 3568 1705">
    <p class='ocr_par' dir='ltr' id='par_1_32' title="bbox 2013 1637 3568 1705">
     <span class='ocr_line' id='line_1_32' title="bbox 2013 1637 3568 1705; baseline 0.009 -20"><span class='ocrx_word' id='word_1_212' title='bbox 2013 1637 2309 1705; x_wconf 87' lang='grc' dir='ltr'>ρίσκωμεν.</span> <span class='ocrx_word' id='word_1_213' title='bbox 2359 1639 2429 1690; x_wconf 85' lang='grc' dir='ltr'><strong>Ἦ</strong></span> <span class='ocrx_word' id='word_1_214' title='bbox 2455 1639 2507 1690; x_wconf 86' lang='grc' dir='ltr'><strong>τί</strong></span> <span class='ocrx_word' id='word_1_215' title='bbox 2539 1656 2620 1692; x_wconf 91' lang='grc' dir='ltr'><strong>σοι</strong></span> <span class='ocrx_word' id='word_1_216' title='bbox 2670 1644 2802 1702; x_wconf 79' lang='grc' dir='ltr'>νοεῖ,</span> <span class='ocrx_word' id='word_1_217' title='bbox 2837 1641 2925 1694; x_wconf 77' lang='grc' dir='ltr'><strong>ἵνα</strong></span> <span class='ocrx_word' id='word_1_218' title='bbox 2983 1643 3154 1698; x_wconf 79' lang='grc' dir='ltr'>τάλλα</span> <span class='ocrx_word' id='word_1_219' title='bbox 3211 1646 3385 1697; x_wconf 76' lang='grc' dir='ltr'>πολλὰ</span> <span class='ocrx_word' id='word_1_220' title='bbox 3441 1647 3568 1699; x_wconf 71' lang='grc' dir='ltr'>ὄντα</span> 
     </span>
    </p>
   </div>
   <div class='ocr_carea' id='block_1_33' title="bbox 2010 1726 3571 1804">
    <p class='ocr_par' dir='ltr' id='par_1_33' title="bbox 2010 1726 3571 1804">
     <span class='ocr_line' id='line_1_33' title="bbox 2010 1726 3571 1804; baseline 0.009 -27"><span class='ocrx_word' id='word_1_221' title='bbox 2010 1726 2151 1793; x_wconf 84' lang='grc' dir='ltr'>άφῶ,</span> <span class='ocrx_word' id='word_1_222' title='bbox 2186 1728 2245 1778; x_wconf 80' lang='grc' dir='ltr'><strong>τὸ</strong></span> <span class='ocrx_word' id='word_1_223' title='bbox 2275 1728 2366 1780; x_wconf 87' lang='grc' dir='ltr'><strong>τοῦ</strong></span> <span class='ocrx_word' id='word_1_224' title='bbox 2399 1729 2546 1781; x_wconf 89' lang='grc' dir='ltr'>θείου</span> <span class='ocrx_word' id='word_1_225' title='bbox 2577 1733 2942 1799; x_wconf 79' lang='grc' dir='ltr'>Δαμασκηνοῦ</span> <span class='ocrx_word' id='word_1_226' title='bbox 2971 1734 3028 1786; x_wconf 82' lang='grc' dir='ltr'>ὲν</span> <span class='ocrx_word' id='word_1_227' title='bbox 3071 1737 3135 1804; x_wconf 79' lang='grc' dir='ltr'>τῇ</span> <span class='ocrx_word' id='word_1_228' title='bbox 3187 1735 3324 1804; x_wconf 79' lang='grc' dir='ltr'>πρὸς</span> <span class='ocrx_word' id='word_1_229' title='bbox 3371 1738 3571 1802; x_wconf 76' lang='grc' dir='ltr'>Ἰορδά-</span> 
     </span>
    </p>
   </div>
   <div class='ocr_carea' id='block_1_34' title="bbox 341 1805 1901 1897">
    <p class='ocr_par' dir='ltr' id='par_1_34' title="bbox 341 1825 1901 1897">
     <span class='ocr_line' id='line_1_34' title="bbox 341 1825 1901 1897; baseline 0.003 -19"><span class='ocrx_word' id='word_1_230' title='bbox 341 1825 450 1878; x_wconf 85' lang='lat' dir='ltr'><strong>Aut</strong></span> <span class='ocrx_word' id='word_1_231' title='bbox 487 1826 616 1894; x_wconf 91' lang='lat' dir='ltr'><strong>quid</strong></span> <span class='ocrx_word' id='word_1_232' title='bbox 643 1827 739 1879; x_wconf 87' lang='lat' dir='ltr'><strong>tibi</strong></span> <span class='ocrx_word' id='word_1_233' title='bbox 769 1827 1060 1896; x_wconf 86' lang='lat' dir='ltr'><strong>significat,</strong></span> <span class='ocrx_word' id='word_1_234' title='bbox 1089 1838 1148 1881; x_wconf 93' lang='lat' dir='ltr'><strong>ut</strong></span> <span class='ocrx_word' id='word_1_235' title='bbox 1193 1829 1296 1882; x_wconf 88' lang='lat' dir='ltr'><strong>alia</strong></span> <span class='ocrx_word' id='word_1_236' title='bbox 1342 1844 1515 1896; x_wconf 84' lang='lat' dir='ltr'><strong>caque</strong></span> <span class='ocrx_word' id='word_1_237' title='bbox 1566 1828 1732 1882; x_wconf 88' lang='lat' dir='ltr'><strong>multa</strong></span> <span class='ocrx_word' id='word_1_238' title='bbox 1769 1845 1901 1897; x_wconf 69' lang='lat' dir='ltr'><strong>prat-</strong></span> 
     </span>
    </p>
   </div>
   <div class='ocr_carea' id='block_1_35' title="bbox 2007 1805 3569 1897">
    <p class='ocr_par' dir='ltr' id='par_1_35' title="bbox 2011 1818 3569 1895">
     <span class='ocr_line' id='line_1_35' title="bbox 2011 1818 3569 1895; baseline 0.01 -28"><span class='ocrx_word' id='word_1_239' title='bbox 2011 1835 2108 1884; x_wconf 82' lang='grc' dir='ltr'>νην</span> <span class='ocrx_word' id='word_1_240' title='bbox 2147 1818 2402 1888; x_wconf 79' lang='grc' dir='ltr'>ἐπιστολῇ</span> <span class='ocrx_word' id='word_1_241' title='bbox 2428 1819 2547 1889; x_wconf 73' lang='lat'><strong>(2);</strong></span> <span class='ocrx_word' id='word_1_242' title='bbox 2606 1822 2776 1889; x_wconf 78' lang='grc' dir='ltr'>Ἡμῖν</span> <span class='ocrx_word' id='word_1_243' title='bbox 2811 1818 2899 1888; x_wconf 83' lang='grc' dir='ltr'><strong>εἷς</strong></span> <span class='ocrx_word' id='word_1_244' title='bbox 2933 1825 3098 1890; x_wconf 83' lang='grc' dir='ltr'>Θεὸς,</span> <span class='ocrx_word' id='word_1_245' title='bbox 3160 1831 3346 1895; x_wconf 75' lang='grc' dir='ltr'>φησὶν,</span> <span class='ocrx_word' id='word_1_246' title='bbox 3383 1829 3414 1880; x_wconf 92' lang='grc' dir='ltr'><strong>ὁ</strong></span> <span class='ocrx_word' id='word_1_247' title='bbox 3454 1833 3569 1882; x_wconf 88' lang='grc' dir='ltr'>Πα-</span> 
     </span>
    </p>
   </div>
   <div class='ocr_carea' id='block_1_36' title="bbox 344 1917 1904 1986">
    <p class='ocr_par' dir='ltr' id='par_1_36' title="bbox 344 1917 1904 1986">
     <span class='ocr_line' id='line_1_36' title="bbox 344 1917 1904 1986; baseline 0.005 -20"><span class='ocrx_word' id='word_1_248' title='bbox 344 1917 658 1977; x_wconf 85' lang='lat' dir='ltr'><strong>termittam,</strong></span> <span class='ocrx_word' id='word_1_249' title='bbox 712 1920 856 1986; x_wconf 90' lang='lat' dir='ltr'><strong>quod</strong></span> <span class='ocrx_word' id='word_1_250' title='bbox 906 1921 959 1972; x_wconf 90' lang='lat' dir='ltr'><strong>in</strong></span> <span class='ocrx_word' id='word_1_251' title='bbox 1010 1920 1237 1986; x_wconf 84' lang='lat' dir='ltr'><strong>epistola</strong></span> <span class='ocrx_word' id='word_1_252' title='bbox 1291 1921 1357 1974; x_wconf 88' lang='lat' dir='ltr'><strong>ad</strong></span> <span class='ocrx_word' id='word_1_253' title='bbox 1410 1921 1702 1975; x_wconf 86' lang='lat' dir='ltr'><strong>Jordanem</strong></span> <span class='ocrx_word' id='word_1_254' title='bbox 1741 1921 1904 1974; x_wconf 88' lang='lat' dir='ltr'><strong>divus</strong></span> 
     </span>
    </p>
   </div>
   <div class='ocr_carea' id='block_1_37' title="bbox 343 2006 1904 2080">
    <p class='ocr_par' dir='ltr' id='par_1_37' title="bbox 343 2006 1904 2080">
     <span class='ocr_line' id='line_1_37' title="bbox 343 2006 1904 2080; baseline 0.001 -20"><span class='ocrx_word' id='word_1_255' title='bbox 343 2006 541 2060; x_wconf 83' lang='lat' dir='ltr'><strong>eﬂ&#39;atur</strong></span> <span class='ocrx_word' id='word_1_256' title='bbox 625 2007 1034 2062; x_wconf 81' lang='lat' dir='ltr'><strong>Damascenns?</strong></span> <span class='ocrx_word' id='word_1_257' title='bbox 1097 2011 1296 2076; x_wconf 85' lang='lat' dir='ltr'><strong>Nobis,</strong></span> <span class='ocrx_word' id='word_1_258' title='bbox 1347 2012 1561 2080; x_wconf 91' lang='lat' dir='ltr'><strong>inquit,</strong></span> <span class='ocrx_word' id='word_1_259' title='bbox 1629 2028 1766 2064; x_wconf 83' lang='lat' dir='ltr'><strong>unus</strong></span> <span class='ocrx_word' id='word_1_260' title='bbox 1827 2020 1904 2064; x_wconf 79' lang='lat' dir='ltr'><strong>est</strong></span> 
     </span>
    </p>
   </div>
   <div class='ocr_carea' id='block_1_38' title="bbox 344 2094 1904 2172">
    <p class='ocr_par' dir='ltr' id='par_1_38' title="bbox 344 2094 1904 2172">
     <span class='ocr_line' id='line_1_38' title="bbox 344 2094 1904 2172; baseline 0.006 -24"><span class='ocrx_word' id='word_1_261' title='bbox 344 2094 526 2158; x_wconf 88' lang='lat' dir='ltr'><strong>Deus,</strong></span> <span class='ocrx_word' id='word_1_262' title='bbox 585 2096 748 2150; x_wconf 88' lang='lat' dir='ltr'><strong>Pater</strong></span> <span class='ocrx_word' id='word_1_263' title='bbox 812 2108 862 2152; x_wconf 86' lang='lat' dir='ltr'><strong>et</strong></span> <span class='ocrx_word' id='word_1_264' title='bbox 924 2098 1147 2154; x_wconf 81' lang='lat' dir='ltr'><strong>Verbum</strong></span> <span class='ocrx_word' id='word_1_265' title='bbox 1205 2103 1340 2171; x_wconf 87' lang='lat' dir='ltr'><strong>ejus,</strong></span> <span class='ocrx_word' id='word_1_266' title='bbox 1397 2111 1446 2155; x_wconf 85' lang='lat' dir='ltr'><strong>et</strong></span> <span class='ocrx_word' id='word_1_267' title='bbox 1504 2101 1732 2172; x_wconf 85' lang='lat' dir='ltr'><strong>Spiritus</strong></span> <span class='ocrx_word' id='word_1_268' title='bbox 1771 2101 1904 2169; x_wconf 83' lang='lat' dir='ltr'><strong>ejus.</strong></span> 
     </span>
    </p>
   </div>
   <div class='ocr_carea' id='block_1_39' title="bbox 352 2182 1906 2258">
    <p class='ocr_par' dir='ltr' id='par_1_39' title="bbox 352 2182 1906 2258">
     <span class='ocr_line' id='line_1_39' title="bbox 352 2182 1906 2258; baseline 0.004 -22"><span class='ocrx_word' id='word_1_269' title='bbox 352 2182 583 2240; x_wconf 84' lang='lat' dir='ltr'><strong>Verbum</strong></span> <span class='ocrx_word' id='word_1_270' title='bbox 621 2205 743 2242; x_wconf 76' lang='lat' dir='ltr'><strong>vero</strong></span> <span class='ocrx_word' id='word_1_271' title='bbox 783 2190 953 2258; x_wconf 74' lang='lat' dir='ltr'><strong>[actus</strong></span> <span class='ocrx_word' id='word_1_272' title='bbox 1002 2192 1350 2258; x_wconf 81' lang='lat' dir='ltr'><strong>personaliter</strong></span> <span class='ocrx_word' id='word_1_273' title='bbox 1382 2195 1668 2246; x_wconf 81' lang='lat' dir='ltr'><strong>subsistens</strong></span> <span class='ocrx_word' id='word_1_274' title='bbox 1709 2203 1756 2246; x_wconf 86' lang='lat' dir='ltr'><strong>et</strong></span> <span class='ocrx_word' id='word_1_275' title='bbox 1788 2192 1906 2256; x_wconf 88' lang='lat' dir='ltr'><strong>Spi-</strong></span> 
     </span>
    </p>
   </div>
   <div class='ocr_carea' id='block_1_40' title="bbox 343 2279 1904 2352">
    <p class='ocr_par' dir='ltr' id='par_1_40' title="bbox 343 2279 1904 2352">
     <span class='ocr_line' id='line_1_40' title="bbox 343 2279 1904 2352; baseline 0.006 -26"><span class='ocrx_word' id='word_1_276' title='bbox 343 2279 475 2330; x_wconf 80' lang='lat' dir='ltr'><strong>ritus</strong></span> <span class='ocrx_word' id='word_1_277' title='bbox 512 2279 838 2347; x_wconf 80' lang='lat' dir='ltr'><strong>spiraculum</strong></span> <span class='ocrx_word' id='word_1_278' title='bbox 866 2283 1216 2349; x_wconf 83' lang='lat' dir='ltr'><strong>personaliter</strong></span> <span class='ocrx_word' id='word_1_279' title='bbox 1253 2283 1561 2345; x_wconf 78' lang='lat' dir='ltr'><strong>subsistens,</strong></span> <span class='ocrx_word' id='word_1_280' title='bbox 1596 2300 1687 2352; x_wconf 83' lang='lat' dir='ltr'><strong>per</strong></span> <span class='ocrx_word' id='word_1_281' title='bbox 1707 2282 1904 2338; x_wconf 70' lang='lat' dir='ltr'><strong>Filium</strong></span> 
     </span>
    </p>
   </div>
   <div class='ocr_carea' id='block_1_41' title="bbox 343 2371 1905 2433">
    <p class='ocr_par' dir='ltr' id='par_1_41' title="bbox 343 2371 1905 2433">
     <span class='ocr_line' id='line_1_41' title="bbox 343 2371 1905 2433; baseline 0.006 -13"><span class='ocrx_word' id='word_1_282' title='bbox 343 2384 485 2433; x_wconf 76' lang='lat' dir='ltr'><strong>vero,</strong></span> <span class='ocrx_word' id='word_1_283' title='bbox 522 2380 572 2422; x_wconf 85' lang='lat' dir='ltr'><strong>et</strong></span> <span class='ocrx_word' id='word_1_284' title='bbox 622 2387 723 2424; x_wconf 83' lang='lat' dir='ltr'><strong>non</strong></span> <span class='ocrx_word' id='word_1_285' title='bbox 775 2388 838 2425; x_wconf 82' lang='lat' dir='ltr'><strong>ea:</strong></span> <span class='ocrx_word' id='word_1_286' title='bbox 875 2371 1035 2426; x_wconf 81' lang='lat' dir='ltr'><strong>Filio.</strong></span> <span class='ocrx_word' id='word_1_287' title='bbox 1069 2375 1134 2428; x_wconf 88' lang='lat' dir='ltr'><strong>Et</strong></span> <span class='ocrx_word' id='word_1_288' title='bbox 1169 2377 1361 2428; x_wconf 88' lang='lat' dir='ltr'><strong>iterum</strong></span> <span class='ocrx_word' id='word_1_289' title='bbox 1392 2377 1444 2428; x_wconf 90' lang='lat' dir='ltr'><strong>in</strong></span> <span class='ocrx_word' id='word_1_290' title='bbox 1495 2375 1706 2430; x_wconf 87' lang='lat' dir='ltr'><strong>decimo</strong></span> <span class='ocrx_word' id='word_1_291' title='bbox 1744 2377 1905 2429; x_wconf 90' lang='lat' dir='ltr'><strong>tertio</strong></span> 
     </span>
    </p>
   </div>
   <div class='ocr_carea' id='block_1_42' title="bbox 344 2461 1901 2536">
    <p class='ocr_par' dir='ltr' id='par_1_42' title="bbox 344 2461 1901 2536">
     <span class='ocr_line' id='line_1_42' title="bbox 344 2461 1901 2536; baseline 0.005 -24"><span class='ocrx_word' id='word_1_292' title='bbox 344 2461 772 2530; x_wconf 86' lang='lat' dir='ltr'><strong>theologicorum</strong></span> <span class='ocrx_word' id='word_1_293' title='bbox 803 2464 1038 2532; x_wconf 88' lang='lat' dir='ltr'><strong>capitum</strong></span> <span class='ocrx_word' id='word_1_294' title='bbox 1074 2481 1088 2517; x_wconf 87' lang='lat'><strong>:</strong></span> <span class='ocrx_word' id='word_1_295' title='bbox 1125 2464 1270 2529; x_wconf 78' lang='lat' dir='ltr'><strong>Filii,</strong></span> <span class='ocrx_word' id='word_1_296' title='bbox 1313 2466 1512 2533; x_wconf 80' lang='lat' dir='ltr'><strong>inquit,</strong></span> <span class='ocrx_word' id='word_1_297' title='bbox 1545 2477 1618 2520; x_wconf 82' lang='lat' dir='ltr'><strong>est</strong></span> <span class='ocrx_word' id='word_1_298' title='bbox 1651 2465 1901 2536; x_wconf 84' lang='lat' dir='ltr'><strong>Spiritus,</strong></span> 
     </span>
    </p>
   </div>
   <div class='ocr_carea' id='block_1_43' title="bbox 345 2553 1904 2625">
    <p class='ocr_par' dir='ltr' id='par_1_43' title="bbox 345 2553 1904 2625">
     <span class='ocr_line' id='line_1_43' title="bbox 345 2553 1904 2625; baseline 0.003 -21"><span class='ocrx_word' id='word_1_299' title='bbox 345 2568 448 2604; x_wconf 82' lang='lat' dir='ltr'><strong>nou</strong></span> <span class='ocrx_word' id='word_1_300' title='bbox 474 2569 538 2605; x_wconf 80' lang='lat' dir='ltr'><strong>ea:</strong></span> <span class='ocrx_word' id='word_1_301' title='bbox 569 2553 700 2621; x_wconf 86' lang='lat' dir='ltr'><strong>ipso,</strong></span> <span class='ocrx_word' id='word_1_302' title='bbox 736 2554 828 2606; x_wconf 81' lang='lat' dir='ltr'><strong>sed</strong></span> <span class='ocrx_word' id='word_1_303' title='bbox 862 2564 916 2606; x_wconf 87' lang='lat' dir='ltr'><strong>ut</strong></span> <span class='ocrx_word' id='word_1_304' title='bbox 947 2570 1038 2623; x_wconf 88' lang='lat' dir='ltr'><strong>per</strong></span> <span class='ocrx_word' id='word_1_305' title='bbox 1065 2555 1235 2623; x_wconf 75' lang='lat' dir='ltr'><strong>ipsum</strong></span> <span class='ocrx_word' id='word_1_306' title='bbox 1258 2557 1574 2625; x_wconf 84' lang='lat' dir='ltr'><strong>procedens;</strong></span> <span class='ocrx_word' id='word_1_307' title='bbox 1603 2557 1744 2609; x_wconf 85' lang='lat' dir='ltr'><strong>solus</strong></span> <span class='ocrx_word' id='word_1_308' title='bbox 1766 2558 1904 2610; x_wconf 82' lang='lat' dir='ltr'><strong>enim</strong></span> 
     </span>
    </p>
   </div>
   <div class='ocr_carea' id='block_1_44' title="bbox 344 2641 1906 2698">
    <p class='ocr_par' dir='ltr' id='par_1_44' title="bbox 344 2641 1906 2698">
     <span class='ocr_line' id='line_1_44' title="bbox 344 2641 1906 2698; baseline 0.001 -5"><span class='ocrx_word' id='word_1_309' title='bbox 344 2657 506 2693; x_wconf 87' lang='lat' dir='ltr'><strong>causa</strong></span> <span class='ocrx_word' id='word_1_310' title='bbox 543 2641 724 2694; x_wconf 81' lang='lat' dir='ltr'><strong>Pater.</strong></span> <span class='ocrx_word' id='word_1_311' title='bbox 771 2641 894 2695; x_wconf 63' lang='lat' dir='ltr'><strong>Ilazc</strong></span> <span class='ocrx_word' id='word_1_312' title='bbox 921 2643 1162 2698; x_wconf 85' lang='lat' dir='ltr'><strong>doctoris</strong></span> <span class='ocrx_word' id='word_1_313' title='bbox 1197 2644 1355 2696; x_wconf 88' lang='lat' dir='ltr'><strong>istius</strong></span> <span class='ocrx_word' id='word_1_314' title='bbox 1387 2644 1698 2697; x_wconf 85' lang='lat' dir='ltr'><strong>testimonia</strong></span> <span class='ocrx_word' id='word_1_315' title='bbox 1725 2659 1788 2696; x_wconf 71' lang='lat' dir='ltr'><strong>ex</strong></span> <span class='ocrx_word' id='word_1_316' title='bbox 1821 2643 1906 2695; x_wconf 82' lang='lat' dir='ltr'><strong>in-</strong></span> 
     </span>
    </p>
   </div>
   <div class='ocr_carea' id='block_1_45' title="bbox 348 2727 1905 2803">
    <p class='ocr_par' dir='ltr' id='par_1_45' title="bbox 348 2727 1905 2803">
     <span class='ocr_line' id='line_1_45' title="bbox 348 2727 1905 2803; baseline 0.004 -22"><span class='ocrx_word' id='word_1_317' title='bbox 348 2732 556 2786; x_wconf 87' lang='lat' dir='ltr'><strong>dustria</strong></span> <span class='ocrx_word' id='word_1_318' title='bbox 582 2734 676 2786; x_wconf 83' lang='lat' dir='ltr'><strong>tibi</strong></span> <span class='ocrx_word' id='word_1_319' title='bbox 697 2735 917 2802; x_wconf 86' lang='lat' dir='ltr'><strong>protuli,</strong></span> <span class='ocrx_word' id='word_1_320' title='bbox 945 2749 1010 2787; x_wconf 78' lang='lat' dir='ltr'><strong>ex</strong></span> <span class='ocrx_word' id='word_1_321' title='bbox 1038 2751 1142 2787; x_wconf 86' lang='lat' dir='ltr'><strong>una</strong></span> <span class='ocrx_word' id='word_1_322' title='bbox 1167 2735 1384 2802; x_wconf 86' lang='lat' dir='ltr'><strong>quidem</strong></span> <span class='ocrx_word' id='word_1_323' title='bbox 1419 2743 1568 2802; x_wconf 87' lang='lat' dir='ltr'><strong>parte</strong></span> <span class='ocrx_word' id='word_1_324' title='bbox 1586 2727 1710 2803; x_wconf 76' lang='lat' dir='ltr'><strong>quia</strong></span> <span class='ocrx_word' id='word_1_325' title='bbox 1735 2733 1905 2803; x_wconf 86' lang='lat' dir='ltr'><strong>magis</strong></span> 
     </span>
    </p>
   </div>
   <div class='ocr_carea' id='block_1_46' title="bbox 345 2823 1902 2895">
    <p class='ocr_par' dir='ltr' id='par_1_46' title="bbox 345 2823 1902 2895">
     <span class='ocr_line' id='line_1_46' title="bbox 345 2823 1902 2895; baseline 0.004 -21"><span class='ocrx_word' id='word_1_326' title='bbox 345 2825 404 2875; x_wconf 90' lang='lat' dir='ltr'><strong>in</strong></span> <span class='ocrx_word' id='word_1_327' title='bbox 431 2841 496 2876; x_wconf 85' lang='lat' dir='ltr'><strong>eo</strong></span> <span class='ocrx_word' id='word_1_328' title='bbox 532 2823 764 2878; x_wconf 82' lang='lat' dir='ltr'><strong>conﬁdis</strong></span> <span class='ocrx_word' id='word_1_329' title='bbox 789 2841 963 2894; x_wconf 89' lang='lat' dir='ltr'><strong>eoque</strong></span> <span class='ocrx_word' id='word_1_330' title='bbox 995 2827 1265 2894; x_wconf 80' lang='lat' dir='ltr'><strong>gloriaris,</strong></span> <span class='ocrx_word' id='word_1_331' title='bbox 1299 2843 1364 2880; x_wconf 80' lang='lat' dir='ltr'><strong>ex</strong></span> <span class='ocrx_word' id='word_1_332' title='bbox 1415 2827 1585 2880; x_wconf 89' lang='lat' dir='ltr'><strong>altera</strong></span> <span class='ocrx_word' id='word_1_333' title='bbox 1613 2842 1740 2880; x_wconf 84' lang='lat' dir='ltr'><strong>vero</strong></span> <span class='ocrx_word' id='word_1_334' title='bbox 1778 2828 1902 2895; x_wconf 86' lang='lat' dir='ltr'><strong>quia</strong></span> 
     </span>
    </p>
   </div>
   <div class='ocr_carea' id='block_1_47' title="bbox 344 2913 1902 2986">
    <p class='ocr_par' dir='ltr' id='par_1_47' title="bbox 344 2913 1902 2986">
     <span class='ocr_line' id='line_1_47' title="bbox 344 2913 1902 2986; baseline 0.003 -20"><span class='ocrx_word' id='word_1_335' title='bbox 344 2913 461 2968; x_wconf 70' lang='lat' dir='ltr'><strong>inec</strong></span> <span class='ocrx_word' id='word_1_336' title='bbox 503 2916 735 2970; x_wconf 77' lang='lat' dir='ltr'><strong>maxime</strong></span> <span class='ocrx_word' id='word_1_337' title='bbox 767 2931 831 2970; x_wconf 84' lang='lat' dir='ltr'><strong>ex</strong></span> <span class='ocrx_word' id='word_1_338' title='bbox 883 2917 1002 2986; x_wconf 84' lang='lat' dir='ltr'><strong>ejus</strong></span> <span class='ocrx_word' id='word_1_339' title='bbox 1034 2917 1195 2972; x_wconf 87' lang='lat' dir='ltr'><strong>dictis</strong></span> <span class='ocrx_word' id='word_1_340' title='bbox 1233 2930 1420 2972; x_wconf 91' lang='lat' dir='ltr'><strong>contra</strong></span> <span class='ocrx_word' id='word_1_341' title='bbox 1461 2933 1560 2972; x_wconf 91' lang='lat' dir='ltr'><strong>nos</strong></span> <span class='ocrx_word' id='word_1_342' title='bbox 1604 2934 1784 2985; x_wconf 80' lang='lat' dir='ltr'><strong>urges.</strong></span> <span class='ocrx_word' id='word_1_343' title='bbox 1845 2916 1902 2972; x_wconf 91' lang='lat' dir='ltr'><strong>Si</strong></span> 
     </span>
    </p>
   </div>
   <div class='ocr_carea' id='block_1_48' title="bbox 343 3007 1904 3079">
    <p class='ocr_par' dir='ltr' id='par_1_48' title="bbox 343 3007 1904 3079">
     <span class='ocr_line' id='line_1_48' title="bbox 343 3007 1904 3079; baseline 0.003 -19"><span class='ocrx_word' id='word_1_344' title='bbox 343 3007 488 3060; x_wconf 89' lang='lat' dir='ltr'><strong>enim</strong></span> <span class='ocrx_word' id='word_1_345' title='bbox 515 3008 628 3060; x_wconf 70' lang='lat' dir='ltr'><strong>haec</strong></span> <span class='ocrx_word' id='word_1_346' title='bbox 660 3022 758 3075; x_wconf 89' lang='lat' dir='ltr'><strong>pro</strong></span> <span class='ocrx_word' id='word_1_347' title='bbox 787 3008 942 3063; x_wconf 86' lang='lat' dir='ltr'><strong>nobis</strong></span> <span class='ocrx_word' id='word_1_348' title='bbox 968 3018 1111 3063; x_wconf 88' lang='lat' dir='ltr'><strong>stare</strong></span> <span class='ocrx_word' id='word_1_349' title='bbox 1139 3020 1354 3064; x_wconf 87' lang='lat' dir='ltr'><strong>ostensa</strong></span> <span class='ocrx_word' id='word_1_350' title='bbox 1386 3010 1612 3076; x_wconf 81' lang='lat' dir='ltr'><strong>fuerint,</strong></span> <span class='ocrx_word' id='word_1_351' title='bbox 1645 3025 1763 3079; x_wconf 72' lang='lat' dir='ltr'><strong>quae</strong></span> <span class='ocrx_word' id='word_1_352' title='bbox 1792 3025 1904 3064; x_wconf 86' lang='lat' dir='ltr'><strong>ma-</strong></span> 
     </span>
    </p>
   </div>
   <div class='ocr_carea' id='block_1_49' title="bbox 345 3097 1976 3197">
    <p class='ocr_par' dir='ltr' id='par_1_49' title="bbox 345 3097 1976 3197">
     <span class='ocr_line' id='line_1_49' title="bbox 345 3097 1976 3197; baseline 0.004 -49"><span class='ocrx_word' id='word_1_353' title='bbox 345 3097 492 3150; x_wconf 72' lang='lat' dir='ltr'><strong>xime</strong></span> <span class='ocrx_word' id='word_1_354' title='bbox 529 3108 717 3150; x_wconf 89' lang='lat' dir='ltr'><strong>contra</strong></span> <span class='ocrx_word' id='word_1_355' title='bbox 751 3115 849 3153; x_wconf 93' lang='lat' dir='ltr'><strong>nos</strong></span> <span class='ocrx_word' id='word_1_356' title='bbox 887 3115 1006 3154; x_wconf 91' lang='lat' dir='ltr'><strong>esse</strong></span> <span class='ocrx_word' id='word_1_357' title='bbox 1075 3111 1269 3168; x_wconf 84' lang='lat' dir='ltr'><strong>putas.</strong></span> <span class='ocrx_word' id='word_1_358' title='bbox 1322 3101 1466 3155; x_wconf 90' lang='lat' dir='ltr'><strong>nulla</strong></span> <span class='ocrx_word' id='word_1_359' title='bbox 1503 3102 1598 3156; x_wconf 83' lang='lat' dir='ltr'><strong>tibi</strong></span> <span class='ocrx_word' id='word_1_360' title='bbox 1634 3102 1905 3169; x_wconf 81' lang='lat' dir='ltr'><strong>supererit</strong></span> <span class='ocrx_word' id='word_1_361' title='bbox 1931 3139 1976 3197; x_wconf 67' lang='grc' dir='ltr'>ο</span> 
     </span>
    </p>
   </div>
   <div class='ocr_carea' id='block_1_50' title="bbox 345 3188 1901 3262">
    <p class='ocr_par' dir='ltr' id='par_1_50' title="bbox 345 3188 1901 3262">
     <span class='ocr_line' id='line_1_50' title="bbox 345 3188 1901 3262; baseline 0.004 -22"><span class='ocrx_word' id='word_1_362' title='bbox 345 3189 506 3241; x_wconf 82' lang='lat' dir='ltr'><strong>ratio.</strong></span> <span class='ocrx_word' id='word_1_363' title='bbox 533 3188 670 3253; x_wconf 88' lang='lat' dir='ltr'><strong>Quid</strong></span> <span class='ocrx_word' id='word_1_364' title='bbox 702 3189 865 3258; x_wconf 78' lang='lat' dir='ltr'><strong>igitur</strong></span> <span class='ocrx_word' id='word_1_365' title='bbox 893 3193 1206 3259; x_wconf 63' lang='lat' dir='ltr'><strong>praepositio</strong></span> <span class='ocrx_word' id='word_1_366' title='bbox 1234 3207 1328 3259; x_wconf 87' lang='lat' dir='ltr'><strong>per</strong></span> <span class='ocrx_word' id='word_1_367' title='bbox 1359 3192 1446 3246; x_wconf 86' lang='lat' dir='ltr'><strong>hic</strong></span> <span class='ocrx_word' id='word_1_368' title='bbox 1468 3193 1772 3262; x_wconf 82' lang='lat' dir='ltr'><strong>signiﬁcare</strong></span> <span class='ocrx_word' id='word_1_369' title='bbox 1805 3193 1901 3246; x_wconf 90' lang='lat' dir='ltr'><strong>tibi</strong></span> 
     </span>
    </p>
   </div>
   <div class='ocr_carea' id='block_1_51' title="bbox 344 3277 1906 3352">
    <p class='ocr_par' dir='ltr' id='par_1_51' title="bbox 344 3277 1906 3352">
     <span class='ocr_line' id='line_1_51' title="bbox 344 3277 1906 3352; baseline 0.004 -22"><span class='ocrx_word' id='word_1_370' title='bbox 344 3286 400 3331; x_wconf 85' lang='lat' dir='ltr'><strong>et</strong></span> <span class='ocrx_word' id='word_1_371' title='bbox 433 3277 500 3332; x_wconf 88' lang='lat' dir='ltr'><strong>de</strong></span> <span class='ocrx_word' id='word_1_372' title='bbox 525 3293 631 3347; x_wconf 90' lang='lat' dir='ltr'><strong>quo</strong></span> <span class='ocrx_word' id='word_1_373' title='bbox 657 3279 825 3347; x_wconf 81' lang='lat' dir='ltr'><strong>accipi</strong></span> <span class='ocrx_word' id='word_1_374' title='bbox 858 3280 1116 3334; x_wconf 84' lang='lat' dir='ltr'><strong>videtur?</strong></span> <span class='ocrx_word' id='word_1_375' title='bbox 1165 3282 1403 3335; x_wconf 83' lang='lat' dir='ltr'><strong>Evidens</strong></span> <span class='ocrx_word' id='word_1_376' title='bbox 1443 3292 1544 3348; x_wconf 86' lang='lat' dir='ltr'><strong>est,</strong></span> <span class='ocrx_word' id='word_1_377' title='bbox 1580 3298 1678 3352; x_wconf 91' lang='lat' dir='ltr'><strong>pro</strong></span> <span class='ocrx_word' id='word_1_378' title='bbox 1710 3283 1906 3352; x_wconf 87' lang='lat' dir='ltr'><strong>sempi-</strong></span> 
     </span>
    </p>
   </div>
   <div class='ocr_carea' id='block_1_52' title="bbox 349 3369 1904 3444">
    <p class='ocr_par' dir='ltr' id='par_1_52' title="bbox 349 3369 1904 3444">
     <span class='ocr_line' id='line_1_52' title="bbox 349 3369 1904 3444; baseline 0.004 -20"><span class='ocrx_word' id='word_1_379' title='bbox 349 3378 504 3424; x_wconf 87' lang='lat' dir='ltr'><strong>terna</strong></span> <span class='ocrx_word' id='word_1_380' title='bbox 562 3369 800 3439; x_wconf 87' lang='lat' dir='ltr'><strong>Spiritus</strong></span> <span class='ocrx_word' id='word_1_381' title='bbox 831 3371 1000 3426; x_wconf 86' lang='lat' dir='ltr'><strong>sancti</strong></span> <span class='ocrx_word' id='word_1_382' title='bbox 1036 3374 1304 3442; x_wconf 85' lang='lat' dir='ltr'><strong>personali</strong></span> <span class='ocrx_word' id='word_1_383' title='bbox 1347 3375 1666 3428; x_wconf 80' lang='lat' dir='ltr'><strong>exsistcntia</strong></span> <span class='ocrx_word' id='word_1_384' title='bbox 1697 3385 1753 3428; x_wconf 90' lang='lat' dir='ltr'><strong>et</strong></span> <span class='ocrx_word' id='word_1_385' title='bbox 1779 3391 1904 3444; x_wconf 87' lang='lat' dir='ltr'><strong>pro-</strong></span> 
     </span>
    </p>
   </div>
   <div class='ocr_carea' id='block_1_53' title="bbox 345 3460 1905 3536">
    <p class='ocr_par' dir='ltr' id='par_1_53' title="bbox 345 3460 1905 3536">
     <span class='ocr_line' id='line_1_53' title="bbox 345 3460 1905 3536; baseline 0.004 -21"><span class='ocrx_word' id='word_1_386' title='bbox 345 3460 592 3515; x_wconf 88' lang='lat' dir='ltr'><strong>cessione</strong></span> <span class='ocrx_word' id='word_1_387' title='bbox 621 3477 738 3514; x_wconf 87' lang='lat' dir='ltr'><strong>eam</strong></span> <span class='ocrx_word' id='word_1_388' title='bbox 768 3477 1052 3528; x_wconf 86' lang='lat' dir='ltr'><strong>usurpare.</strong></span> <span class='ocrx_word' id='word_1_389' title='bbox 1086 3464 1253 3518; x_wconf 84' lang='lat' dir='ltr'><strong>Nemo</strong></span> <span class='ocrx_word' id='word_1_390' title='bbox 1285 3466 1428 3519; x_wconf 90' lang='lat' dir='ltr'><strong>enim</strong></span> <span class='ocrx_word' id='word_1_391' title='bbox 1461 3467 1596 3520; x_wconf 88' lang='lat' dir='ltr'><strong>adeo</strong></span> <span class='ocrx_word' id='word_1_392' title='bbox 1619 3468 1905 3536; x_wconf 88' lang='lat' dir='ltr'><strong>impudens</strong></span> 
     </span>
    </p>
   </div>
   <div class='ocr_carea' id='block_1_54' title="bbox 345 3552 1904 3628">
    <p class='ocr_par' dir='ltr' id='par_1_54' title="bbox 345 3552 1904 3628">
     <span class='ocr_line' id='line_1_54' title="bbox 345 3552 1904 3628; baseline 0.005 -23"><span class='ocrx_word' id='word_1_393' title='bbox 345 3561 454 3613; x_wconf 88' lang='lat' dir='ltr'><strong>est,</strong></span> <span class='ocrx_word' id='word_1_394' title='bbox 492 3560 551 3604; x_wconf 93' lang='lat' dir='ltr'><strong>ut</strong></span> <span class='ocrx_word' id='word_1_395' title='bbox 580 3553 854 3606; x_wconf 89' lang='lat' dir='ltr'><strong>contraria</strong></span> <span class='ocrx_word' id='word_1_396' title='bbox 880 3552 1046 3610; x_wconf 79' lang='lat' dir='ltr'><strong>dicat.</strong></span> <span class='ocrx_word' id='word_1_397' title='bbox 1080 3554 1212 3608; x_wconf 87' lang='lat' dir='ltr'><strong>Nam</strong></span> <span class='ocrx_word' id='word_1_398' title='bbox 1239 3555 1572 3624; x_wconf 83' lang='lat' dir='ltr'><strong>spiraculum</strong></span> <span class='ocrx_word' id='word_1_399' title='bbox 1603 3567 1658 3613; x_wconf 90' lang='lat' dir='ltr'><strong>et</strong></span> <span class='ocrx_word' id='word_1_400' title='bbox 1695 3559 1904 3628; x_wconf 90' lang='lat' dir='ltr'><strong>produ-</strong></span> 
     </span>
    </p>
   </div>
   <div class='ocr_carea' id='block_1_55' title="bbox 348 3646 1904 3715">
    <p class='ocr_par' dir='ltr' id='par_1_55' title="bbox 348 3646 1904 3715">
     <span class='ocr_line' id='line_1_55' title="bbox 348 3646 1904 3715; baseline 0.004 -17"><span class='ocrx_word' id='word_1_401' title='bbox 348 3653 496 3698; x_wconf 87' lang='lat' dir='ltr'><strong>ctum</strong></span> <span class='ocrx_word' id='word_1_402' title='bbox 526 3646 888 3713; x_wconf 89' lang='lat' dir='ltr'><strong>personaliter</strong></span> <span class='ocrx_word' id='word_1_403' title='bbox 917 3647 1220 3700; x_wconf 82' lang='lat' dir='ltr'><strong>subsistens</strong></span> <span class='ocrx_word' id='word_1_404' title='bbox 1258 3663 1352 3715; x_wconf 89' lang='lat' dir='ltr'><strong>per</strong></span> <span class='ocrx_word' id='word_1_405' title='bbox 1379 3648 1576 3701; x_wconf 89' lang='lat' dir='ltr'><strong>Filium</strong></span> <span class='ocrx_word' id='word_1_406' title='bbox 1607 3649 1761 3714; x_wconf 85' lang='lat' dir='ltr'><strong>dicit,</strong></span> <span class='ocrx_word' id='word_1_407' title='bbox 1797 3666 1904 3705; x_wconf 90' lang='lat' dir='ltr'><strong>non</strong></span> 
     </span>
    </p>
   </div>
   <div class='ocr_carea' id='block_1_56' title="bbox 346 3733 1905 3808">
    <p class='ocr_par' dir='ltr' id='par_1_56' title="bbox 346 3733 1905 3808">
     <span class='ocr_line' id='line_1_56' title="bbox 346 3733 1905 3808; baseline 0.004 -22"><span class='ocrx_word' id='word_1_408' title='bbox 346 3748 412 3786; x_wconf 84' lang='lat' dir='ltr'><strong>ex</strong></span> <span class='ocrx_word' id='word_1_409' title='bbox 441 3733 599 3786; x_wconf 83' lang='lat' dir='ltr'><strong>Filio.</strong></span> <span class='ocrx_word' id='word_1_410' title='bbox 634 3733 856 3787; x_wconf 88' lang='lat' dir='ltr'><strong>Frustra</strong></span> <span class='ocrx_word' id='word_1_411' title='bbox 888 3733 1055 3803; x_wconf 82' lang='lat' dir='ltr'><strong>igitur</strong></span> <span class='ocrx_word' id='word_1_412' title='bbox 1089 3735 1158 3788; x_wconf 86' lang='lat' dir='ltr'><strong>ab</strong></span> <span class='ocrx_word' id='word_1_413' title='bbox 1209 3735 1327 3803; x_wconf 90' lang='lat' dir='ltr'><strong>ipso</strong></span> <span class='ocrx_word' id='word_1_414' title='bbox 1379 3738 1666 3806; x_wconf 86' lang='lat' dir='ltr'><strong>projicitur</strong></span> <span class='ocrx_word' id='word_1_415' title='bbox 1698 3756 1905 3808; x_wconf 60' lang='lat' dir='ltr'><strong>praepo-</strong></span> 
     </span>
    </p>
   </div>
   <div class='ocr_carea' id='block_1_57' title="bbox 343 3823 1901 3898">
    <p class='ocr_par' dir='ltr' id='par_1_57' title="bbox 343 3823 1901 3898">
     <span class='ocr_line' id='line_1_57' title="bbox 343 3823 1901 3898; baseline 0.005 -22"><span class='ocrx_word' id='word_1_416' title='bbox 343 3823 470 3877; x_wconf 85' lang='lat' dir='ltr'><strong>sitio</strong></span> <span class='ocrx_word' id='word_1_417' title='bbox 520 3840 646 3893; x_wconf 34' lang='lat' dir='ltr'><strong>per“</strong></span> <span class='ocrx_word' id='word_1_418' title='bbox 670 3823 753 3876; x_wconf 88' lang='lat' dir='ltr'><strong>vel</strong></span> <span class='ocrx_word' id='word_1_419' title='bbox 804 3824 936 3892; x_wconf 84' lang='lat' dir='ltr'><strong>quid</strong></span> <span class='ocrx_word' id='word_1_420' title='bbox 988 3823 1294 3894; x_wconf 88' lang='lat' dir='ltr'><strong>significat;</strong></span> <span class='ocrx_word' id='word_1_421' title='bbox 1340 3827 1606 3896; x_wconf 88' lang='lat' dir='ltr'><strong>signiﬁcat</strong></span> <span class='ocrx_word' id='word_1_422' title='bbox 1660 3830 1901 3898; x_wconf 91' lang='lat' dir='ltr'><strong>quidem,</strong></span> 
     </span>
    </p>
   </div>
   <div class='ocr_carea' id='block_1_58' title="bbox 341 3915 1904 3992">
    <p class='ocr_par' dir='ltr' id='par_1_58' title="bbox 341 3915 1904 3992">
     <span class='ocr_line' id='line_1_58' title="bbox 341 3915 1904 3992; baseline 0.005 -24"><span class='ocrx_word' id='word_1_423' title='bbox 341 3915 470 3968; x_wconf 91' lang='lat' dir='ltr'><strong>licet</strong></span> <span class='ocrx_word' id='word_1_424' title='bbox 511 3916 624 3983; x_wconf 90' lang='lat' dir='ltr'><strong>ipse</strong></span> <span class='ocrx_word' id='word_1_425' title='bbox 654 3931 763 3969; x_wconf 92' lang='lat' dir='ltr'><strong>non</strong></span> <span class='ocrx_word' id='word_1_426' title='bbox 792 3915 977 3981; x_wconf 88' lang='lat' dir='ltr'><strong>dicas;</strong></span> <span class='ocrx_word' id='word_1_427' title='bbox 1003 3917 1134 3986; x_wconf 90' lang='lat' dir='ltr'><strong>quid</strong></span> <span class='ocrx_word' id='word_1_428' title='bbox 1172 3933 1304 3972; x_wconf 82' lang='lat' dir='ltr'><strong>vero</strong></span> <span class='ocrx_word' id='word_1_429' title='bbox 1335 3920 1482 3974; x_wconf 87' lang='lat' dir='ltr'><strong>aliud</strong></span> <span class='ocrx_word' id='word_1_430' title='bbox 1520 3921 1904 3992; x_wconf 82' lang='lat' dir='ltr'><strong>signiﬁcaverit</strong></span> 
     </span>
    </p>
   </div>
   <div class='ocr_carea' id='block_1_59' title="bbox 343 4005 1904 4068">
    <p class='ocr_par' dir='ltr' id='par_1_59' title="bbox 343 4005 1904 4068">
     <span class='ocr_line' id='line_1_59' title="bbox 343 4005 1904 4068; baseline 0.008 -11"><span class='ocrx_word' id='word_1_431' title='bbox 343 4005 448 4058; x_wconf 87' lang='lat' dir='ltr'><strong>nisi</strong></span> <span class='ocrx_word' id='word_1_432' title='bbox 479 4015 534 4058; x_wconf 89' lang='lat' dir='ltr'><strong>et</strong></span> <span class='ocrx_word' id='word_1_433' title='bbox 566 4005 759 4060; x_wconf 88' lang='lat' dir='ltr'><strong>Filium</strong></span> <span class='ocrx_word' id='word_1_434' title='bbox 794 4023 911 4060; x_wconf 86' lang='lat' dir='ltr'><strong>cum</strong></span> <span class='ocrx_word' id='word_1_435' title='bbox 957 4007 1114 4063; x_wconf 86' lang='lat' dir='ltr'><strong>Patre</strong></span> <span class='ocrx_word' id='word_1_436' title='bbox 1146 4025 1266 4065; x_wconf 88' lang='lat' dir='ltr'><strong>esse</strong></span> <span class='ocrx_word' id='word_1_437' title='bbox 1305 4025 1526 4065; x_wconf 88' lang='lat' dir='ltr'><strong>causam</strong></span> <span class='ocrx_word' id='word_1_438' title='bbox 1569 4014 1904 4068; x_wconf 63' lang='lat' dir='ltr'><strong>exsistentiae</strong></span> 
     </span>
    </p>
   </div>
   <div class='ocr_carea' id='block_1_60' title="bbox 345 4097 1903 4169">
    <p class='ocr_par' dir='ltr' id='par_1_60' title="bbox 345 4097 1903 4169">
     <span class='ocr_line' id='line_1_60' title="bbox 345 4097 1903 4169; baseline 0.004 -17"><span class='ocrx_word' id='word_1_439' title='bbox 345 4097 632 4166; x_wconf 85' lang='lat' dir='ltr'><strong>Spiritus?</strong></span> <span class='ocrx_word' id='word_1_440' title='bbox 656 4098 808 4162; x_wconf 83' lang='lat' dir='ltr'><strong>Quod</strong></span> <span class='ocrx_word' id='word_1_441' title='bbox 835 4114 971 4153; x_wconf 78' lang='lat' dir='ltr'><strong>vero</strong></span> <span class='ocrx_word' id='word_1_442' title='bbox 1000 4109 1212 4169; x_wconf 87' lang='lat' dir='ltr'><strong>spectat</strong></span> <span class='ocrx_word' id='word_1_443' title='bbox 1244 4101 1311 4154; x_wconf 83' lang='lat' dir='ltr'><strong>ad</strong></span> <span class='ocrx_word' id='word_1_444' title='bbox 1355 4102 1489 4156; x_wconf 89' lang='lat' dir='ltr'><strong>illud</strong></span> <span class='ocrx_word' id='word_1_445' title='bbox 1513 4119 1528 4156; x_wconf 88' lang='lat'><strong>:</strong></span> <span class='ocrx_word' id='word_1_446' title='bbox 1559 4103 1716 4158; x_wconf 85' lang='lat' dir='ltr'><strong>Solus</strong></span> <span class='ocrx_word' id='word_1_447' title='bbox 1741 4121 1903 4158; x_wconf 85' lang='lat' dir='ltr'><strong>causa</strong></span> 
     </span>
    </p>
   </div>
   <div class='ocr_carea' id='block_1_61' title="bbox 343 4191 1899 4263">
    <p class='ocr_par' dir='ltr' id='par_1_61' title="bbox 343 4191 1899 4263">
     <span class='ocr_line' id='line_1_61' title="bbox 343 4191 1899 4263; baseline 0.004 -21"><span class='ocrx_word' id='word_1_448' title='bbox 343 4191 604 4252; x_wconf 78' lang='lat' dir='ltr'><strong>I’ufer,ef.</strong></span> <span class='ocrx_word' id='word_1_449' title='bbox 623 4193 768 4260; x_wconf 84' lang='lat' dir='ltr'><strong>quod</strong></span> <span class='ocrx_word' id='word_1_450' title='bbox 799 4191 915 4260; x_wconf 88' lang='lat' dir='ltr'><strong>ipse</strong></span> <span class='ocrx_word' id='word_1_451' title='bbox 932 4192 1067 4246; x_wconf 89' lang='lat' dir='ltr'><strong>dicit</strong></span> <span class='ocrx_word' id='word_1_452' title='bbox 1094 4207 1203 4246; x_wconf 87' lang='lat' dir='ltr'><strong>non</strong></span> <span class='ocrx_word' id='word_1_453' title='bbox 1225 4207 1290 4247; x_wconf 82' lang='lat' dir='ltr'><strong>ex</strong></span> <span class='ocrx_word' id='word_1_454' title='bbox 1308 4193 1446 4248; x_wconf 89' lang='lat' dir='ltr'><strong>Filio</strong></span> <span class='ocrx_word' id='word_1_455' title='bbox 1471 4208 1590 4248; x_wconf 87' lang='lat' dir='ltr'><strong>esse</strong></span> <span class='ocrx_word' id='word_1_456' title='bbox 1611 4193 1899 4263; x_wconf 89' lang='lat' dir='ltr'><strong>Spiritum,</strong></span> 
     </span>
    </p>
   </div>
   <div class='ocr_carea' id='block_1_62' title="bbox 339 4282 1900 4352">
    <p class='ocr_par' dir='ltr' id='par_1_62' title="bbox 339 4282 1900 4352">
     <span class='ocr_line' id='line_1_62' title="bbox 339 4282 1900 4352; baseline 0.005 -20"><span class='ocrx_word' id='word_1_457' title='bbox 339 4297 446 4347; x_wconf 82' lang='lat' dir='ltr'><strong>qua</strong></span> <span class='ocrx_word' id='word_1_458' title='bbox 480 4282 690 4335; x_wconf 89' lang='lat' dir='ltr'><strong>ratione</strong></span> <span class='ocrx_word' id='word_1_459' title='bbox 718 4291 773 4336; x_wconf 92' lang='lat' dir='ltr'><strong>et</strong></span> <span class='ocrx_word' id='word_1_460' title='bbox 801 4297 964 4351; x_wconf 89' lang='lat' dir='ltr'><strong>quam</strong></span> <span class='ocrx_word' id='word_1_461' title='bbox 1006 4282 1077 4336; x_wconf 90' lang='lat' dir='ltr'><strong>ob</strong></span> <span class='ocrx_word' id='word_1_462' title='bbox 1111 4297 1329 4338; x_wconf 87' lang='lat' dir='ltr'><strong>causam</strong></span> <span class='ocrx_word' id='word_1_463' title='bbox 1356 4283 1563 4339; x_wconf 90' lang='lat' dir='ltr'><strong>dictum</strong></span> <span class='ocrx_word' id='word_1_464' title='bbox 1619 4295 1721 4352; x_wconf 90' lang='lat' dir='ltr'><strong>est,</strong></span> <span class='ocrx_word' id='word_1_465' title='bbox 1769 4287 1900 4342; x_wconf 89' lang='lat' dir='ltr'><strong>alibi</strong></span> 
     </span>
    </p>
   </div>
   <div class='ocr_carea' id='block_1_63' title="bbox 340 4372 1901 4446">
    <p class='ocr_par' dir='ltr' id='par_1_63' title="bbox 340 4372 1901 4446">
     <span class='ocr_line' id='line_1_63' title="bbox 340 4372 1901 4446; baseline 0.005 -20"><span class='ocrx_word' id='word_1_466' title='bbox 340 4372 671 4427; x_wconf 74' lang='lat' dir='ltr'><strong>sufﬁcienter</strong></span> <span class='ocrx_word' id='word_1_467' title='bbox 711 4373 1106 4442; x_wconf 82' lang='lat' dir='ltr'><strong>disputavimus</strong></span> <span class='ocrx_word' id='word_1_468' title='bbox 1157 4383 1215 4430; x_wconf 89' lang='lat' dir='ltr'><strong>et</strong></span> <span class='ocrx_word' id='word_1_469' title='bbox 1275 4375 1472 4430; x_wconf 78' lang='lat' dir='ltr'><strong>exinde</strong></span> <span class='ocrx_word' id='word_1_470' title='bbox 1517 4377 1612 4446; x_wconf 91' lang='lat' dir='ltr'><strong>qui</strong></span> <span class='ocrx_word' id='word_1_471' title='bbox 1666 4379 1901 4434; x_wconf 90' lang='lat' dir='ltr'><strong>voluerit</strong></span> 
     </span>
    </p>
   </div>
   <div class='ocr_carea' id='block_1_64' title="bbox 2007 1906 3564 1984">
    <p class='ocr_par' dir='ltr' id='par_1_64' title="bbox 2007 1906 3564 1984">
     <span class='ocr_line' id='line_1_64' title="bbox 2007 1906 3564 1984; baseline 0.009 -26"><span class='ocrx_word' id='word_1_472' title='bbox 2007 1906 2141 1973; x_wconf 77' lang='grc' dir='ltr'>τὴρ,</span> <span class='ocrx_word' id='word_1_473' title='bbox 2176 1908 2274 1960; x_wconf 82' lang='grc' dir='ltr'>καὶ</span> <span class='ocrx_word' id='word_1_474' title='bbox 2305 1908 2336 1961; x_wconf 89' lang='grc' dir='ltr'>ὁ</span> <span class='ocrx_word' id='word_1_475' title='bbox 2362 1911 2554 1978; x_wconf 66' lang='grc' dir='ltr'>Λόπυς</span> <span class='ocrx_word' id='word_1_476' title='bbox 2585 1913 2794 1977; x_wconf 83' lang='grc' dir='ltr'>αὑτοῦ,</span> <span class='ocrx_word' id='word_1_477' title='bbox 2827 1914 2926 1966; x_wconf 80' lang='grc' dir='ltr'><strong>καί</strong></span> <span class='ocrx_word' id='word_1_478' title='bbox 2952 1915 3018 1967; x_wconf 85' lang='grc' dir='ltr'>τὸ</span> <span class='ocrx_word' id='word_1_479' title='bbox 3057 1916 3300 1984; x_wconf 78' lang='grc' dir='ltr'>Πνεῦμα</span> <span class='ocrx_word' id='word_1_480' title='bbox 3338 1920 3522 1972; x_wconf 81' lang='grc' dir='ltr'>αὐτοῦ</span> <span class='ocrx_word' id='word_1_481' title='bbox 3549 1936 3564 1950; x_wconf 91' lang='grc'><strong>·</strong></span> 
     </span>
    </p>
   </div>
   <div class='ocr_carea' id='block_1_65' title="bbox 2007 1998 3588 2075">
    <p class='ocr_par' dir='ltr' id='par_1_65' title="bbox 2007 1998 3588 2075">
     <span class='ocr_line' id='line_1_65' title="bbox 2007 1998 3588 2075; baseline 0.009 -25"><span class='ocrx_word' id='word_1_482' title='bbox 2007 2000 2196 2066; x_wconf 73' lang='grc' dir='ltr'>Λόγος</span> <span class='ocrx_word' id='word_1_483' title='bbox 2219 1998 2286 2051; x_wconf 86' lang='grc' dir='ltr'>δὲ</span> <span class='ocrx_word' id='word_1_484' title='bbox 2305 1999 2726 2056; x_wconf 80' lang='grc' dir='ltr'>ἑνυπόστατον</span> <span class='ocrx_word' id='word_1_485' title='bbox 2753 2006 3041 2075; x_wconf 75' lang='grc' dir='ltr'>γέννημα,</span> <span class='ocrx_word' id='word_1_486' title='bbox 3068 2006 3158 2059; x_wconf 80' lang='grc' dir='ltr'>διὸ</span> <span class='ocrx_word' id='word_1_487' title='bbox 3185 2007 3285 2061; x_wconf 76' lang='grc' dir='ltr'><strong>καί</strong></span> <span class='ocrx_word' id='word_1_488' title='bbox 3320 2002 3588 2074; x_wconf 54' lang='grc' dir='ltr'>Υιιίς45),’</span> 
     </span>
    </p>
   </div>
   <div class='ocr_carea' id='block_1_66' title="bbox 2006 2090 3568 2167">
    <p class='ocr_par' dir='ltr' id='par_1_66' title="bbox 2006 2090 3568 2167">
     <span class='ocr_line' id='line_1_66' title="bbox 2006 2090 3568 2167; baseline 0.008 -26"><span class='ocrx_word' id='word_1_489' title='bbox 2006 2090 2103 2142; x_wconf 79' lang='grc' dir='ltr'><strong>καί</strong></span> <span class='ocrx_word' id='word_1_490' title='bbox 2153 2091 2394 2152; x_wconf 78' lang='grc' dir='ltr'>Πνεῦμα</span> <span class='ocrx_word' id='word_1_491' title='bbox 2423 2093 2848 2149; x_wconf 82' lang='grc' dir='ltr'>ἐνυπόστατον</span> <span class='ocrx_word' id='word_1_492' title='bbox 2889 2096 3236 2165; x_wconf 80' lang='grc' dir='ltr'>ἐκπόρευμα</span> <span class='ocrx_word' id='word_1_493' title='bbox 3289 2099 3384 2151; x_wconf 79' lang='grc' dir='ltr'><strong>καί</strong></span> <span class='ocrx_word' id='word_1_494' title='bbox 3427 2104 3568 2167; x_wconf 76' lang='grc' dir='ltr'>πρό-</span> 
     </span>
    </p>
   </div>
   <div class='ocr_carea' id='block_1_67' title="bbox 2008 2181 3566 2252">
    <p class='ocr_par' dir='ltr' id='par_1_67' title="bbox 2008 2181 3566 2252">
     <span class='ocr_line' id='line_1_67' title="bbox 2008 2181 3566 2252; baseline 0.006 -18"><span class='ocrx_word' id='word_1_495' title='bbox 2008 2181 2225 2249; x_wconf 70' lang='grc' dir='ltr'>ϐλημα,</span> <span class='ocrx_word' id='word_1_496' title='bbox 2257 2183 2331 2236; x_wconf 84' lang='grc' dir='ltr'>δι’</span> <span class='ocrx_word' id='word_1_497' title='bbox 2364 2186 2503 2238; x_wconf 85' lang='grc' dir='ltr'>Υίοῦ</span> <span class='ocrx_word' id='word_1_498' title='bbox 2532 2185 2601 2238; x_wconf 82' lang='grc' dir='ltr'>δὲ</span> <span class='ocrx_word' id='word_1_499' title='bbox 2630 2187 2727 2240; x_wconf 82' lang='grc' dir='ltr'><strong>καί</strong></span> <span class='ocrx_word' id='word_1_500' title='bbox 2758 2188 2867 2240; x_wconf 82' lang='grc' dir='ltr'>οὐκ</span> <span class='ocrx_word' id='word_1_501' title='bbox 2905 2187 2983 2252; x_wconf 79' lang='grc' dir='ltr'><strong>ἐξ·</strong></span> <span class='ocrx_word' id='word_1_502' title='bbox 3044 2188 3181 2242; x_wconf 77' lang='grc' dir='ltr'>Υίοῦ</span> <span class='ocrx_word' id='word_1_503' title='bbox 3213 2204 3226 2218; x_wconf 90' lang='grc'><strong>·</strong></span> <span class='ocrx_word' id='word_1_504' title='bbox 3264 2193 3359 2242; x_wconf 72' lang='grc' dir='ltr'><strong>καί⁵</strong></span> <span class='ocrx_word' id='word_1_505' title='bbox 3386 2187 3452 2244; x_wconf 81' lang='grc' dir='ltr'><strong>αὖ</strong></span> <span class='ocrx_word' id='word_1_506' title='bbox 3507 2195 3566 2244; x_wconf 82' lang='grc' dir='ltr'><strong>τὸ</strong></span> 
     </span>
    </p>
   </div>
   <div class='ocr_carea' id='block_1_68' title="bbox 2007 2272 3566 2349">
    <p class='ocr_par' dir='ltr' id='par_1_68' title="bbox 2007 2272 3566 2349">
     <span class='ocr_line' id='line_1_68' title="bbox 2007 2272 3566 2349; baseline 0.008 -26"><span class='ocrx_word' id='word_1_507' title='bbox 2007 2272 2064 2324; x_wconf 82' lang='grc' dir='ltr'>ὲν</span> <span class='ocrx_word' id='word_1_508' title='bbox 2095 2272 2170 2340; x_wconf 78' lang='grc' dir='ltr'><strong>τῷ</strong></span> <span class='ocrx_word' id='word_1_509' title='bbox 2189 2274 2620 2344; x_wconf 72' lang='grc' dir='ltr'>τρισκαιδεκάτῳ</span> <span class='ocrx_word' id='word_1_510' title='bbox 2661 2277 2826 2330; x_wconf 82' lang='grc' dir='ltr'>αὑτοῦ</span> <span class='ocrx_word' id='word_1_511' title='bbox 2877 2279 2986 2330; x_wconf 82' lang='grc' dir='ltr'>τῶν</span> <span class='ocrx_word' id='word_1_512' title='bbox 3022 2280 3348 2349; x_wconf 84' lang='grc' dir='ltr'>θεολογικῶν</span> <span class='ocrx_word' id='word_1_513' title='bbox 3398 2300 3566 2348; x_wconf 66' lang='lat' dir='ltr'><strong>impa-</strong></span> 
     </span>
    </p>
   </div>
   <div class='ocr_carea' id='block_1_69' title="bbox 2006 2363 3564 2441">
    <p class='ocr_par' dir='ltr' id='par_1_69' title="bbox 2006 2363 3564 2441">
     <span class='ocr_line' id='line_1_69' title="bbox 2006 2363 3564 2441; baseline 0.01 -27"><span class='ocrx_word' id='word_1_514' title='bbox 2006 2363 2175 2415; x_wconf 89' lang='grc' dir='ltr'>λαίων</span> <span class='ocrx_word' id='word_1_515' title='bbox 2203 2379 2218 2394; x_wconf 77' lang='grc' dir='ltr'><strong>ο</strong></span> <span class='ocrx_word' id='word_1_516' title='bbox 2258 2364 2365 2417; x_wconf 82' lang='lat' dir='ltr'><strong>Kal</strong></span> <span class='ocrx_word' id='word_1_517' title='bbox 2410 2365 2547 2420; x_wconf 79' lang='grc' dir='ltr'>Υἰοῦ</span> <span class='ocrx_word' id='word_1_518' title='bbox 2571 2366 2638 2419; x_wconf 84' lang='grc' dir='ltr'>δὲ</span> <span class='ocrx_word' id='word_1_519' title='bbox 2658 2369 2924 2438; x_wconf 79' lang='grc' dir='ltr'>Πνεῦμα,</span> <span class='ocrx_word' id='word_1_520' title='bbox 2951 2373 3067 2441; x_wconf 80' lang='grc' dir='ltr'><strong>οὐχ</strong></span> <span class='ocrx_word' id='word_1_521' title='bbox 3122 2373 3204 2436; x_wconf 84' lang='grc' dir='ltr'>ὡς</span> <span class='ocrx_word' id='word_1_522' title='bbox 3241 2373 3309 2437; x_wconf 77' lang='grc' dir='ltr'><strong>ἐξ</strong></span> <span class='ocrx_word' id='word_1_523' title='bbox 3354 2376 3564 2436; x_wconf 81' lang='grc' dir='ltr'>αὐτοῦ.</span> 
     </span>
    </p>
   </div>
   <div class='ocr_carea' id='block_1_70' title="bbox 2006 2455 3568 2535">
    <p class='ocr_par' dir='ltr' id='par_1_70' title="bbox 2006 2455 3568 2535">
     <span class='ocr_line' id='line_1_70' title="bbox 2006 2455 3568 2535; baseline 0.006 -25"><span class='ocrx_word' id='word_1_524' title='bbox 2006 2456 2142 2510; x_wconf 63' lang='grc' dir='ltr'>ἀλλ’</span> <span class='ocrx_word' id='word_1_525' title='bbox 2171 2456 2251 2520; x_wconf 88' lang='grc' dir='ltr'><strong>ὡς</strong></span> <span class='ocrx_word' id='word_1_526' title='bbox 2275 2455 2351 2509; x_wconf 82' lang='grc' dir='ltr'>δι’</span> <span class='ocrx_word' id='word_1_527' title='bbox 2398 2459 2586 2512; x_wconf 85' lang='grc' dir='ltr'>αὐτοῦ</span> <span class='ocrx_word' id='word_1_528' title='bbox 2659 2459 3152 2530; x_wconf 62' lang='grc' dir='ltr'>ἐκπορευόμενον-⁸</span> <span class='ocrx_word' id='word_1_529' title='bbox 3211 2467 3398 2533; x_wconf 81' lang='grc' dir='ltr'>μόνος</span> <span class='ocrx_word' id='word_1_530' title='bbox 3459 2468 3568 2535; x_wconf 76' lang='grc' dir='ltr'><strong>γὰρ</strong></span> 
     </span>
    </p>
   </div>
   <div class='ocr_carea' id='block_1_71' title="bbox 2007 2545 3566 2622">
    <p class='ocr_par' dir='ltr' id='par_1_71' title="bbox 2007 2545 3566 2622">
     <span class='ocr_line' id='line_1_71' title="bbox 2007 2545 3566 2622; baseline 0.008 -26"><span class='ocrx_word' id='word_1_531' title='bbox 2007 2545 2200 2611; x_wconf 85' lang='grc' dir='ltr'>αῖτιος</span> <span class='ocrx_word' id='word_1_532' title='bbox 2227 2549 2259 2600; x_wconf 84' lang='grc' dir='ltr'><em>ὁ</em></span> <span class='ocrx_word' id='word_1_533' title='bbox 2289 2548 2493 2616; x_wconf 80' lang='grc' dir='ltr'>Πατήρ</span> <span class='ocrx_word' id='word_1_534' title='bbox 2545 2549 2650 2619; x_wconf 68' lang='grc'><strong>(4).</strong></span> <span class='ocrx_word' id='word_1_535' title='bbox 2696 2552 2804 2604; x_wconf 85' lang='lat' dir='ltr'><strong>Kal.</strong></span> <span class='ocrx_word' id='word_1_536' title='bbox 2853 2552 3105 2622; x_wconf 84' lang='grc' dir='ltr'>ἐπίτηδες</span> <span class='ocrx_word' id='word_1_537' title='bbox 3151 2558 3351 2620; x_wconf 82' lang='grc' dir='ltr'>ταύτας</span> <span class='ocrx_word' id='word_1_538' title='bbox 3388 2557 3446 2609; x_wconf 82' lang='grc' dir='ltr'>τέ</span> <span class='ocrx_word' id='word_1_539' title='bbox 3483 2574 3566 2609; x_wconf 85' lang='grc' dir='ltr'><strong>σοι</strong></span> 
     </span>
    </p>
   </div>
   <div class='ocr_carea' id='block_1_72' title="bbox 2009 2635 3568 2716">
    <p class='ocr_par' dir='ltr' id='par_1_72' title="bbox 2009 2635 3568 2716">
     <span class='ocr_line' id='line_1_72' title="bbox 2009 2635 3568 2716; baseline 0.007 -29"><span class='ocrx_word' id='word_1_540' title='bbox 2009 2635 2103 2688; x_wconf 76' lang='grc' dir='ltr'>καὶ</span> <span class='ocrx_word' id='word_1_541' title='bbox 2143 2636 2244 2698; x_wconf 75' lang='grc' dir='ltr'><strong>τὰς</strong></span> <span class='ocrx_word' id='word_1_542' title='bbox 2289 2637 2482 2691; x_wconf 86' lang='grc' dir='ltr'>τούτου</span> <span class='ocrx_word' id='word_1_543' title='bbox 2526 2639 2621 2692; x_wconf 86' lang='grc' dir='ltr'><strong>τοῦ</strong></span> <span class='ocrx_word' id='word_1_544' title='bbox 2671 2640 2992 2695; x_wconf 78' lang='grc' dir='ltr'>διδασκάλου</span> <span class='ocrx_word' id='word_1_545' title='bbox 3055 2647 3356 2714; x_wconf 76' lang='grc' dir='ltr'>μαρτυρέας</span> <span class='ocrx_word' id='word_1_546' title='bbox 3395 2652 3568 2716; x_wconf 72' lang='grc' dir='ltr'>προή-</span> 
     </span>
    </p>
   </div>
   <div class='ocr_carea' id='block_1_73' title="bbox 2007 2728 3567 2807">
    <p class='ocr_par' dir='ltr' id='par_1_73' title="bbox 2007 2728 3567 2807">
     <span class='ocr_line' id='line_1_73' title="bbox 2007 2728 3567 2807; baseline 0.008 -28"><span class='ocrx_word' id='word_1_547' title='bbox 2007 2744 2196 2794; x_wconf 83' lang='grc' dir='ltr'>νεγκα,</span> <span class='ocrx_word' id='word_1_548' title='bbox 2221 2728 2379 2782; x_wconf 83' lang='grc' dir='ltr'>τοῦτο</span> <span class='ocrx_word' id='word_1_549' title='bbox 2420 2731 2517 2799; x_wconf 80' lang='grc' dir='ltr'><strong>μὲν</strong></span> <span class='ocrx_word' id='word_1_550' title='bbox 2542 2731 2616 2794; x_wconf 85' lang='grc' dir='ltr'>ὡς</span> <span class='ocrx_word' id='word_1_551' title='bbox 2641 2733 2732 2785; x_wconf 74' lang='grc' dir='ltr'><strong>ἐπὶ</strong></span> <span class='ocrx_word' id='word_1_552' title='bbox 2762 2734 2936 2804; x_wconf 82' lang='grc' dir='ltr'>τούτῳ</span> <span class='ocrx_word' id='word_1_553' title='bbox 2976 2735 3070 2788; x_wconf 86' lang='grc' dir='ltr'><strong>σοῦ</strong></span> <span class='ocrx_word' id='word_1_554' title='bbox 3103 2739 3303 2806; x_wconf 79' lang='grc' dir='ltr'>μᾶλλον</span> <span class='ocrx_word' id='word_1_555' title='bbox 3354 2742 3567 2807; x_wconf 79' lang='grc' dir='ltr'>ἰσχυρι-</span> 
     </span>
    </p>
   </div>
   <div class='ocr_carea' id='block_1_74' title="bbox 2007 2815 3565 2895">
    <p class='ocr_par' dir='ltr' id='par_1_74' title="bbox 2007 2815 3565 2895">
     <span class='ocr_line' id='line_1_74' title="bbox 2007 2815 3565 2895; baseline 0.008 -26"><span class='ocrx_word' id='word_1_556' title='bbox 2007 2815 2260 2888; x_wconf 82' lang='grc' dir='ltr'>ζομένου,</span> <span class='ocrx_word' id='word_1_557' title='bbox 2288 2820 2449 2874; x_wconf 88' lang='grc' dir='ltr'>τοῦτο</span> <span class='ocrx_word' id='word_1_558' title='bbox 2481 2821 2528 2874; x_wconf 87' lang='grc' dir='ltr'>δ’</span> <span class='ocrx_word' id='word_1_559' title='bbox 2581 2822 2656 2886; x_wconf 85' lang='grc' dir='ltr'>ὡς</span> <span class='ocrx_word' id='word_1_560' title='bbox 2707 2824 2913 2889; x_wconf 87' lang='grc' dir='ltr'>ταύτας</span> <span class='ocrx_word' id='word_1_561' title='bbox 2968 2826 3202 2895; x_wconf 78' lang='grc' dir='ltr'>μάλιστα</span> <span class='ocrx_word' id='word_1_562' title='bbox 3237 2831 3342 2882; x_wconf 86' lang='grc' dir='ltr'>τῶν</span> <span class='ocrx_word' id='word_1_563' title='bbox 3400 2831 3565 2882; x_wconf 77' lang='grc' dir='ltr'>αὑτοῦ</span> 
     </span>
    </p>
   </div>
   <div class='ocr_carea' id='block_1_75' title="bbox 2007 2908 3564 2988">
    <p class='ocr_par' dir='ltr' id='par_1_75' title="bbox 2007 2908 3564 2988">
     <span class='ocr_line' id='line_1_75' title="bbox 2007 2908 3564 2988; baseline 0.009 -29"><span class='ocrx_word' id='word_1_564' title='bbox 2007 2908 2138 2978; x_wconf 77' lang='grc' dir='ltr'>ἡμῖν</span> <span class='ocrx_word' id='word_1_565' title='bbox 2169 2910 2502 2973; x_wconf 73' lang='grc' dir='ltr'>ἐπισείοντος</span> <span class='ocrx_word' id='word_1_566' title='bbox 2529 2929 2542 2942; x_wconf 90' lang='grc'><strong>·</strong></span> <span class='ocrx_word' id='word_1_567' title='bbox 2603 2912 2810 2967; x_wconf 83' lang='grc' dir='ltr'>τούτων</span> <span class='ocrx_word' id='word_1_568' title='bbox 2855 2917 2969 2986; x_wconf 76' lang='grc' dir='ltr'>γάρ</span> <span class='ocrx_word' id='word_1_569' title='bbox 3028 2919 3166 2987; x_wconf 76' lang='grc' dir='ltr'>πρὸς</span> <span class='ocrx_word' id='word_1_570' title='bbox 3211 2919 3369 2988; x_wconf 74' lang='grc' dir='ltr'>ἡμῶν</span> <span class='ocrx_word' id='word_1_571' title='bbox 3423 2918 3564 2973; x_wconf 79' lang='grc' dir='ltr'>εἶναι</span> 
     </span>
    </p>
   </div>
   <div class='ocr_carea' id='block_1_76' title="bbox 2006 3001 3566 3077">
    <p class='ocr_par' dir='ltr' id='par_1_76' title="bbox 2006 3001 3566 3077">
     <span class='ocr_line' id='line_1_76' title="bbox 2006 3001 3566 3077; baseline 0.006 -24"><span class='ocrx_word' id='word_1_572' title='bbox 2006 3001 2342 3070; x_wconf 83' lang='grc' dir='ltr'>δειχθεισῶν,</span> <span class='ocrx_word' id='word_1_573' title='bbox 2372 3003 2438 3066; x_wconf 75' lang='grc' dir='ltr'>ἃς</span> <span class='ocrx_word' id='word_1_574' title='bbox 2471 3005 2706 3073; x_wconf 80' lang='grc' dir='ltr'>μάλιστα</span> <span class='ocrx_word' id='word_1_575' title='bbox 2729 3007 2849 3060; x_wconf 81' lang='grc' dir='ltr'>καθ’</span> <span class='ocrx_word' id='word_1_576' title='bbox 2871 3008 3027 3077; x_wconf 82' lang='grc' dir='ltr'>ἡμῶν</span> <span class='ocrx_word' id='word_1_577' title='bbox 3053 3009 3210 3071; x_wconf 77' lang='grc' dir='ltr'>αὐτὸς</span> <span class='ocrx_word' id='word_1_578' title='bbox 3241 3012 3360 3070; x_wconf 65' lang='lat' dir='ltr'><strong>olet,</strong></span> <span class='ocrx_word' id='word_1_579' title='bbox 3391 3011 3566 3074; x_wconf 78' lang='grc' dir='ltr'>οὐδεὶς</span> 
     </span>
    </p>
   </div>
   <div class='ocr_carea' id='block_1_77' title="bbox 2008 3093 3565 3167">
    <p class='ocr_par' dir='ltr' id='par_1_77' title="bbox 2008 3093 3565 3167">
     <span class='ocr_line' id='line_1_77' title="bbox 2008 3093 3565 3167; baseline 0.006 -24"><span class='ocrx_word' id='word_1_580' title='bbox 2008 3093 2087 3145; x_wconf 76' lang='grc' dir='ltr'>ἔτι</span> <span class='ocrx_word' id='word_1_581' title='bbox 2112 3109 2205 3144; x_wconf 92' lang='grc' dir='ltr'><strong>σου</strong></span> <span class='ocrx_word' id='word_1_582' title='bbox 2237 3093 2588 3162; x_wconf 78' lang='grc' dir='ltr'>λειφθήσεται</span> <span class='ocrx_word' id='word_1_583' title='bbox 2621 3096 2680 3146; x_wconf 87' lang='grc' dir='ltr'><strong>λό</strong></span> <span class='ocrx_word' id='word_1_584' title='bbox 2695 3113 2800 3162; x_wconf 62' lang='grc' dir='ltr'>τος.</span> <span class='ocrx_word' id='word_1_585' title='bbox 2826 3097 2890 3149; x_wconf 90' lang='grc' dir='ltr'>Τί</span> <span class='ocrx_word' id='word_1_586' title='bbox 2912 3099 3093 3150; x_wconf 83' lang='grc' dir='ltr'>τοίνυν</span> <span class='ocrx_word' id='word_1_587' title='bbox 3128 3099 3160 3167; x_wconf 81' lang='grc' dir='ltr'>ἡ</span> <span class='ocrx_word' id='word_1_588' title='bbox 3188 3099 3285 3151; x_wconf 79' lang='grc' dir='ltr'>διὰ</span> <span class='ocrx_word' id='word_1_589' title='bbox 3317 3100 3465 3152; x_wconf 77' lang='grc' dir='ltr'>δοκεῖ</span> <span class='ocrx_word' id='word_1_590' title='bbox 3481 3117 3565 3152; x_wconf 83' lang='grc' dir='ltr'><strong>σοι</strong></span> 
     </span>
    </p>
   </div>
   <div class='ocr_carea' id='block_1_78' title="bbox 2008 3185 3562 3259">
    <p class='ocr_par' dir='ltr' id='par_1_78' title="bbox 2008 3185 3562 3259">
     <span class='ocr_line' id='line_1_78' title="bbox 2008 3185 3562 3259; baseline 0.006 -24"><span class='ocrx_word' id='word_1_591' title='bbox 2008 3185 2296 3253; x_wconf 76' lang='grc' dir='ltr'>σημαίνειν</span> <span class='ocrx_word' id='word_1_592' title='bbox 2323 3186 2575 3252; x_wconf 77' lang='grc' dir='ltr'>ἐνταῦθα,</span> <span class='ocrx_word' id='word_1_593' title='bbox 2611 3188 2750 3238; x_wconf 72' lang='grc' dir='ltr'><strong>κάπὶ</strong></span> <span class='ocrx_word' id='word_1_594' title='bbox 2799 3189 2940 3252; x_wconf 88' lang='grc' dir='ltr'>τίνος</span> <span class='ocrx_word' id='word_1_595' title='bbox 3002 3190 3562 3259; x_wconf 73' lang='grc' dir='ltr'>παραλαμϐάνεσθαιῖ</span> 
     </span>
    </p>
   </div>
   <div class='ocr_carea' id='block_1_79' title="bbox 2009 3275 3566 3349">
    <p class='ocr_par' dir='ltr' id='par_1_79' title="bbox 2009 3275 3566 3349">
     <span class='ocr_line' id='line_1_79' title="bbox 2009 3275 3566 3349; baseline 0.006 -24"><span class='ocrx_word' id='word_1_596' title='bbox 2009 3275 2080 3326; x_wconf 85' lang='grc' dir='ltr'><strong><em>Ἢ</em></strong></span> <span class='ocrx_word' id='word_1_597' title='bbox 2108 3275 2288 3343; x_wconf 74' lang='grc' dir='ltr'>δῆλον,</span> <span class='ocrx_word' id='word_1_598' title='bbox 2318 3276 2393 3338; x_wconf 80' lang='grc' dir='ltr'>ὡς</span> <span class='ocrx_word' id='word_1_599' title='bbox 2425 3277 2517 3328; x_wconf 81' lang='grc' dir='ltr'>ἐπὶ</span> <span class='ocrx_word' id='word_1_600' title='bbox 2541 3277 2640 3344; x_wconf 80' lang='grc' dir='ltr'><strong>τῆς</strong></span> <span class='ocrx_word' id='word_1_601' title='bbox 2669 3278 2840 3330; x_wconf 83' lang='grc' dir='ltr'>ἀϊδίου</span> <span class='ocrx_word' id='word_1_602' title='bbox 2863 3279 2956 3330; x_wconf 86' lang='grc' dir='ltr'><strong>τοῦ</strong></span> <span class='ocrx_word' id='word_1_603' title='bbox 2988 3279 3304 3349; x_wconf 80' lang='grc' dir='ltr'>Πνεύματος</span> <span class='ocrx_word' id='word_1_604' title='bbox 3331 3283 3566 3335; x_wconf 82' lang='grc' dir='ltr'>ὑποστα-</span> 
     </span>
    </p>
   </div>
   <div class='ocr_carea' id='block_1_80' title="bbox 2003 3365 3563 3440">
    <p class='ocr_par' dir='ltr' id='par_1_80' title="bbox 2003 3365 3563 3440">
     <span class='ocr_line' id='line_1_80' title="bbox 2003 3365 3563 3440; baseline 0.004 -22"><span class='ocrx_word' id='word_1_605' title='bbox 2003 3368 2160 3436; x_wconf 81' lang='grc' dir='ltr'>τικῆς</span> <span class='ocrx_word' id='word_1_606' title='bbox 2193 3365 2482 3434; x_wconf 81' lang='grc' dir='ltr'>ὑπάρξεώς</span> <span class='ocrx_word' id='word_1_607' title='bbox 2521 3382 2602 3420; x_wconf 84' lang='grc' dir='ltr'>τε·</span> <span class='ocrx_word' id='word_1_608' title='bbox 2627 3369 2722 3420; x_wconf 76' lang='grc' dir='ltr'>καὶ</span> <span class='ocrx_word' id='word_1_609' title='bbox 2778 3369 3191 3436; x_wconf 79' lang='grc' dir='ltr'>ὲκπορεύσεως·</span> <span class='ocrx_word' id='word_1_610' title='bbox 3247 3372 3419 3434; x_wconf 79' lang='grc' dir='ltr'>οὐδεὶς</span> <span class='ocrx_word' id='word_1_611' title='bbox 3454 3375 3563 3440; x_wconf 74' lang='grc' dir='ltr'><strong>γὰρ</strong></span> 
     </span>
    </p>
   </div>
   <div class='ocr_carea' id='block_1_81' title="bbox 2004 3458 3564 3528">
    <p class='ocr_par' dir='ltr' id='par_1_81' title="bbox 2004 3458 3564 3528">
     <span class='ocr_line' id='line_1_81' title="bbox 2004 3458 3564 3528; baseline 0.005 -18"><span class='ocrx_word' id='word_1_612' title='bbox 2004 3459 2112 3528; x_wconf 80' lang='grc' dir='ltr'>γὰρ</span> <span class='ocrx_word' id='word_1_613' title='bbox 2173 3458 2345 3522; x_wconf 74' lang='grc' dir='ltr'>οὕτως</span> <span class='ocrx_word' id='word_1_614' title='bbox 2381 3458 2753 3528; x_wconf 77' lang='grc' dir='ltr'>ἀναίσχυντος,</span> <span class='ocrx_word' id='word_1_615' title='bbox 2806 3461 2883 3523; x_wconf 78' lang='grc' dir='ltr'>ὡς</span> <span class='ocrx_word' id='word_1_616' title='bbox 2938 3463 3198 3516; x_wconf 77' lang='grc' dir='ltr'>τάναντία</span> <span class='ocrx_word' id='word_1_617' title='bbox 3247 3467 3441 3520; x_wconf 82' lang='grc' dir='ltr'>εἰπεῖν.</span> <span class='ocrx_word' id='word_1_618' title='bbox 3489 3468 3564 3518; x_wconf 73' lang='grc' dir='ltr'>Τὸ</span> 
     </span>
    </p>
   </div>
   <div class='ocr_carea' id='block_1_82' title="bbox 2003 3549 3561 3623">
    <p class='ocr_par' dir='ltr' id='par_1_82' title="bbox 2003 3549 3561 3623">
     <span class='ocr_line' id='line_1_82' title="bbox 2003 3549 3561 3623; baseline 0.007 -24"><span class='ocrx_word' id='word_1_619' title='bbox 2003 3550 2110 3620; x_wconf 80' lang='grc' dir='ltr'>γάρ</span> <span class='ocrx_word' id='word_1_620' title='bbox 2141 3549 2503 3602; x_wconf 79' lang='grc' dir='ltr'>ὲνυπόστατον</span> <span class='ocrx_word' id='word_1_621' title='bbox 2537 3552 2852 3620; x_wconf 80' lang='grc' dir='ltr'>ἑκπὸρευμα</span> <span class='ocrx_word' id='word_1_622' title='bbox 2879 3554 2973 3605; x_wconf 74' lang='grc' dir='ltr'>καὶ</span> <span class='ocrx_word' id='word_1_623' title='bbox 2997 3553 3293 3623; x_wconf 78' lang='grc' dir='ltr'>πρόϐλημα</span> <span class='ocrx_word' id='word_1_624' title='bbox 3331 3557 3403 3609; x_wconf 84' lang='grc' dir='ltr'>δι’</span> <span class='ocrx_word' id='word_1_625' title='bbox 3429 3558 3561 3610; x_wconf 60' lang='grc' dir='ltr'>Υίνῦ</span> 
     </span>
    </p>
   </div>
   <div class='ocr_carea' id='block_1_83' title="bbox 2006 3639 3563 3717">
    <p class='ocr_par' dir='ltr' id='par_1_83' title="bbox 2006 3639 3563 3717">
     <span class='ocr_line' id='line_1_83' title="bbox 2006 3639 3563 3717; baseline 0.007 -26"><span class='ocrx_word' id='word_1_626' title='bbox 2006 3657 2188 3708; x_wconf 83' lang='grc' dir='ltr'>φησιν,</span> <span class='ocrx_word' id='word_1_627' title='bbox 2213 3641 2312 3693; x_wconf 80' lang='grc' dir='ltr'><strong>οῦκ</strong></span> <span class='ocrx_word' id='word_1_628' title='bbox 2343 3640 2402 3704; x_wconf 81' lang='grc' dir='ltr'><strong>ἑξ</strong></span> <span class='ocrx_word' id='word_1_629' title='bbox 2439 3640 2591 3696; x_wconf 84' lang='grc' dir='ltr'>Υίοῦ.</span> <span class='ocrx_word' id='word_1_630' title='bbox 2622 3641 2814 3711; x_wconf 80' lang='grc' dir='ltr'>Μάτην</span> <span class='ocrx_word' id='word_1_631' title='bbox 2864 3639 2957 3696; x_wconf 76' lang='grc' dir='ltr'>οὖν</span> <span class='ocrx_word' id='word_1_632' title='bbox 2975 3643 3124 3713; x_wconf 84' lang='grc' dir='ltr'>αὐτῷ</span> <span class='ocrx_word' id='word_1_633' title='bbox 3161 3647 3563 3717; x_wconf 77' lang='grc' dir='ltr'>προσέρριπται</span> 
     </span>
    </p>
   </div>
   <div class='ocr_carea' id='block_1_84' title="bbox 2003 3729 3564 3805">
    <p class='ocr_par' dir='ltr' id='par_1_84' title="bbox 2003 3729 3564 3805">
     <span class='ocr_line' id='line_1_84' title="bbox 2003 3729 3564 3805; baseline 0.005 -23"><span class='ocrx_word' id='word_1_634' title='bbox 2003 3731 2036 3799; x_wconf 80' lang='grc' dir='ltr'>ἡ</span> <span class='ocrx_word' id='word_1_635' title='bbox 2065 3729 2194 3792; x_wconf 81' lang='grc' dir='ltr'>διὰ,</span> <span class='ocrx_word' id='word_1_636' title='bbox 2223 3730 2255 3800; x_wconf 83' lang='grc' dir='ltr'>ἢ</span> <span class='ocrx_word' id='word_1_637' title='bbox 2283 3730 2376 3782; x_wconf 75' lang='grc' dir='ltr'>καὶ</span> <span class='ocrx_word' id='word_1_638' title='bbox 2397 3731 2448 3782; x_wconf 85' lang='grc' dir='ltr'><strong>τί</strong></span> <span class='ocrx_word' id='word_1_639' title='bbox 2471 3730 2757 3799; x_wconf 77' lang='grc' dir='ltr'>σημαίνειο</span> <span class='ocrx_word' id='word_1_640' title='bbox 2787 3733 3036 3801; x_wconf 79' lang='grc' dir='ltr'>σημαίνει</span> <span class='ocrx_word' id='word_1_641' title='bbox 3065 3751 3126 3803; x_wconf 78' lang='grc' dir='ltr'>γε</span> <span class='ocrx_word' id='word_1_642' title='bbox 3150 3736 3252 3805; x_wconf 80' lang='lat'><strong>(5),</strong></span> <span class='ocrx_word' id='word_1_643' title='bbox 3277 3736 3379 3788; x_wconf 80' lang='grc' dir='ltr'>κᾶν</span> <span class='ocrx_word' id='word_1_644' title='bbox 3401 3739 3564 3800; x_wconf 64' lang='grc' dir='ltr'>αὐτὸς</span> 
     </span>
    </p>
   </div>
   <div class='ocr_carea' id='block_1_85' title="bbox 2007 3822 3566 3896">
    <p class='ocr_par' dir='ltr' id='par_1_85' title="bbox 2007 3822 3566 3896">
     <span class='ocr_line' id='line_1_85' title="bbox 2007 3822 3566 3896; baseline 0.007 -24"><span class='ocrx_word' id='word_1_645' title='bbox 2007 3824 2081 3892; x_wconf 85' lang='grc' dir='ltr'>μὴ</span> <span class='ocrx_word' id='word_1_646' title='bbox 2117 3823 2300 3891; x_wconf 68' lang='grc' dir='ltr'>φαίης·</span> <span class='ocrx_word' id='word_1_647' title='bbox 2339 3823 2391 3875; x_wconf 88' lang='grc' dir='ltr'><strong>τί</strong></span> <span class='ocrx_word' id='word_1_648' title='bbox 2419 3822 2462 3874; x_wconf 80' lang='grc' dir='ltr'>δ’</span> <span class='ocrx_word' id='word_1_649' title='bbox 2487 3822 2618 3875; x_wconf 73' lang='grc' dir='ltr'>ἄλλο</span> <span class='ocrx_word' id='word_1_650' title='bbox 2640 3825 2936 3892; x_wconf 77' lang='grc' dir='ltr'>σημάνειεν</span> <span class='ocrx_word' id='word_1_651' title='bbox 2961 3825 2992 3895; x_wconf 80' lang='grc' dir='ltr'>ἢ</span> <span class='ocrx_word' id='word_1_652' title='bbox 3021 3828 3115 3879; x_wconf 78' lang='grc' dir='ltr'>καὶ</span> <span class='ocrx_word' id='word_1_653' title='bbox 3146 3827 3236 3880; x_wconf 74' lang='grc' dir='ltr'><strong>τόν</strong></span> <span class='ocrx_word' id='word_1_654' title='bbox 3263 3828 3392 3880; x_wconf 81' lang='grc' dir='ltr'>Υίὸν</span> <span class='ocrx_word' id='word_1_655' title='bbox 3423 3832 3566 3896; x_wconf 72' lang='grc' dir='ltr'>μετὰ</span> 
     </span>
    </p>
   </div>
   <div class='ocr_carea' id='block_1_86' title="bbox 2004 3911 3566 3990">
    <p class='ocr_par' dir='ltr' id='par_1_86' title="bbox 2004 3911 3566 3990">
     <span class='ocr_line' id='line_1_86' title="bbox 2004 3911 3566 3990; baseline 0.005 -24"><span class='ocrx_word' id='word_1_656' title='bbox 2004 3913 2096 3966; x_wconf 81' lang='grc' dir='ltr'><strong>τοῦ</strong></span> <span class='ocrx_word' id='word_1_657' title='bbox 2129 3915 2342 3982; x_wconf 69' lang='grc' dir='ltr'>Πατρὶς</span> <span class='ocrx_word' id='word_1_658' title='bbox 2372 3915 2549 3968; x_wconf 79' lang='grc' dir='ltr'>αἰτίαν</span> <span class='ocrx_word' id='word_1_659' title='bbox 2579 3911 2720 3969; x_wconf 78' lang='grc' dir='ltr'>εἶναι</span> <span class='ocrx_word' id='word_1_660' title='bbox 2763 3917 2858 3984; x_wconf 85' lang='grc' dir='ltr'>τῆς</span> <span class='ocrx_word' id='word_1_661' title='bbox 2886 3917 2978 3970; x_wconf 87' lang='grc' dir='ltr'><strong>τοῦ</strong></span> <span class='ocrx_word' id='word_1_662' title='bbox 3028 3919 3342 3987; x_wconf 77' lang='grc' dir='ltr'>Ιίνεὺματος</span> <span class='ocrx_word' id='word_1_663' title='bbox 3387 3922 3566 3990; x_wconf 80' lang='grc' dir='ltr'>ὑπάρ-</span> 
     </span>
    </p>
   </div>
   <div class='ocr_carea' id='block_1_87' title="bbox 2006 4003 3564 4082">
    <p class='ocr_par' dir='ltr' id='par_1_87' title="bbox 2006 4003 3564 4082">
     <span class='ocr_line' id='line_1_87' title="bbox 2006 4003 3564 4082; baseline 0.006 -26"><span class='ocrx_word' id='word_1_664' title='bbox 2006 4003 2174 4070; x_wconf 83' lang='grc' dir='ltr'>ξεως;</span> <span class='ocrx_word' id='word_1_665' title='bbox 2209 4005 2281 4057; x_wconf 83' lang='grc' dir='ltr'>Τὸ</span> <span class='ocrx_word' id='word_1_666' title='bbox 2319 4005 2372 4058; x_wconf 80' lang='grc' dir='ltr'>δὲ</span> <span class='ocrx_word' id='word_1_667' title='bbox 2393 4008 2582 4074; x_wconf 81' lang='grc' dir='ltr'>μόνος</span> <span class='ocrx_word' id='word_1_668' title='bbox 2609 4007 2800 4071; x_wconf 85' lang='grc' dir='ltr'>αἴτιος</span> <span class='ocrx_word' id='word_1_669' title='bbox 2842 4007 2875 4060; x_wconf 88' lang='grc' dir='ltr'>ὁ</span> <span class='ocrx_word' id='word_1_670' title='bbox 2903 4009 3107 4076; x_wconf 81' lang='grc' dir='ltr'>Πατὴρ</span> <span class='ocrx_word' id='word_1_671' title='bbox 3140 4011 3232 4063; x_wconf 74' lang='grc' dir='ltr'>καὶ</span> <span class='ocrx_word' id='word_1_672' title='bbox 3282 4012 3342 4064; x_wconf 83' lang='grc' dir='ltr'><strong>τὸ</strong></span> <span class='ocrx_word' id='word_1_673' title='bbox 3390 4011 3463 4082; x_wconf 80' lang='grc' dir='ltr'>μὴ</span> <span class='ocrx_word' id='word_1_674' title='bbox 3504 4013 3564 4078; x_wconf 74' lang='grc' dir='ltr'>ἐξ</span> 
     </span>
    </p>
   </div>
   <div class='ocr_carea' id='block_1_88' title="bbox 2004 4095 3562 4171">
    <p class='ocr_par' dir='ltr' id='par_1_88' title="bbox 2004 4095 3562 4171">
     <span class='ocr_line' id='line_1_88' title="bbox 2004 4095 3562 4171; baseline 0.004 -20"><span class='ocrx_word' id='word_1_675' title='bbox 2004 4095 2135 4151; x_wconf 85' lang='grc' dir='ltr'>Υἰοῦ</span> <span class='ocrx_word' id='word_1_676' title='bbox 2167 4096 2329 4148; x_wconf 75' lang='grc' dir='ltr'>αὐτὸν</span> <span class='ocrx_word' id='word_1_677' title='bbox 2361 4099 2537 4149; x_wconf 77' lang='grc' dir='ltr'>εἰπεῖν</span> <span class='ocrx_word' id='word_1_678' title='bbox 2569 4095 2707 4150; x_wconf 86' lang='grc' dir='ltr'>εἷναι</span> <span class='ocrx_word' id='word_1_679' title='bbox 2765 4102 2824 4152; x_wconf 82' lang='grc' dir='ltr'><strong>τὸ</strong></span> <span class='ocrx_word' id='word_1_680' title='bbox 2872 4100 3114 4171; x_wconf 85' lang='grc' dir='ltr'>Πνεῦμα,</span> <span class='ocrx_word' id='word_1_681' title='bbox 3162 4103 3310 4166; x_wconf 84' lang='grc' dir='ltr'>ὅπως</span> <span class='ocrx_word' id='word_1_682' title='bbox 3369 4119 3429 4156; x_wconf 88' lang='grc' dir='ltr'><strong>τε</strong></span> <span class='ocrx_word' id='word_1_683' title='bbox 3467 4107 3562 4158; x_wconf 77' lang='grc' dir='ltr'>καὶ</span> 
     </span>
    </p>
   </div>
   <div class='ocr_carea' id='block_1_89' title="bbox 2003 4188 3562 4263">
    <p class='ocr_par' dir='ltr' id='par_1_89' title="bbox 2003 4188 3562 4263">
     <span class='ocr_line' id='line_1_89' title="bbox 2003 4188 3562 4263; baseline 0.005 -22"><span class='ocrx_word' id='word_1_684' title='bbox 2003 4188 2089 4242; x_wconf 81' lang='grc' dir='ltr'><strong>διά</strong></span> <span class='ocrx_word' id='word_1_685' title='bbox 2111 4189 2230 4242; x_wconf 86' lang='grc' dir='ltr'>τίνα</span> <span class='ocrx_word' id='word_1_686' title='bbox 2259 4189 2439 4242; x_wconf 82' lang='grc' dir='ltr'>αἰτίαν</span> <span class='ocrx_word' id='word_1_687' title='bbox 2472 4189 2714 4260; x_wconf 80' lang='grc' dir='ltr'>εἴρηται,</span> <span class='ocrx_word' id='word_1_688' title='bbox 2761 4193 2821 4244; x_wconf 82' lang='grc' dir='ltr'>ὲν</span> <span class='ocrx_word' id='word_1_689' title='bbox 2859 4192 3043 4256; x_wconf 85' lang='grc' dir='ltr'>ἄλλοις</span> <span class='ocrx_word' id='word_1_690' title='bbox 3091 4195 3292 4256; x_wconf 73' lang='grc' dir='ltr'>ἱκανῶς</span> <span class='ocrx_word' id='word_1_691' title='bbox 3331 4195 3562 4263; x_wconf 80' lang='grc' dir='ltr'>διειλέγ-</span> 
     </span>
    </p>
   </div>
   <div class='ocr_carea' id='block_1_90' title="bbox 2005 4278 3563 4350">
    <p class='ocr_par' dir='ltr' id='par_1_90' title="bbox 2005 4278 3563 4350">
     <span class='ocr_line' id='line_1_90' title="bbox 2005 4278 3563 4350; baseline 0.006 -20"><span class='ocrx_word' id='word_1_692' title='bbox 2005 4278 2168 4348; x_wconf 76' lang='grc' dir='ltr'>μεθα,</span> <span class='ocrx_word' id='word_1_693' title='bbox 2207 4281 2461 4332; x_wconf 68' lang='grc' dir='ltr'>κὲκεῖθεν</span> <span class='ocrx_word' id='word_1_694' title='bbox 2486 4285 2512 4333; x_wconf 92' lang='grc' dir='ltr'><strong>ὁ</strong></span> <span class='ocrx_word' id='word_1_695' title='bbox 2542 4281 2866 4350; x_wconf 84' lang='grc' dir='ltr'>βουλόμενος</span> <span class='ocrx_word' id='word_1_696' title='bbox 2897 4283 3261 4348; x_wconf 79' lang='grc' dir='ltr'>ἀναλεξάσθω,</span> <span class='ocrx_word' id='word_1_697' title='bbox 3291 4286 3424 4338; x_wconf 87' lang='grc' dir='ltr'>ὅπου</span> <span class='ocrx_word' id='word_1_698' title='bbox 3462 4288 3563 4348; x_wconf 73' lang='grc' dir='ltr'><strong>τὰς</strong></span> 
     </span>
    </p>
   </div>
   <div class='ocr_carea' id='block_1_91' title="bbox 2002 4369 3564 4444">
    <p class='ocr_par' dir='ltr' id='par_1_91' title="bbox 2002 4369 3564 4444">
     <span class='ocr_line' id='line_1_91' title="bbox 2002 4369 3564 4444; baseline 0.005 -22"><span class='ocrx_word' id='word_1_699' title='bbox 2002 4369 2256 4432; x_wconf 80' lang='grc' dir='ltr'>τοιαύτας</span> <span class='ocrx_word' id='word_1_700' title='bbox 2281 4371 2589 4436; x_wconf 75' lang='grc' dir='ltr'>ἀντιθέσεις</span> <span class='ocrx_word' id='word_1_701' title='bbox 2647 4373 2844 4436; x_wconf 88' lang='grc' dir='ltr'>ίκανῶς</span> <span class='ocrx_word' id='word_1_702' title='bbox 2903 4374 3285 4444; x_wconf 84' lang='grc' dir='ltr'>διαλυσάμενοι</span> <span class='ocrx_word' id='word_1_703' title='bbox 3325 4378 3564 4440; x_wconf 75' lang='grc' dir='ltr'>συμϐαί-</span> 
     </span>
    </p>
   </div>
   <div class='ocr_carea' id='block_1_92' title="bbox 340 4463 1901 4536">
    <p class='ocr_par' dir='ltr' id='par_1_92' title="bbox 340 4464 1900 4536">
     <span class='ocr_line' id='line_1_92' title="bbox 340 4464 1900 4536; baseline 0.004 -18"><span class='ocrx_word' id='word_1_704' title='bbox 340 4465 566 4534; x_wconf 85' lang='lat' dir='ltr'><strong>relegat,</strong></span> <span class='ocrx_word' id='word_1_705' title='bbox 589 4464 680 4519; x_wconf 90' lang='lat' dir='ltr'><strong>ubi</strong></span> <span class='ocrx_word' id='word_1_706' title='bbox 717 4465 851 4519; x_wconf 88' lang='lat' dir='ltr'><strong>tales</strong></span> <span class='ocrx_word' id='word_1_707' title='bbox 881 4465 1104 4534; x_wconf 88' lang='lat' dir='ltr'><strong>quidem</strong></span> <span class='ocrx_word' id='word_1_708' title='bbox 1139 4467 1513 4536; x_wconf 88' lang='lat' dir='ltr'><strong>oppositiones</strong></span> <span class='ocrx_word' id='word_1_709' title='bbox 1541 4466 1759 4522; x_wconf 89' lang='lat' dir='ltr'><strong>abunde</strong></span> <span class='ocrx_word' id='word_1_710' title='bbox 1789 4468 1900 4524; x_wconf 56' lang='lat' dir='ltr'><strong>dis-</strong></span> 
     </span>
    </p>
   </div>
   <div class='ocr_carea' id='block_1_93' title="bbox 2007 4463 3564 4536">
    <p class='ocr_par' dir='ltr' id='par_1_93' title="bbox 2007 4463 3564 4533">
     <span class='ocr_line' id='line_1_93' title="bbox 2007 4463 3564 4533; baseline 0.005 -20"><span class='ocrx_word' id='word_1_711' title='bbox 2007 4478 2196 4525; x_wconf 87' lang='grc' dir='ltr'>νοντας</span> <span class='ocrx_word' id='word_1_712' title='bbox 2248 4466 2371 4525; x_wconf 71' lang='grc' dir='ltr'>τοὺς</span> <span class='ocrx_word' id='word_1_713' title='bbox 2417 4463 2606 4531; x_wconf 78' lang='grc' dir='ltr'>άγῖονς</span> <span class='ocrx_word' id='word_1_714' title='bbox 2667 4463 2914 4532; x_wconf 72' lang='grc' dir='ltr'>ἀλλήλοις</span> <span class='ocrx_word' id='word_1_715' title='bbox 2986 4465 3267 4533; x_wconf 73' lang='grc' dir='ltr'>ἐδείξαμεν</span> <span class='ocrx_word' id='word_1_716' title='bbox 3321 4469 3416 4520; x_wconf 71' lang='grc' dir='ltr'>καὶ</span> <span class='ocrx_word' id='word_1_717' title='bbox 3472 4469 3564 4521; x_wconf 83' lang='grc' dir='ltr'>διὰ.</span> 
     </span>
    </p>
   </div>
   <div class='ocr_carea' id='block_1_94' title="bbox 339 4557 1900 4627">
    <p class='ocr_par' dir='ltr' id='par_1_94' title="bbox 339 4557 1900 4627">
     <span class='ocr_line' id='line_1_94' title="bbox 339 4557 1900 4627; baseline 0.003 -17"><span class='ocrx_word' id='word_1_718' title='bbox 339 4558 606 4612; x_wconf 82' lang='lat' dir='ltr'><strong>solvimus</strong></span> <span class='ocrx_word' id='word_1_719' title='bbox 667 4567 997 4627; x_wconf 89' lang='lat' dir='ltr'><strong>sanctosque</strong></span> <span class='ocrx_word' id='word_1_720' title='bbox 1048 4557 1384 4615; x_wconf 90' lang='lat' dir='ltr'><strong>ostendimus</strong></span> <span class='ocrx_word' id='word_1_721' title='bbox 1411 4559 1633 4616; x_wconf 89' lang='lat' dir='ltr'><strong>sibimet</strong></span> <span class='ocrx_word' id='word_1_722' title='bbox 1669 4575 1900 4616; x_wconf 88' lang='lat' dir='ltr'><strong>concor-</strong></span> 
     </span>
    </p>
   </div>
   <div class='ocr_carea' id='block_1_95' title="bbox 339 4647 1902 4719">
    <p class='ocr_par' dir='ltr' id='par_1_95' title="bbox 339 4647 1902 4719">
     <span class='ocr_line' id='line_1_95' title="bbox 339 4647 1902 4719; baseline 0.004 -18"><span class='ocrx_word' id='word_1_723' title='bbox 339 4649 534 4701; x_wconf 85' lang='lat' dir='ltr'><strong>dantes</strong></span> <span class='ocrx_word' id='word_1_724' title='bbox 562 4657 618 4701; x_wconf 92' lang='lat' dir='ltr'><strong>et</strong></span> <span class='ocrx_word' id='word_1_725' title='bbox 642 4663 739 4717; x_wconf 89' lang='lat' dir='ltr'><strong>per</strong></span> <span class='ocrx_word' id='word_1_726' title='bbox 767 4651 948 4704; x_wconf 90' lang='lat' dir='ltr'><strong>omnia</strong></span> <span class='ocrx_word' id='word_1_727' title='bbox 981 4647 1034 4702; x_wconf 92' lang='lat' dir='ltr'><strong>in</strong></span> <span class='ocrx_word' id='word_1_728' title='bbox 1067 4649 1323 4706; x_wconf 86' lang='lat' dir='ltr'><strong>omnibus</strong></span> <span class='ocrx_word' id='word_1_729' title='bbox 1353 4661 1737 4708; x_wconf 85' lang='lat' dir='ltr'><strong>consonantes.</strong></span> <span class='ocrx_word' id='word_1_730' title='bbox 1769 4651 1902 4719; x_wconf 81' lang='lat' dir='ltr'><strong>Quae</strong></span> 
     </span>
    </p>
   </div>
   <div class='ocr_carea' id='block_1_96' title="bbox 337 4740 1902 4812">
    <p class='ocr_par' dir='ltr' id='par_1_96' title="bbox 337 4740 1902 4812">
     <span class='ocr_line' id='line_1_96' title="bbox 337 4740 1902 4812; baseline 0.004 -19"><span class='ocrx_word' id='word_1_731' title='bbox 337 4752 523 4796; x_wconf 87' lang='lat' dir='ltr'><strong>autem</strong></span> <span class='ocrx_word' id='word_1_732' title='bbox 555 4740 766 4809; x_wconf 82' lang='lat' dir='ltr'><strong>profers</strong></span> <span class='ocrx_word' id='word_1_733' title='bbox 793 4741 860 4795; x_wconf 91' lang='lat' dir='ltr'><strong>de</strong></span> <span class='ocrx_word' id='word_1_734' title='bbox 887 4755 978 4807; x_wconf 89' lang='lat' dir='ltr'><strong>eo,</strong></span> <span class='ocrx_word' id='word_1_735' title='bbox 1018 4740 1165 4810; x_wconf 85' lang='lat' dir='ltr'><strong>quod</strong></span> <span class='ocrx_word' id='word_1_736' title='bbox 1197 4757 1306 4796; x_wconf 90' lang='lat' dir='ltr'><strong>non</strong></span> <span class='ocrx_word' id='word_1_737' title='bbox 1331 4742 1534 4806; x_wconf 89' lang='lat' dir='ltr'><strong>omnia,</strong></span> <span class='ocrx_word' id='word_1_738' title='bbox 1563 4757 1684 4812; x_wconf 58' lang='lat' dir='ltr'><strong>qua</strong></span> <span class='ocrx_word' id='word_1_739' title='bbox 1723 4744 1790 4799; x_wconf 92' lang='lat' dir='ltr'><strong>de</strong></span> <span class='ocrx_word' id='word_1_740' title='bbox 1819 4743 1902 4799; x_wconf 89' lang='lat' dir='ltr'><strong>di-</strong></span> 
     </span>
    </p>
   </div>
   <div class='ocr_carea' id='block_1_97' title="bbox 334 4832 1898 4902">
    <p class='ocr_par' dir='ltr' id='par_1_97' title="bbox 334 4832 1898 4902">
     <span class='ocr_line' id='line_1_97' title="bbox 334 4832 1898 4902; baseline 0.004 -18"><span class='ocrx_word' id='word_1_741' title='bbox 334 4834 464 4887; x_wconf 86' lang='lat' dir='ltr'><strong>vino</strong></span> <span class='ocrx_word' id='word_1_742' title='bbox 495 4834 704 4902; x_wconf 86' lang='lat' dir='ltr'><strong>Spiritu</strong></span> <span class='ocrx_word' id='word_1_743' title='bbox 727 4833 1004 4899; x_wconf 89' lang='lat' dir='ltr'><strong>dicuntur,</strong></span> <span class='ocrx_word' id='word_1_744' title='bbox 1022 4833 1272 4888; x_wconf 89' lang='lat' dir='ltr'><strong>similiter</strong></span> <span class='ocrx_word' id='word_1_745' title='bbox 1291 4832 1358 4886; x_wconf 89' lang='lat' dir='ltr'><strong>ad</strong></span> <span class='ocrx_word' id='word_1_746' title='bbox 1383 4835 1598 4889; x_wconf 87' lang='lat' dir='ltr'><strong>Patrem</strong></span> <span class='ocrx_word' id='word_1_747' title='bbox 1624 4843 1680 4889; x_wconf 89' lang='lat' dir='ltr'><strong>et</strong></span> <span class='ocrx_word' id='word_1_748' title='bbox 1701 4835 1898 4890; x_wconf 83' lang='lat' dir='ltr'><strong>Filium</strong></span> 
     </span>
    </p>
   </div>
   <div class='ocr_carea' id='block_1_98' title="bbox 340 4923 1899 4996">
    <p class='ocr_par' dir='ltr' id='par_1_98' title="bbox 340 4923 1899 4996">
     <span class='ocr_line' id='line_1_98' title="bbox 340 4923 1899 4996; baseline 0.004 -19"><span class='ocrx_word' id='word_1_749' title='bbox 340 4923 668 4986; x_wconf 76' lang='lat' dir='ltr'><strong>referuntur,</strong></span> <span class='ocrx_word' id='word_1_750' title='bbox 709 4923 777 4977; x_wconf 87' lang='lat' dir='ltr'><strong>ab</strong></span> <span class='ocrx_word' id='word_1_751' title='bbox 821 4923 1168 4978; x_wconf 89' lang='lat' dir='ltr'><strong>auditoribus</strong></span> <span class='ocrx_word' id='word_1_752' title='bbox 1211 4925 1442 4994; x_wconf 88' lang='lat' dir='ltr'><strong>gratiam</strong></span> <span class='ocrx_word' id='word_1_753' title='bbox 1496 4941 1730 4996; x_wconf 86' lang='lat' dir='ltr'><strong>poscens</strong></span> <span class='ocrx_word' id='word_1_754' title='bbox 1758 4929 1899 4985; x_wconf 82' lang='lat' dir='ltr'><strong>diris</strong></span> 
     </span>
    </p>
   </div>
   <div class='ocr_carea' id='block_1_99' title="bbox 336 5015 1896 5085">
    <p class='ocr_par' dir='ltr' id='par_1_99' title="bbox 336 5015 1896 5085">
     <span class='ocr_line' id='line_1_99' title="bbox 336 5015 1896 5085; baseline 0.004 -18"><span class='ocrx_word' id='word_1_755' title='bbox 336 5016 618 5084; x_wconf 83' lang='lat' dir='ltr'><strong>pleraque.</strong></span> <span class='ocrx_word' id='word_1_756' title='bbox 659 5015 847 5085; x_wconf 84' lang='lat' dir='ltr'><strong>Neque</strong></span> <span class='ocrx_word' id='word_1_757' title='bbox 897 5017 1043 5070; x_wconf 89' lang='lat' dir='ltr'><strong>enim</strong></span> <span class='ocrx_word' id='word_1_758' title='bbox 1107 5016 1343 5072; x_wconf 88' lang='lat' dir='ltr'><strong>adducta</strong></span> <span class='ocrx_word' id='word_1_759' title='bbox 1386 5034 1418 5072; x_wconf 88' lang='lat' dir='ltr'><strong>a</strong></span> <span class='ocrx_word' id='word_1_760' title='bbox 1477 5027 1527 5073; x_wconf 88' lang='lat' dir='ltr'><strong>te</strong></span> <span class='ocrx_word' id='word_1_761' title='bbox 1587 5021 1896 5074; x_wconf 86' lang='lat' dir='ltr'><strong>testimonia</strong></span> 
     </span>
    </p>
   </div>
   <div class='ocr_carea' id='block_1_100' title="bbox 335 5106 1896 5178">
    <p class='ocr_par' dir='ltr' id='par_1_100' title="bbox 335 5106 1896 5178">
     <span class='ocr_line' id='line_1_100' title="bbox 335 5106 1896 5178; baseline 0.008 -24"><span class='ocrx_word' id='word_1_762' title='bbox 335 5109 518 5160; x_wconf 76' lang='lat' dir='ltr'><strong>mntnia</strong></span> <span class='ocrx_word' id='word_1_763' title='bbox 549 5106 651 5160; x_wconf 81' lang='lat' dir='ltr'><strong>huc</strong></span> <span class='ocrx_word' id='word_1_764' title='bbox 684 5107 936 5176; x_wconf 85' lang='lat' dir='ltr'><strong>probant,</strong></span> <span class='ocrx_word' id='word_1_765' title='bbox 965 5107 1074 5162; x_wconf 89' lang='lat' dir='ltr'><strong>imo</strong></span> <span class='ocrx_word' id='word_1_766' title='bbox 1103 5108 1366 5161; x_wconf 90' lang='lat' dir='ltr'><strong>nonnulla</strong></span> <span class='ocrx_word' id='word_1_767' title='bbox 1411 5109 1644 5178; x_wconf 89' lang='lat' dir='ltr'><strong>probant</strong></span> <span class='ocrx_word' id='word_1_768' title='bbox 1671 5113 1896 5167; x_wconf 89' lang='lat' dir='ltr'><strong>omnino</strong></span> 
     </span>
    </p>
   </div>
   <div class='ocr_carea' id='block_1_101' title="bbox 333 5195 1898 5272">
    <p class='ocr_par' dir='ltr' id='par_1_101' title="bbox 333 5195 1898 5272">
     <span class='ocr_line' id='line_1_101' title="bbox 333 5195 1898 5272; baseline 0.006 -25"><span class='ocrx_word' id='word_1_769' title='bbox 333 5195 690 5272; x_wconf 73' lang='lat' dir='ltr'><strong>contrarium.</strong></span> <span class='ocrx_word' id='word_1_770' title='bbox 737 5197 870 5250; x_wconf 85' lang='lat' dir='ltr'><strong>Nam</strong></span> <span class='ocrx_word' id='word_1_771' title='bbox 909 5212 1005 5266; x_wconf 90' lang='lat' dir='ltr'><strong>per</strong></span> <span class='ocrx_word' id='word_1_772' title='bbox 1043 5196 1252 5250; x_wconf 84' lang='lat' dir='ltr'><strong>Patrem</strong></span> <span class='ocrx_word' id='word_1_773' title='bbox 1282 5198 1502 5265; x_wconf 88' lang='lat' dir='ltr'><strong>prodire</strong></span> <span class='ocrx_word' id='word_1_774' title='bbox 1549 5209 1603 5253; x_wconf 89' lang='lat' dir='ltr'><strong>et</strong></span> <span class='ocrx_word' id='word_1_775' title='bbox 1635 5203 1898 5269; x_wconf 86' lang='lat' dir='ltr'><strong>suppedi-</strong></span> 
     </span>
    </p>
   </div>
   <div class='ocr_carea' id='block_1_102' title="bbox 335 5289 1895 5360">
    <p class='ocr_par' dir='ltr' id='par_1_102' title="bbox 335 5289 1895 5360">
     <span class='ocr_line' id='line_1_102' title="bbox 335 5289 1895 5360; baseline 0.006 -22"><span class='ocrx_word' id='word_1_776' title='bbox 335 5289 460 5351; x_wconf 86' lang='lat' dir='ltr'><strong>tari,</strong></span> <span class='ocrx_word' id='word_1_777' title='bbox 506 5289 649 5343; x_wconf 90' lang='lat' dir='ltr'><strong>sicut</strong></span> <span class='ocrx_word' id='word_1_778' title='bbox 678 5299 733 5342; x_wconf 92' lang='lat' dir='ltr'><strong>et</strong></span> <span class='ocrx_word' id='word_1_779' title='bbox 781 5304 879 5358; x_wconf 89' lang='lat' dir='ltr'><strong>per</strong></span> <span class='ocrx_word' id='word_1_780' title='bbox 932 5289 1164 5353; x_wconf 85' lang='lat' dir='ltr'><strong>Filium,</strong></span> <span class='ocrx_word' id='word_1_781' title='bbox 1209 5289 1352 5342; x_wconf 88' lang='lat' dir='ltr'><strong>haud</strong></span> <span class='ocrx_word' id='word_1_782' title='bbox 1397 5289 1609 5344; x_wconf 81' lang='lat' dir='ltr'><strong>dicetur</strong></span> <span class='ocrx_word' id='word_1_783' title='bbox 1659 5291 1895 5360; x_wconf 87' lang='lat' dir='ltr'><strong>Spiritus</strong></span> 
     </span>
    </p>
   </div>
   <div class='ocr_carea' id='block_1_103' title="bbox 333 5377 1894 5448">
    <p class='ocr_par' dir='ltr' id='par_1_103' title="bbox 333 5377 1894 5448">
     <span class='ocr_line' id='line_1_103' title="bbox 333 5377 1894 5448; baseline 0.004 -19"><span class='ocrx_word' id='word_1_784' title='bbox 333 5389 556 5447; x_wconf 86' lang='lat' dir='ltr'><strong>pr0pter</strong></span> <span class='ocrx_word' id='word_1_785' title='bbox 603 5379 898 5448; x_wconf 74' lang='lat' dir='ltr'><strong>praedicta;</strong></span> <span class='ocrx_word' id='word_1_786' title='bbox 957 5377 1014 5431; x_wconf 91' lang='lat' dir='ltr'><strong>in</strong></span> <span class='ocrx_word' id='word_1_787' title='bbox 1074 5378 1232 5432; x_wconf 87' lang='lat' dir='ltr'><strong>Patre</strong></span> <span class='ocrx_word' id='word_1_788' title='bbox 1295 5393 1424 5432; x_wconf 84' lang='lat' dir='ltr'><strong>vero</strong></span> <span class='ocrx_word' id='word_1_789' title='bbox 1459 5393 1679 5434; x_wconf 80' lang='lat' dir='ltr'><strong>manere</strong></span> <span class='ocrx_word' id='word_1_790' title='bbox 1735 5391 1791 5436; x_wconf 91' lang='lat' dir='ltr'><strong>et</strong></span> <span class='ocrx_word' id='word_1_791' title='bbox 1841 5382 1894 5436; x_wconf 91' lang='lat' dir='ltr'><strong>in</strong></span> 
     </span>
    </p>
   </div>
   <div class='ocr_carea' id='block_1_104' title="bbox 405 5533 1892 5605">
    <p class='ocr_par' dir='ltr' id='par_1_104' title="bbox 405 5533 1892 5605">
     <span class='ocr_line' id='line_1_104' title="bbox 405 5533 1892 5605; baseline 0.002 -18"><span class='ocrx_word' id='word_1_792' title='bbox 405 5534 480 5604; x_wconf 85' lang='lat' dir='ltr'><strong>(l)</strong></span> <span class='ocrx_word' id='word_1_793' title='bbox 520 5535 791 5601; x_wconf 68' lang='grc' dir='ltr'>Λέγεσθχι</span> <span class='ocrx_word' id='word_1_794' title='bbox 818 5535 970 5590; x_wconf 87' lang='lat' dir='ltr'><strong>addit</strong></span> <span class='ocrx_word' id='word_1_795' title='bbox 1002 5537 1143 5591; x_wconf 79' lang='lat' dir='ltr'><strong>Mon.</strong></span> <span class='ocrx_word' id='word_1_796' title='bbox 1174 5535 1212 5600; x_wconf 86' lang='lat' dir='ltr'><strong>f,</strong></span> <span class='ocrx_word' id='word_1_797' title='bbox 1251 5533 1621 5605; x_wconf 69' lang='lat' dir='ltr'><strong>232,1),qu01l</strong></span> <span class='ocrx_word' id='word_1_798' title='bbox 1658 5537 1809 5591; x_wconf 87' lang='lat' dir='ltr'><strong>deest</strong></span> <span class='ocrx_word' id='word_1_799' title='bbox 1840 5537 1892 5590; x_wconf 92' lang='lat' dir='ltr'><strong>in</strong></span> 
     </span>
    </p>
   </div>
   <div class='ocr_carea' id='block_1_105' title="bbox 333 5601 1471 5674">
    <p class='ocr_par' dir='ltr' id='par_1_105' title="bbox 333 5601 1471 5674">
     <span class='ocr_line' id='line_1_105' title="bbox 333 5601 1471 5674; baseline 0.005 -20"><span class='ocrx_word' id='word_1_800' title='bbox 333 5601 500 5656; x_wconf 70' lang='lat' dir='ltr'><strong>Mare.</strong></span> <span class='ocrx_word' id='word_1_801' title='bbox 534 5606 571 5661; x_wconf 69' lang='grc' dir='ltr'><strong>Γ.</strong></span> <span class='ocrx_word' id='word_1_802' title='bbox 605 5606 693 5666; x_wconf 86' lang='grc'><strong>68,</strong></span> <span class='ocrx_word' id='word_1_803' title='bbox 726 5605 778 5669; x_wconf 74' lang='grc' dir='ltr'>ι),</span> <span class='ocrx_word' id='word_1_804' title='bbox 813 5615 866 5658; x_wconf 85' lang='lat' dir='ltr'><strong>ct</strong></span> <span class='ocrx_word' id='word_1_805' title='bbox 901 5607 953 5659; x_wconf 84' lang='lat' dir='ltr'><strong>itt</strong></span> <span class='ocrx_word' id='word_1_806' title='bbox 986 5607 1152 5663; x_wconf 86' lang='lat' dir='ltr'><strong>Vatic.</strong></span> <span class='ocrx_word' id='word_1_807' title='bbox 1183 5607 1220 5674; x_wconf 75' lang='lat' dir='ltr'><strong>f,</strong></span> <span class='ocrx_word' id='word_1_808' title='bbox 1260 5605 1380 5670; x_wconf 71' lang='grc'><strong>185,</strong></span> <span class='ocrx_word' id='word_1_809' title='bbox 1419 5605 1471 5660; x_wconf 79' lang='lat' dir='ltr'><strong>b.</strong></span> 
     </span>
    </p>
   </div>
   <div class='ocr_carea' id='block_1_106' title="bbox 406 5674 952 5739">
    <p class='ocr_par' dir='ltr' id='par_1_106' title="bbox 406 5674 952 5739">
     <span class='ocr_line' id='line_1_106' title="bbox 406 5674 952 5739; baseline 0.005 -13"><span class='ocrx_word' id='word_1_810' title='bbox 406 5675 482 5738; x_wconf 73' lang='lat'><strong>(2)</strong></span> <span class='ocrx_word' id='word_1_811' title='bbox 525 5674 730 5728; x_wconf 81' lang='lat' dir='ltr'><strong>Monac.</strong></span> <span class='ocrx_word' id='word_1_812' title='bbox 771 5677 801 5739; x_wconf 83' lang='grc' dir='ltr'>ἡ</span> <span class='ocrx_word' id='word_1_813' title='bbox 817 5678 952 5738; x_wconf 67' lang='grc' dir='ltr'>μείς.</span> 
     </span>
    </p>
   </div>
   <div class='ocr_carea' id='block_1_107' title="bbox 410 5742 910 5811">
    <p class='ocr_par' dir='ltr' id='par_1_107' title="bbox 410 5742 910 5811">
     <span class='ocr_line' id='line_1_107' title="bbox 410 5742 910 5811; baseline 0.01 -17"><span class='ocrx_word' id='word_1_814' title='bbox 410 5745 485 5811; x_wconf 80' lang='grc'><strong>(5)</strong></span> <span class='ocrx_word' id='word_1_815' title='bbox 524 5742 660 5797; x_wconf 79' lang='lat' dir='ltr'><strong>Moti.</strong></span> <span class='ocrx_word' id='word_1_816' title='bbox 700 5746 726 5795; x_wconf 86' lang='grc' dir='ltr'>ὀ</span> <span class='ocrx_word' id='word_1_817' title='bbox 767 5743 910 5807; x_wconf 78' lang='grc' dir='ltr'>Υἱός.</span> 
     </span>
    </p>
   </div>
   <div class='ocr_carea' id='block_1_108' title="bbox 2006 4552 3563 4628">
    <p class='ocr_par' dir='ltr' id='par_1_108' title="bbox 2006 4552 3563 4628">
     <span class='ocr_line' id='line_1_108' title="bbox 2006 4552 3563 4628; baseline 0.004 -24"><span class='ocrx_word' id='word_1_818' title='bbox 2006 4552 2262 4606; x_wconf 85' lang='grc' dir='ltr'>ἁπάντων</span> <span class='ocrx_word' id='word_1_819' title='bbox 2289 4553 2347 4605; x_wconf 83' lang='grc' dir='ltr'>ἐν</span> <span class='ocrx_word' id='word_1_820' title='bbox 2413 4553 2584 4606; x_wconf 70' lang='grc' dir='ltr'>ἅπασι</span> <span class='ocrx_word' id='word_1_821' title='bbox 2621 4553 3071 4622; x_wconf 77' lang='grc' dir='ltr'>συμφωνοῦντας.</span> <span class='ocrx_word' id='word_1_822' title='bbox 3114 4558 3178 4608; x_wconf 84' lang='lat' dir='ltr'><strong>&quot;A</strong></span> <span class='ocrx_word' id='word_1_823' title='bbox 3210 4557 3265 4608; x_wconf 75' lang='grc' dir='ltr'><strong>δὲ</strong></span> <span class='ocrx_word' id='word_1_824' title='bbox 3297 4558 3399 4628; x_wconf 76' lang='grc' dir='ltr'>φῂς</span> <span class='ocrx_word' id='word_1_825' title='bbox 3431 4561 3563 4626; x_wconf 77' lang='grc' dir='ltr'>περὶ</span> 
     </span>
    </p>
   </div>
   <div class='ocr_carea' id='block_1_109' title="bbox 2001 4641 3564 4716">
    <p class='ocr_par' dir='ltr' id='par_1_109' title="bbox 2001 4641 3564 4716">
     <span class='ocr_line' id='line_1_109' title="bbox 2001 4641 3564 4716; baseline 0.003 -20"><span class='ocrx_word' id='word_1_826' title='bbox 2001 4641 2095 4696; x_wconf 83' lang='grc' dir='ltr'><strong>τοῦ</strong></span> <span class='ocrx_word' id='word_1_827' title='bbox 2127 4645 2201 4713; x_wconf 81' lang='grc' dir='ltr'>μὴ</span> <span class='ocrx_word' id='word_1_828' title='bbox 2231 4645 2405 4696; x_wconf 87' lang='grc' dir='ltr'>πάντα</span> <span class='ocrx_word' id='word_1_829' title='bbox 2434 4643 2500 4696; x_wconf 83' lang='grc' dir='ltr'>τὰ</span> <span class='ocrx_word' id='word_1_830' title='bbox 2531 4644 2656 4713; x_wconf 82' lang='grc' dir='ltr'><strong>περί</strong></span> <span class='ocrx_word' id='word_1_831' title='bbox 2696 4643 2788 4696; x_wconf 85' lang='grc' dir='ltr'><strong>τοῦ</strong></span> <span class='ocrx_word' id='word_1_832' title='bbox 2823 4644 2965 4696; x_wconf 83' lang='grc' dir='ltr'>θείου</span> <span class='ocrx_word' id='word_1_833' title='bbox 3020 4645 3287 4714; x_wconf 82' lang='grc' dir='ltr'>λεγόμενα</span> <span class='ocrx_word' id='word_1_834' title='bbox 3316 4647 3564 4716; x_wconf 81' lang='grc' dir='ltr'>Πνεύμα-</span> 
     </span>
    </p>
   </div>
   <div class='ocr_carea' id='block_1_110' title="bbox 2000 4734 3564 4807">
    <p class='ocr_par' dir='ltr' id='par_1_110' title="bbox 2000 4734 3564 4807">
     <span class='ocr_line' id='line_1_110' title="bbox 2000 4734 3564 4807; baseline 0.002 -18"><span class='ocrx_word' id='word_1_835' title='bbox 2000 4752 2092 4799; x_wconf 81' lang='grc' dir='ltr'><strong>τος</strong></span> <span class='ocrx_word' id='word_1_836' title='bbox 2117 4735 2320 4806; x_wconf 84' lang='grc' dir='ltr'>ὁμοίως</span> <span class='ocrx_word' id='word_1_837' title='bbox 2341 4734 2476 4804; x_wconf 78' lang='grc' dir='ltr'>πρὸς</span> <span class='ocrx_word' id='word_1_838' title='bbox 2513 4735 2729 4806; x_wconf 82' lang='grc' dir='ltr'>Πατέρα</span> <span class='ocrx_word' id='word_1_839' title='bbox 2765 4737 2860 4788; x_wconf 81' lang='grc' dir='ltr'>καὶ</span> <span class='ocrx_word' id='word_1_840' title='bbox 2897 4736 3024 4788; x_wconf 79' lang='grc' dir='ltr'>Υίὸν</span> <span class='ocrx_word' id='word_1_841' title='bbox 3051 4738 3442 4807; x_wconf 77' lang='grc' dir='ltr'>ἀναφέρεσθαι,</span> <span class='ocrx_word' id='word_1_842' title='bbox 3468 4741 3564 4806; x_wconf 84' lang='grc' dir='ltr'><strong>χά-</strong></span> 
     </span>
    </p>
   </div>
   <div class='ocr_carea' id='block_1_111' title="bbox 2005 4828 3563 4900">
    <p class='ocr_par' dir='ltr' id='par_1_111' title="bbox 2005 4828 3563 4900">
     <span class='ocr_line' id='line_1_111' title="bbox 2005 4828 3563 4900; baseline 0.001 -20"><span class='ocrx_word' id='word_1_843' title='bbox 2005 4845 2093 4898; x_wconf 87' lang='grc' dir='ltr'><strong>ριν</strong></span> <span class='ocrx_word' id='word_1_844' title='bbox 2126 4829 2251 4888; x_wconf 76' lang='grc' dir='ltr'>τοὺς</span> <span class='ocrx_word' id='word_1_845' title='bbox 2279 4829 2575 4889; x_wconf 80' lang='grc' dir='ltr'>ἀκούοντας</span> <span class='ocrx_word' id='word_1_846' title='bbox 2603 4828 2770 4880; x_wconf 81' lang='grc' dir='ltr'>αἰτῶν</span> <span class='ocrx_word' id='word_1_847' title='bbox 2795 4828 2974 4896; x_wconf 82' lang='grc' dir='ltr'>λέγεις</span> <span class='ocrx_word' id='word_1_848' title='bbox 3006 4832 3075 4882; x_wconf 81' lang='grc' dir='ltr'><strong>τὰ</strong></span> <span class='ocrx_word' id='word_1_849' title='bbox 3122 4831 3322 4882; x_wconf 86' lang='grc' dir='ltr'>πλείω·</span> <span class='ocrx_word' id='word_1_850' title='bbox 3350 4831 3411 4882; x_wconf 82' lang='grc' dir='ltr'>οὐ</span> <span class='ocrx_word' id='word_1_851' title='bbox 3453 4832 3563 4900; x_wconf 75' lang='grc' dir='ltr'><strong>γάρ</strong></span> 
     </span>
    </p>
   </div>
   <div class='ocr_carea' id='block_1_112' title="bbox 1999 4915 3562 4990">
    <p class='ocr_par' dir='ltr' id='par_1_112' title="bbox 1999 4915 3562 4990">
     <span class='ocr_line' id='line_1_112' title="bbox 1999 4915 3562 4990; baseline 0.001 -18"><span class='ocrx_word' id='word_1_852' title='bbox 1999 4920 2069 4972; x_wconf 80' lang='grc' dir='ltr'><strong>τά</strong></span> <span class='ocrx_word' id='word_1_853' title='bbox 2102 4915 2415 4988; x_wconf 69' lang='grc' dir='ltr'>ἐπαγόμεαά</span> <span class='ocrx_word' id='word_1_854' title='bbox 2443 4935 2527 4972; x_wconf 84' lang='grc' dir='ltr'><strong>σοι</strong></span> <span class='ocrx_word' id='word_1_855' title='bbox 2561 4920 2839 4990; x_wconf 81' lang='grc' dir='ltr'>μαρτύρια</span> <span class='ocrx_word' id='word_1_856' title='bbox 2871 4920 3046 4973; x_wconf 86' lang='grc' dir='ltr'>πάντα</span> <span class='ocrx_word' id='word_1_857' title='bbox 3076 4919 3234 4973; x_wconf 87' lang='grc' dir='ltr'>τοῦτο</span> <span class='ocrx_word' id='word_1_858' title='bbox 3267 4921 3562 4974; x_wconf 81' lang='grc' dir='ltr'>δείκνυσινο</span> 
     </span>
    </p>
   </div>
   <div class='ocr_carea' id='block_1_113' title="bbox 2000 5009 3563 5082">
    <p class='ocr_par' dir='ltr' id='par_1_113' title="bbox 2000 5009 3563 5082">
     <span class='ocr_line' id='line_1_113' title="bbox 2000 5009 3563 5082; baseline 0 -20"><span class='ocrx_word' id='word_1_859' title='bbox 2000 5009 2115 5063; x_wconf 76' lang='grc' dir='ltr'>ἐστι</span> <span class='ocrx_word' id='word_1_860' title='bbox 2142 5009 2187 5063; x_wconf 79' lang='grc' dir='ltr'>δ’</span> <span class='ocrx_word' id='word_1_861' title='bbox 2215 5010 2250 5063; x_wconf 78' lang='grc' dir='ltr'>ἃ</span> <span class='ocrx_word' id='word_1_862' title='bbox 2290 5010 2385 5062; x_wconf 77' lang='grc' dir='ltr'>καὶ</span> <span class='ocrx_word' id='word_1_863' title='bbox 2414 5010 2522 5063; x_wconf 81' lang='grc' dir='ltr'><strong>πᾶν</strong></span> <span class='ocrx_word' id='word_1_864' title='bbox 2543 5009 2871 5064; x_wconf 71' lang='grc' dir='ltr'>τούναντίον*</span> <span class='ocrx_word' id='word_1_865' title='bbox 2903 5010 2996 5065; x_wconf 77' lang='grc' dir='ltr'>διὰ</span> <span class='ocrx_word' id='word_1_866' title='bbox 3031 5013 3134 5081; x_wconf 74' lang='grc' dir='ltr'><strong>μὲν</strong></span> <span class='ocrx_word' id='word_1_867' title='bbox 3177 5011 3284 5082; x_wconf 81' lang='grc' dir='ltr'><strong>γὰρ</strong></span> <span class='ocrx_word' id='word_1_868' title='bbox 3311 5010 3406 5064; x_wconf 82' lang='grc' dir='ltr'><strong>τοῦ</strong></span> <span class='ocrx_word' id='word_1_869' title='bbox 3451 5013 3563 5064; x_wconf 85' lang='grc' dir='ltr'>Πα-</span> 
     </span>
    </p>
   </div>
   <div class='ocr_carea' id='block_1_114' title="bbox 1999 5101 3562 5173">
    <p class='ocr_par' dir='ltr' id='par_1_114' title="bbox 1999 5101 3562 5173">
     <span class='ocr_line' id='line_1_114' title="bbox 1999 5101 3562 5173; baseline 0.001 -21"><span class='ocrx_word' id='word_1_870' title='bbox 1999 5102 2128 5168; x_wconf 80' lang='grc' dir='ltr'>τρὸς</span> <span class='ocrx_word' id='word_1_871' title='bbox 2159 5101 2407 5169; x_wconf 81' lang='grc' dir='ltr'>προϊέναι</span> <span class='ocrx_word' id='word_1_872' title='bbox 2443 5101 2538 5153; x_wconf 70' lang='lat' dir='ltr'><strong>moi</strong></span> <span class='ocrx_word' id='word_1_873' title='bbox 2565 5102 2942 5173; x_wconf 64' lang='grc' dir='ltr'>χορηγεῖσθαι,</span> <span class='ocrx_word' id='word_1_874' title='bbox 2971 5102 3044 5163; x_wconf 79' lang='grc' dir='ltr'>ὡς</span> <span class='ocrx_word' id='word_1_875' title='bbox 3072 5104 3164 5155; x_wconf 75' lang='grc' dir='ltr'><strong>καὶ</strong></span> <span class='ocrx_word' id='word_1_876' title='bbox 3192 5103 3259 5155; x_wconf 82' lang='grc' dir='ltr'>δι’</span> <span class='ocrx_word' id='word_1_877' title='bbox 3287 5101 3440 5164; x_wconf 85' lang='grc' dir='ltr'>Υίοῦ,</span> <span class='ocrx_word' id='word_1_878' title='bbox 3463 5105 3562 5154; x_wconf 74' lang='grc' dir='ltr'><strong>οὐκ</strong></span> 
     </span>
    </p>
   </div>
   <div class='ocr_carea' id='block_1_115' title="bbox 2001 5192 3561 5264">
    <p class='ocr_par' dir='ltr' id='par_1_115' title="bbox 2001 5192 3561 5264">
     <span class='ocr_line' id='line_1_115' title="bbox 2001 5192 3561 5264; baseline 0 -18"><span class='ocrx_word' id='word_1_879' title='bbox 2001 5192 2067 5246; x_wconf 83' lang='grc' dir='ltr'><strong>ἂν</strong></span> <span class='ocrx_word' id='word_1_880' title='bbox 2101 5192 2290 5262; x_wconf 69' lang='grc' dir='ltr'>ῥηθείη</span> <span class='ocrx_word' id='word_1_881' title='bbox 2325 5196 2384 5245; x_wconf 62' lang='grc' dir='ltr'><strong>τό</strong></span> <span class='ocrx_word' id='word_1_882' title='bbox 2415 5194 2641 5260; x_wconf 86' lang='grc' dir='ltr'>Πνεῦμα</span> <span class='ocrx_word' id='word_1_883' title='bbox 2669 5193 2758 5246; x_wconf 76' lang='grc' dir='ltr'><strong>διά</strong></span> <span class='ocrx_word' id='word_1_884' title='bbox 2782 5193 2850 5245; x_wconf 82' lang='grc' dir='ltr'><strong>τά</strong></span> <span class='ocrx_word' id='word_1_885' title='bbox 2882 5193 3258 5264; x_wconf 77' lang='grc' dir='ltr'>προειρημένα</span> <span class='ocrx_word' id='word_1_886' title='bbox 3282 5211 3296 5224; x_wconf 74' lang='grc' dir='ltr'><strong><em>ο</em></strong></span> <span class='ocrx_word' id='word_1_887' title='bbox 3349 5195 3406 5244; x_wconf 83' lang='grc' dir='ltr'>ὲν</span> <span class='ocrx_word' id='word_1_888' title='bbox 3451 5196 3561 5246; x_wconf 84' lang='grc' dir='ltr'>Πα-</span> 
     </span>
    </p>
   </div>
   <div class='ocr_carea' id='block_1_116' title="bbox 1999 5283 3560 5354">
    <p class='ocr_par' dir='ltr' id='par_1_116' title="bbox 1999 5283 3560 5354">
     <span class='ocr_line' id='line_1_116' title="bbox 1999 5283 3560 5354; baseline -0.001 -17"><span class='ocrx_word' id='word_1_889' title='bbox 1999 5288 2087 5349; x_wconf 63' lang='lat' dir='ltr'><strong>sp&quot;.</strong></span> <span class='ocrx_word' id='word_1_890' title='bbox 2117 5285 2173 5337; x_wconf 84' lang='grc' dir='ltr'>δὲ</span> <span class='ocrx_word' id='word_1_891' title='bbox 2206 5287 2389 5354; x_wconf 79' lang='grc' dir='ltr'>μένειν</span> <span class='ocrx_word' id='word_1_892' title='bbox 2417 5286 2508 5338; x_wconf 74' lang='grc' dir='ltr'><strong>καὶ</strong></span> <span class='ocrx_word' id='word_1_893' title='bbox 2541 5288 2598 5337; x_wconf 81' lang='grc' dir='ltr'>ἐν</span> <span class='ocrx_word' id='word_1_894' title='bbox 2641 5285 2816 5354; x_wconf 76' lang='grc' dir='ltr'>Πατρὶ</span> <span class='ocrx_word' id='word_1_895' title='bbox 2846 5284 3252 5347; x_wconf 71' lang='grc' dir='ltr'>ἀναπαύεσθαι,</span> <span class='ocrx_word' id='word_1_896' title='bbox 3281 5283 3354 5344; x_wconf 71' lang='grc' dir='ltr'>ὡς</span> <span class='ocrx_word' id='word_1_897' title='bbox 3385 5286 3477 5334; x_wconf 69' lang='grc' dir='ltr'>καὶ</span> <span class='ocrx_word' id='word_1_898' title='bbox 3504 5285 3560 5335; x_wconf 80' lang='grc' dir='ltr'><strong>ἐν</strong></span> 
     </span>
    </p>
   </div>
   <div class='ocr_carea' id='block_1_117' title="bbox 2001 5375 3559 5444">
    <p class='ocr_par' dir='ltr' id='par_1_117' title="bbox 2001 5375 3559 5444">
     <span class='ocr_line' id='line_1_117' title="bbox 2001 5375 3559 5444; baseline -0.001 -17"><span class='ocrx_word' id='word_1_899' title='bbox 2001 5376 2133 5444; x_wconf 62' lang='grc' dir='ltr'>Υίξ»,</span> <span class='ocrx_word' id='word_1_900' title='bbox 2163 5377 2222 5427; x_wconf 75' lang='grc' dir='ltr'>τὸ</span> <span class='ocrx_word' id='word_1_901' title='bbox 2247 5377 2470 5444; x_wconf 78' lang='grc' dir='ltr'>Πνεῦμα</span> <span class='ocrx_word' id='word_1_902' title='bbox 2527 5377 2586 5428; x_wconf 80' lang='grc' dir='ltr'><strong>τὸ</strong></span> <span class='ocrx_word' id='word_1_903' title='bbox 2617 5377 2793 5443; x_wconf 70' lang='grc' dir='ltr'>ἅγιον,</span> <span class='ocrx_word' id='word_1_904' title='bbox 2826 5376 2976 5428; x_wconf 73' lang='grc' dir='ltr'>οὐδὲν</span> <span class='ocrx_word' id='word_1_905' title='bbox 3013 5376 3208 5430; x_wconf 81' lang='grc' dir='ltr'>ἄτοπον</span> <span class='ocrx_word' id='word_1_906' title='bbox 3243 5375 3444 5442; x_wconf 70' lang='grc' dir='ltr'>λέγειν,</span> <span class='ocrx_word' id='word_1_907' title='bbox 3480 5375 3559 5426; x_wconf 80' lang='grc' dir='ltr'>εί·</span> 
     </span>
    </p>
   </div>
   <div class='ocr_carea' id='block_1_118' title="bbox 2070 5530 3558 5602">
    <p class='ocr_par' dir='ltr' id='par_1_118' title="bbox 2070 5530 3558 5602">
     <span class='ocr_line' id='line_1_118' title="bbox 2070 5530 3558 5602; baseline 0.001 -19"><span class='ocrx_word' id='word_1_908' title='bbox 2070 5533 2146 5602; x_wconf 83' lang='grc' dir='ltr'><strong>(ι)</strong></span> <span class='ocrx_word' id='word_1_909' title='bbox 2191 5531 2450 5584; x_wconf 86' lang='lat' dir='ltr'><strong>Eumdem</strong></span> <span class='ocrx_word' id='word_1_910' title='bbox 2490 5533 2668 5586; x_wconf 84' lang='lat' dir='ltr'><strong>locum</strong></span> <span class='ocrx_word' id='word_1_911' title='bbox 2705 5534 2901 5602; x_wconf 85' lang='lat' dir='ltr'><strong>allegat</strong></span> <span class='ocrx_word' id='word_1_912' title='bbox 2948 5535 3169 5592; x_wconf 77' lang='lat' dir='ltr'><strong>Recens,</strong></span> <span class='ocrx_word' id='word_1_913' title='bbox 3199 5543 3340 5586; x_wconf 82' lang='lat' dir='ltr'><strong>orat.</strong></span> <span class='ocrx_word' id='word_1_914' title='bbox 3378 5532 3413 5585; x_wconf 72' lang='lat'><strong>2</strong></span> <span class='ocrx_word' id='word_1_915' title='bbox 3437 5571 3450 5588; x_wconf 91' lang='lat'><strong>.</strong></span> <span class='ocrx_word' id='word_1_916' title='bbox 3482 5530 3558 5584; x_wconf 87' lang='lat' dir='ltr'><strong>De</strong></span> 
     </span>
    </p>
   </div>
   <div class='ocr_carea' id='block_1_119' title="bbox 1999 5603 3556 5675">
    <p class='ocr_par' dir='ltr' id='par_1_119' title="bbox 1999 5603 3556 5675">
     <span class='ocr_line' id='line_1_119' title="bbox 1999 5603 3556 5675; baseline -0.004 -16"><span class='ocrx_word' id='word_1_917' title='bbox 1999 5606 2196 5674; x_wconf 80' lang='lat' dir='ltr'><strong>injusta</strong></span> <span class='ocrx_word' id='word_1_918' title='bbox 2227 5603 2415 5675; x_wconf 53' lang='lat' dir='ltr'><strong>(lepos.</strong></span> <span class='ocrx_word' id='word_1_919' title='bbox 2439 5619 2501 5675; x_wconf 48' lang='grc' dir='ltr'><strong>Δο.</strong></span> <span class='ocrx_word' id='word_1_920' title='bbox 2539 5603 2598 5655; x_wconf 84' lang='lat' dir='ltr'><strong>l7</strong></span> <span class='ocrx_word' id='word_1_921' title='bbox 2631 5603 2742 5675; x_wconf 43' lang='lat' dir='ltr'><strong>[Guy</strong></span> <span class='ocrx_word' id='word_1_922' title='bbox 2778 5605 2920 5658; x_wconf 82' lang='lat' dir='ltr'><strong>orth.</strong></span> <span class='ocrx_word' id='word_1_923' title='bbox 2951 5606 3010 5671; x_wconf 93' lang='lat' dir='ltr'><strong>Il,</strong></span> <span class='ocrx_word' id='word_1_924' title='bbox 3045 5604 3155 5675; x_wconf 65' lang='lat' dir='ltr'><strong>bii),</strong></span> <span class='ocrx_word' id='word_1_925' title='bbox 3180 5605 3246 5657; x_wconf 83' lang='lat' dir='ltr'><strong>ad</strong></span> <span class='ocrx_word' id='word_1_926' title='bbox 3275 5607 3556 5656; x_wconf 65' lang='lat' dir='ltr'><strong>Constant.</strong></span> 
     </span>
    </p>
   </div>
   <div class='ocr_carea' id='block_1_120' title="bbox 2001 5671 2774 5740">
    <p class='ocr_par' dir='ltr' id='par_1_120' title="bbox 2001 5671 2774 5740">
     <span class='ocr_line' id='line_1_120' title="bbox 2001 5671 2774 5740; baseline -0.005 -11"><span class='ocrx_word' id='word_1_927' title='bbox 2001 5671 2147 5732; x_wconf 48' lang='grc' dir='ltr'>Ι.⁷ιν,</span> <span class='ocrx_word' id='word_1_928' title='bbox 2176 5688 2222 5722; x_wconf 81' lang='lat' dir='ltr'><strong>t&#39;.</strong></span> <span class='ocrx_word' id='word_1_929' title='bbox 2253 5671 2284 5721; x_wconf 66' lang='grc' dir='ltr'><strong>εἰ</strong></span> <span class='ocrx_word' id='word_1_930' title='bbox 2320 5671 2497 5734; x_wconf 59' lang='lat' dir='ltr'><strong>(ibid,</strong></span> <span class='ocrx_word' id='word_1_931' title='bbox 2533 5689 2581 5738; x_wconf 86' lang='lat' dir='ltr'><strong>p.</strong></span> <span class='ocrx_word' id='word_1_932' title='bbox 2626 5672 2684 5722; x_wconf 70' lang='grc' dir='ltr'><strong>ίὶί</strong></span> <span class='ocrx_word' id='word_1_933' title='bbox 2708 5674 2774 5740; x_wconf 82' lang='grc' dir='ltr'><strong>ἰ).</strong></span> 
     </span>
    </p>
   </div>
   <div class='ocr_carea' id='block_1_121' title="bbox 2072 5740 2444 5809">
    <p class='ocr_par' dir='ltr' id='par_1_121' title="bbox 2072 5740 2444 5809">
     <span class='ocr_line' id='line_1_121' title="bbox 2072 5740 2444 5809; baseline 0.016 -21"><span class='ocrx_word' id='word_1_934' title='bbox 2072 5745 2146 5809; x_wconf 64' lang='grc' dir='ltr'>(ἰν)</span> <span class='ocrx_word' id='word_1_935' title='bbox 2181 5740 2341 5793; x_wconf 67' lang='lat' dir='ltr'><strong>Marc.</strong></span> <span class='ocrx_word' id='word_1_936' title='bbox 2371 5741 2444 5794; x_wconf 62' lang='lat' dir='ltr'><strong>cs.</strong></span> 
     </span>
    </p>
   </div>
  </div>
