3900 6216
410 369 516 431 175

1770 365 2278 426 BESSARIONIS

3531 365 3632 434 176

399 490 454 537 et
477 479 569 549 qui
611 479 784 534 dicit:
832 478 1176 547 Bencplacilo
1209 479 1404 542 Patris,
1448 476 1766 545 operatione
1812 475 1957 538 Filii,

2065 474 2336 539 γενέσθαι,
2367 475 2427 528 ἐν
2456 475 2670 548 ἑκάστῳ
2700 479 2822 539 δοὺς
2846 477 3094 546 ἀφείλετο
3141 478 3210 532 τὰ
3259 479 3442 533 λοιπά.
3474 481 3638 549 Δῆλον

401 570 788 636 conparatione
813 569 1049 636 Spiritus
1077 570 1250 624 sancti
1285 569 1464 620 locum
1490 566 1745 621 habuisse
1782 566 1965 620 incar-

403 655 708 715 nationem,
738 655 864 707 dum
904 670 1070 706 unum
1141 655 1443 724 unicuique
1481 654 1694 717 tribuit,
1749 655 1961 723 reliqua

393 748 472 800 ab
503 761 569 799 eo
593 746 862 800 excludit.
904 745 1248 799 Manifestum
1310 748 1478 812 igitur
1503 754 1587 800 est
1625 746 1710 799 vel
1750 760 1815 799 ex
1847 747 1962 814 ipsa

397 835 597 899 forma,
629 850 750 903 qua:
787 845 873 888 est
929 836 1231 889 secundum
1282 835 1747 892 distributionem.
1785 847 1964 899 neque

2069 567 2176 635 ἄρα
2217 568 2311 620 καὶ
2346 567 2406 632 ἐξ
2433 569 2600 622 αὐτοῦ
2631 571 2724 622 τοῦ
2754 572 2894 624 κατὰ
2909 572 3004 626 τὸν
3033 571 3304 640 μερισμὸν
3331 574 3630 643 σχήματος,

2069 657 2146 718 ὡς
2187 657 2309 710 οὔτε
2346 659 2423 725 τῷ
2459 660 2633 730 Πατρὶ
2678 661 2947 730 προσήκει
2971 661 3032 714 τὸ
3057 661 3129 715 δι’
3175 662 3345 715 αὐτοῦ
3383 671 3638 733 χορηγεῖ-

2073 745 2199 798 σθαι
2225 747 2286 799 τὸ
2315 749 2538 818 Πνεῦμα
2566 749 2626 802 τὸ
2653 749 2828 817 ἆγιον,
2855 749 2980 803 οὔτε
3009 750 3087 820 τῷ
3135 751 3249 822 Υἱῷ
3268 752 3331 806 τδ
3386 752 3446 817 ἐξ
3471 755 3636 811 αὐτοῦ

2070 837 2488 905 ἐκπορεύεσθαι.

398 928 692 981 convenire
721 928 891 989 Patri,
926 930 1071 996 quod
1098 944 1191 997 per
1219 928 1396 998 ipsum
1422 925 1800 996 suppeditetur
1871 922 2107 991 Spiritus
2175 939 2419 996 sanctus,
2478 945 2658 1002 neque
2692 931 2992 988 convenire
3019 931 3182 1003 Filio,
3246 936 3394 1005 quod
3425 953 3493 993 ex
3521 938 3638 1010 ipso

399 1018 638 1090 Spiritus
672 1031 896 1077 sanctus
941 1023 1222 1091 procedat.

538 1167 880 1242 Admirabilis
924 1168 1217 1224 cardinalis
1249 1167 1459 1223 Nisa-ni
1488 1183 1812 1234 responsum.

461 1277 659 1335 Utrum
705 1292 760 1333 tu
797 1281 978 1349 potius
1001 1282 1388 1352 syllogisticum
1437 1280 1760 1336 methodum
1787 1288 1843 1334 et
1875 1278 1956 1333 lo-

393 1371 565 1442 gicam
603 1374 1046 1439 consequentiam
1078 1373 1301 1435 calleas.
1326 1389 1393 1428 an
1421 1389 1552 1428 vero
1575 1373 1755 1427 Latini
1781 1379 1836 1426 et
1859 1371 1953 1440 qui

395 1477 519 1520 cum
553 1461 758 1515 Latinis
783 1463 1050 1529 sentiunt,
1080 1463 1134 1518 id
1184 1463 1522 1518 sutiicienter
1545 1466 1598 1518 in
1633 1463 1961 1518 refutatione

397 1553 560 1622 primi
596 1568 660 1606 cx
690 1553 796 1607 tuis
836 1557 1174 1623 argumentis
1230 1555 1592 1617 ostendimus,
1634 1552 1855 1622 quando
1906 1563 1959 1607 te

393 1645 683 1714 perspicue
746 1643 1106 1699 refutavimus
1169 1646 1411 1715 pessime
1465 1645 1856 1699 Itallucinatum
1904 1655 1961 1699 et

391 1734 688 1804 sopliistiee
718 1734 877 1802 plane
907 1735 1321 1789 ratiocinantem
1343 1752 1450 1790 una
1476 1752 1599 1790 cum
1625 1736 1710 1801 iis,
1741 1735 1831 1805 qui
1860 1735 1958 1790 tibi

392 1825 695 1887 adhaerent,
727 1833 782 1878 et
812 1826 948 1878 nihil
1005 1825 1234 1880 ulterius
1274 1826 1477 1882 addere
1514 1841 1652 1896 opus
1687 1840 1791 1881 εει.
1852 1825 1962 1878 Ad-

2217 1163 2328 1217 Τοῦ
2364 1166 2715 1234 θαυμαστοῦ
2762 1166 3191 1236 καρδηνάλεως
3231 1171 3500 1238 Νικαίας.

2135 1274 2348 1346 Πότερα
2382 1277 2445 1330 σύ
2478 1277 2682 1345 μᾶλλον
2711 1279 2744 1348 ἢ
2797 1280 3015 1333 Λατῖνοι
3044 1284 3141 1333 καὶ
3167 1282 3218 1333 οἱ
3269 1283 3340 1335 τὰ
3390 1284 3637 1338 Λατίνων

2071 1365 2398 1434 φρονοῦντες
2431 1369 2852 1438 συλλογιστικῆς
2890 1389 2948 1424 τε
2997 1373 3222 1442 μεθόδου
3272 1375 3368 1427 καὶ
3409 1375 3634 1447 λογικῆς

2065 1457 2280 1520 ἐπαϊεις
2312 1459 2636 1522 ἀκολουθίας
2665 1461 2866 1524 ἱκανῶς
2911 1463 2970 1516 ἐν
2991 1464 3103 1526 τοῖς
3133 1464 3272 1532 πρὸς
3306 1465 3368 1518 τὸ
3418 1466 3632 1535 πρῶτον

2064 1546 2175 1600 τῶν
2214 1548 2326 1600 σῶν
2354 1550 2803 1620 ἐπιχειρημάτων
2834 1551 3140 1621 ἐδείξαμεν,
3176 1543 3268 1606 ὅτε
3305 1553 3366 1607 σέ
3394 1572 3633 1624 περιφα-

2064 1638 2170 1701 νῶς
2204 1639 2596 1709 ἁπηλέγξαμεν
2622 1640 2881 1710 αἴσχιστα
2910 1641 3275 1701 ἀπατώμενον
3303 1644 3397 1698 καὶ
3440 1645 3630 1696 σαυτὸν

2063 1727 2181 1797 ἅμα
2205 1729 2306 1782 καὶ
2331 1730 2456 1793 τούς
2483 1733 2568 1785 σοὶ
2588 1732 2978 1802 προσέχοντας,
3006 1733 3632 1804 παρασυλλογιζὸμενον,

2065 1823 2161 1873 καὶ
2200 1820 2354 1874 οὐδὲν
2405 1822 2488 1874 δεῖ
2515 1825 2827 1895 περαιτέρω
2879 1827 3222 1893 προσθεῖναι.
3265 1827 3410 1897 Πρὸς
3458 1825 3516 1880 δὲ
3567 1829 3634 1880 τὰ

393 1930 586 1970 versus
613 1932 745 1969 vero
773 1916 1210 1984 sapientissimus
1245 1917 1343 1970 has
1372 1919 1676 1972 sententias
1707 1917 1958 1986 etprima

2070 1913 2208 1981 σοφά
2236 1930 2328 1967 σου
2361 1914 2534 1968 ταῦτα
2555 1917 2627 1968 τὰ
2652 1916 2992 1988 διανοήματα
3024 1919 3120 1972 καὶ
3157 1919 3349 1988 πρῶτα.
3380 1920 3490 1972 τῶν
3509 1937 3636 1972 παις

393 2023 690 2076 puerorum
737 2007 1047 2061 rudimenta
1086 2010 1499 2078 grammaticum
1554 2008 1844 2078 quemdam
1875 2023 1964 2062 ar-

394 2115 610 2155 cessere
641 2115 780 2169 opus
823 2099 989 2153 fuerit
1044 2100 1137 2169 qui
1188 2101 1626 2170 grammaticales
1658 2100 1756 2154 has
1802 2115 1964 2169 regu-

2066 2004 2267 2075 δαρίων
2300 2007 2604 2078 μαθήματα
2623 2009 3057 2079 γραμματιστὴν
3093 2011 3194 2078 μὲν
3247 2011 3312 2065 ἄν
3343 2028 3467 2063 τινα
3509 2012 3634 2064 ἐπι-

2063 2093 2396 2150 καλέσασθαι
2423 2097 2534 2152 δέοι
2555 2099 2681 2163 τούς
2709 2100 3137 2171 γραμματικούς
3167 2119 3249 2155 σοι
3279 2100 3506 2162 τούτους
3535 2120 3634 2155 κα-

393 2191 477 2246 las
506 2191 603 2246 tibi
659 2201 930 2260 exponat;
965 2191 1254 2246 dicendum
1306 2202 1488 2246 tamen
1556 2192 1716 2247 nobis
1744 2204 1846 2256 est,
1883 2192 1958 2246 di-

2065 2187 2223 2250 νὸνας
2266 2187 2682 2262 ἐξηγησάμενον
2701 2206 2714 2221 ο
2742 2192 2936 2260 ῥητέον
2965 2191 3021 2244 δὲ
3068 2192 3160 2245 καὶ
3189 2193 3319 2261 ἡμῖν
3347 2192 3422 2255 ῶς
3447 2195 3479 2262 ἡ
3501 2193 3634 2246 διαι-

390 2282 619 2337 visivam
653 2283 925 2350 ejusmodi
973 2283 1366 2352 particularum
1403 2291 1468 2336 et
1517 2282 1960 2352 praepositionum

388 2375 650 2428 virtutem
689 2373 826 2427 nihil
859 2373 922 2427 ad
948 2381 1272 2443 prresentem
1305 2373 1733 2441 disputationem
1757 2373 1960 2440 valere,

391 2467 437 2521 si
465 2466 588 2535 quis
616 2466 680 2519 ad
721 2481 951 2534 scopum
974 2481 1192 2529 eorum,
1223 2481 1342 2534 qua:
1369 2464 1650 2529 dicuntur,
1684 2464 1960 2536 respiciat.

391 2555 506 2612 Hoc
556 2572 688 2610 vero
738 2557 792 2611 in
833 2557 1091 2611 omnibus
1140 2558 1454 2612 necessario
1491 2557 1803 2611 faciendum
1855 2565 1961 2626 est,

393 2647 440 2700 si
476 2647 602 2716 quis
630 2647 762 2700 velit
783 2655 1040 2701 accurate
1063 2663 1184 2716 qua:
1213 2647 1470 2701 dicuntur
1501 2647 1808 2712 intendere,
1835 2647 1959 2701 etin

391 2738 671 2807 theologia
730 2737 1108 2807 potissimum,
1158 2747 1217 2791 ut
1264 2746 1320 2792 et
1369 2738 1567 2794 beatus
1622 2738 1859 2808 Cyrillus
1905 2740 1960 2794 in

393 2826 692 2883 Thesauris
722 2829 988 2897 postulat,
1026 2828 1156 2882 dum
1205 2829 1318 2884 ait:
1360 2828 1578 2897 Oportet
1617 2846 1734 2882 eum
1761 2833 1851 2898 qui
1881 2847 1963 2885 se-

393 2929 496 2974 met
526 2919 756 2989 accingit
803 2921 873 2972 ad
904 2919 1219 2973 scrutandas
1248 2921 1456 2975 divinas
1499 2919 1806 2990 Scripturas
1834 2931 1960 2975 tent-

390 3027 488 3080 pus
517 3011 946 3080 occasionemth
980 3010 1278 3076 observare,
1318 3011 1528 3080 quando
1569 3012 1764 3066 dicitur
1801 3013 1856 3066 id
1899 3015 1962 3067 de

2069 2279 2258 2350 ρετική
2296 2296 2381 2332 σοι
2427 2281 2538 2334 τῶν
2590 2281 2904 2351 συνδέσμων
2949 2281 3154 2336 τούτων
3197 2283 3428 2353 δύναμις
3480 2284 3632 2337 οὐδὲν

2065 2372 2200 2440 πρὸς
2220 2371 2314 2424 τὸν
2352 2371 2509 2440 λόγον
2531 2373 2703 2436 ἐστὶν,
2755 2374 2910 2435 εῐτις
2945 2375 3082 2444 πρὸς
3131 2374 3224 2428 τὸν
3255 2375 3363 2427 τῶν
3393 2375 3630 2444 λεγομέ-

2068 2479 2177 2516 νων
2211 2463 2392 2516 ἀπίδοι
2425 2465 2645 2520 σκοπόν.
2673 2463 2846 2517 Τοῦτο
2885 2466 2979 2518 καὶ
3011 2466 3105 2517 ἐπὶ
3132 2466 3352 2519 πάντων
3408 2467 3630 2534 ἀνάγκη

2063 2555 2262 2620 ποιεῖν,
2291 2555 2339 2606 εί
2372 2553 2556 2623 μέλλει
2599 2571 2684 2618 τις
2721 2555 2963 2625 ἀκριϐῶς
2989 2556 3200 2609 ἐπαΐειν
3249 2555 3358 2610 τῶν
3407 2556 3633 2626 λεγομέ-

2065 2664 2194 2712 νων,
2233 2647 2372 2699 κὰπὶ
2403 2645 2684 2714 θεολογίας
2735 2648 2993 2715 μάλιστα,
3047 2641 3209 2719 ἦκα)⁸
3255 2647 3526 2717 Κύριλλος
3575 2649 3632 2698 ἐν

2065 2737 2404 2805 Θησαυροῖς
2430 2739 2457 2791 ὁ
2484 2739 2758 2807 μακάριος
2799 2737 3078 2807 βούλεται,
3117 2737 3232 2801 Δεῖ,
3295 2738 3493 2806 λέγων,
3526 2738 3634 2792 τόν

2061 2833 2148 2895 εις
2173 2829 2428 2897 ἔρευναν
2474 2830 2832 2898 ἐμϐαίνοντα
2866 2830 2984 2883 τῶν
3016 2831 3193 2886 θείων
3239 2829 3500 2900 Γραφῶν
3525 2829 3636 2885 τὸν

2065 2923 2278 2990 καιρὸν
2301 2921 2376 2992 (i)
2405 2921 2735 2990 ἐπιτηρεῖν,
2759 2923 2890 2976 καθ’
2932 2921 3005 2976 ὃν
3031 2925 3270 2988 ,λέγεται
3302 2923 3368 2976 τὸ
3389 2921 3632 2992 λεγόμε-

2060 3029 2172 3067 νον
2208 3012 2285 3082 (2)
2307 3012 2404 3065 καὶ
2434 3012 2502 3066 τὸ
2527 3013 2872 3080 πρόσωπον,
2901 3011 3039 3080 παρ’
3063 3008 3136 3068 οὗ
3164 3013 3201 3080 ἢ
3239 3011 3312 3065 δι’
3339 3008 3412 3067 οὗ
3439 3011 3478 3081 ἢ
3497 3011 3630 3079 περι

392 3119 494 3171 quo
533 3102 734 3170 agitur,
766 3109 814 3153 et
848 3117 1150 3172 personam,
1191 3119 1222 3154 a
1255 3118 1358 3172 qua
1389 3102 1470 3156 vel
1491 3120 1583 3172 per
1613 3119 1770 3172 quam
1801 3104 1958 3157 uelde

2065 3097 2136 3159 οὗ
2163 3104 2432 3174 λέγεταιο
2464 3104 2616 3157 οὕτω
2644 3105 2752 3172 γὰρ
2775 3104 2852 3158 ἂν
2883 3102 3165 3170 ἀπλανὴς
3190 3104 3228 3171 ἡ
3255 3104 3491 3158 διάνοια
3517 3121 3632 3172 φυ-

391 3209 496 3260 qua
531 3193 759 3258 dicitur;
811 3192 884 3245 sic
915 3193 1052 3246 enim
1095 3195 1292 3263 absque
1334 3210 1512 3248 errore
1542 3211 1725 3248 sensus
1771 3196 1835 3248 iis
1871 3197 1960 3264 qui

2063 3196 2319 3266 λαχθείη
2362 3195 2488 3261 τοῖς
2518 3195 2706 3263 ὀρθῶς
2743 3194 3028 3248 ἐθέλουσι
3088 3193 3275 3248 νοεῖν.
3313 3193 3500 3248 Ταῦτα
3524 3194 3634 3248 τοί-

395 3293 533 3337 recte
567 3282 748 3337 uolunt
783 3284 1081 3355 intelligere
1104 3286 1401 3340 servabitur
1431 3287 1530 3356 (α).
1556 3287 1682 3341 [late
1707 3288 1872 3358 igitur
1905 3297 1958 3342 et

2065 3305 2159 3340 νυν
2205 3286 2486 3340 κάνταῦθα
2538 3288 2906 3356 σκοπούμενοι
2954 3287 3264 3356 εὑρήσομεν
3290 3287 3441 3355 ﬁcii;
3490 3287 3634 3340 διδαο

392 3374 527 3449 hoc.
554 3377 676 3432 loco
711 3376 1130 3431 considerantes
1178 3377 1529 3434 inveniemus
1570 3381 1827 3434 doctores
1875 3379 1955 3432 in-

392 3468 650 3521 sistentes
706 3478 896 3521 contra
945 3468 1259 3534 haereticos,
1308 3471 1400 3538 qui
1453 3469 1802 3524 divinitatem
1842 3480 1956 3525 tum

391 3556 513 3610 Filii
546 3567 661 3609 tum
688 3555 933 3624 Spiritus
961 3558 1134 3612 sancti
1161 3558 1557 3629 impugnarunt
1583 3569 1747 3628 atque
1773 3563 1956 3616 omnia

393 3657 781 3717 perverterunt
830 3663 895 3704 ac
941 3664 1036 3703 sus
1079 3649 1258 3718 deque
1309 3658 1592 3705 verterunt
1640 3650 1956 3720 Scriptura-

393 3755 630 3808 rumquc
683 3739 998 3794 testimonia
1036 3741 1102 3793 ad
1153 3742 1435 3810 proprium
1485 3757 1728 3796 errorem
1779 3754 1959 3798 traxe-

392 3838 544 3892 runt.
580 3847 644 3885 ea
697 3838 1139 3886 transmutarunt
1184 3841 1240 3886 et
1279 3833 1358 3886 sic
1407 3841 1519 3886 tum
1574 3835 1787 3903 seipsos
1842 3844 1956 3890 tttm

392 3922 531 3978 alios
585 3921 940 3986 fefellerunt;
992 3937 1226 3992 quorum
1277 3923 1368 3977 alii
1423 3933 1536 3978 tum
1589 3926 1788 3979 Filium
1843 3936 1957 3981 tum

393 4013 661 4083 Spiritum
698 4023 953 4068 sanctum
987 4013 1222 4070 diversa:
1246 4030 1274 4068 a
1304 4016 1462 4069 Patre
1493 4016 1815 4072 substantia:
1837 4033 1958 4074 esse

391 4106 764 4175 nugabantur,
809 4105 898 4160 alii
948 4122 1081 4161 vero
1115 4107 1311 4160 Filium
1359 4107 1582 4170 quidem
1617 4108 1768 4162 Patri
1825 4125 1958 4164 con-

397 4195 820 4251 substantialem
849 4209 990 4260 esse,
1022 4194 1289 4263 Spiritum
1327 4210 1454 4250 vero
1480 4197 1711 4253 diversae
1742 4214 1771 4250 a
1796 4199 1958 4255 Patre

394 4297 451 4340 et
504 4285 646 4340 Filio
692 4286 1016 4340 substantiae
1067 4285 1333 4341 exsistere
1361 4285 1700 4356 garriebant.
1755 4289 1958 4345 Contra

390 4377 493 4431 hos
529 4377 698 4444 igitur
737 4385 796 4430 et
824 4390 947 4430 eum
984 4375 1073 4430 bis
1116 4385 1428 4447 pugnantes
1461 4379 1640 4433 sancti
1683 4378 1873 4434 Patres
1903 4389 1960 4436 et

396 4469 655 4524 doctores
688 4469 783 4522 has
812 4478 868 4522 et
911 4468 999 4524 his
1038 4466 1234 4524 aftines
1267 4469 1576 4523 emiserunt
1607 4485 1794 4535 voces,
1838 4485 1960 4526 ser-

342 4625 348 4632 ‘
390 4571 585 4614 vantes
632 4560 855 4629 quidem
901 4561 1271 4615 reverentiam
1307 4561 1644 4617 testimoniis
1675 4578 1741 4617 ex
1786 4564 1958 4619 sacris

391 4646 619 4702 Litteris
659 4648 871 4704 haustis
916 4649 1157 4704 debitam
1208 4659 1376 4720 atque
1407 4666 1594 4720 presse
1629 4667 1791 4706 voces
1839 4661 1954 4706 tum

392 4740 734 4810 evangelicas
775 4748 886 4794 tum
917 4742 1253 4810 apostolieas
1284 4752 1602 4811 sequentes,
1653 4759 1722 4799 ne
1757 4744 1826 4799 iis
1861 4745 1953 4812 qui

392 4839 591 4886 ‘cuneta
642 4830 1058 4900 pervertebant,
1107 4845 1295 4886 ansam
1330 4832 1639 4900 praeberent
1673 4841 1956 4888 transmu-

393 4922 544 4976 tandi
581 4939 649 4977 ea
704 4937 827 4991 qua:
858 4924 1000 4978 bene
1033 4922 1178 4978 dicta
1212 4923 1289 4977 ibi
1327 4931 1511 4991 erant,
1547 4941 1645 4994 per
1684 4925 1820 4981 alias
1878 4937 1958 4980 ta-

392 5031 516 5069 men
573 5015 991 5084 aequipollentes
1042 5030 1226 5077 voces,
1265 5031 1387 5084 qua:
1419 5025 1476 5071 et
1503 5018 1634 5084 ipsze
1677 5027 1836 5072 erant
1886 5033 1953 5071 ex

393 5106 692 5176 Scripturis
753 5107 1076 5177 desumptze,
1129 5109 1418 5164 veritatem
1479 5109 1840 5170 nihilominus
1892 5110 1958 5164 iis

396 5199 733 5262 revelantes,
767 5200 858 5268 qui
891 5215 998 5253 non
1034 5215 1263 5270 prorsus
1311 5209 1494 5255 mente
1525 5201 1796 5257 obcrncati
1835 5204 1954 5257 fue-

391 5300 542 5346 runt.
590 5289 824 5357 Quando
877 5292 1046 5362 igitur
1093 5292 1307 5354 dicunt,
1340 5293 1641 5361 procedere
1687 5293 1956 5362 Spiritum

391 5391 643 5436 sanetum
692 5400 756 5438 ex
807 5385 986 5446 Patre,
1037 5384 1132 5438 sed
1176 5397 1396 5438 manere
1433 5384 1486 5437 in
1539 5385 1701 5448 Filio,
1753 5385 1838 5440 vel
1891 5401 1958 5440 ex

437 5522 540 5602 _ii)
569 5519 712 5574 Men.
749 5523 837 5582 ‘27,
871 5521 906 5574 f.
939 5519 1096 5574 935:1
1138 5529 1192 5575 et
1243 5521 1404 5573 Marc.
1445 5518 1481 5576 f.
1538 5519 1604 5572 70
1640 5536 1668 5574 a
1700 5523 1789 5574 τόν
1838 5541 1953 5576 και-

391 5609 469 5663 PU)
487 5612 520 5642 I.

1983 4608 2038 4668 D

2065 3379 2302 3440 σκάλους
2341 3378 2485 3432 κατὰ
2510 3378 2620 3431 τῶν
2655 3381 2722 3448 τῇ
2763 3395 2822 3430 τε
2855 3378 2950 3431 τοῦ
2987 3377 3114 3431 Υίοῦ
3152 3382 3216 3448 τῇ
3257 3396 3315 3432 τε
3346 3379 3440 3431 τοῦ
3464 3379 3632 3432 Πνεύ·

2065 3487 2238 3540 ματος
2271 3470 2488 3539 θεότητι
2528 3469 2853 3540 μαχομένων
2905 3469 3203 3540 αίρετικῶν
3245 3468 3632 3538 ἐνισταμένους

2063 3563 2248 3616 πάντα
2276 3562 2736 3633 κακουργούντων
2775 3562 2868 3614 καὶ
2889 3560 3347 3632 διαστρεφόντων,
3377 3559 3472 3613 καὶ
3496 3558 3632 3628 πρὸς

2063 3655 2164 3725 τὴν
2210 3654 2349 3708 ἰδιάν
2401 3655 2616 3724 πλάνην
2655 3654 2938 3724 γραφικὰς
2987 3652 3255 3705 ἑλκόντων
3303 3650 3627 3721 μαρτυρίας,

2061 3746 2157 3799 κα)⁸
2189 3744 2391 3807 ταύτας
2427 3744 2895 3814 μεταποιούντων,
2929 3743 3026 3797 καὶ
3077 3743 3251 3805 οῦτως
3299 3741 3529 3802 ἑαυτούς
3568 3758 3632 3795 τε

2061 3836 2304 3898 καὶτοὺς
2335 3836 2528 3898 ἄλλους
2579 3835 2936 3900 ἀπατώντων,
3001 3835 3096 3888 καὶ
3145 3834 3254 3886 τῶν
3298 3833 3397 3901 μὲν
3427 3833 3518 3887 τόν
3569 3849 3630 3884 τε

2063 3927 2213 3990 Υἰδν,
2243 3927 2377 3980 τότε
2403 3926 2625 3994 Πνεῦμα
2660 3927 2858 3997 ἐτέρας
2888 3927 3040 3997 παρὰ
3067 3928 3156 3979 τὸν
3194 3926 3413 3995 Πατέρα
3441 3923 3632 3987 οὐσίας

2061 4011 2202 4070 εἶναι
2230 4018 2566 4088 ληρούντων,
2597 4018 2706 4070 τῶν
2739 4017 2795 4070 δὲ
2821 4018 2912 4070 τὸν
2944 4018 3043 4088 μέν
3075 4017 3204 4070 Tibi:
3233 4017 3524 4086 ὀμοούσιον
3549 4014 3632 4085 τῷ

2062 4107 2257 4173 Πατρὶ,
2287 4106 2351 4157 τὸ
2381 4105 2438 4162 δὲ
2465 4105 2692 4174 Πνεῦμα
2728 4105 2921 4175 ἐτέρας
2965 4104 3118 4174 παρὰ
3139 4103 3228 4157 τὸν
3272 4102 3492 4171 Πατέρα
3531 4100 3635 4153 καὶ

2063 4196 2157 4248 τὸν
2181 4195 2311 4250 Υίδν
2353 4195 2542 4259 οὐσίας
2597 4195 3010 4265 φλυαρούντων.
3063 4195 3220 4248 Κατὰ
3265 4194 3473 4246 τούτων
3533 4187 3631 4245 οὖν

2061 4288 2406 4357 ἐνιστάμενοι
2464 4288 2560 4341 καὶ
2597 4286 2812 4349 τούτοις
2860 4287 2910 4340 oi
2941 4285 3078 4340 θεῖοι
3122 4284 3364 4354 Πατέρες
3422 4299 3480 4334 τε
3534 4281 3631 4335 καὶ

2059 4377 2380 4432 δ.ὄάσκαλοι
2437 4377 2736 4448 μαχόμενοι
2781 4378 2985 4438 ταύτας
3026 4377 3204 4428 τεκαὶ
3249 4377 3349 4436 τὰς
3400 4375 3629 4435 ταύταις

2061 4467 2457 4540 παραπλησίας
2521 4468 2746 4538 ἀφῆκαν
2806 4469 3012 4537 φωνὰς,
3039 4465 3338 4537 τηροῦντες
3391 4465 3492 4534 μὲν
3526 4464 3633 4534 τὴν

2062 4563 2435 4632 ὀφειλομένην
2467 4563 2588 4625 ταῖς
2613 4564 2676 4614 ἐκ
2707 4563 2806 4631 τῆς
2851 4563 3003 4625 θείας
3045 4561 3269 4632 Γραφῆς
3297 4556 3635 4629 μαρτυρίαις

2064 4655 2355 4710 εὐλάϐειαν
2404 4655 2499 4708 καὶ
2549 4655 2670 4707 κατ’
2739 4655 2884 4725 ἴχνος
2944 4656 3063 4717 ταῖς
3120 4651 3506 4720 εὐαγγελικνῖς
3567 4665 3632 4700 τε

2069 4744 2166 4796 καὶ
2226 4743 2612 4805 ὰποστολικαῖς
2659 4745 2862 4811 φωναῖς
2925 4743 3220 4812 ἑπόμενοι,
3269 4741 3355 4792 ἴνα
3398 4737 3473 4806 μὴ
3515 4737 3635 4797 τοῖς

2073 4834 2251 4888 πάντα
2312 4832 2730 4903 διαστρέφουσιν
2796 4832 3051 4903 ἀφορμὴν
3115 4831 3256 4884 δοῖεν
3311 4829 3635 4900 μεταποιεῖν

2062 4925 2133 4978 τά
2190 4923 2372 4985 καλῶς
2436 4924 2702 4993 κείμενα,
2757 4923 2828 4976 δι’
2898 4923 3075 4977 ἄλλων
3145 4922 3192 4976 δ’
3243 4923 3392 4992 ὅμως
3426 4919 3633 4989 ⁴ἰσοδυ-

2065 5016 2256 5085 νάμων
2313 5013 2510 5083 φωνῶν
2568 5015 2634 5067 ἐκ
2689 5015 2792 5083 τῆς
2863 5014 3088 5082 Γραφῆς
3146 5013 3242 5068 καὶ
3307 5010 3489 5064 αὐτῶν
3545 5011 3632 5061 εί-

2063 5107 2359 5178 λημμένων
2409 5108 2507 5177 τὴν
2552 5107 2808 5178 ἀλήθειαν
2851 5107 3002 5160 οὐδέν
3047 5099 3212 5178 ἦττον
3239 5106 3350 5163 τοῖς
3380 5102 3454 5172 μὴ
3489 5101 3637 5153 πάν-

2061 5218 2128 5270 τη
2166 5202 2257 5254 τὸν
2306 5197 2430 5254 νοῦν
2463 5201 2856 5268 ἑσκοτωμένοις
2911 5197 3404 5268 ἀνακαλύπτοντες.
3458 5193 3636 5246 Ὀταν

2059 5291 2151 5346 οὐν
2219 5292 2396 5358 φῶσιν
2455 5290 2848 5361 ἐκπορεύεσθαι
2920 5289 3017 5359 μὲν
3051 5289 3115 5341 ἐκ
3172 5285 3268 5340 τοῦ
3304 5283 3516 5363 Πατρὸς
3567 5281 3635 5334 τὸ

2061 5385 2303 5456 Πνεῦμα,
2367 5385 2550 5455 μίνειν
2601 5384 2658 5436 δὲ
2705 5386 2762 5437 ἐν
2798 5382 2932 5454 Υίῷ,
2988 5383 3021 5455 ἢ
3075 5382 3140 5436 ἐκ
3189 5380 3283 5436 τοῦ
3347 5378 3481 5436 Θεοῦ
3525 5376 3634 5447 μὲν

2133 5523 2206 5591 (‘2)
2243 5523 2315 5577 al.
2341 5522 2398 5575 τὸ
2430 5520 2782 5591 δηλούμενον.
2805 5575 2836 5580 __

459 5735 534 5804 (ιι)
567 5737 686 5793 iixc
720 5737 884 5792 verba
939 5753 1004 5792 ex
1067 5737 1253 5811 Cyrilli
1308 5737 1606 5797 Titesauris
1639 5737 1932 5812 desuupta
1959 5741 2153 5812 allega'.
2194 5735 2426 5797 Allitius
2466 5739 2521 5794 in
2554 5735 2772 5795 νειιίιεε.
2809 5753 2926 5812 syn.
2965 5739 3189 5812 Ephes.,
3244 5755 3294 5798 ε.
3330 5739 3394 5799 ii
3419 5753 3473 5810 ρ.
3501 5734 3596 5801 5ἇο
