3900 6216
279 345 374 409 Hi

1357 349 1796 409 REFUTATIO
1830 349 2072 413 MARCI
2111 354 2509 420 EPHESINI.

3421 369 3523 436 178

272 462 378 515 τῶν
410 459 550 514 ἂων
605 458 704 526 τὴν
754 457 994 528 ὕπαρξιν
1043 460 1210 528 ἔχειν,
1255 461 1617 531 χορηγεῖσθαι
1669 462 1728 515 δὲ
1777 461 1848 516 δι’

1958 463 2067 518 Deo
2121 466 2347 534 quidem
2403 472 2792 531 universorum
2847 478 3226 537 exsistentiam
3289 482 3524 552 habere,

273 553 448 616 Υῑοῦ,
510 551 716 621 δηλαδὴ
786 552 902 612 τοῖς
959 550 1315 622 ἀνθρώποις,
1367 554 1399 623 ἢ
1447 554 1850 626 ἐκπορεύεσθαι

275 647 374 715 μὲν
407 647 470 698 ὲκ
499 642 594 696 τοῦ
629 643 769 696 Θεοῦ
800 645 896 697 καὶ
929 643 1168 715 Πατρδς,
1193 645 1292 698 οὐκ
1315 644 1594 715 ἀλλότριον
1623 647 1682 699 δὲ
1710 643 1852 700 εἶναι

273 736 367 790 τοῦ
403 735 601 805 Υίοῦῆ
649 735 902 806 προϊέναι
953 736 1049 788 καὶ
1102 737 1428 802 ἀναὸλύζειν
1468 739 1536 792 δι’
1582 739 1716 792 Υίοῦ
1750 742 1850 794 καὶ

273 829 375 881 ὅσα
402 827 503 896 τῆς
527 827 725 893 ὁμοίας
757 819 1109 893 ἀκολουθίας,
1143 829 1242 900 οὐχ
1272 829 1354 882 ὅτι
1401 830 1579 900 πάντη
1612 830 1851 901 διάφορα

272 919 530 988 ἀλλήλοις
567 918 638 971 τὰ.
677 919 905 990 ῥήματα
951 921 1149 983 ταῦτα,
1181 921 1270 974 διὰ
1320 922 1503 985 τοῦτο,
1553 925 1707 992 φασὶ,
1754 929 1851 980 καὶ

273 1013 386 1073 τοῖς
422 1011 746 1079 συνδέσμοις
773 1011 989 1074 τούτοις
1011 1011 1156 1066 οὕτω
1189 1012 1281 1066 τὸν
1301 1013 1462 1083 λόγον
1490 1015 1811 1085 μερίζουσιν
1833 1031 1849 1048 ο

274 1102 412 1156 ἀλλὰ
445 1101 666 1171 πρῶτον
702 1103 803 1171 μὲν
843 1105 943 1165 τὰς
982 1104 1351 1172 εὐαγγελικάς
1386 1121 1446 1157 τε
1481 1107 1580 1163 καὶ
1611 1108 1852 1161 ἀποστο-

269 1193 432 1256 mag
465 1193 917 1263 ἀμεταποιήτους
946 1197 1136 1265 τηρεῖν
1174 1195 1488 1267 βουλόμενοι
1523 1201 1731 1268 φωνὰς,
1774 1201 1853 1262 ὡς

273 1285 341 1338 ἂν
374 1286 611 1349 καὶτοῖς
647 1285 831 1350 ἄλλοις
879 1286 982 1357 τὴν
1013 1285 1110 1340 τοῦ
1167 1293 1492 1357 μεταποιεῖν
1538 1291 1660 1344 ὁδὸν
1708 1293 1852 1346 ἁπο-

271 1378 604 1432 κλείσωσιν·
654 1382 850 1436 ἔπειτα
901 1401 1002 1439 και
1061 1388 1278 1441 πλείοσι
1315 1388 1526 1458 ῥήμασι
1565 1388 1664 1460 τὴν
1715 1389 1855 1458 πρὺς

269 1473 500 1545 Πατέρα
531 1475 624 1528 καὶ
650 1475 779 1530 Υίὺν
823 1476 916 1530 τοῦ
971 1481 1298 1551 Πνεῦματος
1329 1483 1727 1552 ὁμοουσιότητα
1758 1481 1855 1551 δη-

267 1563 522 1630 λοῦντες.
552 1568 769 1623 Μᾶλλον
795 1571 904 1642 γὰρ
933 1570 1000 1626 ἂν
1031 1572 1331 1626 δεικνύοιτο
1350 1574 1643 1641 ὀμοούσιον
1674 1573 1854 1644 Πατρὶ

269 1658 371 1708 καὶ
420 1656 558 1728 Υἱῷ,
597 1660 647 1712 εί
693 1661 1052 1730 ὲκπορεῦοιτο
1099 1665 1163 1717 ἐκ
1198 1667 1411 1735 Πατρὸς
1446 1666 1542 1721 καὶ
1594 1667 1749 1736 μένοι
1796 1667 1855 1720 ἐν

272 1745 414 1817 Υῐῷ,
457 1751 554 1801 καὶ
609 1747 679 1802 αὖ
731 1753 1093 1823 ὲκπορεύοιτο
1122 1756 1188 1810 ὲκ
1231 1757 1444 1829 Πατρδς
1473 1762 1567 1814 καὶ
1601 1763 1686 1832 εῐη
1719 1762 1853 1816 [διον

268 1837 368 1891 τοῦ
403 1839 537 1892 Υἱοῦ
571 1845 664 1895 καὶ
688 1843 786 1896 ὅσα
820 1845 1005 1916 ὃμοια,
1035 1847 1071 1916 ἢ
1102 1849 1150 1901 εἰ
1185 1851 1346 1918 μόνον
1403 1851 1618 1921 λέγοιτο
1645 1856 1708 1906 ὲκ
1739 1856 1850 1908 Πα-

270 1932 402 2002 τρδς
449 1935 870 2006 ἐκπορεύεσθαι.
916 1940 1014 1994 Ἐκ
1049 1941 1266 2012 Πατρὸς
1311 1943 1422 2014 γὰρ
1463 1945 1558 1998 καὶ
1589 1945 1719 1998 Υίοῦ
1756 1948 1849 1998 εκ-

270 2026 610 2097 πορεύεσθαι
641 2029 824 2100 λέγειν
844 2031 989 2088 οὕτω
1023 2036 1234 2103 σαφῶς,
1253 2036 1281 2090 ὖ
1311 2036 1515 2107 μᾶλλον
1543 2039 1612 2092 ἂν
1637 2039 1849 2110 ἐδήλου,

270 2119 336 2172 τι
389 2122 775 2192 προκείμενον,
807 2124 909 2178 οὐκ
959 2125 1254 2196 ἠϐούλοντο
1309 2128 1386 2201 μὴ
1444 2130 1661 2200 ἔχοντες
1691 2134 1750 2186 ὲν
1783 2137 1848 2204 τῇ

270 2211 397 2279 θείᾳ
447 2213 641 2285 Γραφῇ
691 2217 874 2288 ῥητῶς
908 2217 1054 2274 οῦτω
1100 2221 1378 2291 κείμενον,
1412 2223 1591 2288 ἄλλως
1643 2242 1702 2278 τε
1757 2226 1852 2278 καὶ

269 2302 363 2356 διά
414 2323 539 2358 τινα
598 2307 710 2362 τῶν
760 2311 1030 2382 ῥημάτων
1055 2313 1265 2367 τούτων
1295 2315 1564 2386 διαφορὰν
1591 2317 1731 2371 οὕτω
1759 2320 1850 2372 τὸν

270 2397 432 2465 λόγον
477 2402 830 2470 προήνεγκαν
851 2421 864 2434 ο
909 2405 970 2457 οὐ
997 2405 1108 2478 γάρ
1146 2407 1212 2466 δὴ
1270 2409 1449 2478 πάντη
1481 2410 1650 2464 ταυτδ
1675 2410 1852 2466 ταῦτα

274 2486 567 2554 σημαίνειν
596 2489 706 2542 οὐδ’
735 2493 900 2561 ἡμεῖς
933 2493 1000 2546 ἂν
1030 2495 1295 2566 φαίημεν,
1326 2497 1464 2551 άλλά
1508 2514 1585 2569 πη
1618 2501 1712 2553 καὶ
1739 2499 1854 2554 δια-

271 2594 486 2646 φορειν.
527 2579 639 2634 Καὶ
679 2580 788 2652 γὰρ
832 2583 895 2636 τὸ
943 2584 1036 2639 τὸν
1087 2586 1187 2658 μὲν
1243 2589 1466 2660 Πατέρα
1514 2591 1609 2661 ἀφ’
1655 2591 1851 2647 ἑαυτοῦ

265 2669 419 2736 ἔχειν
451 2671 513 2723 τδ
551 2672 610 2737 ἐξ
641 2673 806 2728 αὑτοῦ
841 2677 899 2731 τὸ
954 2679 1179 2748 Πνεῦμα
1215 2682 1640 2754 ἐκπορεύεσθαι,
1675 2686 1768 2740 τὸν
1793 2686 1852 2740 δὲ

267 2765 401 2820 Υῐὶν
431 2768 498 2820 ἐκ
529 2767 624 2821 τοῦ
659 2770 902 2842 Πατρδς,
941 2773 974 2840 ἡ
1010 2775 1218 2827 τούτων
1271 2776 1382 2830 τῶν
1419 2779 1686 2849 ῥημάτων
1734 2781 1854 2834 δια-

267 2860 518 2929 φορότης
541 2860 796 2931 σημαίνει
815 2877 832 2894 ο
853 2862 977 2917 οὕτε
998 2865 1110 2936 γὰρ
1137 2867 1315 2938 πάντη
1335 2871 1504 2922 ταυτὸ
1524 2871 1646 2924 οὔτε
1674 2871 1852 2942 πάντη

262 2951 536 3023 διάφορον
577 2951 828 3024 δηλοῦσιν
853 2973 870 2991 ο
913 2957 994 3010 διὸ
1033 2960 1131 3013 καὶ
1175 2959 1245 3013 δι’
1297 2961 1503 3032 ἐτέρων
1537 2962 1739 3030 λέξεων
1791 2965 1852 3018 τὺ

264 3043 406 3096 αὐτὸ
454 3045 606 3114 ’ὅμως
652 3046 704 3098 οἱ
756 3048 999 3116 Πατέρες
1040 3049 1318 3120 δηλοῦσιν.
1360 3053 1593 3126 Εἴρηται
1634 3056 1743 3126 γάρ
1785 3055 1852 3126 δὴ

1957 555 2151 611 donari
2191 574 2317 614 vero
2365 577 2463 631 per
2508 563 2708 622 Filium
2757 570 3018 628 videlicet
3065 574 3409 640 hominibus,
3440 579 3527 634 vel

1955 649 2258 717 procedere
2287 654 2510 722 quidem
2543 670 2610 711 ex
2645 659 2758 714 Deo
2789 672 2844 715 et
2893 663 3080 727 Patre,
3116 680 3228 720 non
3281 666 3527 721 alienum

1954 757 2088 796 vero
2130 758 2252 799 esse
2301 761 2330 799 a
2375 746 2539 811 Filio,
2590 751 2676 804 vel
2733 752 2956 820 prodire
2999 763 3057 809 et
3105 758 3380 812 scaturire
3432 773 3531 826 per

1956 834 2155 888 Filium
2207 844 2263 892 et
2315 853 2660 910 quacunque
2712 845 2958 914 ejusdem
2993 847 3160 902 seriei
3207 858 3360 914 sunt,
3417 864 3529 903 non

1955 927 2102 994 quod
2134 929 2362 984 omnino
2393 931 2610 987 diversa
2642 936 2712 989 ab
2741 937 2972 992 invicem
3003 938 3112 994 sint
3140 941 3256 995 hzec
3280 941 3529 1004 nomina.

1956 1015 2164 1074 idcirco
2196 1020 2390 1076 dicunt
2433 1031 2490 1077 et
2533 1023 2684 1080 hisce
2731 1027 3017 1095 particulis
3062 1039 3119 1084 et
3147 1029 3530 1084 locationibus

1956 1120 2294 1172 sermonem.
2332 1110 2404 1164 ita
2439 1111 2696 1170 dividunt
2725 1116 2819 1170 sed
2866 1118 2920 1173 in
2957 1120 3150 1188 primis
3184 1122 3531 1192 evangelicas

1954 1209 2008 1254 et
2041 1203 2372 1270 apostolicas
2401 1219 2566 1260 voces
2595 1207 2804 1275 absque
2844 1211 2951 1264 ulla
2998 1212 3390 1267 immutatione
3415 1227 3532 1267 ser-

1959 1305 2088 1347 vare
2143 1295 2416 1360 volentes,
2458 1307 2519 1353 ut
2567 1311 2622 1353 et
2672 1301 2796 1355 aliis
2842 1303 2987 1357 viam
3040 1305 3382 1372 praecludant
3435 1319 3566 1359 eas-

1958 1386 2388 1452 transmutandi,
2416 1389 2663 1443 secundo
2689 1391 2857 1445 etiam
2898 1393 3152 1461 pluribus
3186 1394 3372 1448 verbis
3402 1393 3532 1463 Spi-

1957 1474 2101 1529 ritus
2136 1479 2313 1531 sancti
2344 1493 2468 1532 cum
2513 1480 2673 1535 Patre
2712 1491 2768 1535 et
2798 1483 2943 1537 Filio
2973 1485 3533 1540 consubstantialita-

1960 1575 2068 1620 tem
2099 1566 2466 1624 declarantes.
2510 1571 2644 1624 Nam
2679 1573 2854 1643 magis
2891 1573 3134 1645 Spiritus
3185 1586 3435 1641 sanctus,
3471 1583 3532 1630 ut

1957 1658 2196 1720 videtur.
2225 1660 2374 1714 Patri
2407 1671 2463 1716 et
2494 1661 2636 1717 Filio
2660 1665 2990 1719 ostendetur
3013 1667 3531 1729 consubstantialis.

1959 1749 2004 1804 si
2041 1748 2304 1819 procedat
2328 1767 2395 1806 ex
2427 1751 2591 1807 Patre
2614 1765 2671 1808 et
2709 1763 2932 1809 maneat
2962 1755 3015 1809 iu
3051 1756 3190 1812 Filio
3217 1765 3272 1811 et
3306 1771 3527 1811 rursum

1955 1841 2219 1908 procedat
2263 1856 2330 1894 ex
2363 1842 2525 1898 Patre
2576 1851 2634 1897 et
2683 1845 2944 1914 proprius
2990 1846 3066 1900 sit
3111 1846 3255 1910 Filii,
3298 1859 3353 1901 et
3381 1862 3532 1915 qua:-

1954 1943 2172 1999 cunque
2200 1932 2427 1994 similia,
2462 1948 2628 2002 quam
2658 1936 2703 1989 si
2736 1936 3007 1990 duntaxat
3041 1946 3098 1991 et
3127 1937 3289 1992 Patre
3331 1951 3531 2007 proce-

1952 2021 2084 2078 dere
2125 2023 2364 2079 dicatur.
2423 2023 2500 2078 Ex
2530 2023 2694 2087 Patre
2727 2029 2877 2082 enim
2913 2039 2968 2084 et
2996 2028 3137 2083 Filio
3177 2044 3302 2084 eum
3335 2043 3532 2099 proce-

1952 2115 2085 2171 dere
2128 2118 2204 2172 ita
2236 2119 2544 2188 perdiserte
2591 2121 2796 2189 dicere,
2843 2123 2990 2194 quod
3040 2139 3156 2178 rem
3189 2126 3529 2194 proliositam

1952 2207 2125 2278 magis
2151 2209 2507 2274 declarasset,
2541 2213 2864 2279 noluerunt,
2898 2229 3024 2268 cum
3060 2215 3112 2268 in
3146 2215 3322 2270 sacris
3353 2214 3533 2270 Litte-

1953 2303 2030 2356 ris
2074 2301 2127 2356 id
2180 2318 2289 2356 non
2325 2304 2624 2360 habuerint
2667 2307 2893 2361 disertis
2923 2308 3107 2361 verbis
3151 2308 3530 2370 enuntiatum,

1952 2393 2113 2446 aliter
2142 2407 2275 2448 vero
2301 2403 2358 2448 et
2381 2406 2610 2464 propter
2642 2397 2935 2464 quamdam
2968 2397 3266 2450 verborum
3297 2397 3528 2449 istorum

1952 2485 2322 2542 differentiam
2390 2488 2469 2542 ita
2522 2486 2838 2542 doctrinam
2911 2491 3286 2560 protulerunt.
3339 2487 3531 2557 Neque

1952 2581 2099 2636 enim
2138 2595 2369 2650 prorsus
2400 2581 2542 2636 idem
2584 2581 2895 2651 signiﬁcare
2938 2581 3022 2636 vel
3051 2595 3153 2635 nos
3182 2579 3287 2651 ipsi
3325 2579 3535 2635 dixeri-

1952 2687 2098 2736 mus,
2146 2687 2339 2726 verum
2394 2671 2810 2741 quodammodo
2871 2686 2937 2727 ea
2983 2672 3218 2728 diﬂerre
3268 2672 3532 2729 dicimus.

1954 2764 2222 2821 Videlicet
2274 2764 2470 2819 horum
2510 2766 2910 2820 vocabulorum
2960 2765 3278 2821 differentia
3325 2763 3536 2834 signiti-

1953 2865 2065 2923 cat,
2102 2856 2322 2911 Patrem
2357 2857 2608 2926 quidem,
2635 2858 2781 2927 quod
2824 2873 2893 2913 ex
2921 2857 3042 2928 ipso
3069 2857 3328 2928 procedit
3356 2857 3533 2926 Spiri~

1952 2957 2042 3004 tus
2066 2959 2310 3015 sanctus,
2339 2949 2540 3004 habere
2569 2964 2600 3003 a
2631 2949 2838 3020 seipso,
2864 2949 3062 3005 Filium
3092 2965 3225 3005 vero
3245 2950 3298 3004 id
3325 2951 3533 3006 habere

1953 3055 2021 3096 ex
2052 3041 2250 3105 Patre;
2279 3055 2460 3110 neque
2489 3043 2634 3098 enim
2655 3041 3062 3097 omnino‘idetn
3093 3057 3272 3112 neque
3303 3043 3534 3098 omnino

266 3141 364 3190 καὶ
423 3137 684 3202 πολλάκις
728 3142 786 3194 ἐν
834 3141 1039 3207 ἄλλοις.
1071 3145 1165 3197 καὶ
1211 3146 1307 3198 νῦν
1340 3145 1496 3211 αὖθις
1531 3149 1834 3219 εἰρήσεται,

1956 3131 2239 3186 diversum
2274 3130 2566 3186 denotant.
2605 3132 2818 3188 Idcirco
2845 3141 2902 3188 et
2957 3147 3057 3203 per
3085 3134 3225 3188 alias
3255 3133 3532 3190 dictiones

265 3232 344 3294 ὡς
397 3231 667 3286 ἀδύνατον
719 3233 788 3286 δι’
836 3233 968 3288 Υἱοῦ
1020 3236 1410 3310 άναϐλύζεινῆ
1454 3241 1845 3315 προχεῖσθαιιῆ

265 3323 576 3391 πετηνέναι
607 3323 681 3395 μὴ
715 3326 810 3379 καὶ
866 3325 935 3379 δι’
985 3327 1152 3382 αὑτοῦ
1208 3330 1613 3401 ὑφιστάμενον⁶
1645 3333 1706 3386 οὗ
1737 3333 1847 3407 γὰρ

261 3412 328 3481 δὴ
364 3412 614 3466 ὑποστὰν
643 3414 740 3484 ἤδη
768 3416 867 3469 καὶ
896 3415 1077 3486 πάντη
1109 3418 1304 3472 ἑαυτοῦ
1333 3421 1845 3492 ἀπεσχοινισμένον,

263 3505 380 3558 οὖδ⁹
414 3503 492 3568 ὡς
529 3504 716 3561 δοῦλον
759 3507 891 3560 αὐτὸ
937 3511 1016 3572 είς
1069 3509 1162 3564 τὸν
1197 3511 1456 3582 αἰσθητὸν
1501 3513 1714 3584 πέμπει
1750 3517 1848 3568 x6-

266 3609 451 3661 c;mv'
500 3592 641 3644 πάνυ
679 3595 790 3665 γάρ
841 3594 1132 3666 σωματικά
1182 3599 1355 3653 ταῦτα
1402 3600 1498 3654 καὶ
1550 3601 1651 3670 τῆς
1695 3601 1850 3667 θείας

266 3684 496 3753 ἐκείνης
523 3687 717 3752 ἀνάξια
750 3687 986 3756 φύσεως.
1013 3690 1211 3744 Σκόπει
1245 3692 1302 3744 δὲ
1330 3695 1424 3745 καὶ
1461 3693 1622 3755 αὑτός
1644 3710 1657 3724 ·
1683 3695 1748 3748 "ll
1775 3695 1850 3759 ὡς

262 3776 466 3831 δοῦλον
503 3779 634 3832 αὐτὸ
670 3779 957 3851 (συγγνοίη
989 3783 1044 3835 δὲ
1075 3785 1210 3853 ἡμῖν
1241 3786 1375 3839 αὐτὸ
1399 3787 1457 3840 ca
1490 3788 1716 3858 Πνεῦμα
1739 3790 1851 3843 τῶν

263 3870 544 3938 ῥημάτων
571 3871 796 3939 τούτων)
829 3872 862 3941 ἢ
895 3876 969 3936 ὡς
998 3875 1240 3943 ὁμοφυὲς
1283 3878 1416 3931 αὐτὸ
1450 3879 1682 3948 πέμπει,
1714 3883 1850 3935 ἀνα-

263 3959 494 4024 σλύζει,
525 3964 724 4032 προχεῖ
747 3965 842 4017 καὶ
872 3966 975 4018 ὅσα
1005 3965 1187 4034 ὃμοια.
1225 3967 1387 4020 Ἀλλά
1413 3969 1474 4021 τὸ
1506 3972 1606 4040 μὲν
1631 3971 1852 4042 πρῶτον

261 4051 482 4115 ἀσεϐὲς
530 4054 625 4105 καὶ
682 4053 846 4123 μόνον
895 4057 1173 4128 ἐννοῆσαι.
1201 4059 1264 4112 Εἰ
1292 4059 1385 4114 οὖν
1415 4060 1490 4124 ὡς
1523 4064 1784 4134 ὀμοφυὲς,
1815 4063 1850 4135 ἢ

260 4146 368 4198 ἅτε
425 4144 492 4214 δὴ
535 4144 676 4215 ἔχων
711 4163 764 4199 τι
812 4147 949 4218 πρὸς
984 4148 1114 4201 αὐτὸ
1165 4149 1469 4222 ἀξίωμα,”ἢ
1513 4157 1587 4223 μή
1613 4168 1627 4184 ⁸
1660 4154 1776 4206 ἀλλ’
1803 4156 1854 4206 εί

259 4239 345 4300 ὼς
381 4237 459 4307 μὴ
488 4238 652 4307 ἔχων,
692 4240 786 4293 καὶ
833 4241 894 4293 τὸ
943 4241 1170 4310 Πνεῦμα
1201 4242 1269 4295 ἂν
1300 4244 1516 4312 ἔπεμπε
1545 4245 1636 4297 τὸν
1667 4241 1851 4320 Υξδνῇ

260 4331 436 4394 Θεὸν,
464 4331 703 4401 ὁμοφυὲς
731 4334 791 4385 ὃν
822 4335 970 4405 αὐτῷ
990 4351 1005 4366 ο
1038 4335 1175 4390 ἀλλὰ
1214 4336 1377 4390 τοῦτο
1411 4339 1472 4391 οὐ
1515 4338 1767 4406 λέγεται·
1791 4341 1853 4393 τὸ

1953 3224 2100 3278 idem
2149 3233 2335 3279 tamen
2369 3223 2563 3278 Patres
2599 3224 2948 3294 exprimunt.
2981 3223 3100 3279 Jam
3153 3224 3355 3294 sapius
3401 3223 3531 3278 alibi

1950 3317 2156 3373 dictum
2188 3327 2273 3372 est
2299 3327 2355 3372 et
2385 3331 2534 3371 nunc
2566 3319 2766 3372 iterum
2794 3317 3033 3380 dicetur,
3062 3315 3180 3371 ﬁeri
3207 3331 3312 3372 non
3344 3331 3530 3386 posse,

1952 3419 2013 3465 ut
2059 3409 2303 3480 Spiritus
2340 3424 2439 3478 per
2489 3409 2692 3464 Filium
2731 3409 2999 3465 scaturiat
3032 3409 3116 3462 vel
3162 3408 3532 3477 profundatur

1947 3501 2038 3556 vel
2064 3510 2350 3572 appareat,
2388 3504 2432 3557 si
2484 3517 2593 3556 non
2631 3517 2728 3572 per
2764 3504 2947 3572 ipsum
2998 3501 3292 3556 subsistat.
3344 3501 3532 3569 Neque

1950 3595 2096 3648 enim
2121 3595 2232 3664 jam
2261 3594 2655 3649 subsistentem
2707 3605 2762 3649 et
2787 3594 3015 3648 omnino
3059 3609 3090 3648 a
3131 3607 3191 3648 se
3222 3593 3530 3646 dissectum
3605 3634 3608 3636 η

1951 3699 2014 3740 ac
2041 3683 2278 3738 divisum
2310 3699 2490 3754 neque
2539 3695 2600 3740 ut
2648 3699 2867 3740 servum
2916 3697 3043 3740 eum
3076 3684 3245 3738 mittit
3289 3685 3345 3738 in
3375 3699 3533 3738 mun-

1950 3779 2081 3832 dum
2141 3777 2500 3842 sensibilem;
2554 3777 2717 3832 valde
2765 3777 2913 3831 enim
2949 3790 3219 3846 corporea
3267 3786 3398 3830 sunt
3428 3774 3533 3830 ista

1951 3881 2116 3940 atque
2173 3871 2358 3924 divina
2407 3879 2604 3924 natura
2659 3869 2907 3939 indigna.
2941 3869 3241 3924 Considera
3291 3884 3421 3924 vero
3476 3875 3533 3922 et

1953 3964 2070 4034 ipse
2096 3980 2110 4018 :
2141 3963 2236 4019 Vel
2264 3979 2390 4019 eum
2429 3973 2486 4018 ut
2511 3979 2735 4018 servum
2769 3962 3012 4033 (veniam
3044 3963 3139 4016 det
3168 3973 3394 4016 sanctus
3415 3960 3534 4029 ipse

1952 4057 2213 4127 Spiritus,
2260 4055 2405 4126 quod
2455 4055 2728 4125 ejusmodi
2772 4054 2959 4109 verbis
3007 4054 3277 4123 utimur!)
3327 4053 3414 4107 vel
3472 4058 3534 4108 ιιι

1953 4150 2484 4205 consubstantialem
2542 4149 2750 4214 mittit,
2811 4147 3139 4217 profundit,
3178 4146 3416 4200 eﬂ'undit
3470 4151 3529 4198 et

1953 4257 2295 4314 quaecunque
2329 4241 2553 4297 similia.
2593 4240 2702 4296 Sed
2736 4240 2888 4311 prius
2943 4241 3029 4295 vel
3086 4239 3329 4310 cogitare
3385 4238 3536 4293 dun-

1954 4342 2102 4388 taxat
2127 4342 2212 4388 est
2239 4333 2487 4402 impium.
2516 4332 2573 4387 Si
2592 4347 2725 4399 ergo
2748 4341 2807 4387 ut
2825 4331 3378 4393 consubstantialem,
3403 4344 3532 4384 eum

259 4425 384 4493 γὰρ
429 4422 654 4477 Ἡσαΐου
701 4425 897 4491 ἐκεῖνο,
937 4425 1015 4487 ὡς
1049 4428 1108 4481 τὸ
1137 4427 1634 4500 Πνεῦμα-πέμψειε
1663 4430 1739 4502 (l)
1761 4431 1851 4484 τὸν

1957 4426 2130 4480 mittit
2163 4425 2251 4480 vel
2281 4433 2472 4494 utpote
2509 4424 2721 4479 habens
2755 4423 2996 4493 aliquam
3027 4423 3092 4476 ad
3136 4424 3319 4493 ipsum
3352 4421 3536 4492 digni-

265 4511 434 4576 Υἰδν,
461 4513 924 4577 εὐαγγελίσασθαι
959 4517 1193 4584 πτωχοῖς
1221 4496 1297 4585 (2)
1318 4496 1405 4570 διά
1576 4496 1754 4587 σάρκα
1780 4521 1851 4572 εί-

1960 4527 2125 4573 tatem
2152 4517 2234 4570 vel
2274 4532 2404 4570 non.
2431 4515 2537 4571 Sed
2566 4517 2612 4572 si
2646 4525 2708 4570 ut
2740 4531 2849 4569 non
2901 4515 3130 4580 habens,
3163 4523 3275 4568 tum
3315 4521 3372 4568 et
3409 4513 3536 4583 Spi-

268 4603 488 4674 ρῆσθαι
539 4605 741 4674 μᾶλλον
775 4605 923 4660 δοκεί
972 4609 1086 4669 τοῖς
1138 4608 1440 4679 Πατράσιν.
1477 4609 1633 4679 Ἐχει
1666 4611 1773 4680 ἄρα
1803 4628 1851 4663 τι

1960 4609 2100 4664 ritus
2130 4609 2374 4664 mitteret
2404 4608 2601 4663 Filium
2641 4624 2749 4678 qua
2781 4608 2972 4670 Deum,
3009 4623 3132 4661 cum
3167 4607 3238 4662 sit
3269 4607 3372 4675 ipsi
3402 4622 3534 4663 ροη-

262 4697 499 4764 ἁξίωμα
523 4698 551 4749 ὁ
575 4696 700 4759 Tib;
730 4703 869 4768 πρὸς
900 4698 961 4751 τὸ
991 4699 1224 4766 Πνεῦμα
1256 4700 1492 4770 πέμπων
1515 4701 1667 4755 αὐτό.
1690 4702 1851 4757 Ὅθεν

1959 4701 2376 4763 substantialis;
2436 4700 2532 4754 sed
2594 4699 2699 4754 hoc
2752 4714 2861 4753 non
2915 4699 3143 4754 dicitur.
3182 4697 3337 4773 {Nam
3395 4699 3531 4755 illud

265 4791 374 4844 καὶ
403 4787 708 4861 Γρηγόριος
744 4791 842 4859 μὲν
867 4793 896 4844 ὁ
924 4791 1068 4856 θεῖος
1100 4792 1192 4845 τὸν
1238 4793 1368 4845 Υἱὶν
1393 4793 1583 4863 εἴρηκε
1617 4794 1851 4861 πέμπειν

1961 4793 2152 4858 ιδιιὶιε,
2211 4808 2320 4862 quo
2367 4791 2612 4861 Spiritus
2661 4783 2880 4845 mittere
2933 4790 3154 4844 videtur
3200 4789 3402 4843 Filium
3464 4789 3534 4843 ad

260 4884 331 4935 τὸ
399 4881 646 4952 Πνεῦμα,
695 4885 798 4938 ἵνα
831 4884 1006 4952 δείξῃ
1065 4885 1132 4938 τὸ
1181 4885 1408 4940 οἰκεῖον
1457 4886 1689 4955 ἀξίωμα
1734 4886 1852 4958 (δ)”

277 4973 607 5036 Ἀθανάσιος
641 4975 697 5028 δὲ
731 4978 760 5029 ὁ
811 4977 983 5044 μέγας
1024 4975 1148 5042 τοῖς
1177 4976 1475 5046 μαθηταῖς
1521 4980 1555 5031 ὁ
1612 4978 1853 5045 Κύριος,

265 5066 440 5137 φησὶ,
501 5068 614 5134 τὴν
653 5070 906 5135 θεότητα
961 5067 1062 5122 καί
1115 5071 1552 5138 μεγαλειότητα
1613 5068 1856 5134 δεικνὺς

265 5155 499 5212 ἑαυτοῦ
521 5161 631 5212 οὐκ
655 5158 740 5212 ἔτι
770 5159 1068 5213 ἐλάττονα
1098 5160 1318 5216 ἑαυτὸν
1344 5161 1449 5216 τοῦ
1487 5162 1854 5230 Πνεῦματος,

265 5256 444 5308 ἀλλὰ
489 5254 725 5324 μείζονα
761 5255 858 5312 καὶ
895 5259 1038 5312 ἴσον
1091 5259 1233 5312 ὄντα
1264 5261 1597 5328 σημαίνων,
1654 5259 1857 5313 ἐδίδου

265 5348 342 5414 μέ
355 5363 395 5397 r
417 5345 483 5400 τὸ
504 5348 743 5417 Πνεῦμα
762 5349 857 5402 καὶ
885 5349 1118 5419 ἔλεγεν
1137 5370 1154 5401 ι
1177 5349 1326 5422 Ἐγὼ
1345 5350 1700 5405 ἀποστέλλω
1719 5349 1814 5418 (4).
1832 5369 1851 5402 ι

274 5437 460 5492 Τοῦτο
483 5439 539 5490 δὲ
577 5439 673 5493 τοῦ
712 5441 843 5495 Υἱοῦ
885 5443 1105 5511 ἀξίωμα
1142 5443 1242 5495 οὐκ
1278 5444 1592 5514 ἐπίκτητον,
1621 5443 1742 5496 οὐδὲ
1775 5443 1858 5496 δ;-

281 5532 497 5583 σπὸτου
529 5533 618 5602 πρ¹
635 5550 660 5595 ς
687 5532 893 5599 δοῦλον,
921 5535 1056 5588 ἀλλὰ
1088 5537 1315 5607 φυσικὶν
1338 5535 1397 5589 ὃν
1428 5535 1480 5589 τί
1503 5535 1568 5588 ἂν
1590 5535 1718 5589 ἄλλο
1742 5534 1854 5604 εἴη,

350 5667 432 5741 (i)
465 5666 551 5741 Sic
599 5666 762 5722 Marc.
817 5669 852 5724 f.
882 5672 970 5733 7|,
1007 5671 1058 5725 b.
1095 5671 1239 5727 Lion.
1279 5669 1318 5726 ί.
1356 5671 1456 5726 135
1489 5686 1518 5725 a
1547 5688 1559 5726 :
1591 5670 1851 5741 πέμψεις.

352 5739 429 5800 ('2)
476 5737 573 5791 lsa.
613 5755 686 5799 τι.
727 5756 846 5802 vm,
890 5742 973 5794 l6.

354 5811 424 5878 (Β)
463 5807 588 5864 Nat.
621 5820 761 5865 orat.
793 5810 858 5864 de
901 5812 1090 5882 Spirit.
1137 5823 1306 5870 sanet.
1347 5812 1435 5876 37,
1467 5810 1590 5879 396,
1623 5810 1740 5867 603.
1770 5810 1853 5868 (1i.

1960 4883 2453 4954 evangelizandum
2491 4883 2850 4952 pauperibus,
2892 4889 3122 4952 propter
3165 4895 3390 4935 carnem
3423 4879 3532 4934 dici

1961 4977 2145 5048 potius
2200 4976 2457 5031 Patribus
2483 4975 2724 5030 videtur.
2760 4975 2919 5031 Unde
2955 4984 3011 5030 et
3042 4975 3205 5029 divus
3232 4971 3534 5042 Gregorius

1959 5069 2120 5132 dixit,
2149 5067 2347 5121 Filium
2398 5065 2619 5120 mittere
2663 5065 2936 5136 Spiritum
2969 5074 3223 5122 sanctum
3262 5064 3332 5117 ad
3361 5074 3534 5118 osten-

1958 5162 2189 5215 dendam
2226 5162 2502 5232 propriam
2536 5162 2894 5231 dignitatem;
2928 5173 3160 5229 magnus
3203 5173 3336 5212 vero
3360 5157 3532 5211 Athav

1959 5255 2148 5307 nasius
2179 5253 2256 5306 ait
2284 5271 2297 5306 :
2343 5253 2631 5323 Discipulis
2651 5251 2923 5306 .Domiuus
2959 5252 3239 5323 propriam
3272 5250 3527 5303 deitatem

1959 5357 2007 5400 et
2040 5346 2495 5417 magniﬁcentiam
2527 5345 2824 5410 ostendens,
2853 5361 2953 5398 non
2979 5343 3209 5414 amplius
3239 5358 3295 5394 se
3323 5341 3530 5408 Spiritu

1957 5439 2290 5506 inferiorem,
2327 5453 2511 5490 verum
2547 5436 2803 5504 majorem
2830 5446 2877 5487 et
2907 5434 3164 5504 (aqualem
3197 5434 3530 5486 exsistenlem

1956 5527 2267 5600 signiﬁcans
2297 5529 2440 5584 dedit
2473 5529 2736 5599 Spiritum
2773 5539 2822 5582 et
2870 5530 3050 5583 dixit:
3096 5546 3114 5581 t
3152 5526 3264 5599 Ego
3291 5527 3464 5581 mitto.
3503 5543 3528 5578 ιν

1955 5668 2116 5737 Greg.
2150 5668 2307 5737 Apol.
2345 5665 2400 5722 in
2442 5666 2604 5721 Marci
2637 5668 2791 5723 Cani.
2825 5685 2945 5738 Cap.
2986 5669 3069 5722 l3.

2026 5735 2100 5805 (ξ)
2136 5735 2339 5794 Athan.
2393 5747 2536 5792 orat.
2591 5739 2636 5806 1,
2687 5756 2733 5795 c.
2775 5735 2962 5794 Atium.
3025 5757 3080 5796 ll.
3148 5738 3198 5794 5.
3237 5736 3320 5794 Ci.
3357 5735 3523 5806 αἴθε.

1959 5808 2112 5880 Apul.
2169 5811 2260 5864 cit.
2293 5823 2414 5879 cap.
2453 5824 2510 5865 ll.
