3900 6216
360 335 461 402 179

1731 335 2235 402 BESSARIONIS

3490 341 3591 407 180

269 507 274 510 .
353 457 481 512 llaec
523 444 656 511 vero
684 455 808 511 Filii
848 434 1093 527 dignitas
1126 469 1238 512 non
1272 455 1549 513 adscititia
1585 467 1690 524 est,
1733 471 1913 526 neque

2029 456 2145 523 ἠτδ
2193 455 2376 511 αἰτίαν
2428 456 2569 525 μετά
2602 455 2697 510 τοῦ
2739 457 2956 528 Πατρὸς
2979 459 3079 528 τῆς
3130 456 3223 510 τοῦ
3276 454 3594 525 Πνεύματος

351 560 417 601 ea
484 560 592 616 qua
632 546 887 602 dominus
926 544 1097 615 pollet
1130 561 1238 616 prae
1262 562 1445 613 servo,
1481 548 1574 603 sed
1598 562 1723 603 cum
1759 556 1923 602 natu-

355 636 488 692 ralis
525 637 620 701 sit,
668 637 801 708 quid
858 639 1020 707 plane
1061 638 1210 692 aliud
1254 639 1384 705 erit,
1415 639 1520 695 nisi
1562 640 1709 711 quod
1751 640 1923 695 Filius

356 743 481 783 cum
518 728 677 784 Patre
723 729 795 784 sit
823 745 986 784 causa
1028 729 1340 801 bypostasis
1386 731 1624 801 Spiritus
1654 732 1831 787 sancti
1866 738 1923 787 et

356 816 594 881 simulei
626 817 864 885 Spiritus
882 827 1106 874 sanctus
1137 820 1211 874 sit
1228 821 1746 876 consubstantialis?
1768 821 1923 887 Quod

356 923 455 976 per
482 908 651 962 verba
688 908 777 962 illa
817 909 1079 977 majorem
1106 917 1157 964 et
1196 911 1454 980 aequalem
1483 927 1714 982 magnus
1745 912 1927 967 decla-

250 1028 253 1033 λ
355 1006 442 1050 rat
470 997 828 1060 Athanasius,
847 999 1004 1068 prius
1026 1014 1209 1054 causae
1237 999 1459 1062 rationi,
1490 1001 1767 1070 posterius
1794 1002 1924 1056 sub-

353 1088 569 1142 stantiae
599 1087 908 1143 clarissime
942 1088 1215 1144 tribuens.
1247 1089 1413 1144 Juxta
1439 1090 1560 1145 hac
1579 1105 1716 1145 vero
1738 1089 1923 1146 omnia

360 1179 463 1247 ipsi
511 1179 772 1235 doctores
826 1189 883 1235 et
932 1179 1381 1236 manifestissime
1436 1181 1626 1238 multis
1677 1182 1735 1237 in
1785 1182 1926 1238 locis

357 1285 582 1324 suorum
630 1270 926 1334 librorum,
957 1270 1181 1340 quando
1229 1272 1396 1326 etiam
1435 1271 1740 1328 secundum
1776 1273 1927 1343 ipsos

357 1362 557 1416 licebat
611 1361 819 1430 absque
872 1362 1330 1432 pusillanimitate
1394 1377 1518 1431 qua:
1588 1363 1924 1419 videbantur

355 1453 600 1520 edicere,
653 1454 743 1508 alii
779 1453 1002 1522 quidem
1040 1469 1106 1508 ex
1145 1454 1305 1509 Patre
1340 1468 1437 1523 per
1478 1449 1683 1508 Filium
1729 1468 1924 1524 proce-

344 1542 512 1615 dere,
544 1544 639 1598 alii
668 1558 735 1598 ex
765 1542 927 1597 Patre
967 1557 1066 1612 per
1095 1542 1294 1599 Filium
1325 1557 1447 1597 esse
1493 1542 1764 1612 Spiritum
1795 1558 1925 1599 san-

358 1644 508 1690 ctum
565 1634 964 1705 depraedicant.
1014 1633 1109 1689 alii
1157 1648 1290 1689 vero
1341 1635 1505 1688 etiam
1548 1649 1617 1689 ex
1670 1634 1830 1690 Patre
1868 1643 1927 1690 et

356 1726 518 1791 Filio,
555 1725 702 1796 quod
735 1740 867 1780 sane
910 1723 1058 1778 haud
1092 1724 1297 1778 frustra
1329 1722 1590 1778 dixerunt
1634 1737 1815 1794 neque
1851 1723 1925 1778 ita

355 1817 680 1887 simpliciter
718 1816 1102 1885 protulissent,
1148 1814 1195 1868 si
1245 1827 1357 1868 non
1404 1813 1713 1881 novissent,
1760 1814 1927 1868 etiam

361 1909 559 1964 Filium
596 1907 662 1961 ad
695 1921 817 1962 esse
848 1906 1088 1975 Spiritus
1135 1905 1312 1960 sancti
1345 1905 1553 1974 aliquid
1598 1919 1721 1959 cum
1767 1902 1929 1961 Patre

356 1999 635 2056 conferre.
666 1998 896 2065 Quando
945 1998 1132 2067 itaque
1175 2012 1299 2066 qua:
1333 1995 1596 2051 videntur
1639 1994 1929 2051 sententiae

361 2098 468 2144 tua:
496 2086 830 2159 patrocinari
866 2088 1117 2157 exponis,
1144 2094 1365 2157 oportet
1395 2095 1448 2141 te
1470 2086 1638 2142 etiam
1667 2086 1924 2153 aliorum,

357 2198 479 2253 quae
513 2198 544 2237 a
579 2181 899 2236 doctoribus
933 2181 1078 2236 dicta
1107 2187 1259 2242 sunt,
1296 2179 1613 2234 meminisse
1643 2187 1808 2248 atque
1835 2193 1928 2233 co-

358 2272 504 2333 nari.
548 2282 609 2326 ut
649 2279 844 2326 cuncta
892 2271 997 2326 sibi
1052 2269 1415 2325 consonantia
1471 2269 1753 2336 ostendas,
1815 2284 1927 2324 non

360 2379 489 2419 vero
537 2375 820 2435 segmenta
852 2378 916 2418 ac
971 2362 1210 2418 frustula
1250 2376 1320 2416 ex
1346 2377 1537 2417 eorum
1584 2362 1742 2417 libris
1778 2363 1929 2418 acci-

359 2457 599 2524 pientem
634 2456 844 2526 reliqua
894 2455 1036 2510 mala
1052 2447 1181 2509 arte
1213 2454 1577 2511 abscondere.
1609 2455 1742 2511 Illud
1776 2456 1924 2511 enim

352 2548 607 2618 magistri
641 2556 753 2610 est,
782 2547 887 2602 boe
916 2561 1049 2601 vero
1080 2546 1421 2616 impudentis
1457 2546 1720 2616 sophistas
1742 2562 1881 2617 Opus
1910 2565 1925 2613 ;

360 2638 497 2695 illud
549 2639 835 2694 veritatem
888 2639 1213 2703 scrutantis,
1250 2639 1357 2694 hoc
1385 2638 1578 2694 oculos
1614 2639 1928 2695 voluntarie

356 2742 550 2787 contra
587 2730 776 2785 lumen
810 2728 1179 2784 occludentis.
1228 2727 1434 2784 Verum
1462 2728 1837 2799 insipientiam
1873 2739 1931 2785 et

250 2839 270 2853 ·
361 2824 725 2895 nugacitatem
774 2821 981 2877 asseris
1026 2836 1173 2887 esse,
1230 2821 1444 2887 dicere,
1477 2836 1508 2875 a
1547 2823 1659 2877 Deo
1704 2822 1928 2892 quidem

361 2915 525 2971 Patre
553 2923 865 2970 creaturam
897 2913 1291 2998 cxsistentiam’
1326 2914 1554 2981 habere,
1580 2914 1926 2970 edormatam

359 3023 493 3062 vero
541 3015 598 3061 et
642 3013 892 3060 ornatam
925 3008 1048 3061 ωδε
1079 3020 1177 3075 per
1205 3005 1430 3068 Filium.
1478 3015 1532 3060 et
1585 3021 1928 3077 quaecunque

2024 547 2375 611 ὑποστάσεως
2407 545 2545 601 εἰναι
2574 549 2671 603 καὶ
2709 547 2829 619 ἅμα
2861 547 3149 618 ὀμοούσιον
3178 546 3328 618 αὒτῷ
3362 541 3504 600 εἶναι
3535 546 3593 598 τὸ

2027 636 2285 707 Πνεῦμας
2324 639 2390 691 ’0
2420 638 2509 693 διὰ
2536 638 2632 692 τοῦ
2654 637 2903 708 μείζονα
2932 639 3034 693 καί
3060 638 3201 693 ίσον
3228 640 3256 692 6
3295 638 3469 709 μέγας
3498 640 3592 707 δη-

2022 725 2107 779 λοτ
2159 727 2497 794 Ἀθανάσιος,
2539 730 2598 783 τὸ
2632 731 2736 800 μὲν
2780 728 2856 800 τῷ
2889 729 3070 800 αἰτίῳ,
3100 730 3161 783 τδ
3190 728 3246 783 δὲ
3273 730 3462 792 οὐσίας
3497 746 3597 783 σα-

2027 816 2269 885 φέστατα
2297 818 2603 883 ἀποδιδούς.
2658 820 2819 891 Παρά
2848 821 3029 875 πάντα
3057 820 3115 874 δὲ
3144 820 3320 873 ταῦτα
3362 821 3414 873 οί
3441 821 3597 873 αὐτοὶ

2025 909 2342 964 διδάσκαλοι
2396 910 2491 965 καὶ
2539 913 2858 981 σαφέστατα
2897 909 3168 981 πολλαχοῦ
3220 910 3329 963 τῶν
3382 910 3597 964 ἑαυτῶν

2024 999 2223 1069 λόγων,
2257 1001 2355 1055 ὅτε
2374 1002 2470 1055 καὶ
2501 1001 2627 1056 καθ’
2653 1003 2853 1066 αὐτοὺς
2881 1002 3009 1069 ἐξῆν
3036 1001 3165 1057 άνευ
3195 1001 3495 1072 ὑποστολῆς
3524 1002 3596 1055 τὰ

2024 1090 2289 1147 δοκοῦντα
2340 1093 2544 1163 λέγειν,
2579 1095 2630 1148 οἰ
2679 1093 2779 1164 μὲν
2819 1096 2883 1147 lx
2914 1093 3124 1162 Πατρδς
3159 1090 3230 1146 δι’
3261 1091 3392 1145 Υἰοῦ
3429 1092 3596 1146 ἐκπο-

2028 1182 2310 1254 ρεύεσθαι.
2346 1186 2395 1239 οἰ
2416 1185 2472 1239 δὲ
2498 1187 2562 1240 ἑκ
2595 1186 2808 1255 Πατρδς
2844 1185 2913 1240 δι’
2949 1185 3081 1239 Υἰοῦ
3109 1181 3250 1238 εἶναι
3278 1185 3339 1238 τὸ
3368 1184 3598 1254 Πνεῦμα

2028 1275 2369 1343 θεολογοῦσιν
2394 1292 2409 1308 ο
2446 1279 2497 1331 οἰ
2527 1277 2583 1331 δὲ
2613 1278 2675 1331 ἐκ
2705 1277 2921 1347 Πατρδς
2951 1276 3047 1330 καὶ
3073 1276 3228 1342 Υἱοῦ,
3258 1278 3358 1330 οὐκ
3380 1276 3445 1329 ἂν
3488 1276 3595 1344 μά-

2024 1374 2125 1437 την
2152 1369 2327 1422 ταῦτα
2358 1369 2641 1441 εἰρηκότες
2671 1370 2766 1424 καί¹
2815 1368 2989 1429 οὕτως
3019 1368 3211 1432 ἁπλῶς
3257 1368 3599 1438 ἀπορρίψαν-

2024 1473 2138 1524 τες,
2185 1460 2235 1512 εἰ
2271 1460 2346 1529 μή
2394 1476 2447 1513 τι
2484 1461 2578 1513 καὶ
2622 1460 2717 1514 τὸν
2748 1460 2883 1515 Υἰδν
2918 1460 3152 1532 ’ᾔδεισαν
3198 1460 3278 1529 τῷ
3328 1456 3467 1512 εἶναι
3497 1459 3596 1513 τοῦ

2027 1548 2170 1602 Πνεύ
2179 1566 2347 1619 ματος
2379 1550 2478 1605 σὺν
2502 1550 2581 1620 τῷ
2611 1550 2788 1621 Πατρὶ
2811 1551 3275 1620 συμϐαλλόμενον.
3303 1550 3470 1603 Ὅταν
3498 1546 3593 1603 οὖν

2026 1640 2095 1694 τὰ
2126 1639 2389 1696 δοκοῦντά
2416 1656 2511 1695 σου
2537 1643 2604 1710 τῇ
2635 1641 2762 1713 δόξῃ
2790 1645 3117 1714 συνηγορεῖν
3148 1641 3395 1711 ὲκτίθης,
3424 1642 3503 1694 δεῖ
3531 1656 3593 1693 σε

2028 1732 2257 1786 καὶτῶν
2289 1732 2466 1787 ἄλλων
2514 1734 2628 1797 τοίς
2655 1732 2999 1796 διδασκάλοις
3038 1733 3352 1804 εἰρημένων
3386 1732 3600 1801 μεμνῆο

2031 1823 2181 1890 σθαι,
2229 1823 2323 1877 καὶ
2354 1824 2532 1877 πάντα
2562 1826 2858 1895 πειρᾶσθαι
2907 1824 3176 1895 σύμφωνα
3232 1823 3404 1889 δεῖξαι
3437 1823 3602 1893 ἀλλη-

2028 1913 2161 1977 λοις.
2187 1914 2325 1968 ἀλλὰ
2356 1914 2432 1985 μὴ
2461 1914 2700 1985 τεμάχιά
2724 1932 2849 1970 τινα
2876 1916 2986 1970 τῶν
3013 1915 3234 1969 ἐκείνων
3259 1916 3436 1982 λόγων
3462 1915 3598 1967 ἀπο-

2028 2004 2378 2075 λαμϐάνοντα
2417 2009 2486 2061 τὰ
2516 2007 2680 2061 λοιπά
2725 2007 3057 2083 κακούργως
3117 2005 3592 2077 ἀποκρύπτεσθαι.

2041 2096 2248 2150 Ἐκεῖνο
2305 2097 2407 2169 μὲν
2457 2098 2568 2170 γάρ
2625 2098 2970 2165 διδασκάλου,
3026 2098 3183 2153 τοῦτο
3228 2097 3285 2151 δὲ
3339 2096 3596 2167 σοφιστοῦ

2028 2187 2385 2260 ἀναισχύντου
2417 2189 2577 2260 ἔργον
2601 2206 2616 2222 ο
2648 2192 2870 2245 κάκεῖνο
2900 2191 2999 2261 μὲν
3022 2193 3121 2262 τὴν
3155 2190 3411 2262 ἀλήθειαν
3442 2191 3597 2259 ἐρευ-

2030 2280 2248 2347 νῶντος,
2273 2281 2430 2334 τοῦτο
2452 2281 2495 2331 δ’
2515 2281 2694 2335 ἑκοντὶ
2722 2283 3073 2353 καμμύοντος
3095 2282 3169 2353 (Ι)
3195 2282 3332 2353 πρὸς
3368 2282 3430 2334 τὸ
3456 2280 3597 2349 φῶς.

2043 2371 2186 2424 Ἀλλ’
2230 2373 2547 2442 ἀδιανόητον
2597 2375 2694 2429 καὶ
2745 2372 3060 2446 ἀδολεσχίαν
3096 2374 3202 2447 φῂς
3234 2369 3396 2439 εἶναι,
3442 2376 3604 2443 παρὰ

2033 2464 2132 2536 μὲν
2152 2462 2246 2517 τοῦ
2269 2463 2406 2517 Θεοῦ
2434 2466 2527 2518 καὶ
2561 2465 2773 2536 Πατρὸς
2803 2465 3105 2533 ὑποστῆναι
3135 2465 3317 2534 λέγειν
3348 2464 3447 2534 τὴν
3480 2467 3605 2518 κτί-

2032 2575 2136 2623 σιν,
2190 2557 2533 2628 κεκοσμῆθαι
2578 2557 2635 2609 δὲ
2667 2557 2757 2611 διὰ
2789 2557 2882 2612 τοῦ
2928 2557 3081 2621 Υἱοῦ,
3129 2558 3224 2611 καὶ
3264 2559 3364 2612 ὃσα
3410 2559 3603 2622 ὃμοια.

2030 2648 2333 2721 Γρηγόριος
2357 2648 2413 2701 δὲ
2438 2651 2464 2702 ὁ
2494 2647 2751 2714 Θεολόγος
2783 2647 2864 2718 (οὗ
2898 2646 3094 2719 μικρόν
3118 2665 3172 2701 τι
3201 2647 3362 2701 πλέον
3392 2648 3607 2712 ἐκεῖνός

2031 2758 2094 2811 γε
2125 2742 2263 2812 ὑπὲρ
2296 2741 2392 2812 τὴν
2433 2740 2530 2810 σὴν
2557 2739 2953 2809 γραμματικὴν
2988 2738 3167 2802 εἰδὼς)
3215 2739 3314 2791 οὐκ
3345 2737 3609 2807 ἀδιανόη-

2028 2848 2122 2884 τον
2150 2830 2308 2884 τοῦτο
2354 2829 2465 2884 οὐδ’
2494 2829 2810 2899 ἀδολεσχίαν
2844 2829 3053 2900 ἡγήστο
3080 2845 3095 2860 ο
3135 2827 3328 2898 ὥσπερ
3369 2828 3476 2898 γὰρ
3523 2828 3616 2881 ετ-

2034 2938 2169 2993 ρηκε
2195 2920 2328 2975 Θεὸν
2358 2921 2417 2974 ὲν
2449 2922 2629 2992 τρισὶν
2662 2920 2915 2974 ἵστασθαι
2948 2922 3059 2979 τοῖς
3095 2919 3400 3000 μεγίστοις,
3435 2919 3609 2989 αἰτίῳ

2031 3011 2127 3065 καὶ
2155 3009 2469 3080 δημιουργῷ
2517 3012 2613 3064 καὶ
2661 3009 2999 3079 τελειοποιῷ,
3033 3011 3092 3063 ἐν
3141 3011 3318 3080 Πατρὶ
3363 3008 3455 3060 καὶ
3484 3007 3612 3079 Υῑῷ

360 3100 447 3154 bis
496 3099 722 3154 similia.
752 3097 1053 3167 Gregorius
1085 3107 1267 3154 autem
1302 3098 1619 3170 Theologus
1647 3098 1763 3169 (ille
1793 3114 1923 3155 sane

2029 3104 2119 3156 καὶ
2152 3102 2293 3173 ἁγίῳ
2322 3102 2600 3172 Πνεύματι
2627 3102 2726 3172 (2),
2756 3101 2930 3166 οὕτως
2952 3097 3109 3155 εἶπεν
3136 3103 3225 3166 ἂν,
3262 3103 3310 3154 εἰ
3333 3099 3479 3153 οὕτω
3505 3100 3613 3153 τὸν

357 3206 468 3247 non
522 3194 683 3260 paulo
718 3192 954 3255 doctior,
988 3192 1108 3261 plus
1141 3191 1349 3260 aliquid
1390 3193 1543 3247 novit
1574 3208 1740 3263 super
1775 3202 1923 3249 tuam

355 3282 802 3352 grammaticam)
832 3298 940 3336 non
968 3282 1344 3351 insipientiam
1385 3291 1442 3337 et
1470 3284 1839 3353 nugacitatem
1870 3283 1924 3338 id

352 3375 646 3443 reputavit.
670 3372 824 3428 Sicut
846 3375 991 3428 enim
1024 3374 1226 3428 dixerit
1250 3373 1415 3429 Deum
1449 3374 1505 3429 in
1544 3374 1721 3430 tribus
1745 3374 1924 3430 maxi-

357 3464 461 3517 mis
504 3472 671 3527 stare,
706 3479 897 3524 causa.
930 3464 1223 3518 conditore
1286 3475 1339 3519 et
1369 3475 1835 3531 consummatore,
1868 3466 1926 3520 in

340 3554 519 3610 Patre
546 3565 604 3609 et
629 3555 771 3623 Filio
791 3564 850 3610 et
890 3554 1100 3625 Spiritu
1134 3564 1354 3618 sancto.
1400 3558 1473 3611 ita
1509 3571 1642 3612 sane
1692 3556 1923 3622 diceret,

333 3646 404 3702 si
448 3647 597 3701 hunc
631 3646 686 3701 in
722 3648 948 3703 modum
987 3657 1271 3717 oporteret
1302 3664 1615 3705 sermonem
1654 3650 1924 3720 proferre,

363 3740 552 3793 mundi
598 3740 770 3794 Deum
817 3739 1034 3794 Patrem
1081 3755 1203 3795 esse
1232 3755 1479 3803 causam,
1512 3741 1709 3796 Filium
1742 3742 1931 3797 condi-

359 3830 560 3895 torem,
593 3830 862 3900 Spiritum
894 3839 1147 3887 sanctum
1185 3844 1687 3889 consummatorem
1713 3850 1728 3898 ;
1757 3849 1929 3903 quan-

357 3938 522 3992 quam
572 3938 696 3976 cum
731 3923 875 3978 idem
910 3923 1224 3994 significent
1259 3925 1376 3980 haec
1421 3927 1665 3990 nomina,
1701 3925 1929 3981 deduci-

357 4020 450 4067 tur
494 4014 621 4069 inde
674 4018 841 4070 etiam
900 4025 1011 4071 tres
1064 4032 1329 4086 personas
1374 4017 1539 4071 simul
1580 4032 1745 4071 unam
1802 4032 1926 4073 esse

367 4120 555 4160 rerum
586 4115 898 4161 creaturam
948 4122 1209 4172 causam;
1262 4106 1521 4175 quaslibet
1570 4109 1719 4162 enim
1767 4109 1928 4163 trium

365 4212 720 4267 personarum
754 4198 870 4253 ba‘c
907 4199 1092 4253 omnia
1137 4205 1245 4262 est,
1272 4197 1419 4268 quod
1453 4213 1521 4253 ne
1556 4198 1673 4268 ipse
1710 4201 1932 4268 quidem

358 4292 668 4359 negaveris,
697 4305 878 4359 neque
912 4290 1149 4344 alterum
1175 4287 1246 4343 ab
1281 4289 1458 4343 altero
1488 4300 1805 4345 removetur
1835 4307 1934 4363 per

356 4380 692 4436 divisionem
719 4395 910 4434 earum
967 4379 1395 4450 particularum,
1429 4387 1492 4435 ut
1517 4390 1574 4434 tu
1610 4381 1941 4449 somniaris,

360 4487 550 4527 verum
583 4472 768 4528 omnia
797 4472 1057 4528 omnibus
1085 4471 1472 4529 convenientia
1501 4473 1788 4544 quodlibet
1807 4475 1929 4530 eui-

359 4562 495 4617 libet
525 4579 886 4632 personarum
941 4565 1158 4629 tribuit,
1207 4564 1521 4621 rationibus
1551 4565 1814 4621 nimirum
1847 4565 1931 4623 di-

360 4652 558 4706 versis.
596 4652 712 4707 lloc
755 4668 887 4709 vero
942 4656 1122 4725 ipsum
1181 4657 1345 4711 etiam
1404 4655 1717 4724 exemplum
1774 4666 1929 4709 tuum

360 4757 553 4799 Versus
586 4746 749 4799 tinem
778 4746 1040 4812 ostendit,
1059 4762 1222 4818 quam
1250 4746 1630 4817 imprudenter
1654 4755 1711 4802 et
1736 4747 1929 4802 nescio

361 4851 468 4905 qua
502 4836 794 4893 inscientia
825 4837 897 4893 sit
927 4837 1241 4894 inductum.
1273 4836 1534 4908 Opinaris
1560 4838 1730 4900 enim,
1758 4854 1934 4907 quan-

360 4929 431 4980 do
481 4927 741 4992 dicimus,
797 4929 1149 4999 beneplacito
1202 4928 1381 4983 Patris
1434 4936 1491 4982 et
1544 4929 1933 4997 eooperatione

370 5018 611 5087 Spiritus
651 5024 827 5076 sancti
867 5021 1263 5076 incarnationis
1297 5020 1766 5089 dispensationem
1814 5036 1935 5077 esse

372 5110 597 5174 iactam,
632 5112 800 5168 verba
856 5113 970 5167 haec
998 5112 1226 5168 omnino
1258 5112 1484 5167 diﬂ‘erre
1513 5121 1570 5167 et
1599 5112 1831 5166 alterum
1864 5110 1935 5164 ab

368 5203 542 5257 altero
574 5204 821 5271 excludi;
856 5205 961 5260 hoc
992 5220 1122 5260 vero
1171 5204 1256 5284 ξ’θί
1296 5203 1539 5273 cogitare
1569 5202 1715 5258 absit
1742 5212 1933 5274 utpote

366 5294 780 5364 blaspltetnnm.
814 5297 948 5352 Nam
1004 5305 1062 5351 et
1114 5296 1354 5366 Spiritus
1385 5295 1561 5349 sancti
1590 5294 1935 5364 bencplacito

368 5384 731 5442 nihilominus
762 5403 927 5457 quam
967 5388 1146 5442 Patris
1174 5396 1230 5441 et
1276 5387 1444 5441 etiam
1478 5386 1649 5454 ipsius
1692 5386 1818 5441 Filii
1851 5387 1938 5441 in-

366 5481 708 5534 carnationis
742 5480 1064 5551 mysterium
1096 5480 1472 5548 dispensatum
1506 5487 1624 5544 est;
1683 5478 1814 5533 licet
1856 5489 1936 5534 ta-

371 5581 498 5623 tnen
526 5570 902 5628 dividentibus
930 5588 1029 5642 per
1053 5571 1352 5643 particulas
1382 5569 1764 5642 conjunctivas
1790 5570 1939 5627 dice-

436 5687 512 5760 “)
558 5686 704 5760 gon.
838 5689 944 5745 9'55
976 5690 1031 5755 Ii,
1066 5691 1391 5760 Κάμμύοντι

2025 3191 2182 3260 λόγον
2221 3190 2409 3261 ἰδέησε
2439 3193 2815 3261 προενεγκεῖν,
2847 3191 2942 3243 τοῦ
2974 3191 3177 3259 κόσμου
3206 3191 3298 3243 τὸν
3333 3190 3432 3259 μὲν
3462 3189 3611 3243 Θεὸν

2025 3284 2122 3337 καὶ
2153 3282 2371 3352 Πατέρα
2426 3278 2567 3336 εῖναι
2600 3283 2800 3347 αἰτίαν,
2845 3282 2936 3335 τὸν
2961 3282 3017 3335 δὲ
3067 3282 3192 3336 Υἰδν
3236 3282 3604 3351 δημιουργὸν,

2023 3372 2087 3426 τὸ
2116 3372 2173 3426 δὲ
2201 3372 2429 3443 Πνεῦμα
2458 3372 2790 3426 τελειοποιόν
2816 3387 2831 3402 ο
2854 3372 3032 3425 καίτοι
3054 3372 3115 3425 τδ
3144 3373 3275 3425 αὐτὸ
3299 3370 3408 3424 τῶν
3427 3371 3609 3440 τριῶν

2024 3464 2231 3518 τούτων
2286 3464 2659 3535 σημαινόντων
2706 3463 2990 3530 ὀνομάτων
3044 3464 3183 3516 κατά
3212 3478 3273 3531 γε
3306 3461 3365 3514 τὸ
3398 3461 3495 3515 καὶ
3526 3462 3609 3514 τά

2024 3556 2154 3624 τρία
2179 3554 2446 3624 πρόσωπα
2477 3552 2595 3624 ἃμα
2630 3553 2729 3608 ἕνα
2763 3555 2863 3624 τῆς
2909 3553 3140 3615 κτίσεως
3174 3554 3356 3606 αἰτίαν
3403 3547 3554 3605 εἶναι
3590 3571 3610 3588 ο

2027 3646 2205 3699 πάντα
2257 3647 2368 3714 γάρ
2396 3643 2630 3697 ἕκαστον
2683 3643 2791 3697 τῶν
2841 3643 3009 3714 τριῶν
3062 3642 3373 3710 προσώπων
3424 3643 3612 3709 ἐστὶν,

2028 3736 2165 3805 ὅπερ
2193 3733 2302 3787 οὐδ’
2333 3735 2399 3787 ἂν
2430 3734 2592 3798 αὐτὸς
2623 3736 2910 3806 ἀρνήσαιο,
2944 3734 3053 3787 οὐδ’
3087 3734 3405 3803 ἅφαιρείτκι
3434 3730 3619 3784 (M1:-

2032 3844 2125 3898 ρου
2159 3826 2386 3896 θάτερον
2422 3826 2511 3880 διὰ
2553 3827 2647 3881 τοῦ
2684 3827 2793 3880 τῶν
2842 3827 3158 3895 συνδέσμων
3205 3824 3412 3876 τούτων
3443 3840 3512 3891 με
3525 3840 3623 3893 ρι-

2032 3917 2194 3990 σμοῦ,
2217 3918 2292 3981 ὡς
2326 3918 2494 3982 αὐτὸς
2526 3918 2893 3989 ὀνειρώττεις,
2930 3917 3068 3969 ἀλλὰ
3095 3914 3273 3968 πάντα
3305 3915 3472 3967 πᾶσιν
3501 3914 3624 3982 ἁρ-

2034 4012 2268 4083 μόζοντα
2324 4011 2562 4064 ἕκαστον
2593 4010 2844 4073 ἑκάστοις
2899 4007 3194 4062 ἀποδίδωσι
3242 4006 3352 4058 τῶν
3386 4006 3622 4074 προσώ-

2032 4122 2173 4171 πων,
2209 4104 2387 4169 λόγοις
2419 4103 2620 4172 δηλαδή
2656 4102 2953 4172 διαφόροις.
2982 4100 3055 4152 Τὸ
3080 4100 3127 4152 δ’
3152 4100 3283 4152 αὐτὸ
3316 4099 3474 4150 τοῦτο
3507 4098 3624 4150 καὶ

2031 4197 2093 4250 τὸ
2122 4196 2212 4250 σὸν
2235 4195 2330 4248 ἐπὶ
2356 4193 2501 4247 τέλει
2530 4193 2775 4246 δείκνυσι
2803 4193 3161 4262 παράδειγμα
3188 4190 3265 4253 ὼς
3300 4189 3629 4259 ἀπερισκέ-

2033 4305 2203 4353 πτως,
2229 4287 2325 4340 καὶ
2355 4287 2456 4339 οὐκ
2476 4282 2572 4338 οἷδ’
2597 4284 2744 4346 ὅπως
2770 4283 2998 4354 ἀμαθῶς
3022 4282 3294 4351 εἰσαχθέν.
3323 4281 3438 4333 Οἴει
3470 4284 3631 4351 rip,

2034 4381 2109 4444 ὡς
2137 4383 2262 4435 ὅταν
2286 4378 2558 4448 λέγωμεν,
2591 4377 2810 4445 εὐδοκία
2827 4375 2922 4429 τοῦ
2951 4376 3165 4445 [ἰατρὸς
3190 4378 3282 4427 καὶ
3308 4375 3634 4445 συιιεργείίι

2035 4471 2130 4526 τοῦ
2163 4470 2482 4537 Πνεύματος
2517 4467 2612 4537 τὴν
2659 4468 2973 4536 οἰκονομίαν
3008 4466 3104 4536 τῆς
3138 4462 3468 4536 σαρκῶσεως
3517 4481 3641 4533 γε-

2036 4563 2248 4629 νέσθαι,
2278 4561 2558 4630 διαφέρειν
2593 4576 2652 4612 τε
2684 4559 2750 4612 τὰ
2791 4560 3015 4629 ῥήματα
3045 4556 3215 4610 ταῦτα
3249 4556 3347 4608 καὶ
3372 4556 3637 4625 θάτερον

2036 4655 2396 4728 ἀφαιρεῖσθαι
2430 4653 2663 4723 θατέρου
2690 4668 2703 4682 ο
2730 4650 2891 4704 τοῦτο
2919 4651 2975 4703 δὲ
3031 4653 3126 4703 καὶ
3174 4647 3425 4718 ἐννοῆσαι
3471 4648 3641 4714 γοῦν

2038 4749 2205 4819 ἀπείη
2232 4746 2308 4810 ὡς
2336 4746 2680 4818 βλάσφημον.
2717 4746 2827 4798 Καὶ
2876 4743 2986 4815 γὰρ
3018 4744 3113 4796 καὶ
3142 4742 3237 4795 τοῦ
3287 4740 3643 4809 Πνεῦματος

2031 4840 2252 4911 εὐδοκία
2302 4837 2458 4891 οὐδὲν
2492 4832 2652 4908 ἦττον
2682 4835 2756 4900 ὡς
2787 4835 2881 4889 τοῦ
2916 4836 3127 4904 Harpe;
3174 4833 3268 4887 καὶ
3312 4833 3392 4885 ἔτι
3435 4832 3641 4888 αὐτοῦ

2031 4933 2128 4988 τοῦ
2156 4932 2283 4985 Υίοῦ
2312 4931 2371 4985 τδ
2394 4930 2495 5001 τῆς
2528 4928 2856 4999 σαρκώσεως
2881 4929 3180 4998 μυστήριον
3210 4925 3581 4996 ᾠκονόμηται
3616 4943 3636 4957 ’

2033 5025 2212 5088 ἔξεστι
2236 5024 2293 5077 δὲ
2323 5025 2473 5092 ὅμως
2524 5019 2798 5091 διαιροῦσι
2828 5021 2917 5073 διά
2953 5019 3065 5073 τῶν
3106 5019 3418 5086 συνδέσμων
3451 5018 3646 5073 εὐδο-

2035 5118 2130 5187 κίᾳ
2161 5116 2262 5186 μὲν
2288 5115 2381 5167 τοῦ
2414 5113 2624 5184 Πατρδς
2658 5112 2860 5178 λέγειν,
2902 5114 3191 5183 συνεργεία
3224 5110 3281 5163 δὲ
3306 5108 3398 5162 τοῦ
3432 5110 3644 5164 [1νεῦ-

2036 5225 2208 5280 ματος
2260 5206 2565 5275 γεγονέναι.
2609 5205 2820 5274 Ὠσπερ
2873 5201 3003 5275 γοῦν
3047 5202 3140 5255 ἐπὶ
3191 5200 3420 5263 τούτων,
3457 5198 3650 5255 οὕτω

2031 5302 2170 5357 κάπὶ
2215 5300 2322 5354 τῶν
2353 5298 2766 5369 προκειμένων·
2803 5298 2851 5351 εἰ
2903 5297 2996 5350 καὶ
3044 5296 3156 5358 τοῖς
3188 5294 3524 5361 συνδέσμοις
3570 5298 3647 5350 οἰ.

2032 5387 2345 5444 διδάσκαλοι
2378 5387 2650 5459 διαιροῦσι
2678 5388 2767 5441 τὸν
2794 5385 2972 5456 λόγον,
3001 5386 3102 5440 οὐκ
3134 5384 3262 5439 ἄλλο
3288 5384 3468 5454 μέντοι
3507 5399 3563 5438 κ
3590 5388 3650 5441 εὶ

2037 5480 2165 5536 ἄλλο
2194 5480 2372 5550 πάντη
2409 5483 2564 5550 φασὶ,
2599 5481 2738 5548 πλὴν
2767 5480 2892 5534 ὅσον
2915 5481 3006 5533 τὸν
3042 5479 3141 5550 μὲν
3179 5475 3400 5546 Πατέρα
3433 5476 3659 5547 ἀρχο-

2037 5574 2155 5643 ειδῆ
2190 5575 2284 5627 καὶ
2334 5572 2559 5646 πρώτην
2590 5572 2791 5643 αἰτίαν,
2844 5571 2934 5628 τὸν
2966 5570 3023 5626 δὲ
3069 5571 3195 5626 Υἰὺν
3223 5569 3428 5625 ἐκεῖθεν
3454 5564 3660 5641 ἒχειν

444 5756 518 5826 l2)
552 5756 712 5826 Grcg.
750 5757 878 5816 Naz.
913 5771 1051 5815 orat.
1088 5756 1176 5827 2i,
1202 5756 1247 5831 ιι.
1298 5762 1391 5815 1‘18
1417 5758 1501 5817 cd.
1568 5759 1689 5816 Bill.
1755 5762 1922 5833 (nunc
1959 5769 2040 5820 est
2072 5767 2213 5817 orat.
2240 5756 2354 5828 5i.)
