3900 6216
379 351 479 413 133
615 403 627 415 .
1411 309 1415 314 ’
1739 353 1919 413 msss

2074 353 2248 412 DNIS
3515 349 3614 413 184

372 465 428 517 in
460 463 769 534 Evangeliis
819 466 994 520 solum
1082 482 1270 522 verum
1317 468 1485 523 Deum
1527 469 1743 523 Patrem
1785 482 1912 523 suum

2079 468 2158 528 οἷς
2185 463 2536 534 Εὑαγγελίοις
2593 460 2755 534 μόνον
2810 460 3067 533 ἀληθινὸν
3099 461 3231 515 Θεὸν
3256 461 3333 530 (l)
3361 462 3454 516 τὸν
3489 465 3617 518 ho-

376 563 667 610 vocaverat
691 555 952 610 Dominus
984 556 1148 626 (dixit
1187 558 1334 612 enim
1372 558 1480 613 :Ut
1531 565 1850 627 cognoscant
1895 567 1912 611 t

2080 558 2142 612 οῦ
2177 557 2396 626 Πατέρα
2420 555 2556 626 φησὶ
2582 555 2752 625 (λέγει
2780 554 2892 624 γάρ
2915 570 2931 587 ⁸
2968 554 3105 610 Ἵνα
3140 553 3486 624 τινώσκωσί
3521 571 3617 622 σε,

378 643 553 698 solum
579 644 740 698 Deum
771 661 950 698 verum
973 656 1021 700 et
1044 663 1197 716 quem
1222 650 1407 702 misisti
1430 649 1611 703 Jesunt
1632 649 1918 717 Christum)

2085 651 2155 704 ὸν
2199 652 2395 719 μόνον
2434 647 2732 716 ἀληθινὸν
2767 645 2933 700 ίθεὸν
2981 647 3084 700 καὶ
3130 649 3204 700 ὃν
3253 647 3624 714 ἀπέστειλας

377 751 448 789 ne
497 735 850 789 viderelnr'a
898 752 1025 790 vera
1073 737 1280 792 deitate
1331 741 1574 809 seipsum
1627 740 1917 796 excludere

2084 742 2308 810 ιησοῢν
2346 740 2625 811 Χριστὸν)
2659 740 2759 813 (2).
2791 740 2881 794 ἵνα
2926 739 3001 810 μὴ
3043 741 3170 811 δόξῃ
3208 739 3311 810 τῆς
3359 741 3624 811 ἀληθινῆς

379 825 517 896 ipse,
552 825 642 893 qui
685 826 802 879 lucc
835 828 1155 897 scripserat,
1215 830 1456 884 Joannes
1487 832 1542 884 in
1589 829 1846 900 Epistolis
1879 830 1919 884 di

2086 833 2302 904 εόεητος
2339 832 2532 886 ἑαυτὸν
2577 830 2882 902 ἀφορίζειν,
2917 831 3084 893 αὐτὸς
3119 832 3147 884 6
3190 829 3365 885 ταῦτα
3403 833 3624 902 γράψας

380 916 514 970 Filio
538 916 612 970 ait
643 934 656 970 :
682 917 778 970 llic
809 925 881 971 cst
904 936 1055 973 verus
1081 920 1217 974 Deus
1244 929 1292 974 et
1316 923 1423 975 vita
1451 930 1673 976 trterna.
1703 923 1920 976 Rursun

2082 923 2321 992 Ῑωάννης
2370 923 2428 974 ὲν
2469 923 2535 992 τῇ
2588 921 2878 993 Ἐπιστολῇ
2929 922 3062 992 περὶ
3083 922 3178 978 τοῦ
3221 921 3354 975 Υἱοῦ
3411 940 3622 990 φησιν’

379 1009 636 1072 quoniam
675 1010 910 1078 Spiritus
943 1010 1117 1065 Patris
1150 1011 1351 1067 dicitur
1381 1015 1684 1069 secundum
1727 1023 1919 1069 natura

2085 1009 2246 1079 νῦτός
2280 1013 2452 1066 ἐστιν
2481 1015 2514 1066 ὁ
2559 1011 2846 1079 ἀληθινὸς
2874 1011 3021 1076 Θεὸς
3063 1012 3162 1065 καὶ
3199 1013 3236 1080 ἠ
3267 1011 3378 1080 ζωὴ
3405 1013 3444 1081 ἡ
3488 1012 3625 1067 alti:-

381 1098 485 1152 lcm
521 1100 900 1170 cognationem
947 1111 1003 1156 et
1043 1102 1422 1164 donationem.
1471 1120 1592 1174 quae
1625 1113 1707 1159 est
1739 1104 1806 1159 ad
1847 1121 1919 1159 no

2088 1123 2180 1171 ἰος
2211 1106 2310 1175 (5).
2343 1105 2516 1159 Πάλιν
2571 1105 2763 1175 ἐπειδὴ
2792 1105 2854 1158 τὸ
2884 1105 3112 1175 Πνεῦμα
3150 1103 3246 1158 τοῦ
3291 1105 3508 1174 [ἰατρὸς
3538 1105 3628 1158 1&-

379 1189 539 1257 (dicit
572 1193 718 1246 enim
757 1211 769 1245 :
817 1191 938 1248 Non
969 1195 1105 1249 enim
1135 1213 1223 1250 vos
1261 1198 1384 1250 estis
1415 1198 1504 1267 qui
1538 1196 1832 1266 loquimini,
1860 1214 1919 1252 se.

2095 1215 2212 1250 εται
2243 1199 2388 1251 κατὰ
2423 1197 2522 1266 τὴν
2575 1196 2816 1266 φυσικὴν
2863 1196 3146 1250 οἱκείωσιν
3192 1194 3285 1249 καὶ
3336 1197 3436 1266 τὴν
3486 1201 3631 1266 πρὸς

380 1281 607 1351 Spiritus
635 1284 813 1338 Patris
844 1289 1019 1352 vestri,
1051 1288 1140 1358 qui
1162 1289 1394 1360 loquitur
1417 1291 1470 1344 in
1495 1291 1677 1360 vobis).
1702 1307 1771 1345 ne
1797 1290 1920 1347 vide

2097 1290 2203 1357 μᾶς
2233 1289 2445 1358 δωρεὰν
2475 1288 2646 1358 (λέγει
2681 1288 2824 1357 γάρ’
2863 1290 2985 1342 Οὐκ
3023 1287 3168 1342 ἐστὲ
3213 1286 3380 1357 ὑμεῖς
3416 1289 3473 1341 ol
3523 1290 3632 1343 λα-

381 1374 605 1428 deretur
635 1391 663 1429 a
688 1377 824 1431 Filio
852 1377 1066 1435 alienus
1097 1395 1220 1435 esse
1247 1391 1303 1435 et
1322 1397 1430 1435 non
1459 1382 1576 1451 pari
1608 1382 1771 1438 modo
1788 1383 1921 1438 etiam

2093 1378 2331 1444 οῦντες.
2355 1379 2516 1433 ἀλλὰ
2549 1379 2616 1432 τὸ
2647 1377 2890 1448 Πνεῦμα
2921 1379 3028 1433 τοῦ
3069 1379 3297 1448 Πατρός
3342 1377 3513 1446 ὑμῶν
3561 1378 3633 1433 τὸ

382 1480 410 1519 a
438 1464 574 1519 Filio
598 1466 739 1533 dari,
761 1467 999 1538 Spiritus
1025 1487 1244 1542 quoque
1265 1471 1391 1526 Filii
1415 1474 1638 1527 dicitur.
1657 1474 1920 1542 Apostolu

2098 1469 2288 1524 αλοῦν
2319 1469 2389 1523 ἐν
2424 1468 2585 1539 ὑμῖν)
2617 1469 2714 1540 (4),
2747 1469 2834 1523 ἵνα
2885 1469 2962 1539 μὴ
2993 1469 3122 1541 δόξῃ
3178 1468 3272 1522 τοῦ
3305 1468 3435 1522 Υἱοῦ
3475 1468 3634 1523 ἀλλο·

382 1556 554 1620 enim.
585 1557 725 1612 Misit
751 1559 904 1625 Deus.
942 1563 1142 1634 inquit.
1169 1563 1426 1634 Spiritum
1449 1563 1582 1619 Filii
1603 1567 1687 1620 sui
1713 1568 1765 1620 in
1797 1567 1921 1620 card

2095 1577 2208 1629 ριον
2259 1556 2422 1625 εἶναι,
2455 1561 2657 1630 καὶμὴ
2709 1559 2913 1630 ὁμοίως
2950 1562 3048 1614 καὶ
3093 1559 3226 1630 παρ’
3270 1559 3439 1613 αὐτοῦ
3492 1559 3627 1613 δίδο-

383 1659 582 1703 vestra.
619 1649 676 1706 Si
721 1651 887 1720 igitur
911 1655 1073 1710 etiam
1100 1670 1204 1710 vox
1242 1656 1355 1721 illa,
1384 1672 1491 1726 qua
1523 1658 1660 1712 dixit
1699 1673 1767 1712 ex
1797 1657 1923 1713 Patr

2095 1653 2206 1719 θαι,
2232 1652 2458 1723 Πνεῦμα
2491 1652 2586 1708 καὶ
2629 1652 2723 1706 τοῦ
2761 1652 2891 1706 Υἱοῦ
2943 1651 3195 1720 λέγεταιο
3234 1650 3384 1719 λέγει
3430 1653 3537 1720 γὰρ
3601 1653 3630 1704 6

385 1737 686 1807 procedere
730 1740 995 1810 Spiritum
1036 1754 1284 1799 sanctum
1325 1745 1595 1814 ejusmodi
1636 1746 1850 1814 fuisset,
1898 1763 1925 1801 u

2093 1745 2430 1807 Απὸστολος·
2477 1742 2945 1808 Ἐξαπέστειλεν
2994 1744 3027 1796 ό
3074 1741 3218 1807 Θεὸς
3268 1741 3335 1794 t6
3382 1739 3633 1810 Πνεῦμα

387 1845 512 1883 cum
539 1831 702 1885 etiam
734 1848 800 1886 ex
831 1834 968 1888 Filio
1009 1836 1308 1905 procedere
1357 1847 1502 1891 esset
1537 1837 1924 1908 subintelligen

2097 1837 2168 1891 οὗ
2221 1837 2357 1890 me
2399 1835 2589 1889 αὑτοῦ
2625 1837 2714 1900 εἰς
2777 1835 2885 1900 τὰς
2931 1833 3180 1904 καρδίας
3231 1833 3400 1904 ὑμῶν
3430 1834 3530 1904 (5).
3571 1832 3635 1886 Et

390 1919 542 1984 dum,
576 1937 684 1975 non
711 1923 989 1980 omisisset
1016 1925 1070 1979 in
1101 1926 1224 1980 aliis
1255 1925 1308 1980 id
1333 1925 1553 1982 edicere
1574 1936 1630 1983 et
1649 1928 1930 1984 rectiticari

2095 1929 2241 1983 οίνυν
2269 1929 2364 1982 καὶ
2393 1927 2454 1980 τὸ
2483 1927 2544 1979 ὲκ
2568 1926 2664 1979 τοῦ
2701 1926 2914 1996 Πατρὸς
2949 1925 3349 1993 ἐκπορεύεσθαι
3389 1925 3635 1979 τοιοῦτον

391 2009 480 2064 ille
514 2011 604 2081 qui
640 2012 923 2069 hominum
954 2015 1184 2070 salutem
1229 2014 1368 2071 adeo
1411 2017 1562 2072 cordi
1610 2017 1824 2082 habuit.
1863 2034 1931 2074 se:

2097 2038 2152 2089 ,v.
2188 2019 2264 2083 ὡς
2307 2017 2746 2073 συνεπινοεῖσθαι
2790 2019 2887 2072 καὶ
2928 2018 2994 2070 ἐκ
3037 2016 3132 2070 τοῦ
3170 2015 3304 2069 Υἱοῦ
3336 2016 3637 2086 ἐκπορεύε-

389 2100 475 2156 vel
516 2118 612 2171 per
634 2105 876 2172 seipsum
910 2109 1138 2164 omnino
1169 2109 1252 2164 vel
1283 2125 1380 2178 per
1409 2126 1539 2165 suos
1569 2111 1873 2181 discipulos
1907 2113 1929 2166 ἱι

2102 2114 2213 2177 θαι,
2241 2112 2342 2165 οὐκ
2373 2112 2439 2165 ἂν
2471 2108 2798 2180 παρέλειψεν
2827 2109 2884 2162 ἐν
2918 2109 3128 2179 ἑτέροις
3157 2109 3332 2161 εἰπεῖν
3361 2106 3519 2160 τοῦτο
3539 2105 3637 2160 καὶ

397 2193 688 2263 perspicue
723 2198 1066 2254 revelaturus
1101 2211 1240 2256 erat.
1283 2202 1549 2267 Quoniam
1585 2218 1718 2258 vero
1759 2203 1809 2258 id
1851 2219 1937 2258 nol

2100 2201 2359 2272 ιορθῶσαι
2396 2202 2424 2253 6
2456 2197 2556 2272 τῆς
2589 2198 2699 2252 τῶν
2746 2196 3053 2270 ἀνθρώπων
3101 2198 3402 2268 κηδόμενος
3456 2213 3639 2266 σωτη·

393 2284 552 2348 dixit.
586 2296 755 2354 patet,
778 2305 901 2344 eum
935 2291 988 2344 id
1015 2307 1123 2346 non
1154 2293 1383 2357 dixisse,
1411 2295 1540 2364 quia
1580 2311 1688 2348 non
1720 2295 1795 2350 ita
1839 2294 1933 2351 fuit

2099 2295 2222 2356 υἷας,
2251 2294 2364 2347 ἀλλ’
2390 2294 2424 2365 ἢ
2449 2292 2515 2346 δι’
2537 2291 2732 2366 ἑαυτοῦ
2761 2291 3035 2362 πάντωςῆ
3071 2291 3160 2344 διὰ
3184 2290 3294 2344 τῶν
3324 2286 3492 2342 αὑτοῦ
3531 2305 3639 2350 μα-

387 2373 684 2444 Propterea
718 2377 1086 2437 Damascenus
1114 2382 1353 2438 Joannes
1392 2384 1469 2440 ait
1506 2401 1520 2439 :
1550 2383 1808 2453 Spiritum
1836 2383 1924 2439 νει

2107 2385 2252 2454 ητῶν
2279 2383 2473 2454 ἔμελλε
2496 2376 2652 2436 ἐοῦτο
2685 2382 2872 2451 σαφῶς
2894 2381 3252 2450 ἐκκαλύψειν.
3270 2381 3426 2434 Ἐπεὶ
3451 2379 3506 2432 δὲ
3539 2379 3640 2431 οὐκ

390 2466 637 2534 dicimus,
673 2487 739 2525 ex
763 2472 899 2526 Filio
930 2483 1108 2528 autem
1142 2492 1244 2529 non
1278 2476 1525 2532 dicimus.
1556 2477 1622 2532 Et
1644 2478 1800 2532 divus
1821 2480 1930 2548 Aps

2103 2476 2283 2546 τρηκε,
2330 2475 2506 2544 δῆλον,
2537 2473 2610 2537 ὡς
2638 2473 2698 2527 τὺ
2734 2473 2808 2544 μὴ
2838 2472 2898 2526 ὃν
2925 2474 3028 2526 οὐκ
3064 2474 3279 2542 εῐρηκε.
3329 2470 3430 2524 Διά
3480 2467 3643 2523 τοῦτο

389 2560 565 2614 stolus
584 2561 659 2616 ait
694 2582 709 2618 :
738 2563 967 2621 Etiamsi
991 2564 1211 2636 angelus
1235 2565 1298 2620 de
1317 2566 1443 2620 caelo
1472 2567 1792 2638 evangelizet
1817 2569 1929 2623 vobi

2121 2566 2477 2636 Δαμασκηνὸς
2493 2567 2745 2635 Ἰωάννης
2765 2564 2918 2635 φησι·
2941 2564 3183 2634 Πνεῦμα
3206 2562 3339 2618 Υίοῦ
3358 2561 3638 2631 λέγομεν,

390 2658 583 2714 ρνανιετ
609 2651 664 2703 id
691 2653 827 2721 quod
849 2655 1136 2723 accepistis,
1173 2657 1457 2710 anathema
1486 2659 1574 2711 sit.

2102 2677 2133 2714 κ
2175 2660 2281 2714 τοῦ
2336 2658 2471 2711 Υῐοῦ
2508 2657 2578 2710 δὲ
2630 2657 2703 2711 οὺ
2741 2656 2999 2724 λέγομεν
3028 2653 3127 2727 (6).
3169 2653 3228 2708 Ὀ
3267 2654 3324 2707 δὲ
3357 2653 3497 2716 θεῖός
3537 2669 3642 2722 φη-

393 2753 478 2791 σιν
492 2741 808 2808 Ἀπόστολος
829 2761 844 2777 ο
887 2745 1013 2800 Κᾶν
1033 2747 1289 2818 ἄγγελος
1311 2748 1380 2813 ἐξ
1407 2750 1668 2817 οὐρανοῦ
1697 2751 2162 2822 εὐαγγελίσηται
2190 2750 2348 2822 ὑμᾶς
2369 2750 2506 2819 παρ’
2537 2749 2568 2804 ὃ
2595 2748 2984 2818 παρελάϐετε,
3007 2746 3278 2816 ἀνάθεμα
3314 2744 3472 2800 ἔστω
3532 2741 3640 2812 (7).

841 2859 1129 2918 SAPIENS
1163 2862 1392 2920 NICIEN
1403 2865 1440 2922 U
1453 2864 1510 2920 S.

2491 2863 2631 2918 ΤΟΥ
2656 2862 2877 2918 ΣΟΦΟΥ
2905 2861 3216 2916 ΝΙΚΑΙΑΣ.

464 2971 534 3026 At
579 2971 724 3027 enim
761 2989 892 3029 vero
931 2983 988 3030 et
1030 2974 1118 3030 hic
1164 2977 1404 3046 providit
1444 2976 1685 3046 Spiritus
1739 2986 1964 3036 sanctus

2141 2981 2252 3034 Καὶ
2282 2979 2391 3051 μὴν
2419 2979 2512 3032 καὶ
2548 2977 2786 3032 ἐνταῦθα
2832 2976 3208 3048 προύνοήσατο
3229 2975 3293 3028 τὸ
3327 2972 3554 3044 Πνεῦμα
3580 2975 3645 3028 τὸ

393 3071 450 3121 ct
489 3078 605 3128 eos.
647 3064 742 3127 qui
777 3069 887 3120 non
918 3080 1143 3135 prorsus
1167 3067 1496 3138 insipientes
1518 3078 1669 3136 sunt,
1703 3071 1811 3142 jam
1837 3082 1930 3126 ant

2111 3089 2251 3140 γιον,
2283 3071 2382 3124 καὶ⁵
2405 3069 2530 3133 τοὺς
2559 3069 2634 3140 μὴ
2674 3069 2819 3122 πάνυ
2867 3085 2950 3121 τοι
2991 3067 3318 3136 ἀγνώμονας
3351 3083 3648 3136 προησφα-

393 3156 770 3226 praemunivit,
800 3157 965 3212 modo
987 3157 1254 3228 Spiritum
1281 3159 1401 3214 Filii
1431 3170 1486 3215 ct
1516 3161 1809 3232 imaginem
1841 3163 1933 3218 Fili

2107 3165 2278 3227 ίσατο,
2317 3162 2476 3216 τοῦτο
2539 3163 2638 3230 μὲν
2674 3161 2898 3230 Πνεῦμα
2946 3159 3086 3228 Υἱοῦ.
3130 3159 3221 3210 καὶ
3272 3158 3458 3211 εἰκόνα
3507 3157 3647 3212 Υἱοῦ

396 3249 639 3316 seipsum
675 3265 903 3315 vocans.
942 3249 1106 3306 modo
1129 3265 1195 3306 ex
1238 3251 1378 3306 Filio
1413 3252 1576 3318 mitti,
1607 3269 1673 3309 ex
1710 3255 1847 3309 Filio
1880 3257 1935 3310 in

2103 3255 2228 3309 αυτὸ
2257 3254 2554 3321 ὀνομάσαν,
2601 3251 2764 3305 τοῦτο
2805 3251 2862 3302 δὲ
2894 3251 2956 3301 ὲκ
2990 3249 3086 3301 τοῦ
3134 3247 3266 3301 Υἰοῦ
3299 3246 3643 3317 πέμπεσθαι,

397 3339 625 3407 saluari,
658 3355 722 3396 ex
751 3341 888 3396 Filio
921 3343 1172 3414 accipere
1193 3352 1250 3398 et
1280 3359 1620 3415 quotcunque
1665 3346 1746 3402 his
1768 3347 1930 3402 simili

2110 3364 2130 3399 ι
2159 3345 2253 3398 τοῦ
2297 3344 2425 3413 Υἰοῦ
2468 3342 2842 3414 ὲμφυσᾶσθαι,
2891 3342 2954 3393 ὲκ
2996 3339 3091 3392 τοῦ
3137 3339 3268 3393 Υἱοῦ
3314 3338 3650 3408 λαμϐάνειν,

397 3436 716 3490 euuntians.
765 3436 892 3490 Haec
917 3437 1062 3491 enim
1107 3438 1292 3492 omnia
1338 3439 1403 3493 iis
1433 3439 1528 3510 qui
1561 3448 1707 3494 recta
1745 3447 1802 3495 et
1835 3455 1930 3495 san

2114 3437 2162 3489 ιὶ
2193 3435 2292 3489 ὅσα
2317 3433 2564 3489 τοιαῦτα.
2590 3432 2777 3486 Πάντα
2803 3429 2912 3499 γὰρ
2944 3426 3120 3483 ταῦτα
3149 3431 3260 3492 τοῖς
3279 3427 3654 3497 εὐγνωμόνως

400 3537 584 3584 mente
607 3527 841 3584 audiunt
877 3544 976 3598 per
1007 3530 1310 3607 aliaverba
1345 3530 1488 3586 idem
1537 3531 1875 3602 signiﬁcant,
1905 3547 1940 3584 at

2116 3525 2332 3578 κούουσι
2361 3523 2428 3576 δι’
2465 3521 2640 3576 ἄλλων
2677 3520 2937 3593 ῥημάτων
2967 3517 3135 3571 ταυτὸ
3165 3517 3445 3589 σημαίνει,
3480 3515 3556 3578 ὡς
3579 3515 3656 3569 ἂν

401 3626 446 3677 si
489 3623 702 3678 diceret
743 3638 808 3678 ex
845 3622 988 3677 Filio
1025 3638 1084 3678 se
1133 3624 1454 3693 procedere,
1506 3623 1941 3694 quemadmodun

2115 3626 2118 3667 μ
2146 3617 2330 3684 ἔλεγεν
2361 3615 2420 3680 ἐξ
2450 3615 2580 3668 Υἱοῦ
2609 3610 3030 3683 ἐκπορεύεσθαι,
3069 3608 3145 3672 ὼς
3172 3611 3230 3662 ὲν
3272 3608 3461 3670 ἄλλοις
3509 3606 3655 3659 πολ-

400 3713 531 3769 alibi
582 3723 696 3768 tum
747 3713 907 3768 multi
953 3714 1046 3768 alii
1076 3713 1393 3768 divinarum
1441 3731 1623 3769 rerum
1653 3715 1806 3785 gnari
1855 3725 1940 3770 tun

2119 3709 2184 3770 ›ἶς
2212 3722 2271 3758 τε
2300 3705 2482 3767 ἄλλοις
2513 3704 2583 3757 τὰ
2617 3702 2738 3756 θεῖα
2770 3703 2956 3770 σοφοῖς
2984 3700 3078 3752 καὶ
3110 3697 3175 3767 δὴ
3211 3699 3304 3751 καὶ
3333 3697 3467 3767 ἡμῖν
3505 3695 3659 3749 πλα-

402 3820 506 3858 nos
534 3803 636 3873 ipsi
666 3803 928 3872 prolixius
949 3801 1469 3859 demonstravimus.
1500 3804 1592 3858 llla
1614 3819 1743 3858 vero
1767 3805 1933 3858 verba

2120 3795 2294 3866 itepov
2319 3795 2610 3849 δέδεικται.
2645 3792 2718 3845 Τὸ
2761 3791 2838 3856 δὲ,
2881 3791 2946 3844 '0
2999 3788 3273 3858 ἑωρακὼς
3301 3786 3403 3856 ἐμὲ
3425 3787 3660 3854 ἑώρακε

403 3897 508 3961 Qui
533 3897 654 3949 vidit
683 3911 784 3958 me.
817 3896 945 3949 vidit
975 3906 1020 3948 et
1044 3892 1300 3959 Patrem;
1326 3903 1381 3950 et
1404 3912 1418 3949 :
1441 3894 1635 3950 Omnia
1655 3911 1938 3964 qumcunqn

2118 3889 2179 3942 ὗν
2209 3887 2462 3956 Πατέρα,
2489 3887 2586 3939 καὶ
2605 3884 2686 3950 τὸ,
2709 3883 2913 3937 Πάντα
2933 3882 3051 3934 ὅσα
3081 3881 3206 3949 ἔχει
3235 3883 3268 3934 ό
3295 3878 3521 3946 Πατὴρ,
3547 3878 3658 3932 καὶ

401 3987 558 4042 habet
584 3986 748 4041 Pater
773 4003 881 4042 esse
915 3985 1062 4051 Filii,
1099 3995 1156 4041 et
1181 3987 1394 4058 gladius
1423 3988 1513 4042 ille
1543 3986 1597 4041 in
1644 3986 1941 4057 Apocalyps

2123 3979 2176 4033 at”:
2203 3979 2337 4034 Υίοῦ
2368 3976 2544 4043 εῖναι,
2573 3979 2606 4046 ἠ
2639 3975 2695 4029 δὲ
2733 3978 2883 4046 παρὰ
2937 3976 3004 4045 τῇ
3050 3971 3420 4039 Ἀποκαλύψει
3443 3969 3663 4022 δίστο-

404 4080 466 4134 cb
491 4088 716 4149 utraque
751 4089 905 4148 parte
943 4087 1150 4142 acutus,
1174 4079 1265 4148 qui
1291 4079 1528 4147 procedit
1556 4093 1620 4130 ex
1655 4093 1745 4131 ore
1779 4075 1944 4132 Christ

2122 4089 2184 4138 ος
2209 4069 2480 4139 ῥομφαία
2512 4068 2550 4134 ἠ
2599 4068 2669 4120 ἐκ
2726 4067 2834 4120 τοῦ
2886 4064 3186 4132 στόματος
3229 4061 3338 4116 τοῦ
3381 4060 3662 4128 Χριστοῦ

405 4173 556 4237 (nam
592 4171 707 4239 ipse
738 4179 822 4224 est
853 4169 943 4234 qui
975 4167 1186 4222 sedebat
1218 4185 1378 4237 super
1408 4169 1663 4236 equum);
1688 4175 1851 4236 atque
1880 4181 1945 4234 pa

2115 4161 2513 4230 κπορευομένη
2545 4158 2620 4229 (8)
2669 4159 2898 4226 (ἐκεῖνος
2953 4157 3060 4224 γάρ
3112 4156 3262 4207 ἔστιν
3320 4155 3358 4206 ὁ
3403 4151 3501 4205 ἐπὶ
3533 4149 3655 4204 τοῦ

407 4264 542 4317 riter
569 4263 762 4333 ﬂuvius
795 4261 915 4314 vita:
947 4261 1000 4314 in
1038 4259 1230 4313 eadem
1275 4258 1603 4328 Apocalypsi
1643 4272 1947 4312 commemo

2128 4269 2271 4306 τπου
2296 4250 2656 4319 καθήμενος)
2682 4247 2780 4316 (9),
2810 4248 2838 4298 6
2865 4245 2983 4298 δ’ὲν
3009 4247 3076 4315 τῇ
3107 4245 3242 4314 αὐτῇ
3278 4241 3555 4333 λαμπροί·
3569 4239 3668 4307 ὡς

407 4332 579 4417 ratus.
599 4352 901 4424 splendidus
923 4353 993 4406 ad
1007 4355 1181 4406 instar
1199 4349 1459 4422 crystalli,
1477 4349 1761 4420 procedens
1784 4349 1846 4401 de
1869 4348 1947 4403 De.

2124 4346 2460 4408 οὐσταλλος
2486 4341 2596 4410 τῆς
2619 4339 2767 4409 ζωῆς
2785 4337 3048 4406 ποταμὸς
3077 4339 3110 4390 ὁ
3137 4336 3204 4389 ἐκ
3232 4333 3340 4388 τοῦ
3372 4332 3522 4387 Θεοῦ
3548 4336 3664 4388 καὶ

405 4457 455 4501 ct
485 4423 633 4516 Agna
661 4444 761 4513 (a).
796 4445 939 4509 llaec,
974 4459 1007 4498 ο
1031 4444 1114 4499 vir
1144 4442 1616 4512 praestantissime,
1639 4439 1705 4494 ad
1735 4440 1869 4510 quid
1895 4439 1945 4493 vi

2133 4437 2182 4491 νῦ
2214 4436 2423 4505 ἀρνίου
2475 4433 2951 4499 ἐκπορευόμενος
2981 4428 3116 4499 (10),
3151 4427 3230 4485 sl;
3261 4425 3314 4478 τι
3345 4441 3429 4478 σοι
3461 4423 3673 4478 δοκοῦ-

406 4539 610 4592 ilcntur
649 4537 746 4591 tibi
786 4537 1082 4602 deducere,
1123 4535 1227 4590 nisi
1270 4546 1329 4589 ut
1390 4543 1441 4589 te
1473 4535 1700 4591 credere
1743 4533 1946 4586 faciant

2127 4549 2184 4596 .v,
2216 4524 2260 4582 ὧ
2300 4527 2569 4598 βέλτιστε,
2597 4525 2807 4594 φέρειν,
2839 4522 2870 4592 ἢ
2903 4521 2992 4574 ἵνα
3025 4535 3084 4571 σε
3122 4518 3406 4571 πιστεύειν
3429 4517 3667 4584 ποιῶσι,

405 4628 574 4685 etiam
629 4644 696 4684 ex
727 4628 864 4683 Filio
900 4630 1166 4698 Spiritum
1207 4636 1457 4680 sanctum
1510 4622 1846 4695 procedere?
1890 4623 1945 4676 Α]

2131 4622 2172 4674 tl.
2206 4623 2269 4674 ἐκ
2299 4619 2393 4672 τοῦ
2421 4617 2555 4669 Υἱοῦ
2583 4616 2645 4668 τὸ
2673 4614 2898 4682 Πνεῦμα
2926 4611 2986 4665 τὸ
3020 4611 3178 4679 ἅγιον
3201 4607 3616 4679 ἐκπορεύεσθαι
3651 4651 3671 4674 ,

410 4734 542 4774 vero
574 4719 690 4774 haec
718 4735 824 4773 non
849 4718 1057 4772 fuerint
1079 4717 1362 4787 praesentis
1385 4715 1625 4772 materiae
1654 4713 1950 4769 reetiﬁcatii

2135 4714 2151 4766 l
2181 4713 2280 4766 ούκ
2309 4711 2375 4764 ἂν
2403 4705 2515 4762 εἷεν
2545 4707 2704 4760 ταυτὶ
2759 4705 2930 4766 οὕτως
2963 4701 3123 4773 ἱκανὴ
3156 4699 3248 4754 τοῦ
3282 4698 3675 4770 προκειμένου

405 4819 465 4880 et
515 4809 873 4863 lcnimentum
939 4824 1096 4878 aeque
1146 4808 1444 4873 idoneum,
1482 4816 1542 4862 ut
1577 4806 1794 4861 verba:
1844 4811 1945 4864 Aut

2140 4801 2419 4874 ιραμυθια,
2442 4800 2517 4864 ὡς
2543 4798 2622 4865 τὸ,
2645 4797 2763 4864 Πρὸ
2797 4794 3044 4849 Πάντων
3064 4791 3182 4844 τῶν
3201 4787 3450 4857 βουνῶν
3468 4787 3680 4855 γεννᾷ

406 4917 586 4958 omnes
617 4901 771 4955 colles
790 4901 956 4972 gignit
981 4917 1081 4964 me,
1106 4899 1284 4970 quoad
1308 4913 1576 4965 errorem,
1602 4898 1746 4968 quia
1772 4897 1946 4952 verbis

2139 4912 2170 4959 ι,
2196 4893 2293 4962 τῆς
2327 4893 2434 4944 ἀπὸ
2474 4889 2592 4955 τοῦ,
2639 4887 2852 4956 Κύριος
2883 4886 3086 4941 ἔκτισε
3113 4901 3212 4954 με,
3248 4882 3481 4972 πλάνης,
3528 4879 3679 4934 τότε

237 5007 245 5014 ’
312 5011 320 5018 ·
409 4998 666 5056 Dominus
689 4997 888 5050 creavit
911 5011 1011 5062 me,
1029 5011 1216 5050 ansam
1243 5004 1564 5064 sumpturus
1586 5003 1706 5048 crat
1723 5001 1777 5048 et

2139 4985 2190 5038 ὲν
2225 4981 2550 5053 μελλούσης,
2575 4979 2872 5048 μετέπειτα
2901 4977 2958 5031 δὲ
2985 4973 3322 5044 ἁναφυείσης
3346 4987 3362 5036 ;
3387 4971 3498 5024 Καὶ
3516 4973 3679 5022 πάνυ

415 5102 544 5142 \ere
585 5095 814 5143 exortus
843 5085 968 5141 est?
996 5085 1060 5139 Et
1089 5084 1328 5139 maxime
1369 5063 1618 5154 quidem.
1669 5083 1794 5138 llaze
1833 5082 1955 5137 enin

2141 5094 2170 5130 :.
2222 5075 2332 5129 Καὶ
2381 5073 2492 5144 γὰρ
2527 5070 2703 5126 ταῦτα
2747 5069 2960 5124 ἐκείνου
2989 5068 3296 5140 τρανότερα
3348 5064 3444 5116 καὶ
3492 5063 3681 5131 σαφέ-

487 5247 565 5314 (ί)
588 5246 742 5304 Θεὸν.
780 5245 963 5300 omitt.
997 5243 1142 5300 Man.
1168 5244 1258 5298 27.

2147 5243 2223 5310 (6)
2251 5240 2464 5314 Qelide
2495 5237 2668 5314 orth.,
2698 5255 2738 5306 ι,
2774 5237 2828 5304 8,
2855 5235 2942 5290 l5.

481 5310 560 5384 (Ξ)
593 5316 751 5390 1lo_an.
787 5314 996 5390 xvn,‘2_.
1957 5385 1960 5390 _

1957 5385 1960 5390 _
2145 5314 2224 5390 (ἶ)
2257 5311 2435 5390 Galat.
2473 5325 2512 5373 ι,
2545 5310 2599 5364 8.

586 5386 801 5459 idean.
834 5376 1014 5459 v.30.
1957 5385 1960 5390 ’
2147 5376 2423 5459 (ξχᾼρου.
2443 5396 2572 5459 λιι,
2603 5376 2692 5433 iii.

480 5449 559 5527 (4}
585 5457 776 5527 Matth.
803 5471 855 5522 κ,
878 5449 970 5510 '20.

2147 5449 2409 5527 (suum,
2436 5449 2522 5503 tt.

593 5526 768 5582 Galat.
806 5518 881 5595 tv,
915 5527 968 5581 6.

2150 5518 2264 5595 (10)
2293 5521 2464 5591 Apoc.
2500 5533 2632 5584 xxii,
2665 5518 2715 5572 Ι.

485 5689 564 5756 (τι)
592 5689 670 5744 Ad
717 5689 834 5743 hac
879 5695 1206 5758 provocarat
1236 5685 1530 5743 concilium
1591 5683 2032 5756 Aquisgraucnsc
2074 5680 2199 5739 anni
2243 5681 2370 5748 809,
2419 5696 2542 5738 cum
2581 5677 2952 5748 Tlicodulplio
3000 5673 3412 5733 Aurelianensi.
3459 5669 3704 5732 Postea
3787 5710 3792 5714 -

418 5768 472 5814 ct
503 5759 593 5813 alii
631 5757 1012 5814 Occidentales
1037 5758 1104 5814 iis
1137 5768 1385 5814 utuntur.
