3900 6216
287 320 386 384 185

1318 306 1751 370 REFUTATIO
1790 301 2033 374 MARCI
2080 298 2474 377 EPHESINI.

3402 298 3504 365 180

262 451 446 505 στερα
470 448 484 463 ⁶
521 432 584 486 τδ
629 428 739 501 γὰρ
771 427 886 496 πρὸ
922 424 1164 479 πάντων
1191 424 1310 477 τῶν
1329 425 1577 490 ,Βουνῶν
1627 423 1837 492 τεν-νᾶ·
1867 468 1874 482 η

1977 418 2174 474 lariora
2199 427 2254 473 et
2301 416 2574 486 apertiora
2604 413 2747 470 illis:
2774 413 2908 468 Ante
2937 429 3116 468 omnes
3152 413 3311 470 colles
3358 401 3510 486 gigni

286 528 447 587 σθαι,
478 523 529 576 εί
587 520 661 592 μή
695 535 781 582 τις
821 517 916 570 καὶ
951 516 1075 568 λίαν
1127 515 1486 584 εὐγνωμόνως
1537 514 1844 575 ἀκούσειεν.

285 621 383 670 οὐκ
408 615 477 670 ἂν
527 613 630 682 τὴν
653 611 824 665 ἀΐδιον
852 609 1041 678 δηλοίη
1094 607 1374 675 γέννησιν,
1406 607 1514 668 ἕως
1542 605 1609 658 ἂν
1644 603 1765 675 μηδ’
1799 605 1848 655 οἱ

288 707 468 777 βουνοὶ
499 703 662 756 ἀΐδιοι
694 695 797 755 ὦσι
817 717 830 730 ·
862 700 1089 753 δύναται
1124 699 1233 768 γάρ
1261 716 1311 749 τι
1372 697 1469 750 καὶ
1517 695 1624 764 πρὸ
1672 694 1852 748 αὐτῶν

286 796 638 865 γεννηθῆναι,
671 794 766 846 κα)⁸
800 793 950 860 ὅμως
987 788 1064 860 μὴ
1097 785 1238 842 εἶναι
1265 786 1433 840 ἀΐδιον
1455 803 1472 819 ο
1502 787 1596 838 καὶ
1638 786 1699 838 τὺ
1733 802 1853 853 γεν-

287 887 483 940 νᾶσθαι
539 885 595 938 δέ
626 900 709 946 τις
741 881 1071 951 κακουργῶν
1100 879 1194 932 ὲπί
1249 877 1344 932 τοῦ
1397 876 1730 946 γεγενῆσθαι
1787 875 1854 929 ἂν

289 977 529 1038 ὲκλάὸοι,
555 972 852 1043 ὁμωνύμου
874 972 969 1025 τοῦ
999 972 1261 1042 ὀνόματος
1288 971 1464 1032 ὄντος.
1489 970 1562 1022 Τὸ
1587 969 1666 1035 δὲ,
1709 967 1857 1034 Ἐγὼ

291 1067 388 1120 καὶ
424 1069 456 1120 ὀ
489 1065 694 1133 Πατὴρ
724 1063 793 1117 ἓν
832 1063 1042 1130 ἐσμεν,
1079 1062 1192 1128 καὶ,
1249 1061 1390 1130 Ἐγὼ
1417 1061 1487 1114 ἐν
1536 1058 1616 1125 τῷ
1671 1059 1857 1127 Harp!

265 1157 389 1210 καί
416 1159 449 1211 ό
484 1156 688 1224 Πατὴρ
717 1155 786 1208 ἐν
810 1155 977 1222 ἐμοί’
1013 1152 1183 1214 οὕτως
1221 1152 1493 1222 ἀμνήμων
1524 1145 1594 1215 εἴ,
1642 1150 1717 1212 ὡς
1780 1149 1857 1220 μὴ

291 1246 664 1314 ἐνθυμεῖσθαι,
700 1245 774 1308 ὡς
796 1245 916 1296 ἀντὶ
937 1243 1215 1312 ὠφελῆσαι
1243 1243 1337 1295 καὶ
1365 1241 1714 1294 ὲσκανδάλισε
1733 1241 1859 1301 τοὺς

215 1390 238 1410 ,⁸
291 1337 668 1406 ἀγνώμοναςς
707 1336 892 1390 πολλοὶ
919 1337 1028 1404 γὰρ
1058 1334 1303 1388 ἐντεῦθεν
1337 1335 1418 1396 εἰς
1456 1335 1583 1404 μίαν
1625 1332 1860 1385 ὑπόστα-

292 1444 381 1480 σιν
407 1427 506 1496 τὴν
522 1427 725 1497 Τριάδα
752 1426 1078 1494 συνήλασαν.
1103 1425 1340 1487 Πίστεως
1363 1425 1444 1477 δεῖ
1466 1425 1560 1477 καὶ
1585 1422 1861 1492 εὐγνωμοο

294 1518 492 1585 σύνης,
525 1518 625 1569 οὐκ
653 1515 1074 1585 ἀνεπτυγμένων
1117 1517 1174 1566 έν
1199 1518 1266 1584 τῇ
1297 1515 1415 1585 θείᾳ
1457 1514 1646 1584 Γραφῇ
1681 1513 1863 1585 ρημάο

291 1626 433 1674 των,
465 1609 599 1660 ὥστε
643 1607 812 1676 αὐτῆς
848 1607 1121 1659 συνεῖναι·
1157 1605 1318 1670 Ἐὰν,
1351 1604 1480 1674 γὰρ,
1505 1604 1591 1673 μὴ
1624 1603 1865 1658 πιστεύ-

293 1717 476 1766 σητε,
507 1703 578 1753 οὐ
608 1698 694 1768 μὴ
737 1697 966 1765 συνῆτε
996 1698 1094 1767 (1).
1149 1698 1216 1751 ’Δ
1244 1698 1300 1750 δὲ
1327 1699 1485 1767 ἡμεῖς
1528 1699 1678 1766 ὅμως
1717 1697 1864 1766 είρή-

1953 524 2106 574 sane,
2139 507 2246 563 nisi
2281 507 2404 576 quis
2422 505 2712 560 admodum
2744 504 2964 560 dextere
2996 515 3052 559 et
3076 504 3309 575 benigne
3334 504 3511 559 inten-

1951 600 2064 663 dat,
2119 601 2507 668 sempiternam
2543 599 2950 668 generationem
2989 613 3097 652 non
3157 595 3511 667 signiﬁcabit,

1952 692 2306 762 quoadusque
2335 691 2501 744 colles
2523 689 2622 760 ipsi
2648 704 2751 744 non
2776 689 2889 743 sint
2913 689 3101 744 aeterni
3126 705 3142 754 ;
3169 700 3348 759 potest
3365 691 3513 744 enim
3577 689 3581 692 ’

1955 783 2160 854 aliquid
2203 783 2369 838 etiam
2401 791 2527 836 ante
2561 783 2709 850 ipsos
2727 781 2970 852 genitum
2997 796 3138 845 esse,
3171 779 3304 850 quin
3336 789 3517 834 tamen

1957 875 2030 931 sit
2059 885 2360 940 aeternum;
2394 884 2449 928 et
2470 875 2614 944 gigni
2648 873 2774 942 quis
2807 873 3043 943 maligne
3078 887 3246 942 agens
3274 885 3372 940 pro
3398 872 3519 940 fieri

1956 966 2044 1020 vel
2078 965 2276 1036 factum
2322 981 2430 1018 esse
2470 965 2719 1033 accipere
2754 973 2958 1033 posset,
3025 978 3151 1017 cum
3199 976 3398 1016 nomen
3449 962 3522 1015 sit

1958 1058 2325 1127 :equivocum.
2360 1055 2548 1122 Quoad
2595 1056 2685 1109 illa
2713 1070 2845 1109 vero
2884 1055 3086 1111 verba:
3122 1053 3232 1123 Ego
3263 1061 3313 1105 et
3360 1051 3521 1107 Pater
3633 1067 3637 1070 '

1963 1166 2123 1203 unum
2155 1164 2369 1212 sumus;
2391 1156 2467 1210 et,
2499 1145 2611 1216 Ego
2638 1147 2692 1199 in
2722 1144 2885 1198 Patre
2913 1153 2961 1198 et
2987 1145 3144 1198 Pater
3172 1143 3228 1197 in
3258 1160 3359 1210 me,
3386 1145 3523 1200 adeo

1962 1258 2144 1298 rerum
2178 1242 2380 1295 oblitus
2400 1255 2483 1304 es,
2512 1249 2571 1294 ut
2603 1254 2708 1293 non
2736 1239 2790 1293 in
2820 1239 3064 1292 animum
3097 1237 3322 1291 inducas
3346 1246 3521 1296 tuum.

1964 1341 2171 1386 tantum
2195 1331 2458 1394 abfuisse,
2495 1339 2552 1383 ut
2588 1331 2702 1383 haec
2729 1329 2892 1383 verba
2927 1327 3233 1398 profuerint
3258 1327 3526 1396 imperitis

1963 1434 2020 1479 et
2057 1421 2466 1491 insipientibus,
2499 1430 2558 1474 ut
2581 1431 2634 1475 et
2669 1421 2987 1474 scandalum
3012 1419 3349 1490 generarint.
3371 1417 3525 1471 Multi

1963 1514 2110 1570 enim
2149 1513 2349 1568 exinde
2381 1512 2436 1566 in
2479 1527 2643 1564 unam
2670 1511 2983 1581 hypostasin
3024 1510 3346 1564 Trinitatem
3392 1497 3528 1563 con;

1969 1611 2258 1656 traxerunt
2291 1603 2397 1670 (ιι).
2429 1601 2561 1656 Fide
2598 1616 2737 1670 Opus
2768 1611 2850 1656 est
2896 1611 2950 1656 et
2980 1610 3126 1656 recta
3162 1610 3365 1662 mente,
3417 1613 3530 1652 non

1971 1693 2264 1762 explicatis
2285 1695 2340 1748 in
2357 1692 2642 1762 Scriptura
2664 1693 2844 1748 verbis
2863 1693 2929 1746 ad
2954 1707 3073 1746 eam
3091 1690 3524 1762 intelligendam.

293 1763 503 1860 xa—pev,
527 1763 623 1842 xui:
651 1763 847 1858 μᾶλλόν
877 1763 1014 1842 είσιν
1043 1763 1464 1857 ἀνεπτυγμένως
1515 1763 1783 1858 είήρημένα

1977 1782 2086 1837 Nisi
2126 1783 2274 1837 enim
2326 1782 2687 1846 credideritis,
2737 1797 2840 1835 non
2889 1782 3209 1852 intelligetis.
3251 1763 3528 1851 Altamen,

295 1882 450 1930 ἐστιν
472 1878 510 1932 ἃ.
542 1878 644 1930 τῶν
676 1877 782 1930 σῶν
819 1877 1299 1948 παραδειγμάτων.
1331 1878 1642 1931 Marinum
1673 1877 1728 1930 δὲ
1761 1871 1872 1929 οὐδ”

298 1969 511 2038 ἀληθής
531 1970 676 2020 ἐστιν
707 1967 764 2021 ὃν
797 1969 976 2036 λέγεις
1015 1968 1194 2036 λόγος,
1231 1967 1351 2020 οὐδὲ
1396 1969 1574 2020 πάντα
1598 1968 1869 2035 ἅνεπτυγ-

303 2059 486 2126 μένως
515 2056 579 2110 τὸ
617 2056 840 2127 Πνεῦμα
881 2057 943 2110 τὸ
977 2056 1134 2130 ἅγιον
1188 2057 1593 2128 ἀνεπλήρωσεν.
1639 2056 1867 2119 Λύτίκα,

302 2151 393 2202 ἵνα
431 2150 544 2211 τοῖς
582 2149 696 2212 σοῖς
741 2150 961 2219 πτεροῖς
1007 2147 1151 2218 ἁλῷς
1176 2187 1193 2214 ,
1232 2148 1323 2201 τὸν
1372 2149 1592 2219 Πατέρα
1637 2147 1732 2202 καὶ
1780 2151 1870 2200 τὸν

302 2241 437 2292 Υίὺν
463 2239 718 2308 ἀληθινὸν
757 2239 890 2291 Θεὸν
916 2238 1184 2309 ἀκούομεν
1225 2240 1282 2291 ὲν
1314 2242 1382 2309 τῇ
1414 2239 1532 2308 θεία
1569 2239 1782 2310 Γραφῇ,
1813 2238 1873 2290 τδ

304 2332 532 2401 Πνεῦμα
560 2332 616 2385 δὲ
647 2329 900 2400 οὐδαμῶς
920 2345 935 2362 ⁸
965 2330 1175 2400 οὐδαμῆ
1205 2331 1317 2400 γὰρ
1351 2330 1450 2399 τῆς
1484 2330 1707 2400 Γραφῆς
1735 2329 1866 2383 αὐτὸ

305 2424 565 2493 κείμενον
592 2420 734 2475 οὕτω
782 2420 958 2491 ῥητῶς
991 2421 1266 2490 εὑρήσεις.
1297 2423 1449 2492 ’ῌδει
1483 2423 1669 2493 μέντοι
1709 2424 1737 2474 ὁ
1775 2422 1874 2490 τῆς

303 2514 466 2586 ημῶν
502 2512 896 2585 προνοούμενος
930 2513 1223 2583 σωτηρίας,
1247 2514 1365 2568 ὅσαι
1401 2514 1528 2584 περὶ
1557 2511 1714 2567 τοῦτο
1742 2512 1876 2566 ἁνα-

306 2605 610 2676 φυήσονται
636 2604 896 2675 αἱρέσεις,
939 2605 1032 2657 καὶ
1061 2606 1158 2658 ὅσα
1198 2609 1294 2674 τὴν
1336 2605 1664 2676 Ἐκκλησίαν
1700 2605 1874 2674 ταράο

308 2695 494 2760 ξουσιν
519 2711 536 2726 ⁶
567 2694 676 2747 οὐδ’
705 2695 948 2762 ἐγένοντο
977 2694 1098 2748 οὔτε
1125 2696 1346 2765 μείζους
1367 2694 1489 2749 οὔτε
1513 2698 1730 2767 χεῖρους
1752 2694 1876 2748 οὐτε

309 2787 522 2855 μᾶλλον
557 2785 908 2856 διαρκέσασαι
959 2785 1017 2838 ὲν
1057 2785 1354 2857 Ἐκκλησία
1410 2784 1545 2838 θεοῦ
1599 2785 1872 2856 ταραχαί’

305 2878 564 2949 ἠρκέσθη
588 2879 644 2930 δὲ
675 2881 823 2948 ὅμως
855 2878 916 2930 τὸ
957 2877 1178 2946 Πνεῦμα
1204 2877 1271 2931 δι’
1320 2878 1495 2932 ἄλλων
1542 2880 1877 2948 ίσοδυνάμων

309 2970 515 3038 φωνῶν
559 2970 1007 3040 συνεπτυγμένως
1041 2974 1134 3023 κα)⁸
1171 2971 1283 3032 τοῖς
1323 2967 1630 3039 εύγνώμοσί
1675 2987 1735 3023 τε
1783 2969 1878 3023 καὶ

311 3066 530 3124 πιστοῖς
581 3062 893 3127 ἀρκούντως
920 3061 1085 3114 ταυτὺ
1121 3060 1278 3115 τοῦτο
1319 3060 1575 3129 δηλῶσαι.
1621 3060 1685 3115 Ἦ
1723 3061 1778 3113 δὲ
1819 3062 1874 3113 έν

313 3155 416 3223 μιᾷ
463 3153 760 3205 ὑποστάσει
789 3152 882 3205 τοῦ
911 3151 1150 3222 Χριστοῦ
1181 3153 1291 3205 τῶν
1321 3151 1535 3222 φύσεων
1575 3152 1877 3222 ἀσύγχυτος

310 3247 450 3308 δυὰς
483 3243 586 3298 ποῦ
618 3261 698 3296 σοι
725 3246 822 3314 τῆς
850 3243 889 3295 Γ
895 3243 1070 3313 ραφῆς
1097 3244 1310 3308 κεῖταις
1340 3242 1478 3295 Αὐτὸ
1508 3242 1565 3295 δὲ
1594 3243 1654 3295 τὸ
1685 3242 1879 3313 ὁμοσύ-

315 3351 435 3388 σιον
461 3334 524 3386 τὸ
555 3333 803 3386 τοσοῦτον
845 3332 944 3403 τὴν
980 3330 1304 3401 Ἐκκλησίαν
1337 3331 1610 3400 κυμῆναν,
1644 3329 1720 3392 ὡς
1748 3331 1880 3382 ἀνα-

317 3427 618 3498 ριθμήτους
644 3425 764 3478 κατ’
797 3422 962 3476 αὐτοῦ
1004 3423 1267 3492 συστῆναι
1310 3424 1584 3488 συνόδους,
1627 3421 1882 3474 τοσοῦτον

313 3521 372 3573 δὲ
397 3521 549 3587 ὅμως
580 3518 872 3584 ἀναγκαῖον
912 3518 976 3586 τῇ
1018 3515 1198 3568 πίστει
1244 3514 1326 3581 ὃν,
1371 3517 1469 3587 οὐχ
1515 3515 1589 3578 ὡς
1635 3515 1882 3584 ἄγραφον

313 3610 642 3670 διεϐάλλετο,
674 3608 772 3676 οὐχ
815 3607 890 3670 ὡς
943 3606 1107 3673 ἄηθες
1147 3606 1241 3658 καὶ⁵
1293 3607 1480 3660 καινὸν
1523 3607 1881 3674 ὲπολεμεῖτος

317 3703 478 3758 Κατὰ
503 3703 560 3756 δὲ
583 3703 691 3756 τῶν
723 3703 990 3754 τοσούτων
1016 3702 1300 3771 αἱρέσεων,
1327 3702 1393 3763 ἃς
1433 3699 1746 3768 Ἐπιφάνιος
1783 3715 1882 3751 κα·

316 3796 562 3862 ταλέγει,
592 3795 872 3862 κρείττους
897 3791 1133 3863 ἀριθμοῦ
1161 3793 1344 3862 σχεδὸν
1374 3790 1563 3856 οὔσας,
1589 3792 1786 3861 ἔχομεν
1818 3791 1884 3841 ὲκ

317 3890 418 3955 τῆς
461 3885 683 3955 Γραφῆς
729 3884 1033 3955 μαρτυρίας
1091 3883 1515 3952 ἅνεπτυγμένως
1555 3885 1649 3936 καὶ
1707 3883 1885 3952 ῥητῶς

318 3978 468 4032 οὕτω
505 3978 763 4047 κειμένας
810 3977 1197 4045 προενεγκεῖνς
1242 3975 1525 4046 Οὐδαμῶς.
1581 3975 1765 4046 Ὁρᾷς,
1811 3974 1883 4038 ὡς

316 4072 444 4124 λίαν
471 4069 760 4139 ἀτημελῶς
791 4070 885 4121 καὶ
913 4068 995 4138 τῷ
1023 4066 1312 4138 βούλεσθαι
1333 4068 1695 4139 χαριζόμενος
1724 4068 1884 4137 μόνον

318 4165 466 4216 κατὰ
487 4160 690 4230 πολλὴν
720 4160 966 4226 ἐξουσίαν
1023 4160 1201 4227 λέγεις
1232 4159 1268 4214 ἃ
1292 4161 1430 4231 φῄςς
1468 4161 1655 4228 Ἀρκεῖ
1675 4163 1786 4230 γὰρ
1819 4161 1887 4214 τὰ

323 4254 424 4322 μὲν
461 4252 938 4320 συνεπτυγμένως,
965 4249 1034 4304 τὰ
1057 4250 1100 4303 δ’
1128 4251 1549 4320 ἁνεπτυγμένως
1581 4253 1688 4305 τῶν
1719 4254 1887 4322 ἀναγ-

321 4345 494 4398 καίων
521 4348 587 4413 τῇ
618 4344 796 4396 πίστει
818 4345 874 4396 έν
900 4347 964 4416 τῇ
991 4344 1112 4414 θείᾳ
1135 4344 1324 4416 Γραφῇ
1349 4345 1698 4415 περιέχεσθαι
1723 4361 1738 4379 ·
1769 4347 1891 4400 ὅθεν

1970 1887 2091 1942 quae
2115 1887 2214 1926 nos
2237 1871 2503 1938 diximus,
2521 1873 2690 1926 etiam
2720 1871 2892 1941 magis
2921 1873 3181 1941 explicito
3209 1874 3352 1928 dicta
3379 1884 3535 1940 sunt,

1969 1977 2132 2034 quam
2161 1979 2227 2017 ea
2249 1971 2397 2028 sunt,
2416 1979 2538 2033 qua:
2561 1973 2806 2034 spectant
2829 1963 2895 2016 ad
2923 1975 3012 2018 tua
3030 1956 3300 2035 exempla.
3325 1965 3532 2021 Deinde

1970 2070 2149 2123 neque
2182 2068 2309 2108 vera
2339 2066 2424 2109 est
2457 2055 2669 2123 prolata
2701 2069 2730 2108 a
2764 2064 2817 2109 te
2842 2056 3110 2120 doctrina,
3135 2072 3317 2126 neque
3337 2059 3538 2119 omnia

1970 2144 2230 2214 explicito
2254 2143 2494 2213 Spiritus
2519 2156 2744 2200 sanctus
2763 2148 3081 2216 complevit.
3107 2147 3327 2213 Statim,
3348 2161 3406 2205 ut
3431 2151 3544 2206 tuis

1972 2236 2075 2290 alis
2127 2236 2385 2303 capiaris,
2431 2237 2648 2291 Patrem
2702 2248 2759 2292 et
2812 2240 3007 2295 Filium
3053 2241 3309 2297 audimus
3357 2258 3542 2297 verum

1975 2325 2143 2378 Deum
2203 2327 2257 2378 in
2301 2327 2473 2380 sacris
2505 2316 2748 2391 Litteris,
2803 2330 3067 2399 Spiritum
3110 2347 3242 2386 vero
3285 2342 3534 2388 sanctum

1972 2417 2125 2470 nullo
2186 2419 2367 2470 modo.
2407 2416 2612 2472 Nullibi
2644 2419 2792 2473 enim
2835 2421 3130 2489 Scriptura:
3179 2423 3235 2476 id
3280 2424 3364 2477 his
3403 2425 3543 2494 ipsis

1971 2509 2158 2564 verbis
2184 2509 2396 2564 'diserte
2439 2510 2692 2565 invenies
2737 2512 2967 2567 dictum.
3006 2512 3170 2569 Novit
3205 2523 3410 2583 tamen,
3441 2518 3542 2587 qui

1974 2613 2174 2659 nostra:
2238 2602 2495 2673 providet
2547 2603 2729 2666 saluti,
2779 2615 2914 2675 quot
2961 2605 3200 2662 haereses
3245 2609 3396 2663 circa
3432 2609 3538 2665 hoc

1973 2711 2267 2751 emersum
2299 2704 2462 2749 crant
2502 2706 2877 2765 quantumque
2905 2697 3207 2752 Ecclesiam
3244 2700 3539 2769 perturba-

1979 2797 2141 2852 tunc;
2170 2800 2346 2857 neque
2370 2788 2523 2842 facta:
2544 2798 2670 2842 sunt
2700 2790 2954 2859 majores,
2981 2805 3156 2859 neque
3178 2791 3410 2862 pejores,
3445 2807 3543 2848 ne-

1975 2895 2081 2950 que
2104 2882 2274 2952 magis
2295 2881 2571 2936 diuturnae
2588 2883 2642 2935 in
2659 2882 2902 2937 Ecclesia
2923 2881 3016 2938 D‘ei
3043 2885 3214 2939 turbae
3236 2900 3299 2939 ac
3313 2900 3542 2955 pugna);

1977 2981 2030 3024 et
2063 2980 2242 3027 tamen
2272 2983 2568 3028 contentus
2590 2983 2714 3028 erat
2735 2973 2970 3045 Spiritus
3003 2991 3104 3046 per
3136 2976 3272 3030 alias
3311 2976 3544 3045 {equiva-

1980 3062 2158 3119 lentes
2193 3079 2358 3120 voces
2382 3067 2646 3135 implicite
2668 3081 2734 3120 ac
2762 3076 2908 3122 recta
2937 3080 3119 3124 mente
3141 3068 3387 3139 praeditis
3412 3070 3545 3124 [lde-

1978 3159 2234 3230 libusque
2265 3160 2605 3215 sumcienter
2648 3160 2792 3216 idem
2840 3161 3018 3231 ipsum
3062 3163 3365 3219 declarare.
3415 3164 3546 3220 Duae

1979 3251 2283 3306 inconfusa:
2317 3251 2519 3306 Christi
2551 3252 2605 3306 in
2636 3267 2743 3305 una
2780 3252 3061 3322 hypostasi
3089 3262 3300 3310 natura:
3324 3256 3548 3312 ubinam

1982 3343 2391 3414 Scripturarum
2434 3345 2529 3400 tibi
2574 3345 2871 3401 enuntiata:
2901 3346 3066 3401 sunt?
3095 3346 3273 3417 ipsqu
3306 3351 3545 3406 consub-

1981 3436 2360 3490 stantialitatis
2384 3451 2606 3501 nomen,
2627 3436 2772 3506 quod
2801 3437 2855 3490 in
2881 3446 2959 3493 tot
2988 3436 3253 3493 ﬂuctuum
3283 3442 3552 3508 procellas

1982 3527 2282 3582 Ecciesiam
2326 3529 2539 3599 injecit,
2589 3537 2648 3583 ut
2709 3529 3369 3585 innumerabiles-contra
3415 3531 3548 3587 illud

1983 3620 2174 3690 synodi
2199 3619 2558 3687 haberentur,
2582 3632 2637 3675 et
2659 3632 2839 3678 tamen
2869 3631 3155 3692 tantopere
3177 3621 3546 3678 neceSsariutn

1983 3710 2111 3768 ﬁdei
2137 3723 2321 3764 nonne
2352 3719 2411 3763 ut
2439 3725 2547 3766 non
2571 3711 2626 3766 in
2654 3711 2954 3783 Seripturis
2976 3721 3298 3769 contentum
3341 3715 3556 3770 calum-

1983 3801 2092 3856 niis
2125 3801 2454 3870 petebatur?
2478 3802 2674 3858 Nonne
2701 3815 2758 3858 ut
2790 3805 3071 3860 insolitum
3104 3820 3168 3860 ac
3205 3821 3406 3861 novum
3446 3809 3549 3863 imo

1986 3893 2372 3963 pugnabatur?
2400 3892 2606 3948 Contra
2642 3904 2718 3948 tot
2761 3898 3022 3962 Ita-roses,
3053 3912 3190 3966 quas
3210 3898 3558 3968 Epiphanius

1987 3993 2258 4046 recenset,
2297 3999 2530 4054 quaeque
2565 3985 2846 4040 numerari
2885 3988 2998 4041 fere
3036 4003 3342 4057 nequeunt,
3383 3991 3561 4047 liabe-

1987 4090 2183 4130 musne
2216 4091 2279 4129 ex
2312 4073 2602 4146 Scriptura
2633 4076 2948 4131 testimonia
2973 4078 3232 4148 cxplicite
3263 4089 3320 4135 et
3343 4081 3557 4138 diserte

1989 4169 2063 4223 ita
2089 4169 2388 4236 loquentia,
2408 4183 2531 4238 quas
2553 4183 2893 4237 proteramus
2914 4169 2936 4223 !
2960 4169 3123 4224 Nullo
3149 4171 3333 4227 modo.
3363 4171 3559 4229 Vides-

1989 4277 2082 4328 ne,
2117 4270 2170 4317 te
2197 4261 2364 4316 nimia
2389 4261 2638 4316 socordia
2671 4271 2728 4316 et
2756 4263 3022 4317 voluntati
3053 4264 3229 4319 solum
3254 4279 3360 4320 tua:
3391 4269 3560 4324 nimis

1991 4351 2461 4406 obsecundantem
2492 4367 2684 4422 magna
2703 4369 2827 4408 cum
2857 4355 3086 4412 audacia
3115 4372 3180 4412 ea
3204 4358 3408 4425 dicere,
3435 4375 3558 4430 quae

320 4437 433 4490 οὐδ’
460 4436 611 4507 εὖροι
644 4452 725 4496 τις
754 4436 821 4488 ἂν
849 4434 1001 4488 οὐδὲν
1024 4436 1084 4487 οὐ
1119 4436 1339 4505 μικρὸν,
1364 4436 1425 4488 οὐ
1457 4438 1597 4506 μέγα
1627 4437 1734 4490 τῶν
1762 4438 1874 4506 δογ-

1991 4445 2238 4498 asseris?
2268 4443 2476 4500 Suiﬁcit
2512 4445 2682 4511 enim,
2716 4462 2906 4502 eorum
2943 4465 3064 4518 quae
3089 4449 3215 4506 fidei
3252 4456 3558 4510 necessaria

327 4529 519 4595 μάτων
573 4523 670 4590 τῆς
701 4521 1049 4589 Ἐκκλησίας,
1097 4520 1126 4574 ὃ
1179 4521 1255 4590 μὴ
1298 4524 1356 4575 ἐν
1398 4523 1535 4593 αὐτῇ
1583 4523 1890 4592 περιέχοιτο

323 4613 575 4680 δυνάμει,
603 4609 858 4663 κάκεῖθεν
889 4610 987 4672 τὰς
1013 4612 1186 4680 ἀρχὰς
1213 4612 1324 4680 ἔχοι
1347 4625 1362 4642 ο
1391 4613 1811 4682 ἀνεπτυγμένως
1832 4614 1890 4666 δὲ

326 4705 505 4758 πάντα
551 4703 642 4755 καὶ
684 4703 832 4754 οὕτω
865 4701 1054 4770 σαφῶς
1098 4701 1174 4764 ὡς
1225 4703 1351 4773 μηδ’
1377 4704 1520 4772 ῐχνος
1558 4705 1890 4774 ἀμφιϐολίας

327 4797 505 4849 οὐδενὶ
533 4795 816 4850 λείπεσθαι
844 4796 944 4848 οὐκ
969 4797 1267 4864 ἀναγκαῖον
1292 4792 1852 4866 έκεῖσεέὐρίσκεσοαι
1875 4813 1889 4828 ·

328 4887 473 4942 οὕτω
501 4889 612 4958 γὰρ
647 4888 714 4941 ἂν
746 4889 878 4959 ἡμῖν
906 4887 1001 4942 κα)⁸
1029 4890 1057 4941 ὁ
1095 4888 1195 4958 τῆς
1232 4887 1469 4951 πίστεως
1501 4888 1693 4957 μισοδς
1727 4890 1892 4958 ἠλατ-

330 4997 505 5034 τουτο.

1996 4546 2144 4601 sunt,
2195 4536 2301 4590 alia
2355 4538 2639 4606 implicite,
2677 4539 2780 4593 alia
2833 4555 2966 4594 vero
3011 4543 3268 4612 explicite
3300 4547 3354 4601 in
3390 4548 3564 4604 sacris

1996 4624 2220 4680 Litteris
2247 4627 2516 4682 contineri
2537 4629 2632 4698 (ὑ).
2658 4630 2808 4684 Unde
2838 4645 3014 4700 neque
3046 4634 3291 4692 invenire
3319 4640 3444 4708 quis
3464 4656 3560 4710 po-

2000 4720 2130 4771 terit
2167 4717 2482 4789 dogntatum
2516 4723 2772 4777 Ecclesiae
2804 4723 2974 4778 ullum
3021 4724 3139 4781 sive
3180 4743 3406 4797 parvum
3446 4733 3562 4788 sive

1999 4822 2279 4878 magnum,
2308 4811 2456 4880 quod
2482 4828 2589 4867 non
2621 4815 2675 4868 in
2709 4829 2772 4870 ea
2807 4817 3155 4875 contineatur
3181 4823 3489 4880 virtualiter
3507 4836 3564 4881 et

1999 4899 2196 4953 exinde
2227 4901 2440 4957 radices
2472 4904 2700 4971 habeat;
2742 4909 2995 4977 explicite
3024 4925 3155 4967 vero
3180 4914 3361 4968 omnia
3392 4916 3443 4972 ei
3489 4917 3562 4971 ita

2002 4989 2172 5057 clare,
2203 5004 2359 5048 utne
2400 4997 2689 5067 vestigium
2731 5000 2952 5069 quidem
2997 5003 3372 5073 ambiguitatis
3401 5001 3567 5062 relini

331 5086 532 5145 quatur
569 5075 686 5142 uili,
732 5075 808 5132 ibi
840 5073 1075 5145 reperiri
1121 5072 1346 5128 minime
1391 5083 1475 5129 est
1523 5077 1914 5132 necessarium.
1951 5078 2065 5136 Hoc
2101 5085 2247 5138 cnim
2281 5098 2440 5156 pacto
2497 5093 2659 5145 etiam
2728 5092 2854 5147 ﬁdei
2879 5093 3036 5149 nobis
3066 5072 3350 5165 prattnium
3380 5099 3564 5156 immi-

335 5179 618 5224 ιιιιιξτειιιτ.

400 5326 475 5398 (1)
502 5326 607 5380 Isa.
661 5341 762 5394 vn,
790 5328 842 5382 9.

336 5485 824 5611 hagitzt)m.5abelliani
863 5485 1143 5554 videlicet,
1177 5486 1270 5557 qui
1311 5486 1399 5543 bis
1430 5488 1670 5544 testibus
1709 5488 1899 5544 abute-

401 5630 475 5696 (ὁ)
509 5624 640 5683 Vide
671 5627 736 5683 de
775 5627 860 5684 his
887 5627 993 5682 late
1027 5627 1389 5685 disserentem
1413 5628 1668 5684 Carolutn
1697 5627 1892 5684 Passa-

2005 5491 2110 5561 glia
2144 5493 2196 5548 in
2217 5493 2638 5569 Commentariis
2662 5480 2982 5566 theologicis
3007 5499 3173 5557 editis
3195 5498 3380 5557 Romae
3405 5500 3564 5569 1850,

2005 5572 2302 5618 comment.
2342 5564 2383 5629 l,
2426 5563 2494 5619 de
2545 5580 2686 5620 nexu
2740 5563 3022 5626 nominum
3074 5579 3131 5626 ct
3188 5587 3396 5642 rerum,
3445 5563 3569 5645 ιιι

2004 5646 2118 5700 seq.
3430 5653 3432 5655 >
