3900 6216
308 291 422 357 Ἰ8)
455 293 462 297 ’

869 397 1005 451 ΤΟΥ
1030 398 1339 457 ΝΙΚᾹῘΑΣ.

385 512 542 566 Οὑτω
601 511 786 581 φαμὲν
840 512 932 586 τόν
967 513 1188 584 Πατέρα
1247 505 1468 569 καὶτὸν
1514 517 1643 570 Υίὸν
1683 519 1798 587 ἅμα
1833 519 1892 571 ἒν

311 605 485 656 αἴτιον
539 603 632 656 τοῦ
683 603 1025 673 Πνεὺματος,
1061 605 1137 666 ὡς
1190 607 1282 658 καὶ
1326 605 1418 659 τόν
1465 609 1688 678 Πατέρα
1731 611 1892 679 μόνον

314 695 442 767 ίδῖα,
472 695 503 765 ἢ
536 697 664 748 ὅσον
691 697 720 748 ὁ
774 695 967 764 Πατὴρ
1006 696 1108 764 μὲν
1158 695 1252 764 ἀφ’
1283 698 1500 763 ἑαυτοῦ,
1529 701 1556 751 ό
1591 699 1719 761 Υἱὸς
1752 699 1798 753 δ’
1831 703 1894 753 ὲκ

309 787 402 840 τοῦ
437 787 648 857 Πατρός
694 786 840 839 τοῦτ’
890 786 1006 856 ἔχει
1066 787 1270 842 λαὸὡν.
1307 789 1418 858 Οὐχ
1469 788 1664 842 ἕπεται
1697 790 1752 843 δὲ
1803 792 1893 844 διὰ

314 880 471 934 τοῦτο
495 879 552 932 ἓν
591 879 888 950 πρόσωπον
923 879 1016 932 τὸν
1044 879 1264 950 Πατέρα
1295 882 1392 933 κα)⁵
1421 881 1515 933 τὸν
1549 881 1678 934 Υίδν
1707 878 1849 936 εἶναι
1874 898 1888 913 °

317 975 377 1025 οὑ
427 974 535 1042 γάρ
568 975 686 1024 ἐστι
741 972 1096 1042 προσωπικὸν
1141 972 1199 1024 τὸ
1229 972 1571 1042 προϐάλλειν,
1607 973 1683 1035 ὡς
1730 973 1788 1025 ἔν
1833 991 1892 1026 τε

310 1061 490 1119 ἄλλοις
524 1065 618 1113 καὶ
647 1059 705 1110 ιν
737 1061 849 1122 τοῖς
889 1058 1028 1129 πρὸς
1064 1059 1124 1111 τὸ
1170 1059 1387 1128 πρῶτόν
1427 1075 1520 1110 σου
1553 1059 1892 1128 ἐπιχείρημα

308 1151 561 1203 λέλεκται
583 1165 599 1181 ο
635 1149 768 1203 ὥστ’
812 1148 922 1204 οὐδ’
957 1149 1191 1203 ἐνταῦθα
1234 1148 1410 1217 λέγεις
1456 1148 1631 1214 οὐδὲν,
1665 1149 1808 1220 μέγα
1837 1165 1891 1201 τι

310 1245 407 1296 καὶ
439 1245 730 1315 δυσνόητόν
777 1244 1022 1314 οἰόμενος
1058 1244 1474 1312 σύμπεραίνειν.

588 1466 726 1518 ΤΟΥ
764 1465 1028 1520 ΕΦΕΣοΥ
1055 1423 1295 1523 κεψῘτ
1344 1465 1494 1535 (KA’)
1525 1467 1624 1538 (ι).

387 1575 697 1630 Καθολικόν
725 1594 850 1631 τινα
883 1577 1210 1647 διακρίσεως
1235 1578 1394 1646 λόγον
1435 1579 1741 1633 ἀποδιδόναι
1777 1583 1890 1644 τοῖς

309 1667 752 1738 διακρινομένοις
798 1668 1003 1721 ἅπασιν
1034 1669 1083 1720 οἱ
1130 1668 1354 1722 Λατῖνοι
1407 1671 1884 1742 μεγαλαυχοῦσινο

1395 291 1834 354 REFUTATIO
1874 293 2113 354 MARCI
2150 295 2532 356 EPHESINI.

3470 301 3573 367 1C0

2648 400 2923 458 NICA‘ZNI.

2071 515 2148 569 lta
2186 515 2424 569 dieimus
2449 515 2666 569 Patrem
2698 525 2754 569 et
2795 514 3000 569 Filium
3034 514 3202 572 simul
3237 535 3398 578 unam
3443 536 3572 577 cau-

2003 619 2115 657 sam
2140 619 2259 658 esse
2285 604 2524 674 Spiritus
2543 605 2741 672 sancti,
2764 606 2905 660 sicut
2925 623 3030 662 una
3055 623 3219 663 causa
3241 611 3402 666 Pater
3424 614 3573 669 solus

2001 697 2230 748 seorsim
2256 705 2341 750 est
2370 699 2452 751 vel
2484 699 2534 750 in
2561 707 2827 766 quantum
2869 700 3028 754 Pater
3057 716 3086 754 a
3111 716 3193 766 se,
3225 698 3399 757 Filius
3439 720 3570 760 vero

2000 800 2066 838 ex
2093 787 2252 841 Patre
2286 787 2392 841 hoc
2417 799 2702 857 acceptum
2733 790 2917 845 liabet.
2946 791 3066 846 Non
3100 794 3354 862 sequitur
3386 807 3570 851 autem

2001 887 2318 947 propterea,
2349 894 2510 931 unam
2542 894 2834 948 personam
2864 896 2986 935 esse
3013 883 3229 936 Patrem
3262 899 3316 939 et
3342 884 3570 942 Filium.

2001 968 2191 1038 Neque
2225 971 2371 1024 enim
2406 971 2713 1038 producere
2749 972 2863 1026 sive
2894 974 3108 1043 spirare
3143 978 3435 1044 personale
3460 989 3566 1044 est,

2002 1071 2062 1114 ut
2101 1071 2213 1114 tum
2247 1061 2300 1114 in
2336 1061 2461 1115 aliis
2490 1071 2602 1116 tum
2641 1062 2695 1115 in
2731 1064 3065 1119 refutatione
3093 1069 3254 1134 primi
3283 1069 3361 1122 tui
3404 1087 3570 1140 argu-

2001 1151 2168 1204 menti
2196 1151 2406 1206 dictum
2453 1164 2554 1208 est.
2599 1152 2783 1218 Quare
2810 1171 2990 1226 neque
3037 1157 3129 1212 hic
3161 1159 3299 1214 dicis
3335 1161 3568 1230 aliquid,

1997 1243 2130 1298 licet
2157 1259 2412 1314 magnum
2479 1249 2784 1319 quidquam
2858 1265 2924 1306 ac
2985 1250 3213 1306 difﬁcile
3284 1253 3566 1308 intellectu

2031 1336 2324 1390 oucludcre
2353 1340 2614 1407 opineris.

2385 1473 2657 1539 senss,
2700 1477 2763 1531 c.
2805 1476 2895 1531 vu
2944 1477 3183 1546 (xxn’).

2068 1581 2450 1639 Universalem
2521 1588 2816 1656 quamdam
2870 1590 3246 1645 distinctionis
3293 1591 3564 1644 rationem

1997 1677 2254 1732 omnibus
2311 1693 2436 1747 quae
2510 1679 2926 1750 distinguuntur
2987 1692 3174 1751 aptare
3237 1697 3294 1737 se
3355 1683 3566 1751 jactant

308 1756 474 1819 οὗτος
521 1758 578 1811 δέ
608 1759 753 1810 ἐστιν
785 1758 816 1828 ἢ
851 1757 994 1810 κατὰ
1043 1758 1141 1828 τὴν
1195 1757 1328 1827 ὕλην
1363 1760 1394 1828 ἧ
1430 1761 1573 1814 κατὰ
1612 1763 1740 1830 μίαν
1779 1763 1889 1816 τῶν

1999 1767 2210 1834 Latini;
2271 1769 2384 1824 bare
2443 1786 2570 1825 vero
2638 1781 2722 1825 est
2775 1772 2858 1825 vel
2923 1773 3225 1826 secundum
3277 1774 3563 1828 materiam

307 1846 648 1900 ἀντιθέσεων
672 1847 814 1900 αὑτὰ
846 1849 1249 1917 διακρίνεσθαι.
1286 1848 1412 1900 Ὅτι
1448 1849 1551 1918 μὲν
1585 1851 1678 1903 οὑν
1706 1853 1754 1905 εί
1795 1855 1886 1906 καὶ

308 1939 407 1992 ἐπὶ
470 1938 580 1991 τῶν
633 1939 802 1990 ὄντων
861 1937 1070 2008 ἀληθὴς
1128 1935 1197 2010 ἦν
1247 1941 1276 1992 ό
1334 1938 1512 2006 λόγος,
1549 1942 1647 1994 οὑκ
1694 1942 1761 1997 ἂν
1818 1940 1888 2015 ἦν

309 2031 529 2100 ἀνάγκη
564 2031 898 2100 μεταφέρειν
920 2030 1082 2084 αὑτὸν
1112 2031 1250 2101 πρὸς
1278 2031 1348 2085 τὰ
1376 2031 1494 2084 θεῖα
1526 2033 1608 2103 (οὑ
1637 2035 1746 2104 γὰρ
1775 2039 1888 2100 τοῖς

311 2121 496 2183 αὑτοῖς
524 2120 711 2175 ἐκεῖνὰ
735 2137 794 2173 τε
829 2123 924 2174 καὶ
955 2122 1130 2175 ταῦτα
1158 2123 1342 2191 λόγοις
1373 2125 1705 2196 ὑπόκειται),
1735 2129 1794 2182 τό
1821 2147 1885 2199 γε

313 2212 414 2264 νῦν
445 2211 566 2281 ἕχον
593 2213 1023 2284 παραλελεῖφθω
1043 2231 1058 2247 ο
1093 2217 1410 2284 προκείσθω
1439 2218 1495 2275 δὲ
1524 2219 1657 2287 ἡμῖν
1691 2221 1885 2289 δεῖξαι,

308 2303 397 2357 ὅτι
429 2303 538 2354 οὐδ’
568 2303 797 2356 ἐπὶτῶν
833 2304 1128 2374 καθ’κήμᾶς
1150 2308 1320 2360 ὄντων
1349 2309 1445 2361 καὶ
1476 2309 1727 2363 ὁπωσοῦν
1757 2313 1888 2380 ἡμῖν

311 2394 699 2464 ἐγνωσμένων,
733 2397 874 2464 λέγω
902 2397 966 2466 δὴ
999 2397 1109 2449 τῶν
1141 2399 1456 2468 κτισμάτων
1473 2399 1570 2470 (2),
1593 2401 1889 2468 ἀναγκαῖος

311 2486 340 2536 ὁ
368 2484 531 2552 λόγος
578 2486 686 2538 οὐδ’
716 2486 923 2556 ἀληθὴς
961 2487 1118 2553 ὅλως,
1153 2489 1214 2542 οὑ
1251 2489 1412 2558 μόνον
1455 2492 1538 2543 ὅτι
1575 2493 1635 2544 τὸ
1685 2495 1761 2564 μὴ
1792 2513 1890 2548 και

309 2576 476 2629 θόλου
511 2577 835 2631 ἀποδίδωσιν
872 2579 945 2639 ὡς
975 2579 1226 2644 καθόλου,
1259 2581 1375 2633 ἀλλ’
1404 2583 1486 2635 ὅτι
1515 2584 1608 2636 καὶ
1655 2587 1713 2638 ὲν
1743 2580 1823 2650 οἷς
1855 2589 1887 2658 ἡ

314 2671 481 2738 ὑλικὴ
524 2669 794 2740 διάκρισις
837 2668 870 2738 ἢ
917 2672 950 2740 ὴ
980 2671 1103 2723 κατ’
1137 2671 1413 2726 ἀντίθεσιν
1445 2673 1757 2743 θεωρεῖται,
1788 2678 1890 2731 οὑκ

310 2763 458 2830 αὑτὴ
505 2762 604 2833 τὴν
662 2763 840 2816 αἰτίαν
876 2763 980 2832 τῆς
1029 2763 1356 2833 διακρίσεως
1405 2767 1437 2833 ή
1471 2764 1570 2836 ὕλη
1600 2767 1630 2834 ἦ
1666 2767 1697 2837 ἡ
1737 2767 1887 2818 ἀντί-

311 2856 476 2916 Θεσις
528 2855 658 2924 ἔχει,
699 2854 832 2907 ἀλλὰ
893 2855 1350 2926 διακεκριμένοις
1406 2857 1504 2927 ἤδη
1557 2859 1809 2930 καθάπερ
1838 2878 1889 2913 τι

313 2950 798 3023 παρακολούθημα
827 2948 1021 3001 ἕπεται
1067 2947 1275 3001 τούτων
1307 2949 1590 3021 ἑκάτερον,
1623 2955 1888 3022 ἐμφαῖνον

1994 1858 2080 1912 vel
2123 1861 2426 1914 secundum
2483 1877 2646 1916 unam
2679 1877 2744 1915 ex
2779 1863 3222 1930 oppositionibus
3269 1878 3332 1917 ea
3370 1863 3566 1917 distin-

1995 1949 2087 2017 gui
2134 1949 2257 2020 (a).
2325 1951 2480 2017 Quod
2544 1953 2710 2024 igitur
2770 1953 2899 2006 licet
2964 1953 3018 2006 in
3081 1953 3248 2008 rebus
3299 1955 3567 2009 exsisten—

1997 2039 2144 2094 tibus
2201 2056 2330 2094 vera
2386 2043 2524 2096 foret
2569 2059 2632 2098 ea
2703 2043 2997 2110 doctrina,
3054 2059 3165 2098 non
3229 2054 3409 2098 tamen
3467 2060 3566 2098 ne-

1995 2144 2148 2184 cesse
2179 2140 2323 2184 esset
2385 2147 2502 2185 eam
2561 2131 2626 2186 ad
2663 2147 2750 2186 res
2805 2133 3020 2186 divinas
3085 2134 3383 2186 transferre
3431 2134 3565 2202 (non

1994 2222 2140 2274 enim
2197 2220 2390 2274 iisdem
2459 2231 2572 2276 turn
2625 2221 2733 2276 illae
2795 2210 3048 2276 tum'lia:
3103 2223 3407 2276 rationibus
3438 2223 3569 2277 sub-

1990 2309 2302 2381 jiciuntur),
2354 2311 2408 2364 id
2452 2311 2504 2364 in
2550 2313 2840 2380 praesentia
2877 2313 3364 2383 praatermittalur;
3404 2313 3562 2366 nobis

1997 2417 2145 2456 nunc
2177 2404 2555 2456 demonstrare
2607 2403 2950 2472 propositum
3004 2403 3096 2467 sit,
3156 2417 3224 2455 ne
3272 2403 3340 2454 de
3393 2401 3562 2456 rebus

1998 2491 2242 2559 quidem,
2277 2508 2396 2560 qu:e
2446 2506 2614 2561 penes
2668 2506 2766 2545 nos
2807 2499 2934 2545 sunt
2971 2499 3025 2544 et
3063 2493 3558 2561 quomodocnnque

1997 2581 2216 2636 anobis
2254 2583 2508 2652 cognitae,
2543 2582 2613 2636 de
2661 2582 2844 2645 rebus,
2872 2582 3144 2650 oinquam,
3195 2585 3418 2648 creatis,
3462 2597 3559 2636 ne-

1997 2673 2291 2726 cessariam
2349 2689 2471 2728 esse
2526 2675 2667 2728 hanc
2715 2674 3023 2730 doctrinam
3089 2690 3266 2744 neque
3328 2689 3560 2744 prorsus

1968 2770 2217 2828 veram;
2249 2781 2354 2820 non
2393 2767 2590 2831 solum,
2623 2767 2749 2837 quia
2782 2767 2927 2836 quod
2979 2783 3088 2822 non
3132 2777 3216 2822 est
3253 2767 3562 2822 universale

1999 2865 2256 2926 tanquam
2288 2857 2600 2912 universale
2645 2859 2924 2927 proponit,
2961 2861 3070 2913 sed
3121 2859 3286 2913 etiam
3327 2859 3456 2929 quia
3505 2870 3562 2914 et

1997 2948 2053 3002 in
2105 2949 2306 3016 quibus
2359 2951 2661 3004 materialis
2719 2950 3002 3004 distinctio
3061 2951 3144 3005 vel
3196 2965 3258 3005 ea
3307 2955 3565 3020 quaeest

313 3044 560 3117 μὲν,ὃτι
593 3042 688 3094 καὶ
739 3039 862 3094 κατ’
915 3040 1048 3094 αὑτὸ
1096 3039 1434 3108 διακρίνεται
1493 3043 1560 3095 τὰ
1615 3043 1892 3114 διακεκρι-

1999 3039 2297 3094 secundum
2356 3041 2762 3110 oppositionem
2827 3041 3234 3105 consideratur,
3283 3057 3387 3095 non
3447 3041 3561 3111 ipsa

316 3137 488 3207 μένα,
548 3133 650 3202 τῆς
690 3133 767 3210 ⁵δὲ
825 3131 1158 3207 διακρίσεως
1231 3133 1402 3185 αἴτιον
1479 3130 1538 3184 ὃν
1614 3134 1890 3203 οὐδαμῶς.

313 3229 604 3284 Σκεπτέον
640 3227 697 3280 δὲ
732 3227 939 3290 οὕτως’
971 3229 1002 3297 η
1033 3227 1133 3298 ὕλη
1184 3227 1304 3280 καθ’
1338 3229 1509 3298 αὑτήν
1544 3231 1691 3283 ἐστιν
1715 3229 1892 3283 ἀδιαίο

315 3337 520 3391 ρετος’
566 3319 756 3389 ὥσπερ
803 3320 912 3387 γὰρ
963 3319 1178 3381 ἄποιος,
1227 3317 1370 3371 οὑτω
1401 3320 1495 3372 καὶ
1543 3321 1789 3384 ᾶποσοςο
1833 3323 1892 3376 τὸ

310 3416 528 3470 ᾶποσον
554 3411 610 3464 δὲ
639 3410 948 3478 ἀδιαίρετον
967 3425 980 3441 °
1015 3411 1076 3462 τὸ
1101 3409 1414 3478 ἀδιαίρετον
1441 3410 1497 3462 δὲ
1532 3409 1848 3480 ἀδιάκριτον
1871 3429 1886 3446 ο

309 3515 342 3568 ὃ
376 3515 435 3567 δὲ
467 3513 592 3567 καθ’
622 3513 753 3567 αὑτὸ
787 3513 862 3582 μὴ
907 3513 1204 3582 διαιρεῖται
1254 3513 1346 3566 καὶ
1377 3513 1741 3584 διακρίνεται,
1777 3517 1893 3578 πῶς

313 3610 391 3661 ἂν
419 3607 594 3675 ἑτέρῳ
623 3606 720 3675 τὴν
768 3605 946 3657 αἰτίαν
976 3604 1207 3674 παρέχοι
1255 3604 1353 3673 τῆς
1403 3605 1766 3675 διακρίσεως;
1800 3608 1894 3660 καὶ

310 3699 342 3750 ὃ
403 3699 503 3766 την
555 3697 850 3767 ἑτερότητα
907 3695 982 3766 μὴ
1037 3697 1328 3762 προσίεται
1387 3699 1560 3766 (πᾶσα
1620 3699 1730 3769 γὰρ
1789 3699 1892 3768 ὖλη

315 3791 483 3860 πάδη
514 3789 617 3858 ὕλῃ
655 3790 800 3840 ἐστὶν
825 3787 1124 3860 ἀδιάφορος
1170 3787 1315 3840 κατὰ
1347 3791 1436 3843 τὸν
1465 3791 1663 3844 οἰκεῖον
1688 3791 1889 3862 λόγον),

314 3884 445 3946 πῶς
481 3885 548 3937 ἂν
573 3884 777 3954 ἑτέροις
804 3883 976 3937 αἴτιον
1008 3885 1218 3952 γένοιτο
1250 3885 1346 3938 τοῦ
1403 3885 1610 3955 ἑτέροις
1646 3885 1894 3958 ἀλλήλων

315 3975 510 4044 sive“;
543 3977 684 4030 ’Δλϊ
737 3979 818 4031 ὃτι
871 3976 932 4030 τὸ
976 3978 1158 4031 ὑλικὸν
1213 3978 1375 4048 σῶμα
1423 3979 1547 4032 κατ’
1597 3978 1767 4050 αὑτὴν
1798 3980 1894 4052 τὴν

313 4073 463 4142 ὕλην
497 4074 578 4136 είς
607 4073 750 4142 μέρη
783 4071 926 4124 ποσὰ
967 4071 1220 4142 διῄρηται
1248 4072 1340 4124 καὶ
1385 4071 1504 4123 ἔστι
1547 4071 1732 4124 λαϐεῖν
1763 4073 1894 4125 Exa-

314 4182 456 4220 στον
490 4166 694 4218 τούτων
746 4163 841 4217 καὶ
889 4163 994 4216 ἀνὰ
1037 4162 1204 4232 μέρος
1251 4161 1424 4214 θεῖναι
1454 4163 1548 4215 καὶ
1576 4162 1746 4228 δεῖξαι
1775 4164 1895 4218 τόδε

312 4275 379 4312 τι
421 4256 482 4309 ὃν
541 4255 637 4308 καὶ
688 4254 787 4322 οὑχ
836 4253 978 4322 ὅπερ
1031 4252 1258 4321 ἕτερον,
1311 4251 1469 4322 ὑλικὴ
1521 4252 1791 4322 διάκρισις
1834 4253 1896 4306 τδ

233 4339 238 4343 ’
312 4346 571 4402 τοιοῦτον
623 4343 906 4397 καλεῖται’
954 4340 1112 4395 τοῦτο
1160 4340 1217 4394 δὲ
1265 4341 1324 4393 οὑ
1378 4341 1476 4410 τὴν
1532 4341 1665 4411 ὕλην
1716 4342 1896 4395 αἰτίαν

317 4437 540 4503 εἰσάγει
572 4436 670 4505 τῆς
716 4433 1039 4504 διακρίσεως
1077 4431 1217 4502 (πῶς
1262 4431 1372 4501 γὰρ
1424 4432 1522 4500 τὴν
1565 4432 1688 4485 καθ’
1723 4433 1894 4502 αὑτὴν

278 4505 729 4596 ’ἀδιάκριτον;),
766 4525 904 4579 ἀλλὰ
955 4523 1056 4593 τὴν
1103 4523 1246 4576 κατὰ
1294 4522 1394 4592 τὴν
1447 4522 1580 4593 ὑλην
1612 4523 1897 4594 διαίρεσιν,

318 4619 424 4686 ἀφ’
452 4613 518 4688 ἧς
549 4618 644 4668 καὶ
675 4616 734 4667 τὸ
782 4615 947 4667 ποσὸν
1000 4616 1110 4676 τοῖς
1160 4612 1598 4683 διακρινομένοις
1647 4613 1858 4669 ἔπεισιν
1882 4633 1896 4647 ⁸

320 4711 521 4778 ὥσπερ
552 4709 651 4761 καὶ
679 4705 774 4759 τοῦ
823 4706 1068 4775 ἐνεργεῖν
1103 4706 1164 4756 οὑ
1213 4703 1274 4756 τδ
1319 4698 1458 4766 εἶδος
1505 4706 1618 4766 τοῖς
1653 4705 1900 4776 σώμασιν

321 4804 505 4857 αἴτιον
537 4799 678 4871 (πῶς
703 4801 810 4871 γὰρ
836 4798 895 4852 το
927 4797 1048 4852 καθ’
1089 4797 1224 4851 αὑτὸ
1256 4797 1556 4867 ἀνέργητον
1579 4797 1619 4868 ;)
1657 4799 1756 4869 (3),
1785 4801 1899 4852 ἀλλ’

322 4897 359 4963 ἡ
391 4893 534 4961 πρὸς
583 4893 684 4962 τὴν
714 4890 847 4961 ’ὑλην
890 4890 1053 4943 αὑτοῦ
1107 4890 1356 4952 σύνοδος⁹
1391 4890 1452 4941 οὑ
1484 4889 1594 4960 γὰρ
1641 4891 1694 4942 εῖ
1739 4909 1789 4943 τι
1823 4891 1902 4960 τῷ

329 4989 576 5055 συνθέτῳ
609 4984 754 5037 κατά
785 5001 838 5036 τι
869 4982 976 5036 τῶν
1016 4983 1076 5034 ὲν
1105 4981 1252 5050 αὑτῷ
1290 4981 1478 5034 ἁπλῶν
1508 4983 1769 5054 ὑπάρχει,
1807 4984 1902 5038 καὶ

326 5078 409 5147 τῷ
445 5076 603 5146 ἁπλῴ
655 5078 860 5148 κυρίως
922 5075 1154 5146 ὑπάρξει
1196 5074 1272 5144 (4)
1298 5089 1311 5103 ⁸
1343 5073 1453 5126 οὔτ’
1496 5076 1604 5144 ἄρα
1651 5076 1728 5146 τῷ
1775 5077 1902 5128 εῖδει

329 5171 392 5222 τὸ
444 5171 686 5240 ἐνεργεῖν
735 5169 997 5238 ὑπάρχει,
1037 5168 1214 5221 καίτοι
1249 5184 1312 5236 γε
1353 5165 1493 5218 κατὰ
1525 5168 1586 5220 τὸ
1615 5162 1756 5230 εἶδος
1794 5170 1903 5232 τοῖς

407 5303 484 5370 (l)
517 5303 575 5357 In
608 5303 814 5357 Monac.
844 5301 949 5356 256
979 5301 1016 5356 ί.
1044 5302 1148 5356 999
1179 5319 1206 5356 a
1236 5313 1318 5358 est
1348 5317 1468 5370 cap.
1505 5302 1596 5356 25.

409 5381 488 5442 t2)
553 5373 724 5426 Verba
776 5374 918 5440 λέγω
949 5403 976 5414 -
1008 5375 1344 5440 κτισμάτων,
1400 5388 1522 5440 qua:
1588 5373 1789 5426 desunt
1842 5373 1896 5427 in

334 5443 483 5498 Men.
509 5442 599 5506 ΞΠ,
635 5459 705 5497 ex
742 5445 866 5498 cod.
895 5442 1000 5496 256
1025 5444 1422 5511 supplevimus.

1994 3129 2224 3182 materia
2256 3129 2343 3182 vel
2382 3129 2660 3198 oppositio
2701 3144 2924 3184 causam
2958 3131 3122 3184 habet
3163 3131 3561 3193 distinctionis,

1994 3234 2184 3272 verum
2209 3219 2319 3289 jam
2351 3220 2644 3274 diStinetas
2693 3235 2782 3274 res
2819 3219 3016 3274 horum
3061 3230 3360 3292 utrumque
3409 3225 3563 3278 velut

1996 3325 2351 3379 consequens
2385 3311 2662 3378 quoddam
2696 3312 2972 3380 sequitur,
3009 3312 3298 3367 declarans
3337 3314 3558 3380 quidem

1993 3417 2055 3456 ea
2085 3418 2208 3469 quae
2254 3401 2515 3456 distincta
2565 3410 2716 3464 sunt,
2784 3403 2951 3456 etiam
3014 3403 3320 3457 secundum
3378 3405 3557 3473 ipsum

1994 3494 2279 3562 distingui,
2301 3493 2672 3548 distinctionis
2694 3509 2825 3548 vero
2843 3509 3005 3548 causa
3025 3495 3248 3551 minime
3266 3497 3560 3552 exsistens.

1992 3585 2398 3640 Consideranda
2447 3601 2577 3639 vero
2615 3600 2702 3640 res
2734 3595 2817 3640 est
2864 3585 2969 3640 hoc
3018 3597 3191 3655 pacto.
3221 3585 3441 3640 Materia
3473 3602 3557 3642 se~

1993 3677 2230 3732 cundum
2250 3693 2308 3730 se
2327 3685 2409 3731 est
2427 3677 2808 3741 indivisibilis;
2833 3692 2955 3730 nam
2975 3687 3032 3732 ut
3052 3678 3170 3732 sine
3187 3679 3468 3748 qualitate,
3489 3679 3564 3733 ita

1995 3778 2050 3823 et
2075 3769 2190 3823 sine
2209 3769 2513 3837 quantitate
2537 3777 2642 3831 est,
2665 3769 2811 3838 quod
2831 3784 2966 3823 vero
2986 3771 3104 3825 sine
3127 3771 3431 3840 quantitate
3457 3780 3562 3832 est,

1998 3861 2333 3916 indivisibile
2365 3874 2470 3928 est;
2513 3862 2847 3916 indivisibile
2882 3877 3012 3915 vero
3041 3871 3123 3915 est
3157 3860 3561 3921 indistinctum;

1995 3949 2138 4027 quod
2157 3971 2285 4010 vero
2305 3955 2606 4009 secundum
2631 3953 2873 4022 seipsum
2893 3968 3001 4006 non
3024 3953 3284 4007 dividitur
3305 3959 3360 4007 et
3377 3951 3566 4006 distiu-

1995 4046 2200 4116 suitur,
2221 4044 2498 4114 quomodo
2518 4044 2623 4098 hoc
2647 4042 2804 4096 alteri
2831 4057 3050 4097 causam
3080 4043 3349 4110 praeberet
3373 4043 3567 4096 distin-

1996 4136 2487 4206 ctionis?.etquod
2535 4135 2907 4190 diversitatem
2945 4149 3054 4187 non
3088 4133 3327 4188 admittit
3357 4134 3559 4200 (omnis

1996 4233 2141 4286 enim
2182 4233 2408 4285 materia
2436 4229 2666 4284 cuilibet
2707 4228 2952 4282 materia:
3007 4235 3093 4281 est
3126 4225 3449 4280 indifferens
3482 4241 3567 4281 sc-

1999 4323 2235 4375 cumlum
2265 4322 2541 4391 pmpriam
2568 4319 2879 4388 rationem),
2903 4321 3180 4387 quomodo
3203 4317 3307 4371 hoc
3329 4317 3451 4371 aliis
3477 4331 3566 4371 es-

2000 4419 2087 4464 set
2112 4425 2297 4475 causa,
2321 4420 2378 4462 ut
2400 4409 2468 4463 ab
2495 4409 2727 4464 lnvicem
2755 4408 2966 4462 diversa
2986 4407 3133 4461 sint?
3160 4405 3265 4459 Sed
3289 4406 3434 4476 quod
3453 4422 3567 4461 ma-

2001 4501 2190 4556 teriale
2215 4516 2418 4570 corpus
2449 4499 2752 4554 secundum
2784 4500 2954 4568 ipsam
2986 4499 3268 4552 materiam
3299 4501 3353 4553 in
3380 4511 3563 4568 partes

1998 4603 2226 4663 quantas
2263 4593 2500 4646 divisum
2524 4600 2606 4646 est
2643 4600 2697 4645 et
2730 4605 3175 4660 unamquamque
3211 4605 3403 4645 earum
3440 4593 3566 4646 licet

1999 4685 2249 4753 accipere
2295 4691 2349 4737 et
2399 4698 2560 4736 unam
2609 4691 2733 4752 post
2773 4683 3002 4735 alteram
3061 4698 3292 4752 ponere.
3325 4698 3556 4751 eamque

1999 4775 2288 4828 ostendere
2348 4774 2453 4828 hoc
2514 4783 2722 4828 certum
2780 4775 2986 4844 aliquid
3049 4775 3448 4839 exsistentem,
3511 4784 3566 4828 et

2002 4883 2108 4921 non
2147 4867 2199 4920 id
2245 4865 2392 4936 quod
2442 4867 2567 4931 alia,
2603 4865 2657 4920 id
2715 4866 3014 4921 materialis
3057 4866 3336 4920 distinctio
3381 4867 3570 4935 appel-

2001 4959 2166 5010 latur.
2233 4958 2345 5012 lluc
2414 4967 2593 5011 autem
2662 4974 2771 5012 non
2843 4958 3122 5012 materiam
3199 4957 3410 5011 inducit
3457 4960 3567 5012 dis-

2005 5050 2284 5102 line-tionis
2345 5064 2560 5102 causam
2617 5050 2915 5119 (quomodo
2973 5051 3120 5105 enim
3181 5051 3406 5105 materia
3455 5053 3568 5106 haec

2002 5141 2145 5193 loret
2175 5154 2360 5204 causa,
2398 5156 2520 5192 cum
2567 5141 2870 5194 secundum
2906 5155 2965 5196 se
3006 5143 3078 5196 sit
3131 5141 3448 5197 indistincta
3477 5142 3565 5212 ‘2),

2077 5299 2152 5372 (ὃ)
2185 5301 2337 5353 Mon.
2363 5302 2468 5354 9.316
2565 5300 2688 5364 9.99,
2721 5303 2770 5361 ll,
2799 5301 3178 5372 ἀνενέργητον.

2082 5370 2160 5437 (4)
2189 5372 2279 5423 Sic
2310 5382 2457 5424 rec;e
2498 5371 2639 5424 Men.
2677 5373 2781 5426 256
2808 5389 2820 5436 ;
2854 5370 2998 5426 Mon.
3030 5374 3118 5436 27,
3153 5373 3398 5444 παρέξει.

406 5626 769 5698 (αινῐὶεεῃίρίι
801 5625 871 5698 ad
915 5625 978 5679 D.
1008 5623 1255 5698 “Thema:
1294 5620 1578 5698 Aquiuatis
1621 5625 1893 5698 principia
1937 5625 2092 5683 Sum.
2161 5628 2328 5683 tlieol.
2391 5641 2443 5695 p.
2475 5625 2514 5689 l,
2545 5642 2597 5694 q.
2630 5624 2698 5680 36
2752 5623 2951 5678 Confer
2978 5623 3046 5678 de
3080 5623 3165 5679 liis
3195 5624 3423 5696 aliisque
3451 5626 3571 5682 Pla-

339 5696 450 5750 ltili
475 5693 736 5766 TIICOlOS-
773 5712 824 5765 p.
861 5697 898 5762 Ι,
924 5710 976 5750 c.
1004 5695 1056 5760 5,
1093 5695 1120 5764 §
1158 5696 1210 5760 3,
1238 5711 1292 5748 n.
1319 5693 1423 5746 2M
1445 5709 1562 5763 seq.
