3900 6216
392 288 490 358 1θί

1755 284 2265 349 BESSARIONIS

3522 288 3624 354 192

388 422 582 466 verum
643 404 972 460 divisionem
1028 407 1335 459 secundum
1394 403 1703 468 materiam,
1752 418 1781 456 a
1842 416 1949 469 qua

2066 398 2306 469 πώμασιν
2338 401 2369 470 η
2402 397 2670 470 ἐνέργεια,
2702 394 2829 451 οὔτε
2856 399 2920 468 τῇ
2951 395 3053 468 ὕλῃ
3090 398 3150 451 τὸ
3182 398 3258 469 (l)
3301 398 3620 471 διακρίνειν,

395 502 561 557 etiam
602 497 690 561 iis,
740 510 862 565 quae
917 494 1353 564 distinguuntur,
1388 495 1670 565 quantitas
1705 492 1951 558 accedit;

392 593 537 647 sicut
560 597 615 644 et
639 586 965 656 corporibus
1002 600 1110 639 non
1148 586 1324 638 forma
1350 600 1514 640 causa
1540 594 1624 639 est
1647 584 1793 654 quod
1826 598 1954 652 ope-

393 690 589 738 rantur
629 675 926 748 (quomodo
980 674 1127 729 enim
1181 672 1325 729 foret
1365 675 1416 728 id
1450 674 1595 745 quod
1648 672 1953 728 secundum

391 790 454 831 se
502 774 620 828 sine
670 768 985 838 operatione
1035 768 1206 838 est?),
1260 767 1355 821 sed
1392 767 1512 837 ejus
1545 781 1670 821 cum
1726 765 1956 820 materia

394 870 528 924 nnio
556 881 619 920 ac
647 876 992 933 congressus.
1024 859 1212 929 Neque
1242 860 1389 915 enim
1414 860 1459 913 si
1486 859 1616 929 quid
1650 856 1957 927 composito

392 960 538 1014 inest
569 955 873 1011 secundum
922 952 1127 1021 aliquid
1164 964 1356 1005 eorum
1389 967 1509 1021 qua:
1552 951 1607 1004 in
1658 949 1779 1019 ipso
1830 955 1959 1001 sunt

391 1049 689 1119 simplicia,
729 1046 781 1100 id
831 1045 997 1099 etiam
1028 1043 1284 1112 Lsimplici
1335 1044 1555 1113 proprie
1606 1041 1809 1106 inerit;
1846 1055 1956 1093 non

391 1157 524 1213 ergo
551 1140 742 1195 forma:
772 1138 915 1191 inest
943 1136 1184 1205 operari,
1225 1133 1354 1187 licet
1386 1134 1691 1187 secundum
1724 1132 1956 1186 formam

392 1230 719 1302 corporibus
751 1231 824 1282 sit
852 1228 1125 1296 operatio,
1158 1240 1335 1294 neque
1372 1223 1616 1277 materiae
1658 1221 1801 1276 inest
1846 1220 1958 1275 dis-

394 1322 669 1389 tinguere,
723 1317 852 1369 licet
914 1314 1216 1368 secundum
1277 1313 1450 1382 ipsam
1502 1312 1823 1381 compositis
1888 1313 1959 1366 sit

322 1400 329 1405 “
394 1405 707 1461 distinctio.
741 1402 859 1456 Non
888 1418 1021 1472 ergo
1071 1402 1354 1456 materiam
1401 1401 1691 1455 reddentes
1737 1416 1956 1454 causam

393 1496 769 1552 distinctionis
803 1503 953 1548 recte
1005 1493 1457 1557 indicaverimus,
1502 1508 1693 1547 verum
1729 1492 1958 1547 divisio-

394 1603 517 1642 nem
575 1584 878 1640 secundum
936 1584 1244 1647 materiam,
1309 1583 1401 1637 ubi
1475 1583 1658 1637 locum
1727 1584 1956 1638 materia

393 1682 578 1735 habet.
623 1679 866 1733 Rursum
910 1676 963 1729 in
1015 1675 1216 1744 quibus
1246 1674 1474 1729 materia
1502 1690 1609 1728 non
1644 1684 1750 1738 est,
1776 1675 1957 1730 consi-

2058 491 2327 558 καίτοιγε
2372 492 2497 544 κατ’
2527 490 2697 558 αὐτὴν
2740 489 2772 557 ἡ
2816 487 3088 557 διάκρισις
3136 493 3252 553 τοῖς
3297 490 3571 555 συνθέτοις
3602 510 3617 524 ο

2056 581 2155 635 οὐκ
2202 581 2310 649 ἄρα
2344 579 2441 650 τὴν
2488 578 2623 652 ’ὕλην
2664 579 3007 643 ἀποδιδόντες
3042 581 3228 633 αἰτίαν
3260 580 3362 651 τῆς
3405 581 3621 652 διακρί-

2059 688 2197 735 σεως
2240 672 2410 739 ὑγιῶς
2466 672 2532 726 ἂν
2578 671 2983 735 ἀποδεδωκότες
3026 673 3258 742 εἴημεν,
3323 672 3462 727 ἀλλά
3518 675 3622 745 τὴν

2057 763 2197 817 κατά
2230 764 2331 832 τὴν
2357 762 2491 833 ὓλην
2523 762 2809 833 διαίρεσιν,
2848 765 2934 829 ἐφ’
2982 758 3057 817 ὧν
3089 765 3122 835 ἡ
3156 763 3253 833 ὕλη
3287 764 3387 836 τὴν
3436 765 3624 836 χώραν

2057 855 2205 924 ἔχει·
2238 855 2402 908 πάλιν
2453 854 2509 907 δὲ
2552 848 2806 924 ἐφ’ὧνή
2856 854 2957 925 ὕλη
3016 854 3092 926 μὴ
3142 856 3277 919 ἔστι,
3330 858 3621 921 σκεπτέον,

2058 947 2106 998 εἰ
2139 947 2411 1013 ἀναγκαία
2459 946 2594 1015 πρὸς
2632 945 2732 1015 τὴν
2781 945 3059 1013 διάκρισιν
3108 947 3141 1013 ἡ
3190 944 3489 1009 ἀντίθεσις.
3546 948 3630 1000 Τά

2058 1036 2164 1088 ἀπὸ
2195 1038 2287 1089 τοῦ
2311 1033 2476 1087 αὑτοῦ
2507 1034 2860 1103 διαιρούμενα
2910 1034 3103 1100 γένους
3147 1035 3629 1106 ἀντιδιαιρούμενα

2057 1126 2307 1195 ἀλλήλοις
2361 1125 2599 1194 λέγεται,
2650 1127 2832 1178 πάντα
2902 1125 3004 1195 μὲν
3074 1125 3223 1189 ἴσως,
3277 1126 3513 1195 μάλιστα
3569 1128 3629 1181 δὲ

2055 1219 2127 1270 ei
2179 1216 2433 1269 πλεῖστον
2493 1216 2743 1286 ἀλλήλων
2798 1216 3121 1286 διεστηκότα
3178 1217 3209 1286 ἦ
3258 1218 3327 1270 τὰ
3375 1219 3629 1271 πλεῖστον

2055 1308 2402 1377 διεστηκόσιν
2456 1307 2866 1376 ἀφοριζόμεναο
2919 1302 3032 1365 οἷον
3078 1308 3185 1360 ἀπὸ
3236 1308 3336 1377 μὲν
3359 1307 3451 1360 τοῦ
3483 1305 3632 1377 χρώ-

2059 1415 2228 1467 ματος
2273 1399 2526 1451 πλεῖστον
2578 1398 2907 1467 διεστηκότα
2955 1399 3016 1450 τὸ
3066 1397 3260 1451 λευκὸν
3296 1398 3389 1450 καὶ
3425 1400 3482 1449 τὸ
3522 1398 3623 1466 μέ-

2056 1489 2155 1542 λαν
2179 1504 2194 1519 °
2224 1489 2394 1542 ταῦτα
2439 1490 2495 1543 δὲ
2532 1491 2627 1543 καί¹
2681 1491 2896 1544 ἐναντία
2944 1490 3192 1544 καλεῖται
3225 1505 3241 1520 ·
3271 1490 3380 1542 ἀπὸ
3416 1489 3473 1541 δὲ
3527 1488 3623 1540 τοῦ

2057 1578 2199 1645 ζώου
2246 1583 2358 1643 τοῖς
2404 1579 2654 1633 πλεῖστον
2704 1580 3051 1650 διεστηκόσιν
3100 1578 3502 1650 ἀφοριζόμενα.
3547 1577 3626 1647 τῷ

2060 1673 2264 1742 λογικῷ
2295 1690 2438 1743 φημι
2492 1674 2587 1726 καὶ
2621 1672 2821 1743 ἀλόγῳ,
2850 1672 3132 1744 ἄνθρωπός
3182 1688 3243 1724 τε
3294 1671 3391 1725 καὶ
3439 1670 3625 1731 ἵππος.

394 1768 725 1829 derandum,
791 1781 861 1818 an
919 1765 987 1819 ad
1038 1764 1452 1818 distinctionem
1516 1766 1829 1819 necessaria
1891 1766 1964 1819 sit

2066 1735 2191 1833 Ἆρ’
2225 1735 2320 1819 οὖν
2352 1735 2528 1818 ταῦτα
2574 1735 3103 1835 μόνα-διακέκριται
3146 1762 3413 1833 ἀλλήλων,
3440 1760 3524 1830 ἐφ’
3554 1754 3631 1815 ὧν

396 1858 693 1928 oppositio.
728 1856 805 1909 Ea
847 1871 969 1922 quae
1010 1854 1078 1907 ab
1138 1853 1332 1908 eodem
1374 1870 1576 1924 genere
1615 1855 1963 1923 dividuntur,

396 1960 591 2003 contra
637 1946 810 2000 divisa
864 1945 1101 1999 invicem
1136 1946 1422 2008 dicuntur,
1465 1946 1697 2000 fortasse
1741 1947 1962 2016 quidem

397 2038 607 2102 omnia,
640 2036 873 2089 maxime
898 2049 1027 2089 vero
1062 2050 1125 2089 ea
1156 2050 1278 2104 quae
1310 2036 1604 2104 plurimum
1635 2035 1704 2090 ab
1733 2036 1963 2090 invicem

398 2127 609 2183 distant
644 2126 728 2181 vel
754 2142 816 2181 ea
849 2141 971 2195 quae
998 2126 1299 2195 plurimum
1327 2127 1662 2182 distantibus
1682 2137 1964 2196 segregata

398 2227 560 2282 sunt;
594 2218 743 2273 verbi
777 2217 1019 2285 gratia'a
1050 2218 1235 2271 colore
1264 2217 1501 2271 maxime
1542 2216 1803 2271 distantia
1837 2226 1967 2272 sunt

398 2310 582 2365 album
612 2318 668 2363 et
699 2309 951 2378 nigrum;
981 2308 1097 2362 inec
1131 2324 1265 2363 vero
1296 2317 1354 2363 et
1385 2310 1658 2363 contraria
1685 2311 1968 2378 appellan-

399 2411 525 2466 tur;
559 2402 627 2455 ab
665 2387 886 2454 animali
926 2415 1055 2453 vero
1077 2415 1141 2454 ea
1189 2415 1311 2468 qua:
1360 2400 1596 2455 maxime
1632 2401 1965 2457 distantibus

396 2500 791 2555 secernuntur,
849 2490 1103 2547 rationali
1156 2491 1280 2547 dico
1329 2500 1386 2547 et
1437 2494 1667 2548 rationis
1718 2502 1963 2563 experte,

400 2593 518 2637 tum
561 2584 725 2637 homo
773 2591 887 2636 tum
935 2598 1135 2651 equus.
1177 2582 1317 2637 Num
1372 2584 1535 2653 igitur
1581 2585 1696 2638 haec
1739 2586 1853 2640 sola
1896 2586 1965 2641 ab

399 2674 638 2729 invicem
664 2673 1102 2743 distinguuntur,
1138 2674 1194 2728 in
1227 2673 1431 2743 quibus
1463 2683 1548 2729 est
1569 2676 1847 2743 oppositio
1879 2677 1967 2732 vel

402 2764 796 2827 contrarietas,
830 2764 914 2819 vel
951 2764 1117 2819 etiam
1152 2779 1216 2818 ea
1255 2779 1379 2834 qua:
1427 2765 1570 2819 inter
1600 2765 1715 2820 haec
1744 2766 1969 2838 interia-

400 2861 532 2909 cent
592 2862 648 2909 et
697 2868 821 2909 cum
883 2855 1018 2924 ipsis
1070 2855 1632 2927 dividunturHSane
1681 2857 1848 2911 etiam
1904 2872 1968 2911 ea

399 2945 651 2999 omnino.
716 2942 853 2997 Nam
914 2945 1193 2998 communi
1253 2960 1449 3014 genere
1513 2945 1766 3016 cepulata
1841 2955 1970 3002 sunt

2066 1858 2100 1927 η
2127 1856 2398 1919 ἀντίθεσις
2436 1856 2615 1909 εῐτουν
2660 1855 2981 1918 ἐναντίωσις
3010 1854 3042 1924 ἢ
3084 1854 3179 1907 καὶ
3205 1853 3276 1907 τά
3313 1852 3391 1921 (2)
3422 1851 3629 1920 μεταξὺ

2064 1947 2270 2000 τούτων
2298 1948 2394 2001 καὶ
2423 1948 2519 2000 σὺν
2556 1947 2740 2011 αὐτοῖς
2769 1945 3163 2016 διαιρούμενα;
3202 1944 3427 2006 Πάντως
3456 1944 3630 2013 δήπου

2066 2038 2293 2090 κάκεῖνα
2316 2052 2331 2068 ο
2361 2037 2442 2108 τῷ
2470 2037 2578 2106 γὰρ
2612 2036 2777 2107 κοινῷ
2809 2036 2959 2105 γένει
2988 2036 3261 2103 συνῆπται
3294 2036 3494 2099 πάντα,
3517 2035 3637 2087 δια-

2066 2127 2319 2197 κέκριται
2372 2127 2430 2181 δὲ
2485 2129 2598 2190 τοῖς
2654 2128 3037 2197 ἀφοριστικοίς
3089 2127 3323 2179 ἕκαστον
3383 2126 3633 2194 δηλονότι

2066 2216 2268 2279 λόγοις,
2296 2215 2345 2267 εἰ
2384 2217 2479 2269 καὶ
2529 2214 2605 2283 μὴ
2660 2214 2914 2267 πλεῖστον
2962 2214 3208 2283 ἀλλήλων
3252 2215 3569 2285 διέστηκεν,
3598 2215 3632 2284 ἢ

2068 2309 2163 2361 καὶ
2192 2308 2424 2376 θατέρου
2452 2306 2559 2359 τῶν
2587 2306 2844 2359 ἐναντίων
2879 2305 3082 2375 μᾶλλον
3125 2305 3344 2377 μετέχει
3366 2322 3379 2338 ι
3410 2306 3492 2370 τίς
3523 2307 3634 2376 γὰρ

2070 2398 2342 2459 ἀντίθεσις
2369 2395 2565 2469 κιιῤῥοῦ
2605 2396 2742 2462 πρὸς
2789 2395 3019 2465 ἐρυθρὸν
3048 2397 3104 2448 ὲν
3135 2396 3212 2467 τῷ
3242 2396 3500 2466 χρώματι
3530 2397 3637 2467 (5),

2068 2491 2152 2555 τίς
2197 2491 2252 2543 δὲ
2310 2489 2477 2542 ἵππου
2533 2487 2671 2557 πρὸς
2706 2486 2835 2556 βοῦν
2883 2488 2944 2539 ὲν
2974 2487 3053 2554 τῷ
3078 2486 3239 2557 (tua);
3280 2488 3421 2541 Ἀλλ’
3446 2491 3637 2561 ἐπειδὴ

2066 2582 2162 2636 τοῦ
2211 2579 2375 2634 αὐτοῦ
2420 2578 2675 2649 διῄρηται
2725 2578 2939 2646 γένους,
2988 2578 3225 2633 καθόσον
3281 2580 3378 2649 μὲν
3419 2580 3636 2635 ἐκείνου

2067 2668 2343 2737 διῄρηται,
2398 2665 2492 2718 τοῦ
2561 2664 2741 2718 κοινοῦ
2812 2665 3197 2735 διακέκριται·
3274 2667 3505 2723 καθόσον
3580 2671 3638 2724 δὲ

2068 2758 2161 2809 καὶ
2195 2756 2273 2827 (4)
2300 2754 2552 2824 ἀλλήλοις
2580 2754 2981 2825 ἀντιδιῄρηται,
3015 2756 3111 2809 καί⁸
3142 2755 3389 2825 ἀλλήλων
3424 2756 3629 2827 δήπου-

2069 2847 2162 2902 θεν
2196 2844 2539 2915 διακέκριται
2560 2848 2670 2908 τοῖς
2702 2845 2855 2907 ἰδίοις
2884 2844 3087 2913 λόγοις,
3117 2846 3165 2898 εἰ
3199 2846 3291 2899 καὶ
3319 2846 3397 2918 μὴ
3424 2849 3637 2915 πάντας

2069 2940 2231 3025 ἡμεῖς
2258 2938 2568 2993 ἀποδιδόναι
2597 2939 2795 3009 ῥᾳδίως
2828 2937 3048 3009 ἔχομέν.
3075 2940 3190 2994 Οὐκ
3236 2940 3344 3012 ἀρα
3388 2942 3487 3012 τὴν
3538 2943 3637 2995 ἀν-

397 3036 611 3102 omnia,
642 3035 897 3091 distincta
932 3049 1063 3089 vero
1111 3045 1240 3088 sunt
1286 3035 1737 3091 discernentibus
1772 3052 1964 3091 unam-

2072 3031 2275 3087 τίθεσιν
2304 3033 2575 3086 αἰτιατέον
2600 3031 2698 3098 τῆς
2730 3032 3058 3104 διακρίσεως
3084 3034 3195 3087 οὐδ’
3226 3033 3460 3087 ἐνταῦθα
3492 3034 3640 3101 (πῶς

401 3129 661 3198 quodque
710 3128 1041 3193 rationibus,
1102 3126 1233 3181 licet
1289 3135 1346 3181 et
1396 3143 1504 3182 non
1556 3128 1852 3196 plurimum
1898 3130 1966 3184 ab

398 3221 637 3276 invicem
672 3219 899 3284 distent,
946 3218 1031 3273 vel
1080 3219 1247 3273 etiam
1289 3218 1520 3273 alterius
1561 3220 1964 3273 contrariorum

400 3310 588 3379 potius
650 3310 1008 3380 participant;
1070 3325 1193 3364 nam
1257 3324 1508 3379 quaenam
1562 3309 1637 3364 sit
1692 3309 1968 3379 Oppositio

401 3400 633 3455 subﬂavi
679 3400 749 3455 ad
785 3400 1019 3455 rubrum
1066 3399 1122 3454 in
1172 3400 1378 3465 colore,
1423 3390 1673 3470 quaenam
1723 3400 1848 3469 equi
1898 3400 1967 3455 ad

401 3491 596 3547 bovem
661 3491 717 3545 in
768 3491 1032 3546 animali?
1082 3490 1282 3546 Verum
1340 3492 1596 3561 quoniam
1653 3492 1722 3547 ab
1771 3491 1965 3547 eodem

401 3582 730 3637 dividuntur
758 3598 980 3652 genere,
1010 3582 1064 3636 in
1096 3592 1361 3652 quantum
1391 3582 1572 3638 abillo
1596 3582 1914 3637 dividuntur
1937 3600 1966 3638 a

402 3673 685 3728 communi
704 3673 1152 3742 distinguuntur;
1179 3672 1230 3725 in
1260 3682 1528 3741 quantum
1560 3687 1691 3727 vero
1714 3673 1785 3726 ab
1826 3672 1969 3727 invi-

402 3779 520 3819 cem
553 3772 744 3818 contra
795 3762 1145 3827 dividuntur,
1198 3763 1363 3817 etiam
1415 3763 1485 3817 ab
1532 3763 1770 3818 invicem
1818 3774 1969 3818 certe

401 3856 820 3924 distinguuntur
842 3852 1081 3923 propriis
1098 3853 1692 3925 rationibus,quamvis
1723 3868 1825 3909 nos
1858 3870 1969 3908 non

401 3962 597 4001 omnes
627 3945 786 4001 facile
817 3946 1096 4016 possimus
1128 3946 1435 4015 assignare.
1479 3945 1597 4001 Non
1636 3963 1769 4017 ergo
1798 3962 1969 4017 oppo-

403 4038 665 4093 sitionem
727 4037 1102 4091 distinctionis
1149 4051 1369 4091 causam
1421 4044 1665 4092 statuere
1726 4045 1967 4106 oportet,

402 4143 582 4198 neque
610 4129 710 4183 liae
740 4130 794 4182 in
829 4127 1077 4183 materia.
1119 4126 1427 4193 (Quomodo
1452 4128 1599 4181 enim
1631 4127 1685 4181 id
1721 4127 1861 4182 foret
1905 4144 1971 4182 ea

400 4236 525 4288 qm:
555 4221 611 4274 in
656 4220 908 4289 plurimis
954 4232 1022 4272 ne
1076 4218 1258 4272 locum
1306 4217 1529 4285 quidem
1591 4200 1818 4285 habet?)
1874 4218 1968 4272 sed

399 4319 531 4365 ante
588 4310 760 4378 ipsam
816 4309 1168 4374 divisionem,
1214 4323 1336 4377 qua:
1390 4308 1458 4362 ab
1511 4308 1707 4363 eodem
1766 4323 1969 4378 genere

2070 3126 2179 3194 γὰρ
2210 3125 2334 3195 ἥτις
2362 3125 2453 3179 ἐπὶ
2482 3125 2590 3177 τῶν
2616 3125 2890 3178 πλείστων
2917 3124 3032 3177 οὐδ’
3061 3126 3173 3196 ἔχει
3202 3125 3386 3196 χώραν
3409 3126 3471 3196 ς),
3498 3126 3638 3180 ἀλλά

2070 3217 2178 3287 πρὸ
2216 3217 2383 3286 αὐτῆς
2416 3217 2513 3287 τὴν
2557 3217 2844 3288 διαίρεσιν,
2874 3218 2998 3288 ἥτις
3047 3218 3153 3271 ἀπὸ
3204 3216 3299 3272 τοῦ⁹
3350 3219 3517 3273 αὐτοῦ
3558 3218 3637 3289 (5)

2068 3311 2180 3374 τοῖς
2218 3310 2369 3373 ἰδίοις
2422 3310 2603 3379 λόγοις
2652 3311 2883 3365 ἕκαστον
2925 3312 3127 3382 διαιρεῖ
3158 3328 3171 3342 ο
3205 3312 3411 3381 ταύτην
3452 3314 3507 3365 δὲ
3540 3314 3641 3367 καὶ

2068 3402 2168 3471 τῆς
2197 3402 2521 3466 ἀντιθέσεως
2549 3402 2731 3456 αἰτίαν
2758 3403 3075 3456 ἀποδιδόναι
3108 3403 3444 3473 πανάληθες.
3473 3402 3643 3457 Ἀλλα

2072 3496 2165 3549 καὶ
2206 3495 2299 3548 ἐπὶ
2337 3494 2445 3547 τῶν
2486 3496 2704 3564 ἀτόμων
2731 3496 2759 3548 ό
2785 3495 2949 3559 αὐτὸς
2984 3495 3156 3563 δήπου
3182 3498 3280 3566 τῆς
3309 3495 3642 3564 διακρίσεως

2068 3586 2246 3655 λόγος.
2280 3586 2346 3639 Τί
2382 3587 2512 3655 γὰρ,
2549 3587 2597 3638 εἰ
2641 3587 2715 3656 μὴ
2740 3588 2967 3640 κάκεῖνα
2995 3584 3129 3656 ὕλης
3180 3587 3430 3656 μετέχεις
3465 3586 3521 3638 τί
3550 3586 3633 3650 δὲ,

2070 3679 2119 3732 εἰ
2148 3676 2269 3746 μηδ’
2300 3677 2569 3730 ἀντίθεσιν
2622 3678 2772 3731 ἔστιν
2823 3677 3003 3745 εὑρεῖν
3037 3679 3094 3729 ὲν
3127 3678 3345 3753 gat-3:01;;
3376 3671 3521 3748 'Apa
3551 3677 3644 3730 διὰ

2071 3763 2217 3819 τοῦθ’
2265 3765 2398 3835 ἡμῖν
2444 3765 2733 3834 ἀδιάκριτα
2781 3766 2931 3821 ἔσται
2972 3768 3067 3821 καὶ
3101 3765 3159 3818 ἓν
3188 3766 3408 3838 ἀριθμῷ
3460 3769 3643 3820 πάντα

2072 3858 2355 3926 γενήσεται
2380 3872 2395 3920 ;
2428 3856 2568 3908 Πολύ
2602 3856 2653 3924 γ’
2683 3858 2749 3911 ἂν
2777 3855 2920 3910 οὕτω
2952 3858 3439 3929 τερατουργήσειεν
3470 3857 3503 3927 ἡ
3531 3860 3645 3911 τῶν

2071 3950 2314 4017 Λατίνων
2364 3948 2700 4018 τεχνολογία.
2738 3948 2881 4001 Ἀλλ’
2911 3950 2944 4019 ὴ
2973 3950 3080 4003 ἀπὸ
3124 3947 3217 4002 τοῦ
3267 3947 3432 4002 αὐτοῦ
3461 3948 3645 4012 εἴδους

2071 4041 2231 4093 κάκεῖ
2255 4039 2519 4110 διαίρεσις
2574 4042 2687 4103 τοῖς
2731 4040 2951 4102 οἰκείοις
3007 4040 3239 4093 ἕκαστον
3297 4038 3644 4109 ἀφορίζουσα

2071 4130 2248 4199 λόγοις
2276 4131 2374 4201 τὴν
2406 4132 2674 4202 διάκρισιν
2696 4129 3087 4201 ἀπεργάζεται.
3116 4132 3176 4184 Εἰ
3202 4130 3258 4185 δὲ
3290 4130 3415 4195 τοὺς
3442 4129 3647 4199 λόγους

2072 4223 2233 4293 ἡμεῖς
2280 4223 2605 4293 ἀγνοοῦμεν.
2654 4222 2969 4292 θαυμαστὸν
3020 4221 3193 4286 οὐδὲν,
3238 4221 3375 4275 ὅπου
3423 4239 3489 4289 γε
3546 4224 3649 4276 καὶ

2071 4316 2178 4369 τῶν
2228 4314 2490 4368 πλειόνων
2538 4315 2694 4368 εἰδῶν
2744 4315 2871 4378 τοὺς
2913 4314 3108 4382 λόγους
3160 4313 3261 4367 οὐκ
3309 4313 3375 4367 ἃν
3420 4312 3649 4383 ἔχοιμεν

403 4402 644 4471 propriis
714 4400 1021 4456 rationibus
1083 4399 1515 4469 unumquodque
1561 4398 1776 4453 dividit.
1818 4397 1964 4454 lianc

2073 4405 2363 4459 ἀποδοῦναι
2426 4406 2656 4476 ῥαδίωςο
2732 4406 2910 4459 ἐκεῖνό
2978 4422 3041 4472 γε
3103 4404 3210 4474 μὴν
3286 4404 3649 4474 ὡμολογημέ-

404 4504 536 4543 vero
596 4488 759 4543 etiam
828 4489 1192 4559 oppositionis
1245 4503 1467 4543 causam
1531 4487 1813 4557 assignare
1881 4503 1972 4542 ve-

403 4582 682 4634 rissimum
729 4589 834 4636 est.
887 4580 1086 4636 Verum
1150 4582 1205 4635 in
1255 4578 1553 4634 individuis
1599 4594 1818 4648 quoque
1877 4594 1972 4633 ea-

400 4672 527 4725 dem
574 4671 945 4728 distinctionis
985 4681 1071 4728 est
1102 4675 1266 4727 ratio.
1321 4671 1464 4738 Quid
1499 4672 1669 4737 enim,
1702 4673 1746 4726 si
1782 4686 1888 4725 non
1917 4681 1971 4725 et

404 4763 496 4818 illa
557 4765 802 4819 materiae
860 4766 1231 4834 participant?
1264 4764 1429 4831 .Quid
1483 4780 1635 4830 vero,
1689 4764 1734 4819 si
1790 4778 1969 4833 neque

403 4857 811 4925 nppositioncm
841 4857 894 4909 in
933 4856 1073 4926 ipsis
1107 4858 1351 4928 reperire
1391 4857 1554 4911 licet?
1588 4857 1726 4910 Num
1763 4855 1969 4910 idcirco

402 4948 722 5002 indistincta
785 4946 951 5002 nobis
1020 4958 1185 5002 erunt
1253 4957 1418 5017 atque
1491 4962 1658 5001 unum
1738 4961 1970 5000 numero

402 5048 600 5092 cuncta
661 5039 938 5094 evadent?
995 5038 1159 5094 Multa
1195 5054 1326 5094 sane
1374 5041 1473 5092 hoc
1519 5045 1683 5107 pacto
1738 5036 1970 5090 artiﬁcia

403 5129 811 5201 verborumque
841 5132 1117 5187 lenocinia
1155 5132 1298 5201 apud
1333 5129 1561 5185 Latinos
1604 5128 1852 5197 prodigia
1904 5141 1969 5180 ac

402 5221 677 5276 mirabilia
733 5224 1129 5293 producerent.
1186 5222 1388 5277 Verum
1435 5231 1494 5277 et
1545 5221 1619 5275 ibi
1651 5220 1850 5275 divisio
1897 5218 1966 5273 ab

473 5407 550 5471 (ι)
582 5405 732 5462 Mon.
754 5405 848 5471 27,
877 5405 977 5475 τῷ.

475 5475 553 5545 (2)
587 5477 669 5545 'l‘dr
692 5482 873 5530 omitt.
907 5477 1055 5530 Mon.
1092 5474 1183 5528 27.

473 5540 550 5616 (ὅ)
586 5544 761 5616 Verba
793 5547 875 5616 τίς
898 5544 1333 5616 γᾴρ-χρώματι,
1357 5559 1475 5612 qua:
1510 5543 1564 5599 itt
1602 5541 1748 5598 Men.
1776 5540 1845 5596 Ἦ
1878 5542 1969 5599 tie-

404 5625 555 5685 sunt,
582 5632 645 5669 ex
681 5615 826 5670 Mon.
852 5615 956 5669 256
989 5615 1390 5685 supplevimus.

475 5684 552 5755 (Α)
591 5685 700 5738 Καί
731 5687 908 5742 omilt.
940 5684 1210 5741 Mon.‘27.

2073 4514 2162 4549 νον
2200 4498 2278 4568 (6)
2312 4499 2476 4562 ἐστὶν,
2504 4498 2579 4561 ὡς
2613 4498 2720 4550 ἀπδ
2746 4496 2840 4551 τοῦ
2876 4495 3042 4552 αὐτοῦ
3099 4497 3268 4549 πλείω
3302 4496 3596 4567 διῄρηνται
3625 4512 3645 4528 ·

2074 4590 2231 4643 τοῦτο
2267 4592 2323 4643 δὲ
2356 4591 2615 4644 ἀδύνατον
2646 4587 2734 4662 ἦν,
2770 4593 2817 4643 εἰ
2860 4591 2936 4661 μὴ
2963 4590 3210 4660 ἀλλήλων
3233 4606 3291 4642 τε
3328 4590 3423 4643 καὶ
3450 4588 3545 4641 τοῦ
3577 4589 3641 4656 ἐξ

2072 4677 2132 4734 οὗ
2186 4681 2468 4752 διῄρηνται
2513 4683 2821 4753 διεκέκριτο
2886 4682 2985 4752 (7).
3040 4680 3329 4750 Προσεχῶς
3380 4680 3489 4749 ἄρα
3546 4680 3650 4733 καὶ

2074 4771 2303 4840 πρώτως
2352 4773 2384 4841 ή
2433 4772 2698 4841 διαίρεσις
2735 4773 2883 4826 αἰτία
2926 4774 3028 4842 τῆς
3063 4770 3410 4840 διακρίσεως,
3459 4769 3560 4839 οὐχ
3611 4771 3647 4839 ἡ

2074 4865 2172 4934 ὕλη
2204 4865 2235 4933 ἢ
2264 4865 2296 4935 ὴ
2345 4865 2421 4930 (8)
2452 4862 2720 4926 ἀντίθεσις
2746 4880 2760 4895 ο
2802 4862 2924 4916 οὔτε
2955 4863 3062 4933 γὰρ
3108 4864 3201 4914 ἐπὶ
3233 4862 3451 4915 πάντων
3474 4900 3489 4925 ,
3517 4859 3647 4915 οὔτε

2074 4957 2279 5022 κυρίως
2331 4948 2491 5008 αὗται
2541 4955 2840 5022 διακρίνειν
2882 4954 3198 5022 πεφύκασι·
3249 4953 3343 5007 καὶ
3393 4950 3501 5021 μὴν
3542 4953 3646 5003 καὶ

2072 5048 2205 5100 αὐτὸ
2259 5047 2497 5115 τοῦνομα
2556 5046 2815 5116 συγγενὲς
2878 5048 2909 5116 ἡ
2982 5044 3246 5113 διαίρεσις
3306 5044 3505 5113 ἔχουσα
3569 5044 3677 5111 τῇ.

2072 5138 2340 5207 διακρίσει
2387 5137 2543 5207 δῆλον
2575 5140 2705 5207 ημῖν
2753 5137 3093 5203 καθίστησιν,
3121 5134 3196 5195 ὼς
3237 5132 3377 5200 αὐτὴ
3427 5130 3527 5199 τὴν
3552 5132 3642 5183 alo

2073 5229 2193 5283 τίαν
2237 5230 2374 5298 αὐτῇ
2415 5227 2737 5298 παρέχεται.
2770 5228 2835 5280 Τί
2875 5226 2956 5279 ἐτι
2990 5228 3092 5296 τὴν
3144 5223 3254 5277 τῶν
3285 5224 3423 5294 τρες
3460 5238 3514 5275 τι
3549 5223 3645 5274 ἀνι

2149 5400 2228 5468 (5)
2265 5399 2495 5455 Videtur
2528 5402 2893 5470 supplendum
2932 5401 3147 5470 γένους.

2144 5470 2221 5538 (6)
2258 5471 2380 5524 Mon
2408 5471 2476 5524 27
2518 5472 2555 5524 ί.
2583 5472 2688 5526 259
2719 5472 2773 5533 b,
2804 5473 3232 5540 ὀμολογημένον.

2147 5541 2225 5604 (7)
2262 5541 2408 5593 Men.
2428 5539 2728 5611 2561.ᾉῦ00
2753 5557 2804 5604 a.
2826 5539 3185 5611 διεκέκριντο.

2144 5612 2219 5679 (8)
2260 5611 2321 5662 'll
2348 5611 2525 5665 omitt.
2568 5609 2711 5665 Men.
2737 5611 2826 5667 Ἦ.
