  <div class='ocr_page' id='page_1' title='image "/cluster/home/n/w/nwhite01/storage/ocr_20150623/161/hvd.32044073502700/199.png"; bbox 0 0 3900 6216; ppageno 0'>
   <div class='ocr_carea' id='block_1_1' title="bbox 2451 127 2495 161">
    <p class='ocr_par' dir='ltr' id='par_1_1' title="bbox 2451 127 2495 161">
     <span class='ocr_line' id='line_1_1' title="bbox 2451 127 2495 161; baseline 0 0"><span class='ocrx_word' id='word_1_1' title='bbox 2451 127 2495 161; x_wconf 48' lang='lat' dir='ltr'><strong>vi</strong></span> 
     </span>
    </p>
   </div>
   <div class='ocr_carea' id='block_1_2' title="bbox 352 261 3599 343">
    <p class='ocr_par' dir='ltr' id='par_1_2' title="bbox 352 261 3599 343">
     <span class='ocr_line' id='line_1_2' title="bbox 352 261 3599 343; baseline -0.006 -2"><span class='ocrx_word' id='word_1_2' title='bbox 352 282 453 343; x_wconf 73' lang='grc'><strong>195</strong></span> <span class='ocrx_word' id='word_1_3' title='bbox 1712 266 2218 329; x_wconf 71' lang='lat' dir='ltr'><strong>BESSARIONIS</strong></span> <span class='ocrx_word' id='word_1_4' title='bbox 3501 261 3599 322; x_wconf 82' lang='lat'><strong>196</strong></span> 
     </span>
    </p>
   </div>
   <div class='ocr_carea' id='block_1_3' title="bbox 348 348 1911 452">
    <p class='ocr_par' dir='ltr' id='par_1_3' title="bbox 348 385 1911 452">
     <span class='ocr_line' id='line_1_3' title="bbox 348 385 1911 452; baseline -0.011 0"><span class='ocrx_word' id='word_1_5' title='bbox 348 398 663 452; x_wconf 66' lang='lat' dir='ltr'><strong>Graecorum</strong></span> <span class='ocrx_word' id='word_1_6' title='bbox 689 392 1083 447; x_wconf 90' lang='lat' dir='ltr'><strong>nonnullorum</strong></span> <span class='ocrx_word' id='word_1_7' title='bbox 1113 388 1419 443; x_wconf 81' lang='lat' dir='ltr'><strong>doctrinam</strong></span> <span class='ocrx_word' id='word_1_8' title='bbox 1446 388 1604 441; x_wconf 90' lang='lat' dir='ltr'><strong>multi</strong></span> <span class='ocrx_word' id='word_1_9' title='bbox 1628 387 1793 440; x_wconf 87' lang='lat' dir='ltr'><strong>etiam</strong></span> <span class='ocrx_word' id='word_1_10' title='bbox 1821 385 1911 437; x_wconf 88' lang='lat' dir='ltr'><strong>alii</strong></span> 
     </span>
    </p>
   </div>
   <div class='ocr_carea' id='block_1_4' title="bbox 2020 348 3601 452">
    <p class='ocr_par' dir='ltr' id='par_1_4' title="bbox 2028 348 3601 450">
     <span class='ocr_line' id='line_1_4' title="bbox 2028 348 3601 450; baseline -0.004 -15"><span class='ocrx_word' id='word_1_11' title='bbox 2028 380 2302 450; x_wconf 79' lang='grc' dir='ltr'>Ἑλλήνων</span> <span class='ocrx_word' id='word_1_12' title='bbox 2342 380 2492 434; x_wconf 74' lang='grc' dir='ltr'>ἐστιν</span> <span class='ocrx_word' id='word_1_13' title='bbox 2546 375 2621 434; x_wconf 81' lang='grc' dir='ltr'><strong>ὧν</strong></span> <span class='ocrx_word' id='word_1_14' title='bbox 2667 381 2829 448; x_wconf 85' lang='grc' dir='ltr'>λόγου</span> <span class='ocrx_word' id='word_1_15' title='bbox 2861 419 2874 444; x_wconf 87' lang='grc'><strong>,</strong></span> <span class='ocrx_word' id='word_1_16' title='bbox 2918 379 3106 432; x_wconf 77' lang='grc' dir='ltr'>πολλοὶ</span> <span class='ocrx_word' id='word_1_17' title='bbox 3160 377 3259 448; x_wconf 73' lang='grc' dir='ltr'>μὲν</span> <span class='ocrx_word' id='word_1_18' title='bbox 3312 377 3407 431; x_wconf 68' lang='grc' dir='ltr'>καὶ</span> <span class='ocrx_word' id='word_1_19' title='bbox 3453 348 3601 432; x_wconf 71' lang='grc' dir='ltr'>ἄλλοι</span> 
     </span>
    </p>
   </div>
   <div class='ocr_carea' id='block_1_5' title="bbox 344 471 1911 549">
    <p class='ocr_par' dir='ltr' id='par_1_5' title="bbox 344 478 1908 549">
     <span class='ocr_line' id='line_1_5' title="bbox 344 478 1908 549; baseline -0.008 -8"><span class='ocrx_word' id='word_1_20' title='bbox 344 482 473 541; x_wconf 84' lang='lat' dir='ltr'><strong>ante</strong></span> <span class='ocrx_word' id='word_1_21' title='bbox 506 493 557 538; x_wconf 89' lang='lat' dir='ltr'><strong>te</strong></span> <span class='ocrx_word' id='word_1_22' title='bbox 587 483 790 538; x_wconf 90' lang='lat' dir='ltr'><strong>bellum</strong></span> <span class='ocrx_word' id='word_1_23' title='bbox 825 488 1190 549; x_wconf 86' lang='lat' dir='ltr'><strong>susceperunt</strong></span> <span class='ocrx_word' id='word_1_24' title='bbox 1214 495 1278 534; x_wconf 92' lang='lat' dir='ltr'><strong>ac</strong></span> <span class='ocrx_word' id='word_1_25' title='bbox 1317 480 1619 548; x_wconf 73' lang='lat' dir='ltr'><strong>praesertim</strong></span> <span class='ocrx_word' id='word_1_26' title='bbox 1663 478 1908 531; x_wconf 81' lang='lat' dir='ltr'><strong>Barlaam</strong></span> 
     </span>
    </p>
   </div>
   <div class='ocr_carea' id='block_1_6' title="bbox 2020 471 3595 549">
    <p class='ocr_par' dir='ltr' id='par_1_6' title="bbox 2020 471 3595 546">
     <span class='ocr_line' id='line_1_6' title="bbox 2020 471 3595 546; baseline -0.002 -18"><span class='ocrx_word' id='word_1_27' title='bbox 2020 477 2126 546; x_wconf 86' lang='lat'><em>1:96</em></span> <span class='ocrx_word' id='word_1_28' title='bbox 2159 476 2252 528; x_wconf 86' lang='grc' dir='ltr'><strong>σοῦ</strong></span> <span class='ocrx_word' id='word_1_29' title='bbox 2285 476 2523 546; x_wconf 85' lang='grc' dir='ltr'>πόλεμον</span> <span class='ocrx_word' id='word_1_30' title='bbox 2554 476 2808 546; x_wconf 66' lang='grc' dir='ltr'>ἤρξαντο,</span> <span class='ocrx_word' id='word_1_31' title='bbox 2842 475 2938 527; x_wconf 76' lang='grc' dir='ltr'>καὶ</span> <span class='ocrx_word' id='word_1_32' title='bbox 2993 473 3231 544; x_wconf 85' lang='grc' dir='ltr'>μάλιστα</span> <span class='ocrx_word' id='word_1_33' title='bbox 3264 471 3530 543; x_wconf 73' lang='grc' dir='ltr'>Βαρλααμ</span> <span class='ocrx_word' id='word_1_34' title='bbox 3566 475 3595 525; x_wconf 99' lang='lat'><strong>6</strong></span> 
     </span>
    </p>
   </div>
   <div class='ocr_carea' id='block_1_7' title="bbox 344 567 1913 646">
    <p class='ocr_par' dir='ltr' id='par_1_7' title="bbox 344 567 1913 646">
     <span class='ocr_line' id='line_1_7' title="bbox 344 567 1913 646; baseline -0.009 -13"><span class='ocrx_word' id='word_1_35' title='bbox 344 577 578 634; x_wconf 80' lang='lat' dir='ltr'><strong>Calaber</strong></span> <span class='ocrx_word' id='word_1_36' title='bbox 611 576 687 646; x_wconf 82' lang='grc' dir='ltr'><strong>(α)</strong></span> <span class='ocrx_word' id='word_1_37' title='bbox 723 584 777 630; x_wconf 86' lang='lat' dir='ltr'><strong>et</strong></span> <span class='ocrx_word' id='word_1_38' title='bbox 823 573 978 627; x_wconf 87' lang='lat' dir='ltr'><strong>Nilus</strong></span> <span class='ocrx_word' id='word_1_39' title='bbox 1007 571 1287 626; x_wconf 90' lang='lat' dir='ltr'><strong>Cabasilas</strong></span> <span class='ocrx_word' id='word_1_40' title='bbox 1328 572 1424 640; x_wconf 74' lang='grc' dir='ltr'><strong>(ὁ),</strong></span> <span class='ocrx_word' id='word_1_41' title='bbox 1473 586 1539 625; x_wconf 83' lang='lat' dir='ltr'><strong>ex</strong></span> <span class='ocrx_word' id='word_1_42' title='bbox 1582 571 1782 639; x_wconf 85' lang='lat' dir='ltr'><strong>quibus</strong></span> <span class='ocrx_word' id='word_1_43' title='bbox 1820 567 1913 621; x_wconf 76' lang='lat' dir='ltr'><strong>de-</strong></span> 
     </span>
    </p>
   </div>
   <div class='ocr_carea' id='block_1_8' title="bbox 347 657 1914 737">
    <p class='ocr_par' dir='ltr' id='par_1_8' title="bbox 347 657 1914 737">
     <span class='ocr_line' id='line_1_8' title="bbox 347 657 1914 737; baseline -0.01 -12"><span class='ocrx_word' id='word_1_44' title='bbox 347 685 564 737; x_wconf 88' lang='lat' dir='ltr'><strong>sumpta</strong></span> <span class='ocrx_word' id='word_1_45' title='bbox 593 675 723 722; x_wconf 92' lang='lat' dir='ltr'><strong>sunt</strong></span> <span class='ocrx_word' id='word_1_46' title='bbox 749 666 916 720; x_wconf 87' lang='lat' dir='ltr'><strong>etiam</strong></span> <span class='ocrx_word' id='word_1_47' title='bbox 941 679 1063 733; x_wconf 71' lang='lat' dir='ltr'><strong>qua:</strong></span> <span class='ocrx_word' id='word_1_48' title='bbox 1104 672 1159 717; x_wconf 96' lang='lat' dir='ltr'><strong>tu</strong></span> <span class='ocrx_word' id='word_1_49' title='bbox 1194 661 1411 717; x_wconf 79' lang='lat' dir='ltr'><strong>scribis.</strong></span> <span class='ocrx_word' id='word_1_50' title='bbox 1446 664 1702 714; x_wconf 77' lang='lat' dir='ltr'><strong>Attamen</strong></span> <span class='ocrx_word' id='word_1_51' title='bbox 1744 657 1914 711; x_wconf 87' lang='lat' dir='ltr'><strong>multo</strong></span> 
     </span>
    </p>
   </div>
   <div class='ocr_carea' id='block_1_9' title="bbox 346 752 1913 830">
    <p class='ocr_par' dir='ltr' id='par_1_9' title="bbox 346 752 1913 830">
     <span class='ocr_line' id='line_1_9' title="bbox 346 752 1913 830; baseline -0.009 -13"><span class='ocrx_word' id='word_1_52' title='bbox 346 761 653 830; x_wconf 75' lang='lat' dir='ltr'><strong>sapientius</strong></span> <span class='ocrx_word' id='word_1_53' title='bbox 682 758 758 812; x_wconf 91' lang='lat' dir='ltr'><strong>illi</strong></span> <span class='ocrx_word' id='word_1_54' title='bbox 781 772 945 826; x_wconf 89' lang='lat' dir='ltr'><strong>quam</strong></span> <span class='ocrx_word' id='word_1_55' title='bbox 975 764 1031 809; x_wconf 94' lang='lat' dir='ltr'><strong>tu</strong></span> <span class='ocrx_word' id='word_1_56' title='bbox 1058 765 1115 811; x_wconf 91' lang='lat' dir='ltr'><strong>et</strong></span> <span class='ocrx_word' id='word_1_57' title='bbox 1145 756 1337 825; x_wconf 84' lang='lat' dir='ltr'><strong>majori</strong></span> <span class='ocrx_word' id='word_1_58' title='bbox 1372 769 1495 809; x_wconf 91' lang='lat' dir='ltr'><strong>cum</strong></span> <span class='ocrx_word' id='word_1_59' title='bbox 1528 752 1712 806; x_wconf 90' lang='lat' dir='ltr'><strong>studio</strong></span> <span class='ocrx_word' id='word_1_60' title='bbox 1760 766 1913 819; x_wconf 82' lang='lat' dir='ltr'><strong>quae-</strong></span> 
     </span>
    </p>
   </div>
   <div class='ocr_carea' id='block_1_10' title="bbox 348 842 1914 917">
    <p class='ocr_par' dir='ltr' id='par_1_10' title="bbox 348 842 1914 917">
     <span class='ocr_line' id='line_1_10' title="bbox 348 842 1914 917; baseline -0.009 -9"><span class='ocrx_word' id='word_1_61' title='bbox 348 856 582 908; x_wconf 85' lang='lat' dir='ltr'><strong>stionem</strong></span> <span class='ocrx_word' id='word_1_62' title='bbox 611 851 749 903; x_wconf 89' lang='lat' dir='ltr'><strong>hanc</strong></span> <span class='ocrx_word' id='word_1_63' title='bbox 781 855 1273 917; x_wconf 88' lang='lat' dir='ltr'><strong>pertractarunt,tu</strong></span> <span class='ocrx_word' id='word_1_64' title='bbox 1306 860 1442 900; x_wconf 88' lang='lat' dir='ltr'><strong>vero</strong></span> <span class='ocrx_word' id='word_1_65' title='bbox 1471 843 1643 898; x_wconf 91' lang='lat' dir='ltr'><strong>multo</strong></span> <span class='ocrx_word' id='word_1_66' title='bbox 1669 842 1827 911; x_wconf 83' lang='lat' dir='ltr'><strong>pejus</strong></span> <span class='ocrx_word' id='word_1_67' title='bbox 1859 848 1914 895; x_wconf 87' lang='lat' dir='ltr'><strong>et</strong></span> 
     </span>
    </p>
   </div>
   <div class='ocr_carea' id='block_1_11' title="bbox 345 930 1911 1008">
    <p class='ocr_par' dir='ltr' id='par_1_11' title="bbox 345 930 1911 1008">
     <span class='ocr_line' id='line_1_11' title="bbox 345 930 1911 1008; baseline -0.006 -13"><span class='ocrx_word' id='word_1_68' title='bbox 345 943 615 999; x_wconf 77' lang='lat' dir='ltr'><strong>infirmius</strong></span> <span class='ocrx_word' id='word_1_69' title='bbox 671 956 787 995; x_wconf 90' lang='lat' dir='ltr'><strong>rem</strong></span> <span class='ocrx_word' id='word_1_70' title='bbox 842 953 1126 1008; x_wconf 81' lang='lat' dir='ltr'><strong>exponens</strong></span> <span class='ocrx_word' id='word_1_71' title='bbox 1175 936 1514 992; x_wconf 88' lang='lat' dir='ltr'><strong>contrarium</strong></span> <span class='ocrx_word' id='word_1_72' title='bbox 1568 934 1708 1005; x_wconf 87' lang='lat' dir='ltr'><strong>ejus,</strong></span> <span class='ocrx_word' id='word_1_73' title='bbox 1761 930 1911 1001; x_wconf 85' lang='lat' dir='ltr'><strong>quod</strong></span> 
     </span>
    </p>
   </div>
   <div class='ocr_carea' id='block_1_12' title="bbox 341 1023 1915 1098">
    <p class='ocr_par' dir='ltr' id='par_1_12' title="bbox 341 1023 1915 1098">
     <span class='ocr_line' id='line_1_12' title="bbox 341 1023 1915 1098; baseline -0.01 -7"><span class='ocrx_word' id='word_1_74' title='bbox 341 1036 580 1091; x_wconf 84' lang='lat' dir='ltr'><strong>intendis</strong></span> <span class='ocrx_word' id='word_1_75' title='bbox 613 1033 785 1087; x_wconf 88' lang='lat' dir='ltr'><strong>eflicis</strong></span> <span class='ocrx_word' id='word_1_76' title='bbox 828 1041 885 1086; x_wconf 91' lang='lat' dir='ltr'><strong>et</strong></span> <span class='ocrx_word' id='word_1_77' title='bbox 932 1040 983 1085; x_wconf 89' lang='lat' dir='ltr'><strong>te</strong></span> <span class='ocrx_word' id='word_1_78' title='bbox 1026 1030 1205 1098; x_wconf 87' lang='lat' dir='ltr'><strong>ipsum</strong></span> <span class='ocrx_word' id='word_1_79' title='bbox 1239 1043 1345 1082; x_wconf 90' lang='lat' dir='ltr'><strong>una</strong></span> <span class='ocrx_word' id='word_1_80' title='bbox 1375 1043 1500 1082; x_wconf 92' lang='lat' dir='ltr'><strong>cum</strong></span> <span class='ocrx_word' id='word_1_81' title='bbox 1552 1027 1658 1079; x_wconf 85' lang='lat' dir='ltr'><strong>tuis</strong></span> <span class='ocrx_word' id='word_1_82' title='bbox 1710 1023 1915 1078; x_wconf 83' lang='lat' dir='ltr'><strong>antesi-</strong></span> 
     </span>
    </p>
   </div>
   <div class='ocr_carea' id='block_1_13' title="bbox 341 1114 1911 1196">
    <p class='ocr_par' dir='ltr' id='par_1_13' title="bbox 341 1114 1911 1196">
     <span class='ocr_line' id='line_1_13' title="bbox 341 1114 1911 1196; baseline -0.007 -17"><span class='ocrx_word' id='word_1_83' title='bbox 341 1127 542 1196; x_wconf 83' lang='lat' dir='ltr'><strong>gnanis</strong></span> <span class='ocrx_word' id='word_1_84' title='bbox 609 1124 847 1178; x_wconf 80' lang='lat' dir='ltr'><strong>refellis.</strong></span> <span class='ocrx_word' id='word_1_85' title='bbox 916 1119 1186 1187; x_wconf 85' lang='lat' dir='ltr'><strong>Quoniam</strong></span> <span class='ocrx_word' id='word_1_86' title='bbox 1265 1133 1399 1173; x_wconf 89' lang='lat' dir='ltr'><strong>vero</strong></span> <span class='ocrx_word' id='word_1_87' title='bbox 1462 1114 1911 1185; x_wconf 76' lang='lat' dir='ltr'><strong>sapientissimus</strong></span> 
     </span>
    </p>
   </div>
   <div class='ocr_carea' id='block_1_14' title="bbox 343 1205 1909 1284">
    <p class='ocr_par' dir='ltr' id='par_1_14' title="bbox 343 1205 1909 1284">
     <span class='ocr_line' id='line_1_14' title="bbox 343 1205 1909 1284; baseline -0.007 -15"><span class='ocrx_word' id='word_1_88' title='bbox 343 1215 656 1272; x_wconf 87' lang='lat' dir='ltr'><strong>Demetrius</strong></span> <span class='ocrx_word' id='word_1_89' title='bbox 731 1212 1016 1284; x_wconf 77' lang='lat' dir='ltr'><strong>Cydonius</strong></span> <span class='ocrx_word' id='word_1_90' title='bbox 1092 1211 1300 1280; x_wconf 87' lang='lat' dir='ltr'><strong>optime</strong></span> <span class='ocrx_word' id='word_1_91' title='bbox 1385 1205 1909 1278; x_wconf 89' lang='lat' dir='ltr'><strong>sapientissimeque</strong></span> 
     </span>
    </p>
   </div>
   <div class='ocr_carea' id='block_1_15' title="bbox 340 1305 1909 1379">
    <p class='ocr_par' dir='ltr' id='par_1_15' title="bbox 340 1305 1909 1379">
     <span class='ocr_line' id='line_1_15' title="bbox 340 1305 1909 1379; baseline -0.009 -12"><span class='ocrx_word' id='word_1_92' title='bbox 340 1312 605 1367; x_wconf 58' lang='lat' dir='ltr'><strong>Cabasilaa</strong></span> <span class='ocrx_word' id='word_1_93' title='bbox 637 1311 869 1379; x_wconf 87' lang='lat' dir='ltr'><strong>ejusque</strong></span> <span class='ocrx_word' id='word_1_94' title='bbox 898 1307 1205 1362; x_wconf 85' lang='lat' dir='ltr'><strong>rationibus</strong></span> <span class='ocrx_word' id='word_1_95' title='bbox 1238 1305 1541 1374; x_wconf 86' lang='lat' dir='ltr'><strong>respondit,</strong></span> <span class='ocrx_word' id='word_1_96' title='bbox 1592 1312 1761 1372; x_wconf 87' lang='lat' dir='ltr'><strong>atque</strong></span> <span class='ocrx_word' id='word_1_97' title='bbox 1784 1315 1909 1355; x_wconf 90' lang='lat' dir='ltr'><strong>cum</strong></span> 
     </span>
    </p>
   </div>
   <div class='ocr_carea' id='block_1_16' title="bbox 342 1394 1909 1459">
    <p class='ocr_par' dir='ltr' id='par_1_16' title="bbox 342 1394 1909 1459">
     <span class='ocr_line' id='line_1_16' title="bbox 342 1394 1909 1459; baseline -0.009 0"><span class='ocrx_word' id='word_1_98' title='bbox 342 1404 685 1459; x_wconf 84' lang='lat' dir='ltr'><strong>sufficienter</strong></span> <span class='ocrx_word' id='word_1_99' title='bbox 730 1400 989 1455; x_wconf 88' lang='lat' dir='ltr'><strong>refutavit</strong></span> <span class='ocrx_word' id='word_1_100' title='bbox 1015 1399 1152 1453; x_wconf 88' lang='lat' dir='ltr'><strong>nihil</strong></span> <span class='ocrx_word' id='word_1_101' title='bbox 1198 1400 1264 1453; x_wconf 90' lang='lat' dir='ltr'><strong>ad</strong></span> <span class='ocrx_word' id='word_1_102' title='bbox 1291 1412 1403 1451; x_wconf 92' lang='lat' dir='ltr'><strong>rem</strong></span> <span class='ocrx_word' id='word_1_103' title='bbox 1436 1394 1909 1451; x_wconf 88' lang='lat' dir='ltr'><strong>accommodatum</strong></span> 
     </span>
    </p>
   </div>
   <div class='ocr_carea' id='block_1_17' title="bbox 342 1486 1913 1562">
    <p class='ocr_par' dir='ltr' id='par_1_17' title="bbox 342 1486 1913 1562">
     <span class='ocr_line' id='line_1_17' title="bbox 342 1486 1913 1562; baseline -0.008 -10"><span class='ocrx_word' id='word_1_104' title='bbox 342 1498 640 1557; x_wconf 85' lang='lat' dir='ltr'><strong>dicentem,</strong></span> <span class='ocrx_word' id='word_1_105' title='bbox 682 1494 811 1548; x_wconf 85' lang='lat' dir='ltr'><strong>licet</strong></span> <span class='ocrx_word' id='word_1_106' title='bbox 860 1503 983 1562; x_wconf 81' lang='lat' dir='ltr'><strong>post</strong></span> <span class='ocrx_word' id='word_1_107' title='bbox 1029 1491 1374 1545; x_wconf 86' lang='lat' dir='ltr'><strong>Barlaamum</strong></span> <span class='ocrx_word' id='word_1_108' title='bbox 1430 1486 1715 1557; x_wconf 85' lang='lat' dir='ltr'><strong>scripserit</strong></span> <span class='ocrx_word' id='word_1_109' title='bbox 1752 1496 1807 1540; x_wconf 90' lang='lat' dir='ltr'><strong>et</strong></span> <span class='ocrx_word' id='word_1_110' title='bbox 1844 1487 1913 1540; x_wconf 84' lang='lat' dir='ltr'><strong>iis</strong></span> 
     </span>
    </p>
   </div>
   <div class='ocr_carea' id='block_1_18' title="bbox 337 1578 1911 1658">
    <p class='ocr_par' dir='ltr' id='par_1_18' title="bbox 337 1578 1911 1658">
     <span class='ocr_line' id='line_1_18' title="bbox 337 1578 1911 1658; baseline -0.008 -15"><span class='ocrx_word' id='word_1_111' title='bbox 337 1605 461 1658; x_wconf 78' lang='lat' dir='ltr'><strong>qua:</strong></span> <span class='ocrx_word' id='word_1_112' title='bbox 499 1589 589 1642; x_wconf 91' lang='lat' dir='ltr'><strong>ille</strong></span> <span class='ocrx_word' id='word_1_113' title='bbox 619 1578 996 1651; x_wconf 46' lang='lat' dir='ltr'><strong>dixerat,&#39;alia</strong></span> <span class='ocrx_word' id='word_1_114' title='bbox 1036 1600 1065 1637; x_wconf 88' lang='lat' dir='ltr'><strong>a</strong></span> <span class='ocrx_word' id='word_1_115' title='bbox 1097 1582 1393 1651; x_wconf 89' lang='lat' dir='ltr'><strong>semetipso</strong></span> <span class='ocrx_word' id='word_1_116' title='bbox 1431 1580 1720 1650; x_wconf 83' lang='lat' dir='ltr'><strong>adjecerit,</strong></span> <span class='ocrx_word' id='word_1_117' title='bbox 1759 1578 1911 1633; x_wconf 84' lang='lat' dir='ltr'><strong>solu-</strong></span> 
     </span>
    </p>
   </div>
   <div class='ocr_carea' id='block_1_19' title="bbox 340 1670 1909 1749">
    <p class='ocr_par' dir='ltr' id='par_1_19' title="bbox 340 1670 1909 1749">
     <span class='ocr_line' id='line_1_19' title="bbox 340 1670 1909 1749; baseline -0.008 -14"><span class='ocrx_word' id='word_1_118' title='bbox 340 1681 519 1735; x_wconf 85' lang='lat' dir='ltr'><strong>tiones</strong></span> <span class='ocrx_word' id='word_1_119' title='bbox 578 1685 1055 1749; x_wconf 79' lang='lat' dir='ltr'><strong>argumentorum,</strong></span> <span class='ocrx_word' id='word_1_120' title='bbox 1129 1690 1251 1744; x_wconf 66' lang='lat' dir='ltr'><strong>qua:</strong></span> <span class='ocrx_word' id='word_1_121' title='bbox 1318 1688 1469 1728; x_wconf 90' lang='lat' dir='ltr'><strong>nunc</strong></span> <span class='ocrx_word' id='word_1_122' title='bbox 1517 1671 1754 1741; x_wconf 84' lang='lat' dir='ltr'><strong>profers,</strong></span> <span class='ocrx_word' id='word_1_123' title='bbox 1814 1670 1909 1739; x_wconf 90' lang='lat' dir='ltr'><strong>qui</strong></span> 
     </span>
    </p>
   </div>
   <div class='ocr_carea' id='block_1_20' title="bbox 340 1763 1904 1841">
    <p class='ocr_par' dir='ltr' id='par_1_20' title="bbox 340 1763 1904 1841">
     <span class='ocr_line' id='line_1_20' title="bbox 340 1763 1904 1841; baseline -0.007 -14"><span class='ocrx_word' id='word_1_124' title='bbox 340 1772 584 1827; x_wconf 87' lang='lat' dir='ltr'><strong>voluerit</strong></span> <span class='ocrx_word' id='word_1_125' title='bbox 607 1786 671 1825; x_wconf 87' lang='lat' dir='ltr'><strong>ex</strong></span> <span class='ocrx_word' id='word_1_126' title='bbox 700 1769 932 1841; x_wconf 89' lang='lat' dir='ltr'><strong>Cydonii</strong></span> <span class='ocrx_word' id='word_1_127' title='bbox 963 1767 1124 1821; x_wconf 85' lang='lat' dir='ltr'><strong>libris</strong></span> <span class='ocrx_word' id='word_1_128' title='bbox 1166 1773 1412 1836; x_wconf 78' lang='lat' dir='ltr'><strong>quaerat;</strong></span> <span class='ocrx_word' id='word_1_129' title='bbox 1461 1765 1517 1819; x_wconf 89' lang='lat' dir='ltr'><strong>in</strong></span> <span class='ocrx_word' id='word_1_130' title='bbox 1565 1764 1703 1833; x_wconf 84' lang='lat' dir='ltr'><strong>ipsis</strong></span> <span class='ocrx_word' id='word_1_131' title='bbox 1757 1763 1904 1817; x_wconf 90' lang='lat' dir='ltr'><strong>enim</strong></span> 
     </span>
    </p>
   </div>
   <div class='ocr_carea' id='block_1_21' title="bbox 342 1848 1910 1927">
    <p class='ocr_par' dir='ltr' id='par_1_21' title="bbox 342 1848 1910 1927">
     <span class='ocr_line' id='line_1_21' title="bbox 342 1848 1910 1927; baseline -0.006 -9"><span class='ocrx_word' id='word_1_132' title='bbox 342 1874 540 1919; x_wconf 90' lang='lat' dir='ltr'><strong>cuncta</strong></span> <span class='ocrx_word' id='word_1_133' title='bbox 590 1861 810 1915; x_wconf 85' lang='lat' dir='ltr'><strong>abunde</strong></span> <span class='ocrx_word' id='word_1_134' title='bbox 860 1858 1096 1912; x_wconf 89' lang='lat' dir='ltr'><strong>refutata</strong></span> <span class='ocrx_word' id='word_1_135' title='bbox 1144 1856 1403 1927; x_wconf 85' lang='lat' dir='ltr'><strong>reperiet.</strong></span> <span class='ocrx_word' id='word_1_136' title='bbox 1463 1855 1572 1910; x_wconf 87' lang='lat' dir='ltr'><strong>Nos</strong></span> <span class='ocrx_word' id='word_1_137' title='bbox 1622 1848 1803 1910; x_wconf 75' lang='lat' dir='ltr'><strong>autem</strong></span> <span class='ocrx_word' id='word_1_138' title='bbox 1855 1856 1910 1909; x_wconf 89' lang='lat' dir='ltr'><strong>in</strong></span> 
     </span>
    </p>
   </div>
   <div class='ocr_carea' id='block_1_22' title="bbox 341 1946 1912 2024">
    <p class='ocr_par' dir='ltr' id='par_1_22' title="bbox 341 1946 1912 2024">
     <span class='ocr_line' id='line_1_22' title="bbox 341 1946 1912 2024; baseline -0.005 -15"><span class='ocrx_word' id='word_1_139' title='bbox 341 1954 631 2024; x_wconf 64' lang='lat' dir='ltr'><strong>praesentia</strong></span> <span class='ocrx_word' id='word_1_140' title='bbox 687 1951 755 2005; x_wconf 90' lang='lat' dir='ltr'><strong>ad</strong></span> <span class='ocrx_word' id='word_1_141' title='bbox 809 1949 1183 2004; x_wconf 82' lang='lat' dir='ltr'><strong>universalem</strong></span> <span class='ocrx_word' id='word_1_142' title='bbox 1239 1948 1603 2018; x_wconf 80' lang='lat' dir='ltr'><strong>quaestionem</strong></span> <span class='ocrx_word' id='word_1_143' title='bbox 1663 1946 1912 2001; x_wconf 85' lang='lat' dir='ltr'><strong>dicemus</strong></span> 
     </span>
    </p>
   </div>
   <div class='ocr_carea' id='block_1_23' title="bbox 345 2028 1910 2104">
    <p class='ocr_par' dir='ltr' id='par_1_23' title="bbox 345 2028 1910 2104">
     <span class='ocr_line' id='line_1_23' title="bbox 345 2028 1910 2104; baseline -0.004 -4"><span class='ocrx_word' id='word_1_144' title='bbox 345 2045 706 2104; x_wconf 46' lang='lat' dir='ltr'><strong>nihilpinane</strong></span> <span class='ocrx_word' id='word_1_145' title='bbox 750 2043 898 2101; x_wconf 82' lang='lat' dir='ltr'><strong>enim</strong></span> <span class='ocrx_word' id='word_1_146' title='bbox 953 2051 1038 2097; x_wconf 91' lang='lat' dir='ltr'><strong>est</strong></span> <span class='ocrx_word' id='word_1_147' title='bbox 1090 2028 1281 2096; x_wconf 86' lang='lat' dir='ltr'><strong>eadem</strong></span> <span class='ocrx_word' id='word_1_148' title='bbox 1316 2040 1385 2094; x_wconf 93' lang='lat' dir='ltr'><strong>de</strong></span> <span class='ocrx_word' id='word_1_149' title='bbox 1435 2039 1638 2095; x_wconf 88' lang='lat' dir='ltr'><strong>iisdem</strong></span> <span class='ocrx_word' id='word_1_150' title='bbox 1700 2039 1910 2102; x_wconf 89' lang='lat' dir='ltr'><strong>dicere,</strong></span> 
     </span>
    </p>
   </div>
   <div class='ocr_carea' id='block_1_24' title="bbox 343 2133 1913 2208">
    <p class='ocr_par' dir='ltr' id='par_1_24' title="bbox 343 2133 1913 2208">
     <span class='ocr_line' id='line_1_24' title="bbox 343 2133 1913 2208; baseline -0.004 -15"><span class='ocrx_word' id='word_1_151' title='bbox 343 2139 647 2208; x_wconf 75' lang='lat' dir='ltr'><strong>praesertim</strong></span> <span class='ocrx_word' id='word_1_152' title='bbox 682 2153 812 2191; x_wconf 87' lang='lat' dir='ltr'><strong>cum</strong></span> <span class='ocrx_word' id='word_1_153' title='bbox 848 2137 886 2190; x_wconf 92' lang='lat' dir='ltr'><strong>ii</strong></span> <span class='ocrx_word' id='word_1_154' title='bbox 920 2136 1014 2205; x_wconf 91' lang='lat' dir='ltr'><strong>qui</strong></span> <span class='ocrx_word' id='word_1_155' title='bbox 1042 2150 1144 2190; x_wconf 80' lang='lat' dir='ltr'><strong>nos</strong></span> <span class='ocrx_word' id='word_1_156' title='bbox 1173 2142 1575 2204; x_wconf 88' lang='lat' dir='ltr'><strong>praecesserunt</strong></span> <span class='ocrx_word' id='word_1_157' title='bbox 1603 2133 1807 2202; x_wconf 91' lang='lat' dir='ltr'><strong>optime</strong></span> <span class='ocrx_word' id='word_1_158' title='bbox 1846 2133 1913 2187; x_wconf 88' lang='lat' dir='ltr'><strong>de</strong></span> 
     </span>
    </p>
   </div>
   <div class='ocr_carea' id='block_1_25' title="bbox 344 2223 1912 2293">
    <p class='ocr_par' dir='ltr' id='par_1_25' title="bbox 344 2223 1912 2293">
     <span class='ocr_line' id='line_1_25' title="bbox 344 2223 1912 2293; baseline -0.005 -9"><span class='ocrx_word' id='word_1_159' title='bbox 344 2232 412 2285; x_wconf 79' lang='lat' dir='ltr'><strong>iis</strong></span> <span class='ocrx_word' id='word_1_160' title='bbox 435 2229 699 2293; x_wconf 67' lang='lat' dir='ltr'><strong>dixerint,</strong></span> <span class='ocrx_word' id='word_1_161' title='bbox 730 2229 875 2282; x_wconf 84' lang='lat' dir='ltr'><strong>sicut</strong></span> <span class='ocrx_word' id='word_1_162' title='bbox 919 2236 975 2281; x_wconf 94' lang='lat' dir='ltr'><strong>et</strong></span> <span class='ocrx_word' id='word_1_163' title='bbox 1007 2237 1063 2279; x_wconf 91' lang='lat' dir='ltr'><strong>tu</strong></span> <span class='ocrx_word' id='word_1_164' title='bbox 1098 2225 1258 2279; x_wconf 83' lang='lat' dir='ltr'><strong>valde</strong></span> <span class='ocrx_word' id='word_1_165' title='bbox 1298 2223 1497 2278; x_wconf 81' lang='lat' dir='ltr'><strong>frustra</strong></span> <span class='ocrx_word' id='word_1_166' title='bbox 1545 2223 1803 2277; x_wconf 89' lang='lat' dir='ltr'><strong>laborasti</strong></span> <span class='ocrx_word' id='word_1_167' title='bbox 1848 2237 1912 2277; x_wconf 92' lang='lat' dir='ltr'><strong>ea</strong></span> 
     </span>
    </p>
   </div>
   <div class='ocr_carea' id='block_1_26' title="bbox 320 2316 1911 2393">
    <p class='ocr_par' dir='ltr' id='par_1_26' title="bbox 320 2316 1911 2393">
     <span class='ocr_line' id='line_1_26' title="bbox 320 2316 1911 2393; baseline -0.004 -18"><span class='ocrx_word' id='word_1_168' title='bbox 320 2338 467 2393; x_wconf 65' lang='lat' dir='ltr'><strong>qua:</strong></span> <span class='ocrx_word' id='word_1_169' title='bbox 502 2322 572 2375; x_wconf 87' lang='lat' dir='ltr'><strong>ab</strong></span> <span class='ocrx_word' id='word_1_170' title='bbox 623 2319 1068 2375; x_wconf 84' lang='lat' dir='ltr'><strong>antecessoribus</strong></span> <span class='ocrx_word' id='word_1_171' title='bbox 1109 2319 1220 2372; x_wconf 92' lang='lat' dir='ltr'><strong>tuis</strong></span> <span class='ocrx_word' id='word_1_172' title='bbox 1264 2318 1464 2371; x_wconf 86' lang='lat' dir='ltr'><strong>melius</strong></span> <span class='ocrx_word' id='word_1_173' title='bbox 1501 2317 1647 2371; x_wconf 88' lang='lat' dir='ltr'><strong>dicta</strong></span> <span class='ocrx_word' id='word_1_174' title='bbox 1673 2316 1911 2382; x_wconf 85' lang='lat' dir='ltr'><strong>fuerant,</strong></span> 
     </span>
    </p>
   </div>
   <div class='ocr_carea' id='block_1_27' title="bbox 342 2407 1913 2484">
    <p class='ocr_par' dir='ltr' id='par_1_27' title="bbox 342 2407 1913 2484">
     <span class='ocr_line' id='line_1_27' title="bbox 342 2407 1913 2484; baseline -0.003 -16"><span class='ocrx_word' id='word_1_175' title='bbox 342 2415 500 2484; x_wconf 80' lang='lat' dir='ltr'><strong>pejus</strong></span> <span class='ocrx_word' id='word_1_176' title='bbox 528 2408 1129 2479; x_wconf 81' lang='lat' dir='ltr'><strong>rnrsumexponendo.</strong></span> <span class='ocrx_word' id='word_1_177' title='bbox 1150 2407 1231 2462; x_wconf 83' lang='lat' dir='ltr'><strong>Ad</strong></span> <span class='ocrx_word' id='word_1_178' title='bbox 1251 2423 1313 2463; x_wconf 89' lang='lat' dir='ltr'><strong>ea</strong></span> <span class='ocrx_word' id='word_1_179' title='bbox 1334 2422 1487 2472; x_wconf 85' lang='lat' dir='ltr'><strong>vero,</strong></span> <span class='ocrx_word' id='word_1_180' title='bbox 1511 2424 1632 2478; x_wconf 68' lang='lat' dir='ltr'><strong>qua:</strong></span> <span class='ocrx_word' id='word_1_181' title='bbox 1661 2424 1691 2463; x_wconf 91' lang='lat' dir='ltr'><strong>a</strong></span> <span class='ocrx_word' id='word_1_182' title='bbox 1718 2418 1913 2463; x_wconf 90' lang='lat' dir='ltr'><strong>temet-</strong></span> 
     </span>
    </p>
   </div>
   <div class='ocr_carea' id='block_1_28' title="bbox 345 2499 1911 2574">
    <p class='ocr_par' dir='ltr' id='par_1_28' title="bbox 345 2499 1911 2574">
     <span class='ocr_line' id='line_1_28' title="bbox 345 2499 1911 2574; baseline -0.004 -14"><span class='ocrx_word' id='word_1_183' title='bbox 345 2506 464 2574; x_wconf 88' lang='lat' dir='ltr'><strong>ipso</strong></span> <span class='ocrx_word' id='word_1_184' title='bbox 487 2504 579 2557; x_wconf 86' lang='lat' dir='ltr'><strong>hic</strong></span> <span class='ocrx_word' id='word_1_185' title='bbox 608 2502 927 2572; x_wconf 86' lang='lat' dir='ltr'><strong>profatuses</strong></span> <span class='ocrx_word' id='word_1_186' title='bbox 948 2499 1232 2554; x_wconf 86' lang='lat' dir='ltr'><strong>auditores</strong></span> <span class='ocrx_word' id='word_1_187' title='bbox 1255 2499 1436 2554; x_wconf 88' lang='lat' dir='ltr'><strong>celare</strong></span> <span class='ocrx_word' id='word_1_188' title='bbox 1457 2500 1911 2568; x_wconf 87' lang='lat' dir='ltr'><strong>prorsus.volens,</strong></span> 
     </span>
    </p>
   </div>
   <div class='ocr_carea' id='block_1_29' title="bbox 346 2590 1917 2666">
    <p class='ocr_par' dir='ltr' id='par_1_29' title="bbox 346 2590 1917 2666">
     <span class='ocr_line' id='line_1_29' title="bbox 346 2590 1917 2666; baseline -0.004 -15"><span class='ocrx_word' id='word_1_189' title='bbox 346 2598 495 2666; x_wconf 89' lang='lat' dir='ltr'><strong>quod</strong></span> <span class='ocrx_word' id='word_1_190' title='bbox 537 2596 604 2649; x_wconf 87' lang='lat' dir='ltr'><strong>ab</strong></span> <span class='ocrx_word' id='word_1_191' title='bbox 650 2596 759 2649; x_wconf 85' lang='lat' dir='ltr'><strong>illis</strong></span> <span class='ocrx_word' id='word_1_192' title='bbox 787 2594 971 2647; x_wconf 88' lang='lat' dir='ltr'><strong>omnia</strong></span> <span class='ocrx_word' id='word_1_193' title='bbox 999 2591 1312 2662; x_wconf 87' lang='lat' dir='ltr'><strong>sumpsisti;</strong></span> <span class='ocrx_word' id='word_1_194' title='bbox 1347 2590 1525 2660; x_wconf 88' lang='lat' dir='ltr'><strong>aliqua</strong></span> <span class='ocrx_word' id='word_1_195' title='bbox 1557 2590 1804 2645; x_wconf 84' lang='lat' dir='ltr'><strong>dicemus</strong></span> <span class='ocrx_word' id='word_1_196' title='bbox 1829 2606 1917 2645; x_wconf 90' lang='lat' dir='ltr'><strong>os-</strong></span> 
     </span>
    </p>
   </div>
   <div class='ocr_carea' id='block_1_30' title="bbox 347 2682 1910 2755">
    <p class='ocr_par' dir='ltr' id='par_1_30' title="bbox 347 2682 1910 2755">
     <span class='ocr_line' id='line_1_30' title="bbox 347 2682 1910 2755; baseline -0.004 -12"><span class='ocrx_word' id='word_1_197' title='bbox 347 2688 657 2751; x_wconf 86' lang='lat' dir='ltr'><strong>tendentes,</strong></span> <span class='ocrx_word' id='word_1_198' title='bbox 687 2701 849 2755; x_wconf 87' lang='lat' dir='ltr'><strong>quam</strong></span> <span class='ocrx_word' id='word_1_199' title='bbox 869 2683 1206 2755; x_wconf 79' lang='lat' dir='ltr'><strong>negligenter</strong></span> <span class='ocrx_word' id='word_1_200' title='bbox 1226 2682 1587 2753; x_wconf 66' lang='lat' dir='ltr'><strong>philosophia</strong></span> <span class='ocrx_word' id='word_1_201' title='bbox 1610 2682 1910 2736; x_wconf 87' lang='lat' dir='ltr'><strong>studueris.</strong></span> 
     </span>
    </p>
   </div>
   <div class='ocr_carea' id='block_1_31' title="bbox 416 2772 1913 2847">
    <p class='ocr_par' dir='ltr' id='par_1_31' title="bbox 416 2772 1913 2847">
     <span class='ocr_line' id='line_1_31' title="bbox 416 2772 1913 2847; baseline -0.005 -13"><span class='ocrx_word' id='word_1_202' title='bbox 416 2781 613 2835; x_wconf 85' lang='lat' dir='ltr'><strong>Statim</strong></span> <span class='ocrx_word' id='word_1_203' title='bbox 639 2776 784 2847; x_wconf 91' lang='lat' dir='ltr'><strong>quod</strong></span> <span class='ocrx_word' id='word_1_204' title='bbox 819 2777 885 2831; x_wconf 90' lang='lat' dir='ltr'><strong>de</strong></span> <span class='ocrx_word' id='word_1_205' title='bbox 910 2774 1138 2829; x_wconf 87' lang='lat' dir='ltr'><strong>materia</strong></span> <span class='ocrx_word' id='word_1_206' title='bbox 1177 2774 1338 2838; x_wconf 91' lang='lat' dir='ltr'><strong>dicis,</strong></span> <span class='ocrx_word' id='word_1_207' title='bbox 1366 2773 1627 2828; x_wconf 79' lang='lat' dir='ltr'><strong>videlicet</strong></span> <span class='ocrx_word' id='word_1_208' title='bbox 1646 2787 1767 2827; x_wconf 88' lang='lat' dir='ltr'><strong>eam</strong></span> <span class='ocrx_word' id='word_1_209' title='bbox 1795 2772 1913 2826; x_wconf 88' lang='lat' dir='ltr'><strong>sine</strong></span> 
     </span>
    </p>
   </div>
   <div class='ocr_carea' id='block_1_32' title="bbox 347 2863 1913 2946">
    <p class='ocr_par' dir='ltr' id='par_1_32' title="bbox 347 2863 1913 2946">
     <span class='ocr_line' id='line_1_32' title="bbox 347 2863 1913 2946; baseline -0.009 -17"><span class='ocrx_word' id='word_1_210' title='bbox 347 2873 613 2946; x_wconf 83' lang='lat' dir='ltr'><strong>qualitate</strong></span> <span class='ocrx_word' id='word_1_211' title='bbox 649 2878 706 2924; x_wconf 87' lang='lat' dir='ltr'><strong>et</strong></span> <span class='ocrx_word' id='word_1_212' title='bbox 732 2869 850 2923; x_wconf 89' lang='lat' dir='ltr'><strong>sine</strong></span> <span class='ocrx_word' id='word_1_213' title='bbox 874 2866 1207 2937; x_wconf 85' lang='lat' dir='ltr'><strong>quantitate,</strong></span> <span class='ocrx_word' id='word_1_214' title='bbox 1235 2865 1482 2934; x_wconf 90' lang='lat' dir='ltr'><strong>adeoque</strong></span> <span class='ocrx_word' id='word_1_215' title='bbox 1509 2863 1913 2918; x_wconf 87' lang='lat' dir='ltr'><strong>indivisibilem</strong></span> 
     </span>
    </p>
   </div>
   <div class='ocr_carea' id='block_1_33' title="bbox 348 2953 1913 3031">
    <p class='ocr_par' dir='ltr' id='par_1_33' title="bbox 348 2953 1913 3031">
     <span class='ocr_line' id='line_1_33' title="bbox 348 2953 1913 3031; baseline -0.008 -11"><span class='ocrx_word' id='word_1_216' title='bbox 348 2980 471 3020; x_wconf 81' lang='lat' dir='ltr'><strong>esse</strong></span> <span class='ocrx_word' id='word_1_217' title='bbox 504 2977 568 3017; x_wconf 83' lang='lat' dir='ltr'><strong>ac</strong></span> <span class='ocrx_word' id='word_1_218' title='bbox 606 2958 840 3031; x_wconf 88' lang='lat' dir='ltr'><strong>proinde</strong></span> <span class='ocrx_word' id='word_1_219' title='bbox 893 2973 1000 3013; x_wconf 93' lang='lat' dir='ltr'><strong>non</strong></span> <span class='ocrx_word' id='word_1_220' title='bbox 1042 2971 1167 3012; x_wconf 84' lang='lat' dir='ltr'><strong>esse</strong></span> <span class='ocrx_word' id='word_1_221' title='bbox 1214 2955 1495 3025; x_wconf 87' lang='lat' dir='ltr'><strong>aliquibus</strong></span> <span class='ocrx_word' id='word_1_222' title='bbox 1534 2953 1913 3009; x_wconf 85' lang='lat' dir='ltr'><strong>distinctionis</strong></span> 
     </span>
    </p>
   </div>
   <div class='ocr_carea' id='block_1_34' title="bbox 349 3046 1912 3119">
    <p class='ocr_par' dir='ltr' id='par_1_34' title="bbox 349 3046 1912 3119">
     <span class='ocr_line' id='line_1_34' title="bbox 349 3046 1912 3119; baseline -0.008 -8"><span class='ocrx_word' id='word_1_223' title='bbox 349 3070 594 3119; x_wconf 86' lang='lat' dir='ltr'><strong>causam,</strong></span> <span class='ocrx_word' id='word_1_224' title='bbox 627 3052 765 3107; x_wconf 79' lang='lat' dir='ltr'><strong>scito</strong></span> <span class='ocrx_word' id='word_1_225' title='bbox 802 3048 855 3103; x_wconf 91' lang='lat' dir='ltr'><strong>id</strong></span> <span class='ocrx_word' id='word_1_226' title='bbox 890 3063 1000 3102; x_wconf 91' lang='lat' dir='ltr'><strong>non</strong></span> <span class='ocrx_word' id='word_1_227' title='bbox 1029 3049 1095 3101; x_wconf 90' lang='lat' dir='ltr'><strong>ad</strong></span> <span class='ocrx_word' id='word_1_228' title='bbox 1144 3061 1286 3111; x_wconf 89' lang='lat' dir='ltr'><strong>rem,</strong></span> <span class='ocrx_word' id='word_1_229' title='bbox 1322 3046 1391 3101; x_wconf 88' lang='lat' dir='ltr'><strong>de</strong></span> <span class='ocrx_word' id='word_1_230' title='bbox 1419 3060 1522 3115; x_wconf 89' lang='lat' dir='ltr'><strong>qua</strong></span> <span class='ocrx_word' id='word_1_231' title='bbox 1564 3046 1763 3115; x_wconf 86' lang='lat' dir='ltr'><strong>agitur,</strong></span> <span class='ocrx_word' id='word_1_232' title='bbox 1792 3059 1912 3099; x_wconf 88' lang='lat' dir='ltr'><strong>esse</strong></span> 
     </span>
    </p>
   </div>
   <div class='ocr_carea' id='block_1_35' title="bbox 349 3135 1911 3210">
    <p class='ocr_par' dir='ltr' id='par_1_35' title="bbox 349 3135 1911 3210">
     <span class='ocr_line' id='line_1_35' title="bbox 349 3135 1911 3210; baseline -0.009 -7"><span class='ocrx_word' id='word_1_233' title='bbox 349 3148 592 3203; x_wconf 86' lang='lat' dir='ltr'><strong>dictum.</strong></span> <span class='ocrx_word' id='word_1_234' title='bbox 652 3142 867 3198; x_wconf 87' lang='lat' dir='ltr'><strong>Etenim</strong></span> <span class='ocrx_word' id='word_1_235' title='bbox 930 3139 1026 3210; x_wconf 91' lang='lat' dir='ltr'><strong>qui</strong></span> <span class='ocrx_word' id='word_1_236' title='bbox 1083 3138 1312 3201; x_wconf 88' lang='lat' dir='ltr'><strong>dicunt,</strong></span> <span class='ocrx_word' id='word_1_237' title='bbox 1363 3136 1595 3191; x_wconf 85' lang='lat' dir='ltr'><strong>materia</strong></span> <span class='ocrx_word' id='word_1_238' title='bbox 1647 3135 1911 3190; x_wconf 88' lang='lat' dir='ltr'><strong>nonnulla</strong></span> 
     </span>
    </p>
   </div>
   <div class='ocr_carea' id='block_1_36' title="bbox 349 3228 1910 3309">
    <p class='ocr_par' dir='ltr' id='par_1_36' title="bbox 349 3228 1910 3309">
     <span class='ocr_line' id='line_1_36' title="bbox 349 3228 1910 3309; baseline -0.008 -15"><span class='ocrx_word' id='word_1_239' title='bbox 349 3237 634 3309; x_wconf 80' lang='lat' dir='ltr'><strong>distingui,</strong></span> <span class='ocrx_word' id='word_1_240' title='bbox 667 3252 731 3291; x_wconf 89' lang='lat' dir='ltr'><strong>ea</strong></span> <span class='ocrx_word' id='word_1_241' title='bbox 780 3234 1066 3296; x_wconf 89' lang='lat' dir='ltr'><strong>nimirum,</strong></span> <span class='ocrx_word' id='word_1_242' title='bbox 1101 3231 1156 3285; x_wconf 91' lang='lat' dir='ltr'><strong>in</strong></span> <span class='ocrx_word' id='word_1_243' title='bbox 1202 3228 1402 3300; x_wconf 89' lang='lat' dir='ltr'><strong>quibus</strong></span> <span class='ocrx_word' id='word_1_244' title='bbox 1448 3228 1680 3283; x_wconf 87' lang='lat' dir='ltr'><strong>materia</strong></span> <span class='ocrx_word' id='word_1_245' title='bbox 1725 3228 1910 3282; x_wconf 86' lang='lat' dir='ltr'><strong>locum</strong></span> 
     </span>
    </p>
   </div>
   <div class='ocr_carea' id='block_1_37' title="bbox 350 3318 1913 3393">
    <p class='ocr_par' dir='ltr' id='par_1_37' title="bbox 350 3318 1913 3393">
     <span class='ocr_line' id='line_1_37' title="bbox 350 3318 1913 3393; baseline -0.008 -7"><span class='ocrx_word' id='word_1_246' title='bbox 350 3331 535 3393; x_wconf 88' lang='lat' dir='ltr'><strong>habet,</strong></span> <span class='ocrx_word' id='word_1_247' title='bbox 594 3344 702 3382; x_wconf 87' lang='lat' dir='ltr'><strong>non</strong></span> <span class='ocrx_word' id='word_1_248' title='bbox 764 3325 1078 3392; x_wconf 85' lang='lat' dir='ltr'><strong>intelligunt</strong></span> <span class='ocrx_word' id='word_1_249' title='bbox 1128 3321 1272 3377; x_wconf 89' lang='lat' dir='ltr'><strong>hanc</strong></span> <span class='ocrx_word' id='word_1_250' title='bbox 1308 3321 1541 3391; x_wconf 83' lang='lat' dir='ltr'><strong>primam</strong></span> <span class='ocrx_word' id='word_1_251' title='bbox 1597 3327 1654 3375; x_wconf 93' lang='lat' dir='ltr'><strong>et</strong></span> <span class='ocrx_word' id='word_1_252' title='bbox 1708 3318 1913 3389; x_wconf 85' lang='lat' dir='ltr'><strong>speciei</strong></span> 
     </span>
    </p>
   </div>
   <div class='ocr_carea' id='block_1_38' title="bbox 350 3411 1914 3493">
    <p class='ocr_par' dir='ltr' id='par_1_38' title="bbox 350 3411 1914 3493">
     <span class='ocr_line' id='line_1_38' title="bbox 350 3411 1914 3493; baseline -0.007 -17"><span class='ocrx_word' id='word_1_253' title='bbox 350 3438 577 3493; x_wconf 84' lang='lat' dir='ltr'><strong>prorsus</strong></span> <span class='ocrx_word' id='word_1_254' title='bbox 610 3428 887 3489; x_wconf 78' lang='lat' dir='ltr'><strong>expertem</strong></span> <span class='ocrx_word' id='word_1_255' title='bbox 926 3415 1234 3475; x_wconf 86' lang='lat' dir='ltr'><strong>materiam.</strong></span> <span class='ocrx_word' id='word_1_256' title='bbox 1266 3412 1362 3469; x_wconf 89' lang='lat' dir='ltr'><strong>sed</strong></span> <span class='ocrx_word' id='word_1_257' title='bbox 1394 3428 1515 3468; x_wconf 91' lang='lat' dir='ltr'><strong>eam</strong></span> <span class='ocrx_word' id='word_1_258' title='bbox 1542 3426 1665 3483; x_wconf 72' lang='lat' dir='ltr'><strong>qua:</strong></span> <span class='ocrx_word' id='word_1_259' title='bbox 1701 3411 1914 3481; x_wconf 88' lang='lat' dir='ltr'><strong>specie-</strong></span> 
     </span>
    </p>
   </div>
   <div class='ocr_carea' id='block_1_39' title="bbox 348 3501 1909 3578">
    <p class='ocr_par' dir='ltr' id='par_1_39' title="bbox 348 3501 1909 3578">
     <span class='ocr_line' id='line_1_39' title="bbox 348 3501 1909 3578; baseline -0.01 -9"><span class='ocrx_word' id='word_1_260' title='bbox 348 3530 470 3569; x_wconf 88' lang='lat' dir='ltr'><strong>rum</strong></span> <span class='ocrx_word' id='word_1_261' title='bbox 505 3511 733 3567; x_wconf 89' lang='lat' dir='ltr'><strong>cuilibet</strong></span> <span class='ocrx_word' id='word_1_262' title='bbox 772 3506 1020 3578; x_wconf 83' lang='lat' dir='ltr'><strong>proxime</strong></span> <span class='ocrx_word' id='word_1_263' title='bbox 1076 3503 1304 3570; x_wconf 88' lang='lat' dir='ltr'><strong>subest,</strong></span> <span class='ocrx_word' id='word_1_264' title='bbox 1343 3517 1574 3573; x_wconf 62' lang='lat' dir='ltr'><strong>queque</strong></span> <span class='ocrx_word' id='word_1_265' title='bbox 1618 3501 1687 3556; x_wconf 90' lang='lat' dir='ltr'><strong>ad</strong></span> <span class='ocrx_word' id='word_1_266' title='bbox 1736 3508 1909 3554; x_wconf 91' lang='lat' dir='ltr'><strong>totum</strong></span> 
     </span>
    </p>
   </div>
   <div class='ocr_carea' id='block_1_40' title="bbox 348 3594 1912 3677">
    <p class='ocr_par' dir='ltr' id='par_1_40' title="bbox 348 3594 1912 3677">
     <span class='ocr_line' id='line_1_40' title="bbox 348 3594 1912 3677; baseline -0.008 -16"><span class='ocrx_word' id='word_1_267' title='bbox 348 3607 567 3677; x_wconf 91' lang='lat' dir='ltr'><strong>quidem</strong></span> <span class='ocrx_word' id='word_1_268' title='bbox 604 3601 849 3656; x_wconf 77' lang='lat' dir='ltr'><strong>materiae</strong></span> <span class='ocrx_word' id='word_1_269' title='bbox 884 3599 1152 3653; x_wconf 88' lang='lat' dir='ltr'><strong>rationem</strong></span> <span class='ocrx_word' id='word_1_270' title='bbox 1194 3596 1380 3661; x_wconf 89' lang='lat' dir='ltr'><strong>habet,</strong></span> <span class='ocrx_word' id='word_1_271' title='bbox 1415 3611 1525 3650; x_wconf 93' lang='lat' dir='ltr'><strong>non</strong></span> <span class='ocrx_word' id='word_1_272' title='bbox 1570 3605 1753 3651; x_wconf 89' lang='lat' dir='ltr'><strong>tamen</strong></span> <span class='ocrx_word' id='word_1_273' title='bbox 1791 3594 1912 3649; x_wconf 85' lang='lat' dir='ltr'><strong>sine</strong></span> 
     </span>
    </p>
   </div>
   <div class='ocr_carea' id='block_1_41' title="bbox 348 3682 1914 3763">
    <p class='ocr_par' dir='ltr' id='par_1_41' title="bbox 348 3682 1914 3763">
     <span class='ocr_line' id='line_1_41' title="bbox 348 3682 1914 3763; baseline -0.009 -14"><span class='ocrx_word' id='word_1_274' title='bbox 348 3692 530 3763; x_wconf 84' lang='lat' dir='ltr'><strong>specie</strong></span> <span class='ocrx_word' id='word_1_275' title='bbox 566 3700 682 3753; x_wconf 89' lang='lat' dir='ltr'><strong>est;</strong></span> <span class='ocrx_word' id='word_1_276' title='bbox 715 3701 880 3756; x_wconf 80' lang='lat' dir='ltr'><strong>quam</strong></span> <span class='ocrx_word' id='word_1_277' title='bbox 928 3684 1256 3740; x_wconf 83' lang='lat' dir='ltr'><strong>Aristoteles</strong></span> <span class='ocrx_word' id='word_1_278' title='bbox 1286 3682 1511 3753; x_wconf 87' lang='lat' dir='ltr'><strong>quidem</strong></span> <span class='ocrx_word' id='word_1_279' title='bbox 1560 3682 1809 3736; x_wconf 87' lang='lat' dir='ltr'><strong>ultimam</strong></span> <span class='ocrx_word' id='word_1_280' title='bbox 1857 3690 1914 3736; x_wconf 91' lang='lat' dir='ltr'><strong>et</strong></span> 
     </span>
    </p>
   </div>
   <div class='ocr_carea' id='block_1_42' title="bbox 349 3773 1912 3854">
    <p class='ocr_par' dir='ltr' id='par_1_42' title="bbox 349 3773 1912 3854">
     <span class='ocr_line' id='line_1_42' title="bbox 349 3773 1912 3854; baseline -0.008 -16"><span class='ocrx_word' id='word_1_281' title='bbox 349 3784 660 3854; x_wconf 81' lang='lat' dir='ltr'><strong>contiguam</strong></span> <span class='ocrx_word' id='word_1_282' title='bbox 692 3777 1003 3842; x_wconf 90' lang='lat' dir='ltr'><strong>materiam,</strong></span> <span class='ocrx_word' id='word_1_283' title='bbox 1033 3774 1211 3829; x_wconf 85' lang='lat' dir='ltr'><strong>Latini</strong></span> <span class='ocrx_word' id='word_1_284' title='bbox 1246 3789 1378 3829; x_wconf 80' lang='lat' dir='ltr'><strong>vero</strong></span> <span class='ocrx_word' id='word_1_285' title='bbox 1418 3788 1535 3829; x_wconf 87' lang='lat' dir='ltr'><strong>rem</strong></span> <span class='ocrx_word' id='word_1_286' title='bbox 1576 3773 1912 3829; x_wconf 76' lang='lat' dir='ltr'><strong>adhuc&#39;cla-</strong></span> 
     </span>
    </p>
   </div>
   <div class='ocr_carea' id='block_1_43' title="bbox 351 3866 1911 3945">
    <p class='ocr_par' dir='ltr' id='par_1_43' title="bbox 351 3866 1911 3945">
     <span class='ocr_line' id='line_1_43' title="bbox 351 3866 1911 3945; baseline -0.007 -15"><span class='ocrx_word' id='word_1_287' title='bbox 351 3877 465 3932; x_wconf 90' lang='lat' dir='ltr'><strong>rius</strong></span> <span class='ocrx_word' id='word_1_288' title='bbox 493 3874 829 3945; x_wconf 82' lang='lat' dir='ltr'><strong>explicantes</strong></span> <span class='ocrx_word' id='word_1_289' title='bbox 857 3871 1143 3925; x_wconf 79' lang='lat' dir='ltr'><strong>secundum</strong></span> <span class='ocrx_word' id='word_1_290' title='bbox 1182 3867 1501 3938; x_wconf 79' lang='lat' dir='ltr'><strong>appellant;</strong></span> <span class='ocrx_word' id='word_1_291' title='bbox 1536 3882 1699 3937; x_wconf 81' lang='lat' dir='ltr'><strong>quam</strong></span> <span class='ocrx_word' id='word_1_292' title='bbox 1743 3866 1911 3921; x_wconf 88' lang='lat' dir='ltr'><strong>etiam</strong></span> 
     </span>
    </p>
   </div>
   <div class='ocr_carea' id='block_1_44' title="bbox 347 3962 1914 4034">
    <p class='ocr_par' dir='ltr' id='par_1_44' title="bbox 347 3962 1914 4034">
     <span class='ocr_line' id='line_1_44' title="bbox 347 3962 1914 4034; baseline -0.008 -7"><span class='ocrx_word' id='word_1_293' title='bbox 347 3969 650 4027; x_wconf 88' lang='lat' dir='ltr'><strong>secundum</strong></span> <span class='ocrx_word' id='word_1_294' title='bbox 682 3968 983 4034; x_wconf 77' lang='lat' dir='ltr'><strong>analogiam</strong></span> <span class='ocrx_word' id='word_1_295' title='bbox 1019 3966 1301 4021; x_wconf 89' lang='lat' dir='ltr'><strong>materiam</strong></span> <span class='ocrx_word' id='word_1_296' title='bbox 1336 3964 1517 4020; x_wconf 86' lang='lat' dir='ltr'><strong>vocari</strong></span> <span class='ocrx_word' id='word_1_297' title='bbox 1566 3962 1732 4019; x_wconf 80' lang='lat' dir='ltr'><strong>tradit</strong></span> <span class='ocrx_word' id='word_1_298' title='bbox 1788 3962 1914 4017; x_wconf 83' lang='lat' dir='ltr'><strong>Ari-</strong></span> 
     </span>
    </p>
   </div>
   <div class='ocr_carea' id='block_1_45' title="bbox 346 4056 1916 4131">
    <p class='ocr_par' dir='ltr' id='par_1_45' title="bbox 346 4056 1916 4131">
     <span class='ocr_line' id='line_1_45' title="bbox 346 4056 1916 4131; baseline -0.006 -12"><span class='ocrx_word' id='word_1_299' title='bbox 346 4065 604 4129; x_wconf 86' lang='lat' dir='ltr'><strong>stoteles;</strong></span> <span class='ocrx_word' id='word_1_300' title='bbox 645 4062 796 4117; x_wconf 82' lang='lat' dir='ltr'><strong>verbi</strong></span> <span class='ocrx_word' id='word_1_301' title='bbox 852 4060 1061 4131; x_wconf 88' lang='lat' dir='ltr'><strong>gratia,</strong></span> <span class='ocrx_word' id='word_1_302' title='bbox 1101 4060 1333 4128; x_wconf 87' lang='lat' dir='ltr'><strong>lignum,</strong></span> <span class='ocrx_word' id='word_1_303' title='bbox 1388 4074 1513 4113; x_wconf 91' lang='lat' dir='ltr'><strong>cum</strong></span> <span class='ocrx_word' id='word_1_304' title='bbox 1544 4071 1650 4111; x_wconf 92' lang='lat' dir='ltr'><strong>non</strong></span> <span class='ocrx_word' id='word_1_305' title='bbox 1685 4056 1758 4110; x_wconf 86' lang='lat' dir='ltr'><strong>sit</strong></span> <span class='ocrx_word' id='word_1_306' title='bbox 1799 4070 1916 4111; x_wconf 81' lang='lat' dir='ltr'><strong>ma-</strong></span> 
     </span>
    </p>
   </div>
   <div class='ocr_carea' id='block_1_46' title="bbox 350 4146 1911 4225">
    <p class='ocr_par' dir='ltr' id='par_1_46' title="bbox 350 4146 1911 4225">
     <span class='ocr_line' id='line_1_46' title="bbox 350 4146 1911 4225; baseline -0.007 -13"><span class='ocrx_word' id='word_1_307' title='bbox 350 4159 483 4213; x_wconf 88' lang='lat' dir='ltr'><strong>teria</strong></span> <span class='ocrx_word' id='word_1_308' title='bbox 523 4157 628 4225; x_wconf 91' lang='lat' dir='ltr'><strong>(est</strong></span> <span class='ocrx_word' id='word_1_309' title='bbox 654 4155 797 4209; x_wconf 70' lang='lat' dir='ltr'><strong>etaim</strong></span> <span class='ocrx_word' id='word_1_310' title='bbox 844 4167 969 4208; x_wconf 92' lang='lat' dir='ltr'><strong>cum</strong></span> <span class='ocrx_word' id='word_1_311' title='bbox 994 4151 1162 4221; x_wconf 80' lang='lat' dir='ltr'><strong>ﬁgura</strong></span> <span class='ocrx_word' id='word_1_312' title='bbox 1210 4160 1267 4204; x_wconf 91' lang='lat' dir='ltr'><strong>et</strong></span> <span class='ocrx_word' id='word_1_313' title='bbox 1293 4149 1510 4217; x_wconf 84' lang='lat' dir='ltr'><strong>forma),</strong></span> <span class='ocrx_word' id='word_1_314' title='bbox 1558 4159 1737 4203; x_wconf 87' lang='lat' dir='ltr'><strong>tamen</strong></span> <span class='ocrx_word' id='word_1_315' title='bbox 1781 4146 1911 4202; x_wconf 88' lang='lat' dir='ltr'><strong>lecti</strong></span> 
     </span>
    </p>
   </div>
   <div class='ocr_carea' id='block_1_47' title="bbox 349 4240 1909 4310">
    <p class='ocr_par' dir='ltr' id='par_1_47' title="bbox 349 4240 1909 4310">
     <span class='ocr_line' id='line_1_47' title="bbox 349 4240 1909 4310; baseline -0.006 -8"><span class='ocrx_word' id='word_1_316' title='bbox 349 4251 631 4303; x_wconf 87' lang='lat' dir='ltr'><strong>materiam</strong></span> <span class='ocrx_word' id='word_1_317' title='bbox 656 4262 800 4302; x_wconf 90' lang='lat' dir='ltr'><strong>esse.</strong></span> <span class='ocrx_word' id='word_1_318' title='bbox 837 4243 1149 4299; x_wconf 87' lang='lat' dir='ltr'><strong>Secundum</strong></span> <span class='ocrx_word' id='word_1_319' title='bbox 1192 4242 1331 4296; x_wconf 90' lang='lat' dir='ltr'><strong>hanc</strong></span> <span class='ocrx_word' id='word_1_320' title='bbox 1359 4242 1523 4310; x_wconf 88' lang='lat' dir='ltr'><strong>igitur</strong></span> <span class='ocrx_word' id='word_1_321' title='bbox 1559 4240 1909 4294; x_wconf 81' lang='lat' dir='ltr'><strong>Aristotelem</strong></span> 
     </span>
    </p>
   </div>
   <div class='ocr_carea' id='block_1_48' title="bbox 348 4328 1909 4409">
    <p class='ocr_par' dir='ltr' id='par_1_48' title="bbox 348 4328 1909 4409">
     <span class='ocr_line' id='line_1_48' title="bbox 348 4328 1909 4409; baseline -0.007 -15"><span class='ocrx_word' id='word_1_322' title='bbox 348 4348 639 4409; x_wconf 88' lang='lat' dir='ltr'><strong>sequentes</strong></span> <span class='ocrx_word' id='word_1_323' title='bbox 670 4352 733 4391; x_wconf 91' lang='lat' dir='ltr'><strong>ea</strong></span> <span class='ocrx_word' id='word_1_324' title='bbox 758 4349 879 4403; x_wconf 66' lang='lat' dir='ltr'><strong>qua:</strong></span> <span class='ocrx_word' id='word_1_325' title='bbox 908 4333 1325 4402; x_wconf 82' lang='lat' dir='ltr'><strong>distinguuntur</strong></span> <span class='ocrx_word' id='word_1_326' title='bbox 1347 4339 1599 4385; x_wconf 87' lang='lat' dir='ltr'><strong>asserunt</strong></span> <span class='ocrx_word' id='word_1_327' title='bbox 1624 4328 1909 4397; x_wconf 83' lang='lat' dir='ltr'><strong>distingui,</strong></span> 
     </span>
    </p>
   </div>
   <div class='ocr_carea' id='block_1_49' title="bbox 2018 559 3601 637">
    <p class='ocr_par' dir='ltr' id='par_1_49' title="bbox 2018 559 3601 637">
     <span class='ocr_line' id='line_1_49' title="bbox 2018 559 3601 637; baseline -0.001 -18"><span class='ocrx_word' id='word_1_328' title='bbox 2018 567 2303 637; x_wconf 76' lang='grc' dir='ltr'>Καλαὸρδς</span> <span class='ocrx_word' id='word_1_329' title='bbox 2352 569 2446 622; x_wconf 66' lang='grc' dir='ltr'><strong>καὶ⁸</strong></span> <span class='ocrx_word' id='word_1_330' title='bbox 2498 569 2690 630; x_wconf 79' lang='grc' dir='ltr'>Νεῖλος</span> <span class='ocrx_word' id='word_1_331' title='bbox 2732 570 2759 619; x_wconf 91' lang='lat'><strong>6</strong></span> <span class='ocrx_word' id='word_1_332' title='bbox 2819 567 3159 629; x_wconf 72' lang='grc' dir='ltr'>Καῦασίλας,</span> <span class='ocrx_word' id='word_1_333' title='bbox 3222 567 3313 635; x_wconf 79' lang='grc' dir='ltr'><strong>ἀφ’</strong></span> <span class='ocrx_word' id='word_1_334' title='bbox 3368 559 3445 619; x_wconf 78' lang='grc' dir='ltr'>ὧν</span> <span class='ocrx_word' id='word_1_335' title='bbox 3506 569 3601 618; x_wconf 80' lang='grc' dir='ltr'>καὶ</span> 
     </span>
    </p>
   </div>
   <div class='ocr_carea' id='block_1_50' title="bbox 2015 655 3599 728">
    <p class='ocr_par' dir='ltr' id='par_1_50' title="bbox 2015 655 3599 728">
     <span class='ocr_line' id='line_1_50' title="bbox 2015 655 3599 728; baseline -0.002 -17"><span class='ocrx_word' id='word_1_336' title='bbox 2015 658 2181 720; x_wconf 76' lang='grc' dir='ltr'>αὐτὸς</span> <span class='ocrx_word' id='word_1_337' title='bbox 2213 658 2451 727; x_wconf 84' lang='grc' dir='ltr'>εἰληφὼς</span> <span class='ocrx_word' id='word_1_338' title='bbox 2482 660 2717 727; x_wconf 80' lang='grc' dir='ltr'>γράφεις</span> <span class='ocrx_word' id='word_1_339' title='bbox 2749 659 2786 712; x_wconf 72' lang='grc' dir='ltr'><strong>ἃ</strong></span> <span class='ocrx_word' id='word_1_340' title='bbox 2832 658 3086 728; x_wconf 81' lang='grc' dir='ltr'>γράφεις.</span> <span class='ocrx_word' id='word_1_341' title='bbox 3119 655 3266 726; x_wconf 83' lang='grc' dir='ltr'>Πλὴν</span> <span class='ocrx_word' id='word_1_342' title='bbox 3295 657 3420 709; x_wconf 85' lang='grc' dir='ltr'>ὅσον</span> <span class='ocrx_word' id='word_1_343' title='bbox 3451 658 3599 709; x_wconf 69' lang='grc' dir='ltr'>ἐκεῖ-</span> 
     </span>
    </p>
   </div>
   <div class='ocr_carea' id='block_1_51' title="bbox 2014 750 3597 822">
    <p class='ocr_par' dir='ltr' id='par_1_51' title="bbox 2014 750 3597 822">
     <span class='ocr_line' id='line_1_51' title="bbox 2014 750 3597 822; baseline -0.001 -20"><span class='ocrx_word' id='word_1_344' title='bbox 2014 767 2094 802; x_wconf 78' lang='grc' dir='ltr'><strong>νοι</strong></span> <span class='ocrx_word' id='word_1_345' title='bbox 2149 752 2249 819; x_wconf 75' lang='grc' dir='ltr'>μὲν</span> <span class='ocrx_word' id='word_1_346' title='bbox 2299 751 2609 822; x_wconf 72' lang='grc' dir='ltr'>σοφεῦτερόν</span> <span class='ocrx_word' id='word_1_347' title='bbox 2642 769 2702 803; x_wconf 84' lang='grc' dir='ltr'><strong>τε</strong></span> <span class='ocrx_word' id='word_1_348' title='bbox 2755 754 2850 804; x_wconf 77' lang='grc' dir='ltr'>καὶ</span> <span class='ocrx_word' id='word_1_349' title='bbox 2884 751 2979 803; x_wconf 88' lang='grc' dir='ltr'><strong>σοῦ</strong></span> <span class='ocrx_word' id='word_1_350' title='bbox 3036 750 3237 817; x_wconf 81' lang='grc' dir='ltr'>μᾶλλον</span> <span class='ocrx_word' id='word_1_351' title='bbox 3269 750 3597 820; x_wconf 73' lang='grc' dir='ltr'>ἐπεξειργά-</span> 
     </span>
    </p>
   </div>
   <div class='ocr_carea' id='block_1_52' title="bbox 2017 839 3599 911">
    <p class='ocr_par' dir='ltr' id='par_1_52' title="bbox 2017 839 3599 911">
     <span class='ocr_line' id='line_1_52' title="bbox 2017 839 3599 911; baseline 0.003 -21"><span class='ocrx_word' id='word_1_352' title='bbox 2017 855 2179 891; x_wconf 88' lang='grc' dir='ltr'>σαντο</span> <span class='ocrx_word' id='word_1_353' title='bbox 2208 839 2365 892; x_wconf 86' lang='grc' dir='ltr'>τοῦτο</span> <span class='ocrx_word' id='word_1_354' title='bbox 2392 840 2450 892; x_wconf 84' lang='lat'><strong>:6</strong></span> <span class='ocrx_word' id='word_1_355' title='bbox 2484 841 2727 911; x_wconf 76' lang='grc' dir='ltr'>ζήτημα,</span> <span class='ocrx_word' id='word_1_356' title='bbox 2765 842 2829 895; x_wconf 79' lang='grc' dir='ltr'>σὺ</span> <span class='ocrx_word' id='word_1_357' title='bbox 2862 842 2920 893; x_wconf 82' lang='grc' dir='ltr'><strong>δὲ</strong></span> <span class='ocrx_word' id='word_1_358' title='bbox 2972 840 3164 910; x_wconf 88' lang='grc' dir='ltr'>πολλῷ</span> <span class='ocrx_word' id='word_1_359' title='bbox 3190 841 3375 911; x_wconf 81' lang='grc' dir='ltr'>χεῖρόν</span> <span class='ocrx_word' id='word_1_360' title='bbox 3408 857 3468 893; x_wconf 82' lang='grc' dir='ltr'><strong>τε</strong></span> <span class='ocrx_word' id='word_1_361' title='bbox 3503 844 3599 894; x_wconf 74' lang='grc' dir='ltr'>καὶ</span> 
     </span>
    </p>
   </div>
   <div class='ocr_carea' id='block_1_53' title="bbox 2013 930 3595 1029">
    <p class='ocr_par' dir='ltr' id='par_1_53' title="bbox 2013 930 3595 1029">
     <span class='ocr_line' id='line_1_53' title="bbox 2013 930 3595 1029; baseline 0.001 -47"><span class='ocrx_word' id='word_1_362' title='bbox 2013 930 2408 1002; x_wconf 82' lang='grc' dir='ltr'>ἀσθενέστερον</span> <span class='ocrx_word' id='word_1_363' title='bbox 2461 932 2759 1029; x_wconf 52' lang='grc' dir='ltr'>ἐκθέμενος</span> <span class='ocrx_word' id='word_1_364' title='bbox 2807 933 3125 987; x_wconf 81' lang='grc' dir='ltr'>τούναντίον</span> <span class='ocrx_word' id='word_1_365' title='bbox 3181 931 3241 985; x_wconf 82' lang='grc' dir='ltr'><strong>οῦ</strong></span> <span class='ocrx_word' id='word_1_366' title='bbox 3299 932 3377 1003; x_wconf 84' lang='lat' dir='ltr'><strong>(l)</strong></span> <span class='ocrx_word' id='word_1_367' title='bbox 3416 933 3595 1002; x_wconf 79' lang='grc' dir='ltr'>βούλει</span> 
     </span>
    </p>
   </div>
   <div class='ocr_carea' id='block_1_54' title="bbox 2014 1021 3597 1091">
    <p class='ocr_par' dir='ltr' id='par_1_54' title="bbox 2014 1021 3597 1091">
     <span class='ocr_line' id='line_1_54' title="bbox 2014 1021 3597 1091; baseline 0.001 -19"><span class='ocrx_word' id='word_1_368' title='bbox 2014 1023 2187 1083; x_wconf 81' lang='grc' dir='ltr'><strong>ποιεῖς</strong></span> <span class='ocrx_word' id='word_1_369' title='bbox 2219 1021 2312 1074; x_wconf 79' lang='grc' dir='ltr'>καὶ</span> <span class='ocrx_word' id='word_1_370' title='bbox 2352 1021 2667 1075; x_wconf 59' lang='grc' dir='ltr'>σαυτὸνῖιαὶ</span> <span class='ocrx_word' id='word_1_371' title='bbox 2694 1025 2825 1084; x_wconf 84' lang='grc' dir='ltr'>τοὺς</span> <span class='ocrx_word' id='word_1_372' title='bbox 2871 1022 2979 1091; x_wconf 81' lang='grc' dir='ltr'>πρὸ</span> <span class='ocrx_word' id='word_1_373' title='bbox 3016 1021 3113 1075; x_wconf 91' lang='grc' dir='ltr'><strong>σοῦ</strong></span> <span class='ocrx_word' id='word_1_374' title='bbox 3144 1021 3407 1091; x_wconf 67' lang='grc' dir='ltr'>ιλέγχων.</span> <span class='ocrx_word' id='word_1_375' title='bbox 3438 1023 3597 1075; x_wconf 70' lang='grc' dir='ltr'>Ἐπεὶ</span> 
     </span>
    </p>
   </div>
   <div class='ocr_carea' id='block_1_55' title="bbox 2013 1113 3595 1186">
    <p class='ocr_par' dir='ltr' id='par_1_55' title="bbox 2013 1113 3595 1186">
     <span class='ocr_line' id='line_1_55' title="bbox 2013 1113 3595 1186; baseline 0.003 -23"><span class='ocrx_word' id='word_1_376' title='bbox 2013 1113 2058 1164; x_wconf 83' lang='grc' dir='ltr'><strong>δ’</strong></span> <span class='ocrx_word' id='word_1_377' title='bbox 2096 1115 2124 1164; x_wconf 91' lang='lat'><strong>6</strong></span> <span class='ocrx_word' id='word_1_378' title='bbox 2169 1114 2487 1181; x_wconf 83' lang='grc' dir='ltr'>σοφώτατος</span> <span class='ocrx_word' id='word_1_379' title='bbox 2518 1116 2834 1185; x_wconf 83' lang='grc' dir='ltr'>Δημήτριος</span> <span class='ocrx_word' id='word_1_380' title='bbox 2885 1118 2913 1169; x_wconf 93' lang='lat'><strong>6</strong></span> <span class='ocrx_word' id='word_1_381' title='bbox 2944 1115 3204 1185; x_wconf 84' lang='grc' dir='ltr'>Κυδώνης</span> <span class='ocrx_word' id='word_1_382' title='bbox 3242 1116 3320 1186; x_wconf 76' lang='grc'><strong>(2)</strong></span> <span class='ocrx_word' id='word_1_383' title='bbox 3348 1116 3595 1182; x_wconf 69' lang='grc' dir='ltr'>ἐπιγινό-</span> 
     </span>
    </p>
   </div>
   <div class='ocr_carea' id='block_1_56' title="bbox 2016 1205 3596 1277">
    <p class='ocr_par' dir='ltr' id='par_1_56' title="bbox 2016 1205 3596 1277">
     <span class='ocr_line' id='line_1_56' title="bbox 2016 1205 3596 1277; baseline 0.001 -21"><span class='ocrx_word' id='word_1_384' title='bbox 2016 1220 2177 1272; x_wconf 83' lang='grc' dir='ltr'>μενος</span> <span class='ocrx_word' id='word_1_385' title='bbox 2219 1205 2418 1274; x_wconf 79' lang='grc' dir='ltr'>άριστά</span> <span class='ocrx_word' id='word_1_386' title='bbox 2453 1221 2512 1258; x_wconf 87' lang='grc' dir='ltr'><strong>τε</strong></span> <span class='ocrx_word' id='word_1_387' title='bbox 2561 1207 2658 1259; x_wconf 72' lang='grc' dir='ltr'>καὶ</span> <span class='ocrx_word' id='word_1_388' title='bbox 2696 1206 2990 1275; x_wconf 75' lang='grc' dir='ltr'><strong>σοφώτατα</strong></span> <span class='ocrx_word' id='word_1_389' title='bbox 3044 1206 3331 1277; x_wconf 78' lang='grc' dir='ltr'>Καόασίλᾳ</span> <span class='ocrx_word' id='word_1_390' title='bbox 3361 1209 3596 1268; x_wconf 71' lang='grc' dir='ltr'>καὶτοῖς</span> 
     </span>
    </p>
   </div>
   <div class='ocr_carea' id='block_1_57' title="bbox 2015 1297 3598 1369">
    <p class='ocr_par' dir='ltr' id='par_1_57' title="bbox 2015 1297 3598 1369">
     <span class='ocr_line' id='line_1_57' title="bbox 2015 1297 3598 1369; baseline 0.007 -22"><span class='ocrx_word' id='word_1_391' title='bbox 2015 1297 2222 1350; x_wconf 70' lang='grc' dir='ltr'>ἐκείνου</span> <span class='ocrx_word' id='word_1_392' title='bbox 2249 1297 2427 1364; x_wconf 82' lang='grc' dir='ltr'>λόγοις</span> <span class='ocrx_word' id='word_1_393' title='bbox 2458 1299 2682 1351; x_wconf 83' lang='grc' dir='ltr'>ἀντείπέ</span> <span class='ocrx_word' id='word_1_394' title='bbox 2715 1316 2775 1352; x_wconf 86' lang='grc' dir='ltr'><strong>τε</strong></span> <span class='ocrx_word' id='word_1_395' title='bbox 2809 1301 2905 1353; x_wconf 69' lang='grc' dir='ltr'>καὶ</span> <span class='ocrx_word' id='word_1_396' title='bbox 2940 1299 3144 1361; x_wconf 83' lang='grc' dir='ltr'>ἰκανῶς</span> <span class='ocrx_word' id='word_1_397' title='bbox 3174 1299 3455 1369; x_wconf 80' lang='grc' dir='ltr'>ἀπήλεγξε</span> <span class='ocrx_word' id='word_1_398' title='bbox 3489 1317 3598 1369; x_wconf 72' lang='grc' dir='ltr'>μη·</span> 
     </span>
    </p>
   </div>
   <div class='ocr_carea' id='block_1_58' title="bbox 2012 1387 3596 1462">
    <p class='ocr_par' dir='ltr' id='par_1_58' title="bbox 2012 1387 3596 1462">
     <span class='ocr_line' id='line_1_58' title="bbox 2012 1387 3596 1462; baseline 0.001 -23"><span class='ocrx_word' id='word_1_399' title='bbox 2012 1387 2102 1441; x_wconf 83' lang='grc' dir='ltr'><strong>δὲν</strong></span> <span class='ocrx_word' id='word_1_400' title='bbox 2134 1388 2269 1459; x_wconf 98' lang='lat'><em>1:96;</em></span> <span class='ocrx_word' id='word_1_401' title='bbox 2298 1389 2429 1453; x_wconf 77' lang='grc' dir='ltr'>ἔπος</span> <span class='ocrx_word' id='word_1_402' title='bbox 2460 1390 2705 1457; x_wconf 85' lang='grc' dir='ltr'>λέγοντα,</span> <span class='ocrx_word' id='word_1_403' title='bbox 2743 1393 2923 1445; x_wconf 89' lang='grc' dir='ltr'>καίτοι</span> <span class='ocrx_word' id='word_1_404' title='bbox 2963 1391 3104 1461; x_wconf 74' lang='grc' dir='ltr'>μετὰ</span> <span class='ocrx_word' id='word_1_405' title='bbox 3136 1391 3400 1462; x_wconf 71' lang='grc' dir='ltr'>Βαρλαὰμ</span> <span class='ocrx_word' id='word_1_406' title='bbox 3444 1391 3596 1459; x_wconf 80' lang='grc' dir='ltr'>γινό-</span> 
     </span>
    </p>
   </div>
   <div class='ocr_carea' id='block_1_59' title="bbox 2016 1476 3588 1549">
    <p class='ocr_par' dir='ltr' id='par_1_59' title="bbox 2016 1476 3588 1549">
     <span class='ocr_line' id='line_1_59' title="bbox 2016 1476 3588 1549; baseline 0.002 -22"><span class='ocrx_word' id='word_1_407' title='bbox 2016 1492 2177 1544; x_wconf 85' lang='grc' dir='ltr'>μενον</span> <span class='ocrx_word' id='word_1_408' title='bbox 2212 1478 2302 1529; x_wconf 72' lang='grc' dir='ltr'>καὶ</span> <span class='ocrx_word' id='word_1_409' title='bbox 2334 1476 2469 1546; x_wconf 87' lang='lat'><em>1:96;</em></span> <span class='ocrx_word' id='word_1_410' title='bbox 2491 1480 2605 1542; x_wconf 85' lang='grc' dir='ltr'>τοῖς</span> <span class='ocrx_word' id='word_1_411' title='bbox 2637 1480 2851 1532; x_wconf 77' lang='grc' dir='ltr'>ἐκείνου</span> <span class='ocrx_word' id='word_1_412' title='bbox 2880 1483 2975 1533; x_wconf 77' lang='grc' dir='ltr'>καὶ</span> <span class='ocrx_word' id='word_1_413' title='bbox 3004 1480 3141 1534; x_wconf 78' lang='grc' dir='ltr'>ἄλλα</span> <span class='ocrx_word' id='word_1_414' title='bbox 3173 1481 3244 1535; x_wconf 82' lang='grc' dir='ltr'><strong>τὰ</strong></span> <span class='ocrx_word' id='word_1_415' title='bbox 3268 1481 3361 1549; x_wconf 81' lang='grc' dir='ltr'><strong>ἀφ’</strong></span> <span class='ocrx_word' id='word_1_416' title='bbox 3393 1479 3588 1534; x_wconf 76' lang='grc' dir='ltr'>ἑαυτοῦ</span> 
     </span>
    </p>
   </div>
   <div class='ocr_carea' id='block_1_60' title="bbox 2014 1566 3589 1639">
    <p class='ocr_par' dir='ltr' id='par_1_60' title="bbox 2014 1566 3589 1639">
     <span class='ocr_line' id='line_1_60' title="bbox 2014 1566 3589 1639; baseline 0.003 -22"><span class='ocrx_word' id='word_1_417' title='bbox 2014 1566 2340 1636; x_wconf 80' lang='grc' dir='ltr'><strong>προσθέντα,</strong></span> <span class='ocrx_word' id='word_1_418' title='bbox 2377 1570 2474 1631; x_wconf 81' lang='grc' dir='ltr'>τὰς</span> <span class='ocrx_word' id='word_1_419' title='bbox 2522 1570 2635 1622; x_wconf 87' lang='grc' dir='ltr'><strong>τῶν</strong></span> <span class='ocrx_word' id='word_1_420' title='bbox 2671 1570 2782 1623; x_wconf 90' lang='grc' dir='ltr'><strong>σῶν</strong></span> <span class='ocrx_word' id='word_1_421' title='bbox 2838 1572 3042 1625; x_wconf 82' lang='grc' dir='ltr'>τούτων</span> <span class='ocrx_word' id='word_1_422' title='bbox 3112 1570 3289 1639; x_wconf 76' lang='grc' dir='ltr'>λόγων</span> <span class='ocrx_word' id='word_1_423' title='bbox 3331 1572 3512 1632; x_wconf 81' lang='grc' dir='ltr'>δύσεις</span> <span class='ocrx_word' id='word_1_424' title='bbox 3562 1573 3589 1621; x_wconf 90' lang='lat'><strong>6</strong></span> 
     </span>
    </p>
   </div>
   <div class='ocr_carea' id='block_1_61' title="bbox 2016 1659 3591 1737">
    <p class='ocr_par' dir='ltr' id='par_1_61' title="bbox 2016 1659 3591 1737">
     <span class='ocr_line' id='line_1_61' title="bbox 2016 1659 3591 1737; baseline 0.003 -26"><span class='ocrx_word' id='word_1_425' title='bbox 2016 1659 2339 1729; x_wconf 80' lang='grc' dir='ltr'>βουλόμενος</span> <span class='ocrx_word' id='word_1_426' title='bbox 2390 1661 2452 1713; x_wconf 80' lang='grc' dir='ltr'>ἐκ</span> <span class='ocrx_word' id='word_1_427' title='bbox 2486 1661 2595 1714; x_wconf 89' lang='grc' dir='ltr'><strong>τῶν</strong></span> <span class='ocrx_word' id='word_1_428' title='bbox 2646 1663 2743 1716; x_wconf 83' lang='grc' dir='ltr'><strong>τοῦ</strong></span> <span class='ocrx_word' id='word_1_429' title='bbox 2777 1664 3007 1737; x_wconf 84' lang='grc' dir='ltr'>Κυὸὡνη</span> <span class='ocrx_word' id='word_1_430' title='bbox 3053 1664 3321 1735; x_wconf 75' lang='grc' dir='ltr'>ζητείτωο</span> <span class='ocrx_word' id='word_1_431' title='bbox 3356 1666 3451 1717; x_wconf 76' lang='grc' dir='ltr'>καὶ</span> <span class='ocrx_word' id='word_1_432' title='bbox 3486 1666 3591 1732; x_wconf 74' lang='grc' dir='ltr'><strong>γὰρ</strong></span> 
     </span>
    </p>
   </div>
   <div class='ocr_carea' id='block_1_62' title="bbox 2018 1751 3588 1827">
    <p class='ocr_par' dir='ltr' id='par_1_62' title="bbox 2018 1751 3588 1827">
     <span class='ocr_line' id='line_1_62' title="bbox 2018 1751 3588 1827; baseline 0.006 -25"><span class='ocrx_word' id='word_1_433' title='bbox 2018 1751 2218 1814; x_wconf 79' lang='grc' dir='ltr'>ἰκανῶς</span> <span class='ocrx_word' id='word_1_434' title='bbox 2272 1755 2331 1803; x_wconf 75' lang='grc' dir='ltr'>ιν</span> <span class='ocrx_word' id='word_1_435' title='bbox 2394 1752 2626 1816; x_wconf 80' lang='grc' dir='ltr'>ἐκείνοις</span> <span class='ocrx_word' id='word_1_436' title='bbox 2701 1754 2927 1827; x_wconf 81' lang='grc' dir='ltr'><strong>εὑρήσει</strong></span> <span class='ocrx_word' id='word_1_437' title='bbox 2977 1758 3155 1811; x_wconf 79' lang='grc' dir='ltr'>πάντα</span> <span class='ocrx_word' id='word_1_438' title='bbox 3227 1756 3588 1827; x_wconf 77' lang='grc' dir='ltr'><strong>ἐληλεγμένα.</strong></span> 
     </span>
    </p>
   </div>
   <div class='ocr_carea' id='block_1_63' title="bbox 2027 1839 3587 1919">
    <p class='ocr_par' dir='ltr' id='par_1_63' title="bbox 2027 1839 3587 1919">
     <span class='ocr_line' id='line_1_63' title="bbox 2027 1839 3587 1919; baseline 0.004 -26"><span class='ocrx_word' id='word_1_439' title='bbox 2027 1841 2215 1911; x_wconf 83' lang='grc' dir='ltr'>Ἡμεῖς</span> <span class='ocrx_word' id='word_1_440' title='bbox 2245 1842 2304 1896; x_wconf 77' lang='grc' dir='ltr'><strong>δὲ</strong></span> <span class='ocrx_word' id='word_1_441' title='bbox 2336 1843 2396 1895; x_wconf 84' lang='grc' dir='ltr'><strong>τό</strong></span> <span class='ocrx_word' id='word_1_442' title='bbox 2424 1860 2487 1911; x_wconf 86' lang='grc' dir='ltr'><strong>γε</strong></span> <span class='ocrx_word' id='word_1_443' title='bbox 2543 1844 2641 1898; x_wconf 87' lang='grc' dir='ltr'><strong>νῦν</strong></span> <span class='ocrx_word' id='word_1_444' title='bbox 2676 1839 2819 1900; x_wconf 75' lang='grc' dir='ltr'>εἶναι</span> <span class='ocrx_word' id='word_1_445' title='bbox 2884 1848 3024 1919; x_wconf 86' lang='lat'><em>1:96;</em></span> <span class='ocrx_word' id='word_1_446' title='bbox 3084 1849 3184 1917; x_wconf 80' lang='grc' dir='ltr'>μὲν</span> <span class='ocrx_word' id='word_1_447' title='bbox 3235 1848 3296 1902; x_wconf 81' lang='lat'><strong>:6</strong></span> <span class='ocrx_word' id='word_1_448' title='bbox 3352 1849 3587 1902; x_wconf 76' lang='grc' dir='ltr'><strong>καθόλου</strong></span> 
     </span>
    </p>
   </div>
   <div class='ocr_carea' id='block_1_64' title="bbox 2016 1933 3591 2008">
    <p class='ocr_par' dir='ltr' id='par_1_64' title="bbox 2016 1933 3591 2008">
     <span class='ocr_line' id='line_1_64' title="bbox 2016 1933 3591 2008; baseline 0.004 -23"><span class='ocrx_word' id='word_1_449' title='bbox 2016 1933 2237 2003; x_wconf 84' lang='grc' dir='ltr'>ζήτημα</span> <span class='ocrx_word' id='word_1_450' title='bbox 2280 1934 2513 2006; x_wconf 76' lang='grc' dir='ltr'><strong>ἐροῦμεν</strong></span> <span class='ocrx_word' id='word_1_451' title='bbox 2558 1938 2710 1991; x_wconf 81' lang='grc' dir='ltr'>οὐδέν</span> <span class='ocrx_word' id='word_1_452' title='bbox 2737 1955 2750 1968; x_wconf 89' lang='grc'>·</span> <span class='ocrx_word' id='word_1_453' title='bbox 2789 1940 3016 2008; x_wconf 84' lang='grc' dir='ltr'>μάταιον</span> <span class='ocrx_word' id='word_1_454' title='bbox 3071 1941 3179 2008; x_wconf 81' lang='grc' dir='ltr'>γὰρ</span> <span class='ocrx_word' id='word_1_455' title='bbox 3231 1941 3406 1993; x_wconf 74' lang='grc' dir='ltr'>ταυτα</span> <span class='ocrx_word' id='word_1_456' title='bbox 3456 1941 3591 2007; x_wconf 73' lang='grc' dir='ltr'>περὶ</span> 
     </span>
    </p>
   </div>
   <div class='ocr_carea' id='block_1_65' title="bbox 2013 2027 3589 2100">
    <p class='ocr_par' dir='ltr' id='par_1_65' title="bbox 2013 2027 3589 2100">
     <span class='ocr_line' id='line_1_65' title="bbox 2013 2027 3589 2100; baseline 0.003 -21"><span class='ocrx_word' id='word_1_457' title='bbox 2013 2028 2122 2079; x_wconf 84' lang='grc' dir='ltr'><strong>τῶν</strong></span> <span class='ocrx_word' id='word_1_458' title='bbox 2155 2027 2337 2095; x_wconf 68' lang='grc' dir='ltr'>αῦτῶν</span> <span class='ocrx_word' id='word_1_459' title='bbox 2375 2028 2577 2097; x_wconf 84' lang='grc' dir='ltr'>λέγειν,</span> <span class='ocrx_word' id='word_1_460' title='bbox 2612 2030 2707 2083; x_wconf 77' lang='grc' dir='ltr'>καὶ</span> <span class='ocrx_word' id='word_1_461' title='bbox 2737 2030 2976 2100; x_wconf 82' lang='grc' dir='ltr'>μάλιστα</span> <span class='ocrx_word' id='word_1_462' title='bbox 3024 2032 3176 2099; x_wconf 80' lang='grc' dir='ltr'>παρὰ</span> <span class='ocrx_word' id='word_1_463' title='bbox 3198 2032 3305 2085; x_wconf 88' lang='grc' dir='ltr'><strong>τῶν</strong></span> <span class='ocrx_word' id='word_1_464' title='bbox 3339 2031 3589 2099; x_wconf 80' lang='grc' dir='ltr'>φθασάν-</span> 
     </span>
    </p>
   </div>
   <div class='ocr_carea' id='block_1_66' title="bbox 2014 2120 3588 2192">
    <p class='ocr_par' dir='ltr' id='par_1_66' title="bbox 2014 2120 3588 2192">
     <span class='ocr_line' id='line_1_66' title="bbox 2014 2120 3588 2192; baseline 0.003 -19"><span class='ocrx_word' id='word_1_465' title='bbox 2014 2136 2122 2173; x_wconf 85' lang='grc' dir='ltr'><strong>των</strong></span> <span class='ocrx_word' id='word_1_466' title='bbox 2180 2120 2329 2189; x_wconf 79' lang='grc' dir='ltr'>ἡμᾶς</span> <span class='ocrx_word' id='word_1_467' title='bbox 2400 2120 2602 2187; x_wconf 78' lang='grc' dir='ltr'>ἄριστα</span> <span class='ocrx_word' id='word_1_468' title='bbox 2681 2123 3033 2192; x_wconf 73' lang='grc' dir='ltr'>εἰρημένων·</span> <span class='ocrx_word' id='word_1_469' title='bbox 3097 2122 3290 2192; x_wconf 87' lang='grc' dir='ltr'>ῶσπερ</span> <span class='ocrx_word' id='word_1_470' title='bbox 3362 2125 3456 2177; x_wconf 81' lang='grc' dir='ltr'>καὶ</span> <span class='ocrx_word' id='word_1_471' title='bbox 3524 2125 3588 2176; x_wconf 80' lang='grc' dir='ltr'>σὺ</span> 
     </span>
    </p>
   </div>
   <div class='ocr_carea' id='block_1_67' title="bbox 2017 2210 3590 2287">
    <p class='ocr_par' dir='ltr' id='par_1_67' title="bbox 2017 2210 3590 2287">
     <span class='ocr_line' id='line_1_67' title="bbox 2017 2210 3590 2287; baseline 0.005 -25"><span class='ocrx_word' id='word_1_472' title='bbox 2017 2210 2177 2262; x_wconf 80' lang='grc' dir='ltr'>πλέον</span> <span class='ocrx_word' id='word_1_473' title='bbox 2228 2212 2304 2282; x_wconf 77' lang='grc'><strong>(5)</strong></span> <span class='ocrx_word' id='word_1_474' title='bbox 2336 2213 2367 2283; x_wconf 76' lang='grc' dir='ltr'>ἢ</span> <span class='ocrx_word' id='word_1_475' title='bbox 2400 2214 2577 2283; x_wconf 80' lang='grc' dir='ltr'>μάτην</span> <span class='ocrx_word' id='word_1_476' title='bbox 2620 2214 2894 2284; x_wconf 78' lang='grc' dir='ltr'>ἑπόνησας</span> <span class='ocrx_word' id='word_1_477' title='bbox 2936 2214 3002 2269; x_wconf 83' lang='grc' dir='ltr'>τὰ</span> <span class='ocrx_word' id='word_1_478' title='bbox 3034 2219 3150 2275; x_wconf 77' lang='grc' dir='ltr'>τοῖς</span> <span class='ocrx_word' id='word_1_479' title='bbox 3181 2217 3287 2287; x_wconf 81' lang='lat'><em>1:96</em></span> <span class='ocrx_word' id='word_1_480' title='bbox 3322 2215 3416 2270; x_wconf 90' lang='grc' dir='ltr'><strong>σοῦ</strong></span> <span class='ocrx_word' id='word_1_481' title='bbox 3463 2217 3590 2286; x_wconf 79' lang='grc' dir='ltr'>βέλ-</span> 
     </span>
    </p>
   </div>
   <div class='ocr_carea' id='block_1_68' title="bbox 2013 2304 3589 2381">
    <p class='ocr_par' dir='ltr' id='par_1_68' title="bbox 2013 2304 3589 2381">
     <span class='ocr_line' id='line_1_68' title="bbox 2013 2304 3589 2381; baseline 0.004 -26"><span class='ocrx_word' id='word_1_482' title='bbox 2013 2320 2129 2357; x_wconf 86' lang='grc' dir='ltr'>τιον</span> <span class='ocrx_word' id='word_1_483' title='bbox 2152 2304 2420 2374; x_wconf 76' lang='grc' dir='ltr'>εἰρημένα</span> <span class='ocrx_word' id='word_1_484' title='bbox 2474 2307 2569 2358; x_wconf 78' lang='grc' dir='ltr'><strong>ἐπὶ</strong></span> <span class='ocrx_word' id='word_1_485' title='bbox 2621 2307 2682 2359; x_wconf 89' lang='lat'><strong>:6</strong></span> <span class='ocrx_word' id='word_1_486' title='bbox 2718 2309 2897 2377; x_wconf 84' lang='grc' dir='ltr'>χεῖρον</span> <span class='ocrx_word' id='word_1_487' title='bbox 2940 2307 3255 2378; x_wconf 71' lang='grc' dir='ltr'>ἐκθέμενος.</span> <span class='ocrx_word' id='word_1_488' title='bbox 3289 2308 3431 2381; x_wconf 82' lang='lat' dir='ltr'><em>H96;</em></span> <span class='ocrx_word' id='word_1_489' title='bbox 3477 2308 3514 2364; x_wconf 71' lang='grc' dir='ltr'><strong>ἃ</strong></span> <span class='ocrx_word' id='word_1_490' title='bbox 3542 2309 3589 2362; x_wconf 82' lang='grc' dir='ltr'><strong>δ’</strong></span> 
     </span>
    </p>
   </div>
   <div class='ocr_carea' id='block_1_69' title="bbox 2015 2396 3591 2471">
    <p class='ocr_par' dir='ltr' id='par_1_69' title="bbox 2015 2396 3591 2471">
     <span class='ocr_line' id='line_1_69' title="bbox 2015 2396 3591 2471; baseline 0.003 -21"><span class='ocrx_word' id='word_1_491' title='bbox 2015 2396 2124 2450; x_wconf 80' lang='grc' dir='ltr'><strong>ἀπὸ</strong></span> <span class='ocrx_word' id='word_1_492' title='bbox 2183 2397 2381 2450; x_wconf 85' lang='grc' dir='ltr'>σαυτοῦ</span> <span class='ocrx_word' id='word_1_493' title='bbox 2438 2397 2675 2453; x_wconf 76' lang='grc' dir='ltr'>ἐνταῦθα</span> <span class='ocrx_word' id='word_1_494' title='bbox 2735 2399 2967 2470; x_wconf 71' lang='grc' dir='ltr'>εἴρηκας</span> <span class='ocrx_word' id='word_1_495' title='bbox 3036 2401 3372 2471; x_wconf 81' lang='grc' dir='ltr'>βουλόμενος⁹</span> <span class='ocrx_word' id='word_1_496' title='bbox 3403 2403 3591 2457; x_wconf 83' lang='grc' dir='ltr'>λαθεῖν</span> 
     </span>
    </p>
   </div>
   <div class='ocr_carea' id='block_1_70' title="bbox 2014 2486 3587 2564">
    <p class='ocr_par' dir='ltr' id='par_1_70' title="bbox 2014 2486 3587 2564">
     <span class='ocr_line' id='line_1_70' title="bbox 2014 2486 3587 2564; baseline 0.004 -23"><span class='ocrx_word' id='word_1_497' title='bbox 2014 2488 2140 2551; x_wconf 81' lang='grc' dir='ltr'>τοὺς</span> <span class='ocrx_word' id='word_1_498' title='bbox 2170 2489 2487 2552; x_wconf 84' lang='grc' dir='ltr'>ἀκούοντας.</span> <span class='ocrx_word' id='word_1_499' title='bbox 2528 2486 2605 2552; x_wconf 82' lang='grc' dir='ltr'>ὡς</span> <span class='ocrx_word' id='word_1_500' title='bbox 2663 2489 2796 2559; x_wconf 81' lang='grc' dir='ltr'>παρ’</span> <span class='ocrx_word' id='word_1_501' title='bbox 2830 2491 3059 2547; x_wconf 75' lang='grc' dir='ltr'>ἐκείνων</span> <span class='ocrx_word' id='word_1_502' title='bbox 3100 2494 3282 2548; x_wconf 85' lang='grc' dir='ltr'>πάντα</span> <span class='ocrx_word' id='word_1_503' title='bbox 3327 2493 3587 2564; x_wconf 75' lang='grc' dir='ltr'>εἴληφας,</span> 
     </span>
    </p>
   </div>
   <div class='ocr_carea' id='block_1_71' title="bbox 2016 2579 3590 2653">
    <p class='ocr_par' dir='ltr' id='par_1_71' title="bbox 2016 2579 3590 2653">
     <span class='ocr_line' id='line_1_71' title="bbox 2016 2579 3590 2653; baseline 0.003 -20"><span class='ocrx_word' id='word_1_504' title='bbox 2016 2581 2150 2651; x_wconf 85' lang='lat'><em>1:96;</em></span> <span class='ocrx_word' id='word_1_505' title='bbox 2175 2579 2349 2635; x_wconf 88' lang='grc' dir='ltr'>ταῦτα</span> <span class='ocrx_word' id='word_1_506' title='bbox 2411 2581 2650 2651; x_wconf 84' lang='grc' dir='ltr'>ὲροῦμέν</span> <span class='ocrx_word' id='word_1_507' title='bbox 2674 2598 2815 2650; x_wconf 84' lang='grc' dir='ltr'>τινα,</span> <span class='ocrx_word' id='word_1_508' title='bbox 2854 2584 3184 2651; x_wconf 78' lang='grc' dir='ltr'>δεικνύντες,</span> <span class='ocrx_word' id='word_1_509' title='bbox 3220 2585 3345 2638; x_wconf 83' lang='grc' dir='ltr'>ὅσον</span> <span class='ocrx_word' id='word_1_510' title='bbox 3374 2585 3590 2653; x_wconf 84' lang='grc' dir='ltr'>φιλοσο-</span> 
     </span>
    </p>
   </div>
   <div class='ocr_carea' id='block_1_72' title="bbox 2016 2671 2564 2743">
    <p class='ocr_par' dir='ltr' id='par_1_72' title="bbox 2016 2671 2564 2743">
     <span class='ocr_line' id='line_1_72' title="bbox 2016 2671 2564 2743; baseline 0.016 -24"><span class='ocrx_word' id='word_1_511' title='bbox 2016 2672 2143 2740; x_wconf 82' lang='grc' dir='ltr'>φίας</span> <span class='ocrx_word' id='word_1_512' title='bbox 2179 2671 2564 2743; x_wconf 82' lang='grc' dir='ltr'>ὠλιγώρησας.</span> 
     </span>
    </p>
   </div>
   <div class='ocr_carea' id='block_1_73' title="bbox 2084 2760 3587 2838">
    <p class='ocr_par' dir='ltr' id='par_1_73' title="bbox 2084 2760 3587 2838">
     <span class='ocr_line' id='line_1_73' title="bbox 2084 2760 3587 2838; baseline 0.006 -24"><span class='ocrx_word' id='word_1_513' title='bbox 2084 2760 2292 2814; x_wconf 78' lang='grc' dir='ltr'>Αὐτίκα</span> <span class='ocrx_word' id='word_1_514' title='bbox 2336 2761 2365 2814; x_wconf 85' lang='lat'><strong>6</strong></span> <span class='ocrx_word' id='word_1_515' title='bbox 2414 2764 2522 2833; x_wconf 83' lang='grc' dir='ltr'>φῂς</span> <span class='ocrx_word' id='word_1_516' title='bbox 2574 2766 2703 2835; x_wconf 74' lang='grc' dir='ltr'>περὶ</span> <span class='ocrx_word' id='word_1_517' title='bbox 2750 2765 2852 2837; x_wconf 82' lang='grc' dir='ltr'>τῆς</span> <span class='ocrx_word' id='word_1_518' title='bbox 2880 2766 3035 2838; x_wconf 78' lang='grc' dir='ltr'>ὕλης,</span> <span class='ocrx_word' id='word_1_519' title='bbox 3074 2768 3149 2832; x_wconf 82' lang='grc' dir='ltr'><strong>ὡς</strong></span> <span class='ocrx_word' id='word_1_520' title='bbox 3172 2768 3363 2834; x_wconf 78' lang='grc' dir='ltr'>άποιός</span> <span class='ocrx_word' id='word_1_521' title='bbox 3398 2786 3458 2823; x_wconf 76' lang='grc' dir='ltr'><strong>τε</strong></span> <span class='ocrx_word' id='word_1_522' title='bbox 3489 2771 3587 2825; x_wconf 78' lang='grc' dir='ltr'>καὶ</span> 
     </span>
    </p>
   </div>
   <div class='ocr_carea' id='block_1_74' title="bbox 2016 2852 3584 2934">
    <p class='ocr_par' dir='ltr' id='par_1_74' title="bbox 2016 2852 3584 2934">
     <span class='ocr_line' id='line_1_74' title="bbox 2016 2852 3584 2934; baseline 0.008 -29"><span class='ocrx_word' id='word_1_523' title='bbox 2016 2852 2234 2919; x_wconf 79' lang='grc' dir='ltr'>ἇποσος,</span> <span class='ocrx_word' id='word_1_524' title='bbox 2288 2855 2588 2911; x_wconf 86' lang='grc' dir='ltr'>κάντεῦθεν</span> <span class='ocrx_word' id='word_1_525' title='bbox 2649 2859 2958 2930; x_wconf 79' lang='grc' dir='ltr'>ἀδιαίρετος</span> <span class='ocrx_word' id='word_1_526' title='bbox 3008 2860 3149 2917; x_wconf 82' lang='grc' dir='ltr'>οὖσα</span> <span class='ocrx_word' id='word_1_527' title='bbox 3217 2864 3317 2915; x_wconf 85' lang='grc' dir='ltr'>οὐκ</span> <span class='ocrx_word' id='word_1_528' title='bbox 3372 2863 3438 2917; x_wconf 78' lang='grc' dir='ltr'>ἂν</span> <span class='ocrx_word' id='word_1_529' title='bbox 3496 2864 3584 2934; x_wconf 70' lang='grc' dir='ltr'><strong>εἴη</strong></span> 
     </span>
    </p>
   </div>
   <div class='ocr_carea' id='block_1_75' title="bbox 2016 2942 3599 3023">
    <p class='ocr_par' dir='ltr' id='par_1_75' title="bbox 2016 2942 3599 3023">
     <span class='ocr_line' id='line_1_75' title="bbox 2016 2942 3599 3023; baseline 0.009 -29"><span class='ocrx_word' id='word_1_530' title='bbox 2016 2942 2167 2995; x_wconf 85' lang='grc' dir='ltr'>αἰτία</span> <span class='ocrx_word' id='word_1_531' title='bbox 2197 2943 2306 2996; x_wconf 76' lang='grc' dir='ltr'>τισὶ</span> <span class='ocrx_word' id='word_1_532' title='bbox 2335 2944 2681 3016; x_wconf 84' lang='grc' dir='ltr'>διακρίσεως,</span> <span class='ocrx_word' id='word_1_533' title='bbox 2711 2948 2819 3001; x_wconf 85' lang='grc' dir='ltr'>ίσθι</span> <span class='ocrx_word' id='word_1_534' title='bbox 2855 2949 2931 3021; x_wconf 80' lang='grc' dir='ltr'>μὴ</span> <span class='ocrx_word' id='word_1_535' title='bbox 2959 2951 3095 3021; x_wconf 79' lang='grc' dir='ltr'>πρὸς</span> <span class='ocrx_word' id='word_1_536' title='bbox 3128 2951 3188 3006; x_wconf 84' lang='lat'><strong>:6</strong></span> <span class='ocrx_word' id='word_1_537' title='bbox 3221 2947 3599 3023; x_wconf 68' lang='grc' dir='ltr'>προκείμενον</span> 
     </span>
    </p>
   </div>
   <div class='ocr_carea' id='block_1_76' title="bbox 2020 3032 3585 3117">
    <p class='ocr_par' dir='ltr' id='par_1_76' title="bbox 2020 3032 3585 3117">
     <span class='ocr_line' id='line_1_76' title="bbox 2020 3032 3585 3117; baseline 0.011 -33"><span class='ocrx_word' id='word_1_538' title='bbox 2020 3033 2307 3103; x_wconf 80' lang='grc' dir='ltr'>εἰρημένον</span> <span class='ocrx_word' id='word_1_539' title='bbox 2356 3032 2516 3091; x_wconf 76' lang='grc' dir='ltr'>εἶναι.</span> <span class='ocrx_word' id='word_1_540' title='bbox 2556 3039 2619 3091; x_wconf 84' lang='lat' dir='ltr'><strong>Ol</strong></span> <span class='ocrx_word' id='word_1_541' title='bbox 2674 3039 2782 3110; x_wconf 79' lang='grc' dir='ltr'><strong>γὰρ</strong></span> <span class='ocrx_word' id='word_1_542' title='bbox 2834 3042 3086 3111; x_wconf 88' lang='grc' dir='ltr'>λέγοντες</span> <span class='ocrx_word' id='word_1_543' title='bbox 3134 3047 3198 3115; x_wconf 81' lang='grc' dir='ltr'>τῇ</span> <span class='ocrx_word' id='word_1_544' title='bbox 3238 3044 3338 3117; x_wconf 75' lang='grc' dir='ltr'><strong>ὕλῃ</strong></span> <span class='ocrx_word' id='word_1_545' title='bbox 3372 3045 3518 3099; x_wconf 81' lang='grc' dir='ltr'>ἐστιν</span> <span class='ocrx_word' id='word_1_546' title='bbox 3548 3048 3585 3101; x_wconf 78' lang='lat'><em>6.</em></span> 
     </span>
    </p>
   </div>
   <div class='ocr_carea' id='block_1_77' title="bbox 2018 3126 3581 3210">
    <p class='ocr_par' dir='ltr' id='par_1_77' title="bbox 2018 3126 3581 3210">
     <span class='ocr_line' id='line_1_77' title="bbox 2018 3126 3581 3210; baseline 0.009 -32"><span class='ocrx_word' id='word_1_547' title='bbox 2018 3126 2411 3197; x_wconf 86' lang='grc' dir='ltr'>διακρίνεσθαι,</span> <span class='ocrx_word' id='word_1_548' title='bbox 2443 3129 2512 3184; x_wconf 82' lang='grc' dir='ltr'>τὰ</span> <span class='ocrx_word' id='word_1_549' title='bbox 2542 3132 2599 3185; x_wconf 80' lang='grc' dir='ltr'>ὲν</span> <span class='ocrx_word' id='word_1_550' title='bbox 2621 3128 2705 3195; x_wconf 76' lang='grc' dir='ltr'><strong>οἷς</strong></span> <span class='ocrx_word' id='word_1_551' title='bbox 2734 3133 2980 3202; x_wconf 82' lang='grc' dir='ltr'>δηλονότι</span> <span class='ocrx_word' id='word_1_552' title='bbox 3030 3136 3213 3207; x_wconf 83' lang='grc' dir='ltr'>χώραν</span> <span class='ocrx_word' id='word_1_553' title='bbox 3250 3138 3362 3207; x_wconf 84' lang='grc' dir='ltr'>ἔχει</span> <span class='ocrx_word' id='word_1_554' title='bbox 3393 3140 3426 3209; x_wconf 84' lang='grc' dir='ltr'>ὴ</span> <span class='ocrx_word' id='word_1_555' title='bbox 3456 3136 3581 3210; x_wconf 84' lang='grc' dir='ltr'>ῦλη,</span> 
     </span>
    </p>
   </div>
   <div class='ocr_carea' id='block_1_78' title="bbox 2015 3219 3583 3301">
    <p class='ocr_par' dir='ltr' id='par_1_78' title="bbox 2015 3219 3583 3301">
     <span class='ocr_line' id='line_1_78' title="bbox 2015 3219 3583 3301; baseline 0.006 -30"><span class='ocrx_word' id='word_1_556' title='bbox 2015 3219 2076 3272; x_wconf 83' lang='grc' dir='ltr'>οὐ</span> <span class='ocrx_word' id='word_1_557' title='bbox 2102 3219 2199 3289; x_wconf 84' lang='grc' dir='ltr'>τὴν</span> <span class='ocrx_word' id='word_1_558' title='bbox 2230 3221 2469 3289; x_wconf 74' lang='grc' dir='ltr'>πρώτην</span> <span class='ocrx_word' id='word_1_559' title='bbox 2503 3222 2710 3290; x_wconf 83' lang='grc' dir='ltr'>ταύτην</span> <span class='ocrx_word' id='word_1_560' title='bbox 2738 3226 2831 3277; x_wconf 73' lang='grc' dir='ltr'>καὶ</span> <span class='ocrx_word' id='word_1_561' title='bbox 2859 3226 3039 3298; x_wconf 83' lang='grc' dir='ltr'>πάντη</span> <span class='ocrx_word' id='word_1_562' title='bbox 3074 3230 3313 3283; x_wconf 80' lang='grc' dir='ltr'>ἀνείδεον</span> <span class='ocrx_word' id='word_1_563' title='bbox 3351 3231 3425 3298; x_wconf 71' lang='grc'><strong>(4)</strong></span> <span class='ocrx_word' id='word_1_564' title='bbox 3449 3230 3583 3301; x_wconf 77' lang='grc' dir='ltr'>ὕλην</span> 
     </span>
    </p>
   </div>
   <div class='ocr_carea' id='block_1_79' title="bbox 2015 3311 3586 3391">
    <p class='ocr_par' dir='ltr' id='par_1_79' title="bbox 2015 3311 3586 3391">
     <span class='ocr_line' id='line_1_79' title="bbox 2015 3311 3586 3391; baseline 0.008 -29"><span class='ocrx_word' id='word_1_565' title='bbox 2015 3313 2197 3378; x_wconf 84' lang='grc' dir='ltr'>φασὶν,</span> <span class='ocrx_word' id='word_1_566' title='bbox 2227 3312 2362 3365; x_wconf 82' lang='grc' dir='ltr'>ἀλλὰ</span> <span class='ocrx_word' id='word_1_567' title='bbox 2396 3311 2496 3382; x_wconf 80' lang='grc' dir='ltr'>τὴν</span> <span class='ocrx_word' id='word_1_568' title='bbox 2524 3314 2633 3368; x_wconf 84' lang='grc' dir='ltr'><strong>τῶν</strong></span> <span class='ocrx_word' id='word_1_569' title='bbox 2676 3315 2835 3369; x_wconf 85' lang='grc' dir='ltr'>εἰδῶν</span> <span class='ocrx_word' id='word_1_570' title='bbox 2868 3317 3086 3388; x_wconf 80' lang='grc' dir='ltr'><strong>ἑκάστῳ</strong></span> <span class='ocrx_word' id='word_1_571' title='bbox 3119 3322 3401 3391; x_wconf 84' lang='grc' dir='ltr'>προσεχῶς</span> <span class='ocrx_word' id='word_1_572' title='bbox 3452 3322 3586 3376; x_wconf 82' lang='grc' dir='ltr'>ὑπο-</span> 
     </span>
    </p>
   </div>
   <div class='ocr_carea' id='block_1_80' title="bbox 2015 3403 3577 3482">
    <p class='ocr_par' dir='ltr' id='par_1_80' title="bbox 2015 3403 3577 3482">
     <span class='ocr_line' id='line_1_80' title="bbox 2015 3403 3577 3482; baseline 0.007 -27"><span class='ocrx_word' id='word_1_573' title='bbox 2015 3403 2299 3472; x_wconf 78' lang='grc' dir='ltr'>κειμένην,</span> <span class='ocrx_word' id='word_1_574' title='bbox 2329 3406 2425 3458; x_wconf 78' lang='grc' dir='ltr'>καὶ</span> <span class='ocrx_word' id='word_1_575' title='bbox 2449 3406 2584 3477; x_wconf 89' lang='lat'><em>1:96;</em></span> <span class='ocrx_word' id='word_1_576' title='bbox 2618 3408 2719 3476; x_wconf 83' lang='grc' dir='ltr'>μὲν</span> <span class='ocrx_word' id='word_1_577' title='bbox 2743 3407 2806 3461; x_wconf 88' lang='lat'><strong>:6</strong></span> <span class='ocrx_word' id='word_1_578' title='bbox 2838 3408 2959 3463; x_wconf 81' lang='grc' dir='ltr'>ὅλον</span> <span class='ocrx_word' id='word_1_579' title='bbox 2991 3410 3121 3480; x_wconf 85' lang='grc' dir='ltr'>ῦλης</span> <span class='ocrx_word' id='word_1_580' title='bbox 3146 3412 3373 3482; x_wconf 80' lang='grc' dir='ltr'>ἔχουσαν</span> <span class='ocrx_word' id='word_1_581' title='bbox 3397 3414 3577 3480; x_wconf 85' lang='grc' dir='ltr'>λόγον,</span> 
     </span>
    </p>
   </div>
   <div class='ocr_carea' id='block_1_81' title="bbox 2013 3494 3583 3579">
    <p class='ocr_par' dir='ltr' id='par_1_81' title="bbox 2013 3494 3583 3579">
     <span class='ocr_line' id='line_1_81' title="bbox 2013 3494 3583 3579; baseline 0.01 -32"><span class='ocrx_word' id='word_1_582' title='bbox 2013 3494 2075 3547; x_wconf 81' lang='grc' dir='ltr'>οὐ</span> <span class='ocrx_word' id='word_1_583' title='bbox 2117 3496 2301 3564; x_wconf 85' lang='grc' dir='ltr'>μέντοι</span> <span class='ocrx_word' id='word_1_584' title='bbox 2348 3497 2479 3551; x_wconf 73' lang='grc' dir='ltr'>ἄνευ</span> <span class='ocrx_word' id='word_1_585' title='bbox 2523 3500 2695 3563; x_wconf 74' lang='grc' dir='ltr'>εἴδους</span> <span class='ocrx_word' id='word_1_586' title='bbox 2734 3495 2920 3565; x_wconf 78' lang='grc' dir='ltr'>οὖσαν,</span> <span class='ocrx_word' id='word_1_587' title='bbox 2956 3502 3023 3572; x_wconf 83' lang='grc' dir='ltr'>ἢν</span> <span class='ocrx_word' id='word_1_588' title='bbox 3048 3502 3431 3576; x_wconf 72' lang='grc' dir='ltr'>Ἀριστοτέλης</span> <span class='ocrx_word' id='word_1_589' title='bbox 3478 3506 3583 3579; x_wconf 70' lang='grc' dir='ltr'>μὶν</span> 
     </span>
    </p>
   </div>
   <div class='ocr_carea' id='block_1_82' title="bbox 2015 3587 3586 3665">
    <p class='ocr_par' dir='ltr' id='par_1_82' title="bbox 2015 3587 3586 3665">
     <span class='ocr_line' id='line_1_82' title="bbox 2015 3587 3586 3665; baseline 0.01 -27"><span class='ocrx_word' id='word_1_590' title='bbox 2015 3587 2250 3658; x_wconf 73' lang='grc' dir='ltr'>ἐσχάτην</span> <span class='ocrx_word' id='word_1_591' title='bbox 2297 3605 2357 3641; x_wconf 86' lang='grc' dir='ltr'><strong>τε</strong></span> <span class='ocrx_word' id='word_1_592' title='bbox 2399 3590 2493 3643; x_wconf 69' lang='grc' dir='ltr'>καὶ</span> <span class='ocrx_word' id='word_1_593' title='bbox 2550 3594 2793 3664; x_wconf 85' lang='grc' dir='ltr'>προσεχῆ</span> <span class='ocrx_word' id='word_1_594' title='bbox 2842 3592 2999 3665; x_wconf 78' lang='grc' dir='ltr'>ὓλην,</span> <span class='ocrx_word' id='word_1_595' title='bbox 3048 3597 3269 3651; x_wconf 82' lang='grc' dir='ltr'>Λατῖνοι</span> <span class='ocrx_word' id='word_1_596' title='bbox 3310 3599 3353 3651; x_wconf 83' lang='grc' dir='ltr'><strong>δ’</strong></span> <span class='ocrx_word' id='word_1_597' title='bbox 3384 3603 3476 3652; x_wconf 78' lang='grc' dir='ltr'><strong>ἐπὶ</strong></span> <span class='ocrx_word' id='word_1_598' title='bbox 3523 3602 3586 3654; x_wconf 84' lang='lat'><strong>:6</strong></span> 
     </span>
    </p>
   </div>
   <div class='ocr_carea' id='block_1_83' title="bbox 2017 3681 3585 3762">
    <p class='ocr_par' dir='ltr' id='par_1_83' title="bbox 2017 3681 3585 3762">
     <span class='ocr_line' id='line_1_83' title="bbox 2017 3681 3585 3762; baseline 0.009 -30"><span class='ocrx_word' id='word_1_599' title='bbox 2017 3681 2347 3751; x_wconf 82' lang='grc' dir='ltr'>σαφέστερον</span> <span class='ocrx_word' id='word_1_600' title='bbox 2421 3684 2751 3751; x_wconf 85' lang='grc' dir='ltr'>μετάγοντες</span> <span class='ocrx_word' id='word_1_601' title='bbox 2828 3686 3116 3756; x_wconf 80' lang='grc' dir='ltr'>δευτέραν</span> <span class='ocrx_word' id='word_1_602' title='bbox 3180 3688 3459 3756; x_wconf 88' lang='grc' dir='ltr'>καλοῦσιν,</span> <span class='ocrx_word' id='word_1_603' title='bbox 3517 3694 3585 3762; x_wconf 81' lang='grc' dir='ltr'>ῆν</span> 
     </span>
    </p>
   </div>
   <div class='ocr_carea' id='block_1_84' title="bbox 2016 3773 3585 3855">
    <p class='ocr_par' dir='ltr' id='par_1_84' title="bbox 2016 3773 3585 3855">
     <span class='ocr_line' id='line_1_84' title="bbox 2016 3773 3585 3855; baseline 0.008 -31"><span class='ocrx_word' id='word_1_604' title='bbox 2016 3774 2108 3825; x_wconf 74' lang='grc' dir='ltr'><strong>καί</strong></span> <span class='ocrx_word' id='word_1_605' title='bbox 2146 3773 2269 3825; x_wconf 85' lang='grc' dir='ltr'>κατ’</span> <span class='ocrx_word' id='word_1_606' title='bbox 2325 3774 2625 3843; x_wconf 76' lang='grc' dir='ltr'>ἀναλογίαν</span> <span class='ocrx_word' id='word_1_607' title='bbox 2689 3776 2823 3849; x_wconf 81' lang='grc' dir='ltr'>ὕλην</span> <span class='ocrx_word' id='word_1_608' title='bbox 2884 3780 3165 3834; x_wconf 84' lang='grc' dir='ltr'>καλεῖσθαι</span> <span class='ocrx_word' id='word_1_609' title='bbox 3201 3783 3585 3855; x_wconf 81' lang='grc' dir='ltr'>Ἀριστοτέλης</span> 
     </span>
    </p>
   </div>
   <div class='ocr_carea' id='block_1_85' title="bbox 2016 3861 3580 3947">
    <p class='ocr_par' dir='ltr' id='par_1_85' title="bbox 2016 3861 3580 3947">
     <span class='ocr_line' id='line_1_85' title="bbox 2016 3861 3580 3947; baseline 0.012 -35"><span class='ocrx_word' id='word_1_610' title='bbox 2016 3861 2182 3932; x_wconf 84' lang='grc' dir='ltr'>φησίν</span> <span class='ocrx_word' id='word_1_611' title='bbox 2206 3879 2220 3893; x_wconf 91' lang='grc'><strong>·</strong></span> <span class='ocrx_word' id='word_1_612' title='bbox 2257 3863 2444 3933; x_wconf 81' lang='grc' dir='ltr'>ὥσπερ</span> <span class='ocrx_word' id='word_1_613' title='bbox 2471 3865 2530 3918; x_wconf 89' lang='lat'><strong>:6</strong></span> <span class='ocrx_word' id='word_1_614' title='bbox 2559 3864 2716 3933; x_wconf 79' lang='grc' dir='ltr'>ξύλον</span> <span class='ocrx_word' id='word_1_615' title='bbox 2767 3869 2842 3940; x_wconf 79' lang='grc' dir='ltr'>μὴ</span> <span class='ocrx_word' id='word_1_616' title='bbox 2875 3869 3007 3940; x_wconf 73' lang='grc' dir='ltr'>ὓλην</span> <span class='ocrx_word' id='word_1_617' title='bbox 3040 3871 3101 3925; x_wconf 82' lang='lat' dir='ltr'><em>6v</em></span> <span class='ocrx_word' id='word_1_618' title='bbox 3133 3872 3270 3943; x_wconf 69' lang='grc' dir='ltr'>(ἐστὶ</span> <span class='ocrx_word' id='word_1_619' title='bbox 3303 3875 3409 3945; x_wconf 82' lang='grc' dir='ltr'><strong>γὰρ</strong></span> <span class='ocrx_word' id='word_1_620' title='bbox 3437 3875 3580 3947; x_wconf 81' lang='grc' dir='ltr'>μετά</span> 
     </span>
    </p>
   </div>
   <div class='ocr_carea' id='block_1_86' title="bbox 2016 3954 3578 4037">
    <p class='ocr_par' dir='ltr' id='par_1_86' title="bbox 2016 3954 3578 4037">
     <span class='ocr_line' id='line_1_86' title="bbox 2016 3954 3578 4037; baseline 0.012 -32"><span class='ocrx_word' id='word_1_621' title='bbox 2016 3954 2295 4023; x_wconf 79' lang='grc' dir='ltr'>σχήματος</span> <span class='ocrx_word' id='word_1_622' title='bbox 2318 3955 2414 4009; x_wconf 76' lang='grc' dir='ltr'><strong>καὶ</strong></span> <span class='ocrx_word' id='word_1_623' title='bbox 2447 3958 2705 4030; x_wconf 78' lang='grc' dir='ltr'>μορφῆς),</span> <span class='ocrx_word' id='word_1_624' title='bbox 2728 3958 2862 4031; x_wconf 84' lang='grc' dir='ltr'>ῦλην</span> <span class='ocrx_word' id='word_1_625' title='bbox 2882 3962 3034 4030; x_wconf 85' lang='grc' dir='ltr'>ὅμως</span> <span class='ocrx_word' id='word_1_626' title='bbox 3066 3960 3210 4019; x_wconf 75' lang='grc' dir='ltr'>εῖναι</span> <span class='ocrx_word' id='word_1_627' title='bbox 3240 3969 3337 4037; x_wconf 80' lang='grc' dir='ltr'>τῆς</span> <span class='ocrx_word' id='word_1_628' title='bbox 3370 3969 3578 4036; x_wconf 81' lang='grc' dir='ltr'>κλίνης.</span> 
     </span>
    </p>
   </div>
   <div class='ocr_carea' id='block_1_87' title="bbox 2016 4045 3583 4129">
    <p class='ocr_par' dir='ltr' id='par_1_87' title="bbox 2016 4045 3583 4129">
     <span class='ocr_line' id='line_1_87' title="bbox 2016 4045 3583 4129; baseline 0.011 -33"><span class='ocrx_word' id='word_1_629' title='bbox 2016 4045 2172 4098; x_wconf 81' lang='grc' dir='ltr'>Κατὰ</span> <span class='ocrx_word' id='word_1_630' title='bbox 2200 4046 2406 4116; x_wconf 82' lang='grc' dir='ltr'>ταύτην</span> <span class='ocrx_word' id='word_1_631' title='bbox 2438 4047 2532 4102; x_wconf 82' lang='grc' dir='ltr'>οὖν</span> <span class='ocrx_word' id='word_1_632' title='bbox 2572 4050 2934 4119; x_wconf 72' lang='grc' dir='ltr'>Ἀριστοτέλει</span> <span class='ocrx_word' id='word_1_633' title='bbox 2969 4055 3225 4125; x_wconf 79' lang='grc' dir='ltr'>ἑπόμενοι</span> <span class='ocrx_word' id='word_1_634' title='bbox 3263 4061 3332 4110; x_wconf 55' lang='grc' dir='ltr'><strong>τι</strong></span> <span class='ocrx_word' id='word_1_635' title='bbox 3364 4060 3583 4129; x_wconf 74' lang='grc' dir='ltr'>διακρι-</span> 
     </span>
    </p>
   </div>
   <div class='ocr_carea' id='block_1_88' title="bbox 2014 4138 3578 4222">
    <p class='ocr_par' dir='ltr' id='par_1_88' title="bbox 2014 4138 3578 4222">
     <span class='ocr_line' id='line_1_88' title="bbox 2014 4138 3578 4222; baseline 0.01 -30"><span class='ocrx_word' id='word_1_636' title='bbox 2014 4138 2214 4208; x_wconf 80' lang='grc' dir='ltr'>νόμινά</span> <span class='ocrx_word' id='word_1_637' title='bbox 2266 4157 2400 4212; x_wconf 81' lang='grc' dir='ltr'>φασι</span> <span class='ocrx_word' id='word_1_638' title='bbox 2462 4142 2874 4214; x_wconf 84' lang='grc' dir='ltr'>διακρίνεσθαι,</span> <span class='ocrx_word' id='word_1_639' title='bbox 2940 4146 3183 4219; x_wconf 82' lang='grc' dir='ltr'>δηλονότι</span> <span class='ocrx_word' id='word_1_640' title='bbox 3242 4151 3338 4222; x_wconf 79' lang='grc' dir='ltr'><strong>οὐχ</strong></span> <span class='ocrx_word' id='word_1_641' title='bbox 3391 4152 3578 4219; x_wconf 85' lang='grc' dir='ltr'>ἁπλῶς</span> 
     </span>
    </p>
   </div>
   <div class='ocr_carea' id='block_1_89' title="bbox 2013 4230 3581 4320">
    <p class='ocr_par' dir='ltr' id='par_1_89' title="bbox 2013 4230 3581 4320">
     <span class='ocr_line' id='line_1_89' title="bbox 2013 4230 3581 4320; baseline 0.01 -38"><span class='ocrx_word' id='word_1_642' title='bbox 2013 4230 2192 4285; x_wconf 83' lang='grc' dir='ltr'>πάντα</span> <span class='ocrx_word' id='word_1_643' title='bbox 2227 4233 2296 4286; x_wconf 67' lang='grc' dir='ltr'><strong>τὰ</strong></span> <span class='ocrx_word' id='word_1_644' title='bbox 2320 4232 2474 4300; x_wconf 73' lang='grc' dir='ltr'>ὄντα,</span> <span class='ocrx_word' id='word_1_645' title='bbox 2502 4235 2640 4288; x_wconf 82' lang='grc' dir='ltr'>ἀλλὰ</span> <span class='ocrx_word' id='word_1_646' title='bbox 2683 4236 2751 4290; x_wconf 82' lang='grc' dir='ltr'><strong>τά</strong></span> <span class='ocrx_word' id='word_1_647' title='bbox 2780 4240 2837 4290; x_wconf 83' lang='grc' dir='ltr'>ἐν</span> <span class='ocrx_word' id='word_1_648' title='bbox 2879 4233 2962 4301; x_wconf 73' lang='grc' dir='ltr'>οἷς</span> <span class='ocrx_word' id='word_1_649' title='bbox 2998 4238 3182 4309; x_wconf 87' lang='grc' dir='ltr'>χώραν</span> <span class='ocrx_word' id='word_1_650' title='bbox 3230 4242 3346 4314; x_wconf 76' lang='grc' dir='ltr'>ἔχει</span> <span class='ocrx_word' id='word_1_651' title='bbox 3394 4247 3427 4316; x_wconf 76' lang='grc' dir='ltr'><strong>η</strong></span> <span class='ocrx_word' id='word_1_652' title='bbox 3480 4246 3581 4320; x_wconf 80' lang='grc' dir='ltr'>ὕλη</span> 
     </span>
    </p>
   </div>
   <div class='ocr_carea' id='block_1_90' title="bbox 2015 4322 3581 4409">
    <p class='ocr_par' dir='ltr' id='par_1_90' title="bbox 2015 4322 3581 4409">
     <span class='ocr_line' id='line_1_90' title="bbox 2015 4322 3581 4409; baseline 0.012 -35"><span class='ocrx_word' id='word_1_653' title='bbox 2015 4322 2279 4386; x_wconf 79' lang='grc' dir='ltr'>νοοῦντες.</span> <span class='ocrx_word' id='word_1_654' title='bbox 2315 4325 2386 4378; x_wconf 78' lang='grc' dir='ltr'>Σὺ</span> <span class='ocrx_word' id='word_1_655' title='bbox 2433 4326 2489 4378; x_wconf 84' lang='grc' dir='ltr'><strong>δὲ</strong></span> <span class='ocrx_word' id='word_1_656' title='bbox 2537 4328 2630 4380; x_wconf 75' lang='grc' dir='ltr'><strong>καὶ</strong></span> <span class='ocrx_word' id='word_1_657' title='bbox 2668 4327 2824 4382; x_wconf 87' lang='grc' dir='ltr'>τοῦτο</span> <span class='ocrx_word' id='word_1_658' title='bbox 2873 4329 2995 4383; x_wconf 84' lang='grc' dir='ltr'>λίαν</span> <span class='ocrx_word' id='word_1_659' title='bbox 3029 4331 3060 4401; x_wconf 74' lang='grc' dir='ltr'>ἢ</span> <span class='ocrx_word' id='word_1_660' title='bbox 3103 4339 3581 4409; x_wconf 80' lang='grc' dir='ltr'>συκοφαντικῶςῆ</span> 
     </span>
    </p>
   </div>
   <div class='ocr_carea' id='block_1_91' title="bbox 352 4415 1911 4496">
    <p class='ocr_par' dir='ltr' id='par_1_91' title="bbox 352 4419 1907 4492">
     <span class='ocr_line' id='line_1_91' title="bbox 352 4419 1907 4492; baseline -0.007 -8"><span class='ocrx_word' id='word_1_661' title='bbox 352 4431 611 4484; x_wconf 85' lang='lat' dir='ltr'><strong>nimirum</strong></span> <span class='ocrx_word' id='word_1_662' title='bbox 640 4441 749 4480; x_wconf 90' lang='lat' dir='ltr'><strong>non</strong></span> <span class='ocrx_word' id='word_1_663' title='bbox 771 4423 1097 4492; x_wconf 87' lang='lat' dir='ltr'><strong>simpliciter</strong></span> <span class='ocrx_word' id='word_1_664' title='bbox 1124 4435 1211 4475; x_wconf 86' lang='lat' dir='ltr'><strong>res</strong></span> <span class='ocrx_word' id='word_1_665' title='bbox 1236 4435 1428 4476; x_wconf 81' lang='lat' dir='ltr'><strong>omnes</strong></span> <span class='ocrx_word' id='word_1_666' title='bbox 1444 4419 1788 4482; x_wconf 80' lang='lat' dir='ltr'><strong>exsistentes,</strong></span> <span class='ocrx_word' id='word_1_667' title='bbox 1814 4419 1907 4473; x_wconf 89' lang='lat' dir='ltr'><strong>sed</strong></span> 
     </span>
    </p>
   </div>
   <div class='ocr_carea' id='block_1_92' title="bbox 2020 4415 3583 4496">
    <p class='ocr_par' dir='ltr' id='par_1_92' title="bbox 2020 4415 3583 4496">
     <span class='ocr_line' id='line_1_92' title="bbox 2020 4415 3583 4496; baseline 0.01 -28"><span class='ocrx_word' id='word_1_668' title='bbox 2020 4415 2243 4483; x_wconf 75' lang='grc' dir='ltr'>ἀμαθῶς</span> <span class='ocrx_word' id='word_1_669' title='bbox 2274 4418 2352 4480; x_wconf 81' lang='grc' dir='ltr'><strong>εἰς</strong></span> <span class='ocrx_word' id='word_1_670' title='bbox 2393 4418 2483 4471; x_wconf 80' lang='grc' dir='ltr'><strong>τὸν</strong></span> <span class='ocrx_word' id='word_1_671' title='bbox 2517 4419 2681 4489; x_wconf 81' lang='grc' dir='ltr'>σοφόν</span> <span class='ocrx_word' id='word_1_672' title='bbox 2728 4437 2786 4473; x_wconf 87' lang='grc' dir='ltr'><strong>τε</strong></span> <span class='ocrx_word' id='word_1_673' title='bbox 2818 4423 2912 4475; x_wconf 71' lang='grc' dir='ltr'><strong>καὶ</strong></span> <span class='ocrx_word' id='word_1_674' title='bbox 2942 4420 3099 4489; x_wconf 79' lang='grc' dir='ltr'>ἅγιον</span> <span class='ocrx_word' id='word_1_675' title='bbox 3128 4425 3299 4496; x_wconf 79' lang='grc' dir='ltr'>ἄνδρα</span> <span class='ocrx_word' id='word_1_676' title='bbox 3338 4429 3430 4481; x_wconf 77' lang='grc' dir='ltr'><strong>τὸν</strong></span> <span class='ocrx_word' id='word_1_677' title='bbox 3460 4430 3583 4484; x_wconf 80' lang='grc' dir='ltr'><strong>Θω-</strong></span> 
     </span>
    </p>
   </div>
   <div class='ocr_carea' id='block_1_93' title="bbox 352 4508 1907 4585">
    <p class='ocr_par' dir='ltr' id='par_1_93' title="bbox 352 4508 1907 4585">
     <span class='ocr_line' id='line_1_93' title="bbox 352 4508 1907 4585; baseline -0.007 -12"><span class='ocrx_word' id='word_1_678' title='bbox 352 4535 466 4583; x_wconf 86' lang='lat' dir='ltr'><strong>eas,</strong></span> <span class='ocrx_word' id='word_1_679' title='bbox 506 4519 558 4571; x_wconf 94' lang='lat' dir='ltr'><strong>in</strong></span> <span class='ocrx_word' id='word_1_680' title='bbox 597 4516 803 4585; x_wconf 85' lang='lat' dir='ltr'><strong>quibus</strong></span> <span class='ocrx_word' id='word_1_681' title='bbox 828 4512 1054 4567; x_wconf 85' lang='lat' dir='ltr'><strong>materia</strong></span> <span class='ocrx_word' id='word_1_682' title='bbox 1089 4510 1251 4565; x_wconf 87' lang='lat' dir='ltr'><strong>habet</strong></span> <span class='ocrx_word' id='word_1_683' title='bbox 1274 4510 1479 4574; x_wconf 89' lang='lat' dir='ltr'><strong>locum,</strong></span> <span class='ocrx_word' id='word_1_684' title='bbox 1512 4508 1907 4577; x_wconf 85' lang='lat' dir='ltr'><strong>intelligentes.</strong></span> 
     </span>
    </p>
   </div>
   <div class='ocr_carea' id='block_1_94' title="bbox 351 4599 1914 4669">
    <p class='ocr_par' dir='ltr' id='par_1_94' title="bbox 351 4599 1914 4669">
     <span class='ocr_line' id='line_1_94' title="bbox 351 4599 1914 4669; baseline -0.008 -6"><span class='ocrx_word' id='word_1_685' title='bbox 351 4609 431 4663; x_wconf 83' lang='lat' dir='ltr'><strong>Tu</strong></span> <span class='ocrx_word' id='word_1_686' title='bbox 477 4622 608 4662; x_wconf 64' lang='lat' dir='ltr'><strong>vero</strong></span> <span class='ocrx_word' id='word_1_687' title='bbox 661 4614 717 4660; x_wconf 90' lang='lat' dir='ltr'><strong>et</strong></span> <span class='ocrx_word' id='word_1_688' title='bbox 760 4604 864 4658; x_wconf 87' lang='lat' dir='ltr'><strong>hoc</strong></span> <span class='ocrx_word' id='word_1_689' title='bbox 917 4602 1001 4656; x_wconf 86' lang='lat' dir='ltr'><strong>vel</strong></span> <span class='ocrx_word' id='word_1_690' title='bbox 1036 4601 1372 4658; x_wconf 88' lang='lat' dir='ltr'><strong>calumniose</strong></span> <span class='ocrx_word' id='word_1_691' title='bbox 1402 4601 1487 4655; x_wconf 90' lang='lat' dir='ltr'><strong>vel</strong></span> <span class='ocrx_word' id='word_1_692' title='bbox 1531 4600 1783 4669; x_wconf 82' lang='lat' dir='ltr'><strong>imperite</strong></span> <span class='ocrx_word' id='word_1_693' title='bbox 1815 4599 1914 4652; x_wconf 84' lang='lat' dir='ltr'><strong>ad-</strong></span> 
     </span>
    </p>
   </div>
   <div class='ocr_carea' id='block_1_95' title="bbox 352 4689 1912 4764">
    <p class='ocr_par' dir='ltr' id='par_1_95' title="bbox 352 4689 1912 4764">
     <span class='ocr_line' id='line_1_95' title="bbox 352 4689 1912 4764; baseline -0.008 -10"><span class='ocrx_word' id='word_1_694' title='bbox 352 4699 572 4754; x_wconf 84' lang='lat' dir='ltr'><strong>modum</strong></span> <span class='ocrx_word' id='word_1_695' title='bbox 608 4696 664 4749; x_wconf 90' lang='lat' dir='ltr'><strong>in</strong></span> <span class='ocrx_word' id='word_1_696' title='bbox 688 4694 989 4764; x_wconf 85' lang='lat' dir='ltr'><strong>sapientem</strong></span> <span class='ocrx_word' id='word_1_697' title='bbox 1020 4700 1383 4761; x_wconf 88' lang='lat' dir='ltr'><strong>sanctumque</strong></span> <span class='ocrx_word' id='word_1_698' title='bbox 1432 4691 1611 4744; x_wconf 78' lang='lat' dir='ltr'><strong>virum</strong></span> <span class='ocrx_word' id='word_1_699' title='bbox 1645 4689 1912 4744; x_wconf 81' lang='lat' dir='ltr'><strong>Thomam</strong></span> 
     </span>
    </p>
   </div>
   <div class='ocr_carea' id='block_1_96' title="bbox 350 4778 1912 4864">
    <p class='ocr_par' dir='ltr' id='par_1_96' title="bbox 350 4778 1912 4864">
     <span class='ocr_line' id='line_1_96' title="bbox 350 4778 1912 4864; baseline -0.009 -17"><span class='ocrx_word' id='word_1_700' title='bbox 350 4790 627 4864; x_wconf 82' lang='lat' dir='ltr'><strong>projecisti</strong></span> <span class='ocrx_word' id='word_1_701' title='bbox 681 4787 889 4853; x_wconf 78' lang='lat' dir='ltr'><strong>dicens,</strong></span> <span class='ocrx_word' id='word_1_702' title='bbox 919 4800 1057 4864; x_wconf 70' lang='lat' dir='ltr'><strong>eum</strong></span> <span class='ocrx_word' id='word_1_703' title='bbox 1106 4784 1253 4853; x_wconf 88' lang='lat' dir='ltr'><strong>quod</strong></span> <span class='ocrx_word' id='word_1_704' title='bbox 1301 4797 1409 4836; x_wconf 92' lang='lat' dir='ltr'><strong>non</strong></span> <span class='ocrx_word' id='word_1_705' title='bbox 1461 4791 1546 4836; x_wconf 88' lang='lat' dir='ltr'><strong>est</strong></span> <span class='ocrx_word' id='word_1_706' title='bbox 1595 4778 1912 4833; x_wconf 87' lang='lat' dir='ltr'><strong>universale</strong></span> 
     </span>
    </p>
   </div>
   <div class='ocr_carea' id='block_1_97' title="bbox 350 4862 1908 4955">
    <p class='ocr_par' dir='ltr' id='par_1_97' title="bbox 350 4862 1908 4955">
     <span class='ocr_line' id='line_1_97' title="bbox 350 4862 1908 4955; baseline -0.011 -15"><span class='ocrx_word' id='word_1_707' title='bbox 350 4862 448 4955; x_wconf 80' lang='lat' dir='ltr'><strong>pro</strong></span> <span class='ocrx_word' id='word_1_708' title='bbox 481 4878 775 4937; x_wconf 83' lang='lat' dir='ltr'><strong>universali</strong></span> <span class='ocrx_word' id='word_1_709' title='bbox 809 4862 1115 4931; x_wconf 85' lang='lat' dir='ltr'><strong>venditare.</strong></span> <span class='ocrx_word' id='word_1_710' title='bbox 1152 4874 1339 4943; x_wconf 83' lang='lat' dir='ltr'><strong>Neque</strong></span> <span class='ocrx_word' id='word_1_711' title='bbox 1368 4873 1515 4928; x_wconf 89' lang='lat' dir='ltr'><strong>enim</strong></span> <span class='ocrx_word' id='word_1_712' title='bbox 1557 4873 1623 4927; x_wconf 93' lang='lat' dir='ltr'><strong>de</strong></span> <span class='ocrx_word' id='word_1_713' title='bbox 1650 4870 1908 4925; x_wconf 83' lang='lat' dir='ltr'><strong>omnibus</strong></span> 
     </span>
    </p>
   </div>
   <div class='ocr_carea' id='block_1_98' title="bbox 348 4963 1914 5047">
    <p class='ocr_par' dir='ltr' id='par_1_98' title="bbox 348 4963 1914 5047">
     <span class='ocr_line' id='line_1_98' title="bbox 348 4963 1914 5047; baseline -0.01 -16"><span class='ocrx_word' id='word_1_714' title='bbox 348 4976 669 5047; x_wconf 84' lang='lat' dir='ltr'><strong>simpliciter</strong></span> <span class='ocrx_word' id='word_1_715' title='bbox 702 4972 756 5027; x_wconf 86' lang='lat' dir='ltr'><strong>id</strong></span> <span class='ocrx_word' id='word_1_716' title='bbox 800 4969 1060 5033; x_wconf 84' lang='lat' dir='ltr'><strong>affirmat,</strong></span> <span class='ocrx_word' id='word_1_717' title='bbox 1111 4966 1207 5022; x_wconf 88' lang='lat' dir='ltr'><strong>sed</strong></span> <span class='ocrx_word' id='word_1_718' title='bbox 1254 4966 1323 5021; x_wconf 87' lang='lat' dir='ltr'><strong>de</strong></span> <span class='ocrx_word' id='word_1_719' title='bbox 1370 4966 1461 5030; x_wconf 87' lang='lat' dir='ltr'><strong>iis,</strong></span> <span class='ocrx_word' id='word_1_720' title='bbox 1492 4973 1546 5018; x_wconf 87' lang='lat' dir='ltr'><strong>et</strong></span> <span class='ocrx_word' id='word_1_721' title='bbox 1594 4963 1653 5018; x_wconf 89' lang='lat' dir='ltr'><strong>in</strong></span> <span class='ocrx_word' id='word_1_722' title='bbox 1684 4964 1810 5029; x_wconf 88' lang='lat' dir='ltr'><strong>hoc,</strong></span> <span class='ocrx_word' id='word_1_723' title='bbox 1854 4971 1914 5017; x_wconf 94' lang='lat' dir='ltr'><strong>ut</strong></span> 
     </span>
    </p>
   </div>
   <div class='ocr_carea' id='block_1_99' title="bbox 420 5108 1905 5202">
    <p class='ocr_par' dir='ltr' id='par_1_99' title="bbox 420 5108 1905 5202">
     <span class='ocr_line' id='line_1_99' title="bbox 420 5108 1905 5202; baseline -0.01 -17"><span class='ocrx_word' id='word_1_724' title='bbox 420 5132 496 5202; x_wconf 86' lang='lat' dir='ltr'><strong>(l)</strong></span> <span class='ocrx_word' id='word_1_725' title='bbox 517 5129 631 5202; x_wconf 10' lang='lat' dir='ltr'><strong>iSic</strong></span> <span class='ocrx_word' id='word_1_726' title='bbox 659 5125 823 5202; x_wconf 58' lang='lat' dir='ltr'><strong>Marc.</strong></span> <span class='ocrx_word' id='word_1_727' title='bbox 852 5108 892 5180; x_wconf 77' lang='grc' dir='ltr'><strong>ί.</strong></span> <span class='ocrx_word' id='word_1_728' title='bbox 920 5124 986 5180; x_wconf 77' lang='lat'><strong>&#39;75</strong></span> <span class='ocrx_word' id='word_1_729' title='bbox 1018 5122 1085 5190; x_wconf 84' lang='lat' dir='ltr'><em>b;</em></span> <span class='ocrx_word' id='word_1_730' title='bbox 1120 5120 1263 5176; x_wconf 77' lang='lat' dir='ltr'><strong>Ilion.</strong></span> <span class='ocrx_word' id='word_1_731' title='bbox 1296 5118 1367 5173; x_wconf 74' lang='grc'>27</span> <span class='ocrx_word' id='word_1_732' title='bbox 1390 5118 1429 5173; x_wconf 82' lang='lat' dir='ltr'><strong>f.</strong></span> <span class='ocrx_word' id='word_1_733' title='bbox 1453 5115 1581 5184; x_wconf 69' lang='grc'>240,</span> <span class='ocrx_word' id='word_1_734' title='bbox 1610 5115 1667 5171; x_wconf 88' lang='lat' dir='ltr'><strong>b.</strong></span> <span class='ocrx_word' id='word_1_735' title='bbox 1698 5122 1753 5172; x_wconf 89' lang='lat' dir='ltr'><strong>et</strong></span> <span class='ocrx_word' id='word_1_736' title='bbox 1778 5114 1905 5171; x_wconf 78' lang='lat' dir='ltr'><strong>Vat.</strong></span> 
     </span>
    </p>
   </div>
   <div class='ocr_carea' id='block_1_100' title="bbox 350 5197 1093 5339">
    <p class='ocr_par' dir='ltr' id='par_1_100' title="bbox 350 5197 1093 5339">
     <span class='ocr_line' id='line_1_100' title="bbox 350 5197 687 5258; baseline -0.027 -1"><span class='ocrx_word' id='word_1_737' title='bbox 350 5205 389 5258; x_wconf 83' lang='lat' dir='ltr'><strong>f.</strong></span> <span class='ocrx_word' id='word_1_738' title='bbox 430 5197 532 5255; x_wconf 64' lang='grc'><strong>194</strong></span> <span class='ocrx_word' id='word_1_739' title='bbox 557 5214 586 5251; x_wconf 84' lang='lat' dir='ltr'><strong>a</strong></span> <span class='ocrx_word' id='word_1_740' title='bbox 618 5215 631 5250; x_wconf 93' lang='lat'><strong>:</strong></span> <span class='ocrx_word' id='word_1_741' title='bbox 659 5197 687 5249; x_wconf 84' lang='lat'><strong>6</strong></span> 
     </span>
     <span class='ocr_line' id='line_1_101' title="bbox 419 5263 1093 5339; baseline -0.01 -16"><span class='ocrx_word' id='word_1_742' title='bbox 419 5274 497 5339; x_wconf 63' lang='grc' dir='ltr'><strong>(ἐ)</strong></span> <span class='ocrx_word' id='word_1_743' title='bbox 532 5270 678 5323; x_wconf 84' lang='grc' dir='ltr'>Μυη.</span> <span class='ocrx_word' id='word_1_744' title='bbox 722 5263 1093 5339; x_wconf 10' lang='grc' dir='ltr'>17,Ῠ7Κυδόνης,</span> 
     </span>
    </p>
   </div>
   <div class='ocr_carea' id='block_1_101' title="bbox 422 5337 880 5412">
    <p class='ocr_par' dir='ltr' id='par_1_101' title="bbox 422 5337 880 5412">
     <span class='ocr_line' id='line_1_102' title="bbox 422 5337 880 5412; baseline -0.02 -16"><span class='ocrx_word' id='word_1_745' title='bbox 422 5337 499 5412; x_wconf 76' lang='lat'><strong>(5)</strong></span> <span class='ocrx_word' id='word_1_746' title='bbox 529 5340 673 5393; x_wconf 78' lang='lat' dir='ltr'><strong>Mon.</strong></span> <span class='ocrx_word' id='word_1_747' title='bbox 704 5337 880 5390; x_wconf 81' lang='grc' dir='ltr'>πλεῖν.</span> 
     </span>
    </p>
   </div>
   <div class='ocr_carea' id='block_1_102' title="bbox 419 5485 1908 5570">
    <p class='ocr_par' dir='ltr' id='par_1_102' title="bbox 419 5485 1908 5570">
     <span class='ocr_line' id='line_1_103' title="bbox 419 5485 1908 5570; baseline -0.009 -18"><span class='ocrx_word' id='word_1_748' title='bbox 419 5500 496 5570; x_wconf 86' lang='lat' dir='ltr'><strong>(a)</strong></span> <span class='ocrx_word' id='word_1_749' title='bbox 531 5497 607 5570; x_wconf 75' lang='lat' dir='ltr'><strong>De</strong></span> <span class='ocrx_word' id='word_1_750' title='bbox 638 5496 801 5570; x_wconf 72' lang='lat' dir='ltr'><strong>hujus</strong></span> <span class='ocrx_word' id='word_1_751' title='bbox 839 5488 1099 5570; x_wconf 75' lang='lat' dir='ltr'><strong>monachi</strong></span> <span class='ocrx_word' id='word_1_752' title='bbox 1134 5486 1520 5570; x_wconf 59' lang='lat' dir='ltr'><strong>inconstantia</strong></span> <span class='ocrx_word' id='word_1_753' title='bbox 1544 5486 1614 5570; x_wconf 52' lang='lat' dir='ltr'><strong>&#39;in</strong></span> <span class='ocrx_word' id='word_1_754' title='bbox 1654 5485 1908 5570; x_wconf 70' lang='lat' dir='ltr'><strong>dogmate</strong></span> 
     </span>
    </p>
   </div>
   <div class='ocr_carea' id='block_1_103' title="bbox 350 5554 1909 5626">
    <p class='ocr_par' dir='ltr' id='par_1_103' title="bbox 350 5554 1909 5626">
     <span class='ocr_line' id='line_1_104' title="bbox 350 5554 1909 5626; baseline -0.01 -3"><span class='ocrx_word' id='word_1_755' title='bbox 350 5554 612 5624; x_wconf 72' lang='lat' dir='ltr'><strong>sectanda</strong></span> <span class='ocrx_word' id='word_1_756' title='bbox 648 5580 678 5617; x_wconf 89' lang='lat' dir='ltr'><strong>a</strong></span> <span class='ocrx_word' id='word_1_757' title='bbox 710 5554 828 5617; x_wconf 72' lang='lat' dir='ltr'><strong>suis</strong></span> <span class='ocrx_word' id='word_1_758' title='bbox 861 5557 1100 5615; x_wconf 85' lang='lat' dir='ltr'><strong>accusati</strong></span> <span class='ocrx_word' id='word_1_759' title='bbox 1136 5557 1358 5626; x_wconf 89' lang='lat' dir='ltr'><strong>scriptis</strong></span> <span class='ocrx_word' id='word_1_760' title='bbox 1388 5556 1512 5609; x_wconf 89' lang='lat' dir='ltr'><strong>vide</strong></span> <span class='ocrx_word' id='word_1_761' title='bbox 1543 5554 1786 5610; x_wconf 84' lang='lat' dir='ltr'><strong>Leonem</strong></span> <span class='ocrx_word' id='word_1_762' title='bbox 1818 5556 1909 5608; x_wconf 83' lang='lat' dir='ltr'><strong>Al-</strong></span> 
     </span>
    </p>
   </div>
   <div class='ocr_carea' id='block_1_104' title="bbox 349 5626 1913 5702">
    <p class='ocr_par' dir='ltr' id='par_1_104' title="bbox 349 5626 1913 5702">
     <span class='ocr_line' id='line_1_105' title="bbox 349 5626 1913 5702; baseline -0.01 -10"><span class='ocrx_word' id='word_1_763' title='bbox 349 5640 563 5702; x_wconf 87' lang='lat' dir='ltr'><strong>latium,</strong></span> <span class='ocrx_word' id='word_1_764' title='bbox 596 5634 669 5688; x_wconf 83' lang='lat' dir='ltr'><strong>De</strong></span> <span class='ocrx_word' id='word_1_765' title='bbox 692 5632 904 5702; x_wconf 75' lang='lat' dir='ltr'><strong>Eccles.</strong></span> <span class='ocrx_word' id='word_1_766' title='bbox 926 5628 1212 5702; x_wconf 78' lang='lat' dir='ltr'><strong>Occiderit.</strong></span> <span class='ocrx_word' id='word_1_767' title='bbox 1232 5626 1737 5702; x_wconf 50' lang='lat' dir='ltr'><strong>etOIient._perpet</strong></span> <span class='ocrx_word' id='word_1_768' title='bbox 1769 5639 1913 5702; x_wconf 62' lang='lat' dir='ltr'><strong>con-</strong></span> 
     </span>
    </p>
   </div>
   <div class='ocr_carea' id='block_1_105' title="bbox 351 5693 1909 5771">
    <p class='ocr_par' dir='ltr' id='par_1_105' title="bbox 351 5693 1909 5771">
     <span class='ocr_line' id='line_1_106' title="bbox 351 5693 1909 5771; baseline -0.01 -7"><span class='ocrx_word' id='word_1_769' title='bbox 351 5721 496 5764; x_wconf 65' lang='grc' dir='ltr'>ερατ.</span> <span class='ocrx_word' id='word_1_770' title='bbox 532 5693 570 5759; x_wconf 70' lang='grc'>1.</span> <span class='ocrx_word' id='word_1_771' title='bbox 609 5704 671 5771; x_wconf 83' lang='grc' dir='ltr'><strong>ιι,</strong></span> <span class='ocrx_word' id='word_1_772' title='bbox 714 5719 763 5758; x_wconf 88' lang='lat' dir='ltr'><strong>c.</strong></span> <span class='ocrx_word' id='word_1_773' title='bbox 795 5701 879 5768; x_wconf 84' lang='lat' dir='ltr'><strong>l7,</strong></span> <span class='ocrx_word' id='word_1_774' title='bbox 916 5716 970 5752; x_wconf 92' lang='lat' dir='ltr'><strong>n.</strong></span> <span class='ocrx_word' id='word_1_775' title='bbox 1009 5697 1025 5750; x_wconf 90' lang='grc' dir='ltr'><strong>Ι</strong></span> <span class='ocrx_word' id='word_1_776' title='bbox 1064 5712 1205 5766; x_wconf 87' lang='lat' dir='ltr'><strong>seq.,</strong></span> <span class='ocrx_word' id='word_1_777' title='bbox 1247 5705 1302 5749; x_wconf 88' lang='lat' dir='ltr'><strong>et</strong></span> <span class='ocrx_word' id='word_1_778' title='bbox 1329 5694 1634 5749; x_wconf 82' lang='lat' dir='ltr'><strong>Fabricium</strong></span> <span class='ocrx_word' id='word_1_779' title='bbox 1670 5696 1723 5749; x_wconf 91' lang='lat' dir='ltr'><strong>in</strong></span> <span class='ocrx_word' id='word_1_780' title='bbox 1768 5693 1909 5748; x_wconf 84' lang='lat' dir='ltr'><strong>Bibl.</strong></span> 
     </span>
    </p>
   </div>
   <div class='ocr_carea' id='block_1_106' title="bbox 2019 4508 3583 4587">
    <p class='ocr_par' dir='ltr' id='par_1_106' title="bbox 2019 4508 3583 4587">
     <span class='ocr_line' id='line_1_107' title="bbox 2019 4508 3583 4587; baseline 0.012 -28"><span class='ocrx_word' id='word_1_781' title='bbox 2019 4509 2129 4575; x_wconf 81' lang='grc' dir='ltr'><strong>μᾶν</strong></span> <span class='ocrx_word' id='word_1_782' title='bbox 2179 4508 2495 4579; x_wconf 74' lang='grc' dir='ltr'>ἀπέρριψας</span> <span class='ocrx_word' id='word_1_783' title='bbox 2544 4510 2621 4582; x_wconf 82' lang='grc'><strong>(5)</strong></span> <span class='ocrx_word' id='word_1_784' title='bbox 2673 4510 2864 4575; x_wconf 84' lang='grc' dir='ltr'>εἰπὼν,</span> <span class='ocrx_word' id='word_1_785' title='bbox 2896 4514 2955 4566; x_wconf 82' lang='lat'><strong>:6</strong></span> <span class='ocrx_word' id='word_1_786' title='bbox 3005 4514 3079 4587; x_wconf 78' lang='grc' dir='ltr'>μὴ</span> <span class='ocrx_word' id='word_1_787' title='bbox 3134 4516 3363 4574; x_wconf 86' lang='grc' dir='ltr'>καθόλου</span> <span class='ocrx_word' id='word_1_788' title='bbox 3414 4523 3583 4578; x_wconf 79' lang='grc' dir='ltr'>αὐτὸν</span> 
     </span>
    </p>
   </div>
   <div class='ocr_carea' id='block_1_107' title="bbox 2015 4599 3584 4680">
    <p class='ocr_par' dir='ltr' id='par_1_107' title="bbox 2015 4599 3584 4680">
     <span class='ocr_line' id='line_1_108' title="bbox 2015 4599 3584 4680; baseline 0.012 -29"><span class='ocrx_word' id='word_1_789' title='bbox 2015 4599 2304 4653; x_wconf 84' lang='grc' dir='ltr'>ἀποδοῦναι</span> <span class='ocrx_word' id='word_1_790' title='bbox 2336 4601 2410 4664; x_wconf 85' lang='grc' dir='ltr'>ὡς</span> <span class='ocrx_word' id='word_1_791' title='bbox 2435 4601 2664 4655; x_wconf 85' lang='grc' dir='ltr'>καθόλου</span> <span class='ocrx_word' id='word_1_792' title='bbox 2686 4618 2701 4635; x_wconf 76' lang='grc' dir='ltr'><strong><em>ο</em></strong></span> <span class='ocrx_word' id='word_1_793' title='bbox 2731 4605 2791 4656; x_wconf 76' lang='grc' dir='ltr'>οὐ</span> <span class='ocrx_word' id='word_1_794' title='bbox 2823 4605 2931 4675; x_wconf 70' lang='grc' dir='ltr'><strong>γὰρ</strong></span> <span class='ocrx_word' id='word_1_795' title='bbox 2962 4607 3103 4661; x_wconf 74' lang='grc' dir='ltr'>κατὰ</span> <span class='ocrx_word' id='word_1_796' title='bbox 3144 4610 3365 4663; x_wconf 84' lang='grc' dir='ltr'>πάντων</span> <span class='ocrx_word' id='word_1_797' title='bbox 3390 4612 3584 4680; x_wconf 83' lang='grc' dir='ltr'>ἁπλῶς</span> 
     </span>
    </p>
   </div>
   <div class='ocr_carea' id='block_1_108' title="bbox 2013 4691 3584 4774">
    <p class='ocr_par' dir='ltr' id='par_1_108' title="bbox 2013 4691 3584 4774">
     <span class='ocr_line' id='line_1_109' title="bbox 2013 4691 3584 4774; baseline 0.01 -31"><span class='ocrx_word' id='word_1_798' title='bbox 2013 4692 2172 4744; x_wconf 73' lang='grc' dir='ltr'>τοῦτό</span> <span class='ocrx_word' id='word_1_799' title='bbox 2197 4709 2382 4763; x_wconf 82' lang='grc' dir='ltr'>φησιν,</span> <span class='ocrx_word' id='word_1_800' title='bbox 2412 4694 2527 4749; x_wconf 82' lang='grc' dir='ltr'>ἀλλ’</span> <span class='ocrx_word' id='word_1_801' title='bbox 2568 4697 2626 4747; x_wconf 80' lang='grc' dir='ltr'>ὲν</span> <span class='ocrx_word' id='word_1_802' title='bbox 2675 4691 2754 4760; x_wconf 78' lang='grc' dir='ltr'>οἷς</span> <span class='ocrx_word' id='word_1_803' title='bbox 2787 4695 2969 4767; x_wconf 85' lang='grc' dir='ltr'>χώραν</span> <span class='ocrx_word' id='word_1_804' title='bbox 3000 4700 3111 4768; x_wconf 79' lang='grc' dir='ltr'>ἔχει</span> <span class='ocrx_word' id='word_1_805' title='bbox 3152 4702 3183 4770; x_wconf 82' lang='grc' dir='ltr'><strong>ἡ</strong></span> <span class='ocrx_word' id='word_1_806' title='bbox 3245 4702 3370 4774; x_wconf 81' lang='grc' dir='ltr'>ὕλη,</span> <span class='ocrx_word' id='word_1_807' title='bbox 3399 4706 3584 4766; x_wconf 83' lang='grc' dir='ltr'>αὐτοῖς</span> 
     </span>
    </p>
   </div>
   <div class='ocr_carea' id='block_1_109' title="bbox 2019 4785 3582 4866">
    <p class='ocr_par' dir='ltr' id='par_1_109' title="bbox 2019 4785 3582 4866">
     <span class='ocr_line' id='line_1_110' title="bbox 2019 4785 3582 4866; baseline 0.012 -32"><span class='ocrx_word' id='word_1_808' title='bbox 2019 4785 2261 4853; x_wconf 77' lang='grc' dir='ltr'>ῥήμασιν</span> <span class='ocrx_word' id='word_1_809' title='bbox 2291 4785 2465 4848; x_wconf 82' lang='grc' dir='ltr'>οὓτως</span> <span class='ocrx_word' id='word_1_810' title='bbox 2489 4788 2680 4849; x_wconf 82' lang='grc' dir='ltr'>εἰπὼν,</span> <span class='ocrx_word' id='word_1_811' title='bbox 2711 4789 2804 4841; x_wconf 75' lang='grc' dir='ltr'>καὶ</span> <span class='ocrx_word' id='word_1_812' title='bbox 2840 4790 3014 4855; x_wconf 84' lang='grc' dir='ltr'>τοῦθ’,</span> <span class='ocrx_word' id='word_1_813' title='bbox 3043 4793 3117 4855; x_wconf 84' lang='grc' dir='ltr'><strong>ὡς</strong></span> <span class='ocrx_word' id='word_1_814' title='bbox 3146 4794 3304 4864; x_wconf 79' lang='grc' dir='ltr'>ἔφην,</span> <span class='ocrx_word' id='word_1_815' title='bbox 3337 4799 3582 4866; x_wconf 76' lang='grc' dir='ltr'>Ἀριστο-</span> 
     </span>
    </p>
   </div>
   <div class='ocr_carea' id='block_1_110' title="bbox 1993 4876 3582 4958">
    <p class='ocr_par' dir='ltr' id='par_1_110' title="bbox 1993 4876 3582 4958">
     <span class='ocr_line' id='line_1_111' title="bbox 1993 4876 3582 4958; baseline 0.01 -32"><span class='ocrx_word' id='word_1_816' title='bbox 1993 4876 2161 4935; x_wconf 81' lang='grc' dir='ltr'>,τέλει</span> <span class='ocrx_word' id='word_1_817' title='bbox 2208 4876 2498 4945; x_wconf 75' lang='grc' dir='ltr'>ἑπόμενος,</span> <span class='ocrx_word' id='word_1_818' title='bbox 2548 4879 2608 4942; x_wconf 79' lang='grc' dir='ltr'>ὃς</span> <span class='ocrx_word' id='word_1_819' title='bbox 2660 4881 2930 4952; x_wconf 79' lang='grc' dir='ltr'>πολλαχοῦ</span> <span class='ocrx_word' id='word_1_820' title='bbox 2985 4884 3095 4937; x_wconf 83' lang='grc' dir='ltr'><strong>τῶν</strong></span> <span class='ocrx_word' id='word_1_821' title='bbox 3157 4887 3352 4941; x_wconf 78' lang='grc' dir='ltr'>ἑαυτοῦ</span> <span class='ocrx_word' id='word_1_822' title='bbox 3403 4892 3582 4958; x_wconf 78' lang='grc' dir='ltr'>λόγων</span> 
     </span>
    </p>
   </div>
   <div class='ocr_carea' id='block_1_111' title="bbox 2015 4966 3581 5052">
    <p class='ocr_par' dir='ltr' id='par_1_111' title="bbox 2015 4966 3581 5052">
     <span class='ocr_line' id='line_1_112' title="bbox 2015 4966 3581 5052; baseline 0.012 -35"><span class='ocrx_word' id='word_1_823' title='bbox 2015 4966 2110 5019; x_wconf 77' lang='grc' dir='ltr'>καὶ</span> <span class='ocrx_word' id='word_1_824' title='bbox 2161 4967 2396 5037; x_wconf 85' lang='grc' dir='ltr'>μάλιστα</span> <span class='ocrx_word' id='word_1_825' title='bbox 2445 4971 2553 5025; x_wconf 86' lang='grc' dir='ltr'><strong>τῶν</strong></span> <span class='ocrx_word' id='word_1_826' title='bbox 2615 4974 2752 5042; x_wconf 84' lang='grc' dir='ltr'>μετὰ</span> <span class='ocrx_word' id='word_1_827' title='bbox 2785 4974 2856 5027; x_wconf 80' lang='grc' dir='ltr'>τὰ</span> <span class='ocrx_word' id='word_1_828' title='bbox 2902 4979 3108 5043; x_wconf 71' lang='grc' dir='ltr'>φυσικὰ</span> <span class='ocrx_word' id='word_1_829' title='bbox 3158 4980 3217 5031; x_wconf 82' lang='grc' dir='ltr'>ὲν</span> <span class='ocrx_word' id='word_1_830' title='bbox 3253 4980 3353 5049; x_wconf 75' lang='grc' dir='ltr'>μὲν</span> <span class='ocrx_word' id='word_1_831' title='bbox 3386 4982 3463 5052; x_wconf 83' lang='grc' dir='ltr'>τῷ</span> <span class='ocrx_word' id='word_1_832' title='bbox 3492 5000 3581 5036; x_wconf 91' lang='grc' dir='ltr'>τε-</span> 
     </span>
    </p>
   </div>
   <div class='ocr_carea' id='block_1_112' title="bbox 2090 5122 3576 5205">
    <p class='ocr_par' dir='ltr' id='par_1_112' title="bbox 2090 5122 3576 5205">
     <span class='ocr_line' id='line_1_113' title="bbox 2090 5122 3576 5205; baseline 0.009 -29"><span class='ocrx_word' id='word_1_833' title='bbox 2205 5123 2263 5205; x_wconf 81' lang='lat' dir='ltr'><strong>_ln</strong></span> <span class='ocrx_word' id='word_1_834' title='bbox 2304 5124 2469 5205; x_wconf 76' lang='lat' dir='ltr'><strong>Marc.</strong></span> <span class='ocrx_word' id='word_1_835' title='bbox 2499 5127 2544 5205; x_wconf 86' lang='lat'><strong>_[.</strong></span> <span class='ocrx_word' id='word_1_836' title='bbox 2595 5127 2661 5183; x_wconf 78' lang='lat'><em>76</em></span> <span class='ocrx_word' id='word_1_837' title='bbox 2691 5143 2746 5195; x_wconf 86' lang='lat' dir='ltr'><strong>a,</strong></span> <span class='ocrx_word' id='word_1_838' title='bbox 2780 5129 2886 5185; x_wconf 87' lang='lat' dir='ltr'><strong>alia</strong></span> <span class='ocrx_word' id='word_1_839' title='bbox 2921 5145 3085 5203; x_wconf 88' lang='lat' dir='ltr'><strong>manu</strong></span> <span class='ocrx_word' id='word_1_840' title='bbox 3129 5130 3200 5185; x_wconf 87' lang='lat' dir='ltr'><strong>ad</strong></span> <span class='ocrx_word' id='word_1_841' title='bbox 3246 5134 3576 5205; x_wconf 81' lang='lat' dir='ltr'><strong>marginem,</strong></span> 
     </span>
    </p>
   </div>
   <div class='ocr_carea' id='block_1_113' title="bbox 2014 5193 2716 5251">
    <p class='ocr_par' dir='ltr' id='par_1_113' title="bbox 2014 5193 2716 5251">
     <span class='ocr_line' id='line_1_114' title="bbox 2014 5193 2716 5251; baseline 0.006 -4"><span class='ocrx_word' id='word_1_842' title='bbox 2014 5193 2252 5247; x_wconf 76' lang='grc' dir='ltr'>ἀνείδεόν</span> <span class='ocrx_word' id='word_1_843' title='bbox 2277 5211 2333 5246; x_wconf 86' lang='grc' dir='ltr'><strong>τε</strong></span> <span class='ocrx_word' id='word_1_844' title='bbox 2369 5197 2464 5247; x_wconf 77' lang='grc' dir='ltr'>καὶ</span> <span class='ocrx_word' id='word_1_845' title='bbox 2493 5196 2716 5251; x_wconf 75' lang='grc' dir='ltr'>ἀποσον.</span> 
     </span>
    </p>
   </div>
   <div class='ocr_carea' id='block_1_114' title="bbox 2086 5263 3577 5347">
    <p class='ocr_par' dir='ltr' id='par_1_114' title="bbox 2086 5263 3577 5347">
     <span class='ocr_line' id='line_1_115' title="bbox 2086 5263 3577 5347; baseline 0.008 -31"><span class='ocrx_word' id='word_1_846' title='bbox 2086 5263 2165 5331; x_wconf 82' lang='lat'><strong>(5)</strong></span> <span class='ocrx_word' id='word_1_847' title='bbox 2206 5263 2297 5318; x_wconf 86' lang='lat' dir='ltr'><strong>Sic</strong></span> <span class='ocrx_word' id='word_1_848' title='bbox 2323 5263 2490 5319; x_wconf 73' lang='lat' dir='ltr'><strong>Marc.</strong></span> <span class='ocrx_word' id='word_1_849' title='bbox 2525 5266 2562 5320; x_wconf 87' lang='lat' dir='ltr'><strong>l.</strong></span> <span class='ocrx_word' id='word_1_850' title='bbox 2598 5268 2664 5322; x_wconf 88' lang='lat'><em>76</em></span> <span class='ocrx_word' id='word_1_851' title='bbox 2689 5283 2751 5334; x_wconf 86' lang='lat' dir='ltr'><em>a;</em></span> <span class='ocrx_word' id='word_1_852' title='bbox 2785 5267 2929 5324; x_wconf 74' lang='lat' dir='ltr'><strong>Mon.</strong></span> <span class='ocrx_word' id='word_1_853' title='bbox 2955 5271 2993 5324; x_wconf 89' lang='lat' dir='ltr'><strong>f.</strong></span> <span class='ocrx_word' id='word_1_854' title='bbox 3028 5270 3126 5325; x_wconf 73' lang='lat' dir='ltr'><strong>2M</strong></span> <span class='ocrx_word' id='word_1_855' title='bbox 3162 5275 3577 5347; x_wconf 69' lang='grc' dir='ltr'>α,ὰπορρίψαε.</span> 
     </span>
    </p>
   </div>
   <div class='ocr_carea' id='block_1_115' title="bbox 2015 5488 2865 5615">
    <p class='ocr_par' dir='ltr' id='par_1_115' title="bbox 2015 5488 2865 5615">
     <span class='ocr_line' id='line_1_116' title="bbox 2015 5488 2865 5558; baseline 0.007 -19"><span class='ocrx_word' id='word_1_856' title='bbox 2015 5504 2096 5558; x_wconf 84' lang='lat' dir='ltr'><strong>gr.</strong></span> <span class='ocrx_word' id='word_1_857' title='bbox 2132 5488 2242 5541; x_wconf 86' lang='lat' dir='ltr'><strong>vol.</strong></span> <span class='ocrx_word' id='word_1_858' title='bbox 2275 5488 2346 5550; x_wconf 79' lang='grc' dir='ltr'>Χ,</span> <span class='ocrx_word' id='word_1_859' title='bbox 2418 5529 2433 5544; x_wconf 96' lang='grc'><strong>.</strong></span> <span class='ocrx_word' id='word_1_860' title='bbox 2472 5490 2600 5555; x_wconf 63' lang='grc'>429,</span> <span class='ocrx_word' id='word_1_861' title='bbox 2626 5490 2718 5546; x_wconf 92' lang='lat' dir='ltr'><strong>ed.</strong></span> <span class='ocrx_word' id='word_1_862' title='bbox 2753 5501 2865 5547; x_wconf 85' lang='lat' dir='ltr'><strong>vet.</strong></span> 
     </span>
     <span class='ocr_line' id='line_1_117' title="bbox 2090 5506 2865 5615; baseline 0 0"><span class='ocrx_word' id='word_1_863' title='bbox 2090 5558 2160 5615; x_wconf 82' lang='lat' dir='ltr'><strong>(bl</strong></span> <span class='ocrx_word' id='word_1_864' title='bbox 2194 5557 2347 5614; x_wconf 89' lang='lat' dir='ltr'><strong>Nilus</strong></span> <span class='ocrx_word' id='word_1_865' title='bbox 2368 5506 2645 5615; x_wconf 62' lang='lat' dir='ltr'><strong>Eabasilas</strong></span> <span class='ocrx_word' id='word_1_866' title='bbox 2681 5564 2865 5615; x_wconf 63' lang='lat' dir='ltr'><strong>saeuit</strong></span> 
     </span>
    </p>
   </div>
   <div class='ocr_carea' id='block_1_116' title="bbox 2090 5557 3574 5640">
    <p class='ocr_par' dir='ltr' id='par_1_116' title="bbox 2090 5557 3574 5640">
     <span class='ocr_line' id='line_1_118' title="bbox 2090 5557 3574 5640; baseline 0.005 -29"><span class='ocrx_word' id='word_1_867' title='bbox 2090 5557 2347 5640; x_wconf 32' lang='grc' dir='ltr'><strong>(ὑλ-,ἰδίως</strong></span> <span class='ocrx_word' id='word_1_868' title='bbox 2364 5557 2645 5640; x_wconf 59' lang='grc' dir='ltr'>ρδῦαεϋειβ</span> <span class='ocrx_word' id='word_1_869' title='bbox 2681 5562 3163 5640; x_wconf 60' lang='lat' dir='ltr'><strong>sacplXmVfuit</strong></span> <span class='ocrx_word' id='word_1_870' title='bbox 3200 5565 3574 5635; x_wconf 61' lang='lat' dir='ltr'><strong>archiepisco.</strong></span> 
     </span>
    </p>
   </div>
   <div class='ocr_carea' id='block_1_117' title="bbox 2018 5629 3645 5713">
    <p class='ocr_par' dir='ltr' id='par_1_117' title="bbox 2018 5629 3645 5713">
     <span class='ocr_line' id='line_1_119' title="bbox 2018 5629 3645 5713; baseline 0.009 -37"><span class='ocrx_word' id='word_1_871' title='bbox 2018 5642 2121 5713; x_wconf 72' lang='lat' dir='ltr'><strong>pus</strong></span> <span class='ocrx_word' id='word_1_872' title='bbox 2151 5629 2661 5713; x_wconf 28' lang='lat' dir='ltr'><strong>Iohcssa‘lpnice&#39;nsis</strong></span> <span class='ocrx_word' id='word_1_873' title='bbox 2688 5640 2748 5713; x_wconf 60' lang='lat' dir='ltr'><strong>et</strong></span> <span class='ocrx_word' id='word_1_874' title='bbox 2777 5633 3263 5713; x_wconf 42' lang='lat' dir='ltr'><strong>fortiter-balnea</strong></span> <span class='ocrx_word' id='word_1_875' title='bbox 3276 5629 3579 5713; x_wconf 51' lang='lat' dir='ltr'><strong>“oppugna-</strong></span> <span class='ocrx_word' id='word_1_876' title='bbox 3634 5664 3645 5689; x_wconf 69' lang='grc' dir='ltr'><strong>κ</strong></span> 
     </span>
    </p>
   </div>
   <div class='ocr_carea' id='block_1_118' title="bbox 2017 5697 3327 5774">
    <p class='ocr_par' dir='ltr' id='par_1_118' title="bbox 2017 5697 3327 5774">
     <span class='ocr_line' id='line_1_120' title="bbox 2017 5697 3327 5774; baseline 0.008 -26"><span class='ocrx_word' id='word_1_877' title='bbox 2017 5698 2116 5749; x_wconf 73' lang='lat' dir='ltr'><strong>vit.</strong></span> <span class='ocrx_word' id='word_1_878' title='bbox 2151 5697 2287 5752; x_wconf 71' lang='lat' dir='ltr'><strong>Vide</strong></span> <span class='ocrx_word' id='word_1_879' title='bbox 2311 5697 2495 5752; x_wconf 67' lang='lat' dir='ltr'><strong>Allutii</strong></span> <span class='ocrx_word' id='word_1_880' title='bbox 2533 5699 2833 5755; x_wconf 85' lang='lat' dir='ltr'><strong>Diatribam</strong></span> <span class='ocrx_word' id='word_1_881' title='bbox 2865 5702 2929 5758; x_wconf 91' lang='lat' dir='ltr'><strong>de</strong></span> <span class='ocrx_word' id='word_1_882' title='bbox 2959 5700 3118 5772; x_wconf 83' lang='lat' dir='ltr'><strong>Nilis,</strong></span> <span class='ocrx_word' id='word_1_883' title='bbox 3148 5719 3204 5774; x_wconf 90' lang='lat' dir='ltr'><strong>p.</strong></span> <span class='ocrx_word' id='word_1_884' title='bbox 3236 5704 3327 5759; x_wconf 78' lang='lat'><strong>65.</strong></span> 
     </span>
    </p>
   </div>
  </div>
