3900 6216
245 457 352 520 205

1276 449 1712 513 REFUTATIO
1752 443 1994 508 MARCI
2035 435 2363 500 EPHESIN
2377 436 2430 496 I.

3378 418 3490 482 206

245 568 404 622 αὐτὸν
436 567 640 638 τρόπον
670 562 792 617 οὐᾶ
825 561 964 633 πρὸς
994 562 1092 634 τὴν
1121 563 1368 634 ἀλλήλων
1400 563 1637 634 ὓπαρξιν
1668 561 1820 615 οὐδὲν
1850 573 1865 619 λ

1968 553 2227 609 :cundum
2259 549 2510 605 eumdem
2554 544 2776 600 modum
2807 555 2989 612 neque
3019 537 3088 593 ad
3139 550 3294 592 suam
3346 532 3498 602 ipso-

246 661 391 731 αὐτῷ
431 657 758 712 συντελέσει.
795 645 921 710 Oﬁ't’
953 657 1063 725 ἄρα
1095 655 1174 724 τῷ
1214 658 1390 727 Πατρὶ
1433 655 1706 709 συναίτιον
1741 653 1822 714 εἰς

1928 660 2047 698 rum
2079 642 2451 698 exsistentiam
2490 637 2732 693 vicissim
2787 631 2998 703 aliquid
3033 629 3132 699 ipsi
3189 625 3497 685 conferent.

247 718 474 823 τῆν’τοῦ
517 749 647 802 Υἱοῦ
688 749 946 818 γέννησιν
984 718 1045 800 τὸ
1087 718 1311 818 Πνεῦμα
1335 718 1407 800 ’τὸ
1447 746 1621 815 ἅγιον,
1657 743 1772 798 οὔθ’
1797 746 1826 797 ό

1968 752 2002 791 ,ο
2035 743 2095 790 ιιι
2124 735 2299 789 altera
2334 733 2564 787 alteram
2601 727 2894 800 producat.
2943 723 3136 793 Neque
3184 719 3351 789 igitur
3401 718 3500 770 Pa-

251 845 376 908 rte;
406 843 483 912 τῷ
515 843 693 913 Harp!
725 843 864 912 πρὸς
895 841 994 911 τὴν
1025 841 1120 894 τοῦ
1157 840 1475 910 Πνεύματος
1511 839 1784 910 προϐολήν
1806 853 1823 868 ⁸

1931 828 2000 883 tri
2050 827 2118 881 ad
2181 825 2304 881 Filii
2353 822 2766 894 generationem
2815 830 3083 873 concsusa
3130 821 3212 868 est
3263 809 3502 878 Spiritus

254 901 469 1008 πλήρης
507 935 616 1005 γὰρ
637 901 687 1005 ’ἡ
727 901 1024 1006 γεννητισιὴ
1061 932 1158 987 καὶ
1195 901 1826 1003 προϐλητικὴΠινὲργεια

1968 928 2177 981 anctus,
2209 928 2384 985 neque
2413 912 2585 968 Filius
2616 908 2765 966 Patri
2799 907 2867 962 ad
2896 905 3134 976 Spiritus
3151 901 3327 958 sancti
3359 914 3488 968 pro-

252 1033 343 1086 καὶ
378 1029 481 1100 μία
512 1027 649 1098 παρ’
676 1026 796 1088 ἑνὸς
832 1023 1074 1095 ἑκατέρα
1110 1024 1248 1096 πρὸς
1281 1023 1381 1094 τὴν
1414 1023 1530 1087 ἐνὸς
1567 1022 1828 1095 ὓπαρξιν.

672 1314 810 1368 ΤΟΥ
847 1313 1068 1367 ΣΟΦΟΥ
1107 1311 1414 1366 ΝΙΚΑΙΔΣ.

328 1428 432 1482 Διὰ
461 1427 517 1480 τι
545 1426 623 1493 δὶ,
654 1425 702 1478 εἰ
735 1423 812 1495 μὴ
843 1423 980 1496 πρὸς
1005 1423 1103 1493 τὴν
1133 1422 1344 1477 ἑαυτῶν
1377 1421 1614 1492 ὕπαρξιν
1646 1438 1835 1475 συντε-

1933 1011 2274 1067 ductionem.
2313 1005 2480 1061 Plena
2511 1005 2660 1059 enim
2699 1011 2784 1057 est
2832 997 3151 1070 generativa
3200 1001 3256 1049 et
3301 989 3506 1062 produ«

1937 1104 2079 1158 ctiva
2107 1099 2359 1171 operatio
2400 1107 2451 1154 et
2488 1111 2596 1152 una
2637 1095 2707 1150 ab
2753 1107 2865 1148 uno
2917 1099 3158 1158 utraque
3215 1084 3284 1139 ad
3345 1083 3508 1137 unius

1934 1192 2336 1250 exsistentiam.

2386 1303 2743 1360 SAPIENTIS
2777 1298 3055 1358 ΝῐῦιΕΝΙ.

2009 1429 2120 1484 Cur
2150 1438 2356 1491 autem,
2388 1423 2434 1479 si
2463 1422 2601 1477 nihil
2639 1422 2706 1476 ad
2743 1435 2900 1477 suam
2938 1412 3321 1474 exsistentiam
3370 1425 3508 1466 con-

255 1523 343 1578 λετ
367 1541 421 1578 τι
449 1522 529 1593 τῷ
555 1521 728 1590 [lupi
755 1519 831 1592 (1)
858 1521 929 1572 τὰ
958 1519 1078 1573 θεῖα
1106 1518 1399 1589 πρόσωπα,
1426 1518 1546 1571 οὐδὲ
1575 1517 1712 1588 πρὸς
1736 1516 1836 1586 τὴν

1968 1528 2125 1576 erunt
2161 1517 2309 1574 Patri
2345 1514 2544 1570 divina:
2575 1527 2826 1584 personae
2846 1551 2862 1576 ,
2895 1525 3076 1580 neque
3105 1508 3282 1562 altera
3314 1517 3507 1558 earum

253 1613 494 1682 Θατέρου
539 1612 765 1682 θάτερον
811 1611 996 1664 αὐτῶν
1049 1609 1393 1677 συντελέσει;
1442 1609 1614 1662 Πόθεν
1662 1609 1694 1678 ἠ
1741 1607 1837 1660 τοῦ

1968 1609 2007 1665 Δ
2029 1608 2256 1664 alterius
2280 1606 2659 1663 exsistentiam
2680 1603 2886 1673 aliquid
2911 1599 3199 1656 conferat?
3225 1595 3381 1653 Unde
3413 1595 3516 1649 ista

252 1703 419 1772 λόγου
469 1702 606 1773 αὕτη
655 1703 869 1773 ἀνάγκη
918 1701 1152 1770 Eri-nat;
1202 1701 1377 1770 Καινή
1425 1716 1507 1764 τις
1554 1697 1694 1769 αὕτη
1746 1698 1839 1752 καὶ

1968 1699 2304 1770 λοηεείιυίιυι·
2339 1696 2568 1752 rationis
2603 1691 2952 1765 necessitas?
2984 1692 3135 1746 Nova
3182 1689 3302 1743 haec
3353 1685 3517 1740 theo-

251 1795 508 1864 θεολογεα
548 1795 644 1848 καὶ
684 1793 974 1864 φιλοσοφία
1015 1795 1185 1858 ἐστὶν,
1223 1792 1298 1857 ὡς
1342 1793 1393 1846 ετ
1429 1810 1481 1847 τι
1524 1791 1718 1846 ἑαυτοῦ
1764 1789 1840 1862 μὴ

1943 1792 2090 1863 logia
2120 1800 2177 1846 et
2213 1789 2681 1861 philosophiaest
2712 1825 2726 1849 ,
2760 1783 2909 1856 quod
2946 1783 2993 1837 si
3019 1780 3150 1851 quid
3184 1794 3294 1834 non
3326 1777 3400 1832 sit
3431 1777 3520 1831 sui

254 1893 343 1960 εῐη
372 1889 568 1954 αἴτιον,
595 1889 704 1942 οὐδ’
729 1887 890 1943 ἄλλου
915 1888 1089 1942 αῐτιον
1111 1889 1288 1941 ἔσται.
1315 1887 1478 1951 ’Δλλ⁹,
1507 1881 1551 1940 ὢ
1573 1886 1691 1951 τὰν,
1719 1886 1842 1938 ἑαυ-

1973 1883 2124 1955 psius
2145 1897 2332 1946 causa,
2363 1896 2546 1951 neque
2581 1879 2812 1933 alterius
2836 1889 3001 1932 causa
3035 1887 3155 1927 esse
3180 1870 3373 1941 possit.
3411 1866 3517 1923 Sed

253 1979 356 2033 τοῦ
394 1978 498 2048 μὲν
529 1973 670 2032 εἶναι
701 1995 754 2032 τι
788 1977 965 2031 αἴτιον
993 1977 1085 2032 καὶ
1120 1976 1286 2030 ταυτὸ
1322 1975 1500 2029 αἴτιον
1531 1976 1628 2029 καὶ
1659 1974 1841 2028 αἰτια-

257 2073 353 2124 τὸν
390 2068 534 2124 εἶναι
570 2071 708 2140 πρὸς
746 2067 808 2122 τὸ
846 2069 978 2122 αὐτὸ
1017 2065 1194 2138 πάντη
1236 2067 1530 2132 ἀδύνατον,
1573 2065 1748 2120 ἄλλων
1781 2064 1840 2120 δέ

258 2184 428 2221 τινων
462 2167 635 2219 αἴτιον
668 2162 806 2218 εἶναι
829 2205 844 2228 ,
879 2166 974 2218 καὶ
1012 2164 1156 2234 μάλα
1197 2162 1496 2233 συμϐαῖνον
1533 2161 1610 2232 (2)
1633 2203 1647 2226 ,
1683 2161 1748 2215 ἄν
1781 2177 1840 2213 τε

261 2261 376 2315 τῶν
407 2257 739 2329 συνωνύμως
758 2297 774 2322 ,
810 2257 875 2311 ἄν
906 2273 965 2310 τε
997 2256 1107 2308 τῶν
1141 2255 1448 2324 ὁμωνύμως
1494 2253 1842 2322 προαγόντων

261 2349 298 2428 ᾗ
331 2354 396 2406 τὸ
427 2351 698 2422 παράγον.
733 2349 906 2403 Πόθεν
936 2343 1029 2402 οῦν
1059 2347 1246 2401 ὲκ-τοῦ
1279 2347 1455 2415 πάντη
1489 2345 1752 2398 ἀδυνάτου
1783 2343 1844 2396 τδ

267 2447 510 2515 μάλιστα
542 2441 765 2498 δυνατὸν
800 2442 1078 2510 ἀναιρεῖς,
1114 2442 1224 2494 κάκ
1255 2439 1349 2492 τοῦ
1393 2437 1657 2508 μηδαμῶς
1689 2435 1846 2497 ὄντος

263 2539 326 2591 τὸ
368 2537 429 2592 6v
460 2553 520 2590 τε
556 2535 655 2589 καὶ
692 2534 978 2604 γινόμενον
1010 2531 1309 2603 όσημέραι;
1345 2529 1506 2582 Ἀλλὰ
1548 2527 1623 2597 μὴ
1665 2527 1848 2596 πάντη

266 2629 370 2700 τὴν
405 2629 515 2683 τῶν
552 2627 722 2682 ὄντων
759 2625 923 2696 φύσιν
960 2622 1302 2692 ἀγνοούντων
1409 2623 1602 2674 ταῦτα.
1637 2618 1699 2672 '0
1741 2616 1849 2687 γὰρ

268 2722 404 2784 Υἱὸς
436 2719 531 2774 καὶ
560 2719 732 2787 Λόγος
761 2716 855 2770 τοῦ
886 2713 1022 2769 Θεοῦ
1055 2713 1132 2786 τῷ
1167 2714 1267 2784 μὲν
1297 2713 1494 2767 ἑαυτοῦ
1523 2708 1665 2765 εἶναι
1696 2711 1850 2763 οὐδὶν

270 2812 676 2881 συμϐαλεῖται·
709 2809 770 2862 οὒ
809 2807 1030 2862 δύναται
1068 2808 1176 2878 γὰρ
1221 2807 1414 2860 ἑαυτοῦ
1458 2805 1630 2867 αἴτιος
1673 2797 1851 2856 εἶναι·

269 2907 357 2976 τῷ
394 2904 453 2957 δδ
487 2902 578 2957 τοῦ
612 2901 930 2972 Πνεύματος
965 2900 1060 2956 καὶ
1095 2899 1243 2968 μάλα
1268 2915 1283 2930 ο
1333 2897 1431 2967 οὐχ
1463 2897 1546 2949 δτι
1584 2894 1781 2964 ἀτελὴς
1819 2894 1854 2964 ἡ

271 3001 340 3050 ἐκ
390 2995 487 3049 τοῦ
539 2995 754 3064 Πατρδς
802 2992 1045 3064 προϐολὴ
1088 2991 1183 3045 τοῦ
1234 2991 1574 3060 Πνεύματος,
1626 2987 1720 3040 καὶ
1766 2985 1854 3040 διὰ

271 3086 440 3140 τοῦτο
469 3088 564 3140 καὶ
591 3085 692 3156 τῆς
723 3084 783 3150 ἐξ
812 3083 945 3138 Υἱοῦ
978 3085 1209 3152 δεομένη
1241 3082 1442 3154 (ἄπαγε
1471 3079 1582 3134 τῶν
1613 3096 1858 3150 σωματι-

273 3177 397 3230 κῶν
425 3175 634 3229 τούτων
666 3175 758 3228 καὶ
791 3174 1016 3245 παχέων
1046 3173 1311 3241 ἐννοιῶν),
1345 3171 1458 3228 ἀλλ’
1484 3173 1567 3226 ὅτι
1602 3173 1659 3225 ἐν
1689 3169 1767 3240 τῷ
1797 3170 1860 3221 ὲκ

1944 1977 2084 2032 heus
2120 1987 2199 2040 tu,
2255 1975 2342 2028 sui
2379 1973 2554 2044 ipsius
2587 1970 2813 2042 quidem
2879 1964 3089 2035 aliquid
3129 1977 3253 2018 esse
3297 1973 3520 2015 causam

1946 2076 2110 2138 atque
2148 2066 2293 2121 idem
2341 2064 2409 2119 ad
2463 2045 2610 2118 idem
2665 2073 2886 2115 causam
2943 2064 3000 2111 et
3055 2062 3343 2110 causatum
3403 2065 3546 2105 esse.

1947 2173 2176 2230 prorsus
2201 2167 2286 2211 est
2320 2152 2687 2224 impossibile,
2730 2151 2967 2206 aliorum
2995 2162 3129 2203 vero
3157 2141 3552 2217 quorumdam.

1948 2265 2070 2306 esse
2097 2263 2316 2304 causam
2348 2243 2607 2315 possibile
2633 2251 2687 2296 ct
2707 2255 2900 2296 revera
2927 2239 3253 2308 contingens
3279 2244 3385 2296 cst,
3410 2233 3528 2286 sive

1949 2359 2140 2399 eorum
2207 2355 2328 2411 qua:
2364 2339 2599 2394 univoce
2664 2337 2782 2391 sive
2837 2349 3028 2390 eorum
3075 2327 3549 2402 quaemquivoceo

1953 2435 2266 2507 producunt
2305 2433 2378 2488 sit
2429 2429 2768 2501 producens.
2805 2426 2962 2482 Unde
2996 2424 3162 2495 igitur
3210 2437 3278 2476 ex
3303 2417 3533 2472 omnino

1955 2524 2279 2596 impossibili
2310 2523 2362 2578 id
2399 2521 2546 2593 quod
2573 2535 2742 2591 quam
2792 2517 3032 2572 maxime
3059 2512 3320 2584 possibile
3348 2518 3454 2574 est,
3495 2522 3530 2563 θ

1955 2615 2138 2672 medio
2171 2615 2354 2679 tollis,
2385 2622 2550 2684 atque
2599 2626 2668 2668 ex
2721 2625 2789 2666 eo
2828 2606 2976 2679 quod
3026 2617 3298 2674 nusquam
3345 2611 3430 2657 est
3471 2599 3525 2654 id

1956 2703 2105 2775 quod
2133 2711 2220 2759 est
2245 2711 2304 2758 et
2328 2701 2444 2757 fere
2482 2701 2734 2773 quotidie
2762 2697 2982 2755 evenit?
3019 2694 3126 2752 Sed
3157 2693 3275 2748 hac
3304 2691 3530 2748 omnino

1957 2803 2212 2848 naturam
2248 2807 2437 2849 rerum
2470 2792 2844 2863 ignorantium
2895 2802 3018 2844 esse
3065 2785 3347 2842 videntur.
3398 2779 3536 2835 Nam

1961 2886 2136 2942 Filius
2171 2893 2227 2942 et
2260 2885 2501 2941 Verbum
2545 2884 2640 2938 Dei
2686 2882 2754 2937 ad
2804 2881 2892 2937 sui
2941 2879 3116 2949 ipsius
3158 2874 3546 2931 exsistentiam

1963 2979 2100 3035 nihil
2131 2977 2396 3041 conferet,
2430 2977 2559 3047 quia
2591 2975 2675 3030 sui
2711 2975 2887 3044 ipsius
2929 2986 3054 3026 esse
3097 2983 3262 3024 causa
3318 2964 3552 3034 nequit,

1966 3072 2034 3128 ad
2063 3072 2442 3128 exsistentiam
2473 3077 2658 3124 autem
2689 3067 2932 3136 Spiritus
2954 3063 3128 3119 sancti
3160 3060 3246 3115 vel
3271 3057 3544 3122 maxime;

1965 3182 2076 3223 non
2144 3165 2275 3236 quia
2343 3160 2664 3232 imperfecta
2728 3159 2968 3229 Spiritus
3027 3154 3204 3211 sancti
3257 3167 3325 3207 ex
3386 3151 3547 3204 Patre

275 3265 501 3336 [ἰατρὸς
530 3265 560 3316 6
592 3263 718 3328 rte;
750 3239 1046 3333 yswvdcﬁat
1080 3239 1354 3317 πάντα-τὰ
1389 3262 1592 3332 φυσικὰ
1623 3259 1717 3314 τοῦ
1742 3239 1858 3312 Πα-

1968 3259 2186 3315 emissio
2224 3266 2388 3325 atque
2419 3262 2709 3323 propterea
2760 3250 2925 3305 etiam
2964 3247 3268 3302 emissione
3300 3260 3365 3298 ex
3394 3239 3539 3294 Filio

275 3357 414 3428 τρδς
441 3354 625 3410 λαϐὼν
657 3356 841 3424 ἀγαθὰ
868 3357 962 3408 καὶ
992 3353 1152 3408 τοῦτο
1186 3353 1325 3423 μετὰ
1357 3353 1576 3406 πάντων
1603 3350 1727 3421 ἔσχε
1755 3351 1864 3403 τῶν

278 3452 486 3514 ἄλλων,
515 3450 578 3503 τὸ
607 3451 702 3505 καὶ
730 3448 789 3515 ἐξ
817 3447 982 3502 αὐτοῦ
1014 3449 1047 3518 ἢ
1077 3449 1144 3501 δι’
1165 3447 1330 3501 αὐτοῦ
1360 3448 1422 3499 ἐκ
1453 3445 1672 3515 [ἰατρὸς
1701 3444 1867 3495 hmo-

278 3543 550 3614 ρεύεσθαι
579 3544 639 3596 τὸ
668 3541 894 3613 Πνεῦμα
919 3541 980 3594 τὸ
1009 3542 1165 3609 ἅγιον
1191 3556 1207 3574 ο
1239 3541 1376 3610 ὅπερ
1405 3537 1562 3609 ἔσχεν
1587 3537 1653 3590 ἂν
1682 3536 1779 3588 καὶ
1807 3533 1870 3586 τὸ

281 3636 551 3706 Πνεῦμα,
595 3635 644 3689 ει
692 3634 769 3706 μὴ
814 3634 892 3705 τῷ
935 3631 1130 3688 ἑαυτοῦ
1173 3632 1319 3702 λόγῳ
1360 3630 1736 3700 ἀντικείμενον
1778 3623 1866 3698 ἦν.

284 3727 594 3799 Προϐἀλλει
633 3727 692 3781 δὲ
733 3728 792 3780 ού
841 3726 1106 3798 πρότερον
1149 3727 1177 3778 6
1223 3724 1434 3794 Πατὴρ,
1477 3717 1596 3775 εἶτα
1647 3722 1676 3774 6
1718 3719 1870 3785 Υἱὸς,

280 3820 403 3874 οὐδ’
427 3819 566 3890 ἄλλῃ
601 3819 696 3872 καὶ
725 3817 858 3889 ἄλλῃ
898 3817 1160 3888 προϐολῇ,
1191 3816 1297 3868 οὐδ’
1321 3815 1451 3869 ἄλλο
1483 3813 1560 3882 (3)
1593 3812 1686 3866 καὶ
1721 3809 1873 3873 ἄλλο,

1971 3351 2155 3420 indiga
2201 3349 2394 3418 (apage
2445 3361 2570 3400 cum
2625 3340 3011 3414 corporalibus
3071 3347 3128 3391 et
3175 3332 3544 3391 crassioribus

1971 3443 2123 3497 hisce
2155 3438 2632 3510 cogitationibus),
2671 3436 2766 3491 sed
2806 3433 2934 3504 quia
2965 3430 3136 3485 Filius
3187 3428 3318 3481 dum
3352 3439 3421 3477 cx
3454 3423 3552 3475 Pa‘

1972 3543 2057 3590 tre
2092 3541 2413 3603 generatur,
2440 3529 2625 3586 omnia
2656 3524 2930 3582 naturalia
2945 3520 3122 3577 Patris
3152 3517 3296 3572 bona
3333 3523 3548 3576 nactus,

1972 3602 2141 3679 etiam
2201 3623 2308 3678 hoc
2358 3637 2484 3677 cum
2542 3619 2756 3675 caeteris
2820 3613 3079 3670 omnibus
3131 3607 3349 3670 habuit,
3405 3602 3572 3674 quod-

1975 3715 2142 3770 etiam
2168 3730 2238 3770 ex
2261 3714 2384 3784 ipso
2409 3712 2495 3768 vel
2526 3726 2625 3782 per
2651 3711 2830 3780 ipsum
2869 3722 2937 3762 ex
2964 3706 3125 3760 Patre
3156 3697 3406 3772 procedit
3435 3695 3558 3764 Spi-

1975 3812 2116 3863 ritus
2146 3816 2408 3871 sanctus;
2441 3804 2587 3873 quod
2630 3801 2918 3856 habuisset
2961 3797 3129 3852 etiam
3163 3792 3424 3864 Spiritus,
3449 3786 3556 3841 nisi

281 3911 405 3965 οὐδ’
425 3886 606 3974 ἄλλως
637 3909 714 3979 (ό)
746 3886 1069 3974 καινᾰλλως,
1100 3886 1215 3963 ἁλλ’
1239 3908 1357 3979 ἃμα
1389 3908 1485 3961 καὶ
1513 3908 1581 3976 τῇ
1615 3905 1749 3972 αὐτῇ
1782 3901 1865 3956 sui

1982 3899 2185 3955 rationi
2218 3899 2395 3969 ipsius
2440 3903 2592 3952 esset
2643 3891 2986 3963 Oppositum.
3040 3886 3253 3941 Emittit
3284 3897 3414 3937 vero
3449 3895 3559 3934 non

281 4005 353 4056 τὺ
390 4003 526 4056 αὐτὸ
562 3973 655 4055 διαί
691 3973 952 4064 ὡσαύτως
979 4017 993 4030 ο
1038 3973 1118 4053 διὸ
1150 4000 1242 4052 καὶ
1279 3973 1379 4069 μία
1412 3998 1506 4050 καὶ
1608 3993 1747 4064 αὐτὴ
1782 3991 1865 4046 xui

1982 3993 2142 4063 prius
2165 3992 2349 4055 Pater,
2386 3987 2584 4045 deinde
2616 3985 2813 4045 Filius,
2835 3995 3016 4050 neque
3043 3978 3149 4033 alia
3177 3985 3233 4031 et
3261 3975 3366 4029 alia
3394 3973 3564 4027 emis-

285 4097 513 4166 πλήρης
540 4095 574 4164 ἡ
610 4094 739 4166 παρ’
765 4094 1032 4162 ἑκατέρου
1066 4063 1410 4163 προϐλητικὴ
1443 4063 1696 4159 ἐνέργεια
1727 4063 1865 4138 esset

1981 4085 2163 4150 sione,
2201 4097 2383 4152 neque
2416 4078 2568 4135 aliud
2622 4087 2678 4133 et
2732 4074 2908 4137 aliud,
2954 4085 3136 4140 neque
3187 4069 3294 4122 alio
3343 4074 3398 4121 et
3454 4063 3564 4117 alio

285 4187 464 4262 ἦττον
493 4189 526 4260 ἢ
557 4190 592 4259 ἡ
624 4189 775 4257 παρὰ
806 4187 1022 4257 Πατρδς
1058 4185 1243 4255 μόνου.

1987 4177 2171 4241 modo,
2215 4177 2312 4231 sed
2360 4173 2613 4230 simulet
2663 4167 2854 4224 eadem
2904 4163 3208 4221 emissione
3249 4169 3304 4215 et
3334 4160 3474 4213 idem
3509 4166 3566 4209 ct

287 4283 500 4337 eodem
553 4279 736 4335 modo.
789 4280 1004 4334 Idcirco
1057 4285 1112 4332 et
1164 4292 1272 4332 una
1341 4275 1650 4343 eademque
1708 4277 1870 4340 atque
1913 4269 2188 4340 completa
2256 4278 2342 4324 est
2409 4262 2736 4338 productiva
2779 4258 3024 4330 operatio
3053 4257 3120 4311 ab
3149 4263 3383 4322 utroque
3415 4248 3558 4304 nihil

292 4382 510 4443 minus,
542 4391 705 4448 quam
739 4391 825 4442 ea,
855 4391 976 4446 qua:
1001 4375 1145 4431 foret
1174 4389 1203 4428 a
1235 4375 1398 4429 Patre
1424 4371 1566 4427 solo.

638 4487 903 4542 sessor
941 4485 1098 4540 ΚΕΦ.
1139 4485 1196 4539 θ’
1237 4483 1408 4556 (Kq')
1456 4485 1554 4555 (5).

2356 4461 2598 4520 EPllES.
2641 4459 2792 4516 CAP.
2821 4455 2894 4511 IX
2921 4455 3156 4527 (xxvn.

383 4611 596 4676 Ὠσπερ
621 4606 681 4659 τὸ
705 4602 961 4676 ἐνεργοῦν
987 4603 1308 4674 ὡρισμένως
1334 4600 1650 4672 ὡρισμένην
1677 4597 1862 4665 εῐσὰγε

1971 4610 1976 4614 ι
2063 4583 2220 4639 Sicut
2248 4577 2302 4632 id
2331 4575 2478 4646 quod
2503 4579 2764 4642 operatur
2803 4565 3034 4622 deﬁnito
3063 4562 3234 4617 modo
3284 4561 3568 4616 deﬁnitam

301 4705 407 4759 καὶ
446 4702 546 4771 τὴν
587 4699 890 4768 ἐνέργειαν,
932 4694 1076 4748 οὓτω
1114 4695 1208 4748 καὶ
1249 4696 1283 4763 ἡ
1321 4692 1601 4764 ὡρισμένη
1645 4691 1894 4761 ἐνέργεια

303 4797 451 4867 πρός
481 4792 786 4865 ὡρισμένον
815 4789 892 4863 (6)
920 4789 980 4842 τὸ
1010 4784 1272 4858 ἐνεργοῦν
1301 4785 1658 4856 ἀναφέρεται.
1690 4785 1748 4836 Εἰ
1780 4782 1895 4835 τοι·

307 4906 406 4943 νυν
429 4888 494 4940 τὸ
519 4885 714 4954 γεννᾷν
737 4882 874 4953 όμοῦ
901 4883 996 4936 καὶ
1022 4877 1346 4949 προϐάλλειν
1372 4876 1490 4939 ἑνός
1517 4877 1632 4929 ἐστι
1658 4874 1751 4928 τοῦ
1784 4875 1897 4927 Πα·

307 4983 443 5052 τρδς
471 4966 754 5051 ὡρισμένη
783 4973 1056 5043 ἐνέργεια,
1083 4973 1146 5024 τὸ
1171 4969 1228 5023 δὲ
1259 4967 1584 5036 προϐάλλειν
1620 4967 1802 5036 μόνον,
1831 4964 1893 5016 οὐ

317 5075 431 5144 μὴν
453 5072 551 5124 καὶ
575 5068 792 5138 γεννᾷν,
819 5066 935 5127 ἑνός
960 5067 1075 5117 ἐστι
1101 5060 1414 5133 προσολέως
1437 5059 1720 5129 ὡρισμένη
1747 5057 1896 5126 ὲνέρ-

314 5179 446 5231 γεια
469 5158 564 5212 τοῦ
589 5157 804 5227 Πατρός
830 5155 926 5208 καὶ
953 5152 1083 5206 Υἱοῦ
1111 5153 1254 5205 κατὰ
1279 5150 1404 5212 τοὺς
1432 5149 1695 5209 Λατίνους
1712 5187 1730 5212 ,
1754 5149 1814 5198 τὸ
1840 5146 1896 5198 δὲ

316 5249 619 5323 γεννᾶσθαι
644 5245 737 5300 τοῦ
769 5244 900 5299 Υῐοῦ
928 5238 1082 5304 αὖθις
1110 5240 1392 5310 ὡρισμένη
1420 5239 1692 5306 ἐνέργεια,
1720 5237 1813 5288 καὶ
1839 5235 1899 5287 τὸ

319 5341 724 5414 ἐκπορεύεσθαι
756 5337 852 5391 τοῦ
889 5336 1050 5404 ἁγίου
1090 5332 1437 5402 [Ινεύματος.
1471 5329 1712 5398 τέσσαρα
1746 5327 1899 5379 ἔσται

320 5440 395 5491 τὸ.
421 5435 742 5507 ὡρισμένως
772 5427 1098 5500 ὶνεργοῦντα
1125 5429 1183 5480 ὲν
1210 5427 1318 5488 τοῖς
1349 5423 1517 5494 θείοις
1549 5420 1860 5492 προσώποις
1883 5431 1900 5448 ο

399 5595 481 5663 (Ι)
511 5591 602 5662 Τῷ
632 5589 811 5658 “arpi.
851 5585 1036 5663 omitt.
1065 5582 1214 5638 Mon.
1349 5580 1388 5635 ι’.
1414 5577 1523 5634 2M
1553 5592 1582 5630 a
1629 5574 1896 5663 eitg’helarc:

325 5667 374 5722 ῐ.
401 5645 490 5726 ἱδὶί,
521 5645 658 5729 Βίίη
691 5645 986 5729 posteriori
1020 5666 1201 5709 tamen
1228 5654 1332 5708 alia
1377 5663 1574 5704 manus
1600 5645 1824 5729 adjecit,
1845 5653 1902 5698 et

329 5720 652 5791 ἑωυέιέτεί
691 5720 868 5784 ’νεὼε
907 5727 997 5780 hic
1035 5734 1380 5794 repetantur,
1420 5720 1730 5789 ponendum
1770 5727 1903 5769 sane

328 5816 482 5945 cat(‘2)
521 5873 688 5930 .‘larc.
720 5868 1030 5940 συμϐαίνει.

1997 4678 2162 4732 etiam
2213 4668 2426 4726 inducit
2479 4664 2885 4735 operationem,
2948 4659 3019 4712 ita
3074 4671 3294 4726 quoque
3347 4654 3590 4710 deﬁnita.

1998 4767 2243 4839 operatio
2275 4764 2342 4819 ad
2374 4760 2664 4818 deﬁnitum
2695 4753 2917 4826 aliquod
2947 4765 3184 4822 operans
3212 4749 3476 4803 refertur.
3519 4746 3575 4799 Si

1998 4837 2166 4932 igitur
2191 4870 2454 4928 generare
2502 4851 2665 4907 simul
2716 4856 2773 4902 et
2818 4843 3129 4917 producere
3175 4842 3341 4898 unius
3398 4837 3578 4892 Patris

1998 4962 2082 5009 est
2109 4950 2333 5006 deﬁnita
2382 4943 2660 5016 operatio,
2707 4939 3022 5011 producere
3055 4949 3187 4989 vero
3231 4933 3434 4994 solum,
3468 4944 3577 4982 non

1999 5047 2163 5101 etiam
2226 5053 2526 5113 generare,
2575 5034 2744 5090 unius
2803 5027 3165 5105 productoris
3217 5033 3302 5079 est
3351 5022 3595 5078 deﬁnita.

2001 5133 2250 5206 Operatio
2281 5129 2460 5185 Patris
2501 5135 2556 5182 et
2608 5122 2738 5179 Filii
2772 5119 3081 5177 secundum
3128 5115 3375 5177 Latinus,
3408 5127 3578 5180 gene-

2006 5200 2146 5282 ratio
2182 5231 2366 5278 autem
2389 5218 2513 5274 Filii
2539 5215 2804 5290 (passiva)
2831 5225 3025 5268 rursus
3055 5207 3279 5263 deﬁnita
3307 5200 3582 5273 Operatio,

2007 5321 2135 5375 item
2165 5313 2411 5385 Spiritus
2452 5309 2630 5366 sancti
2659 5305 2943 5378 processio
2975 5318 2990 5356 :
3023 5309 3264 5372 quatuor
3299 5300 3464 5350 erunt
3488 5291 3596 5347 de-.

2009 5411 2160 5466 ﬁnite
2186 5405 2471 5478 operantia
2503 5403 2558 5457 in
2597 5400 2802 5456 divinis
2850 5395 3107 5469 personis
3145 5410 3157 5446 :
3208 5403 3354 5444 unus
3400 5385 3598 5450 Pater,

2079 5565 2153 5635 (3)
2196 5563 2344 5619 Mon.
2376 5562 2468 5635 27,
2499 5561 2540 5615 f.
2724 5572 2778 5619 a,
2815 5554 2978 5623 ἄλλη.

2081 5629 2158 5705 (ιι)
2201 5635 2346 5705 Μοιι.
2380 5629 2766 5705 idett't,_c_i_).)to;:

2081 5689 2157 5773 is;
2200 5706 2253 5757 In
2293 5689 2662 5773 Mommeso,
2689 5698 2725 5773 r_.
2753 5696 2849 5773 soi
2889 5712 2940 5758 a,
2966 5701 3052 5773 est
3081 5707 3202 5761 cap.
3238 5689 3332 5743 27.-

2083 5765 2155 5849 (ο)
2200 5775 2344 5830 non.
2381 5773 2471 5839 εγ,
2502 5772 2539 5827 r.
2565 5770 2671 5825 ait
2703 5769 2756 5835 δ,
2783 5765 3126 5836 ὡρισμένην.
