3966 6218
343 402 450 464 207

1708 423 2212 490 BESSARIONIS

3480 437 3591 500 208

348 528 492 567 unus
524 513 846 583 productor,
878 519 972 588 qui
1025 519 1227 577 diversi
1260 524 1328 578 ab
1361 525 1592 584 invicem
1629 543 1757 588 sunt
1804 551 1905 588 nu-

2016 537 2093 605 εἷς
2119 544 2329 616 Πατὴρ,
2355 541 2435 608 εἷς
2464 545 2783 617 πρσόολεὺς,
2806 546 2985 616 ἕτεροι
3007 545 3252 618 ἀλλήλων
3274 547 3351 616 τῷ
3371 550 3588 619 ἀριθμῷ

344 594 523 669 mero,
574 619 714 661 unus
739 607 910 667 Filius
941 618 994 665 et
1041 628 1183 668 unus
1216 613 1451 685 Spiritus
1486 633 1729 678 sanctus.
1763 623 1905 691 Qua-

348 705 475 750 tuor
532 706 714 753 autem
778 700 1003 761 deﬁnite
1057 715 1416 780 separateque
1468 721 1633 782 atque
1686 715 1903 773 diverso

348 788 511 842 modo
542 791 828 859 operantia
856 794 986 865 quid
1019 797 1168 852 aliud
1190 799 1296 854 nisi
1328 805 1750 870 quaternitatem
1785 825 1907 879 per-

343 894 601 933 sonarum
650 882 772 937 loco
832 884 1122 944 Trinitatis
1157 889 1465 948 inducunt?
1505 894 1729 954 Frustra
1777 916 1907 972 ergo

339 968 520 1025 Latini
552 975 763 1043 jactant
793 976 956 1032 ﬁdem
996 980 1047 1033 in
1095 992 1338 1053 sanctam
1381 985 1729 1059 Trinitatem,
1781 968 1905 1048 eum

342 1060 415 1113 ita
446 1078 564 1116 eam
601 1064 842 1134 propriis
881 1068 1099 1137 placitis
1128 1071 1330 1140 injuria
1362 1075 1620 1135 alliciant.

787 1179 1147 1239 SAPIENTIS
1180 1184 1455 1245 NICENI'.

410 1290 682 1356 Quantum
719 1301 904 1376 temet,
942 1313 975 1351 ο
1024 1298 1211 1361 homo.
1257 1299 1487 1358 fallaciis
1518 1304 1691 1359 fallis!
1725 1307 1907 1363 Primo

342 1382 565 1449 quidem
618 1384 705 1439 bis
758 1385 953 1441 Filium
1004 1391 1309 1461 accipiens,
1366 1402 1478 1449 tum
1513 1397 1904 1465 productorem

341 1483 456 1525 tum
487 1474 685 1529 Filium
714 1491 840 1531 eum
885 1480 1204 1550 appellans,
1255 1483 1341 1537 bis
1388 1500 1519 1543 vero
1560 1488 1724 1544 etiam
1776 1508 1905 1560 pro-

237 1615 242 1619 .
338 1564 567 1630 ducere,
593 1578 758 1637 atque
805 1580 1122 1640 separatum
1169 1589 1199 1627 a
1252 1572 1412 1630 Patre
1464 1576 1665 1634 Filium
1713 1583 1906 1638 existi-

341 1667 517 1714 mans,
560 1655 871 1726 exindeque
919 1661 1257 1716 concludens
1309 1668 1737 1734 quaternitatem
1784 1673 1908 1730 loco

338 1744 623 1803 Trinitatis
658 1748 713 1801 in
743 1748 969 1814 deitate,
1012 1767 1136 1806 cum
1171 1758 1474 1813 secundum
1508 1770 1655 1815 tuam
1690 1766 1905 1839 sapien-

2007 641 2192 707 ὅντες,
2230 639 2313 709 εἷς
2352 644 2475 708 Υίὸς
2515 647 2610 699 καὶ
2642 645 2703 698 ἓν
2740 645 2969 715 Πνεῦμα
3009 645 3169 714 ἅγιον
3192 661 3212 681 ⁸
3250 646 3493 717 τιτταρα
3530 647 3588 701 δὶ

2009 734 2330 805 ὡρισμένως
2368 739 2461 799 καὶ
2500 737 2773 811 διαφόρως
2806 737 3141 809 ἐνεργοῦντα
3171 738 3225 793 τί
3261 738 3391 793 ἄλλο
3429 740 3464 807 ἢ
3492 755 3586 791 τε-

2008 827 2179 895 τράδα
2212 828 2519 897 προσώπων
2552 831 2674 884 ἀντὶ
2705 831 2936 901 Τριάδος
2969 832 3221 900 εἰσάγεις
3254 832 3450 901 Μάτην
3475 831 3588 898 ἄρα

2009 918 2229 973 Λατῖνοι
2261 920 2358 990 τὴν
2389 923 2469 983 εἰς
2503 921 2710 992 Τριάδα
2745 921 2929 976 πίστιν
2962 921 3251 992 αὐχοῦσιν,
3278 919 3454 986 οὕτως
3484 920 3587 977 αὐ-

2009 1006 2107 1078 τὴν
2133 1011 2245 1073 τοῖς
2275 1009 2496 1073 οἰκείοις
2522 1010 2756 1080 δόγμασι
2785 1010 3234 1083 καθυϐρίζοντας.

2425 1204 2564 1257 ΤΟΥ
2604 1206 2826 1260 ΣΟΦΟΥ
2864 1208 3171 1262 ΝΙΚΑΙΔΣ.

2084 1309 2188 1367 Οἷα
2226 1314 2458 1382 σαυτὸν,
2493 1316 2747 1385 ἄνθρωπε
2771 1359 2785 1383 ,
2824 1320 3201 1393 κατασοφίζῃι
3244 1323 3442 1394 Πρῶτα
3482 1326 3585 1394 μὲν

2009 1403 2089 1465 δὶς
2119 1404 2210 1457 τὸν
2241 1403 2370 1458 Υίδν
2399 1405 2718 1474 λαμϐάνων,
2750 1408 3025 1477 προϐολέα
3052 1427 3111 1463 τε
3141 1411 3305 1466 αὑτὸν
3333 1414 3426 1466 καὶ
3458 1414 3586 1468 Υίδν

2010 1495 2291 1564 ὀνομάζων
2312 1539 2327 1563 ,
2367 1497 2449 1562 δὶς
2480 1498 2535 1551 δὲ
2568 1499 2662 1553 καὶ
2695 1499 2758 1552 τὸ
2791 1500 3111 1569 προϐάλλειν
3145 1502 3237 1555 καὶ
3269 1494 3584 1574 άπεσχόινι-

2014 1586 2209 1660 σμένον
2254 1588 2348 1641 τοῦ
2399 1589 2611 1659 Πατρὸς
2653 1590 2901 1660 οίόμενος
2950 1593 3041 1645 τδν
3089 1593 3244 1659 Υίὸν,
3288 1593 3585 1647 κάντεῦθεν

2013 1678 2398 1749 συμπεραίνων
2433 1681 2665 1751 τετράδα
2702 1682 2824 1753 άντὶ
2858 1682 3094 1752 Τριάδος
3134 1686 3193 1736 ἐν
3227 1687 3292 1758 τῇ
3339 1683 3581 1753 θεότητι.

2011 1769 2130 1825 δέον
2157 1771 2392 1826 πεντάδα
2421 1774 2563 1825 κατὰ
2582 1773 2681 1844 τὴν
2707 1775 2804 1845 σὴν
2835 1775 3028 1843 σοφίαν
3053 1776 3320 1844 εἰσάγειν.
3345 1778 3585 1831 Ἔπειτα

338 1836 469 1889 tiam
511 1838 829 1906 quinarinm
863 1841 1128 1897 inducere
1161 1856 1433 1914 oporteat.
1466 1849 1671 1906 Deinde
1817 1871 1905 1926 ge-

2012 1861 2072 1913 τδ
2096 1862 2383 1929 γεννᾶσθαι
2416 1864 2512 1915 καὶ
2539 1836 2940 1935 προϐάλλεσθαι
2964 1836 3248 1935 ἐνέργειαν
3271 1865 3582 1938 ὀνομάζων,

341 1931 518 1980 ncrari
546 1924 602 1981 et
627 1929 855 2001 produci
896 1935 1272 2001 operationem
1304 1940 1619 2005 nominans,
1657 1924 1909 2012 quamvis

338 2019 693 2083 grammatica
732 2019 1046 2091 disciplina,
1094 2024 1147 2079 in
1202 2043 1308 2096 qua
1360 2029 1585 2096 frustra,
1636 2042 1697 2086 ut
1723 2034 1907 2100 video,

341 2108 458 2177 ipse
487 2103 746 2165 versatus
765 2127 846 2178 es,
882 2116 1119 2188 sanciat,
1165 2132 1357 2177 eorum
1403 2138 1526 2192 quae
1557 2126 1771 2194 passiva
1799 2127 1912 2181 for-

341 2212 427 2251 ma
465 2198 771 2256 efferuntur
799 2204 957 2272 plura
1006 2209 1317 2275 passionem
1347 2212 1686 2283 signiﬁcare,
1724 2216 1909 2287 qualia

339 2302 557 2357 quoque
603 2304 725 2345 esse
768 2296 1016 2362 generari
1056 2306 1110 2351 et
1161 2288 1396 2366 produci
1444 2318 1606 2358 nemo
1658 2307 1907 2376 negabit.

339 2376 541 2445 Verum
585 2382 725 2438 scito
774 2394 831 2439 et
883 2395 946 2440 tu
981 2396 1034 2441 et
1078 2390 1173 2458 qni
1220 2390 1372 2447 hisce
1438 2396 1545 2450 tuis
1597 2396 1917 2454 rationibus.

341 2472 581 2528 animum
616 2476 929 2541 intendunt,
956 2480 1104 2548 quod
1140 2482 1300 2538 Pater
1336 2499 1467 2540 cum
1512 2489 1583 2542 sit
1629 2489 1909 2561 ingenitus

339 2576 396 2621 ct
426 2584 462 2623 a-
485 2571 636 2625 nullo
672 2572 873 2627 habeat
900 2589 1043 2638 esse,
1068 2590 1304 2644 persona
1337 2577 1524 2634 divina
1553 2580 1607 2634 in
1633 2580 1905 2637 Trinitate

336 2669 394 2715 et
432 2661 701 2716 exsistens
748 2672 805 2717 et
865 2665 1173 2731 subsistens
1221 2669 1524 2738 generandi
1580 2673 1904 2741 Ope'ratione

296 2784 297 2787 η
338 2746 570 2803 deﬁnita
607 2759 662 2805 et
695 2761 947 2821 separata
978 2753 1400 2812 subsistentiam
1435 2758 1528 2815 dat
1562 2760 1726 2829 Filio,
1777 2780 1901 2823 cum

338 2842 466 2908 ipso
483 2856 610 2894 vero
638 2840 721 2896 vel
747 2858 845 2911 per
867 2845 1046 2913 ipsum
1068 2847 1324 2916 producit
1346 2848 1615 2919 Spiritum
1651 2854 1900 2923 spirandi

337 2932 660 2999 operatione
703 2933 953 3000 deﬁnita,
989 2946 1156 3006 atque
1207 2955 1314 2994 una
1363 2928 1689 3013 eademque.
1722 2945 1904 3017 Atque

337 3023 418 3078 sic
443 3023 602 3079 nobis
626 3024 869 3082 Trinitas
889 3037 1144 3083 servatur
1166 3031 1389 3098 adorata
1413 3042 1469 3087 et
1490 3046 1654 3104 prout
1672 3037 1905 3106 dignum

335 3125 421 3169 est
450 3131 478 3169 a
513 3115 673 3171 nobis
703 3116 972 3183 honorata
993 3159 1007 3183 ,
1046 3136 1074 3173 a
1110 3129 1160 3175 te
1195 3108 1378 3178 autem
1410 3125 1480 3179 ob
1511 3127 1899 3196 ignorantiam,

335 3222 447 3263 non
480 3210 630 3277 enim
667 3210 901 3267 dixerim
939 3213 1235 3283 malitiam,
1260 3217 1368 3294 vel.
1393 3221 1628 3277 maxime
1679 3222 1900 3294 injuriis
1925 3192 1977 3254 (ἶ

335 3298 557 3353 αίΐεειο.

709 3419 951 3478 senss.
994 3422 1146 3495 CAP.
1187 3423 1236 3480 x
1271 3424 1529 3496 (xxvu).

410 3534 649 3593 Deitatis.
698 3538 1032 3609 principium
1084 3541 1176 3598 vel
1233 3542 1600 3615 bypostaseon
1656 3558 1739 3606 est
1779 3566 1906 3621 pro-

337 3629 517 3697 prium
550 3630 726 3685 Patris
750 3642 803 3686 et
836 3632 957 3687 Filii
988 3635 1288 3690 secundum
1319 3637 1549 3696 Latinos
1582 3644 1669 3699 vel
1712 3661 1902 3702 eorum

336 3736 545 3780 natura:
578 3727 660 3780 vel
698 3729 1057 3796 operati0nis.
1095 3729 1154 3784 Si
1204 3730 1371 3798 igitur
1418 3733 1787 3805 hypostaseon
1820 3751 1905 3796 est

338 3820 646 3889 proprium,
675 3822 952 3891 quomodo
984 3837 1094 3876 non
1127 3823 1239 3878 duo
1264 3837 1429 3881 erunt
1452 3829 1747 3901 principia,
1777 3848 1900 3887 cum

337 3913 461 3967 duas
510 3922 733 3983 quoque
778 3913 889 3968 sint
935 3914 1299 3985 hypostases,
1340 3921 1804 3988 quemadmodum
1849 3933 1905 3979 et

341 4003 761 4074 principiatum,
793 4009 940 4074 quod
968 4007 1187 4063 duabus
1227 4009 1614 4081 Itypostasibus
1640 4018 1903 4072 convenit

339 4095 451 4150 duo
489 4096 656 4151 etiam
707 4097 1035 4167 principiata
1082 4100 1310 4155 omnino
1359 4101 1612 4157 inducit?
1652 4104 1710 4160 Si
1769 4121 1902 4162 vero

337 4190 625 4258 proprium
647 4199 733 4245 est
761 4199 973 4245 naturae
996 4205 1214 4253 eorum,
1242 4192 1452 4261 aequale
1494 4208 1722 4263 prorsus
1774 4213 1900 4253 cum

335 4296 398 4334 ea
433 4283 540 4334 erit
571 4288 626 4335 et
674 4296 785 4335 non
828 4282 972 4337 ultra
1020 4283 1424 4350 extendentur,
1480 4286 1718 4356 Spiritus
1750 4292 1899 4346 enim

336 4388 447 4425 non
493 4382 579 4427 est
611 4374 963 4443 principium.
999 4372 1055 4427 Si
1105 4376 1235 4444 quid
1268 4393 1399 4447 ergo
1452 4379 1631 4435 Patris
1675 4391 1729 4436 et
1778 4382 1899 4437 Filii

335 4475 556 4530 natura,
592 4464 699 4519 hoc
727 4466 836 4520 erit
883 4465 1105 4528 deitatjs
1154 4469 1523 4540 principium;
1574 4482 1631 4526 et
1677 4475 1721 4528 si
1768 4475 1899 4544 quid

2014 1952 2187 2017 καίτοι
2217 1954 2313 2025 τῆς
2342 1956 2400 2009 ὲν
2493 1956 2687 2009 σαυτὸν
2719 1956 2738 2027 (
2761 1955 2959 2028 μάτην,
2986 1959 3063 2023 ὡς
3087 1959 3236 2030 ὁρῶ)
3266 1961 3584 2028 κατατέτρι-

2017 2060 2122 2112 φας
2163 2046 2559 2116 γραμματικῆς
2591 2046 2700 2099 τῶν
2738 2047 3056 2117 παθητικῶς
3089 2051 3479 2121 ἐκφερομένων
3509 2053 3581 2104 τά

2010 2134 2181 2189 πλείω
2217 2137 2387 2200 πάθος
2421 2137 2707 2207 σημαίνειν
2741 2139 3155 2212 κανονιζούσης,
3190 2137 3281 2196 οἷα
3311 2140 3449 2198 εἶναι
3487 2147 3584 2200 καὶ

2009 2227 2070 2279 τὸ
2110 2229 2400 2295 γεννᾶσθαι
2439 2231 2535 2283 καὶ
2578 2229 2638 2282 τὸ
2680 2230 3080 2301 ἐκπορεύεσθαι
3120 2233 3296 2298 οὐδεὶς
3335 2237 3577 2307 ἀντερεῖ.

2023 2318 2160 2372 Ἀλλ’
2187 2318 2295 2375 ίσθι
2318 2308 2384 2374 σύ
2407 2338 2467 2374 τε
2495 2321 2591 2375 καὶ
2611 2322 2665 2376 οἱ
2682 2324 2795 2387 τοῖς
2821 2324 2935 2389 σοῖς
2957 2322 3169 2389 τούτοις
3193 2325 3259 2396 δὴ
3285 2327 3583 2398 προοικον-

2008 2426 2097 2472 τες
2125 2410 2330 2479 λόγοις,
2356 2412 2431 2475 ὡς
2459 2413 2488 2465 ὁ
2516 2413 2704 2486 Πατὴρ
2732 2415 3026 2489 ἁγέννητος
3050 2415 3126 2471 ὢν
3154 2417 3250 2472 καὶ
3277 2420 3408 2488 παρ’
3428 2421 3583 2475 οὐδε-

2008 2499 2097 2563 νὸς
2127 2499 2267 2570 ἔχων
2297 2501 2359 2556 τὸ
2391 2498 2564 2567 εἶναι,
2599 2503 2890 2577 πρόσωπόν
2920 2522 2985 2561 τε
3019 2506 3174 2562 θεῖον·
3194 2509 3252 2561 ὲν
3281 2511 3348 2580 τῇ
3385 2510 3582 2580 τριάδι

2009 2596 2101 2648 καὶ
2138 2592 2214 2648 ὢν
2247 2596 2340 2648 καὶ
2380 2594 2651 2665 ὑφεστὼς,
2691 2600 2757 2669 τῇ
2802 2597 2900 2668 μὲν
2933 2597 3039 2665 τοῦ.
3068 2601 3263 2669 γεννᾷν
3297 2600 3585 2673 ὡρισμένῃ

2006 2686 2259 2759 ἐνεργείᾳ
2287 2686 2545 2758 ὑφίστησι
2570 2689 2661 2743 τὸν
2689 2687 2841 2757 Υίδν,
2869 2690 2966 2743 σὺν
2991 2691 3141 2761 αὐτῷ
3169 2692 3229 2745 δὲ
3257 2694 3291 2763 ἢ
3321 2692 3387 2745 δι’
3408 2693 3583 2748 αὐτοῦ

2006 2778 2236 2849 προάγει
2273 2779 2334 2833 τὸ
2374 2779 2596 2852 Πνεῦμα
2635 2782 2914 2854 ὡρισμένῃ
2961 2785 3061 2855 μιᾷ
3098 2801 3158 2837 τε
3201 2785 3293 2838 καὶ
3329 2788 3397 2856 τῇ
3435 2786 3583 2855 αὐτῇ

2003 2868 2099 2925 τοῦ
2141 2870 2467 2939 προϐάλλειν
2501 2873 2773 2945 ἐνεργείᾳ.
2807 2874 2917 2929 Καὶ
2955 2873 3130 2940 οὕτως
3172 2876 3304 2945 ἡμῖν
3336 2877 3371 2946 ἠ
3405 2877 3577 2947 me;

2006 2961 2367 3032 περισώζεται
2403 2964 2850 3037 προσκυνουμένη
2882 2982 2943 3020 τε
2977 2966 3072 3020 καὶ
3107 2966 3274 3032 ἀξίως
3306 2966 3398 3036 ὑφ’
3421 2966 3577 3037 ἡμῶν

2002 3054 2325 3127 τιμωμένη,
2364 3056 2469 3110 ὑπὸ
2515 3055 2609 3110 σοῦ
2650 3056 2709 3111 δὲ
2748 3057 2817 3111 δι’
2841 3057 3100 3125 ἄγνοιαν,
3138 3058 3202 3111 οὗ
3247 3059 3353 3130 γάρ
3396 3057 3463 3113 ἂν
3496 3057 3575 3110 ει-

2003 3162 2167 3220 ποιμι
2197 3149 2529 3222 μοχθηρίαν,
2562 3151 2656 3205 καὶ
2689 3150 2837 3222 μάλα
2866 3150 3227 3224 ὑϐριζομένη.

2358 3446 2621 3500 ΕΦΕΣΟΥ
2654 3445 2811 3501 ΚΕΦ.
2847 3448 2887 3501 ι’
2923 3446 3073 3515 (KZ’)

2078 3560 2152 3615 Τδ
2184 3561 2284 3632 τῆς
2323 3562 2575 3634 θεότητος
2617 3563 2793 3618 αἴτιον
2828 3562 2859 3634 ἢ
2894 3563 3005 3617 τῶν
3037 3564 3388 3618 ὑποστάσεὼν
3422 3566 3575 3621 ιστιν

2008 3651 2139 3724 ἴδιον
2167 3651 2261 3706 τοῦ
2280 3653 2504 3724 ,Πατρὸς
2534 3652 2628 3718 καὶ
2655 3653 2749 3706 τοῦ
2781 3651 2910 3706 Υίοῦ
2940 3654 3081 3707 κατὰ
3108 3655 3234 3714 τοὺς
3268 3654 3530 3718 Λατίνους
3551 3696 3571 3720 ,

2005 3742 2038 3811 ἢ
2074 3742 2175 3811 τῆς
2211 3742 2388 3796 αὐτῶν
2423 3742 2637 3812 φύσεως
2678 3743 2712 3812 ἢ
2750 3743 3050 3814 ἐνεργείας.
3089 3745 3149 3796 Ei
3194 3745 3293 3814 μὲν
3332 3743 3424 3798 οὖν
3460 3745 3572 3797 τῶν

2005 3833 2357 3888 ύποστάσεών
2391 3833 2539 3888 ἐστιν
2574 3833 2740 3897 ίδιον,
2775 3833 2893 3895 πῶς
2933 3835 2994 3886 οὐ
3039 3834 3133 3887 δύο
3163 3836 3231 3887 τὰ
3264 3835 3422 3889 αἴτια
3457 3835 3573 3903 (δύο
3668 3838 3674 3844 ”

2005 3926 2114 3996 γὰρ
2153 3927 2247 3979 καὶ
2272 3926 2328 3978 αἱ
2371 3926 2755 3993 ὑποστάσεις)⁰
2794 3925 3051 3996 καθάπερ
3092 3927 3187 3980 καὶ
3224 3928 3285 3979 τὸ
3322 3918 3572 3981 σίτιατὸν

2004 4017 2124 4070 δυσὶ
2159 4018 2360 4087 προσὸν
2389 4018 2721 4071 ὑποστάσεσι
2754 4016 2847 4071 δύο
2880 4018 2975 4071 καὶ
3003 4017 3070 4071 τὰ
3103 4018 3319 4072 αίτιατά
3353 4019 3573 4083 πάντως

2003 4110 2248 4178 εἰσάγεις
2283 4109 2344 4164 El
2371 4109 2429 4161 δὲ
2457 4108 2555 4178 τῆς
2585 4108 2765 4162 αὐτῶν
2796 4108 3013 4176 φύσεως
3032 4150 3046 4171 ,
3082 4108 3321 4173 ἑξισάσει
3350 4111 3571 4175 πάντως

2003 4201 2139 4271 αὐτῇ
2173 4201 2265 4253 καὶ
2296 4199 2398 4252 οὐκ
2430 4198 2521 4251 ἐπὶ
2555 4197 2715 4252 πλέον
2744 4197 2938 4251 ἔσται’
2971 4197 3035 4252 τὸ
3071 4202 3179 4269 γάρ
3211 4199 3437 4272 Πνεῦμα
3467 4203 3571 4256 οὐκ

2003 4291 2150 4345 ἐστιν
2173 4288 2363 4343 αἴτιον.
2394 4289 2458 4344 El
2475 4304 2528 4342 τι
2552 4289 2659 4358 ἄρα
2687 4288 2896 4359 Πατρδς
2922 4291 3013 4343 καὶ
3038 4290 3170 4344 Υίοῦ
3199 4290 3381 4360 φύσις,
3410 4295 3572 4347 τοῦτο

2004 4384 2254 4450 Θεότητος
2298 4382 2509 4433 αἴτιον⁶
2547 4381 2641 4434 καὶ
2686 4379 2743 4432 εἴ
2778 4399 2830 4434 τι
2876 4380 3132 4452 θεότητος
3171 4383 3367 4447 αίτιον,
3411 4384 3571 4438 τοῦτο

2003 4471 2213 4539 Πατρὸς
2253 4470 2347 4523 καὶ
2382 4468 2511 4522 Υίοῦ
2550 4468 2711 4537 φύσις
2733 4485 2747 4500 ο
2788 4470 3070 4542 ἀλλότριον
3102 4473 3213 4543 ἄρα
3245 4472 3309 4526 τὸ
3342 4474 3570 4545 Πνεῦμα

249 4544 260 4551 ’
336 4552 561 4607 dcitatis
613 4554 988 4625 principium,
1040 4556 1147 4612 hoc
1204 4559 1383 4617 Patris
1435 4572 1490 4616 et
1529 4560 1651 4617 Filii
1706 4571 1901 4619 natura

2012 4564 2067 4617 τὸ
2093 4565 2246 4632 ἅγιον
2270 4563 2344 4632 (2)
2370 4563 2465 4631 τῆς
2488 4560 2580 4616 τοῦ
2610 4562 2818 4633 Πατρὸς
2844 4565 2939 4617 καὶ
2964 4563 3093 4617 Υίοῦ
3122 4564 3356 4633 φύσεως,
3382 4544 3572 4638 ὥσπερ

336 4645 466 4699 erit.
514 4646 738 4703 Alienus
768 4663 897 4718 ergo
945 4657 1030 4704 est
1074 4649 1317 4720 Spiritus
1358 4663 1581 4708 sanctus
1627 4671 1656 4709 a
1706 4666 1901 4710 natura

335 4736 517 4794 Patris
548 4747 603 4792 et
659 4737 780 4793 Filii
808 4782 822 4805 ,
866 4741 1332 4811 quemadmodum
1367 4752 1421 4797 et
1446 4760 1481 4797 ea
1513 4745 1771 4815 principii
1807 4763 1895 4801 ra-

339 4828 487 4884 tione
530 4831 746 4887 alienus
788 4842 910 4897 est;
947 4842 1002 4886 et
1051 4833 1233 4888 adhuc
1293 4833 1474 4889 Latini
1521 4835 1901 4895 Macedoniam

335 4921 696 4991 vitupcrant?
727 4922 783 4978 Si
812 4939 943 4980 vero
969 4920 1309 4994 operationis
1334 4927 1621 4998 cujusdam
1657 4939 1741 4984 est
1779 4945 1905 4999 pro-

337 5012 546 5080 prium,
583 5012 973 5082 inquirendum
997 5054 1011 5079 ,
1048 5022 1231 5068 utrum
1268 5031 1373 5069 una
1422 5032 1485 5070 ea
1511 5021 1766 5073 ‘numero
1811 5020 1899 5083 sit,

338 5120 409 5157 an
438 5103 578 5159 duae.
612 5105 691 5159 Ac
722 5106 765 5159 si
797 5106 1026 5175 quidem
1059 5105 1182 5161 dum
1212 5117 1377 5172 sunt,
1405 5107 1516 5164 duo
1554 5126 1770 5165 rursum
1808 5128 1903 5166 nc-

304 5190 309 5195 ’
338 5195 584 5250 cessario
610 5201 774 5250 erunt
809 5193 1113 5266 principia;
1142 5197 1185 5251 si
1226 5213 1356 5252 vero
1390 5216 1519 5263 una,
1542 5203 1901 5270 quaerendum

337 5294 424 5339 est
447 5301 660 5352 rursus,
700 5295 880 5340 utrum
917 5288 1223 5355 personalis
1255 5303 1319 5343 ea
1369 5290 1442 5343 sit
1492 5306 1561 5344 an
1612 5294 1900 5348 naturalis.

343 5372 399 5427 Si
439 5376 725 5441 naturalis,
757 5384 889 5432 tunc
920 5375 1158 5445 Spiritus
1201 5393 1231 5432 a
1262 5380 1500 5435 naturali
1549 5381 1734 5450 aliqua
1773 5398 1904 5453 cpe-

341 5469 555 5522 ratione
581 5469 797 5524 alienus
831 5469 959 5537 erit,
1001 5480 1166 5541 atque
1198 5472 1396 5527 exinde
1420 5474 1585 5528 etiam
1609 5490 1638 5528 a
1671 5484 1897 5542 natura;

338 5556 384 5611 si
422 5568 605 5614 autem
639 5561 985 5630 personalis,
1043 5564 1109 5618 ad
1163 5580 1325 5621 unam
1359 5583 1650 5638 personam
1681 5569 1903 5626 deﬁnite

523 5696 669 5773 gon“.
698 5695 826 5760 256,
860 5696 1128 5773 f._50|__a,
1148 5708 1241 5773 est
1269 5718 1393 5773 cap.
1425 5705 1515 5764 28.

409 5765 488 5832 (ἢ)
529 5765 602 5815 Τὸ
630 5764 784 5832 ἅγιον
813 5767 993 5821 omitt.
1033 5768 1103 5822 Μ.
1136 5770 1263 5826 256.

411 5830 490 5904 ᾤ’)
530 5832 600 5888 Μ.
626 5830 752 5887 256.
784 5835 1122 5907 Μακεδονίαν.

2005 4660 2099 4712 καὶ
2127 4656 2220 4710 τοῦ
2251 4656 2422 4709 αἰτίου
2456 4654 2735 4723 ἀλλότριον
2762 4671 2776 4685 °
2813 4657 2909 4711 καὶ
2939 4656 3018 4710 ἐτι
3054 4656 3382 4713 Μακεδόνιον
3412 4660 3493 4728 (5)
3519 4661 3571 4714 σί

2003 4751 2220 4802 Λατῖνοι
2275 4747 2622 4818 μέμφονταις
2658 4747 2717 4798 Et
2763 4746 2819 4799 δὲ
2870 4748 3150 4817 ἐνεργείας
3196 4752 3361 4812 τινὸς.
3406 4748 3573 4820 ζητη-

2002 4841 2141 4906 τέοι,
2181 4842 2228 4893 εἰ
2273 4841 2369 4910 μία
2403 4838 2479 4909 τῷ
2516 4837 2731 4908 ἀριθμῴ
2769 4840 2917 4892 ἐστιν
2953 4839 3116 4910 αῦτη,
3155 4840 3187 4910 ἢ
3225 4840 3340 4897 δύο.
3381 4843 3490 4896 Καὶ
3523 4844 3573 4895 εί

2006 4933 2105 5003 μὲν
2132 4931 2255 4996 δύο,
2284 4931 2377 4985 δύο
2409 4932 2568 4985 πάλιν
2595 4934 2651 4998 ἐξ
2683 4934 2926 5005 ἀνάγκης
2954 4936 3106 4989 ἔσται
3133 4937 3199 4991 τὰ
3227 4938 3374 4993 αἴτια
3395 4955 3408 4969 °
3438 4940 3486 4990 εἰ
3515 4938 3573 4993 δὲ

2007 5027 2125 5094 μία,
2156 5025 2412 5093 ζητητέον
2445 5026 2519 5096 (ιι)
2551 5021 2725 5091 αὖθις,
2757 5028 2804 5080 εί
2837 5030 3165 5099 προσωπική
3195 5031 3342 5083 ἐστιν
3369 5030 3511 5101 αὕτη
3540 5033 3573 5105 ἢ

2004 5118 2227 5185 φυσική.
2260 5118 2366 5168 Καὶ
2393 5120 2441 5169 εἰ
2473 5118 2573 5187 μὲν
2602 5117 2824 5189 φυσικὴ,
2857 5121 3093 5189 φυσικῆς
3119 5139 3263 5184 τινος
3292 5124 3577 5195 ἐνεργείας

2004 5208 2156 5258 ἔσται
2194 5208 2252 5258 τὸ
2292 5206 2513 5277 Πνεῦμα
2550 5209 2828 5279 ἀλλότριον
2851 5250 2864 5274 ,
2907 5206 3203 5265 κάντεῦθεν
3241 5213 3304 5283 δὴ
3347 5216 3439 5267 καὶ
3475 5214 3576 5285 τῆς

2005 5299 2236 5365 ςύσεως.
2275 5301 2335 5353 Εἰ
2373 5300 2428 5353 δὲ
2472 5304 2823 5373 προσωπικὴ,
2868 5304 3002 5374 πρὸς
3035 5305 3095 5357 ἒν
3128 5306 3575 5393 πρόσωπονκὼρι-

2008 5393 2220 5460 σμένω;
2255 5395 2670 5464 ὸνενεχθήσεται
2697 5413 2708 5425 ·
2746 5396 2840 5464 μία
2876 5397 2983 5469 γὰρ
3009 5396 3087 5467 τῷ
3115 5397 3334 5470 ἀριθμῷ
3364 5416 3576 5469 προσω-

2007 5488 2142 5554 π.κὴ
2182 5488 2433 5558 ἐνέργεια
2474 5488 2674 5552 πάσαις
2710 5491 2977 5557 ἀνάγκαις
3016 5490 3132 5553 ἑνὸς
3170 5490 3321 5545 ἔσται
3359 5493 3574 5561 προσώ-

2007 5595 2108 5630 που
2140 5580 2274 5648 πρὶς
2304 5579 2360 5632 ἓν
2388 5582 2670 5650 ἐνέργημα
2695 5581 2967 5635 τείνουσα.
2994 5583 3191 5653 Μάτην
3217 5583 3325 5651 ἄρα
3357 5585 3574 5638 Λατῖνοι

2077 5711 2152 5781 (4)
2294 5713 2361 5785 27
2408 5714 2448 5776 f.
2498 5715 2605 5769 24ἲὶ
2666 5732 2695 5771 a
2749 5718 2930 5771 omitt.
2965 5718 3130 5772 verba
3177 5718 3233 5769 ei.
3258 5716 3355 5784 μία
3393 5715 3472 5785 τῷ
3501 5745 3573 5760 —

2009 5780 2300 5859 ζιῂητέοη
2328 5784 2791 5859 hontmotcleuton
2817 5788 3143 5859 exemplaris
3170 5787 3221 5843 in
3251 5780 3382 5842 (νοω
3407 5780 3577 5858 ζήτη-

2006 5854 2124 5904 τέον
2160 5852 2216 5906 in
2245 5868 2406 5907 causa
2440 5871 2529 5910 csc
2565 5858 2797 5913 \‘idct'ur.
