3966 6218
333 389 443 452 203
497 370 499 372 ’

1381 398 1814 462 REFUTATIO
1852 405 2092 466 MARCI
2137 408 2407 471 EPIIESl
2424 412 2522 474 Nl.

3475 423 3581 487 210

333 504 433 573 τὴν
467 501 597 571 μίαν
632 501 706 572 τῷ
748 503 968 574 ἀριθμῷ
1007 505 1376 577 προελητικῆν
1413 514 1699 583 ἑνέργείαν
1732 532 1790 569 τε
1827 519 1912 570 καὶ

2026 521 2322 578 referetur.
2362 525 2476 580 Una
2521 529 2670 582 enim
2719 545 2946 587 numero
2994 536 3298 604 personalis
3337 539 3580 607 operatio

337 593 574 664 ἰδιότητα
601 594 677 665 τῷ
708 596 882 665 Πατρὶ
916 599 1004 650 καὶ
1034 597 1112 668 τῷ
1145 601 1254 670 Υίῴ
1283 603 1518 658 διδόασιν
1554 607 1652 677 (l).

2016 615 2163 666 omni
2197 619 2528 674 necessitate
2564 621 2726 676 unius
2754 625 2862 678 erit
2905 641 3152 695 personae
3193 628 3260 682 ad
3305 645 3470 683 unum
3503 629 3572 682 ef-

337 691 543 794 fectum
579 692 833 794 tendens.
857 693 1087 751 Frustra
1120 714 1252 770 ergo
1283 700 1461 756 Latini
1523 719 1684 759 unam
1746 722 1977 763 numero
2016 710 2354 788 producendi
2408 719 2784 786 operationem
2859 691 2923 777 ae
2989 725 3381 794 pr0prietalem
3433 727 3580 782 Patri

336 783 586 855 Filioque
619 787 880 852 tribuunt
909 791 1016 862 (α).

863 904 1003 957 ΤΟΥ
1032 907 1341 964 ΝΙΚΛΙΔΣ.

353 1100 355 1102 η
409 1013 578 1077 Οὗτος
608 1016 746 1087 ἀνὴρ
771 1017 876 1071 ὑπὸ
907 1018 1002 1071 τοῦ
1037 1021 1112 1092 μὴ
1135 1023 1279 1093 ἔχειν
1315 1025 1414 1094 μὲν
1447 1027 1474 1080 ὅ
1504 1045 1554 1082 τι
1587 1030 1754 1098 εἴποι,
1793 1032 1915 1101 βού-

336 1104 524 1158 λεσθαι
579 1106 638 1159 δὲ
684 1107 854 1160 πολλὰ
908 1109 1086 1177 λέγειν
1138 1113 1233 1165 καὶ
1287 1116 1464 1187 τούτῳ
1499 1120 1626 1183 τοὺς
1683 1122 1918 1190 ἀμαθεῖς

331 1198 757 1265 καταπλήττειν,
810 1201 860 1254 οἶ
902 1202 962 1252 ὲν
1009 1201 1086 1273 τῷ
1121 1205 1295 1258 πολλὰ
1346 1210 1620 1278 συνείρειν
1672 1212 1920 1282 ἀκαίρως

332 1287 433 1355 τὴν
484 1288 675 1355 σοφίαν
721 1290 1020 1361 ὁρίζονται,
1076 1295 1143 1348 τὰ
1190 1297 1329 1351 αὐτὰ
1376 1299 1528 1368 λέγει
1575 1303 1837 1368 πολλάκις
1880 1305 1929 1374 ῆ’

338 1381 584 1449 ῥήμασιν
613 1384 799 1446 ἄλλοις
832 1386 866 1456 ἦ
905 1387 999 1440 καί
1028 1407 1150 1443 τινα
1185 1392 1357 1463 μικρὰ
1403 1395 1803 1464 μεταλλάττων,
1835 1398 1911 1464 ὡς

332 1471 516 1524 δοκεῖν
556 1476 668 1538 τοῖς
717 1475 1012 1530 ἀκούουσιν
1056 1480 1190 1532 ἄλλα
1237 1484 1359 1536 τινὰ
1419 1484 1662 1557 νεώτερα
1708 1488 1912 1556 λέγειν,

337 1563 526 1616 καίτοι
551 1567 720 1619 ταυτα
745 1567 920 1634 λέγων
948 1571 1039 1622 καὶ
1066 1571 1141 1639 τῷ
1169 1572 1283 1626 ὄντι
1326 1575 1631 1646 ἀδολεσχῶν
1649 1594 1664 1609 ’
1690 1579 1818 1643 ἴσως
1855 1581 1912 1633 δὲ

335 1655 438 1706 καὶ
475 1657 635 1719 αὐτδς
680 1657 854 1722 οὕτως
910 1661 1001 1712 ὑπ’
1050 1662 1290 1731 ἀμαθίας
1340 1666 1531 1721 οἴεται.
1581 1668 1727 1722 Ἀλλ’
1752 1672 1916 1740 ἡμεῖς

2663 924 2935 982 ΝΙΟᾸΞΝῙ.

2090 1036 2196 1090 lste
2225 1038 2310 1090 vir
2333 1053 2400 1094 eo
2429 1039 2576 1108 quod
2614 1055 2720 1095 non
2749 1041 2914 1096 habet
2937 1043 3082 1112 quod
3117 1043 3287 1109 dicat,
3313 1045 3431 1098 vult
3452 1061 3584 1100 vero

1977 1191 1983 1199 ,
2020 1129 2190 1182 multa
2219 1129 2404 1184 dicere
2435 1141 2600 1202 atque
2639 1147 2707 1187 eo
2737 1144 2962 1203 stupore
3005 1137 3309 1204 percellere
3343 1137 3582 1204 imperi-

2022 1228 2127 1284 tos,
2157 1221 2248 1290 qui
2297 1223 2426 1276 dum
2461 1225 2627 1278 multa
2659 1225 3042 1294 intempestive
3071 1238 3328 1296 congesta
3362 1243 3586 1282 coacer-

2019 1321 2250 1380 vataque
2285 1314 2470 1370 vident
2501 1316 2554 1370 iu
2589 1331 2656 1370 eo
2707 1318 3032 1387 sapientiam
3065 1327 3358 1384 statuunt,
3389 1319 3585 1372 eadem

2020 1407 2216 1476 saepius
2242 1407 2378 1461 dicit
2410 1409 2493 1462 vel
2519 1408 2644 1464 aliis
2672 1410 2864 1464 verbis
2891 1411 2972 1465 vel
3002 1411 3166 1465 etiam
3201 1426 3365 1478 parva
3401 1409 3584 1480 aliqua

2019 1507 2389 1561 commutans.
2422 1509 2482 1553 ut
2512 1501 2868 1557 audientibus
2895 1503 3000 1557 alia
3027 1504 3275 1572 qumdam
3312 1518 3376 1557 ac
3412 1503 3584 1570 magis

2021 1605 2160 1646 nova
2191 1593 2378 1646 dicere
2413 1592 2687 1658 videatur,
2709 1594 2841 1649 licet
2869 1595 3060 1650 eadem
3087 1596 3280 1650 dicens
3306 1605 3362 1650 et
3389 1611 3581 1650 revera

2019 1685 2304 1754 nugaciter
2333 1685 2621 1754 garriens;
2652 1685 2884 1740 fortasse
2916 1702 3047 1740 vero
3073 1695 3128 1740 et
3169 1687 3285 1756 ipse
3317 1686 3371 1740 id
3402 1702 3466 1740 ex
3501 1685 3584 1737 in-

351 1748 500 1799 κατὰ
537 1748 628 1798 τοῦ
678 1749 896 1818 πρώτου
944 1753 1052 1807 τῶν
1083 1755 1250 1807 αὐτοῦ
1306 1758 1752 1829 ἐπιχειρημάτων
1806 1763 1912 1814 ἑνι·

2021 1773 2179 1828 scitia
2213 1773 2408 1826 credit.
2439 1773 2644 1828 Verum
2675 1789 2780 1828 nos
2812 1784 3005 1829 contra
3030 1777 3265 1843 primum
3288 1787 3585 1843 argumen-

332 1836 618 1905 στᾶμενοι,
660 1840 792 1891 ὅπου
845 1843 1018 1896 ταυτὰ
1077 1845 1411 1916 πλατύτερον
1459 1850 1646 1916 λέγει,
1698 1852 1901 1914 ἱκανῶς

331 1927 512 1981 ταῦτά
542 1947 600 1982 τε
629 1931 859 1986 κάκεῖνα
892 1934 1279 2006 διελυσάμεθα,
1302 1943 1464 1994 κάκεῖ
1491 1943 1581 1994 τὸν
1625 1944 1903 2014 ἀκροατὴν

333 2022 811 2092 παραπέμπομεν.
867 2026 944 2080 Οὐ
1004 2029 1114 2098 γὰρ
1164 2031 1451 2086 ἐπαινετὸν
1504 2034 1642 2102 πρὸς
1679 2037 1909 2109 ἄκαιρον

338 2113 510 2192 ξαμὸν
549 2113 725 2180 λόγων
756 2118 852 2170 καὶ
878 2119 1075 2182 αὐτοὺς
1110 2123 1282 2190 μῆκος
1309 2125 1779 2198 ἀντιπαρατείνειν
1803 2131 1905 2198 pia

337 2221 499 2255 ταιον
529 2205 722 2274 λόγων.
779 2210 951 2263 Τοῦτο
981 2211 1037 2263 δὲ
1073 2213 1459 2286 ὑπομνήσομεν
1513 2221 1638 2284 τοὺς
1679 2221 1914 2290 φιλομα-

333 2298 450 2360 θεῖς
495 2301 676 2367 μόνον,
710 2302 786 2366 ὠς
819 2306 928 2358 πᾶν
956 2307 1143 2360 ποιοῦν
1174 2311 1317 2362 ποιεῖ
1349 2312 1449 2381 μὲν
1477 2307 1509 2384 ᾖ
1540 2313 1659 2368 τόδε
1711 2333 1766 2367 τι
1820 2317 1914 2370 καὶ

330 2389 564 2458 ἄτομον,
592 2394 739 2444 ποιεῖ
766 2393 963 2463 δ’ὄμως
1008 2397 1150 2458 κατὰ
1177 2398 1276 2469 τὴν
1316 2401 1510 2454 ἑαυτοῦ
1541 2402 1702 2472 φύσιν
1755 2403 1788 2475 ἢ
1824 2407 1907 2458 τέ-

332 2501 474 2552 χνην
499 2500 516 2517 ο
550 2485 632 2538 διὸ
668 2486 768 2538 καὶ
814 2489 905 2544 τὸν
935 2489 1151 2562 Πατέρα
1192 2493 1283 2548 καὶ
1309 2493 1434 2548 Υίὸν
1488 2496 1749 2566 προάγειν
1797 2499 1903 2567 μὲν

334 2570 373 2650 ᾗ
411 2577 742 2643 ὑποστάσεις
766 2579 828 2632 τὸ
861 2580 1084 2651 Πνεῦμα
1106 2583 1165 2640 τὸ
1203 2587 1379 2654 ἅγιον,
1403 2587 1669 2658 προάγειν
1685 2587 1743 2642 δὲ
1771 2589 1914 2645 κατὰ

336 2671 446 2738 τὴν
500 2673 652 2727 θείαν
708 2675 889 2728 αὐτῶν
939 2679 1125 2745 φύσιν,
1174 2682 1362 2754 κοινήν
1415 2697 1473 2736 τε
1522 2685 1615 2736 καὶ
1648 2685 1780 2754 μίαν
1810 2687 1908 2740 καὶ

333 2763 443 2832 τὴν
484 2764 656 2833 αὐτὴν
685 2767 936 2844 τάριθμῷ
981 2768 1146 2822 οὖσαν
1180 2770 1383 2841 ἀμφοῖν
1411 2774 1506 2826 καὶ
1537 2774 1914 2848 ὑφεστηκυίαν

330 2854 402 2904 ἐν
445 2855 628 2918 αὐτοῖς
673 2855 826 2909 ὀὔτε
869 2858 925 2911 δὲ
972 2859 1070 2929 τὴν
1099 2859 1259 2929 φύσιν
1286 2863 1447 2932 μόνον
1471 2864 1594 2919 οὕτε
1638 2867 1706 2921 τὰ
1746 2869 1915 2939 πρόσ-

336 2961 477 2998 ωπα
539 2945 700 3014 μόνον
751 2948 1044 3020 αἴτια.τῆς
1071 2951 1163 3004 τοῦ
1217 2953 1531 3024 Πνεύματος
1568 2953 1710 3011 εἶναι
1756 2959 1917 3028 προό-

331 3038 456 3091 δου.
494 3038 600 3090 Καὶ
632 3039 818 3110 ιπειδὴ
848 3041 905 3094 ἐν
951 3043 1190 3112 αὐτοίςὴ
1229 3045 1390 3113 φύσις
1434 3049 1533 3119 οὐχ
1567 3052 1643 3114 ὡς
1677 3051 1737 3102 ἐν
1785 3053 1917 3121 ἡμῖν

329 3133 454 3194 τοῖς
486 3132 793 3202 ἀνθρώποις
823 3133 959 3203 ἄλλη
999 3135 1098 3189 καὶ
1138 3137 1275 3204 ἄλλη
1326 3140 1446 3194 ἐστὶ
1494 3141 1766 3213 τάριθμῷ,
1792 3143 1916 3197 οὐδὲ

338 3223 426 3294 μὴ
465 3225 801 3294 ὑφεστηκυῑα
837 3227 894 3280 ὲν
924 3227 1128 3295 αὐτοῖς,
1155 3229 1288 3284 ἀλλὰ
1320 3232 1413 3285 καὶ
1443 3233 1542 3302 μία
1574 3233 1668 3289 καὶ
1700 3237 1734 3306 ἠ
1778 3215 1916 3306 αὐτὴ

330 3316 436 3367 καὶ
464 3316 718 3386 τάριθμῷ
757 3318 815 3369 ὲν
838 3317 1012 3389 llatth
1042 3324 1137 3374 καὶ
1174 3322 1285 3394 Υἱῷ
1307 3326 1400 3378 καὶ
1434 3324 1798 3395 ὑφεστηκυῖα,
1839 3327 1914 3391 ὡς

330 3412 582 3480 ετρηται,
614 3411 699 3466 διὰ
731 3411 891 3466 τοῦτο
923 3416 1016 3467 mi.
1057 3415 1155 3484 μία
1178 3417 1344 3487 ἄμφω
1395 3418 1531 3472 εἰσιν
1569 3417 1714 3489 ἁρχὴ
1759 3419 1915 3489 ἐνέρ-

330 3520 463 3570 γεια
490 3504 588 3571 μία
610 3498 830 3577 δυοίν,ᾖ
855 3507 993 3559 εἰσιν
1011 3507 1091 3560 ἓν.
1116 3508 1303 3573 Οὕτως
1326 3509 1475 3579 αὑτῷ
1493 3509 1552 3562 τό
1577 3526 1634 3562 τε
1656 3509 1769 3573 ἐνὸς
1795 3511 1910 3564 δεῖν

328 3593 481 3647 εἶναι
501 3595 790 3663 προσώπου
819 3598 1100 3666 ἐνέργειαν
1131 3599 1228 3670 τὴν
1258 3600 1632 3672 προδλητικὴν
1663 3601 1911 3668 δύναμιν,

329 3689 409 3741 Εἴ
437 3707 500 3755 γε
549 3689 720 3761 αὐτὴν
764 3694 1120 3764 προσωπικὴν
1143 3693 1390 3764 θείημεν,
1425 3694 1461 3766 ἥ
1487 3713 1544 3748 τε
1585 3698 1816 3767 δυαρχία
1836 3698 1914 3759 είς

329 3782 398 3832 τὸ
426 3781 592 3850 μηδὲν
613 3782 849 3836 ἀπιοῦσα
865 3786 1086 3853 γέγονεν
1129 3787 1364 3855 ἄφαντος
1387 3806 1401 3819 ·
1433 3792 1605 3845 καὶτὸ
1633 3793 1914 3860 ἀντιστρέ-

332 3887 466 3939 φειν
500 3889 558 3923 τε
606 3873 697 3924 καὶ
744 3873 1012 3939 ὲξισάζειν
1042 3877 1142 3945 τὴν
1178 3880 1338 3946 φύσιν
1367 3899 1427 3934 τε
1476 3883 1569 3934 καὶ
1616 3883 1676 3934 τὸ
1728 3884 1902 3935 αἴτιον

329 3955 492 4018 ποιεί
569 3962 722 4014 οὐδὲν
768 3966 904 4034 πρὶς
950 3967 978 4018 ὃ
1012 3967 1281 4036 βούλεται,
1325 3970 1421 4022 τοῦ
1474 3969 1794 4040 Πνεύματος
1839 3971 1913 4040 μὴ

325 4054 646 4122 δυναμένου
674 4055 766 4107 κα.)⁵
791 4057 948 4111 ἑαυτὸ
969 4060 1252 4128 προάγειν,
1282 4061 1384 4115 κᾶν
1407 4063 1500 4116 καὶ
1526 4064 1730 4133 φυσικὴ
1756 4063 1913 4134 ἐνέρ-

323 4162 465 4213 γεια
597 4148 655 4199 τὸ
707 4149 1060 4218 προϐάλλειν,
1111 4154 1204 4206 καὶ
1244 4155 1344 4225 τῆς
1373 4155 1543 4226 αὐτῆς
1594 4151 1754 4228 ῇκαὶ
1780 4155 1911 4209 αὐτὸ

324 4237 559 4306 etiam);
587 4239 777 4311 ὥσπερ
806 4239 900 4297 οὖν
935 4246 1026 4298 καὶ
1063 4245 1197 4300 ἔστι.

2019 1872 2196 1919 torum
2228 1863 2296 1918 ab
2332 1864 2451 1931 ipso
2494 1865 2832 1933 prolatorum
2875 1865 3219 1930 insistentes,
3253 1865 3344 1920 ubi
3392 1864 3590 1918 eadem

2013 1956 2272 2011 dill’usius
2323 1955 2574 2025 exponit,
2625 1954 2961 2010 suﬂicienter
3009 1965 3124 2010 tum
3164 1956 3281 2010 haec
3335 1964 3448 2008 tum
3496 1954 3584 2007 illa

2014 2051 2404 2113 dissolvimus,
2455 2057 2620 2117 atque
2665 2047 2779 2102 illic
2843 2047 3154 2102 auditorem
3226 2045 3584 2101 remittimus.

2014 2145 2206 2212 Neque
2237 2144 2384 2197 enim
2425 2141 2701 2195 laudabile
2733 2140 2877 2195 [oret
2912 2149 3103 2196 contra
3137 2140 3584 2209 intempestivum

2020 2236 2294 2289 rationum
2327 2248 2521 2303 agmen
2559 2241 2614 2287 et
2645 2233 2798 2301 ipsos
2842 2247 2944 2288 nos
2977 2231 3139 2286 inane
3193 2233 3410 2301 pondus
3463 2231 3587 2285 lon-

2017 2341 2251 2398 gamque
2301 2324 2500 2380 seriem
2547 2325 2829 2378 rationum
2871 2337 3172 2391 opponere.
3222 2323 3282 2377 ιιι
3345 2337 3476 2376 vero
3528 2323 3584 2377 in

2022 2417 2343 2474 memoriam
2377 2416 2647 2470 duntaxat
2697 2413 2919 2469 dicendi
2972 2412 3191 2482 cupidis
3236 2427 3584 2474 revocamus,

2019 2512 2166 2584 quod
2202 2526 2365 2566 omne
2390 2523 2558 2580 agens
2587 2507 2699 2578 agit
2730 2509 2786 2563 in
2817 2515 3090 2576 quantum
3129 2517 3214 2560 est
3235 2505 3343 2559 hoe
3376 2505 3585 2573 aliquid

2017 2615 2076 2662 et
2109 2603 2479 2663 individuum.
2529 2600 2642 2671 agit
2688 2612 2872 2656 tamen
2920 2597 3223 2656 secundum
3273 2597 3363 2652 sui
3416 2596 3587 2664 ipsius

2019 2705 2270 2765 naturam
2297 2694 2381 2748 vel
2411 2703 2610 2759 artem,
2637 2692 2849 2750 idcirco
2879 2692 3044 2748 etiam
3070 2689 3283 2746 Patrem
3308 2697 3364 2744 et
3387 2689 3584 2743 Filium

2022 2787 2337 2858 producere
2377 2785 2602 2855 quidem
2637 2793 2913 2854 quatenus
2957 2783 3279 2854 bypostases
3323 2781 3588 2851 Spiritum

2022 2883 2297 2941 sanctum,
2327 2875 2638 2946 producere
2665 2888 2796 2928 vero
2830 2872 3133 2928 secundum
3169 2870 3415 2925 divinam
3446 2869 3584 2937 ipso-

2017 2983 2140 3024 rum
2186 2975 2464 3028 naturam,
2516 2978 2867 3018 communem
2914 2972 2970 3018 ει
3016 2978 3180 3018 unam
3229 2961 3588 3030 eamdemque

2019 3071 2252 3112 numero
2299 3055 2584 3110 amborum
2639 3061 2804 3123 atque
2844 3054 2900 3108 in
2967 3053 3102 3122 ipsis
3159 3051 3589 3116 subsistentem;

2026 3165 2205 3221 neque
2235 3158 2486 3203 naturam
2516 3147 2695 3202 solum
2726 3161 2907 3214 neque
2935 3146 3114 3200 solum
3141 3159 3408 3215 personas
3435 3142 3583 3212 prin-

2020 3241 2162 3312 cipia
2193 3255 2311 3296 esse
2348 3237 2758 3310 progressionis
2789 3237 3036 3306 Spiritus
3081 3239 3282 3292 sancti.
3327 3237 3394 3292 Et
3441 3251 3584 3305 quo-

2020 3336 2163 3388 niam
2195 3334 2248 3387 in
2284 3332 2418 3402 ipsis
2459 3341 2656 3385 natura
2689 3345 2801 3386 non
2838 3340 2898 3386 ut
2934 3330 2991 3385 in
3045 3331 3206 3385 nobis
3257 3329 3588 3383 hominibus

2017 3421 2122 3475 alia
2155 3428 2322 3488 atque
2356 3420 2464 3474 alia
2494 3433 2731 3474 numero
2754 3427 2860 3484 est,
2892 3433 3073 3488 neque
3103 3418 3176 3472 ita
3202 3418 3259 3471 in
3288 3417 3426 3486 ipsis
3460 3417 3597 3471 sub—

2018 3514 2239 3570 sistens.
2265 3527 2452 3565 verum
2482 3521 2538 3566 et
2571 3527 2679 3566 una
2721 3511 3029 3580 eademque
3060 3524 3291 3564 numero
3331 3509 3384 3562 in
3423 3509 3592 3562 Patre

2015 3620 2079 3661 ac
2103 3603 2242 3659 Filio
2273 3612 2356 3660 est
2380 3613 2436 3659 et
2457 3603 2729 3664 subsistit.
2760 3604 2920 3659 sicuti
2966 3603 3180 3656 dictum
3211 3609 3598 3670 est,proptcr-

2020 3711 2082 3751 ca
2127 3696 2294 3751 etiam
2346 3697 2506 3751 ambo
2547 3711 2718 3749 unum
2789 3695 3124 3766 principium
3177 3703 3308 3748 sunt
3367 3703 3426 3747 et
3478 3707 3598 3745 una

2021 3788 2255 3842 duorum
2289 3788 2538 3857 operatio
2573 3787 2846 3857 quatenus
2884 3795 3012 3842 sunt
3053 3802 3246 3840 unum.
3280 3784 3398 3838 Tali
3430 3792 3589 3853 pacto

2016 3881 2119 3951 ipsi
2153 3889 2266 3934 tum
2304 3881 2356 3934 id
2399 3881 2545 3950 quod
2597 3881 2760 3934 unius
2796 3895 3046 3948 persona:
3101 3878 3353 3948 Operatio
3390 3876 3598 3929 debeat.

2015 3986 2137 4025 esse
2169 3969 2494 4039 productiva
2540 3969 2740 4033 virtus,
2771 3967 3042 4036 siquidem
3077 3965 3422 4036 personalem
3457 3979 3585 4017 eum

2018 4077 2224 4133 ponere
2253 4062 2509 4133 velimps,
2555 4071 2668 4114 tum
2702 4069 2758 4114 et
2810 4058 3209 4130 principiorum
3259 4056 3495 4133 dualitas
3531 4055 3582 4107 in

2017 4156 2249 4210 nihilum
2314 4125 2550 4208 abibunt
2599 4163 2656 4206 et
2710 4167 2942 4222 prorsus
3005 4158 3374 4213 evanescent;
3425 4155 3590 4216 atque

2016 4249 2204 4314 etiam,
2235 4246 2380 4316 quod
2415 4246 2632 4310 asserit,
2660 4243 2905 4299 converti
2953 4252 3008 4298 et
3031 4241 3307 4311 exaequari
3345 4248 3458 4292 tum
3494 4253 3589 4291 na-

327 4345 520 4389 turam
555 4344 669 4388 tum
739 4337 1068 4406 principium
1134 4339 1271 4394 nihil
1309 4341 1438 4396 facit
1498 4341 1566 4396 ad
1604 4325 1784 4411 ipsius
1839 4341 2133 4405 intentum,
2181 4354 2306 4393 cum
2354 4338 2592 4407 Spiritus
2639 4338 2880 4408 seipsum
2961 4345 3198 4405 nequeat
3257 4334 3588 4402 producere,
3643 4381 3661 4410 Ι

327 4430 596 4498 quamvis
658 4439 714 4483 et
753 4432 1059 4500 producere
1124 4436 1390 4491 naturalis
1442 4437 1585 4493 foret
1627 4439 1872 4508 Operatio
1931 4446 1988 4492 et
2026 4437 2272 4508 ejusdem
2316 4443 2462 4489 esset
2517 4444 2573 4488 et
2622 4431 2803 4502 ipsum
2856 4440 3107 4493 naturae,
3159 4428 3321 4482 sicuti
3370 4443 3593 4497 quoque

327 4537 396 4576 rc
407 4535 535 4574 vera
576 4532 681 4576 est.

711 4644 974 4696 sessor
1017 4646 1171 4698 iter».
1205 4647 1286 4698 IA'
1332 4646 1488 4718 (κη’)
1520 4646 1618 4718 (2).

2380 4637 2620 4693 EPllES.
2653 4637 2804 4694 CAP.
2847 4636 2918 4692 x1
2954 4636 3236 4708 (xxvnn.

422 4752 488 4806 Ἦ
519 4753 618 4819 μία
659 4750 737 4822 τῷ
769 4753 985 4823 ἀριθμῷ
1037 4756 1129 4807 καὶ
1170 4754 1322 4825 ἁπλῆ
1357 4757 1605 4824 ἐνέργεια
1642 4756 1737 4808 καὶ
1770 4756 1908 4827 πρὸς

333 4845 394 4896 ἓν
425 4845 712 4914 ἐνέργημα
756 4845 1011 4898 τείνουσα
1063 4847 1156 4899 καὶ
1204 4849 1338 4914 πρὸς
1365 4847 1422 4915 ἓν
1455 4850 1673 4919 ἀριθμῷ
1717 4850 1776 4902 τὸ
1830 4853 1916 4902 ὲν-

335 4933 545 5001 εργοῦν
581 4935 930 5003 ἀναφέρεται.
961 4936 1142 4988 Ἔστω
1182 4936 1243 4988 τὸ
1274 4937 1532 5005 ἐνεργοῦν
1574 4930 1725 5005 ὲςρ⁶οὖ
1754 4939 1820 5003 Α,
1853 4937 1912 4990 τὸ

413 5076 492 5142 (l)
538 5072 606 5125 Μ.
643 5071 767 5135 256,
827 5070 922 5126 501
988 5073 1130 5126 hanc
1167 5073 1250 5124 ‘iu
1311 5076 1556 5141 margine
1613 5077 1768 5142 ponit
1812 5089 1909 5127 no-

341 5154 456 5196 tam
492 5164 506 5196 :
548 5143 715 5194 Τοῦτο
747 5145 842 5213 καὶ
870 5143 897 5192 ὁ
943 5143 1325 5213 Ἀριξτοτέλης
1350 5145 1405 5194 ὲν
1432 5143 1507 5211 τῷ
1543 5145 1780 5213 πέμπτῳ
1809 5146 1915 5207 τῆς

339 5213 581 5278 φυσικῆς
617 5211 930 5282 ἀκροάπεως
964 5211 1140 5281 ῥητῶς
1170 5213 1528 5279 ἀποφαίνεται
1561 5230 1573 5243 '
1604 5211 1911 5282 λέγειγεῖιρν

336 5285 461 5336 Μία
488 5281 711 5348 ἀριθμῷ
737 5283 1003 5349 ἐνέργεια
1054 5282 1191 5346 ἑνὸς
1224 5282 1468 5351 ἀριθμῷ.
1500 5283 1608 5334 Καὶ
1643 5284 1722 5334 ἔτι
1754 5285 1810 5334 ἐν
1835 5281 1913 5351 τῷ

338 5355 551 5420 ὲννάτῳ
586 5351 678 5403 τοῦ
727 5353 894 5404 αὑτοῦ
953 5351 1165 5420 βιϐλίου
1201 5366 1213 5380 ·
1249 5353 1369 5406 Μία
1426 5354 1671 5419 κίνησις
1717 5353 1754 5418 ἡ
1803 5355 1904 5420 ὑφ’

417 5466 493 5530 (α)
535 5463 667 5518 Nota
715 5466 1032 5535 marginalis
1067 5481 1081 5518 :
1120 5467 1233 5520 Hoc
1275 5466 1442 5518 etiam
1488 5464 1815 5520 Aristoteles
1841 5465 1905 5518 li-

337 5535 444 5589 bro
480 5535 672 5602 quinto
707 5533 981 5588 Naturalis
1029 5535 1448 5590 auscultationis
1503 5535 1778 5588 enuntiat.
1826 5536 1915 5588 Ait

337 5605 489 5674 enim
523 5605 738 5670 (Natur.
788 5606 1023 5657 auscult.
1076 5607 1112 5657 Ι.
1148 5622 1200 5668 v,
1254 5620 1375 5672 Cap.
1414 5605 1464 5668 4,
1503 5605 1528 5674 §
1562 5606 1615 5666 8,
1650 5621 1702 5672 p.
1741 5605 1865 5673 515)
1899 5623 1914 5660 :

343 5672 492 5726 Unus
516 5690 757 5738 numero,
789 5683 936 5727 actus
958 5682 1033 5727 est
1056 5675 1318 5741 (habitus)
1341 5672 1754 5727 uniusimmero.
1779 5672 1915 5729 Elin

342 5758 492 5796 nouo
515 5745 758 5812 ejusdem
788 5745 972 5811 operis
1001 5745 1156 5813 (ibid.
1191 5744 1226 5796 Ι.
1257 5760 1351 5807 vn,
1378 5762 1426 5798 c.
1453 5746 1551 5812 6,§
1580 5743 1633 5806 5,
1663 5760 1715 5812 p.
1741 5745 1865 5807 555)
1899 5761 1913 5799 :

350 5820 496 5865 Unus
522 5826 690 5868 motus
721 5826 796 5869 cst
825 5813 1016 5886 quirat
1043 5816 1148 5885 (vel
1182 5815 1225 5868 si
1258 5823 1364 5880 est,
1393 5831 1516 5868 cum
1566 5830 1664 5882 pro
1706 5817 1736 5883 ἡ
1768 5815 1915 5869 edita

2093 4752 2209 4809 Una
2246 4766 2472 4806 numero
2497 4759 2552 4804 et
2583 4751 2818 4820 simplex
2841 4753 3091 4820 operatio
3123 4763 3288 4822 atque
3315 4753 3382 4807 ad
3423 4769 3606 4810 unum:

2021 4844 2254 4899 tendens
2278 4843 2536 4898 ellectum
2569 4842 2733 4896 etiam
2767 4843 2832 4896 ad
2877 4859 3047 4896 unum
3080 4859 3312 4897 numero
3345 4859 3604 4912 oper-aus.

2021 4951 2116 4990 seu
2170 4949 2337 5004 agens
2389 4933 2651 4987 refertur.
2685 4933 2770 4988 Sit
2813 4950 2980 5003 agens
3011 4933 3101 4988 ubi
3152 4935 3218 4997 Α,
3258 4934 3310 4988 id
3347 4935 3412 4988 ad
3445 4936 3603 5003 quod.

2028 5069 2166 5133 ἑνός
2199 5086 2258 5121 τε
2282 5069 2386 5121 τοῦ
2412 5067 2728 5131 κινοῦντος
2757 5068 2856 5122 καί
2893 5069 3032 5134 ἐνὸς
3061 5071 3166 5124 τοῦ
3193 5071 3554 5138 κινουμένου
3577 5087 3592 5102 ο

2027 5142 2075 5191 εὶ
2108 5139 2215 5205 γάρ
2239 5156 2290 5191 τι
2321 5138 2478 5192 ἄλλο
2511 5146 2609 5191 καὶ
2645 5141 2802 5192 ἄλλο
2837 5138 3099 5207 κινήσει,
3134 5143 3205 5194 οὺ
3239 5140 3514 5209 συνεχὴς
3553 5140 3604 5208 ἠέ

2026 5209 2138 5271 ὅλη
2165 5210 2431 5274 κίνησις.

2093 5279 2166 5348 (Ξ)
2211 5278 2270 5331 ln
2300 5276 2446 5332 Men.
2485 5278 2613 5342 256,
2649 5276 2689 5332 f.
2723 5278 2823 5334 301
2853 5294 2884 5334 a
2912 5287 3000 5335 est
3026 5294 3147 5349 cap.
3177 5280 3268 5335 29.

2013 5465 2250 5519 habeant
2279 5465 2348 5531 εἰ)
2380 5464 2443 5517 ab
2463 5481 2565 5518 uno
2589 5473 2824 5518 movente
2851 5475 2898 5518 et
2924 5466 3080 5518 unius
3095 5466 3232 5532 quod
3264 5473 3534 5518 moveatur
3561 5481 3588 5528 ;.

2024 5537 2256 5603 siquam
2295 5537 2432 5586 enim
2465 5551 2574 5586 rem
2614 5535 2766 5587 aliud
2805 5537 2954 5604 atqui
2985 5536 3134 5588 aliud
3165 5545 3386 5599 utoveat,
3447 5542 3599 5588 totus

2026 5614 2194 5656 motus
2230 5620 2333 5655 non
2367 5617 2439 5656 est
2470 5606 2768 5657 continuus.
2809 5605 3035 5658 Videtur
3070 5607 3181 5658 hrec
3206 5604 3491 5658 adnotatio
3517 5605 3583 5658 ad

2023 5689 2258 5741 sequens
2297 5674 2460 5727 Marci
2513 5684 2677 5742 caput
2723 5674 2906 5742 potius
2950 5673 3276 5732 referenda.
3324 5676 3388 5725 ad
3441 5675 3598 5742 quom

2025 5759 2216 5822 revera
2260 5744 2456 5813 legitur
2481 5744 2533 5797 in
2563 5745 2683 5798 cod.
2728 5743 2936 5800 Monac.
2968 5744 3058 5812 Ἦ,
3099 5745 3137 5800 l‘.
3171 5745 3276 5799 “liti
3302 5759 3353 5812 a,
3388 5744 3440 5798 in
3483 5745 3602 5798 line-

2026 5829 2256 5881 uastum.
