3966 6218
332 402 396 463 21
414 401 432 463 l
1703 399 2207 464 BESSARIONIS
3475 384 3582 452 2l2

337 516 583 583 operatio
611 515 702 570 ubi
737 511 804 581 G,
835 516 1160 572 intermedia
1184 533 1314 573 vero
1338 518 1484 574 inter
1505 517 1620 573 hate
1643 516 1896 588 operatio
1923 560 1930 573 .

2036 513 2135 582 τρὺς
2163 513 2190 566 ὃ
2224 515 2251 583 ἡ
2285 510 2532 580 ἐνέργεια
2585 498 2733 577 ἐφόὖ
2764 504 2826 569 Γ,
2860 500 3064 575 μεταξῦ
3115 500 3173 555 δέ
3200 498 3381 553 αὐτῶν
3429 499 3579 568 ἐνέρ-

339 621 448 660 una
505 621 759 667 numero.
814 607 1072 662 videlicet
1123 607 1252 672 AG;
1307 623 1372 664 ac
1437 609 1605 664 etiam
1657 607 1903 678 agensA

2036 623 2131 658 ἐια
2172 604 2270 674 μία
2305 602 2380 674 τῷ
2405 599 2618 673 ἀριθμῷ
2648 601 2682 669 ἡ
2702 599 2786 652 ΑΓ
2806 615 2819 628 υ
2855 595 2999 663 λέγω
3025 595 3104 647 ὅτι
3125 593 3220 645 καὶ
3249 591 3309 644 τὸ
3325 591 3583 659 ἐνεργοῦν

338 711 508 751 unum
544 712 664 752 esse
709 713 962 752 numero.
1014 698 1121 754 Sed
1158 701 1271 754 sint
1305 701 1415 754 duo
1454 701 1582 764 AB;
1628 700 1669 753 Β
1721 711 1903 755 autem

2036 715 2047 746 ι
2081 696 2144 748 ἓν
2159 697 2306 757 ἐσμ-ιν
2330 689 2567 762 ἀριθμῷ.
2591 690 2684 754 Μὴ
2707 687 2816 758 γὰρ
2831 687 2946 740 ἀλλ’
2973 685 3114 737 ἔστω
3129 681 3223 736 δύο
3245 681 3313 734 τὰ
3330 682 3509 742 ΑΒ,τδ
3525 681 3582 732 δὲ

337 785 423 841 vel
457 802 581 856 pars
613 796 696 842 est
727 787 900 857 ipsius
931 789 999 854 A,
1037 790 1120 844 vel
1163 800 1317 845 extra
1350 792 1528 861 ipsum
1559 777 1824 860 positum.
1847 790 1906 847 Si

2036 788 2050 836 ι
2079 787 2196 858 ἦτοι
2239 785 2402 857 μέρος
2421 783 2566 836 ἐστιν
2585 779 2753 837 αὑτοῦ
2773 776 2868 832 τοῦ
2890 777 2935 831 Α
2956 776 2989 846 ἢ
3011 775 3181 845 χωρὶς
3203 772 3372 827 αὐτοῦ
3395 774 3585 840 κείμε-

339 876 508 944 igitur
542 877 716 947 ipsius
744 893 910 948 pars,
953 895 1066 934 non
1123 879 1270 934 aliud
1319 891 1517 950 przeter
1567 882 1747 950 ipsum
1796 889 1904 946 est,

2040 897 2115 933 ον.
2141 879 2200 931 Ei
2221 879 2320 946 μέν
2336 876 2429 931 οὖν
2451 876 2616 946 μέρος
2641 873 2789 927 ἐστὶν
2809 869 2998 936 αὑτοῦ,
3023 868 3123 921 οὐκ
3145 866 3276 921 ἄλλο
3298 865 3430 936 παρ’
3453 865 3586 917 αὺτό

340 966 436 1020 sed
471 982 638 1020 unum
692 982 818 1022 cum
873 968 1015 1036 ipso,
1049 979 1105 1023 et
1158 970 1239 1023 sic
1289 985 1508 1024 rursum
1570 981 1742 1026 totum
1799 973 1909 1026 erit

2043 990 2176 1035 στιν,
2199 953 2386 1024 ἀλλ”ἓν
2404 967 2713 1040 μετάὒτοῢ,
2736 964 2829 1018 καὶ
2851 962 2992 1016 οὕτω
3022 959 3184 1014 πάλιν
3207 956 3364 1010 ἔσται
3383 956 3442 1009 τὸ
3465 955 3585 1009 ὅλον

343 1072 513 1110 unum
565 1073 814 1113 numero.
845 1058 901 1114 Si
933 1075 1066 1114 vero
1097 1063 1326 1116 seorsim
1377 1072 1434 1117 et
1481 1072 1633 1118 extra
1671 1061 1804 1117 illud
1835 1064 1908 1117 si-

2036 1063 2069 1115 ζν
2100 1062 2343 1132 ἀριθμῷ.
2379 1061 2441 1113 El
2470 1060 2526 1113 δέ
2564 1057 2732 1128 χωρὶς
2785 1052 2951 1108 αὑτοῦ
3000 1052 3200 1110 κεῖται.
3235 1046 3434 1102 κείσθω
3485 1046 3585 1097 κά-

342 1157 457 1202 tum
509 1157 614 1213 est,
659 1150 836 1219 primo
889 1154 960 1204 sit
1013 1152 1250 1221 positum
1303 1153 1372 1206 ab
1420 1153 1560 1207 infra
1591 1195 1605 1220 ,
1657 1155 1910 1222 operatio

2036 1153 2192 1207 :wOev
2232 1157 2453 1222 πρῶτον
2473 1167 2485 1180 ·
2511 1151 2543 1220 ἡ
2574 1149 2629 1202 δὲ
2657 1146 2764 1203 ἀπὸ
2787 1143 2880 1198 τοῦ
2912 1144 2957 1198 Α
2990 1142 3124 1213 πρὸς
3157 1140 3217 1193 τὸ
3244 1141 3283 1191 Γ
3333 1138 3589 1206 ἐνέργεια

341 1253 475 1291 vero
522 1239 696 1303 ipsius
725 1242 762 1292 A
800 1240 864 1294 ad
897 1241 941 1296 G
977 1242 1061 1295 vel
1098 1243 1386 1312 :Pquabilis
1418 1251 1474 1298 et
1501 1245 1764 1298 continua
1803 1252 1907 1309 est,

2036 1247 2139 1316 ﬁtot
2225 1243 2406 1314 ὁμαλὴ
2467 1242 2560 1296 καὶ
2601 1239 2834 1309 συνεχής
2869 1239 3017 1290 ἐστιν
3071 1234 3104 1304 ἢ
3158 1230 3464 1301 ἀνώμαλος.
3527 1229 3590 1281 Εἰ

342 1331 428 1382 vel
465 1330 814 1399 inaequabilis
848 1333 949 1403 (a).
980 1335 1035 1388 Si
1072 1337 1359 1405 aequabilis
1389 1347 1444 1391 et
1472 1338 1755 1403 continua,
1781 1352 1908 1392 cum

2036 1339 2126 1390 ιέν
2157 1331 2468 1404 οὗν,ὀμαλὴ
2518 1332 2614 1386 καὶ
2643 1329 2878 1398 συνεχής
2927 1327 3040 1378 ἐστι
3092 1322 3192 1394 μία
3237 1319 3316 1389 τῷ
3368 1317 3590 1388 ἀριθμῷ

347 1435 454 1472 una
492 1435 724 1476 numero
777 1425 869 1487 sit,
928 1427 1282 1481 manifestum
1323 1436 1431 1493 est,
1483 1429 1618 1482 nihil
1655 1429 1704 1482 ei
1745 1429 1912 1483 colla-

2036 1425 2178 1490 ὦσα,
2203 1427 2361 1497 δῆλον
2383 1427 2464 1479 ὅτι
2507 1423 2661 1477 οὐδὲν
2683 1421 2819 1490 αὐτῇ
2850 1416 3210 1488 συμϐαλεῖται
3231 1413 3291 1465 τὸ
3314 1410 3353 1463 Β
3381 1410 3587 1480 μεταξῦ

348 1521 533 1564 turum
578 1528 700 1576 esse
746 1513 827 1581 Β,
875 1517 1022 1586 quod
1080 1518 1469 1572 intermedium
1529 1522 1767 1588 positum
1802 1529 1910 1584 est,

2036 1516 2430 1588 telpevov,~¢lt)t)t’
2466 1516 2584 1587 ἢτοι
2629 1514 2732 1566 οὐκ
2783 1510 3071 1580 ἐνεργήσει
3101 1505 3219 1576 ἦού
3254 1504 3390 1574 πρὸς
3421 1502 3481 1554 τδ
3531 1503 3590 1566 Γ,

348 1603 444 1655 sed
479 1603 519 1655 Β
547 1615 642 1658 aut
688 1606 829 1660 nihil
878 1618 1131 1663 acturum
1179 1618 1276 1664 aut
1306 1626 1418 1664 non
1449 1619 1708 1665 acturum
1751 1611 1818 1666 ad
1844 1611 1912 1678 G,

2036 1610 2267 1679 ιαθάπερ
2315 1609 2376 1661 τὸ
2405 1609 2471 1661 Α.
2513 1606 2576 1659 El
2599 1602 2932 1674 δ’ἀνὼμαλός
2963 1601 3103 1663 ἐστι,
3135 1596 3315 1666 δῆλον,
3352 1595 3432 1647 ὅτι
3471 1593 3593 1645 Esti-

347 1695 493 1749 sicut
524 1697 634 1766 agit
659 1700 724 1751 A.
767 1698 827 1753 Si
856 1715 986 1754 vero
1015 1701 1363 1771 inaequabilis
1391 1713 1494 1768 est,
1527 1703 1724 1772 liquet,
1754 1705 1906 1772 quod

2036 1697 2211 1751 ιτασίν
2233 1714 2356 1751 τινα
2376 1696 2590 1761 δέξεται
2619 1695 2760 1748 κατὰ
2783 1693 2841 1746 τὸ
2863 1693 2927 1758 Β,
2960 1691 3054 1744 καὶ
3078 1687 3431 1758 σφοδρωτέρα
3465 1685 3593 1736 eau-

349 1802 559 1841 moram
591 1791 882 1858 quamdam
933 1793 1197 1862 suscipiet
1225 1795 1528 1848 secundum
1575 1795 1616 1848 B
1642 1803 1698 1848 et
1733 1796 1913 1865 seipsa

2036 1791 2116 1861 τῆς
2146 1789 2298 1843 ἔσται
2319 1787 2569 1856 καθάπερ
2595 1801 2681 1845 τις
2711 1782 2959 1850 ποταμὸς
2992 1776 3436 1865 προσλαμϐάνων
3471 1775 3593 1828 ἐτε-

352 1876 550 1930 fortior
579 1880 707 1943 erit,
745 1881 886 1934 sicut
915 1881 1116 1937 lluvius
1151 1883 1373 1953 aliquis,
1409 1885 1504 1954 qui
1534 1884 1682 1939 aliud
1711 1864 1917 1942 ﬂumen

2036 1897 2116 1951 ρον
2147 1878 2347 1949 ῥεῦμα.
2368 1875 2541 1930 Τοῦτο
2569 1873 2717 1928 δὀὐκ
2739 1871 2852 1925 ἐστι
2885 1870 3014 1941 μιᾶς
3037 1865 3324 1937 ἐνεργείας
3349 1864 3444 1917 καὶ
3466 1880 3594 1954 συνέ

352 1970 408 2023 in
439 1985 496 2025 se
526 1972 743 2040 recipit.
777 1971 891 2028 Hoc
917 1990 1052 2031 vero
1080 1991 1190 2031 non
1238 1987 1324 2032 est
1363 1980 1526 2034 unius
1581 1980 1921 2050 operationis

2036 1968 2186 2039 εχοῦς
2239 1969 2370 2022 ἴδιον
2391 1981 2404 1995 ·
2435 1962 2674 2034 διακοπὴ
2702 1963 2810 2031 γάρ
2837 1976 2921 2021 τις
2947 1956 3152 2026 μεταξὺ
3172 1958 3468 2050 γενήσεται
3496 1953 3591 2050 διαὶ

350 2075 415 2113 ac
441 2063 718 2118 continua
748 2068 1050 2135 preprium.
1105 2066 1236 2122 Nam
1276 2070 1516 2139 irruptio
1569 2045 1818 2140 quaedam
1865 2080 1923 2128 et

2036 2059 2276 2130 συμϐολὴ
2330 2058 2428 2128 τῆς
2476 2055 2585 2129 ἀπο
2633 2051 2790 2107 τοῦΒ
2823 2049 3132 2120 ἐνεργείας,
3183 2047 3278 2101 καὶ
3319 2045 3462 2098 οὕτω
3508 2045 3590 2140 οι-

355 2149 614 2207 iucursus
648 2157 870 2223 quidam
904 2159 1271 2214 intermedius
1297 2162 1388 2216 ﬁet
1417 2163 1778 2230 operationis,
1799 2152 1922 2232 quas

2036 2154 2130 2221 τιλῆ
2159 2152 2192 2222 ἡ
2223 2148 2472 2221 ἐνέργεια
2500 2147 2677 2209 ἔσται,
2723 2142 2818 2196 καὶ
2848 2141 2948 2210 οὐχ
2979 2137 3148 2232 ἁπλῆ,
3201 2137 3323 2232 οὐδὲ
3359 2136 3478 2205 μία.
3501 2133 3590 2232 Ii

353 2256 440 2297 est
477 2260 506 2299 a
538 2245 598 2310 Β,
651 2253 706 2301 et
736 2249 818 2303 sic
856 2249 1064 2320 duplex
1099 2253 1349 2321 operatio
1376 2253 1507 2316 erit,
1541 2264 1597 2309 et
1644 2271 1753 2309 non
1782 2256 1920 2310 sim-

352 2335 498 2403 plex.
527 2335 727 2393 Eadem
761 2355 890 2394 vero
919 2343 1195 2406 evenient,
1229 2343 1274 2396 si
1307 2358 1471 2414 supra
1501 2344 1544 2398 Α
1573 2345 1814 2414 positum
1836 2353 1924 2401 est

354 2428 417 2493 B,
447 2430 542 2483 sed
582 2439 820 2500 ponatur
846 2447 914 2488 ex
939 2432 1167 2502 obliquo
1190 2433 1286 2486 τοῦ
1319 2435 1400 2501 A;
1437 2436 1792 2491 manifestum
1829 2435 1922 2491 hic

357 2521 533 2576 multo
575 2523 746 2593 magis
794 2534 909 2590 est;
953 2524 1091 2580 duas
1120 2541 1243 2599 esse
1285 2528 1660 2596 operationes,
1691 2529 1920 2583 alteram

354 2612 578 2682 quidem
625 2630 771 2682 eam,
821 2632 944 2686 quae
981 2627 1066 2672 est
1095 2618 1164 2672 ab
1194 2619 1231 2673 A
1265 2619 1331 2674 ad
1363 2620 1430 2682 (ἓ.
1493 2621 1721 2676 alteram
1788 2636 1923 2678 vero

355 2721 500 2769 eain,
535 2722 656 2776 qua:
686 2717 768 2762 est
795 2723 824 2762 a
854 2707 897 2761 Β
926 2709 992 2762 ad
1023 2709 1167 2764 idem
1196 2710 1262 2765 G.
1295 2709 1645 2781 lmpossibile
1665 2721 1922 2784 estergo,

357 2813 520 2852 unam
565 2815 794 2854 numero
825 2803 1204 2870 operationem
1256 2809 1323 2856 ad
1374 2803 1482 2859 duo
1522 2805 1738 2875 agentia
1784 2807 1924 2860 rela-

358 2890 564 2945 tionem
600 2891 826 2954 habere,
871 2893 1335 2962 quemadmodum
1381 2894 1719 2964 impossibile
1759 2898 1926 2954 unius

356 2978 519 3033 linea:
595 2997 663 3035 ex
722 2982 987 3036 alterutra
1067 2983 1418 3051 parte’duos
1459 2999 1581 3040 esse
1639 2989 1922 3042 terminos.

359 3071 533 3141 Igitur
591 3087 702 3127 uno
759 3089 992 3128 numero
1039 3075 1291 3144 operatio
1346 3076 1414 3129 ad
1474 3091 1644 3130 unum
1695 3093 1926 3134 numero

2023 2245 2209 2300 δἀὐτὰ
2244 2244 2338 2297 καὶ
2384 2241 2434 2294 εί
2478 2239 2556 2310 (l)
2605 2236 2720 2291 ἄνω
2746 2233 2840 2288 τοῦ
2877 2233 2922 2285 Δ
2947 2233 3007 2284 τὺ
3059 2231 3100 2284 Β
3132 2231 3333 2294 κεῖται,
3375 2229 3591 2298 συμὸήο

2025 2355 2197 2392 σεται.
2239 2334 2403 2389 Ἀλλὰ
2453 2333 2519 2404 δὴ
2559 2327 2765 2384 κείσθω
2797 2328 2864 2380 ἐκ
2915 2323 3156 2392 πλαγίου
3201 2321 3296 2376 τοῦ
3334 2323 3377 2374 Α
3421 2320 3584 2390 δῆλον

2023 2430 2087 2498 δὴ
2118 2427 2350 2483 ἐνταῦθα
2387 2422 2568 2493 πολλῷ
2627 2418 2854 2492 μᾶλλον,
2894 2418 2978 2471 ὅτι
3029 2414 3124 2467 δύο
3151 2413 3289 2466 εἰσὶν
3338 2412 3395 2465 αἱ
3434 2411 3593 2480 ἐνέρ-

2024 2538 2192 2593 γειαι,
2228 2520 2325 2591 μία
2357 2518 2456 2589 μὲν
2488 2518 2519 2586 ἡ
2551 2512 2659 2568 ἀπὸ
2707 2510 2805 2566 τοῦ
2858 2511 2904 2563 Α
2931 2508 3070 2578 πρὸς
3118 2504 3176 2558 τὸ
3209 2503 3271 2568 Γ,
3322 2501 3484 2570 ἑτέρα
3515 2500 3594 2593 et

2025 2591 2059 2685 ἦ
2107 2614 2214 2666 ἀπὸ
2250 2609 2344 2664 τοῦ
2385 2611 2424 2662 Β
2468 2606 2605 2676 πρὸς
2638 2604 2700 2659 τὸ
2744 2601 2878 2656 αὐτὸ
2905 2597 3276 2654 Γ.Ἀδύνατον
3313 2593 3424 2685 ἦρα
3463 2591 3598 2685 μίαν

2025 2681 2103 2773 eq»
2132 2699 2351 2773 ἀριθμῷ
2392 2697 2676 2768 ἐνέργειαν
2708 2691 2848 2765 πρὸς
2891 2689 2986 2742 δύο
3029 2689 3100 2741 τὰ
3135 2681 3465 2756 ἐνεργοῦντα
3494 2682 3598 2750 τὴν

2028 2795 2307 2865 ἀναφορὰν
2337 2792 2507 2862 ἔχειν,
2559 2786 2811 2855 καθάπερ
2846 2782 3110 2838 ἀδύνατον
3163 2779 3296 2848 μιᾶς
3328 2775 3597 2846 γραμμῆς

2028 2891 2092 2943 ἐκ
2121 2886 2349 2956 Θατέρου
2385 2883 2583 2953 μέρους
2616 2879 2710 2932 δύο
2752 2877 2821 2931 τὰ
2844 2875 3064 2944 πέρατα
3103 2866 3264 2924 εῐναι.
3319 2869 3434 2922 Μία
3486 2866 3601 2935 ἄρα

2026 2979 2105 3052 τῷ
2129 2976 2346 3049 ἀριθμῷ
2381 2975 2634 3044 ἐνέργεια
2666 2971 2804 3042 πρὸς
2851 2968 2910 3021 ἓν
2971 2961 3192 3036 ἀριθμῷ
3221 2961 3282 3014 τὸ
3333 2957 3596 3052 ἐνεργοῦν

2029 3049 2385 3141 ἀναφέρεται.
2443 3067 2624 3119 Ἔστω
2686 3061 2745 3115 τδ
2799 3057 3057 3130 ἐνεργοῦν
3084 3056 3149 3122 Α,
3181 3052 3374 3122 Πατήρ
3399 3068 3460 3104 τε
3502 3049 3600 3103 καὶ

356 3179 528 3233 agens
554 3163 814 3218 refertur.
846 3163 978 3219 Esto
1001 3143 1169 3236 agens
1215 3165 1280 3228 Α,
1308 3167 1473 3222 Pater
1495 3175 1550 3222 et
1584 3167 1922 3238 productor;

2036 3162 2348 3236 προδολεὺς,
2383 3162 2444 3212 το
2471 3157 2608 3229 πρὸς
2637 3155 2666 3209 ὃ
2707 3156 2742 3224 ἡ
2794 3154 3044 3222 ἐνέργεια
3081 3148 3120 3200 Γ
3142 3187 3157 3211 ,
3183 3150 3219 3219 ἡ
3276 3147 3371 3199 τοῦ
3423 3143 3584 3238 ἁγίου

361 3255 414 3309 id
451 3257 522 3310 ad
557 3255 702 3325 quod
734 3256 983 3326 operatio
1012 3256 1078 3322 G,
1129 3256 1373 3327 Spiritus
1405 3260 1578 3314 sancti
1613 3259 1926 3316 subsisten-

363 3349 466 3406 tia,
499 3345 831 3400 intermedia
853 3359 988 3399 vero
1022 3345 1168 3399 inter
1200 3345 1316 3399 haec
1364 3345 1690 3415 productiva
1722 3361 1828 3400 una
1876 3355 1932 3401 et

361 3434 596 3503 simplex
635 3444 803 3505 atque
834 3435 1172 3504 sempiterna
1196 3435 1467 3504 operatio,
1500 3437 1541 3490 Β
1565 3451 1696 3492 vero
1737 3437 1809 3491 sit
1842 3437 1932 3490 Fi-

362 3525 492 3580 lius.
534 3525 616 3580 Ad
654 3541 827 3580 unum
861 3539 995 3596 ergo
1023 3524 1264 3592 Patrem,
1286 3533 1342 3580 et
1378 3539 1489 3580 non
1519 3524 1586 3580 ad
1620 3524 1817 3580 Filium
1849 3540 1935 3578 re-

364 3616 543 3671 fertur
571 3617 900 3687 produetiva
952 3616 1132 3672 sancti
1175 3615 1421 3686 Spiritus
1471 3617 1757 3687 operatio,
1812 3632 1935 3686 quae

365 3725 473 3764 una
503 3723 569 3764 ac
597 3709 909 3780 personalis
944 3717 1049 3765 est.

1023 3820 1302 3879 ΝΙΟίΕΝΙ.

436 3937 599 3993 Subit
638 3952 724 3992 me
759 3935 926 4003 risus,
955 3935 1112 4006 isque
1154 3934 1473 4002 vehemens,
1506 3937 1729 4008 quando
1765 3944 1819 3992 te
1858 3937 1941 3993 vi-

369 4029 473 4083 deo
506 4025 1079 4084 demonstrationibus
1108 4040 1177 4080 ex
1222 4025 1423 4082 litteris
1443 4034 1500 4081 et
1557 4026 1720 4081 lineis
1752 4026 1941 4097 petitis

367 4122 436 4177 de
464 4121 533 4176 iis
561 4136 683 4191 quze
709 4120 910 4174 mentis
943 4117 1118 4172 aciem
1152 4116 1566 4171 transcendunt
1583 4119 1737 4187 quasi
1770 4119 1942 4174 ratio-

366 4215 642 4270 cinantem
669 4222 725 4268 et
757 4227 822 4267 ea
868 4226 991 4282 quae
1025 4217 1157 4265 sunt
1210 4223 1378 4278 supra
1411 4223 1630 4264 omnem
1670 4210 1942 4268 rationem

366 4303 719 4377 geometricis
756 4300 1178 4358 necessitatibus
1233 4300 1704 4370 comprehendere
1739 4317 1945 4358 conan-

369 4409 499 4465 tem,
533 4407 590 4454 et
611 4396 833 4468 quando
862 4396 1013 4451 nulla
1055 4395 1154 4451 tibi
1192 4404 1392 4468 praesto
1419 4405 1503 4450 est
1548 4394 1710 4459 ratio,
1751 4395 1942 4453 Eccle-

2034 3258 2359 3328 Πνεύματος
2393 3251 2662 3323 ὖπαρξιςο
2700 3245 2908 3319 μεταξῦ
2967 3243 3025 3297 δέ
3071 3239 3251 3296 αὐτῶν
3286 3241 3320 3309 ﬂ
3362 3237 3603 3309 προσλη-

2034 3351 2163 3420 τικὴ
2202 3347 2296 3402 τοῦ
2341 3344 2659 3414 Πνεύματος
2695 3341 2794 3411 μία
2829 3337 2926 3392 καὶ
2953 3335 3133 3402 ἁπλῆς
3180 3333 3274 3388 καὶ⁵
3303 3332 3474 3394 diem;
3513 3333 3605 3382 ὲν-

2032 3444 2221 3512 έργεια
2244 3456 2260 3472 ·
2292 3438 2354 3492 τὸ
2377 3437 2416 3490 Β
2440 3436 2498 3489 δέ
2527 3437 2554 3489 ὁ
2585 3434 2736 3497 mg.
2757 3430 2903 3502 Πρὸς
2932 3429 3097 3499 μόνον
3129 3426 3238 3496 ἄρα
3265 3424 3356 3477 τὸν
3385 3420 3635 3512 Πατέρα·

2033 3537 2130 3589 καὶ¹
2162 3534 2223 3586 οὗ
2281 3533 2419 3603 πρὸς
2449 3529 2540 3585 τὸν
2583 3525 2713 3581 Υίδν
2770 3523 3110 3596 ἀναφέρεται
3162 3524 3196 3590 ἡ
3257 3517 3605 3590 προσλητικὴ

2035 3622 2130 3679 τοῦ
2167 3620 2488 3690 Πνεῦματος
2545 3619 2646 3690 μία
2696 3615 3026 3688 προσωπικὴ
3077 3613 3332 3683 ἐνέργεια
3365 3608 3466 3683 (2).

2579 3818 2718 3874 ΤΟΥ
2750 3815 3055 3872 ΝΙΚΔῙΑΣ.

2113 3937 2352 4012 Ἐπειοί..
2365 3952 2456 4007 μοι
2479 3935 2573 3989 καὶ
2601 3931 2808 4003 σφόδρα
2838 3930 3026 4001 γελᾷν,
3054 3927 3182 3982 ὅταν
3217 3923 3277 3978 σὲ
3302 3925 3392 3976 καὶ
3428 3935 3609 3993 γραμ-

2044 4035 2234 4105 μικαῖς
2288 4009 2628 4096 ἀξιοδείξεσιν
2673 4023 2786 4094 ὁρῶ
2817 4021 2947 4093 περὶ
2977 4020 3087 4074 τῶν
3122 4017 3263 4087 ὑπὲρ
3294 4015 3420 4070 νοῦν
3448 4015 3613 4068 οίονει

2043 4117 2632 4194 συλλογιζόμενον,καὶ
2675 4117 2745 4171 τὰ
2784 4114 2927 4185 ὑπὲρ
2959 4113 3140 4168 πάντα
3187 4111 3342 4178 λόγον
3390 4123 3613 4176 γεωμε-

2043 4217 2260 4288 τρικαῖς
2312 4215 2583 4282 ἀνάγκαις
2636 4206 3068 4282 περιλαμϐάνειν
3118 4201 3482 4272 πειρώμενον,
3517 4198 3615 4250 καὶ

2045 4311 2174 4364 ὅταν
2203 4309 2302 4378 μιν
2356 4303 2584 4376 μηδενὸς
2625 4302 2868 4370 εὐπορῇς
2910 4297 3093 4366 λόγου,
3142 4297 3239 4363 τῆς
3285 4288 3614 4359 Ἐκκλησίας

2046 4397 2172 4458 τοὺς
2206 4393 2604 4465 συλλογισμοὺς
2640 4392 2715 4454 ὡς
2744 4390 2808 4460 δὴ
2835 4391 2896 4442 οὐ
2925 4386 3148 4456 θεμιτὸν
3190 4383 3249 4436 ὃν
3274 4383 3456 4440 αὐτοῖς
3486 4378 3616 4449 χρῆ-

369 4495 462 4547 sise
496 4491 859 4563 syl10gismos,
893 4489 1050 4559 quasi
1074 4487 1158 4545 eis
1184 4489 1264 4544 uti
1296 4489 1369 4545 sit
1399 4488 1576 4551 nefas.
1636 4490 1787 4545 clare
1813 4506 1930 4560 pro-

2049 4491 2174 4545 σθαι
2218 4476 2489 4558 λαμπρῶς
2540 4481 2892 4556 ἐξορίζοντα·
2930 4480 3060 4532 ὅταν
3101 4475 3160 4529 δέ
3218 4473 3418 4544 μικρᾶς
3471 4483 3617 4564 two?

368 4585 458 4639 cul
522 4584 880 4652 relegantem,
914 4580 1136 4654 quando
1168 4595 1299 4637 vero
1335 4580 1613 4637 inveneris
1670 4582 1756 4637 vel
1810 4597 1936 4652 par-

2048 4580 2401 4651 ἐπιλαμϐάνῃ
2451 4575 2732 4647 ἀφορμῆς,
2797 4570 3013 4643 μεγάλα
3069 4564 3372 4639 φρονοῦντα
3411 4562 3503 4614 ἐπὶ
3540 4559 3617 4627 τῷ

439 4698 518 4770 (a)
559 4696 635 4753 De
669 4697 757 4753 his
786 4695 911 4752 vide
953 4695 1188 4751 Aristot.
1223 4693 1386 4766 Phys.
1439 4694 1678 4750 auscult.
1713 4694 1752 4751 ι.
1791 4710 1856 4761 v,
1887 4709 1938 4750 c.
1971 4662 2026 4762 ι,
2059 4693 2116 4766 §§
2154 4693 2216 4748 ta
2246 4707 2364 4762 seq.
2399 4706 2457 4762 ρ.
2495 4689 2621 4744 ait.

439 4817 515 4892 (l)
555 4814 703 4872 Men.
736 4813 828 4882 27,
858 4811 901 4868 Ι.
930 4810 1036 4868 246
1062 4826 1094 4868 a
1131 4829 1144 4867 :
1179 4811 1236 4882 ἡ.

985 5193 1036 5269 τέ

990 5351 1026 5418 ’ὁ

991 5465 1044 5499 με

977 5501 1028 5558 ’ἐ

991 5563 1029 5623 ἓ

1901 5255 1952 5298 ..ς
2043 5210 2100 5256 (ξ

1081 4941 2909 5836 <

1283 5415 1336 5452 '1

2823 5796 2882 5840 >1
2899 5807 2917 5840 η

2111 4807 2188 4879 (2)
2222 4807 2278 4860 In
2309 4803 2551 4874 margine
2591 4803 2709 4859 haec
2742 4797 3016 4870 reperitur
3041 4795 3213 4866 ﬁgura
3243 4807 3261 4846 :

2963 4900 3016 4942 ε

2963 4947 2997 4980 Ω

2962 4984 2998 5013 ﬂ

2944 5017 3015 5049 ’⁵ο

2943 5058 2996 5090 ὀ
