3966 6218
332 417 443 484 913

1378 427 1804 494 ΒΕΕΗΤΑΤΙΩ
1849 435 2086 498 MARCl
2133 438 2276 502 EPI]
2292 443 2514 506 ESL‘II.

3465 451 3572 515 ΞΜ

333 528 774 598 συλλογίζεσθαι.
809 532 927 584 Ἵνα
955 532 1011 586 δὲ
1047 535 1217 606 εἰδῇς,
1245 537 1321 602 ὡς
1355 540 1478 594 οὔτε
1512 547 1544 614 ἡ
1578 547 1642 598 ἐκ
1677 547 1908 615 πλαγίου

2015 565 2134 604 vam
2166 551 2458 622 quamdam
2491 555 2862 620 occasionem,
2921 558 2974 612 in
3037 560 3398 617 ratiocinandi
3453 576 3573 622 arte

331 638 422 680 σοι
455 623 582 678 οὔτε
613 625 645 694 ἡ
670 623 785 677 ἄνω
813 624 938 679 οὔτε
963 627 996 696 ἡ
1029 629 1180 683 κάτω
1210 631 1305 684 τοῦ
1339 633 1594 707 δευτέρου
1619 639 1903 705 ποιοῦντος

334 717 488 779 θέσις
519 715 670 769 οὐδὲν
697 716 835 786 πρὸς
857 717 954 771 τὸν
985 721 1346 790 προκείμενον
1366 726 1544 794 λόγον,
1571 731 1705 784 ἀλλὰ
1734 733 1907 787 πάντα

334 809 546 878 μάταιά
569 825 629 861 τε
658 809 756 861 καὶ
788 811 1082 878 σωματικά
1114 812 1232 866 ἔστι
1264 816 1359 868 καὶ
1395 817 1640 883 διανοίας
1679 823 1906 892 μηδαμῆ

331 897 434 967 τὴν
484 898 739 968 αἴσθησιν
785 899 1225 973 ὑπερϐαινούσης
1271 908 1658 980 φαντάσματα,
1703 913 1906 980 φαμὲν,

333 989 382 1040 εί
426 989 522 1041 καὶ
552 989 816 1052 πολλάκις
845 992 1175 1062 είρήκαμεν,
1207 995 1286 1058 ὡς
1327 998 1426 1067 μία
1477 1003 1572 1053 καὶ
1619 1003 1651 1072 ἡ
1681 1003 1818 1072 αὐτὴ
1849 1005 1907 1057 ἐν

333 1080 512 1149 Πατρὶ
549 1082 643 1134 καὶ
680 1081 794 1151 Υίῷ
826 1082 919 1136 τοῦ
949 1086 1280 1156 προϐάλλειν
1309 1090 1464 1143 ἐστὶν
1505 1093 1777 1162 ἐνέργεια,
1811 1095 1908 1148 καὶ

331 1165 414 1234 εἷς
458 1172 567 1224 είσι
596 1173 898 1242 προϐολεὺς
924 1176 1093 1245 ἄμφω
1139 1179 1236 1231 καὶ
1282 1179 1341 1233 ἐν
1366 1182 1588 1253 άριθμῷ
1622 1186 1907 1254 ἐνεργοῦν,

330 1261 387 1314 εί
412 1276 495 1322 τις
521 1261 719 1333 δηλαδὴ
751 1264 850 1332 τὴν
887 1264 1053 1332 φύσιν
1084 1268 1257 1339 αὐτὴν
1283 1270 1458 1342 ὁρῴη,
1491 1273 1615 1327 καθ’
1643 1275 1708 1346 ἡν
1737 1277 1906 1346 ἄμφω

330 1353 640 1423 ἐνεργοῦσι,
679 1355 778 1426 τὴν
825 1357 996 1428 αὐτὴν
1045 1362 1139 1412 καὶ
1187 1361 1316 1428 μίαν
1367 1365 1587 1435 ἀριθμῷ
1635 1370 1728 1421 καὶ
1772 1369 1905 1437 ὑφε-

335 1450 609 1532 σῗτηκυῖαν
638 1448 697 1501 ὲν
723 1449 922 1518 ἀμφοῖν
940 1447 1128 1508 οὖσαν.
1154 1456 1234 1508 Τὰ
1258 1457 1368 1527 γὰρ
1395 1459 1490 1512 καὶ
1517 1459 1612 1514 δύο
1642 1462 1908 1532 πρόσωπα

329 1531 507 1600 εἶναι,
536 1539 632 1593 καὶ
659 1539 751 1593 δύο
773 1542 900 1605 τοὺς
929 1545 1330 1612 προϐάλλοντας
1431 1531 1778 1618 ὑποστάσεις,
1815 1554 1908 1606 οῦ-

330 1627 431 1680 δὲν
477 1628 558 1698 τῷ
588 1630 728 1700 λόγῳ
773 1632 1116 1700 λυμαίνεται·
1171 1636 1294 1692 οὔτε
1341 1641 1572 1713 δυαρχία
1620 1644 1709 1697 διὰ
1751 1644 1909 1698 τοῦτο

331 1721 654 1788 εἰσάγεται,
679 1724 805 1778 οὔτε
829 1728 1101 1798 ἐνέργειαι
1121 1731 1235 1796 δύο,
1273 1733 1379 1796 ἓως
1403 1734 1468 1788 ἂν
1499 1739 1533 1805 ὴ
1573 1738 1756 1805 φύσις,
1787 1739 1906 1792 καθ’

333 1810 407 1878 ἢν
442 1810 612 1879 ἄμφω
643 1814 1030 1885 προϐάλλουσι,
1068 1821 1168 1888 μία
1202 1823 1298 1876 καὶ
1325 1823 1358 1891 ἠ
1392 1824 1529 1896 αὐτὴ
1563 1826 1785 1898 ἀριθμῷ
1814 1829 1908 1882 καὶ

332 1901 680 1973 nepetae-quoia
775 1911 836 1962 ὲν
867 1911 1091 1979 ἀμφοῖν,
1125 1912 1201 1975 ὡς
1225 1914 1464 1986 εἴρηται.
1492 1917 1568 1970 Οὐ
1603 1920 1786 1987 μέντοι
1815 1921 1903 1974 διά

333 1992 500 2048 τοῦτο
540 1996 635 2050 καὶ
668 1996 729 2052 τὸ
777 1999 1003 2070 Πνεῦμα
1043 2002 1075 2072 ἢ
1112 2004 1274 2057 ἑαυτὸ
1327 2007 1654 2076 προϐάλλειν
1692 2011 1903 2079 ἀνάγκη

331 2086 426 2140 διὰ
451 2088 513 2139 τὸ
543 2089 684 2142 κατὰ
723 2090 824 2162 τὴν
852 2093 1044 2164 κοινὴν
1079 2097 1482 2165 προϐάλλεσθαι
1521 2101 1707 2168 φύσιν,
1741 2103 1774 2174 ἤ
1809 2105 1906 2158 ἄλ-

332 2176 437 2244 λης
471 2177 687 2244 φύσεως
721 2178 862 2235 εἶναι
903 2183 979 2254 μὴ
1010 2187 1175 2240 ἑαυτὸ
1229 2190 1532 2260 προϐάλλον
1561 2192 1664 2262 (ί),
1699 2193 1760 2247 τὸ
1805 2195 1906 2263 μὶν

332 2266 424 2319 διὰ
460 2269 524 2321 τὸ
559 2273 636 2340 μὴ
666 2271 928 2328 δύνασθαι
964 2279 1058 2329 καὶ
1107 2279 1435 2348 προϐάλλειν
1465 2284 1560 2337 καὶ
1606 2285 1906 2356 προϐάλλε-

332 2361 485 2425 σθαι,
537 2362 598 2413 τὸ
624 2363 678 2415 δὲ
709 2363 794 2418 ὃτι
844 2367 967 2420 οὐδὲ
1009 2368 1100 2423 τὸν
1131 2371 1259 2425 Υίδν
1312 2373 1481 2444 ἄλλης
1517 2377 1729 2444 φύσεως
1765 2373 1906 2430 εἶναι

332 2453 535 2520 φήσεις
560 2449 699 2508 εἰναι
724 2455 757 2526 ἢ
789 2459 818 2510 ό
849 2457 1060 2530 Πατὴρ,
1090 2463 1268 2518 καίτοι
1306 2481 1370 2532 γε
1405 2469 1545 2521 κατὰ
1587 2471 1688 2539 τὴν
1719 2469 1907 2542 κοινὴν

333 2544 441 2613 μιν
480 2545 648 2613 φύσιν
697 2549 1060 2619 γεννώμενον,
1110 2555 1172 2607 οὐ
1213 2556 1397 2624 μέντοι
1435 2575 1500 2625 γε
1533 2559 1730 2614 ἑαυτὸν
1783 2577 1910 2630 γεν-

330 2634 538 2692 νῶντα.
571 2637 646 2691 Ἥ
696 2656 756 2692 τε
794 2640 889 2695 οῦν
941 2643 1035 2696 τοῦ
1079 2646 1405 2715 προϐάλλειν
1456 2651 1668 2722 Πατρός
1716 2668 1778 2704 τε
1811 2654 1909 2707 καὶ

331 2725 470 2779 Υίοῦ
521 2729 771 2798 ἐνέργεια
814 2733 915 2802 μία
960 2735 1055 2789 καὶ
1103 2739 1136 2807 ἠ
1185 2738 1323 2808 αὐτὴ
1355 2741 1625 2813 τάριθμῷ,
1681 2744 1776 2797 καὶ
1808 2745 1907 2816 οὐχ

327 2818 517 2887 ἥττων
553 2822 649 2889 μιν
670 2824 734 2876 ὲκ
767 2825 976 2895 Πατρὸς
1003 2828 1190 2897 μόνου,
1222 2831 1424 2899 μείζων
1453 2833 1510 2886 δὲ
1539 2837 1572 2905 ἡ
1599 2838 1663 2890 ἐκ
1695 2838 1907 2907 Πατρός

327 2911 436 2962 καὶ
471 2911 624 2977 Υίοῦ,
649 2913 771 2968 οὔτε
799 2919 966 2986 μέρος
993 2921 1026 2987 ἠ
1059 2919 1120 2986 ἐξ
1159 2921 1288 2975 Υίοῦ
1322 2924 1421 2994 τῆς
1450 2925 1515 2978 ἑκ
1545 2925 1641 2979 τοῦ
1672 2929 1906 2999 Πατρδς,

327 3004 365 3072 ἦ
422 3005 486 3056 τὸ
538 3005 828 3074 ἀνάπαλιν,
879 3009 1002 3068 οὔτε
1053 3014 1337 3084 ἀνώμαλος
1386 3019 1654 3090 πρότερόν
1705 3039 1764 3074 τε
1814 3025 1911 3078 καὶ

2006 655 2355 711 summopere
2381 642 2707 714 gloriantem
2735 654 2790 700 et
2829 649 3258 717 superbientem.
3289 649 3361 709 Ut
3389 664 3570 709 autem

2007 734 2175 797 scias,
2211 744 2358 788 tuam
2416 736 2643 790 secundi
2683 739 2905 808 agentis
2933 741 3017 795 vel
3041 757 3108 796 ex
3143 743 3364 812 obliguo
3401 742 3492 798 vel
3517 747 3570 799 in

2007 823 2236 879 summis
2265 826 2349 879 vel
2407 826 2460 880 in
2495 827 2702 884 inlimis
2775 831 3108 899 positionem
3146 833 3285 887 nihil
3345 835 3571 888 omnino

2007 915 2071 968 ad
2106 927 2426 984 prresentem
2455 904 2636 974 facere
2669 923 3074 985 tractationem,
3130 926 3222 977 sed
3251 935 3449 978 cuncta
3479 940 3570 978 va-

2011 1021 2074 1059 na
2102 1021 2221 1061 esse
2250 1014 2305 1062 et
2341 1011 2667 1079 corporalia,
2699 1020 2753 1066 et
2785 1013 2988 1068 mentis
3023 1029 3367 1084 nequaquam
3403 1031 3572 1084 super

2008 1111 2204 1152 sensus
2242 1107 2416 1154 semet
2438 1102 2706 1159 elevantis
2755 1103 3159 1174 phantasmata,
3211 1105 3470 1165 dicimus.
3505 1103 3572 1157 li-

2007 1199 2093 1242 cet
2115 1189 2228 1259 jam
2260 1192 2459 1260 saepius
2484 1192 2800 1249 dixerimus.
2835 1211 2997 1249 unam
3023 1210 3142 1250 eam
3156 1196 3386 1264 demque
3441 1208 3575 1248 esse

2008 1279 2063 1333 in
2100 1281 2261 1336 Patre
2289 1290 2345 1338 et
2369 1283 2506 1338 Filio
2523 1285 2864 1355 producendi
2895 1287 3294 1356 operationem,
3322 1296 3376 1340 et
3400 1300 3572 1339 unum

2008 1384 2128 1424 esse
2190 1372 2486 1442 spirantem
2539 1383 2832 1446 utrumque
2890 1385 3056 1446 atque
3115 1391 3282 1428 unum
3343 1390 3578 1428 numero

2007 1473 2195 1529 agens,
2225 1462 2271 1517 si
2298 1463 2424 1532 quis
2463 1464 2722 1518 nlmirunz
2775 1474 3028 1520 naturam
3095 1465 3272 1534 ipsam
3320 1473 3570 1533 spectet;

2008 1553 2310 1608 secundum
2343 1569 2510 1624 quam
2566 1555 2728 1610 ambo
2760 1565 3081 1624 operantur,
3141 1570 3264 1624 qua:
3315 1571 3422 1610 una
3479 1570 3574 1608 ea-

2009 1646 2246 1714 demque
2272 1663 2504 1702 numero
2527 1663 2591 1704 ac
2615 1649 2918 1705 subsistens
2941 1650 2995 1702 in
3014 1649 3282 1703 ambobus
3305 1655 3407 1702 est.
3435 1645 3570 1700 Nam

2009 1739 2153 1809 quod
2188 1739 2310 1795 duae
2341 1755 2590 1810 persona:
2623 1749 2827 1796 suntet
2855 1740 2966 1795 duo
3008 1742 3282 1811 spirantes
3304 1749 3572 1809 quatenus

2012 1831 2351 1900 hypostases,
2378 1831 2435 1887 id
2463 1831 2600 1887 nihil
2645 1832 2810 1887 ollicit
2845 1833 3045 1887 rationi
3089 1833 3238 1893 huic.
3281 1846 3460 1898 neque
3487 1830 3570 1883 id-

2010 1923 2159 1979 circo
2191 1922 2588 1992 principiorum
2619 1923 2856 1978 dualitas
2906 1924 3191 1980 inducitur
3221 1938 3402 1993 neque
3450 1923 3571 1974 duze

2007 2015 2375 2082 Operationes,
2397 2015 2638 2085 quandiu
2658 2027 2874 2081 natura,
2892 2016 3192 2070 secundum
3217 2030 3378 2084 quam
3410 2012 3575 2064 amho

2002 2106 2315 2176 producunt
2373 2108 2488 2162 sive
2535 2116 2770 2176 spirant,
2841 2106 3035 2162 eadem
3091 2120 3322 2160 numero
3353 2118 3416 2156 ac
3443 2103 3575 2156 sub-

2007 2198 2206 2252 sistens
2249 2199 2321 2252 sit
2354 2199 2408 2252 ln
2449 2198 2720 2254 ambobus
2751 2198 2830 2252 uti
2861 2197 3070 2252 dictum
3101 2205 3204 2251 est.
3240 2195 3357 2250 Non
3388 2203 3576 2246 tamen

2008 2298 2303 2359 propterea
2335 2298 2390 2344 et
2427 2288 2690 2359 Spiritum
2719 2289 2802 2344 vel
2833 2305 2892 2343 se
2921 2290 3099 2357 ipsum
3129 2287 3436 2358 producere
3473 2300 3570 2336 ne-

2009 2395 2162 2436 cesse
2192 2388 2295 2446 est,
2338 2381 2464 2450 quia
2507 2380 2810 2435 secundum
2845 2393 3191 2434 communem
3249 2377 3577 2447 producitur

2008 2479 2284 2530 naturam.
2312 2471 2402 2525 vel
2435 2470 2663 2526 alterius
2687 2480 2901 2525 naturae
2930 2483 3073 2532 esse,
3110 2468 3158 2522 si
3183 2483 3294 2521 non
3329 2467 3573 2532 seipsunr

2008 2563 2316 2634 producat;
2345 2563 2481 2619 illud
2513 2564 2759 2633 quidem,
2785 2563 2914 2634 quia
2948 2577 3055 2617 non
3085 2570 3265 2632 potest
3311 2560 3472 2615 simul
3506 2568 3560 2612 et

2009 2652 2315 2720 producere
2343 2661 2398 2707 et
2434 2654 2684 2722 produci,
2718 2652 2826 2708 hoc
2853 2667 2986 2710 vero
3009 2652 3139 2722 quia
3176 2665 3353 2721 neque
3371 2648 3573 2704 Filium-
3617 2684 3632 2698 ς

2009 2747 2237 2801 alterius
2267 2756 2482 2802 natura:
2506 2762 2628 2802 esse
2651 2745 2970 2812 amrmabis,
3027 2761 3194 2815 quam
3262 2752 3346 2799 est
3391 2742 3574 2805 Pater,

2009 2840 2263 2908 quamvis
2301 2839 2606 2896 secundum
2651 2852 3000 2893 communem
3037 2845 3291 2891 naturam
3321 2835 3393 2888 sit
3425 2834 3580 2903 geni-

2008 2943 2121 2998 tus,
2157 2948 2264 2987 non
2291 2941 2474 2988 tamen
2512 2933 2754 3000 seipsum
2804 2932 2877 2987 sit
2911 2945 3200 3003 generans.
3247 2927 3414 2998 Igitur
3467 2925 3580 2994 spi-

2009 3025 2180 3078 rativa
2211 3024 2392 3080 Patris
2425 3035 2478 3080 et
2515 3025 2638 3080 Filii
2669 3021 2917 3094 operatio
2963 3037 3070 3077 una
3127 3020 3429 3088 eademque
3469 3033 3575 3070 nu-

331 3094 590 3164 ῦστερον,
623 3096 738 3148 ἀλλ’
775 3100 952 3172 ὁμαλὴ
984 3102 1079 3155 καὶ
1111 3104 1366 3176 συνεχὴς,
1389 3107 1509 3160 ἐπεὶ
1543 3109 1679 3179 μηδὲ
1709 3112 1908 3179 πρότε-

2014 3134 2203 3186 mero;
2240 3136 2418 3190 neque
2449 3121 2628 3176 minor
2664 3128 2751 3176 est
2775 3135 2837 3174 ea
2862 3133 2984 3189 qua
3012 3133 3078 3172 ex
3103 3117 3264 3171 Patre
3293 3113 3433 3175 solo,
3462 3126 3577 3164 mae

330 3185 436 3256 ρόν
469 3203 524 3238 τι
575 3190 671 3242 καὶ
713 3190 943 3260 ὕστερόν
993 3197 1140 3248 ἐστιν
1171 3197 1230 3248 ἐν
1275 3198 1436 3269 αὐτῇ,
1477 3201 1589 3253 οὐδ’
1620 3203 1907 3256 ἐπίστασιν

2014 3211 2096 3282 ior
2117 3185 2251 3267 vero
2283 3185 2405 3283 qua:
2437 3229 2505 3268 ex
2529 3213 2689 3268 Patre
2717 3220 2772 3268 et
2800 3185 2941 3266 Filio
2973 3219 3080 3272 est,
3114 3222 3290 3276 neque
3323 3221 3445 3275 pars
3494 3211 3579 3258 est

330 3281 433 3330 καὶ
465 3280 651 3360 ἄνεσιν
685 3282 1045 3356 ἑπιδεχομένη
1074 3302 1087 3316 ο
1119 3286 1146 3338 δ
1189 3303 1249 3340 τε
1277 3290 1367 3352 σὸς
1407 3288 1514 3344 τῶν
1542 3290 1717 3360 λόγων
1742 3293 1908 3364 ισμὸς

2014 3280 2078 3355 ea
2123 3316 2246 3370 quae
2275 3280 2341 3356 ex
2376 3302 2537 3364 Filio.
2579 3302 2726 3358 illius
2753 3315 2875 3371 qua:
2895 3307 2980 3355 est
3007 3313 3073 3353 ex
3102 3296 3285 3359 Patre,
3309 3295 3395 3348 vel
3460 3293 3580 3346 vice

328 3369 495 3422 οὐδὲν
527 3373 642 3425 οὐδ’
668 3375 905 3430 ἐνταῦθα
941 3379 1211 3448 περαίνει.
1709 3396 1712 3398 ⁷

2014 3369 2195 3457 versa,
2226 3408 2401 3462 neque
2455 3369 2798 3463 inmquabilis
2829 3391 2984 3460 prius
3046 3396 3214 3456 atque
3277 3382 3574 3454 posterius.

329 3467 435 3522 sed
471 3472 756 3539 atquabilis
777 3486 833 3528 et
855 3475 1156 3540 continua;
1188 3492 1315 3533 cum
1349 3493 1479 3534 vero
1528 3496 1708 3552 neque
1752 3485 1906 3554 prius
1945 3487 2241 3556 quidquam
2313 3499 2369 3544 et
2403 3491 2676 3558 posterius
2703 3489 2756 3542 in
2817 3489 2934 3557 ipsa
2962 3487 3057 3549 sit,
3089 3497 3266 3552 neque
3297 3480 3581 3542 remissio-

329 3582 467 3620 nem
494 3576 552 3620 et
586 3569 988 3636 repressionem
1019 3571 1259 3640 aliquam
1312 3574 1562 3645 suscipit,
1592 3587 1760 3648 atque
1821 3589 1908 3635 tuu

2014 3582 2282 3636 rationum
2316 3597 2542 3638 examen
2591 3595 2769 3651 neque
2798 3579 2889 3636 hic
2929 3576 3134 3649 aliquid
3157 3590 3386 3648 prorsus
3445 3588 3580 3629 cono

330 3660 425 3714 clu
431 3659 484 3713 di
495 3667 535 3713 t.

681 3753 944 3808 sessor
983 3755 1140 3810 rem.
1180 3754 1262 3811 lB’
1295 3757 1442 3830 (Ke')
1480 3759 1596 3830 (2):

406 3865 488 3920 Τὸ
522 3868 588 3919 ἐκ
645 3868 860 3936 Πατρδς
907 3865 1050 3923 εἶναι
1110 3871 1290 3924 κοινὸν
1323 3871 1436 3942 Υἱῷ
1486 3874 1582 3927 καὶ
1637 3873 1912 3944 Πνεῦματι

325 3960 648 4030 Γρηγόριος
701 3962 729 4013 ό
765 3959 1032 4031 Θεολόγος
1083 3963 1362 4018 ἀπέδωκεν
1406 3966 1504 4034 (5).
1541 3967 1603 4020 El
1647 3966 1703 4018 δὲ
1745 3969 1774 4019 ό
1814 3967 1915 4036 μὲν

327 4054 474 4114 Υἱὸς
498 4054 724 4120 ἁμέσως
761 4054 825 4106 ὲκ
853 4053 946 4106 τοῦ
986 4056 1199 4126 ΙΙατρὸς
1226 4058 1322 4110 καὶ
1371 4057 1573 4127 μηδένα
1607 4058 1797 4128 ἕτερον
1830 4057 1914 4112 αῖ-

323 4162 460 4198 τιον
485 4145 650 4212 ἔχων,
694 4144 760 4197 τὸ
787 4145 844 4197 δὲ
877 4145 1102 4215 Πνεῦμα
1133 4140 1236 4200 οὐκ
1283 4148 1524 4216 ἀμέσως,
1555 4149 1692 4202 ἀλλὰ
1730 4149 1918 4203 συναίε-

324 4254 456 4288 τιον
508 4235 702 4288 ἑαυτοῦ
757 4237 846 4290 τὸν
898 4237 1023 4290 Υξὺν
1069 4238 1214 4309 ἔχον,
1269 4240 1452 4294 οὐκέτι
1504 4241 1684 4294 κοινὸν
1729 4243 1918 4305 αὐτοῖς

325 4333 496 4382 ἔσται
533 4330 595 4382 τὸ
641 4333 705 4383 ἐκ
737 4332 971 4401 Πατρός,
1013 4324 1074 4384 οὗ
1103 4337 1178 4402 μὴ
1227 4333 1426 4402 ἐπίσης
1465 4335 1810 4402 μετέχουσιν.
1845 4336 1918 4388 Ἦ

326 4423 524 4477 τοίνυν
567 4421 660 4473 τὸν
699 4421 961 4490 Θεολόγον
1017 4423 1231 4492 ἀνάγκη
1286 4423 1602 4490 ψεύδεσθαι,
1661 4424 1694 4494 ἢ
1740 4426 1789 4477 εί
1841 4423 1916 4494 μὴ

2338 3757 2580 3814 senss.
2613 3755 2768 3814 CAP.
2810 3752 2907 3812 xu
2940 3749 3192 3836 puum.

2091 3877 2171 3932 Ea:
2201 3876 2362 3930 Patre
2392 3891 2499 3929 esse
2524 3887 2814 3930 commune
2841 3871 2980 3927 Filio
3007 3885 3072 3925 ac
3115 3867 3346 3938 Spiritui
3371 3866 3578 3935 (ἔνθεο-

2014 3971 2131 4024 rius
2172 3968 2483 4037 'l‘heologus
2510 3966 2785 4020 attribuit.
2835 3961 2893 4017 Si
2924 3971 3108 4016 autem
3141 3960 3320 4022 Filius
3353 3957 3577 4028 quidem

2013 4060 2333 4118 immediate
2361 4067 2448 4113 est
2479 4073 2544 4112 ex
2574 4057 2736 4111 Patre
2769 4064 2824 4111 et
2857 4055 3063 4109 nullam
3083 4053 3245 4108 aliam
3274 4065 3581 4122 agnoscens

2015 4167 2260 4216 causam,
2284 4151 2523 4221 Spiritus
2552 4163 2684 4204 vero
2708 4163 2816 4202 non
2861 4144 3313 4207 immediate.sed
3345 4158 3583 4200 concau-

2022 4262 2137 4302 sam
2164 4245 2250 4299 sui
2281 4244 2456 4313 ipsius
2495 4240 2703 4296 habens
2748 4239 2972 4302 Filium,
3006 4253 3114 4293 non
3153 4237 3393 4307 amplius
3431 4249 3583 4289 coma

2017 4351 2180 4391 mune
2215 4335 2298 4389 eis
2344 4334 2449 4386 erit
2475 4348 2539 4386 ex
2580 4332 2740 4385 Patre
2771 4347 2900 4393 esse,
2929 4331 2997 4386 de
3023 4347 3132 4402 quo
3165 4345 3272 4384 non
3293 4327 3584 4397 aequaliter

2015 4429 2365 4500 participant.
2423 4428 2527 4480 Aut
2560 4426 2744 4494 itaque
2785 4424 3094 4492 'l‘heologus
3148 4423 3447 4476 mentiatur
3491 4435 3584 4475 ne-

323 4515 520 4575 τοῦτο,
559 4513 734 4582 πάντη
775 4530 834 4565 τε
873 4518 966 4568 καὶ
993 4517 1212 4579 πάντως
1260 4518 1481 4570 Λατῖνοι
1512 4516 1804 4587 ψεύδονται
1833 4516 1908 4586 (4)

2019 4535 2172 4575 cesse
2213 4529 2313 4582 est,
2341 4527 2457 4580 aut,
2508 4517 2550 4568 si
2593 4515 2698 4569 hoc
2728 4530 2836 4568 non
2889 4513 3312 4580 admittendum,
3358 4517 3584 4572 omnino

327 4607 414 4677 τῷ
457 4606 572 4677 re;
607 4605 708 4676 τὴν
734 4607 913 4660 αἰτίαν
944 4607 1180 4672 διδόντες
1210 4610 1306 4663 τοῦ
1339 4610 1675 4680 Πνεῦματος.

755 4809 895 4865 ΤΟΥ
937 4810 1159 4866 ΣΟΦΟΥ
1193 4811 1242 4864 Ν
1247 4813 1362 4866 [KA
1372 4812 1503 4865 ιΑΣ.

407 4927 615 4995 Πρῶτα
649 4926 748 4995 μὲν
781 4927 844 4980 τὺ
867 4926 1111 4992 ἀμέσως
1137 4927 1236 4980 καὶ
1277 4926 1550 4995 ἐμμέσως
1582 4925 1818 4979 ἐνταῦθα
1850 4927 1910 4979 οὐ

330 5023 490 5074 ποιεῖ
512 5019 774 5090 διαφοράν
813 5019 1093 5088 οὐδεμίαν,
1122 5019 1261 5088 ἢὸτι
1296 5020 1324 5072 ὁ
1351 5018 1450 5088 μὲν
1482 5018 1786 5090 γεννητῶς,
1814 5021 1842 5072 ὁ
1867 5017 1912 5071 δ’

331 5114 688 5182 ben-095016);
734 5117 799 5164 ὲκ
839 5111 1050 5180 Πατρδς
1081 5111 1295 5183 πρόεισι
1320 5127 1332 5139 ·
1363 5109 1523 5163 τοῦτο
1550 5111 1608 5164 δὲ
1640 5111 1786 5164 κατὰ
1817 5109 1909 5162 σοῦ

331 5206 493 5256 ἐστιν
543 5203 694 5258 οὐδὲν
732 5197 920 5274 ἦττον,
947 5203 1002 5255 εί
1022 5219 1085 5271 γε
1136 5201 1260 5256 καθ’
1289 5203 1449 5272 ήμῶν
1481 5203 1675 5272 ἰσχύει.
1719 5202 1914 5264 Ἀλλος

332 5298 458 5366 τὰρ
497 5297 525 5348 δ
573 5295 664 5364 τῆς
695 5296 1008 5364 γεννήσεως
1038 5297 1132 5349 καὶ
1165 5296 1306 5349 κατὰ
1333 5295 1394 5347 σὲ
1438 5296 1636 5365 τρόπος
1666 5293 1760 5348 τοῦ
1786 5296 1912 5364 τρό.

334 5406 448 5442 srva
474 5389 574 5458 τῆς
593 5388 993 5458 ἐκπορεύσεωέ,
1019 5390 1111 5463 διαὶ
1138 5388 1311 5449 οὕτως
1341 5387 1522 5451 ἄλλος,
1554 5387 1630 5452 ὡς
1665 5393 1755 5440 καὶ
1784 5389 1910 5442 ἱκα-

333 5480 432 5540 νὸς
466 5475 609 5531 εἶναι
640 5478 941 5549 διακρίνειν
979 5477 1226 5548 ἀλλήλων
1267 5476 1394 5530 Υίόν
1424 5493 1482 5529 τε
1529 5477 1624 5530 καὶ
1663 5477 1908 5545 Πνεῦμα,

333 5571 414 5634 ὡς
448 5573 544 5624 καὶ
573 5574 734 5633 αὐτὸς
769 5571 874 5625 οἴει
909 5571 1003 5624 καί
1039 5588 1182 5632 τινες
1215 5569 1324 5622 τῶν
1368 5570 1616 5624 Λατίνων
1646 5570 1909 5623 τίθενται.

337 5665 406 5720 εξ
435 5661 526 5718 οὖν
556 5664 640 5717 διὰ
668 5665 729 5717 τὸ
779 5661 1020 5730 ἀμέσως
1055 5664 1146 5715 καὶ
1183 5661 1458 5732 ἐμμέσως
1491 5663 1676 5716 οὐκέτι
1729 5663 1910 5726 αὐτοῖς

403 5780 480 5845 (.l)
514 5777 633 5832 Mun
701 5777 744 5832 Ῑ.
772 5777 876 5831 246
911 5777 964 5840 b,
1001 5776 1338 5843 προϐάλλων.

415 5851 487 5914 t9.)
522 5848 576 5902 lu
603 5849 748 5905 Men.
783 5847 904 5903 256.
950 5850 987 5901 l'.
1019 5847 1119 5901 3-02
1147 5865 1200 5914 υ,
1232 5858 1313 5902 est
1348 5863 1463 5918 cap.
1497 5847 1585 5900 30.

2019 4621 2076 4666 et
2106 4610 2255 4665 omni
2284 4608 2445 4662 modo
2476 4607 2820 4661 mentiuntur
2864 4604 3067 4670 Latini,
3097 4604 3228 4659 dum
3283 4606 3420 4662 Filio
3456 4608 3584 4678 Spi-

2019 4702 2155 4757 ritus
2180 4701 2357 4756 sancti
2384 4714 2604 4753 causam
2643 4698 2908 4753 tribuunt.

2459 4811 2815 4867 SAPIENTIS
2870 4811 3123 4867 NICASNI
3137 4850 3148 4865 .

2085 4933 2146 4985 In
2178 4929 2370 5000 primis
2398 4942 2560 4982 voces
2586 4928 2890 4981 immediate
2940 4934 2990 4980 et
3022 4927 3249 4981 mediate
3297 4926 3402 4981 hoc
3460 4927 3582 4981 loco

2015 5022 2222 5076 nullam
2249 5021 2412 5075 aliam
2453 5019 2663 5074 faciunt
2691 5018 3087 5081 dill'erentiam,
3115 5033 3278 5087 quam
3309 5018 3456 5087 quod
3493 5018 3583 5074 ille

2019 5128 2117 5182 per
2151 5111 2590 5181 generationem,
2642 5108 2734 5162 hic
2757 5122 2887 5162 vero
2920 5123 3016 5176 per
3064 5108 3470 5176 processionem
3518 5123 3584 5160 ex

2017 5207 2180 5260 Patre
2213 5203 2417 5272 prodit.
2474 5201 2594 5256 Hoc
2629 5208 2814 5254 autem
2861 5199 3041 5253 nihilo
3073 5199 3254 5253 minus
3299 5206 3485 5252 contra
3535 5207 3584 5252 te

2009 5299 2120 5358 ‘est,
2186 5291 2459 5361 siquidem
2500 5300 2693 5345 contra
2751 5304 2854 5344 nos
2888 5289 3052 5343 valet.
3085 5289 3243 5342 Alius
3297 5287 3444 5342 enim
3497 5297 3583 5341 est

2015 5383 2388 5458 generationis
2437 5384 2632 5438 modus
2679 5383 2845 5438 etiam
2895 5384 3200 5438 secundum
3249 5392 3398 5436 tuam
3454 5395 3582 5436 sen-

2015 5479 2241 5533 tentiam
2271 5492 2300 5530 a
2333 5474 2704 5546 processionis
2730 5474 2913 5538 modo,
2944 5482 3110 5542 atque
3143 5474 3279 5528 adeo
3297 5473 3569 5537 diversus,

2017 5580 2075 5624 ut
2111 5579 2167 5624 et
2199 5578 2357 5638 aptus
2395 5566 2463 5620 ad
2506 5565 2931 5636 distinguendos
2978 5565 3047 5620 ab
3077 5566 3312 5620 invicem
3378 5563 3580 5618 Filium
3658 5619 3662 5625 ,

2012 5673 2068 5719 et
2093 5662 2357 5732 Spiritum
2395 5658 2666 5722 videatur,
2699 5667 2758 5713 ut
2806 5667 2863 5714 et
2922 5667 2978 5712 tu
3031 5667 3192 5728 putas
3240 5667 3296 5714 et
3347 5657 3578 5728 quidam

2082 5775 2158 5845 (ὅ)
2192 5776 2318 5830 Naz.
2348 5784 2488 5829 orat.
2521 5773 2623 5845 25,
2639 5773 2746 5845 col.
2779 5769 2868 5845 23,
2897 5770 2951 5824 in
2986 5769 3274 5845 llerunem__
3301 5763 3513 5840 philos.

2083 5841 2158 5913 (-i)
2186 5845 2325 5902 Mon.
2355 5846 2444 5911 ‘27,
2489 5843 2805 5898 Ψεύδεσδαι.
2833 5843 3000 5898 Recte
3034 5841 3176 5896 Moti.
3209 5843 3336 5899 236.
