3966 6218
394 406 499 468 215

1764 409 2188 472 BESSARH‘N
2203 413 2270 470 IS

3542 419 3648 482 226

391 516 716 571 Latinorum
754 524 1024 572 statuunt.
1052 516 1282 582 Quando
1314 517 1481 587 igitur
1539 527 1764 588 propter
1797 532 1963 573 voces

2098 521 2244 573 ιοινὸν
2275 522 2427 577 ἔσται
2473 525 2535 578 τὸ
2563 523 2633 579 ἐκ
2678 525 2910 594 Πατρός
2937 523 3093 582 εἶναι
3145 527 3231 599 (οὐ
3265 529 3375 600 γὰρ
3427 530 3649 596 ἐπίσης.

392 610 693 663 immediate
721 619 774 663 et
822 609 1050 662 mediate
1086 625 1193 663 non
1246 609 1485 680 amplius
1513 609 1646 679 ipsis
1677 625 1968 666 commune

391 701 499 754 erit
529 717 591 753 ex
632 701 798 754 Putre
826 718 935 754 esse
969 702 1173 770 (neque
1202 702 1370 767 enim,
1426 703 1532 767 ais,
1568 702 1854 772 aequaliter
1902 703 1970 758 de

392 810 460 850 eo
485 794 834 864 participant)
861 834 876 856 ,
926 796 1200 866 siquidem
1282 797 1474 852 eadem
1513 796 1630 850 hate
1663 805 1793 850 sunt
1841 809 1969 850 cum

393 887 620 941 vocibus
657 903 750 955 per
777 891 1168 957 generationem
1200 898 1256 943 et
1295 905 1387 956 per
1403 889 1810 958 processionem,
1841 897 1972 943 tunc

394 979 556 1030 etiam
603 978 698 1030 tibi
737 979 1022 1033 nobiStrum
1086 979 1449 1033 nihilominus
1503 979 1968 1032 considerandum

393 1079 499 1128 est,
528 1071 806 1138 quomodo
843 1071 987 1125 hanc
1020 1082 1165 1124 tuam
1200 1071 1470 1125 rationem
1513 1071 1784 1124 dissolvas
1819 1072 1975 1137 (con-

396 1170 474 1212 tra
515 1163 859 1231 temetipsum
904 1179 1137 1232 namque
1177 1179 1298 1216 eam
1336 1162 1721 1232 proferebas);
1791 1163 1835 1216 si
1882 1177 1976 1216 ve-

396 1269 454 1306 to
486 1270 650 1307 voces
680 1272 774 1324 per
803 1258 1200 1325 generationem
1231 1267 1286 1311 et
1320 1273 1413 1327 per
1448 1258 1836 1327 processimtem
1862 1271 1978 1310 ma-

387 1345 563 1415 jorem
598 1349 891 1407 quamdam
933 1348 1001 1402 ad
1041 1349 1277 1405 invicem
1348 1349 1714 1404 diil'erentiam
1771 1349 1975 1416 impor-

396 1447 530 1497 tant,
563 1454 723 1506 quam
751 1440 1050 1494 immediate
1079 1450 1128 1494 et
1161 1442 1413 1505 mediate,
1446 1441 1629 1496 adhuc
1665 1439 1837 1511 magis
1875 1438 1980 1495 tibi

393 1531 953 1600 circumspiciendum
1057 1543 1186 1597 est,
1278 1533 1554 1603 quomodo
1639 1532 1980 1603 labyriutlios

397 1621 592 1674 harum
623 1623 898 1677 rationum
926 1623 1173 1694 eﬂ‘ugias.
1213 1625 1420 1678 Deinde
1451 1625 1564 1678 noli
1637 1633 1830 1678 contra
1870 1622 1971 1676 La-

404 1714 548 1768 tinos
587 1715 694 1770 hoc
728 1717 1031 1771 absurdum
1087 1718 1312 1782 inferre,
1346 1719 1440 1773 sed
1494 1726 1686 1772 contra
1715 1726 1971 1772 sanetum

397 1803 722 1873 Gregorium
761 1805 1109 1876 Nyssenum;
1155 1808 1314 1861 vobis
1370 1806 1518 1862 enim
1573 1806 1701 1859 talia
1759 1817 1980 1875 quoque

2079 607 2204 678 φῂς,
2233 611 2400 666 αὑτοῦ
2449 615 2794 686 μετέχουσιν)
2818 633 2831 646 ο
2870 618 2919 670 εἰ
2966 616 3066 686 μὲν
3096 619 3293 672 ταυτὸν
3338 620 3448 673 εἰσὶ
3479 621 3655 676 ταῦτα

2076 702 2153 768 τῷ
2188 703 2493 772 τεννητῶς
2521 706 2614 759 καὶ
2644 705 3043 774 ἐκπορευτῶς,
3091 709 3186 761 καὶ
3217 708 3302 762 σοὶ
3344 701 3466 780 μεθ’
3498 713 3528 773 ἡ
3539 711 3656 781 μῶν

2078 791 2231 844 οῦδὲν
2263 788 2424 865 ἧττον
2473 796 2764 861 σκεπτέον,
2802 799 2955 863 ὅπως
3005 816 3102 853 σου
3132 800 3327 853 τοῦτον
3357 801 3527 874 λύσῃς
3566 802 3658 856 τὸν

2078 883 2236 951 λόγον
2267 887 2387 954 (καὶ
2427 890 2564 949 κατὰ
2610 890 2809 943 σαυτοῦ
2850 892 2961 960 γὰρ
2997 891 3172 946 αὑτὸν
3215 892 3427 962 ὲξέθου)
3451 909 3468 926 ·
3520 897 3569 948 εί
3599 896 3656 948 δὲ

2079 975 2140 1028 τὸ
2180 976 2479 1046 γεννητῶς
2529 980 2622 1032 καὶ
2659 981 3037 1050 ἐκπορευτῶς
3087 983 3312 1052 μείζονά
3343 1001 3464 1038 τινα
3519 985 3658 1056 πρὸς

2081 1067 2290 1139 ἄλληλα
2335 1069 2604 1141 διαφορὰν
2633 1071 2666 1142 ἢ
2705 1073 2766 1126 τὸ
2809 1073 3050 1142 ἁμέσως
3080 1074 3175 1127 καὶ
3209 1074 3491 1142 ἐμμέσως
3522 1077 3660 1146 ἔχει,

2081 1163 2178 1215 καὶ
2215 1161 2416 1228 μᾶλλόν
2449 1179 2530 1216 σοι
2577 1163 2861 1231 σκεπτέον,
2894 1165 3044 1228 ὅπως
3089 1164 3185 1218 σοῦ
3231 1166 3358 1230 τοὺς
3399 1166 3662 1236 λαϐυρίν-

2084 1250 2212 1314 θους
2233 1252 2346 1304 τῶν
2381 1253 2556 1320 λόγων
2593 1253 2801 1309 τούτων
2832 1255 3102 1327 ἐκφεύξῃ.
3135 1257 3368 1310 Ἔπειτα
3403 1258 3476 1327 μὴ
3518 1259 3663 1312 κατά

2084 1344 2354 1406 Λατίνων,
2387 1345 2529 1398 ἀλλὰ
2562 1348 2707 1400 κατά
2737 1347 2830 1400 τοῦ
2869 1348 3016 1417 ίεροῦ
3059 1349 3364 1418 Γρηγορίου
3388 1347 3484 1401 τοῦ
3520 1350 3664 1403 Νῦσ-

2087 1451 2186 1501 σης
2214 1435 2431 1504 πρῶτον
2462 1435 2622 1489 τοῦτο
2667 1437 2730 1489 τὸ
2756 1436 2960 1491 ἄτοπον
2987 1436 3188 1505 σύναγε
3215 1454 3230 1468 ο
3267 1437 3398 1506 ὑμῖν
3432 1438 3538 1508 γὰρ
3570 1441 3666 1491 καὶ

2085 1523 2309 1578 τοιαῦτα
2352 1524 2498 1578 κατά
2523 1525 2632 1578 τῶν
2659 1526 2920 1597 Πατέρων
2955 1526 3131 1592 ἔξεστι
3157 1527 3384 1598 τολμᾷν.
3425 1526 3665 1592 Ἐκεῖνος

2087 1614 2198 1682 γὰρ
2238 1617 2387 1668 ἐστὶν
2419 1617 2446 1668 ὁ
2477 1615 2569 1668 τόν
2615 1614 2714 1684 μὲν
2751 1615 2879 1670 Υίὸν
2907 1618 3228 1687 προσεχῶς
3255 1619 3324 1673 ἐκ
3371 1617 3480 1674 τοῦ
3509 1619 3667 1688 πρώ-

2085 1724 2194 1762 του
2219 1707 2279 1760 τὸ
2301 1708 2356 1761 δὲ
2388 1708 2614 1776 Πνεῦμα
2655 1708 2752 1763 διὰ
2781 1709 2889 1764 τοῦ
2933 1710 3248 1780 προσεχῶς
3280 1712 3348 1767 ἐκ
3373 1712 3481 1767 τοῦ
3516 1712 3668 1780 πρώ-

2087 1800 2594 1872 του,θεολογήσας.
2636 1801 2850 1866 Ἄλλως
2890 1819 2952 1857 τε
2987 1802 3124 1873 μηδὲ
3171 1803 3326 1858 τοῦτό
3372 1820 3432 1858 σε
3464 1804 3669 1859 λανθα-

401 1907 595 1950 contra
629 1897 821 1952 Patres
849 1897 1053 1952 audere
1087 1898 1238 1952 licet.
1274 1898 1408 1956 Nam
1441 1898 1533 1953 ille
1580 1906 1688 1962 est,
1732 1897 1827 1966 qui
1886 1896 1979 1950 Fi-

2098 1895 2240 1961 nita),
2275 1896 2348 1960 ὡς
2383 1897 2434 1950 εἰ
2474 1899 2569 1950 καὶ
2599 1896 2876 1967 ἐμμέσως
2905 1899 3049 1954 εἰσιν
3091 1899 3142 1953 οἶ
3178 1900 3288 1955 τῶν
3333 1899 3671 1954 διδασκάλων

399 1989 537 2043 lium
568 1990 623 2042 id
661 1991 802 2060 quod
831 1992 1076 2061 proxime
1105 2008 1168 2045 ea:
1199 1993 1394 2062 primo,
1428 1991 1698 2061 Spiritum
1731 2004 1864 2045 vero
1889 2005 1984 2059 per

401 2080 457 2131 id
488 2081 626 2148 quod
653 2083 892 2150 proxime
921 2097 984 2136 ea:
1006 2083 1178 2151 primo
1211 2082 1550 2152 prmdicavit.
1585 2082 1851 2136 Praeterea
1884 2096 1986 2136 ne-

406 2188 512 2240 que
559 2173 662 2227 hoc
691 2182 743 2228 te
773 2173 1148 2243 lateat,quod
1198 2175 1304 2228 etsi
1361 2182 1492 2228 sunt
1549 2173 1824 2240 doctores,
1889 2173 1984 2243 qui

409 2264 636 2317 mediate
668 2262 936 2332 Spiritum
972 2280 1035 2320 ex
1093 2265 1253 2319 Patre
1289 2265 1588 2334 procedere
1621 2265 1838 2328 dicunt,
1873 2280 1983 2320 non

409 2361 592 2406 tamen
628 2353 718 2408 isti
779 2355 1117 2425 negaverint,
1153 2360 1320 2408 etiam
1361 2355 1662 2409 immediate
1697 2370 1761 2409 ex
1825 2355 1985 2411 Patre

400 2457 529 2498 eum
567 2459 722 2510 esse;
759 2445 890 2502 illud
928 2446 1020 2515 qui
1039 2448 1173 2510 Jem,
1205 2445 1429 2516 quando
1459 2445 1772 2515 respiciunt
1804 2446 1871 2501 ad
1897 2462 1987 2501 or-

401 2538 588 2592 dinem
619 2539 673 2592 in
699 2538 883 2592 divina
927 2539 1233 2602 Trinitate,
1270 2537 1578 2592 secundum
1600 2553 1762 2608 quem
1799 2538 1977 2594 Filius

403 2636 489 2682 est
529 2629 765 2696 medius,
798 2629 1034 2698 Spiritus
1075 2645 1205 2685 vero
1260 2629 1456 2684 tertius
1505 2645 1535 2687 a
1579 2630 1736 2684 Patre
1787 2640 1842 2684 et
1891 2645 1988 2699 per

404 2716 603 2772 Filium
631 2733 698 2772 ex
731 2717 890 2772 Patre
925 2719 1220 2788 prodiens;
1247 2718 1352 2774 hoe
1386 2726 1574 2774 autem
1618 2727 1841 2788 propter
1874 2721 1988 2774 sin—

407 2809 652 2880 gularem
688 2821 745 2866 et
779 2811 1016 2867 maxime
1047 2812 1266 2866 unicam
1307 2812 1431 2880 ejus
1469 2825 1537 2865 ex
1585 2821 1822 2880 utroque
1851 2826 1982 2878 pro-

407 2902 768 2971 gressionem,
801 2911 856 2957 et
891 2903 1017 2972 quia
1045 2903 1205 2958 Pater
1236 2903 1360 2958 fons
1388 2911 1444 2958 et
1503 2918 1760 2973 suprema
1821 2918 1988 2958 causa

2086 1986 2146 2040 τὸ
2189 1987 2418 2057 Πνεῦμα
2467 1989 2532 2041 ἐκ
2568 1988 2785 2058 Πατρὸς
2816 1989 3221 2060 ἐκπορεύεσθαι
3265 1989 3538 2058 λέγουσιν,
3567 1993 3673 2044 οῦκ
3761 1971 3766 1974 Ι

2087 2083 2156 2137 ἂν
2183 2081 2305 2137 οὐδὲ
2329 2082 2390 2136 τὸ
2415 2081 2516 2136 καί
2545 2082 2788 2152 ἀμέσως
2818 2081 2877 2149 ιε
2919 2082 3084 2136 αὐτοῦ
3111 2079 3252 2136 εῐναι
3301 2083 3636 2154 ἀρνήσαιντο
3655 2099 3671 2114 ο

2087 2177 2270 2229 ἐκεῖνο
2304 2174 2426 2245 μὶν,
2458 2174 2596 2245 πρὸς
2621 2175 2722 2244 τὴν
2759 2176 2819 2228 ἐν
2844 2177 2911 2245 τῇ
2948 2174 3070 2245 θείᾳ
3114 2174 3307 2245 Τριάδι
3345 2175 3500 2240 τάξιν
3535 2177 3674 2229 ἀπο-

2088 2270 2404 2337 ϐλέποντες,
2445 2269 2570 2324 καθ’
2595 2271 2663 2340 ἢν
2697 2271 2725 2323 6
2757 2268 2860 2340 μὲν
2891 2268 3019 2333 Υίός
3053 2271 3171 2323 ἐστι
3202 2270 3387 2339 μέσος.
3434 2269 3530 2323 καὶ
3552 2267 3672 2336 τρία

2086 2379 2180 2416 τον
2209 2362 2321 2416 ἀπὸ
2346 2361 2441 2414 τοῦ
2479 2361 2696 2434 Πατρός
2727 2361 2790 2416 τδ
2825 2358 3053 2429 Πνεῦμα
3087 2361 3183 2414 καὶ
3215 2362 3284 2414 δι’
3316 2359 3446 2414 Υίοῦ
3481 2361 3674 2431 πρόει-

2090 2470 2176 2507 σιν
2203 2453 2268 2507 ὲκ
2297 2453 2516 2524 Πατρός
2537 2471 2553 2488 ο
2619 2453 2780 2508 τοῦτο
2817 2453 2878 2507 δὲ
2911 2453 3003 2508 διὰ
3034 2452 3134 2523 τὴν
3167 2452 3468 2524 μοναδικήν
3493 2469 3551 2506 τε
3580 2453 3675 2504 καὶ

2090 2544 2301 2599 ἑνιαίαν
2343 2544 2404 2609 ἐξ
2459 2544 2668 2614 ἀμφοῖν
2712 2544 2880 2599 αὐτοῦ
2925 2543 3173 2614 πρόοδον,
3222 2545 3318 2597 καὶ
3369 2542 3458 2597 διὰ
3485 2543 3546 2596 τὸ
3580 2542 3673 2596 τὸν

2093 2635 2316 2705 Πατέρα
2371 2636 2558 2705 πηγήν
2586 2651 2646 2689 τε
2698 2637 2793 2689 καὶ
2831 2635 3016 2688 αἰτίαν
3060 2633 3162 2703 τῆς
3213 2633 3470 2705 θεότητος
3503 2630 3671 2700 εἶναι,

2088 2729 2166 2792 ὡς
2205 2729 2370 2782 αὐτοῦ
2403 2727 2480 2799 μὴ
2523 2729 2700 2794 ὄντος,
2737 2729 2874 2799 μηδὲ
2901 2729 2994 2784 τδν
3037 2729 3171 2782 rev
3205 2730 3346 2798 μήτε
3381 2747 3476 2782 του
3501 2728 3579 2798 (1)
3603 2729 3673 2783 ἂν

2092 2821 2267 2874 αίτιον
2321 2821 2452 2874 δντα
2503 2819 2635 2891 μήθ’
2665 2822 2800 2884 ὅλως
2842 2820 2992 2876 ὂντα.
3024 2821 3188 2874 ’Ὥστε
3227 2821 3321 2874 καὶ
3361 2822 3390 2875 ό
3422 2821 3677 2890 θεολόγος

2093 2913 2398 2982 Γρηγόριος
2446 2911 2648 2982 ἄριστα
2691 2911 2954 2981 θεολογεῐ,
2988 2915 3166 2966 κοινὸν
3211 2913 3329 2986 Υίῷ
3368 2914 3461 2968 καὶ
3502 2915 3678 2968 Ilvati-

406 2993 627 3047 deitatis
663 3003 770 3059 est,
808 2994 880 3048 ita
914 3003 972 3048 ut
1000 2996 1045 3049 si
1079 2994 1196 3064 ipse
1221 3010 1328 3049 non
1356 3003 1524 3056 esset,
1581 2994 1754 3050 Filius
1808 3010 1984 3064 neque

2098 3020 2226 3073 ματι
2255 3005 2318 3058 τὸ
2345 3007 2410 3059 ἐκ
2437 3005 2651 3076 Πατρός
2677 2999 2819 3059 εῖναι
2845 3005 3131 3075 τιθέμενος
3157 3022 3172 3037 ο
3197 3008 3291 3062 καὶ
3323 3007 3351 3060 ό
3383 3009 3676 3076 ὁμώνυμος

407 3085 643 3156 alicujus
671 3101 836 3140 causa
868 3085 1008 3141 foret
1061 3101 1241 3156 neque
1293 3088 1521 3141 omnino
1556 3087 1848 3142 exsisteret
1885 3087 1984 3156 (a).

2098 3095 2246 3168 αῦτῷ
2321 3097 2420 3167 τῆς
2480 3097 2738 3152 Νυσσιων
2787 3097 2866 3169 (2)
2931 3098 3159 3170 φωστὴρ
3214 3100 3480 3169 σύμφωνα
3521 3099 3677 3170 αὑτῷ

409 3177 590 3244 Quare
621 3179 906 3246 theologus
936 3177 1234 3249 Gregorius
1264 3178 1470 3248 Optime
1497 3178 1657 3233 docet
1686 3192 1752 3232 ac
1785 3177 1984 3246 praedi-

2098 3185 2397 3256 ιρθόγγεται
2423 3203 2442 3220 ο
2472 3189 2568 3241 καὶ
2606 3191 2828 3242 Λατῖνοι
2863 3189 3071 3261 σφόδρα
3110 3189 3437 3261 ἀληθεύουσι
3464 3192 3577 3254 τοῖς
3605 3207 3674 3244 τε

406 3281 518 3334 eat,
550 3272 680 3325 dum
720 3271 939 3335 statuit,
965 3284 1257 3326 commune
1287 3285 1415 3324 esse
1480 3270 1616 3324 Filio
1645 3284 1708 3324 ac
1752 3267 1983 3337 Spiritui

2098 3229 2438 3338 Etdait;é).0t;
2485 3277 2580 3329 καὶ
2633 3277 2746 3338 τοϊς
2800 3229 3046 3350 ductui):
3089 3229 3264 3348 λόγόυν
3305 3230 3674 3351 συμδαίνόυσι

407 3372 599 3417 sancto
624 3380 688 3418 ex
725 3363 884 3418 Patre
927 3378 1046 3418 esse
1075 3381 1090 3427 ;
1117 3370 1174 3417 et
1214 3363 1310 3432 qui
1341 3363 1489 3417 idem
1522 3376 1649 3416 cum
1681 3376 1747 3416 eo
1782 3375 1980 3416 nomen

2098 3363 2242 3431 μάλα
2273 3365 2531 3432 εὐμαθῶς
2565 3383 2626 3419 τε
2654 3367 2752 3420 καὶ
2781 3367 3022 3431 εὐσεϐῶς
3061 3368 3179 3439 ἅμα
3210 3369 3493 3439 ἑπόμενοι.

409 3456 636 3510 sortitus
668 3468 775 3521 est,
802 3457 1159 3527 Nyssensium
1198 3456 1453 3512 Ecclesiae
1485 3457 1695 3522 lumen,
1765 3469 2008 3511 consona
2049 3454 2155 3524 ipsi
2215 3457 2516 3527 eloquitur,
2550 3460 2728 3516 Latini
2764 3475 2929 3531 quam
2958 3462 3194 3517 maxime
3209 3479 3406 3518 verum
3436 3463 3655 3519 dicunt.

408 3551 731 3608 doctoribus
753 3561 921 3623 atque
951 3553 1042 3622 iis,
1084 3569 1207 3623 quae
1249 3569 1315 3610 ex
1350 3553 1659 3608 rationibus
1727 3551 2016 3618 resultant,
2059 3567 2257 3622 magna
2329 3570 2456 3611 eum
2490 3555 2771 3613 docilitate
2821 3571 2887 3614 ac
2919 3556 3082 3614 simul
3111 3573 3245 3615 eum
3292 3559 3496 3630 pietate
3559 3561 3669 3615 ob-

412 3649 809 3711 temperantes.

765 3764 1010 3831 EPHES.
1032 3763 1227 3830 .CAP.
1261 3763 1381 3820 xui
1415 3764 1631 3836 (XXX).

502 3880 820 3935 Exsistendi
858 3881 1082 3933 modum
1118 3891 1172 3933 et
1206 3880 1596 3949 proprietatem
1616 3877 1788 3934 sancti
1815 3878 1992 3949 Spiri-

411 3985 505 4025 ms
551 3969 786 4040 theologi
819 3969 1009 4024 dicunt
1038 3983 1147 4023 non
1179 3969 1503 4039 simpliciter
1559 3970 1859 4040 procedere,
1894 3983 1990 4023 ve-

411 4077 534 4116 rum
563 4062 846 4130 procedere
879 4076 944 4114 ea:
981 4060 1160 4114 Patre.
1205 4059 1323 4114 Jam
1356 4074 1490 4113 vero
1523 4059 1567 4113 si
1605 4059 1711 4113 hoc
1766 4059 1868 4128 ipsi
1900 4067 1988 4114 est

421 4154 722 4210 exsistendi
747 4152 946 4207 modus
976 4162 1139 4222 atque
1190 4152 1517 4221 proprietas,
1595 4151 1878 4220 processio
1913 4165 1982 4205 ex

412 4245 560 4300 Filio
615 4247 699 4300 vel
739 4246 941 4301 frustra
963 4245 1062 4315 ipsi
1095 4244 1270 4308 adest,
1302 4245 1389 4298 vel
1419 4243 1736 4313 superaddit
1788 4244 1992 4315 aliquid

417 4339 762 4393 exsistentiae
791 4347 847 4392 et
875 4338 1151 4407 duplicem
1189 4337 1371 4392 reddit
1401 4337 1520 4406 ejus
1552 4337 1946 4406 pr0prietatem
1979 4355 1996 4404 ;

413 4441 472 4484 et
500 4440 602 4493 cst,
643 4432 687 4484 si
725 4431 945 4499 quidem
983 4429 1268 4500 proprium
1309 4441 1536 4484 necesse
1592 4438 1679 4484 est
1737 4432 1994 4486 converti

407 4532 540 4572 cum
577 4535 664 4583 eo,
689 4519 850 4588 cujus
880 4519 1162 4589 proprium
1189 4528 1296 4583 est,
1329 4529 1385 4574 et
1413 4533 1594 4589 neque
1656 4522 2001 4589 superabun-

2445 3761 2712 3817 Εφιεεογ
2752 3763 2910 3817 κει».
2953 3763 3016 3816 lI‘
3058 3762 3161 3834 (A')
3195 3765 3296 3832 ιδ).

2162 3878 2382 3948 Τρόπον
2411 3875 2700 3946 ὑπάρξεως
2741 3876 2836 3928 καὶ
2893 3874 3136 3944 ἰδιότητα
3173 3873 3268 3928 τοῦ
3315 3873 3472 3943 ἁγίου
3503 3875 3682 3930 Πνεῦ-

2094 3983 2266 4040 ματος
2295 3969 2343 4021 οἱ
2372 3967 2614 4034 θεολόγοι
2643 3967 2808 4036 φασὶν
2835 3965 2896 4018 οὐ
2919 3965 2982 4018 τὸ
3005 3965 3440 4034 ἐκπορεύεσθαι
3466 3965 3680 4032 ἁπλῶς,

2093 4063 2233 4117 ἀλλά
2256 4062 2318 4116 τδ
2347 4063 2416 4115 ἐκ
2443 4061 2552 4116 τοῦ
2583 4061 2816 4128 Πατρός
2841 4059 3296 4126 ἐκπορεύεσθαι.
3330 4058 3394 4113 Ei
3419 4059 3485 4129 δὴ
3519 4060 3688 4112 τοῦτο

2093 4150 2299 4218 τρόπος
2332 4150 2480 4218 αὐτῷ
2515 4148 2808 4220 ὑπάρξεως
2840 4147 2936 4202 καὶ
2968 4149 3170 4218 ίδιότης
3210 4148 3348 4215 ἐστὶ,
3382 4147 3442 4202 τὸ
3471 4147 3540 4204 ἐκ
3572 4151 3689 4204 τοῦ

2095 4241 2234 4297 Υίοῦ
2283 4241 2740 4309 ἐκπορεύεσθαι,
2789 4240 2822 4312 ἢ
2883 4241 3061 4310 μάτην
3111 4241 3263 4311 αὐτῷ
3313 4242 3612 4314 πρόσεστιν
3652 4245 3686 4314 ἢ

2101 4334 2426 4404 προστίθησί
2455 4351 2507 4386 τι
2537 4333 2620 4402 (4)
2650 4335 2716 4404 τῇ
2751 4332 3006 4402 ὑπάρξει,
3035 4333 3131 4387 καὶ
3171 4333 3371 4404 διπλῆν
3407 4337 3555 4388 ποιεῖ
3581 4335 3692 4405 τὴν

2101 4425 2267 4479 αὑτοῦ
2317 4425 2558 4494 ἰδιότητα
2587 4424 2663 4495 (5)
2691 4439 2706 4455 °
2738 4426 2833 4478 καὶ
2873 4423 3042 4489 ἐστιν,
3076 4425 3124 4477 εί
3151 4425 3211 4477 τὸ
3239 4425 3368 4479 [διον
3395 4427 3688 4494 ἀντιστρέ-

2105 4532 2230 4582 φειν
2259 4517 2476 4585 ἀνάγκη
2520 4515 2654 4584 πρὸς
2681 4513 2742 4568 τδ
2775 4513 2837 4567 οῦ
2861 4517 3010 4568 ἐστιν
3041 4515 3194 4579 ίδιον,
3233 4516 3326 4568 καὶ
3364 4515 3489 4569 οῦτε
3522 4517 3693 4570 πλεο-

415 4610 548 4663 dare
586 4626 764 4680 neque
803 4612 1131 4676 deiicere,et
1157 4613 1271 4682 ipse
1299 4612 1522 4682 duplex.
1551 4613 1631 4667 Ex
1663 4613 1824 4668 Patre
1855 4629 1984 4685 erga

2103 4605 2284 4670 νάζειν
2335 4604 2461 4657 οὗτε
2513 4603 2783 4657 ἐλλείπειν
2820 4603 2922 4674 (6),
2975 4606 3067 4659 καὶ
3119 4604 3253 4658 αὐτὸ
3301 4605 3545 4661 διπλοῦν.
3588 4607 3695 4660 Ἐκ

411 4703 536 4758 .solo
593 4704 842 4772 procedit
906 4705 1148 4775 Spiritus
1207 4714 1454 4760 sanctus.

844 4907 1204 4962 SAPIENTIS
1246 4906 1518 4963 ΝΙΟίΕΝΙ.

493 5022 567 5074 lix
596 5021 757 5076 Patre
791 5019 1092 5090 procedere
1132 5019 1270 5073 nihil
1297 5028 1385 5073 est
1411 5019 1562 5073 aliud
1591 5019 1693 5073 nisi
1729 5033 1798 5072 ex
1830 5019 1994 5073 Patre

420 5112 693 5181 Filioque,
728 5115 811 5169 vel
840 5129 909 5168 ex
942 5112 1100 5168 Patre
1147 5127 1246 5180 per
1281 5111 1480 5166 Filium
1520 5111 1843 5180 procedere,
1901 5125 1999 5165 ne-

421 5220 530 5274 que
564 5205 711 5258 aliud
752 5205 883 5258 illud
917 5204 1093 5260 Latini
1124 5203 1336 5258 dicunt.
1365 5204 1428 5255 Et
1456 5202 1697 5255 rationes
1720 5203 1833 5270 jam
1896 5216 1998 5255 sm-

499 5319 575 5388 (Ι)
606 5336 700 5371 του
734 5320 940 5374 habent
965 5319 1110 5373 Mon.
1153 5317 1290 5371 271⁵.
1321 5316 1425 5372 247
1461 5332 1489 5368 a
1525 5329 1581 5369 et
1636 5313 1803 5369 Marc.
1849 5315 1887 5368 I'.
1928 5313 1998 5370 8'5

423 5388 462 5440 b
493 5391 615 5457 (pro
646 5390 836 5456 τινος).

500 5460 576 5527 (‘2)
611 5463 743 5517 Sail.
792 5458 1142 5530 Ἐκκλησίας.

499 5531 577 5598 (3)
611 5535 754 5586 Men.
788 5530 912 5592 256,
946 5529 987 5584 I'.
1027 5529 1132 5583 502
1176 5545 1226 5593 a,
1261 5537 1493 5597 estcap.
1524 5531 1612 5584 51.

501 5601 576 5672 ιι)
619 5604 668 5657 Μ
693 5620 766 5656 ιιι.
802 5601 894 5654 9.7.
928 5601 966 5654 I'.
1012 5599 1117 5654 247
1151 5601 1206 5666 ι),
1251 5600 1434 5663 habet,
1469 5616 1573 5663 τις.

502 5714 884 5783 (a)Rrspectu
941 5714 1126 5768 habito
1184 5713 1251 5769 ad
1315 5712 1572 5766 virtutem
1624 5712 1996 5783 spiratricem,

428 5781 751 5837 immediate
779 5799 842 5836 ex
877 5785 1035 5836 Patre
1073 5784 1274 5838 dicitur
1309 5783 1548 5849 Spiritus
1577 5799 1592 5834 :
1625 5793 1876 5849 respectu
1901 5781 1999 5834 lia-

428 5853 548 5910 bito
573 5853 635 5906 ad
669 5868 937 5922 personas
969 5855 1132 5921 spira-
1160 5862 1258 5918 tes,
1287 5863 1511 5907 eatenus
1549 5852 1770 5904 medim:-
1803 5868 1862 5903 ex
1895 5850 1995 5904 Pa-

2106 4696 2199 4750 τοῦ
2244 4697 2454 4767 Πατρός
2495 4696 2604 4766 ἀρα
2655 4696 2817 4765 μόνου
2849 4698 2910 4749 τὸ
2959 4696 3186 4766 Πνεῦμα
3223 4696 3285 4750 τὸ
3332 4697 3488 4766 ἅγιον
3518 4699 3694 4751 ἐκπο-

2069 4817 2074 4822 ·
2110 4790 2347 4856 ρεύεται.

2520 4903 2658 4959 ΤΟΥ
2699 4904 2919 4959 ΣΟΦΟΥ
2956 4904 3265 4958 ΝΙΚΑΙΑΣ.

2179 5017 2253 5071 Τὸ
2283 5017 2352 5072 ἐκ
2399 5019 2635 5086 Πατρός
2672 5019 3110 5088 ἐκπορεύεσθαι
3153 5019 3257 5072 οὐκ
3308 5019 3439 5072 ἄλλο
3481 5016 3575 5070 τοῦ
3617 5017 3694 5072 ἐκ

2103 5111 2335 5179 Πατρός
2381 5112 2478 5164 καὶ
2515 5112 2653 5165 Υἱοῦ
2684 5111 2716 5182 ῆ
2749 5112 2817 5165 ἐκ
2863 5113 3094 5180 Πατρός
3119 5110 3193 5163 δι’
3231 5109 3368 5164 Υίοῦ
3400 5109 3694 5175 ἐκπορεύ-

2102 5208 2297 5266 εσθαι,
2329 5202 2440 5256 οὔτ’
2473 5204 2622 5256 ἔστιν
2644 5204 2765 5254 οὔτε
2797 5203 2958 5272 φασὶν
2981 5205 3030 5255 οί
3066 5202 3426 5256 Δατῖνοι.Καὶ
3461 5201 3510 5252 οἱ
3537 5199 3692 5267 λόγοι

2179 5318 2254 5387 (5)
2293 5319 2423 5384 Qum
2453 5328 2573 5386 post
2608 5320 2845 5389 ἰδιότητα
2873 5325 3202 5388 sequuntur,
3233 5315 3432 5371 desunt
3469 5315 3520 5368 in
3555 5312 3690 5369 cod.

2104 5386 2314 5442 Monac.
2350 5390 2474 5442 256.

2181 5459 2256 5525 (6i
2295 5457 2395 5512 Hic
2430 5473 2618 5512 revera
2646 5459 2852 5528 aliquid
2891 5443 3122 5513 intexto
3165 5466 3357 5514 nostro
3396 5456 3691 5528 deﬁciens,

2109 5531 2253 5596 quod
2307 5529 2704 5598 supplcvimus.

2104 5722 2184 5766 tre
2216 5722 2318 5774 est,
2348 5724 2616 5781 quatenus
2633 5721 2713 5766 est
2739 5729 2765 5766 a
2789 5713 2942 5777 Filio,
2967 5713 3057 5783 qui
3079 5731 3106 5767 a
3143 5716 3296 5770 Patre
3329 5715 3546 5781 genitus
3582 5721 3693 5777 est,

2105 5784 2408 5836 immediate
2467 5799 2617 5844 \cro,
2685 5794 2958 5852 quatenus
3014 5795 3145 5838 csta
3180 5785 3336 5839 Patre
3383 5785 3522 5852 ipso.
3552 5784 3694 5840 Vide

2104 5855 2157 5906 ὃ.
2197 5853 2482 5915 Ἰ“Ιιυιιι.ιιιι,
2547 5855 2602 5907 iu
2632 5853 2669 5911 l.
2709 5870 2721 5906 ι
2752 5854 2908 5907 Sent.
2945 5853 2999 5908 d.
3055 5855 3140 5922 12,
3172 5871 3227 5924 q.
3262 5857 3312 5921 ί,
3346 5862 3448 5908 art.
3482 5856 3538 5909 3.
