3966 6218
285 261 398 323 ΞΠ

1324 267 1768 329 REFUTATIO
1813 264 2052 324 MARCI
2095 265 2485 328 EPHESINL

3433 267 3547 332 2l8

294 374 563 437 πολλάκις
597 374 978 446 προείρηνται.
1022 374 1111 429 Ἐν
1159 377 1264 447 γὰρ
1307 378 1385 447 τῷ
1432 380 1495 430 ὲκ
1544 377 1754 446 Πατρδς
1793 379 1872 429 ὲκ-

1985 389 2050 444 pe
2079 384 2237 430 antea
2273 376 2496 445 prolatae
2521 387 2667 431 sunt.
2753 373 2884 430 Nam
2943 375 2996 429 in
3061 376 3323 440 dictione,
3371 395 3551 447 proce~

292 461 634 530 πορεύεσθαι
672 463 767 516 καὶ
792 465 853 517 τὸ
902 464 970 529 ἐξ
1027 465 1164 519 Υιοῦ
1196 469 1236 536 ἢ
1260 465 1335 518 δι’
1361 467 1503 521 Υἱοῦ
1539 467 1872 536 περιέχεται,

294 559 456 629 εἴπερ
506 557 581 628 μὴ
674 559 888 629 Πατρὸς
921 561 984 613 ἐκ
1031 559 1126 613 τοῦ
1164 561 1399 630 Πατρὸς,
1452 556 1630 633 ἀλλ’ᾖ
1673 561 1875 629 προϐο-

292 650 440 713 λέως
467 649 526 714 ἐξ
561 650 727 703 αὐτοῦ
753 652 813 702 τὸ
851 650 1072 721 Πνεῦμα
1096 653 1156 704 τὸ
1183 653 1337 718 ἅγιον
1366 653 1725 721 ἐκπορεύεται
1750 645 1875 732 ιεῖς

294 739 351 792 δὲ
385 739 695 808 προϐολεὺς
731 743 757 794 6
787 742 980 813 Πατὴρ
1013 743 1134 812 μεθ’
1163 743 1321 808 Υίοῦ,
1351 745 1444 797 καὶ
1474 745 1562 798 διὰ
1594 745 1748 797 τοῦτο
1780 744 1875 796 καὶ

299 833 400 897 μία
434 835 464 901 ἡ
510 832 569 899 ἐξ
621 834 825 900 ἀμφοῖν
858 835 1106 903 πρόοδος.
1149 834 1304 888 Ὠστ’
1340 835 1466 889 οὔτε
1502 837 1681 907 μάτην
1726 835 1874 905 αὐτῷ

298 924 596 992 πρόσεστιν
625 923 688 976 τὺ
719 925 789 989 ἐξ
824 926 984 992 Υιοῦ,
1023 926 1148 980 οὔτε
1180 945 1231 980 τι
1264 929 1334 996 τῇ
1391 927 1622 998 ὑπάρξει
1657 928 1875 997 προστί-

298 1015 480 1085 θησιν,
537 1014 663 1068 οὔτε
697 1017 923 1089 διπλόην
969 1022 1202 1088 εἰσάγει,
1253 1022 1329 1086 ὡς
1362 1023 1523 1085 αὐτὸς
1576 1022 1702 1088 οἴει,
1757 1020 1874 1074 ἀλλ’

295 1106 569 1174 ἁνώτερός
603 1122 662 1158 τε
695 1107 874 1176 πάσης
908 1112 1274 1177 συκοφαντίας
1304 1115 1331 1164 6
1365 1112 1542 1179 λόγος,
1575 1112 1670 1164 καὶ
1704 1111 1873 1179 τάλη-

299 1197 390 1262 θὲς
422 1199 623 1252 ἑαυτοῦ
667 1200 945 1271 πανταχοῦ
995 1202 1304 1272 σύμφωνον,
1333 1205 1428 1258 καὶ
1469 1207 1522 1258 τὶ
1574 1205 1704 1258 ἴδιον
1739 1205 1874 1273 πρὸς

293 1291 353 1342 τὸ
382 1290 442 1343 οὗ
477 1291 610 1344 ῐδιον
643 1292 1002 1362 ἀντιστρέφον
1029 1295 1304 1349 κάνταῦθα
1335 1297 1418 1369 (τὸ
1449 1297 1559 1368 γὰρ
1583 1298 1872 1367 πρόϐλημα

296 1382 436 1452 πρδς
472 1385 564 1435 τὶν
595 1382 885 1453 πῳδολέα,
932 1385 1029 1437 καὶ⁸
1074 1387 1102 1437 6
1137 1389 1441 1457 προσολεὺς
1478 1390 1615 1460 πρὸς
1657 1390 1717 1441 τὸ
1744 1387 1887 1458 πρό-·

290 1475 484 1543 ϐλημα
516 1474 891 1546 ἀναφέρεται),
927 1477 1019 1531 τὸν
1061 1477 1353 1534 Λατινικδν
1393 1481 1594 1552 ἄριστα
1647 1481 1874 1550 συνιστᾷ

290 1567 482 1636 λόγον.

606 1771 902 1828 sessor
938 1772 1094 1826 κεψ.
1133 1773 1210 1826 ΙΝ
1242 1769 1390 1846 (AA')
1429 1771 1528 1843 (ι).

369 1886 546 1940 ὀταν
600 1884 731 1956 μίαν
772 1888 950 1958 ἀρχὴν
981 1887 1091 1943 τῶν
1144 1886 1462 1956 κτισμάτων
1509 1887 1756 1957 λέγωμεν
1783 1890 1875 1943 τὸν

295 1978 523 2047 Πατέρα
549 1979 758 2032 καὶτὸν
781 1981 910 2035 Υίὺν
937 1982 1031 2034 καὶ
1062 1982 1122 2034 τὸ
1148 1981 1373 2050 Πνεῦμα
1398 1981 1458 2035 τὸ
1481 1982 1656 2050 ἅγιον,
1691 1983 1872 2052 δῆλον,

293 2070 379 2122 ὅτι
411 2071 511 2140 τὴν
541 2069 693 2125 θείαν
737 2071 901 2140 φύσιν
941 2073 1080 2144 πρὸς
1125 2075 1222 2137 τὰς
1251 2074 1443 2138 λοιπὰς
1489 2076 1876 2145 συγκρίνοντες

294 2162 462 2215 τοῦτο
493 2163 747 2232 λέγομεν,
776 2166 898 2235 ἥτις
953 2167 1072 2218 ἐστὶ
1107 2166 1207 2236 μία
1255 2167 1468 2219 πολλῶν
1526 2168 1749 2221 ἐκείνων
1781 2170 1875 2222 καὶ

293 2252 576 2322 διαφόρων
596 2255 796 2310 οὐσῶν.
825 2256 980 2310 Κατὰ
1006 2257 1096 2310 τὸν
1125 2257 1287 2310 αὑτὸν
1309 2257 1374 2327 δὴ
1405 2258 1606 2326 τρόπον
1631 2261 1725 2312 καὶ
1747 2261 1876 2314 ὅταν

295 2346 436 2414 μίαν
473 2347 649 2417 ἀρχὴν
680 2346 937 2417 θεότητος
972 2349 1242 2419 λέγωμεν,
1283 2348 1343 2402 ἓν
1369 2350 1662 2420 πρόσωπον
1688 2351 1873 2422 δῆλον,

289 2438 378 2491 ὃτι
414 2439 551 2507 πρὸς
580 2439 654 2490 τὰ
701 2438 866 2494 λοιπὰ
901 2440 1289 2509 συγκρίνοντες
1315 2440 1474 2494 τοῦτο
1504 2443 1709 2511 φαμέν.
1765 2443 1876 2497 Καὶ

291 2530 492 2600 ὥσπερ
545 2531 700 2583 οὐδὲν
732 2531 841 2584 τῶν
897 2533 1218 2602 κτισμάτων
1257 2535 1337 2595 είς
1389 2533 1489 2605 τὴν
1522 2534 1654 2603 μίαν
1701 2536 1875 2607 ἀρχὴν

292 2625 448 2677 κατὰ
476 2624 579 2690 τὴν
612 2625 977 2694 δημιουργίαν
1029 2627 1545 2697 παραλαμϐάνεται,
1581 2628 1751 2691 οὕτως
1780 2631 1873 2682 οὑ-

1981 469 2102 521 dere
2124 483 2187 520 ea:
2213 468 2400 534 Patre,
2427 467 2748 522 continetur
2776 477 2832 524 et
2862 468 3166 522 includitur
3184 469 3348 523 etiam
3383 470 3553 525 dictio

1978 567 2041 616 ea:
2071 560 2213 616 Filio
2251 563 2336 616 vel
2372 578 2466 632 per
2497 559 2719 627 Filium,
2746 561 3192 632 quandoquidem
3223 576 3333 615 non
3365 577 3427 615 ex
3454 563 3550 616 Pa-

1980 662 2059 707 tre
2087 663 2191 718 est,
2225 664 2499 723 quatenus
2537 663 2618 708 est
2671 653 2858 717 Pater,
2889 654 2982 707 sed
3019 662 3292 723 quatenus
3322 663 3406 707 est
3437 653 3548 723 spi-

1979 753 2145 808 rator,
2178 760 2242 798 ex
2277 745 2393 814 ipso
2425 746 2663 813 Spiritus
2692 755 2918 798 sanctus
2949 744 3218 813 procedit.
3263 745 3416 799 Unus
3439 761 3535 797 ve-

1977 852 2037 888 ro
2063 838 2301 904 spirator
2329 845 2412 891 est
2437 837 2731 890 Patercum
2766 836 2929 900 Filio,
2975 845 3024 889 et
3060 846 3348 904 propterea
3382 837 3546 887 etiam

1978 941 2084 980 una
2121 937 2205 982 est
2238 929 2549 998 progressio
2571 943 2638 982 ex
2672 936 2926 995 utroque.
2971 927 3340 992 Quamobrem
3369 942 3550 994 neque

1977 1019 2177 1072 frustra
2214 1018 2265 1072 ei
2309 1011 2462 1072 adest
2491 1019 2541 1072 id
2579 1035 2645 1071 ex
2677 1017 2839 1081 Filio,
2872 1033 3049 1086 neque
3079 1017 3374 1086 quidquam
3426 1019 3550 1087 ejus

1975 1110 2310 1164 exsistentiaa
2346 1110 2557 1178 adjicit,
2588 1125 2765 1180 neque
2802 1109 3180 1178 duplicitatem
3218 1108 3450 1172 inducit,
3486 1117 3547 1161 ut

1977 1201 2092 1270 ipse
2123 1212 2302 1270 putas,
2337 1202 2428 1255 sed
2461 1217 2625 1270 super
2657 1217 2874 1254 onmem
2904 1200 3235 1254 calumniam
3266 1201 3382 1253 [nec
3447 1201 3551 1253 do-

1979 1293 2155 1345 ctrina
2193 1301 2276 1346 est
2306 1292 2515 1346 elevata
2541 1300 2595 1346 et
2620 1293 2822 1346 veritas
2854 1291 3056 1360 ubique
3086 1291 3190 1346 sibi
3225 1291 3325 1360 ipsi
3355 1305 3554 1344 conso-

1976 1395 2067 1436 nat
2097 1394 2151 1438 et
2175 1387 2459 1454 proprium
2493 1400 2619 1438 cum
2651 1399 2716 1438 eo
2745 1386 2906 1455 cujus
2931 1384 3217 1454 prOprium
3245 1393 3328 1438 est
3356 1393 3411 1437 et
3441 1383 3548 1437 hoc

1979 1473 2102 1528 loco
2135 1476 2496 1530 convertibile
2541 1476 2688 1545 (nam
2737 1477 3003 1545 Spiratum
3037 1474 3102 1528 ad
3143 1476 3442 1545 spirantem
3497 1483 3552 1527 et

1975 1568 2191 1636 spirans
2225 1570 2292 1620 ad
2343 1567 2608 1636 spiratum
2647 1567 2904 1636 refertur)
2944 1567 3266 1622 Latinorum
3326 1579 3549 1622 senten-

1978 1659 2106 1712 tiam
2141 1660 2347 1730 optimo
2385 1661 2546 1714 modo
2577 1659 2807 1715 stabilit.
3532 1649 3535 1656 “

2341 1772 2584 1832 Renes.
2617 1772 2771 1828 CAP.
2805 1775 2945 1830 xn'.
2986 1773 3204 1846 (xxxn

2046 1884 2281 1950 Quando
2316 1900 2484 1938 unum
2513 1893 2890 1941 creaturarum
2918 1888 3250 1957 principium
3315 1887 3549 1941 dicinms

1976 1976 2192 2032 Patrem
2233 1985 2287 2030 et
2315 1977 2512 2032 Filium
2564 1989 2620 2032 et
2657 1977 2922 2047 Spiritum
2991 1990 3265 2043 sanctum,
3321 1979 3551 2034 manile-

1977 2075 2122 2120 sﬁum
2154 2077 2258 2133 est,
2289 2068 2342 2122 id
2383 2084 2484 2121 nos
2517 2070 2620 2122 fari
2665 2071 2904 2123 divinam
2949 2079 3199 2124 naturam
3231 2085 3554 2139 comparan-

1979 2169 2058 2212 tes
2079 2166 2200 2212 cuin
2231 2159 2478 2227 reliquis,
2509 2176 2628 2229 qure
2666 2177 2776 2215 una
2801 2169 2905 2225 est,
2952 2160 3082 2215 dum
3142 2162 3245 2215 illa:
3278 2163 3458 2215 multa:
3487 2177 3551 2216 ac

1977 2249 2203 2302 diversae
2247 2259 2394 2303 sunt.
2427 2251 2599 2305 Porro
2642 2253 2946 2307 secundum
3019 2253 3275 2308 eumdem
3324 2253 3547 2306 modum

1977 2340 2142 2392 etiam
2180 2340 2399 2408 quando
2436 2357 2605 2394 unum
2643 2342 2867 2398 deitatis
2916 2344 3254 2413 principium
3290 2346 3545 2410 dicimus,

1976 2430 2171 2500 liquet,
2207 2447 2309 2486 nos
2340 2431 2394 2486 id
2423 2433 2606 2488 dicere
2639 2449 2806 2488 unam
2857 2451 3147 2504 personam
3181 2451 3302 2491 cum
3337 2438 3553 2493 caateris

1979 2532 2381 2591 comparantes.
2423 2524 2487 2579 Et
2519 2527 2985 2595 quemadmodum
3035 2530 3186 2584 nulla
3210 2546 3277 2583 ex
3327 2541 3547 2583 creatu-

1978 2615 2055 2667 ris
2082 2615 2136 2669 in
2169 2632 2338 2671 unum
2378 2620 2712 2688 principium
2772 2621 3078 2675 secundum
3131 2638 3316 2676 rerum
3358 2623 3550 2678 condi-

1983 2705 2190 2761 tionem
2220 2708 2540 2776 assumitur,
2593 2711 2668 2764 ita
2700 2720 2896 2766 neutra
2941 2727 3006 2765 ex
3061 2713 3271 2767 duabus
3303 2714 3552 2782 personis
3603 2765 3610 2770 .

1979 2799 2035 2850 in
2061 2813 2228 2852 unum
2264 2800 2596 2870 principium
2640 2803 2942 2857 secundum
2980 2805 3238 2859 deitatem
3265 2822 3551 2860 assumen-

1980 2889 2048 2944 da
2089 2900 2192 2944 est.
2220 2890 2356 2945 Nam
2390 2908 2556 2945 unum
2593 2895 2836 2964 plurium
2870 2912 2993 2952 esse
3048 2900 3380 2969 principium
3431 2915 3550 2953 ma-

291 2717 522 2785 tu:sz
545 2720 658 2771 τοῖν
708 2717 855 2770 δυοῖν
892 2718 1206 2788 προσώποιν
1250 2722 1327 2782 είς
1375 2721 1474 2791 τὴν
1527 2721 1658 2790 μίαν
1701 2723 1878 2794 ἀρχὴν

294 2808 449 2859 κατὰ
474 2807 576 2876 τὴν
605 2807 842 2878 θεότητα
872 2808 1263 2880 παραληπτέον
1285 2812 1423 2864 ἐστί.
1451 2810 1523 2864 Τὸ
1548 2812 1655 2881 γάρ
1682 2811 1741 2865 ἓν
1765 2815 1876 2867 τῶν

294 2897 578 2953 πλειόνων
607 2900 782 2972 ἀρχὴν
811 2896 952 2954 εἶναι
1007 2900 1210 2971 μᾶλλον
1265 2903 1436 2966 εἰκὸς,
1474 2902 1505 2972 ἦ
1554 2902 1624 2955 τὰ
1652 2902 1876 2957 πλείονα

287 2989 392 3042 τοῦ
425 2990 568 3051 ἑνός.
604 2991 781 3052 Μόνος
812 2992 920 3060 ἄρα
957 2991 1033 3060 (2)
1067 2994 1096 3047 6
1120 2993 1309 3063 Πατὴρ
1336 2994 1479 3064 ἁρχὴ
1512 2994 1606 3062 μία
1631 2994 1720 3046 τοῦ
1745 2994 1872 3048 Υίοῦ

1981 2980 2063 3050 gis
2101 2981 2436 3038 conveniens
2468 2991 2578 3047 est,
2610 3000 2770 3053 quam
2803 2987 2956 3056 plura
2985 2989 3168 3062 mlius.
3207 2990 3388 3044 'Solus
3418 3006 3548 3058 ergo

288 3083 393 3134 καὶ
427 3083 522 3133 τοῦ
556 3082 915 3150 Πνεύματος.1
936 3082 1126 3154 ὥσπερ
1165 3086 1260 3137 καὶ
1292 3087 1428 3155 μόνη
1459 3086 1490 3154 ἡ
1525 3085 1698 3155 Τριάς
1730 3087 1872 3157 ἀρχὴ

1981 3071 2144 3125 Pater
2188 3085 2354 3126 unum
2415 3073 2749 3143 principium
2800 3077 2918 3132 Filii
2973 3087 3027 3132 et
3065 3080 3236 3134 sancti
3291 3081 3552 3150 Spiritus,

291 3176 402 3242 μία
431 3175 611 3242 πάσης
650 3177 748 3243 τῆς
781 3177 1039 3238 κτίσεως.
1072 3176 1246 3230 Τοῦτο
1276 3176 1334 3228 δὲ
1381 3175 1532 3229 καὶὸ
1577 3177 1722 3241 θεῖος
1754 3180 1872 3231 Διο-

1981 3163 2120 3217 sicut
2147 3173 2204 3217 et
2248 3165 2362 3220 sola
2401 3165 2644 3221 Trinitas
2682 3183 2854 3221 unum
2895 3170 3238 3240 principium
3279 3174 3551 3228 universa:

285 3268 483 3329 νύσιος
517 3265 817 3337 διαρρήδην
873 3268 1029 3339 φησί·
1070 3269 1237 3338 Μόνη
1272 3268 1437 3338 πηγὴ
1476 3266 1588 3338 τῆς
1617 3273 1872 3340 ὑπερθυ-

285 3361 444 3414 σίου
477 3358 760 3428 θεότητος
790 3362 824 3415 d
858 3359 1060 3430 Πατήρ
1088 3359 1192 3431 (3).

843 3555 980 3610 ΤΟΥ
1012 3554 1320 3608 ΝΙΚΑΙΔΣ.

360 3669 542 3730 τίνας
577 3669 678 3737 μὶν
724 3668 960 3722 ενταῦθα
997 3668 1297 3738 λαμϐάνεις
1331 3669 1648 3738 προτάσεις,
1697 3671 1765 3724 δι’
1797 3665 1874 3725 ὧν

281 3765 356 3817 ἄν
381 3779 474 3814 σοι
504 3760 570 3813 τδ
592 3760 959 3830 προκείμενον
986 3760 1302 3832 συναχθείη,
1330 3759 1442 3830 ἐγὼ
1467 3761 1569 3832 μὲν
1593 3763 1692 3816 οὐκ
1717 3761 1835 3817 οίδα
1853 3779 1868 3794 ⁸

281 3854 489 3924 θαῦμα
525 3854 607 3920 δὲ,
639 3856 688 3907 εί
719 3855 882 3916 αὐτὸς
917 3854 1129 3925 συνίης,
1159 3849 1235 3909 ὦν
1267 3853 1449 3923 λέγεις
1475 3871 1491 3886 ’
1523 3857 1607 3910 ὅτι
1637 3857 1692 3910 δὲ
1722 3858 1873 3912 ἀδια-

1979 3265 2267 3310 creatum.
2294 3256 2410 3313 Hoc
2459 3268 2641 3311 autem
2679 3258 2839 3313 divus
2876 3275 3098 3330 quoque
3138 3263 3432 3334 Dionysius
3467 3266 3551 3319 di-

1979 3357 2124 3402 serte
2178 3347 2320 3402 dicit
2379 3367 2394 3403 :
2451 3347 2612 3404 Solus
2644 3351 2760 3420 {om
2819 3353 3275 3421 superessentialis
3339 3358 3548 3412 deitatis

1977 3447 2054 3492 est
2084 3438 2263 3494 Pater.

2633 3553 2910 3611 NICENI.

2044 3664 2244 3730 Quales
2263 3666 2480 3736 quidem
2514 3667 2618 3723 hoc
2652 3668 2773 3724 loco
2805 3683 3056 3726 assumas
3120 3674 3543 3743 propositiones,

1973 3773 2203 3827 quarum
2252 3774 2356 3828 ope
2414 3775 2530 3814 rem
2587 3762 2925 3831 propositam
2973 3764 3217 3836 colligas,
3287 3785 3389 3837 ego
3421 3771 3545 3837 qui-

1974 3851 2098 3904 dem
2142 3851 2358 3918 nescio;
2393 3853 2624 3907 'mirum
2683 3870 2814 3910 vero
2865 3857 2990 3920 erit,
3042 3862 3085 3912 si
3122 3859 3235 3927 ipse
3270 3864 3546 3933 intelligas

1973 3955 2093 4009 qua!
2118 3941 2290 4006 dicis;
2330 3953 2380 3996 te
2415 3956 2535 3996 vero
2576 3944 2760 3998 dicere
2794 3961 2915 4014 qua:
2953 3949 3185 4015 cogitari
3222 3965 3529 4019 nequeunt.

1972 4034 2057 4087 vel
2119 4034 2259 4102 ipse,
2305 4035 2350 4088 si
2412 4036 2613 4091 melius
2679 4051 2794 4090 rem
2828 4047 3104 4093 scrutatus
3150 4041 3537 4107 fueris,dice~'.

1971 4122 2272 4194 Oportebat
2296 4126 2442 4181 enim
2503 4137 2554 4182 te
2605 4127 2838 4183 dicere:
2888 4127 3182 4200 Propterea
3213 4131 3538 4190 Trinitatem

277 3948 468 4017 νόητα
498 3947 628 4018 φῂς,
664 3949 768 4000 κᾶν
811 3946 975 4011 αὐτὸς
1023 3945 1234 4016 βέλτιον
1284 3946 1624 4017 σκεψάμενος
1681 3951 1867 4020 φαίης.

276 4044 424 4110 Δέον
486 4041 598 4110 γάρ
627 4054 688 4092 σε
717 4040 930 4092 είπεϊνο
973 4040 1071 4092 Διὰ
1123 4038 1283 4092 τοῦτο
1331 4040 1431 4109 τὴν
1485 4042 1530 4093 Τ
1536 4041 1692 4111 ριάδα
1741 4043 1870 4111 μίαν

276 4135 479 4204 ἀρχὴν
525 4132 622 4201 τῆς
653 4132 884 4194 κτίσεως
921 4127 1298 4202 εἶναινφαμὶν,
1347 4132 1483 4185 διότι
1537 4134 1636 4201 μία
1689 4134 1870 4186 αὐτῶν

276 4227 383 4279 καὶ
422 4225 459 4291 ἠ
495 4223 636 4292 αὐτὴ
679 4223 899 4293 ἀριθμῴ
951 4221 1194 4290 θέλησις,
1242 4223 1368 4276 καθ’
1403 4224 1472 4294 ἢν
1545 4224 1644 4293 τὴν
1689 4224 1869 4277 κτίσιν

1981 4234 2140 4272 unum
2181 4235 2364 4274 rerum
2396 4229 2706 4276 creatarum
2756 4224 3092 4293 principium
3128 4243 3248 4281 esse
3283 4229 3539 4295 dicimus“,

277 4321 629 4389 προάγουσι.
671 4317 742 4370 Σὺ
776 4317 821 4370 δ’
851 4318 954 4371 οὑκ
991 4315 1088 4370 οἶδ’
1118 4320 1147 4372 ὅ
1181 4335 1233 4371 τι
1259 4320 1534 4388 συνείρεις
1558 4319 1650 4373 καὶ
1677 4319 1867 4391 ἥντινα

1981 4312 2096 4381 quia
2165 4329 2270 4367 una
2338 4330 2535 4370 earum
2598 4312 2957 4386 personarum
2984 4319 3282 4390 eademque
3314 4337 3543 4375 numero

279 4411 440 4479 πρὸς
472 4410 572 4477 τὴν
602 4411 780 4461 κτεσίν
808 4407 1130 4480 παραϐολὴν
1155 4410 1254 4480 τῆς
1281 4409 1514 4480 Τριάδος
1538 4415 1686 4482 ποιῇ.
1721 4413 1866 4465 Ἀλλ’

1981 4405 2248 4471 voluntas,
2292 4410 2594 4461 secundum
2633 4424 2797 4477 quam
2827 4425 2915 4463 res
2951 4419 3166 4466 creatas
3200 4409 3535 4480 producunt.

275 4503 468 4572 ἡμεῖς
491 4517 577 4554 σοι
626 4503 830 4570 φαμὲν,
866 4502 1145 4572 ἄνθρωπε,
1186 4504 1262 4565 ὡς
1293 4503 1353 4556 ὃν
1403 4504 1602 4573 τρόπον
1635 4506 1722 4558 διὰ
1770 4506 1870 4574 τὴν

1981 4497 2053 4550 Tu
2078 4514 2206 4552 vero
2241 4499 2428 4552 nescio
2457 4499 2584 4568 quid
2609 4501 2835 4570 copules
2864 4511 2918 4555 et
2957 4517 3249 4570 quamnam
3286 4507 3541 4559 instituas

278 4590 625 4657 ὸμοὸουλίαν
670 4591 850 4644 καὶτὸ
896 4593 1094 4646 ταυτὸν
1122 4595 1220 4664 τῆς
1261 4592 1534 4662 θελήσειας
1581 4595 1679 4664 μία
1726 4595 1871 4665 ἁρχὴ

1981 4590 2258 4644 Trinitatis
2296 4591 2363 4645 ad
2395 4607 2484 4645 res
2532 4601 2746 4647 creatas
2801 4597 3294 4662 comparationem.
3336 4597 3534 4651 Verum

277 4686 533 4740 κτίσεως
565 4685 597 4751 η
632 4682 824 4752 Τριὰς.
855 4685 1035 4737 καίτοι
1078 4685 1204 4755 τρία
1250 4685 1518 4756 πρόσωπα
1553 4685 1727 4751 ὄντες,
1781 4685 1872 4738 οὖ-

1981 4684 2251 4738 enimvero
2275 4683 2508 4738 dicimus
2539 4684 2655 4748 tibi,
2697 4699 2730 4738 ο
2766 4687 2952 4748 homo,
2975 4703 3083 4755 quo
3125 4690 3287 4742 nmdo
3319 4703 3538 4762 propter

275 4791 401 4835 τως
443 4773 538 4824 καὶ
566 4773 651 4825 διὰ
680 4774 779 4842 τὴν
804 4775 902 4844 τῆς
937 4775 1312 4846 προϐλητικῆς
1355 4775 1639 4842 δυνάμεως
1665 4778 1722 4829 ὲν
1760 4779 1870 4828 Πα-

1981 4778 2236 4847 aequalem
2277 4779 2597 4832 volitioncin
2685 4791 2741 4834 et
2822 4781 3121 4836 voluntatis
3195 4782 3534 4836 identitatem

274 4866 379 4934 τρὶ
420 4865 519 4916 καὶ
570 4865 685 4935 Υἰῷ
721 4868 1028 4938 ταυτότητα
1061 4869 1094 4940 ἢ
1129 4869 1331 4938 μᾶλλον
1383 4869 1611 4939 ἑνότητα
1645 4869 1740 4936 μία
1774 4869 1867 4923 τοῦ

1981 4885 2141 4923 unum
2176 4885 2360 4923 rerum
2420 4881 2734 4924 creatarum
2783 4871 3112 4941 principium
3145 4883 3230 4926 est
3272 4873 3534 4935 Trinitas,

278 4953 620 5022 ιινεύματος
652 4957 820 5026 ἁρχὴ,
853 4961 945 5011 καὶ
976 4961 1008 5030 ή
1037 4959 1175 5029 αὑτὴ
1207 4959 1458 5028 τάριθμῷ
1483 4962 1511 5012 6
1535 4962 1720 5031 Πατήρ
1754 4963 1868 5014 ἐστι

1981 4961 2100 5014 licet
2155 4973 2264 5016 tres
2318 4977 2561 5029 personae
2595 4962 2724 5028 sint,
2755 4963 2947 5017 eodem
2979 4965 3136 5032 plane
3169 4967 3331 5018 modo
3367 4969 3530 5018 etiam

275 5050 388 5102 καὶ
425 5047 575 5109 Υἱός.
601 5049 733 5102 Οταν
765 5049 822 5101 δὲ
853 5050 948 5102 καὶ
974 5050 1302 5103 ἀκολουθίαν
1333 5053 1570 5120 είσάγεις
1606 5053 1745 5120 πλὴν
1777 5052 1867 5104 σοῦ

1981 5057 2196 5116 propter
2250 5049 2523 5117 spirativac
2565 5051 2785 5105 virtutis
2835 5053 2888 5105 in
2927 5051 3086 5106 Patre
3121 5063 3175 5106 et
3211 5054 3344 5108 Filio
3381 5055 3534 5108 iden-

276 5137 477 5189 οὒδενί
525 5155 605 5206 τῳ
636 5139 896 5203 δόξουσαν
948 5141 1091 5208 ἄλλῳ
1120 5158 1135 5206 ;
1168 5141 1240 5193 Τὸ
1275 5143 1374 5210 μὲν
1403 5143 1512 5213 γὰρ
1565 5144 1730 5211 μηδὲν
1765 5144 1869 5196 τῶν

1981 5138 2181 5191 titatem
2231 5140 2314 5191 vel
2372 5142 2553 5208 potius
2607 5142 2872 5195 unitatem
2900 5150 3090 5195 unum
3135 5143 3387 5212 isdemque
3433 5161 3534 5196 nu-

281 5228 620 5295 κτισμάτων
679 5229 874 5284 ἑαυτοῦ
901 5231 1076 5302 ἀρχὴν
1126 5227 1267 5284 εἶναι
1305 5233 1445 5300 μετὰ
1496 5233 1593 5300 τῆς
1637 5233 1869 5302 Τριάδος

279 5319 460 5387 ὁμοῦ,
510 5321 808 5386 ἀναγκαῖον
839 5321 979 5391 (πῶς
1007 5324 1114 5392 γὰρ
1163 5322 1228 5377 ἂν
1265 5325 1348 5392 εἴη
1401 5325 1624 5394 κτίστης
1662 5325 1722 5377 τὸ
1753 5326 1868 5377 κτί-

281 5409 462 5477 σμα).
491 5411 577 5463 ὅτι
621 5411 678 5463 δὲ
716 5412 802 5465 διὰ
837 5411 998 5466 τοῦτο
1030 5413 1153 5467 οὲδὲ
1193 5416 1310 5467 τοῖν
1350 5414 1518 5466 θείοιν
1549 5416 1866 5482 προσώποιν

280 5502 586 5572 οὐδέτερον
643 5505 742 5574 μία
774 5505 1004 5575 θατέρου
1055 5507 1194 5578 ἀρχὴ
1249 5513 1386 5576 μετά
1432 5507 1660 5575 θατέρου
1696 5510 1864 5572 ἐστὶν,

360 5611 447 5686 (ξ)
478 5612 621 5686 ξιοη.
654 5613 759 5668 256
791 5615 826 5668 l'.
865 5615 1038 5680 502a,
1072 5629 1155 5670 est
1184 5633 1301 5686 cap.
1335 5617 1422 5672 32.

361 5681 583 5735 12ὶᾶοα
613 5684 777 5739 habet
807 5686 952 5740 Mon.
996 5686 1116 5741 256.
1151 5681 1352 5741 omittit
1387 5687 1532 5741 Ilion.
1562 5689 1628 5740 27
1662 5689 1698 5741 Γ.
1736 5689 1861 5742 218.

1971 5244 2124 5282 mero
2170 5227 2407 5298 Spiritus
2471 5235 2644 5286 sancti
2701 5234 3035 5302 principium
3072 5251 3191 5289 esse
3230 5236 3446 5290 Patrem
3480 5247 3536 5290 et

1971 5318 2191 5374 Filium.
2229 5320 2453 5386 Qualem
2487 5339 2618 5376 vero
2650 5325 3098 5379 consecutionem
3139 5326 3358 5381 inducis
3395 5344 3534 5397 pra:-

1973 5421 2054 5464 ter
2099 5423 2149 5464 te
2196 5413 2334 5466 nulli
2389 5413 2630 5482 cuipiam
2689 5415 2844 5468 alteri
2915 5417 3126 5470 visainl
3191 5418 3345 5483 Quod
3381 5419 3530 5472 enim

1971 5503 2122 5557 nulla
2166 5519 2230 5556 ex
2275 5505 2545 5559 creaturis
2600 5507 2684 5560 sui
2747 5506 2918 5576 ipsius
2943 5509 3015 5562 sit
3040 5509 3373 5580 principium
3409 5527 3533 5564 cum

2044 5619 2120 5687 (5)
2159 5619 2488 5692 DionysLDe
2529 5620 2637 5674 div.
2691 5635 2842 5692 nom.
2877 5635 2926 5674 c.
2957 5620 3021 5676 2:
3066 5626 3208 5692 apud
3276 5627 3533 5682 Carnute-

1969 5705 2110 5742 rum.
2144 5705 2192 5742 c.
2225 5691 2323 5744 ito
2349 5688 2463 5744 «Gr.
2497 5691 2644 5745 orth.
2686 5701 2723 5746 t.
2775 5690 2839 5755 II,‘
2874 5706 2928 5755 ι).
2966 5688 3115 5764 467.}
