3966 6218
391 277 498 368 ξιξ)

1759 253 2262 342 BESSARIUMS

3535 229 3638 296 $20

391 352 661 441 frinilate
715 379 918 444 simul,
976 377 1028 432 id
1083 373 1456 431 necessarium
1514 379 1637 436 est;
1671 365 1968 439 (quomodo

2095 340 2242 414 τόθεν
2296 358 2488 410 ἕπεται
2515 352 2549 421 ἢ
2600 349 2743 402 τέσιν
2790 345 3056 412 ἀνάγκαις
3107 341 3263 396 τοῦτο
3297 340 3634 408 συνᾶγεταις

391 478 540 534 enim
590 482 845 528 creatura
902 470 1046 525 foret
1089 467 1390 542 crcator?)_
1444 463 1590 535 quod
1639 477 1770 517 vero
1828 474 1959 530 pro-

394 581 582 642 pterea
639 573 830 619 neutra
885 562 1118 616 duarum
1189 558 1503 614 divinarum
1563 567 1959 625 personarum,

395 676 558 715 unam
595 658 822 711 alterius
846 669 969 708 cum
1003 652 1173 706 altera
1231 649 1304 705 sit
1335 647 1686 719 principium,
1726 645 1780 700 id
1815 643 1962 698 unde

399 749 652 816 sequitur
681 755 772 798 aut
801 742 1004 813 quibus
1037 739 1467 795 necessitatibus
1505 731 1961 792 demonstratur?

397 841 548 894 Scito
604 851 754 901 ergo,
816 850 937 888 nos.
976 847 1198 901 quoque
1250 845 1421 885 unum
1475 826 1642 882 unius
1678 826 1763 880 vel
1792 825 1960 879 etiam

396 930 633 997 plurium
703 925 886 979 dicere
951 921 1285 992 principium
1345 927 1401 974 et
1463 916 1692 972 minime
1753 913 1964 968 inﬁcias

2095 903 2412 971 ιλατύτερόν
2461 915 2521 952 τε
2562 896 2660 950 καὶ
2691 892 3030 960 σαφέστερον

2075 448 2217 502 Ἵσθι
2239 441 2356 506 οῦν,
2395 443 2470 506 ὡς
2491 440 2585 495 καὶ
2612 439 2774 508 ἡμεῖς
2801 435 2859 488 ἓν
2888 433 3007 497 ἐνδς
3039 433 3073 503 ἢ
3114 433 3210 484 καὶ
3238 429 3346 484 τῶν
3377 428 3640 490 πλειόνων

2064 539 2246 608 φαμὲν
2299 535 2500 600 αἴτιον,
2559 531 2784 585 καὶτὸν
2834 525 3054 595 Πατέρα
3100 524 3273 594 μόνην
3326 520 3513 592 πηγὴν
3545 520 3643 589 τῆς

2072 629 2398 701 ὑπερουσίου
2450 625 2706 693 θεότητος
2752 621 2853 674 οὐκ
2889 616 3222 688 ἀρνούμεθα,
3262 613 3432 682 μόνην
3481 610 3646 701 αῦτδν

2067 696 2251 792 πηγὴν
2277 721 2378 774 οὐκ
2411 719 2477 771 ἐκ
2501 715 2710 786 πηγῆς,
2742 712 2834 764 καὶ
2863 709 3040 779 ἀρχὴν
3067 708 3168 759 οὐκ
3202 705 3260 770 ἐξ
3295 702 3467 772 ἀρχῆς
3501 696 3648 753 εἶναι

2073 791 2275 874 εἰδότες
2314 828 2374 863 τε
2402 809 2498 862 καὶ
2527 805 2899 865 πιστεύοντες,
2937 799 3031 852 καὶ
3071 793 3152 858 οἷς
3187 794 3369 857 ἄλλοις
3404 791 3645 860 ἀλλαχοῦ

3082 888 3391 958 είρήκαμεν
3436 884 3639 948 λόγοις,

397 978 506 997 ,ν-ν-
528 978 574 981 -—
777 978 780 979 ν
808 978 812 979 κ
951 978 967 992 .
1135 978 1150 990 .

397 1022 515 1082 ire,
569 1019 785 1072 Patrem
828 1015 1003 1069 solum
1057 1028 1176 1068 esse
1223 1011 1430 1066 fontem
1487 1003 1970 1078 superessenlialis

2095 999 2170 1053 ιαὶ
2202 997 2310 1066 πρὸ
2345 994 2502 1064 ἡμῶν
2536 993 2585 1045 οἱ
2617 989 2926 1059 φθάσαντες
2951 985 3104 1056 ἡμᾶς
3137 981 3400 1052 μακάριοι
3429 978 3525 1030 καὶ
3561 992 3650 1027 σο-

398 1109 642 1168 deitatis.
702 1106 878 1160 solum
924 1104 1102 1173 ipsum
1173 1101 1378 1155 fontem
1429 1115 1542 1154 non
1609 1112 1677 1152 ex
1717 1096 1886 1156 fonte,
1917 1101 1974 1148 et

2078 1091 2316 1163 φὼτατοι
2354 1087 2570 1155 ἄνδρες.

397 1202 730 1272 principium
795 1212 902 1251 non
949 1212 1017 1251 ex
1045 1195 1324 1266 principio
1357 1199 1758 1262 cognoscentes
1821 1198 1987 1255 atque
2026 1159 2317 1242 credentes
2389 1182 2556 1238 etiam
2589 1179 2660 1234 iis
2708 1175 2923 1233 caeteris
2985 1171 3316 1234 rationibus,
3343 1180 3485 1237 quas
3513 1159 3646 1220 alibi

400 1295 578 1352 fusius
631 1293 944 1362 clariusque
1005 1291 1360 1360 exposuimus
1405 1298 1460 1344 et
1512 1298 1640 1342 ante
1664 1273 1806 1350 nos,.
1836 1287 1930 1356 qui
1969 1299 2069 1340 nos
2101 1287 2552 1355 praecesserunt,
2583 1276 2732 1331 beati
2758 1283 2815 1330 et
2844 1268 3228 1340 sapientissimi
3260 1266 3386 1320 viri.

759 1413 1002 1471 EPHES.
1042 1412 1194 1476 CAP,
1229 1410 1323 1465 xv
1359 1409 1621 1480 (χχχιι).

476 1534 556 1588 Ab
605 1531 797 1587 eodem
864 1535 1060 1598 agente
1111 1525 1306 1582 eodem
1362 1533 1606 1592 tempore
1660 1521 1972 1592 procedens

2427 1401 2692 1458 ιςψεΣοΥ
2732 1397 2890 1452 xeo.
2931 1395 3008 1448 ιε’
3041 1394 3187 1465 (AB')
3214 1389 3313 1462 (l).

2161 1522 2221 1577 Ἦ
2279 1519 2433 1589 παρὰ
2465 1517 2562 1570 τοῦ
2623 1512 2788 1567 αὐτοῦ
2845 1508 3201 1580 ἐνεργοῦντος
3245 1507 3302 1558 ἐν
3354 1503 3432 1573 τῷ
3497 1503 3648 1572 αὐτῷ

406 1626 622 1680 diversa
657 1620 905 1690 Operatio
954 1618 1232 1672 diversum
1287 1629 1514 1684 prorsus
1573 1611 1972 1682 perﬁciteﬂ'ec—

2095 1615 2254 1687 [pdvtp
2278 1612 2538 1680 διάφορος
2566 1607 2821 1677 ἐνέργεια
2841 1603 3102 1670 διάφορον
3132 1597 3385 1652 ἀποτελεῖ
3410 1594 3471 1647 τὸ
3501 1594 3645 1662 ἐνέρο

409 1727 545 1770 tum.
580 1714 663 1769 Sit
690 1713 832 1768 idem
855 1724 1020 1781 agens
1051 1707 1144 1761 ubi
1187 1707 1254 1770 A.
1287 1706 1638 1775 operationes
1665 1719 1797 1759 vero
1821 1705 1974 1774 ejus-

407 1807 531 1859 dem
569 1804 763 1858 eodem
798 1810 1066 1868 tempore,
1102 1798 1274 1852 altera
1321 1795 1542 1866 quidem
1567 1811 1688 1866 quae
1707 1803 1792 1850 est
1815 1793 1882 1849 ad
1916 1795 1978 1858 Β,

411 1895 582 1948 altera
640 1906 772 1946 vero
833 1891 1048 1944 diversa
1104 1886 1173 1941 ab
1204 1887 1342 1956 ipsa,
1374 1901 1496 1956 quae
1523 1884 1696 1940 estad
1724 1884 1789 1940 G.
1821 1885 1978 1950 Dico,

409 1987 576 2041 etiam
632 1982 676 2037 G
725 1982 1002 2036 diversum
1049 1977 1169 2032 fore
1216 1993 1246 2032 a
1274 1977 1337 2032 Β.
1395 1977 1531 2031 Nam
1565 1978 1610 2032 si
1641 1975 1785 2032 idem
1811 1975 1978 2040 foret,

414 2083 744 2146 congrueret
798 2085 1021 2142 prorsus
1050 2085 1175 2125 cum
1204 2069 1348 2138 ipso,
1380 2077 1436 2124 et
1468 2068 1716 2138 operatio
1747 2083 1871 2137 quae
1899 2075 1984 2122 est

417 2169 483 2224 ad
524 2171 697 2238 ipsum
729 2174 1057 2235 congrueret
1083 2171 1139 2217 et
1171 2160 1472 2232 quadraret
1493 2175 1620 2216 cum
1661 2159 1997 2230 operatione

416 2277 537 2330 quae
587 2266 670 2313 est
722 2257 790 2311 ad
846 2257 916 2321 B;
974 2269 1083 2308 una
1135 2267 1268 2323 ergo
1320 2261 1376 2308 et
1410 2251 1603 2308 eadem
1626 2251 1754 2307 erit.
1777 2249 1982 2306 Verum

415 2353 709 2422 suppositae
743 2359 871 2404 sunt
905 2357 962 2402 ut
1003 2347 1128 2402 duae
1152 2354 1207 2400 ct
1253 2343 1560 2400 adinvicem
1594 2343 1825 2398 diversae
1853 2357 1979 2411 ope-

415 2447 688 2507 rationes;
733 2441 898 2510 igitur
929 2448 985 2494 et
1019 2437 1063 2494 G
1100 2438 1380 2493 diversum
1420 2439 1529 2490 erit
1561 2451 1590 2487 a
1617 2435 1680 2489 B.
1726 2433 1808 2515 Sit
1839 2446 1987 2490 nunc

419 2540 458 2592 A
518 2538 678 2592 Pater
736 2533 1068 2602 sempiterne
1136 2535 1201 2595 iet
1223 2529 1553 2584 naturaliter
1608 2543 1878 2597 operans,
1943 2525 1986 2579 B

417 2639 550 2678 vero
600 2623 790 2686 Filius,
845 2619 891 2675 G
946 2618 1184 2688 Spiritus
1228 2628 1490 2683 sanctus;
1540 2616 1772 2672 diversae
1801 2625 1984 2670 autem

421 2713 490 2769 ad
561 2712 791 2766 invicem
839 2707 1193 2778 Operationes
1239 2721 1304 2761 ea
1353 2721 1476 2775 quae
1538 2703 1727 2760 estad
1763 2704 1824 2770 Β,
1862 2703 1988 2762 Filii

421 2803 732 2876 generatio,
755 2816 874 2871 qua:
907 2814 1038 2855 vero
1066 2798 1132 2854 ad
1176 2797 1243 2864 G,
1282 2797 1522 2867 Spiritus
1548 2795 1723 2852 sancti
1755 2811 1986 2866 proces-

423 2899 528 2951 sio.
558 2895 818 2950 Diversus
842 2893 1005 2964 igitur
1037 2907 1067 2946 a
1117 2889 1258 2946 Filio
1306 2888 1544 2958 Spiritus
1581 2896 1829 2952 sanctus,
1857 2888 1987 2958 quia

2083 1686 2260 1776 γημα.
2291 1703 2472 1755 Ἔστω
2514 1698 2574 1752 τὸ
2604 1696 2738 1751 αὐτὸ
2774 1693 3030 1762 ἐνεργοῦν
3062 1691 3146 1758 ἐφ’
3176 1687 3234 1741 οῦ
3280 1688 3348 1750 Α,
3379 1686 3652 1756 ἐνέργειαι

2081 1775 2334 1852 δὲναὺτοῦ
2383 1794 2442 1846 ἐν
2467 1789 2549 1860 τῷ
2579 1787 2729 1858 αὐτῷ
2773 1787 2951 1857 χρόνῳ
2995 1783 3093 1853 μία
3127 1780 3226 1851 μὲν
3253 1780 3286 1848 ή
3329 1778 3463 1848 πρὸς
3504 1775 3564 1829 τὸ
3589 1776 3650 1840 Β,

2082 1888 2245 1958 ἑτέρα
2284 1886 2342 1938 δὲ
2375 1884 2634 1951 διάφορος
2657 1879 2794 1949 πρὸς
2829 1875 3020 1945 αὐτὴν,
3052 1875 3084 1943 ἡ
3119 1871 3257 1943 πρὸς
3285 1870 3347 1922 τὸ
3380 1870 3440 1922 Γ.
3465 1869 3650 1958 Λέγω.

2081 1957 2293 2033 ὅτικαὶ
2315 1976 2374 2029 rb
2408 1973 2446 2026 Γ
2476 1972 2734 2041 διαφέρον
2768 1968 2921 2020 ἔσται
2955 1962 3049 2018 τοῦ
3081 1965 3141 2018 Β.
3190 1962 3252 2015 Ei
3281 1961 3393 2029 γὰρ
3416 1957 3477 2011 τὸ
3518 1957 3656 2010 αὐτὸ

2082 2069 2259 2129 ἐσται,
2289 2063 2595 2135 ἐφαρμόσει
2625 2061 2847 2120 πάντως
2871 2056 3044 2126 αὐτῷ,
3070 2055 3166 2109 καὶ
3193 2057 3226 2125 ἡ
3257 2053 3395 2123 πρὸς
3431 2052 3560 2106 αὐτὸ
3593 2050 3654 2102 δὲ

2083 2162 2333 2230 ἐνέργεια
2364 2154 2441 2227 (2)
2471 2153 2774 2224 ἐφαρμόσει
2807 2152 2873 2220 τῇ
2902 2149 3037 2220 πρὸς
3086 2148 3146 2200 τὸ
3165 2139 3252 2215 K5)
3281 2146 3323 2197 Β
3379 2145 3657 2214 ἐνεργείᾳ.

2083 2223 2199 2308 Mla
2222 2223 2333 2320 δρα
2362 2223 2454 2302 καὶ
2483 2248 2516 2316 ἡ
2547 2244 2686 2314 αὐτὴ
2713 2243 2788 2312 (ι)
2836 2243 3012 2296 ἔσται.
3067 2241 3210 2294 Ἀλλ’
3242 2240 3536 2293 ὑπέκειντο
3567 2238 3654 2306 (5)
3745 2223 3754 2229 ’

2085 2341 2229 2400 εἶναι
2265 2341 2360 2396 δύο
2388 2339 2484 2392 καὶ
2513 2337 2650 2409 πρὸς
2674 2335 2908 2406 ἀλλήλας
2947 2335 3196 2404 διάφοροι
3223 2349 3238 2363 ’
3270 2335 3364 2386 καὶ
3391 2332 3453 2386 τὸ
3476 2333 3516 2385 Γ
3549 2331 3660 2399 ἄρα

2085 2437 2340 2506 διαφέρον
2370 2433 2523 2486 ἔσται
2571 2429 2665 2483 τοῦ
2699 2428 2758 2484 Β.
2799 2429 2982 2480 Ἔστω
3007 2427 3068 2480 τὸ
3115 2427 3215 2495 μὲν
3242 2426 3286 2478 Α
3317 2427 3345 2478 ό
3378 2425 3592 2492 Πατὴρ,
3629 2425 3659 2475 ὁ

2087 2528 2271 2589 ἁῖδίως
2304 2528 2400 2579 καὶ
2426 2523 2675 2594 φυσικῶς
2705 2519 2946 2590 ἐνεργῶν
2971 2535 2985 2549 ο
3026 2518 3088 2571 'cb
3115 2519 3156 2570 Β
3184 2519 3240 2572 δὲ
3269 2518 3297 2569 ὁ
3325 2517 3472 2582 Υἱὸς,
3507 2516 3570 2568 τὸ
3603 2515 3662 2567 δέ

2087 2620 2128 2672 Γ
2161 2618 2221 2671 τδ
2249 2615 2473 2686 Πνεῦμα
2509 2616 2571 2669 τὸ
2599 2614 2755 2683 ἅγιον
2780 2627 2795 2642 ·
2834 2611 3112 2682 ἐνέργειαι
3144 2610 3200 2663 δὲ
3250 2609 3496 2678 διάφοροι
3523 2607 3664 2678 πρὸς

2089 2710 2326 2782 ἀλλήλας
2376 2711 2410 2778 ἡ
2445 2707 2580 2776 πρὸς
2610 2707 2672 2758 τὸ
2710 2706 2751 2758 Β
2798 2704 2898 2775 μέν
2923 2705 2959 2774 ἡ
3007 2701 3102 2756 τοῦ
3142 2699 3274 2756 Υίοῦ
3323 2701 3594 2768 γέννησις,
3625 2699 3661 2770 ἡ

2089 2803 2146 2857 δὲ
2181 2801 2318 2874 πρὸς
2371 2799 2431 2853 τὸ
2463 2799 2502 2851 Γ
2532 2800 2565 2868 ἡ
2600 2797 2695 2850 τοῦ
2746 2796 2893 2850 θείου
2942 2793 3274 2862 Πνεῦματος
3309 2792 3663 2861 ἐκπόρευσις.

2091 2894 2360 2964 Διαφέρον
2393 2893 2503 2962 ἄρα
2549 2889 2646 2943 τοῦ
2677 2889 2810 2942 Υίοῦ
2849 2887 2912 2942 ab
2963 2887 3187 2956 Πνεῦμα
3216 2889 3277 2938 τὸ
3323 2882 3503 2951 ἅγιον,
3543 2881 3668 2934 ἐπεὶ

423 2990 591 3044 etiam
627 2985 977 3056 operationes
1006 2998 1128 3054 quae
1159 2981 1228 3036 ad
1259 2982 1544 3052 utriusque
1574 2981 1985 3038 subsistentiam

2095 2989 2188 3042 καὶ
2225 2988 2282 3040 αί
2315 2985 2390 3058 (6)
2443 2982 2579 3061 πρὸς
2623 2981 2723 3052 τὴν
2777 2980 3013 3050 ὓπαρξιν
3064 2979 3328 3047 ἐκατέρου
3385 2975 3668 3041 ἐνέργειαι

428 3088 576 3143 sunt,
640 3096 670 3133 a
728 3093 786 3132 se
841 3077 1140 3142 differunt;
1208 3088 1387 3145 neque
1449 3073 1615 3127 etiam
1672 3071 1829 3127 nobis
1853 3086 1994 3140 opus

427 3171 594 3228 fuerit
646 3172 753 3227 alia
814 3169 1175 3226 distinctione
1225 3167 1352 3222 Filii
1410 3171 1468 3218 et
1513 3164 1759 3235 Spiritus
1791 3165 1992 3228 sancti,

429 3280 554 3318 cum
615 3263 746 3334 ipsis
803 3261 1038 3317 diversa:
1096 3257 1450 3328 operationes
1495 3267 1550 3312 et
1575 3254 1996 3327 progressiones

428 3369 525 3412 eos
553 3356 764 3426 possint
786 3353 1150 3425 distinguere.

1085 3463 1365 3522 NICENI.
1767 3466 1797 3490 °

503 3581 629 3638 Haec
659 3581 882 3652 quidem
912 3579 1146 3650 quaestio
1171 3588 1256 3634 est
1294 3580 1347 3634 in
1376 3576 1559 3633 medio
1578 3575 1778 3648 posita,
1817 3587 1999 3631 utrum

434 3677 607 3734 Filius
629 3692 659 3730 a
687 3675 897 3746 Spiritu
930 3673 1304 3743 distinguatur
1334 3671 1548 3726 diversa
1583 3687 1652 3728 ex
1685 3671 1848 3726 Patre
1876 3685 2004 3738 pro-

434 3769 737 3842 gressione,
767 3781 837 3820 an
867 3781 936 3819 ex
965 3779 1056 3829 eo,
1111 3763 1260 3834 quod
1293 3764 1433 3819 alter
1467 3777 1534 3818 ex
1564 3763 1740 3816 altero
1765 3762 1856 3816 sit.
1897 3762 2000 3814 At-

434 3875 544 3932 que
589 3858 714 3914 aliis
764 3855 986 3926 quidem
1019 3917 1024 3922 ,
1052 3855 1178 3920 hoc,
1212 3855 1335 3910 aliis
1381 3867 1512 3909 vero
1563 3851 1696 3908 illud
1758 3851 1997 3918 videtur,

435 3954 604 4009 etiam
659 3951 800 4004 inter
853 3948 1006 4018 ipsos
1055 3947 1279 4008 Latinos
1313 3949 1428 4016 (a);
1467 3954 1597 4002 sunt
1628 3944 1832 3999 ctenim
1871 3959 2007 3998 non-

437 4043 574 4100 nulli
606 4056 824 4112 quoque
854 4038 1178 4095 Latinorum
1214 4038 1528 4098 doctorum,
1558 4033 1652 4104 qui
1687 4034 1906 4088 diversa
1937 4048 2006 4087 ex

437 4137 598 4192 Patre
631 4131 1011 4205 progressione
1042 4130 1240 4184 Filium
1276 4139 1331 4182 et
1365 4127 1632 4196 Spiritum
1664 4124 2006 4179 suilicienter

437 4223 507 4280 ab
536 4225 768 4280 invicem
816 4220 1057 4275 discerni
1071 4227 1338 4282 .ceusent,
1374 4231 1485 4270 nou
1538 4226 1716 4269 tamen
1748 4224 2003 4285 propter-

2094 3077 2414 3148 διαφέρουσι
2437 3089 2454 3106 ⁶
2511 3074 2610 3128 καὶ
2644 3073 2746 3126 οὐκ
2796 3072 2864 3126 ἂν
2903 3071 3037 3142 ἡμῖν
3067 3068 3148 3122 ἔτι
3192 3068 3303 3122 δέοι
3330 3064 3670 3134 διακρίσεως

2096 3171 2288 3240 ἐτέρας
2319 3165 2411 3220 τοῦ
2437 3165 2570 3220 Υίοῦ
2597 3162 2810 3219 καὶτοῦ
2838 3161 3181 3231 Πνεῦμα-τος,
3210 3159 3390 3212 αὐτῶν
3415 3155 3671 3216 τῶνιδια-

2098 3262 2282 3331 φόρων
2327 3257 2622 3329 ἐνεργειῶν
2668 3256 2764 3310 καὶ
2799 3254 3045 3326 προόδων
3081 3252 3380 3320 διακρίνειν
3413 3249 3549 3304 αὐτὰ
3578 3247 3674 3300 δυ-

2098 3370 2165 3407 να
2173 3352 2352 3422 μένων
2387 3351 2492 3423 (7).

2617 3460 2770 3528 sror
2809 3457 3118 3513 ΝικΑιΑΣ.

2173 3575 2347 3630 Τοῦτο
2386 3575 2485 3644 μὲν
2515 3571 2813 3644 πρόϐλημά
2851 3572 2966 3623 ἐστι
2997 3570 3248 3638 κείμενον
3276 3569 3333 3620 ἐν
3373 3568 3543 3634 μέσῳ,
3580 3565 3680 3616 πό-

2105 3685 2265 3739 τερον
2291 3668 2320 3720 ό
2351 3667 2476 3729 Υἱὸς
2505 3665 2601 3719 τοῦ
2636 3663 2956 3732 Πνεύματος
2984 3664 3052 3732 τῇ
3085 3663 3147 3713 ἐκ
3181 3657 3398 3728 Πατρὺς
3437 3655 3683 3724 διαφόρῳ

2105 3758 2312 3829 προόδῳ
2337 3755 2690 3825 διακρίνοιτο,
2721 3754 2758 3826 ᾖ
2785 3752 2863 3823 τῷ
2890 3752 3118 3817 θάτερον
3148 3752 3211 3803 ἐκ
3247 3748 3477 3817 θατέρου
3509 3742 3680 3799 εἶναι.

2107 3851 2218 3902 Καὶ
2247 3851 2361 3911 τοῖς
2395 3847 2495 3918 μὲν
2516 3847 2699 3907 τοῦτο,
2732 3848 2847 3906 τοῖς
2877 3844 2926 3898 δ’
2953 3844 3134 3896 ἐκεῖνο
3160 3841 3328 3905 δοκεῖ,
3366 3842 3462 3893 καὶ
3490 3839 3678 3890 αὐτῶν

2107 3940 2214 3993 τῶν
2245 3940 2514 3994 Λατίνων.
2554 3939 2664 3991 Καὶ
2695 3937 2806 4007 γάρ
2851 3936 2988 3990 εἰσιν
3020 3933 3070 3986 οἳ
3105 3933 3334 3988 καὶτῶν
3368 3930 3687 3986 Λατινικῶν

2107 4031 2447 4084 διδασκάλων
2479 4032 2546 4100 τῇ
2578 4033 2643 4082 ἐκ
2675 4029 2888 4098 Πατρὸς
2932 4027 3179 4096 διαφόρῳ
3216 4024 3428 4095 προόδῳ
3457 4023 3587 4075 Υίόν
3618 4037 3688 4074 τε

2110 4121 2207 4174 καὶ
2237 4119 2464 4191 Πνεῦμα
2513 4119 2712 4182 ἱκανῶς
2761 4118 3010 4190 ἀλλήλων
3041 4115 3396 4182 διαφέρεσθαι
3447 4114 3685 4174 οίονται,

2110 4213 2170 4268 οὐ
2205 4213 2389 4283 μέντοι
2416 4211 2506 4266 διὰ
2529 4210 2687 4265 τοῦτο
2711 4213 2809 4264 καὶ
2836 4211 2912 4280 μὴ
2943 4204 3086 4262 εἶναι
3120 4207 3180 4273 ἐξ
3209 4206 3336 4259 Υἱοῦ
3365 4205 3426 4257 τὸ
3457 4203 3690 4272 Πνεῦμα

438 4330 502 4369 ea
563 4313 728 4368 etiam
779 4317 1016 4382 ponunt,
1096 4324 1206 4364 non
1251 4322 1374 4362 esse
1427 4305 1691 4383 exi’ilio
1741 4305 1985 4375 Spiritun

2113 4305 2388 4358 τίθενται’
2450 4304 2567 4357 ἀλλ’
2616 4304 2674 4357 ἐν
2724 4303 2822 4372 μὲν
2872 4301 2952 4372 τῷ
2994 4300 3421 4370 συμπεράσματι
3482 4297 3691 4356 πάντες

441 4412 713 4468 sanctum,
740 4416 932 4457 verum
964 4400 1018 4454 in
1045 4399 1402 4454 conclusione
1426 4397 1647 4468 quidem
1670 4397 1985 4452 concordau

2113 4393 2466 4466 δμοφωνοῦσι
2516 4397 2612 4449 καὶ
2649 4394 2855 4457 πάντες
2887 4394 3196 4466 συμφώνως
3245 4393 3306 4444 ἐκ
3351 4387 3560 4458 Πατρδς
3588 4387 3695 4440 καὶ

441 4510 634 4551 omnes
661 4504 715 4551 et
745 4491 1096 4549 concorditer
1123 4507 1187 4546 ex
1223 4491 1379 4545 Patre
1433 4497 1489 4544 et
1554 4489 1692 4544 Filio
1711 4489 2012 4559 procedere

2117 4487 2251 4542 Υιοῦ
2278 4487 2338 4540 τὸ
2368 4485 2595 4556 Πνεῦμα
2628 4484 3028 4563 ἐκπορεύεσθαι
3053 4484 3431 4545 διατείνονται,
3462 4481 3594 4549 περὶ
3621 4480 3700 4532 τὰ

521 4631 600 4703 (a)
631 4630 764 4686 Vide
791 4627 972 4697 quoad
1008 4627 1126 4682 haec
1157 4633 1214 4680 et
1253 4623 1538 4695 sequentia
1575 4622 1847 4678 Scliolarii
1891 4624 2399 4680 animadversiones
2420 4639 2582 4694 supra
2611 4639 2729 4693 cap.
2764 4623 2797 4679 6
2853 4623 2907 4676 in
2946 4621 3184 4676 Marcum
3213 4620 3415 4690 Eplics.

627 4841 772 4898 Mon.
800 4843 892 4908 27,
926 4843 963 4897 f.
987 4841 1093 4896 248
1121 4843 1178 4908 b,
1210 4839 1510 4910 ἐνέργειαι.

630 4913 775 4968 Mon.
807 4911 900 4975 27,
929 4911 1072 4982 πρὸς
1099 4914 1191 4982 τῇ.

542 4774 564 4828 l
621 4773 679 4829 in
703 4737 848 4827 ιιοηῖ
881 4772 1008 4836 256,
1036 4772 1074 4826 r.
1106 4771 1210 4827 502
1231 4786 1282 4836 a,
1313 4778 1399 4826 est
1431 4783 1552 4836 cap.
1585 4747 1674 4823 35.

514 4772 595 4917 ἓῖζ
627 4841 772 4917 Mon.
800 4843 892 4917 Ἡ,
926 4843 963 4897 f.
987 4841 1093 4917 248
1121 4843 1178 4917 b_,
1210 4839 1510 4910 ἐνέργειαι.

517 4917 596 4995 (τί)
630 4917 682 4995 2‘.

519 4965 596 5057 ὢ
629 4965 898 5039 ἑίοεθοιέ
925 4965 1074 5037 Μὸηί
1102 4965 1244 5046 εὲίὴ
1283 4977 1430 5034 Non.
1465 4980 1560 5048 ‘37,
1591 4981 1688 5035 καὶ
1727 4976 1886 5047 αὐτὴ.

2189 4769 2267 4839 (ὅ)
2303 4769 2450 4824 Mon.
2486 4768 2578 4831 27,
2604 4769 2927 4839 ῥπόκειντο.

2193 4837 2272 4906 (6⁷)
2307 4840 2365 4890 αί
2394 4839 2572 4892 omitt.
2600 4837 2745 4892 Non.
2781 4838 2872 4891 ‘27.

2191 4905 2270 4980 (7)
2300 4907 2356 4962 ln
2386 4908 2548 4962 codd.
2574 4907 2796 4962 additur
2836 4907 2941 4962 hoc
2966 4905 3186 4965 schema
3216 4918 3228 4955 :
