3966 6218
358 238 459 303 221

1386 229 1824 292 REFUTATIO
1860 232 1962 290 MA
1979 232 2118 314 [ιρι.
2147 233 2532 299 EPI-IESINI.

3492 240 3598 302 22?

362 354 503 422 μέσα
537 349 594 403 δὲ
629 345 722 400 καὶ
756 342 855 408 τάς
881 345 1038 398 τοῦτο
1073 340 1428 404 δεικνυούσας
1464 340 1762 411 προτάσεις
1786 343 1918 395 εἰσὶν

2030 341 2298 411 Spiritum
2347 359 2541 399 omnes
2583 354 2938 412 asseverant;
2980 345 3128 403 circa
3172 348 3351 405 media
3377 365 3512 408 vero
3540 361 3594 408 et

357 447 408 498 οἳ
449 444 544 496 καὶ
597 437 969 508 διαφέρονταις
1020 433 1193 488 Τοῦτο
1223 433 1280 486 δὲ
1311 433 1407 485 καὶ
1452 432 1512 485 ιν
1543 433 1706 486 παντὶ
1752 433 1924 503 ζητή..

363 555 496 608 ματι
537 535 770 602 γίνεται.
814 530 938 583 Ἐπὶ
963 522 1283 598 οίουδήποτε
1306 526 1417 597 γὰρ
1457 525 1924 594 συμπεράσματος

360 625 638 694 γιωρίμου
664 639 724 674 τε
769 623 868 674 καὶ
909 615 1350 688 δμολογουμᾶνου
1396 615 1537 675 πᾶσι
1577 611 1774 666 πολλαὶ
1811 615 1925 675 τοῖς

358 719 544 785 σοφοῖς
593 711 1037 782 ἀμφισϐητήσεις
1075 706 1204 778 περὶ
1246 706 1346 769 τὰς
1388 707 1583 758 τούτου
1621 703 1924 769 ἀποδείξεις

355 811 622 876 γίνονται,
655 805 767 858 τῶν
813 804 914 873 μὲν
946 799 1014 856 δι’
1041 799 1240 862 ἀλλων,
1282 797 1392 850 τῶν
1423 795 1480 850 δὲ
1509 797 1577 849 δι’
1620 796 1796 849 ἀλλων
1831 796 1928 864 μέ-

356 917 468 951 σων
496 897 556 951 τδ
581 894 714 948 αὐτὸ
740 890 1100 946 δεικνυόντων
1123 904 1138 918 ’
1172 887 1296 941 ὅθεν
1327 885 1383 938 el
1423 902 1508 948 τις
1536 885 1779 953 ἀναιρεῖν
1807 884 1927 935 ίκα-

353 992 462 1051 νῶς
494 988 738 1058 βούλοιτο
786 985 849 1036 τὸ
879 981 1265 1051 προκείμενον,
1310 975 1436 1030 οὔτε
1466 977 1565 1038 τὰς
1613 975 1748 1036 ἰδίας
1783 975 1924 1028 ἀπο-

352 1082 549 1145 δείξεις
595 1077 840 1130 ἐκθεῖναι
901 1074 1064 1145 μόνον
1101 1071 1283 1140 ἀρκεῖ,
1336 1069 1386 1122 εί
1445 1069 1522 1138 μὴ
1553 1066 1648 1120 καὶ
1691 1065 1790 1130 τὰς
1827 1063 1922 1118 τοῦ

351 1176 530 1236 ἄλλως
557 1172 809 1241 λέγοντος
837 1166 1040 1228 ἀνέλοι,
1074 1163 1199 1217 οὗτε
1231 1160 1390 1214 τοῦτο
1419 1159 1644 1229 ποιῆσαι
1668 1157 1922 1211 καταλεί-

355 1281 530 1318 ποντα
565 1263 797 1332 θάτερον
819 1275 834 1288 ·
869 1257 986 1311 ἀλλ’
1014 1255 1132 1324 ἅμα
1171 1252 1267 1307 καὶ
1295 1251 1422 1314 τοὺς
1456 1248 1732 1310 ἐναντίους
1762 1246 1923 1300 λῦσαι

351 1355 551 1422 λόγους
581 1353 674 1407 καὶ
704 1351 835 1414 τοὺς
868 1348 1027 1410 ίδίους
1061 1344 1277 1413 ἀνάγκη
1307 1341 1670 1412 προαγαγεῖν.
1719 1339 1828 1392 Καὶ
1857 1337 1920 1390 σὺ

350 1446 562 1510 τοίνυν,
598 1444 684 1498 ὅτε
714 1442 796 1496 σοὶ
826 1440 904 1511 (Ι)
929 1440 1022 1492 καὶ
1051 1436 1212 1491 τοῦτο
1237 1433 1417 1503 δοθείη
1441 1431 1640 1502 ἀληθὲς
1668 1423 1834 1492 εἶναι,
1864 1428 1922 1480 τὸ

348 1542 424 1608 τῇ
452 1537 693 1606 διαφόρῳ
726 1533 938 1603 προόδῳ
966 1528 1167 1590 ίκανῶς
1198 1525 1444 1594 ἀλλήλων
1468 1523 1559 1577 τὸν
1582 1522 1710 1575 Υίδν
1743 1521 1841 1608 καὶ,
1862 1518 1923 1572 τδ

352 1607 588 1695 Πνεῦμα
636 1619 1035 1692 διακρίνεσθαι,
1092 1616 1246 1670 οὐδὲν
1309 1613 1473 1666 πλέον
1522 1610 1666 1682 ἔχεις
1717 1607 1920 1671 λαϐὼν,

346 1718 459 1780 ἕως
485 1690 554 1770 ἀν
577 1715 635 1768 τὸ
663 1690 1041 1783 συμπέρασμα
1071 1709 1167 1763 καὶ
1212 1707 1281 1759 δι’
1343 1704 1521 1761 ἀλλων
1560 1695 1771 1756 πολλῶν
1808 1701 1916 1754 δει-
1947 1690 1994 1749 Β

347 1809 592 1874 κνύοιτο,
625 1807 718 1860 καὶ
746 1805 888 1859 οὕτω
916 1803 1238 1866 δεικνύοιτο,
1263 1799 1338 1861 ὡς
1358 1797 1526 1870 μηδὲν
1553 1813 1614 1848 σε
1643 1795 1923 1847 ἀντειπεῖν

341 1898 817 1973 ἔχειν.Κάνταῦθα
838 1897 895 1952 δὲ
922 1898 1072 1966 ὅμως
1089 1895 1146 1960 ἐξ
1172 1893 1429 1964 ἡμισείας
1450 1889 1479 1940 δ
1509 1887 1688 1958 βούλει
1716 1887 1912 1948 ποιεῖς,

343 1996 418 2048 τὰ
447 1991 652 2047 σαυτοῦ
688 1992 788 2061 μὲν
833 1989 1202 2058 ἐκτιθέμενος,
1231 1985 1358 2046 τοὺς
1402 1982 1459 2036 δὲ
1486 1979 1802 2040 δεικνύντας
1830 1977 1917 2029 λό-

342 2101 501 2153 γους,
535 2084 612 2154 μὴ
645 2080 908 2136 δύνασθαι
943 2078 1188 2148 ἀλλήλων
1218 2071 1618 2144 διακρίνεσθαι,
1644 2071 1692 2123 εί
1726 2071 1801 2139 μὴ
1826 2067 1920 2121 θά-

341 2193 508 2246 τερον
537 2177 604 2228 ὲκ
649 2173 882 2244 θατὲρου
916 2171 1027 2240 eff),
1058 2171 1149 2223 διὰ
1191 2168 1252 2221 τὸ
1290 2167 1369 2237 μὴ
1402 2164 1664 2218 δύνασθαι
1699 2161 1916 2223 πάντως

338 2269 410 2332 οὗ
445 2267 799 2335 διαλυόμενος
822 2280 838 2296 ο
861 2263 1002 2316 ὥστε
1029 2261 1114 2314 σοὶ
1136 2260 1228 2313 τὸν
1249 2258 1410 2327 λόγον
1429 2254 1731 2326 ἀμφίδολον
1753 2269 1921 2305 κατα-

338 2357 654 2411 λείπεσθαι.
691 2356 756 2409 Τί
804 2353 914 2425 γὰρ
945 2353 1011 2408 ἀν
1059 2352 1153 2405 καὶ
1183 2349 1350 2420 φαίης
1388 2348 1524 2418 πρὸς
1572 2346 1700 2408 τοὺς
1729 2343 1918 2411 λέγον·

337 2467 470 2516 τας,
506 2451 575 2503 τὰ
625 2449 726 2517 μὲν
785 2445 1177 2518 διακρινόμενα
1214 2440 1459 2510 ἀλλήλων
1512 2439 1545 2509 ἢ
1592 2438 1658 2505 τῇ
1709 2433 1916 2504 ἀρχῇῆ

338 2545 462 2604 τοῖς
492 2544 642 2610 ὅροις
670 2537 1070 2609 διακρίνεσθαι,
1111 2536 1203 2588 τὸν
1231 2533 1290 2586 δὲ
1322 2532 1450 2585 Υίδν
1479 2529 1576 2584 καὶ
1605 2526 1666 2580 τὸ
1693 2526 1918 2594 Πνεῦμα

337 2639 462 2696 τοῖς
497 2635 602 2703 μὲν
639 2635 786 2704 ὅροις
815 2631 914 2684 οὐκ
947 2629 1014 2681 ἂν
1047 2623 1423 2696 διακρίνεσθαι
1455 2616 1724 2690 ἀλλήλων,
1759 2617 1919 2685 είπερ

337 2731 419 2783 τὰ
449 2731 565 2791 τοῖς
615 2728 761 2796 ὅροις
790 2721 1184 2792 διακρινόμενα
1219 2718 1251 2789 ἢ
1299 2720 1364 2788 τῇ
1397 2715 1496 2786 ῦλη
1546 2709 1918 2781 διακρίνεσθαι

334 2824 484 2886 δεῖν,
513 2823 550 2892 ἡ
577 2819 676 2890 τῆς
707 2817 1042 2888 ἀτομότητός
1069 2817 1217 2866 ἐστιν
1257 2809 1404 2863 αίτία
1437 2808 1578 2878 (ἐκεῖ
1611 2805 1668 2859 δὲ
1695 2801 1920 2872 οὐδεμία

332 2914 505 2970 ἐστὶν
533 2911 680 2982 ὕλη),
711 2910 746 2981 ἢ
769 2910 846 2978 τῷ
873 2908 1008 2962 εἴδει
1036 2907 1176 2978 (ἐκεῖ
1197 2903 1254 2957 δὲ
1278 2900 1446 2954 ταυτὸ
1469 2893 1608 2962 είδος
1643 2895 1742 2967 τὴν
1770 2895 1920 2948 θείαν

332 3007 540 3064 οὐσίαν
579 3007 640 3060 ιν
668 3003 872 3074 ἀμφοῖν
917 2996 1084 3068 εῖναι)
1109 3014 1124 3028 ο
1169 2995 1311 3091 ῶστε
1353 2990 1636 3091 λείπεσθαι
1677 2991 1749 3091 τῇ
1775 2988 1916 3091 ἀργῇ
1943 3025 2004 3091 ο»

330 3102 549 3163 αὐτοὺς
578 3095 955 3167 διακρίνεσθαι
985 3111 1000 3125 ο
1020 3089 1316 3146 κάντεῦθεν
1345 3087 1394 3139 εί
1419 3085 1588 3155 ἄμφω
1617 3084 1682 3136 ἐκ
1706 3079 1916 3150 Πατρὸς

330 3183 463 3241 εἶεν
494 3185 576 3255 (2)
607 3183 790 3254 μόνου,
814 3183 914 3234 οὐκ
934 3181 1000 3234 ἂν
1024 3178 1267 3248 ἀλλήλων
1301 3172 1699 3245 διακρίνεσθαι·
1734 3170 1918 3222 λείπε-

330 3279 478 3333 σθαι
517 3275 698 3329 τοίνυν
733 3274 827 3327 τὸν
865 3272 962 3342 μὲν
994 3271 1122 3325 Υίδν
1153 3271 1218 3322 ἐκ
1257 3266 1493 3336 Πατρὸς,
1518 3263 1656 3317 τὸδὲ
1692 3259 1918 3331 Πνεῦμα

327 3375 404 3425 ἐκ
439 3367 664 3438 Πατρὸς
701 3366 796 3420 καὶ
827 3361 960 3418 Υίοῦ
996 3357 1172 3429 εἷναι;
1202 3361 1270 3414 Et
1311 3375 1395 3422 τις
1431 3355 1524 3410 οῦν
1552 3354 1726 3409 ταῦτα
1755 3353 1915 3422 φαίη,

325 3464 390 3515 τί
425 3461 600 3523 αὐτὸς
659 3457 1016 3528 ἀπολογήσῃς
1069 3450 1188 3508 οἶδα
1227 3451 1328 3522 μὲν
1374 3450 1450 3514 ὡς
1494 3449 1654 3502 οὐδδνη
1685 3448 1714 3501 ὅ
1741 3465 1793 3500 τι
1822 3447 1918 3500 καὶ

321 3554 491 3619 ἀξιον
539 3550 701 3618 λόγου
733 3550 901 3618 ἀρεῖς.
943 3545 1160 3601 Λατῖνοι
1208 3542 1266 3595 δὲ
1303 3541 1497 3612 ἀνδρες
1539 3538 1694 3608 σοφοί
1723 3555 1784 3591 τε
1817 3537 1916 3591 καὶ

319 3643 680 3701 διαλεκτικοὶ
709 3643 848 3712 πρὸς
886 3639 987 3703 τὰς
1011 3634 1259 3691 Λατίνων
1288 3634 1498 3695 ταύτας
1541 3631 1914 3701 ιπιχειρήσεις

318 3733 533 3803 σοφῶν
566 3747 627 3784 τε
663 3731 758 3784 καὶ
788 3725 1147 3783 διαλεκτικῶν
1172 3725 1270 3780 καὶ
1296 3723 1463 3777 αὑτοῦ
1493 3719 1666 3775 πολλά
1697 3720 1797 3791 μιν
1821 3717 1917 3772 καὶ

317 3827 483 3880 καλά
539 3821 729 3891 ἐροῦσι
778 3837 837 3874 τε
879 3819 973 3873 καὶ
1002 3818 1313 3888 είρήκασιν,
1344 3814 1405 3868 οὐ
1438 3814 1623 3883 μᾶντοι
1655 3829 1718 3881 γε
1761 3810 1917 3883 παρά

311 3920 506 3975 τοῦτο
535 3916 619 3986 τῷ
657 3913 1088 3984 συμπεράσματι
1121 3910 1407 3978 μάχονται,
1433 3896 1571 3960 ἀλλά
1609 3905 1831 3968 πολλαῖς
1855 3920 1917 3956 τε

309 4014 428 4066 καὶ
463 4005 752 4077 γενναίαις
775 4002 964 4063 sum;
996 3997 1306 4064 ἀποδείξεσι
1330 3995 1394 4050 τὸ
1420 3994 1648 4066 Πνεῦμα
1676 3994 1737 4047 τὸ
1761 3993 1917 4063 ἅγιον

305 4107 386 4158 εκ
423 4099 656 4168 llas:pr
690 4097 786 4150 καὶ
829 4092 961 4147 Υίοῦ
1011 4087 1152 4144 εἶναι
1185 4091 1285 4143 καὶ
1334 4089 1482 4160 μάλα
1524 4088 1913 4158 ίσχυρίζονται.

305 4195 394 4247 Σὺ
423 4193 493 4244 δὲ
530 4187 665 4252 ῖσθι,
696 4185 772 4249 ὡς
795 4185 891 4239 atat
920 4183 1019 4254 τὴν
1037 4182 1296 4250 διάφορον
1319 4178 1525 4248 ταύτην
1549 4193 1632 4229 σοι
1661 4178 1770 4228 τῶν
1804 4175 1917 4246 φώ-

303 4303 447 4340 τοιν
483 4286 559 4335 ἐκ
597 4278 806 4348 Πατρδς
853 4275 1080 4346 πρόοδον
1113 4273 1190 4334 είς
1221 4271 1387 4324 ταυτδ
1417 4271 1530 4332 τοῖς
1571 4267 1782 4322 ἑαυτῶν
1817 4267 1907 4320 λό-

2027 435 2174 488 circa
2226 436 2653 505 propositiones,
2716 453 2785 492 ex
2839 438 3042 508 quibus
3097 439 3244 494 istud
3290 443 3592 512 probatur,

2027 535 2157 579 sunt
2192 526 2286 594 qui
2341 526 2487 581 inter
2543 541 2603 581 se
2649 529 2921 585 dissident
2953 546 3016 586 ac
3040 531 3448 587 controversias
3476 533 3591 602 agi-

2027 622 2164 670 tant.
2227 614 2341 669 Hoc
2364 630 2496 669 vero
2545 615 2598 669 in
2633 619 2781 672 omni
2811 635 3030 688 quoque
3061 622 3363 690 quaestione
3395 637 3589 677 usuve-

2026 705 2128 762 nit.
2164 705 2223 760 ln
2258 704 2624 775 qualicunque
2674 708 2820 762 enim
2876 711 3230 765 conclusione
3266 721 3392 766 nota
3415 714 3590 766 omni-

2024 799 2130 854 bus
2173 810 2230 855 et
2277 800 2522 857 omnium
2571 803 2914 857 confessione
2982 803 3220 859 admissa
3265 807 3448 860 multa:
3509 821 3586 860 sa-

2023 890 2306 960 pientibus
2364 895 2751 962 ambiguitates
2806 894 2952 948 circa
2979 893 3224 962 ejusdem
3253 894 3584 950 demonstra-

2025 981 2204 1036 tiones
2237 983 2585 1048 exoriuntur,
2621 998 2746 1038 cum
2781 983 2876 1038 alii
2913 998 3010 1051 per
3035 984 3143 1038 alia
3193 985 3370 1038 media
3403 989 3591 1040 eadem

2023 1073 2256 1143 probare
2301 1074 2592 1140 studeant;
2639 1077 2992 1146 quamobrem
3039 1076 3084 1129 si
3108 1076 3233 1145 quis
3255 1076 3593 1131 sufﬁcienter

2022 1165 2156 1219 velit
2188 1166 2520 1234 propositam
2550 1166 2854 1221 doctrinam
2913 1175 3186 1229 evertere,
3224 1184 3332 1222 non
3365 1168 3589 1234 sumcit,

2025 1266 2085 1310 ut
2137 1256 2389 1324 proprias
2443 1255 2708 1311 duntaxat
2751 1255 3586 1326 demonstrationesiexponat,

2023 1347 2130 1401 nisi
2157 1358 2212 1402 et
2245 1349 2482 1402 rationes
2514 1348 2635 1416 ejus
2667 1347 2760 1417 qui
2798 1347 2957 1402 aliter
2976 1350 3186 1414 statuit,
3219 1365 3250 1402 e
3273 1351 3454 1403 medio
3484 1353 3589 1404 tol-

2021 1439 2122 1504 lat,
2183 1454 2364 1508 neque
2407 1450 2468 1492 ut
2517 1439 2620 1492 hoc
2683 1439 2844 1493 faciat
2887 1439 3118 1493 alterum
3180 1445 3406 1493 omnino
3430 1445 3589 1495 omit-

2025 1532 2212 1596 tendo,
2267 1547 2459 1586 verum
2517 1531 2679 1585 simul
2739 1531 2905 1585 debet
2932 1540 2988 1585 et
3010 1534 3318 1586 contrarias
3351 1535 3588 1587 rationes

2023 1624 2321 1678 dissolvere
2359 1634 2415 1678 et
2450 1625 2702 1692 proprias
2753 1623 2806 1676 in
2857 1624 3096 1678 medium
3138 1626 3404 1693 proferre.
3435 1625 3499 1678 Et
3529 1636 3584 1678 tu

2021 1715 2206 1785 igitur,
2261 1715 2479 1784 quando
2513 1715 2679 1768 etiam
2711 1722 2764 1766 et
2805 1713 2908 1767 hoc
2943 1714 3039 1767 tibi
3096 1729 3282 1769 verum
3304 1732 3423 1769 esse
3458 1733 3590 1769 cou-

2020 1810 2325 1865 ceileretur.
2393 1808 2606 1861 diversa
2670 1808 3052 1876 progressione
3112 1805 3453 1873 suﬂipienter
3518 1810 3586 1859 ab

2021 1896 2254 1952 invicem
2313 1897 2510 1952 Filium
2570 1906 2627 1951 et
2683 1896 2952 1967 Spiritum
3017 1908 3265 1951 sanctum
3299 1899 3585 1960 distingui,

2020 1989 2156 2042 nihil
2212 1989 2445 2057 amplius
2499 1989 2696 2043 exinde
2756 1998 2951 2042 nactus
2989 2003 3164 2051 esses,
3191 1989 3433 2056 quandiu
3465 2004 3590 2040 cuu-

2019 2080 2194 2134 clusio
2241 2080 2404 2132 etiam
2463 2093 2559 2148 per
2613 2078 2714 2131 alia
2764 2079 2934 2132 multa
2991 2076 3399 2130 demonstretur
3427 2090 3480 2130 et
3515 2080 3588 2128 ita

2019 2173 2448 2234 demonstretur,
2510 2178 2570 2224 ut
2632 2169 2769 2222 nihil
2820 2169 3021 2222 habeas
3055 2168 3200 2238 quod
3233 2167 3589 2236 opponas.Et

2021 2263 2110 2316 hic
2159 2277 2378 2331 quoque
2433 2277 2500 2317 ex
2548 2261 2779 2316 dimidio
2838 2263 3016 2316 solum
3064 2261 3210 2330 quod
3247 2276 3586 2329 propositum

2021 2355 2188 2407 habes
2243 2353 2434 2415 efﬁcis,
2489 2353 2620 2408 dum
2676 2361 2766 2407 tua
2809 2352 3033 2422 quidem
3064 2365 3385 2420 argumenta
3413 2369 3586 2421 expo-
3648 2417 3658 2428 .

2019 2443 2126 2504 nis,
2190 2443 2436 2496 rationes
2487 2457 2617 2497 vero
2659 2457 2785 2508 leas,
2841 2456 2964 2511 qua:
2997 2443 3252 2510 probant.
3283 2457 3392 2495 non
3425 2458 3584 2510 posse

2018 2535 2087 2588 ab
2116 2534 2348 2588 invicem
2375 2534 2640 2603 distingui
2677 2532 2876 2587 Filium
2909 2542 2966 2586 et
2994 2532 3282 2600 Spiritum,
3311 2533 3408 2586 nisi
3443 2535 3586 2587 alter

2019 2639 2085 2678 ex
2113 2624 2287 2678 altero
2310 2637 2434 2678 esse
2461 2624 2683 2687 habeat,
2720 2625 2848 2692 quia
2882 2638 2992 2677 non
3018 2632 3210 2691 potes,
3243 2623 3398 2678 nullo
3427 2639 3585 2690 pror-

2019 2731 2114 2770 sus
2169 2718 2331 2772 modo
2392 2717 2648 2772 dissolvis
2680 2733 2695 2781 ;
2731 2725 3067 2786 quapropter
3087 2731 3117 2768 a
3144 2725 3195 2769 te
3226 2717 3364 2768 ratio
3387 2728 3586 2770 nutans

2020 2818 2074 2862 et
2104 2808 2359 2876 ambigua
2397 2809 2751 2876 relinquitur.
2783 2806 2923 2873 Quid
2973 2806 3121 2861 enim
3150 2805 3364 2862 diceres
3393 2810 3589 2863 adver-

2019 2913 2115 2953 sus
2164 2914 2260 2954 eos
2317 2900 2412 2970 qui
2476 2900 2694 2965 dicunt,
2749 2914 2814 2955 ea
2863 2914 2984 2968 quae
3021 2887 3096 2954 ab
3123 2901 3358 2956 invicem
3389 2903 3589 2956 distin-

2023 2999 2290 3060 guuntur.
2356 2992 2443 3045 vel
2499 2992 2776 3061 principio
2835 2993 3099 3062 distingui
3157 2995 3243 3048 vel
3295 2996 3586 3055 terminis.

2019 3083 2216 3138 Filium
2267 3093 2447 3138 autem
2498 3095 2555 3140 et
2604 3084 2868 3154 Spiritum
2909 3087 3156 3140 terminis
3194 3102 3302 3140 non
3326 3086 3586 3156 distingui

2019 3178 2088 3229 ab
2120 3175 2381 3238 invicem,
2433 3176 2882 3246 quandoquidem
2920 3192 3004 3240 ea,
3032 3192 3154 3245 quae
3187 3179 3440 3232 terminis
3471 3181 3588 3231 dis-

2022 3269 2365 3337 tinguuntur,
2429 3269 2514 3324 vel
2576 3269 2799 3322 materia
2852 3267 3112 3337 distingui
3167 3279 3588 3338 operte-anquiri

1993 3360 2478 3414 ‘individualitatis
2506 3360 2579 3414 sit
2610 3375 2773 3414 causa
2831 3358 3004 3427 (nulla
3039 3375 3174 3414 vero
3204 3361 3314 3414 illic
3345 3364 3583 3424 exsistit,

2021 3451 2285 3522 materia)
2332 3452 2416 3506 vel
2457 3451 2640 3521 specie
2689 3451 2802 3522 (ibi
2843 3466 2975 3506 vero
3026 3452 3274 3506 eamdem
3326 3456 3584 3521 speciem,

2021 3541 2263 3596 divinam
2293 3543 2588 3598 essentiam
2615 3543 2670 3596 in
2693 3542 2959 3598 ambobus
2990 3543 3164 3611 esse);
3198 3544 3430 3613 relinqui
3460 3561 3588 3614 ergo

2021 3648 2115 3690 eos
2170 3634 2442 3704 principio
2490 3634 2758 3705 distingui
2786 3643 2842 3690 et
2867 3635 3069 3690 exinde
3101 3636 3145 3690 si
3181 3638 3340 3690 ambo
3373 3653 3437 3691 ex
3471 3639 3588 3692 solo

2018 3724 2182 3781 Patre
2219 3734 2427 3791 essent,
2450 3740 2559 3780 non
2591 3725 2661 3780 ab
2697 3726 2929 3780 invicem
2983 3725 3101 3782 fore
3135 3726 3460 3791 distinctos;
3507 3743 3586 3780 re-

2019 3818 2229 3886 liquuin
2291 3817 2462 3888 igitur
2512 3831 2662 3882 esse,
2716 3826 2776 3872 ut
2839 3816 3011 3872 Filius
3043 3819 3117 3872 sit
3147 3811 3214 3873 ex
3256 3819 3435 3883 Patre,
3462 3819 3588 3888 Spi-

2019 3909 2159 3962 ritus
2193 3922 2326 3963 vero
2375 3922 2443 3962 ex
2493 3904 2652 3961 Patre
2709 3916 2765 3961 et
2808 3907 2981 3963 Filio?
3014 3909 3070 3963 Si
3097 3910 3222 3978 quis
3247 3909 3430 3980 itaque
3489 3926 3589 3964 iiii-

2018 4014 2180 4070 quam
2241 4000 2371 4054 talia
2409 3999 2639 4065 diceret,
2672 3999 2801 4070 quid
2845 4009 2904 4055 tu
2967 4015 3067 4069 pro
3117 4000 3440 4057 defensione
3501 4017 3588 4057 re-

2017 4092 2354 4162 sponderes?
2379 4091 2506 4146 Scio
2573 4101 2626 4147 te
2652 4092 2812 4158 nihil,
2835 4092 2984 4163 quod
3018 4095 3457 4150 consideratione
3506 4097 3588 4150 di-

2019 4199 2184 4256 gnum
2218 4185 2314 4252 sit,
2374 4185 2719 4256 prolaturum
2757 4199 2900 4240 esse.
2937 4184 3114 4238 Latini
3147 4195 3328 4240 autem
3369 4188 3471 4240 viri
3499 4190 3650 4242 sas“

2018 4277 2230 4346 pientes
2258 4287 2315 4333 et
2352 4277 2626 4333 dialectici
2654 4278 2720 4332 ad
2752 4277 3039 4332 ratiocinia
3063 4293 3092 4332 a
3125 4277 3337 4332 Latinis
3361 4284 3586 4348 sapien-

303 4396 451 4448 γοις
488 4376 636 4429 εἰσὶν
666 4373 716 4425 οἳ
748 4370 855 4423 τῶν
899 4367 1147 4424 Λατίνων
1178 4364 1450 4431 ἀπάξουσι
1480 4363 1576 4415 καὶ
1619 4360 1786 4414 ταυτδ
1816 4359 1911 4430 δη·

2023 4371 2172 4425 tibus
2219 4379 2275 4424 et
2323 4370 2632 4424 dialecticis
2663 4377 2720 4423 et
2751 4369 2885 4440 ipsis
2910 4370 3126 4438 prolata
3165 4370 3331 4424 multa
3360 4373 3586 4441 quidem

299 4471 461 4525 λοῦν
492 4463 844 4532 ἀποδείξουσι
875 4461 950 4528 τῷ
983 4461 1074 4512 τὸν
1109 4458 1208 4529 μὲν
1237 4455 1365 4508 Υίὸν
1390 4457 1455 4507 ὲκ
1499 4453 1736 4524 Πατρδς,
1767 4453 1828 4504 τὸ
1859 4452 1916 4503 δὲ

303 4563 579 4630 Πνεῦμα
619 4558 679 4622 ἐξ
711 4556 917 4625 ἀμφοῖν
952 4553 1220 4622 προϊέναι.
1261 4549 1337 4602 Τὸ
1379 4548 1490 4617 γὰρ
1526 4545 1620 4600 τδν
1661 4546 1761 4615 μὲν
1787 4543 1914 4598 Υίδν

299 4648 647 4724 γεννητῶς,
696 4643 1046 4713 ἑκπορευτῶς
1094 4641 1152 4695 δὶ
1184 4640 1246 4694 τὸ
1307 4639 1532 4708 Πνεῦμα
1582 4639 1649 4691 ὲκ
1702 4635 1916 4705 [lasch

299 4743 621 4816 προῐέναι,
675 4738 828 4791 οὐδὲν
863 4735 991 4790 ἀλλο
1039 4729 1180 4787 εἶναι
1235 4730 1450 4793 πολλοῖς
1479 4746 1539 4783 τε
1581 4731 1678 4783 καὶ
1727 4727 1914 4791 καλοῖς

299 4841 524 4906 λόγοις
551 4828 895 4898 πείσουσιν,ἢ
924 4827 1016 4880 τὸν
1046 4827 1144 4896 μὶν
1177 4824 1395 4893 ἀμέσως
1411 4825 1474 4875 ὲκ
1497 4822 1708 4889 Πατρὸς
1726 4819 1914 4889 προῖό-

297 4947 402 4984 ναι
455 4925 552 4992 τῷ
583 4924 680 4986 τῆς
708 4921 1017 4989 γεννήσεως
1042 4917 1256 4989 τρόπῳ,
1279 4913 1340 4966 τὸ
1362 4913 1419 4966 δὲ
1446 4910 1672 4981 Πνεῦμα
1706 4911 1794 4964 διὰ
1819 4907 1916 4962 τοῦ

294 5026 372 5077 lx
411 5015 656 5085 [ἰατρὸς
709 5009 1066 5082 γεννηθέντος
1109 5006 1406 5077 ἀφράστως
1451 5003 1914 5072 ἀκπορευόμενον,

296 5116 407 5166 καὶ
455 5109 578 5177 τὴν
624 5105 954 5176 ἑκπόρευσιν
983 5099 1073 5154 διά
1118 5103 1218 5171 τῆς
1252 5096 1584 5168 γεννήσεως,
1618 5094 1693 5156 ὡς
1738 5093 1835 5146 καὶ
1866 5091 1917 5145 οί

292 5207 608 5277 ἡμέτεροι
645 5197 886 5265 θεολόγοι
923 5193 1106 5264 φασὶν,
1135 5189 1403 5262 προϊέναι.
1437 5187 1579 5257 Πρὸς
1629 5183 1724 5248 οὓς
1752 5183 1916 5248 αὐτὸς

277 5303 416 5354 ὀὐκ
448 5298 542 5350 ἂν
569 5291 678 5345 οὐδ’
712 5287 1031 5357 ἀντιϐλέψαι
1063 5283 1428 5355 δυνησόμενος
1461 5281 1642 5351 μάτην
1671 5278 1912 5332 ἐνταῦθα

293 5392 524 5449 πονεῖς
578 5385 694 5446 ταῖς
723 5380 1075 5452 γραμμικαῖς
1111 5393 1206 5430 σου
1253 5375 1403 5444 μέγα
1450 5370 1665 5442 φρονῶν
1693 5370 1916 5424 ἀποδεί-

295 5490 465 5554 ξεσι,
519 5477 622 5531 καὶ
664 5475 836 5545 ταύτῃ
866 5473 991 5536 τοὺς
1024 5467 1258 5539 ἀμαθεῖς
1298 5464 1639 5536 ἐκπλήττων.
1671 5463 1738 5515 Τί
1769 5462 1816 5515 δ’
1845 5464 1912 5516 ἂν

375 5603 474 5672 (ι)
527 5593 615 5672 ἓξ
641 5590 786 5672 “om
827 5587 974 5672 [3⁵
1003 5601 1069 5651 ες
1097 5584 1242 5672 lion:
1273 5581 1370 5672 ’3:
1402 5578 1799 5672 (ﬁt?

2019 4469 2075 4516 et
2136 4461 2337 4516 eximia
2373 4469 2429 4515 et
2464 4462 2649 4516 dicent
2693 4471 2749 4518 et
2797 4460 2908 4531 jam
2945 4459 3226 4527 dixerunt,
3270 4477 3378 4516 non
3407 4473 3586 4518 tamen

2018 4555 2090 4610 ob
2137 4569 2257 4608 eam
2293 4567 2512 4608 causam
2553 4552 2717 4607 etiam
2762 4552 3100 4606 conclusioni
3130 4565 3468 4621 repugnant,
3501 4571 3588 4610 re-

2019 4659 2139 4699 rum
2171 4643 2358 4697 multis
2382 4643 2768 4712 nobilibusque
2797 4642 2933 4697 aliis'
2953 4644 3290 4715 argumentis
3322 4646 3586 4714 Spiritum

2016 4742 2266 4790 sanctum
2323 4748 2391 4786 ex
2442 4732 2603 4787 Patre
2650 4742 2707 4787 et
2736 4732 2876 4786 Filio
2899 4747 3022 4787 esse
3045 4749 3208 4803 quam
3237 4736 3328 4803 qui
3353 4743 3588 4787 niaxéiue

2015 4839 2383 4898 propugnant.
2431 4826 2512 4880 Tu
2565 4840 2696 4880 vero
2744 4826 2904 4890 scito,
2941 4841 3007 4880 ex
3030 4825 3236 4880 Latinis
3263 4842 3384 4880 esse
3424 4843 3534 4895 quo
3550 4857 3588 4872 ~-

2015 4923 2162 4984 dam,
2210 4918 2304 4988 qui
2349 4918 2444 4972 tibi
2485 4917 2647 4973 etiam
2711 4919 2852 4971 hanc
2901 4917 3136 4972 duorum
3201 4919 3475 4974 luminum
3520 4937 3587 4975 ex

2013 5011 2174 5065 Patre
2225 5012 2500 5065 diversam
2561 5010 3004 5080 progressionem
3046 5011 3100 5064 iii
3136 5010 3277 5065 idem
3316 5027 3442 5066 cum
3472 5013 3587 5067 suis

2013 5103 2285 5157 doctrinis
2335 5103 2585 5172 redigent
2621 5112 2677 5157 et
2712 5103 2856 5156 idem
2903 5103 3213 5172 significare
3272 5104 3587 5172 probabunt

2013 5209 2138 5248 cum
2186 5194 2588 5264 propositione,
2645 5194 2844 5250 Filium
2900 5195 3122 5263 quidem
3160 5211 3226 5250 ex
3253 5196 3430 5260 Patre,
3465 5197 3587 5266 Spi-

2011 5285 2177 5338 ritum
2217 5299 2346 5339 vero
2379 5300 2446 5339 ex
2487 5295 2722 5354 utroque
2775 5285 3017 5354 prodire.
3060 5285 3195 5340 Nam
3227 5289 3373 5354 quod
3415 5285 3586 5342 Filius

2012 5390 2111 5444 per
2130 5376 2560 5444 generationem,
2591 5375 2828 5445 Spiritus
2881 5393 3012 5431 vero
3045 5392 3142 5447 per
3175 5379 3582 5447 pI'Ot‘essiollt‘lll

2010 5480 2075 5520 ex
2113 5467 2270 5520 Patre
2302 5467 2506 5536 prodit,
2556 5469 2660 5523 hoc
2701 5469 2840 5522 nihil
2899 5471 3046 5524 aliud
3082 5485 3201 5525 esse
3226 5483 3282 5526 et
3316 5471 3502 5525 inullis
3531 5483 3585 5526 et

379 5645 478 5738 ἃ)
524 5645 652 5716 εἶέν
680 5645 825 5717 recte
884 5645 1066 5712 Marc:
1106 5657 1144 5709 ίό
1177 5653 1265 5717 35.
1303 5653 1371 5716 b;
1411 5666 1462 5702 In
1507 5649 1647 5704 Nun-
1671 5646 1738 5700 27
1774 5647 1814 5705 f.
1837 5648 1941 5704 249
1981 5663 2032 5715 a,
2068 5647 2189 5702 duae
2216 5655 2506 5716 postremae
2533 5645 2730 5698 littera-
2755 5645 2855 5706 (εν)
2883 5655 3225 5701 evanuerunt
