3966 6218
373 229 480 290 2°23

1742 215 2244 304 BESSARIONIS

3521 207 3625 273 εει

373 343 652 418 praeclaris
678 338 986 396 rationibus
1018 335 1350 399 suadebunt,
1382 332 1487 388 nisi
1523 331 1677 386 illum
1714 333 1938 400 quidem

2058 332 2136 383 ιαὶ
2170 331 2358 398 φαίης,
2395 329 2448 381 εἷ
2482 328 2572 389 τίς
2617 345 2699 380 σοι
2744 328 2841 388 τὰς
2879 328 2974 380 δύο
3010 329 3212 392 ταύτας
3249 328 3516 398 γραμμὰς
3549 333 3626 388 είς

375 434 690 492 immediate
735 448 801 485 ex
835 430 996 485 Patre
1045 429 1266 498 prodire
1305 441 1402 495 per
1432 424 1808 495 generationis
1835 439 1949 477 mo-

375 530 531 590 dum,
586 527 851 596 Spiritum
904 531 1085 577 autem
1141 525 1395 574 sanetum
1450 533 1550 586 per
1581 517 1841 571 Genitum
1867 531 1937 569 ex

370 619 535 673 Patre
567 616 832 672 ineli'abili
871 613 1033 668 modo
1089 607 1516 682 procedentem,
1543 623 1608 664 ac
1631 611 1946 678 processio-

374 725 498 765 nem
523 725 618 778 per
641 706 1082 778 generationem,
1121 703 1269 756 sicut
1293 703 1458 756 etiam
1499 701 1675 754 nostri
1708 701 1948 771 theologi

375 804 584 867 dicunt,
617 801 852 870 prodire.
890 797 967 852 Ad
993 813 1133 866 quos
1157 798 1284 851 dum
1320 811 1388 850 ne
1418 797 1692 865 respicere
1731 795 1951 864 quidem

374 894 603 958 valebis,
645 892 849 946 frustra
895 891 1002 944 hoc
1065 891 1186 944 loco
1224 889 1465 952 laboras,
1491 887 1818 956 superbiens
1844 887 1952 941 tuis

373 1003 440 1042 ex
486 986 646 1040 lineis
690 993 747 1038 et
805 984 1008 1038 litteris
1058 983 1244 1052 petitis
1309 981 1731 1051 probationibus
1775 989 1834 1034 et
1860 980 1951 1034 tali

374 1087 536 1146 pacto
596 1076 847 1130 indoctos
907 1075 1173 1130 territans
1224 1082 1281 1128 et
1338 1083 1564 1143 stupore
1622 1073 1948 1141 percellens.

374 1167 533 1233 Quid,
557 1182 765 1236 quasso,
794 1176 850 1219 et
874 1165 1108 1232 diceres,
1153 1167 1196 1222 si
1231 1166 1357 1236 quis
1391 1167 1527 1221 duas
1565 1166 1665 1220 tibi
1697 1167 1872 1221 lineas
1895 1167 1950 1220 in

375 1275 538 1314 unam
575 1250 928 1313 contraheret
954 1267 1009 1312 et
1036 1259 1251 1312 Patrem
1283 1258 1404 1312 Filii
1447 1268 1680 1328 poneret
1707 1275 1952 1323 causam,

376 1351 573 1404 deinde
626 1365 692 1403 ex
743 1357 977 1419 utroque
1050 1349 1270 1418 prodire
1322 1348 1587 1420 Spiritum
1621 1350 1955 1404 aﬂirmaret?

377 1443 658 1497 Manifeste
723 1442 1151 1508 larnentaberis,
1214 1442 1307 1511 qui
1379 1458 1475 1512 per
1531 1458 1694 1496 unam
1754 1444 1952 1497 lineam

382 1536 696 1606 perdideris
748 1539 999 1608 gloriam,
1069 1545 1130 1590 ut
1191 1533 1424 1588 rudibus
1491 1542 1766 1604 geometra
1833 1547 1955 1588 esse

378 1629 641 1684 videaris.
673 1630 738 1684 Et
772 1639 953 1686 tamen
986 1630 1090 1682 hoc
1128 1626 1450 1681 doctoribus
1506 1627 1677 1695 magis
1709 1635 1792 1680 est
1819 1641 1954 1679 eon-

379 1737 570 1774 sonum
629 1730 685 1774 et
754 1730 1209 1774 consentaneum.
1296 1715 1485 1769 Monas
1539 1717 1707 1780 enim,
1780 1717 1958 1786 inquit

380 1812 695 1880 Theologus
744 1811 1062 1880 Gregorius,
1135 1811 1201 1863 ab
1231 1809 1384 1862 initio
1423 1809 1480 1860 in
1511 1809 1778 1862 binarium
1807 1819 1949 1863 mota

381 1919 541 1972 usque
573 1903 641 1955 ad
678 1901 988 1954 Trinitatem
1012 1903 1199 1960 stetit;
1240 1915 1307 1953 ex
1343 1899 1548 1968 quibus
1569 1901 1754 1952 verbis
1785 1909 1953 1967 patet,

378 2010 505 2048 eum
562 2003 621 2047 ut
668 1995 721 2046 in
786 2007 895 2046 una
951 1993 1093 2045 linea
1125 1990 1276 2044 hunc
1311 2002 1517 2044 motum
1551 1990 1955 2044 considerasse.

380 2087 542 2141 Dices
600 2086 856 2148 fortasse,
916 2085 1060 2138 banc
1083 2083 1461 2153 operationem
1491 2082 1608 2138 fore
1644 2082 1950 2151 inazquabi-

378 2173 508 2234 lem,
562 2183 617 2225 et
666 2173 926 2241 majorem
973 2171 1195 2240 quidem
1255 2187 1403 2239 eam,
1451 2187 1572 2241 quas
1610 2187 1678 2225 ex
1708 2174 1869 2225 Patre
1900 2182 1957 2225 ct

379 2262 518 2317 Filio
567 2263 633 2316 ad
669 2262 959 2332 Spiritum,
1012 2278 1176 2332 quam
1205 2277 1328 2316 eam
1351 2279 1473 2333 quae
1500 2273 1666 2318 estex
1699 2263 1856 2317 Patre
1890 2262 1957 2316 ad

317 2413 331 2431 ⁸
380 2351 605 2417 Filium,
628 2354 713 2408 vel
754 2369 872 2408 cam
900 2369 1024 2422 qua:
1041 2369 1109 2408 ex
1164 2362 1400 2424 utroque
1429 2355 1496 2408 ad
1521 2354 1808 2424 Spiritum,
1845 2370 1958 2408 ma-

375 2447 551 2516 jorem
583 2462 671 2509 ea,
699 2463 819 2517 quas
854 2457 938 2502 est
971 2463 1038 2501 ex
1061 2460 1072 2474 '
1096 2448 1373 2503 alterutro
1429 2457 1641 2502 tantum
1702 2448 1768 2501 ad
1801 2463 1954 2502 eum-

381 2539 504 2592 dem
531 2537 828 2604 Spiritum;
870 2539 1014 2594 sicut
1043 2538 1605 2609 cursnm-quemdam
1637 2538 1815 2602 ﬂuvii,
1859 2539 1954 2607 qui

382 2629 531 2682 aliud
591 2629 793 2683 ﬂumen
855 2630 909 2683 in
979 2630 1163 2684 medio
1225 2629 1510 2700 suscepit;
1574 2643 1701 2684 nam
1741 2638 1797 2683 et
1823 2629 1954 2684 alibi

2056 423 2182 488 μίαν
2215 420 2579 481 σοστέλλειεν,
2624 421 2719 471 καὶ
2744 420 2836 471 τὸν
2864 421 3086 490 Πατέρα
3119 421 3214 472 τοῦ
3243 420 3375 473 Υῐοῦ
3403 419 3626 487 θέμενος

2051 517 2250 576 αἰτίαν,
2299 511 2399 566 εἶτ’
2447 514 2506 578 ἐξ
2535 514 2742 582 ἀμφοῖν
2779 515 2924 566 εῐποι
2956 514 3207 584 προϊέναι
3243 513 3308 578 τὸ,
3355 511 3624 580 Πνεῦμα;

2052 613 2222 681 Δῆλον
2247 607 2322 671 ὡς
2341 605 2598 676 οίμὼξεις
2627 606 2705 677 (Ι)
2751 606 2904 676 παρὰ
2943 608 3072 675 μίαν
3105 606 3374 677 γραμμὴν
3412 605 3628 658 ἀπολωο

2053 703 2226 763 λεκὼς
2257 702 2325 753 τὸ·
2349 701 2445 752 καὶ
2471 701 2796 769 γεωμέτρης
2834 701 2946 761 τοῖς
2976 699 3216 768 ἀμαθέσι
3253 699 3451 751 δοκεῖν.
3490 698 3630 750 Καί-

2053 813 2140 849 τοι
2175 795 2336 847 τοῦτο
2397 792 2492 845 καὶ
2541 795 2653 853 τοῖς
2702 791 3047 854 διδασκάλοις
3090 792 3294 859 μᾶλλον
3339 790 3629 859 ὁμόλογον.

2057 886 2260 950 Μονὰς
2277 882 2412 952 γὰρ,
2445 885 2610 953 φησὶν
2628 886 2655 936 ό
2677 882 2928 950 θεολόγοις
2962 883 3282 952 Γρηγόριος,
3305 883 3407 936 ἀπ’
3436 881 3631 950 ἀρχῆς

2054 976 2362 1041 εις-’δυάδα
2393 974 2708 1041 κινηθεῖσα
2742 975 2932 1042 μέχρι
2960 973 3204 1040 Τριάδος
3231 973 3379 1039 ἔστη
3407 973 3484 1041 (2)
3511 989 3524 1002 ·
3557 973 3631 1034 ὡς

2053 1066 2218 1136 δῆλον
2244 1062 2404 1131 εἶναι,
2439 1066 2516 1129 ὡς
2544 1066 2635 1118 ἐπὶ
2692 1067 2822 1135 μιᾶς
2850 1067 3117 1135 γραμμῆς
3149 1065 3316 1119 αὐτὸν
3346 1066 3447 1132 τὴν
3478 1065 3634 1134 κίνη-

2058 1175 2142 1212 σιν
2173 1158 2378 1228 ταύτην
2408 1159 2838 1228 τεθεωρηκέναι.
2884 1160 3082 1228 Φήσεις
3115 1161 3268 1224 ῐσως,
3305 1159 3380 1220 ὡς
3411 1157 3635 1226 ἀνώμα-

2055 1250 2145 1314 λος
2178 1253 2211 1320 ἡ
2253 1253 2502 1321 ἐνέργεια
2533 1252 2705 1318 ἔσται,
2743 1253 2833 1303 καὶ
2871 1251 3077 1320 μείζων
3105 1252 3138 1320 ἡ
3175 1253 3237 1302 ἐκ
3281 1249 3494 1319 Harpe;
3527 1251 3624 1302 καὶ

2058 1342 2188 1395 Υίοῦ
2226 1344 2359 1413 πρὸς
2380 1345 2439 1395 τὸ
2470 1343 2690 1413 Πνεῦμα
2719 1346 2818 1414 τῆς
2850 1347 2912 1397 ἐκ
2943 1346 3155 1415 Πατρός
3177 1345 3310 1414 πρὶς
3328 1345 3477 1409 Υίδν,
3503 1346 3536 1414 ἠ
3556 1345 3631 1412 (5)

2060 1434 2117 1498 ἐξ
2146 1432 2352 1504 ἀμφοῖν
2391 1437 2527 1507 πρὸς
2551 1436 2612 1487 τὸ
2650 1435 2876 1505 Πνεῦμα
2905 1437 3006 1505 τῆς
3040 1440 3102 1489 ἐκ
3132 1437 3365 1504 θατέρου
3407 1436 3542 1505 πρὸς
3575 1439 3635 1487 τὸ

2059 1526 2189 1580 αὐτὸ
2230 1527 2472 1596 Πνεῦμα,
2523 1526 2709 1596 ὥσπερ
2749 1530 2891 1590 τινος
2940 1529 3035 1598 ῥοὴ
3089 1528 3336 1596 ποταμοῦ
3374 1530 3467 1580 καὶ
3500 1529 3626 1580 ἄλλο

2062 1620 2240 1690 ῥεῦμα
2271 1623 2328 1673 ἐν
2364 1621 2441 1691 τῷ
2476 1625 2625 1691 μέσῳ
2657 1619 3102 1690 προσλαϐόμενοι)
3131 1635 3144 1650 ⁸
3177 1620 3272 1672 καὶ
3300 1622 3410 1688 γὰρ
3441 1619 3632 1672 ἄλλοτε

2059 1714 2209 1766 τοῦτ’
2241 1714 2397 1783 ἔφης.
2449 1713 2612 1767 Ἀλλά
2638 1729 2719 1765 σοι
2755 1714 2853 1780 μὲν
2879 1712 3054 1765 ταῦτα
3079 1712 3258 1780 λέγειν
3286 1711 3519 1781 ἁρμόζει
3549 1714 3633 1762 οἰ-

2059 1805 2148 1858 δὲν
2179 1804 2511 1876 ὑψηλότερον
2539 1807 2679 1857 νοεῖν
2711 1804 3016 1874 δυναμένῳ,
3054 1807 3163 1868 τοῖς
3192 1804 3246 1856 δὲ
3299 1806 3636 1870 σωματικοῖς

2063 1887 2456 1966 ὲνάπομένοντι
2491 1896 2651 1963 μόνον
2675 1909 2690 1925 ο
2717 1897 2881 1964 ἡμεῖς
2903 1895 2948 1946 δ’
2967 1890 3008 1948 ἃ
3036 1896 3172 1965 προς
3205 1896 3386 1947 ἐκεῖνα
3413 1895 3637 1962 εἰρήκα-

2065 2006 2186 2059 μεν,
2222 1989 2312 2040 καὶ
2353 1989 2488 2059 πρὸς
2529 1987 2706 2040 ταῦτα
2738 1987 3124 2055 ἀντιθήσομεν,
3174 1985 3269 2038 καὶ
3299 1987 3399 2056 τὴν
3426 1986 3486 2037 ὲκ
3517 1986 3630 2036 Πα-

2061 2082 2188 2150 τρδς
2223 2080 2639 2150 Ποῦ-γέννησιν
2674 2079 2797 2132 οὕτε
2839 2082 3012 2148 μείζω
3052 2079 3177 2132 οὔτε
3211 2081 3420 2133 ἐλάττω
3447 2078 3544 2147 τῆς
3569 2079 3633 2130 ὲκ

2063 2173 2276 2242 [la-cpe;
2309 2173 2400 2226 καὶ
2431 2171 2560 2224 Υίοῦ
2591 2171 2684 2225 τοῦ
2712 2171 3036 2241 Πνεύματος
3082 2169 3313 2240 προόδοῦ
3345 2171 3591 2238 φήσομεν
3614 2207 3631 2234 ,

2064 2263 2178 2316 ἀλλ’
2211 2265 2378 2334 ἄμφω
2422 2266 2652 2330 τελείας,
2684 2267 2803 2335 τήν
2824 2265 2874 2316 τ’
2905 2265 2966 2317 ὲκ
2999 2265 3209 2335 Πατρδς
3243 2264 3338 2315 καὶ.
3369 2261 3499 2314 Υἱοῦ
3538 2260 3631 2314 τοῦ

2063 2355 2381 2426 Πνεὺματος
2438 2359 2776 2428 ἐκπόρευσιν
2813 2359 2913 2428 τὴν
2969 2358 3140 2426 αὐτὴν
3173 2358 3267 2411 καὶ
3314 2358 3442 2426 μίαν
3473 2357 3540 2425 τῇ
3568 2355 3631 2406 ὲκ

2063 2449 2340 2520 Πατρὸςῆ
2384 2450 2460 2521 (ιι)
2494 2449 2624 2502 Υίοῦ
2668 2443 2995 2520 ἑκπορεύσει.
3030 2449 3125 2503 τοῦ
3171 2448 3337 2504 αὑτοῦ
3375 2447 3631 2514 Πνεῦμα-

2061 2560 2172 2606 τος.
2207 2544 2314 2596 Καὶ
2343 2544 2392 2595 οἱ
2432 2542 2582 2610 λόγοι
2612 2543 2874 2606 πολλάκις
2911 2543 3192 2614 εἰρημένοι
3235 2543 3416 2612 μάτην
3451 2539 3518 2592 ἂν
3548 2541 3668 2592 ὲν-⁴

2062 2635 2241 2686 ταῦθα
2267 2633 2528 2702 λέγοιντο.

384 2721 490 2776 hoc
524 2721 766 2776 dicebas.
801 2723 997 2777 Verum
1051 2730 1103 2776 te
1133 2722 1361 2792 quidem
1422 2722 1584 2777 decet
1652 2722 1756 2778 ista
1823 2722 2032 2791 dicere,
2074 2727 2167 2795 qui
2221 2727 2357 2781 nihil
2397 2729 2688 2785 sublimius
2748 2729 2986 2800 cogitare
3016 2739 3208 2800 potes,
3247 2727 3345 2784 sed
3379 2743 3636 2797 corpora-

383 2814 528 2869 libus
563 2813 826 2869 duntaxat
859 2813 1022 2870 rebus
1065 2816 1334 2879 inhaeres;
1368 2830 1470 2870 nos
1501 2824 1683 2869 autem
1750 2831 1872 2886 qua:
1945 2818 2014 2872 ad
2079 2819 2169 2872 illa
2223 2818 2464 2875 diximus
2511 2823 2674 2876 etiam
2731 2823 2880 2879 hisce
2935 2838 3274 2893 opponemus
3327 2833 3383 2879 et
3418 2822 3540 2878 Filii
3566 2837 3635 2879 ex

383 2906 548 2960 Patre
600 2909 1011 2975 generationem
1060 2921 1241 2976 neque
1267 2908 1528 2977 majorem
1595 2921 1775 2978 neque
1840 2911 2110 2966 minorem
2165 2911 2406 2982 Spiritus
2450 2916 2623 2969 sancti
2690 2931 2756 2969 ex
2790 2916 2948 2970 Patre
2987 2915 3235 2988 Filioque
3286 2917 3634 2987 processione

386 2995 655 3063 dicemus,
718 2999 813 3052 sed
870 3005 1155 3066 utramque
1214 2997 1517 3068 perfectam
1593 3007 1650 3054 et
1716 3001 2127 3072 processionem
2187 3006 2368 3060 sa’ncti
2427 3006 2667 3075 Spiritus
2729 3022 2794 3062 ex
2821 3000 2985 3062 Patre
3050 3019 3105 3064 et
3133 3009 3274 3064 Filio
3301 3025 3461 3066 unam
3485 3025 3634 3064 eam-

386 3090 621 3160 demque
677 3106 798 3147 esse
846 3106 972 3146 cum
1023 3094 1265 3164 ejusdem
1327 3093 1569 3164 Spiritus
1625 3096 1800 3151 sancti
1865 3099 2217 3167 processione
2269 3117 2337 3157 ex
2396 3102 2558 3158 Patre
2597 3105 2682 3159 vel
2717 3120 2782 3158 ex
2837 3095 2999 3160 Filio.
3058 3105 3125 3161 Et
3155 3108 3395 3164 rationes
3460 3119 3633 3178 sarpe-

386 3203 617 3243 numero
687 3188 912 3258 prolata:
973 3187 1176 3244 frustm
1245 3191 1352 3244 hoc
1422 3193 1544 3246 loco
1619 3201 2034 3262 repeterentur.

1986 3317 2034 3382 Π

702 3303 947 3362 EPHES.
1000 3305 1153 3362 esp.
1209 3306 1326 3364 xw
1359 3307 1646 3379 (χχχιιι.)

450 3423 796 3492 lnterrogant
842 3437 965 3488 nos,
1016 3424 1112 3492 qui
1168 3437 1293 3478 cum
1344 3423 1555 3479 Latinis
1593 3423 1858 3489 sentiunt,
1891 3438 1960 3478 an

386 3534 511 3574 cum
544 3533 643 3573 sua
672 3517 880 3572 virtute
904 3525 961 3572 et
1000 3515 1469 3587 sapientiaIPater
1526 3515 1795 3586 Spiritum
1827 3531 1962 3572 san-

385 3624 532 3666 clum
570 3610 860 3682 producat,
915 3624 984 3664 an
1026 3609 1158 3665 sine.
1203 3607 1472 3677 sapientia
1540 3616 1595 3664 et
1673 3609 1794 3666 sine
1846 3609 1962 3662 vir-

389 3709 525 3767 tute,
559 3702 638 3772 (a)
681 3711 739 3757 ut
767 3701 813 3758 si
839 3702 1073 3756 alterum
1115 3701 1388 3771 iugientes
1424 3700 1582 3772 prius
1613 3701 1961 3772 responderi-

388 3807 531 3857 mus,
578 3809 680 3849 nos
723 3793 792 3847 ad
830 3807 990 3847 suam.
1015 3791 1262 3862 ipsorum
1311 3792 1548 3863 adigant.
1594 3794 1948 3859 sententiam,

389 3887 676 3951 nimirum,
741 3885 788 3940 si
820 3883 1089 3954 sapientia
1150 3895 1206 3941 et
1236 3884 1622 3942 virtus‘Patris
1655 3895 1739 3941 est
1765 3885 1964 3951 Filius,-

387 3995 508 4033 cum
531 3979 671 4033 Filio
689 3993 818 4050 ergo
842 3978 1052 4034 Patrem
1074 3979 1384 4048 producere
1395 3979 1662 4048 Spiritum.
1681 3991 1958 4046 sanctum,

291 4067 298 4074 ’
391 4082 446 4127 et
477 4088 587 4127 non
610 4073 786 4128 solum
816 4072 1025 4140 ipsum.
1049 4069 1237 4138 Itaque
1267 4069 1481 4138 Patrem
1509 4086 1633 4125 cum
1668 4071 1806 4126 Filio
1833 4087 1960 4141 pro~

390 4167 597 4220 ducere
639 4162 930 4232 Spiritum-
958 4169 1234 4227 sanctum,
1269 4161 1386 4215 sive
1420 4177 1543 4216 cum
1601 4161 1800 4228 Verbo,
1830 4177 1967 4220 cum-

388 4256 683 4329 sapientia.
741 4262 797 4310 et
835 4254 1064 4319 virtute,
1093 4268 1274 4323 neque
1327 4269 1428 4310 nos
1461 4254 1678 4310 inﬁcias
1712 4256 1955 4324 ibimus;

385 4368 511 4407 nam
571 4349 736 4406 simul
791 4361 917 4403 cum
976 4343 1153 4400 Verbo
1215 4345 1398 4415 prodit
1448 4345 1686 4416 Spiritus
1709 4359 1964 4418 sanctus,

386 4442 688 4498 secundum
726 4439 884 4494 divos
915 4438 1134 4502 Patres,
1165 4446 1365 4510 etcum
1392 4439 1687 4496 comitatur
1714 4451 1770 4498 et
1799 4454 1969 4511 pate-

385 4537 535 4600 facit,
604 4543 659 4590 et
685 4548 864 4604 neque
894 4532 1134 4588 Verbum
1170 4545 1255 4586 est
1284 4532 1493 4601 absque
1516 4531 1748 4601 Spiritu,
1776 4551 1955 4606 neque

2395 3313 2663 3368 sessor
2700 3315 2857 3370 xm.
2887 3313 2982 3385 ις’
3007 3317 3158 3391 (KP)
3188 3319 3287 3391 (5).

2149 3427 2456 3498 Ἐρωτῶσιν
2508 3429 2668 3499 ἡμᾶς
2699 3429 2750 3482 oi
2794 3430 2863 3483 τὰ
2912 3431 3158 3486 Λατίνων
3202 3435 3550 3503 φρονοῦντες,
3584 3441 3633 3493 ει

2067 3523 2205 3589 μετὰ
2226 3523 2324 3591 τῆς
2351 3521 2550 3576 ἑαυτοῦ
2572 3523 2854 3591 δυνάμεως
2879 3527 2974 3577 καὶ
2999 3528 3196 3594 σοφίας
3228 3529 3255 3582 ό
3280 3529 3469 3600 Πατὴρ
3495 3549 3634 3602 προ·-

2064 3612 2252 3666 Genu
2305 3614 2368 3664 τὸ
2398 3612 2623 3682 Πνεῦμα
2657 3614 2734 3666 τὺ·
2775 3613 3014 3688 ἂγιον,.ἢ
3069 3618 3289 3688 ἀσόφως
3318 3622 3414 3676 καὶ
3435 3623 3635 3679 ἀδυνά.

2062 3724 2206 3770 τως,-
2227 3704 2296 3758 ἶν’
2327 3707 2375 3759 εί
2405 3707 2466 3758 τὸ
2500 3706 2754 3776 δεύτερον
2804 3707 3104 3777 φεύγοντες
3134 3711 3195 3764 τὸ
3232 3716 3466 3785 πρῶτον.
3495 3720 3636 3771 ἀπο,

2062 3794 2435 3866 κρινοῦμεθα,
2489 3797 2626 3866 πρὸς
2682 3796 2782 3867 τὴν
2832 3799 3046 3852 ἑαυτῶν
3099 3801 3245 3870 ἡμᾶς
3299 3804 3632 3874 ἀπαγάγωσι

2060 3886 2240 3952 δόξαν,
2270 3887 2354 3939 ὃτι
2387 3888 2440 3939 εί
2479 3888 2644 3956 σοφία
2671 3889 2768 3951 καὶ
2799 3886 3031 3955 δύναμις
3057 3891 3151 3942 τοῦ
3191 3892 3404 3962 Πατρός
3431 3895 3581 3946 ἐστιν
3603 3898 3634 3948 ό

2067 3977 2189 4042 re;
2219 3975 2318 4047 (6),
2353 3981 2493 4045 μετὰ
2524 3977 2618 4030 τοῦ
2662 3977 2793 4030 Υίοῦ
2836 3978 2946 4048 ἄρα
2975 3980 3271 4048 προϐάλλει
3304 3983 3366 4035 τὺ
3406 3984 3636 4054 Πνεῦμα

2059 4067 2119 4120 τὸ
2147 4066 2303 4135 ἇγιον
2331 4070 2360 4120 ό
2407 4069 2619 4138 Πατὴρ,
2651 4070 2754 4132 ,καὶ
2802 4071 2861 4122 οὐ
2908 4070 3070 4139 μόνος
3104 4071 3290 4134 αὐτός.
3340 4075 3462 4127 Ὅτι
3529 4078 3636 4145 μὲν

2059 4155 2152 4213 οὖν
2186 4159 2326 4229 μετὰ
2361 4159 2618 4214 τοῦ-Υίοῦ
2646 4161 2938 4231 προϐάλλει
2973 4165 3032 4215 τὸ
3075 4163 3296 4232 Πνεῦμα
3327 4165 3386 4218 τὸ
3416 4165 3579 4234 ἅγιον
3605 4169 3636 4220 ό

2061 4254 2274 4324 Πατὴρ,
2320 4253 2496 4306 ειτουν
2529 4253 2667 4322 μετὰ
2700 4256 2792 4307 τοῦ
2828 4255 2990 4322 λόγου
3040 4256 3134 4310 καὶ
3169 4258 3268 4324 τῆς
3303 4260 3498 4327 σοφίας
3533 4261 3634 4314 καὶ

2051 4350 2156 4417 ’τῆς
2186 4347 2491 4416 δυνάμεως,
2529 4346 2636 4398 οὐδ’
2668 4347 2827 4416 ἡμεῖς
2871 4347 3222 4417 ἀρνησόμεθα
3250 4365 3264 4380 ·
3296 4353 3632 4420 συμπρόεισι

2058 4440 2268 4510 γὰρτῷ
2294 4441 2462 4508 Λόγῳ.
2478 4439 2538 4490 τὸ
2570 4438 2802 4508 Πνεῦμα
2821 4440 2880 4492 τὸ
2925 4439 3078 4507 ἅγιον
3109 4441 3250 4495 κατὰ
3285 4443 3412 4506 τοὺς
3441 4443 3622 4508 Θείους

2059 4533 2306 4601 Πατέρας
2341 4530 2440 4600 (7),
2482 4531 2576 4584 καὶ
2612 4536 3073 4602 συμπαρομαρτεί
3114 4534 3208 4587 καὶ
3237 4536 3630 4602 πναναφαίνει

386 4626 625 4697 Spiritus
653 4627 837 4695 prodit
859 4624 976 4703 sine
1001 4622 1209 4680 Verbo.
1263 4623 1462 4678 Verum
1515 4623 1799 4681 enimvero
1843 4643 1954 4682 non

2061 4627 2240 4691 αὑτὸν,
2282 4628 2376 4679 καὶ
2401 4625 2530 4678 οὕτε
2560 4626 2731 4694 Λόγος
2755 4626 2918 4679 «ἐστὶν
2959 4627 3091 4680 ἄνευ
3124 4627 3469 4698 Πνεύματος,
3501 4627 3630 4680 οὔτε

382 4733 508 4772 cuni
531 4717 586 4772 in
617 4701 964 4781 modumfut
996 4714 1170 4770 Filius
1202 4727 1423 4782 quoque
1480 4727 1642 4768 causa
1678 4717 1750 4770 sit
1797 4718 1952 4772 exsi-

385 4811 602 4866 ειοωίω
643 4807 887 4879 Spiritus
942 4805 1139 4870 sancti,
1184 4804 1343 4860 sicuti
1389 4820 1568 4874 neque
1602 4807 1842 4876 Spiritus
1870 4818 1974 4864 est-

384 4902 507 4956 Filii
529 4917 691 4958 causa
722 4918 736 4968 ;
765 4916 887 4970 qux
923 4899 1073 4955 enim
1109 4897 1270 4952 simul
1294 4906 1352 4952 et
1373 4898 1860 4972 secundumidem
1884 4917 1951 4959 ex

384 4997 640 5067 quopiam
702 4994 998 5064 prodeunt,
1021 4991 1190 5050 etiam
1228 4990 1334 5046 sibi
1387 4989 1455 5044 ad
1495 4990 1731 5050 invicem
1757 5008 1952 5052 causas

456 5155 536 5226 (l)
573 5152 814 5226 ltlarc.
845 5150 912 5205 86
946 5166 974 5204 a
1021 5167 1035 5203 :
1079 5148 1433 5226 olpmﬁac._u
1546 5221 1560 5226 _
1609 5215 1706 5226 ,Μ
1777 5163 1805 5226 *ς

568 5221 889 5303 βητοεἮεη.
932 5229 1073 5275 orat.
1102 5215 1192 5282 '55,
1250 5234 1305 5288 p.
1331 5217 1456 5287 562,
1495 5221 1583 5277 ed.
1607 5215 1728 5274 Bill.
1768 5221 1946 5291 (Nunc

381 5295 526 5354 orat.
562 5295 675 5362 t9).

454 5369 530 5438 (25)
573 5369 606 5437 ἡ
636 5362 965 5418 addendum.

452 5503 529 5574 (a)
562 5504 691 5568 Qua:
743 5502 1129 5564 Damascenus,
1187 5499 1261 5574 De
1321 5499 1423 5574 [ide
1456 5498 1793 5574 orthodoxa,
1827 5511 1946 5574 I,_e.

383 5576 436 5627 6.
460 5566 522 5636 ‘7,
549 5566 812 5641 disputat,
841 5586 945 5641 non
996 5572 1337 5641 parum_bue
1400 5571 1688 5628 iaciebant.
1720 5577 1781 5620 ut
1825 5566 1950 5641 talis

385 5647 536 5697 iicrct
569 5636 818 5713 quies-tio;
853 5640 943 5694 ubi
972 5636 1150 5694 tamen
1179 5638 1474 5707 Sapientia,
1501 5655 1620 5708 qua:
1652 5636 1943 5709 personati.

2057 4720 2118 4770 τὸ
2157 4717 2383 4788 Πνεῦμα
2423 4717 2674 4787 πρόεισιν
2701 4716 2833 4770 ἄνευ
2861 4718 2956 4770 τοῦ
2985 4718 3184 4786 Λόγου.
3215 4719 3366 4788 Πλὴν
3392 4719 3489 4787 οὐχ
3531 4717 3632 4770 οῦ-

2055 4825 2182 4872 τως,
2216 4810 2360 4861 ὥστε
2410 4810 2503 4861 καὶ
2543 4809 2636 4862 τὸν
2669 4807 2796 4862 Υίὸν
2827 4809 3002 4861 αἴτιον
3046 4809 3143 4878 τῆς
3171 4809 3265 4862 τοῦ
3308 4810 3630 4877 Πνεύματος

2057 4900 2341 4971 ὑπάρξεως
2370 4898 2546 4966 εἶναι,
2571 4901 2822 4972 καθάπερ
2845 4900 2964 4953 οὐδὲ
2993 4901 3053 4953 τὺ
3085 4901 3309 4971 Πνεῦμα
3349 4899 3446 4953 τοῦ
3495 4899 3630 4954 Υἱοῦ

2056 4995 2225 5046 αἴτιον
2247 5009 2261 5022 ·
2289 4992 2358 5045 τὰ
2385 4994 2495 5063 γὰρ
2518 4991 2654 5063 όμοῦ
2691 4994 2834 5050 κατὰ
2862 4993 3062 5048 ταυτὸν
3091 4992 3155 5048 εκ
3189 5009 3336 5058 τινος
3364 4992 3632 5064 προῖόντι

2127 5150 2203 5218 (4)
2229 5149 2402 5218 Codd.
2443 5149 2560 5206 καί.
2723 5216 2752 5218 η
2979 5215 2982 5218 _
3210 5215 3212 5218 _

2127 5215 2201 5292 (5)
2232 5217 2456 5292 l_n_.\lon.
2485 5219 2590 5292 256
2623 5219 2668 5292 i._
2697 5216 2890 5292 5021),
2915 5215 3000 5274 est
3025 5231 3146 5289 cap.
3177 5215 3267 5274 54.

2127 5288 2737 5372 ⁴ξὲ)’ἷ.θυ¹’ῖπῐε.⁵ίζ’².ί¹·
2813 5327 2817 5332 '
2873 5305 2894 5372 ξ

2127 5357 2206 5430 (7)
2233 5362 2374 5414 Men.
2401 5359 2532 5414 256.
2577 5360 2627 5412 0.
2663 5362 2804 5413 Πατ.
2837 5360 2898 5412 τὸ
2930 5357 3156 5430 Πνεῦμα
3179 5358 3242 5412 τὺ
3275 5358 3455 5429 ἅγιον.

2062 5511 2139 5555 ter
2166 5500 2422 5561 sumitur,
2448 5513 2474 5550 a
2501 5495 2775 5564 Sapientia
2807 5496 3176 5552 essentialiter'
3193 5501 3414 5565 accepta
3443 5493 3633 5549 omni—

2061 5587 2131 5626 no
2163 5567 2418 5638 distingui
2449 5567 2631 5631 debet,
2666 5575 2725 5620 ut
2754 5566 2893 5621 infra
2919 5579 3136 5636 quoque
3165 5577 3408 5621 notatur.
