3966 6218
244 297 334 359 925

1253 295 1706 360 REFU'l'ATlO
1747 299 1988 359 MARCI
2047 297 2438 363 EPHESINI.

3265 333 3272 341 .
3363 291 3468 352 2'26

245 422 324 475 καὶ
347 419 593 490 ἀλλήλων
623 419 772 473 σίτια
795 413 936 472 εἶναι
966 416 1224 473 ἀδύνατον
1249 435 1264 449 ·
1298 422 1359 473 o6
1381 420 1560 474 τοίνυν
1586 421 1636 474 εί
1669 419 1806 490 μετὰ

1928 435 2028 474 isse
2053 419 2393 489 impossibile
2425 426 2526 472 est.
2580 416 2700 472 Non
2737 432 2864 487 ergo
2891 430 3114 472 necesse
3149 425 3252 478 est,
3283 415 3329 468 si
3352 429 3469 466 cum

242 513 324 566 τοῦ
372 510 505 565 Υίοῦ
542 510 621 579 (1)
674 511 914 580 πρόεισι,
965 509 1061 562 καὶ
1106 510 1170 561 ἐκ
1223 508 1319 563 τοῦ
1373 509 1506 564 Υίοῦ
1551 511 1802 580 προϊέναι

241 605 441 671 ἀνάγκη
473 604 530 656 τὸ
561 602 788 671 Πνεῦμα
816 602 876 654 τὸ
907 602 1068 666 ἅγιον
1088 618 1102 633 ·
1137 603 1186 655 εί
1216 602 1273 655 δὲ
1303 603 1399 672 μὴ,
1429 601 1538 656 τῶν
1570 604 1804 674 κτισμά·

241 713 336 749 των
364 694 518 748 οὐδὲν
544 694 740 748 διοίσει
769 694 878 746 τῶν
904 694 993 746 διὰ.
1020 693 1182 760 λόγου
1211 693 1346 746 Θεοῦ
1383 696 1482 748 καὶ
1519 693 1805 763 δυνάμεως

243 789 326 842 καὶ
352 787 544 855 σοφίας
576 785 967 856 γεγενημένων.
987 802 1000 815 ·
1032 785 1238 838 Πάντα
1261 785 1392 856 γὰρ,
1425 787 1578 856 φησὶ,
1601 785 1676 838 δι’
1703 786 1806 839 αὺ-

243 880 338 934 τοῦ
363 879 627 948 ἐγένετο,
661 877 760 932 καί
791 875 968 946 χωρίς
999 877 1190 931 αὐτοῦ
1219 877 1456 945 ἐγένετο
1488 877 1630 932 οὐδὲ
1665 876 1737 930 ἓν
1775 877 1807 930 ὃ

248 973 481 1042 γέγονεν
513 970 613 1042 (Ξ).
650 971 715 1023 Ὃ
741 971 851 1041 ἄρα
892 969 968 1038 μὴ
997 969 1243 1036 γέγονεν,
1277 968 1399 1022 οὐδὲ
1441 969 1508 1022 δι’
1541 967 1710 1022 αὑτοῦ
1748 968 1809 1020 τὸ

246 1061 372 1116 εἶναι
405 1063 551 1133 ἔχειν
605 1061 846 1131 ἀνάγκη.
884 1061 1121 1113 Ἔπειτα
1177 1061 1274 1127 οὐχ
1315 1060 1457 1113 οὕτω
1502 1059 1665 1129 σοφία
1715 1061 1811 1114 καὶ

243 1153 457 1222 δύναμις
492 1151 588 1204 τοῦ
623 1153 838 1221 Πατρός
867 1151 1016 1203 ἐστιν
1042 1153 1070 1203 ό
1103 1150 1254 1215 Υἱὸς,
1283 1151 1358 1212 ὡς
1389 1151 1516 1214 Υἱὸς
1541 1152 1574 1222 ἢ
1603 1151 1807 1216 Λόγος·

247 1247 362 1308 re;
396 1247 496 1315 μὲν
527 1247 636 1315 γὰρ
668 1245 764 1297 καὶ
789 1230 961 1312 Λόγος
990 1242 1164 1306 οὕτως
1195 1244 1311 1295 ἐστὶ
1352 1243 1447 1296 τοῦ
1477 1243 1710 1313 Πατρός,
1737 1242 1813 1305 ὡς

251 1341 318 1406 μὴ
344 1339 496 1401 ὄντος
526 1336 695 1392 αὐτοῦ
738 1337 870 1390 Υίοῦ
899 1335 1038 1406 μηδὲ
1073 1334 1248 1402 Λόγου
1280 1334 1440 1405 (πρὸς
1466 1335 1556 1388 τὸν
1591 1335 1815 1405 Πατέρα

247 1432 345 1500 γὰρ
371 1435 399 1482 ὁ
430 1430 560 1492 Υἱὸς
592 1429 927 1499 ἀναφέρεται
963 1429 1061 1481 καὶ
1094 1429 1234 1499 πρὸς
1263 1428 1357 1480 τὸν
1388 1427 1616 1497 λέγοντα
1644 1429 1672 1480 ό
1700 1428 1812 1482 A6-

244 1524 356 1592 γος)
379 1540 393 1554 ·
437 1522 601 1589 σοφία
631 1522 686 1573 δὲ
719 1522 813 1574 καὶ
843 1520 1074 1589 δύναμις
1101 1518 1278 1583 οὕτως
1305 1520 1422 1573 ἐστὶ
1452 1520 1548 1573 τοῦ
1576 1521 1813 1590 Πατρὸς,

242 1614 314 1678 ὡς
345 1614 440 1668 καὶ
495 1612 658 1666 αὐτοῦ
691 1613 880 1682 σοφίας
936 1614 1032 1666 καὶ
1076 1613 1368 1681 δυνάμεως
1415 1612 1589 1680 ὄντος,
1621 1614 1718 1666 καὶ
1752 1613 1814 1665 οὐ

247 1704 409 1772 σοφοῦ
441 1706 534 1756 καὶ
578 1704 807 1757 δυνατοῦ
851 1704 1016 1772 μόνου
1045 1718 1059 1731 ⁸
1091 1706 1256 1770 σοφία
1290 1703 1400 1773 γάρ
1436 1704 1586 1756 ἐστιν
1629 1705 1694 1758 ὲκ
1724 1720 1816 1756 σου

245 1797 372 1867 φίας
427 1798 521 1849 καὶ
567 1796 797 1864 δύναμις
851 1797 915 1849 ἐκ
973 1795 1287 1865 δυνάμεως,
1341 1794 1532 1864 ὥσπερ
1571 1795 1705 1859 Θεὸς
1748 1799 1813 1850 ὲκ

1907 507 2049 564 Filio
2079 509 2282 578 prodit;
2304 509 2470 562 etiam
2498 521 2561 560 ea:
2586 505 2722 560 Filio
2762 506 2984 575 prodire
3029 505 3295 576 Spiritum
3349 522 3475 560 san-

1907 610 2077 657 ctum.
2110 601 2208 655 Sin
2235 610 2420 654 autem
2453 599 2531 671 (a)
2560 599 2697 653 nihil
2719 598 2938 653 differet
2968 615 2996 652 a
3029 598 3317 662 creaturis.
3352 616 3474 668 quae

1907 709 2006 763 per
2035 693 2130 746 Dei
2167 692 2406 748 Verbum
2438 705 2493 746 et
2532 693 2789 745 virtutem
2829 688 3265 760 sapientiamque
3319 691 3476 746 factm

1908 795 2056 842 sunt.
2082 785 2273 841 Omnia
2283 785 2452 850 enim,
2477 784 2672 854 inquit,
2695 800 2787 854 per
2805 785 2974 852 ipsum
2993 784 3133 852 facta
3145 792 3351 848 sunt,et
3367 786 3479 838 sine

1909 884 2019 952 ipso
2037 885 2233 952 factum
2251 891 2324 935 est
2361 880 2511 944 nihil,
2533 881 2670 949 quod
2709 880 2905 948 factum
2943 890 3039 932 est.
3065 879 3219 942 Quod
3238 895 3369 950 ergo
3397 879 3480 934 fa-

1911 984 2060 1030 ctum
2076 988 2184 1027 non
2203 982 2308 1036 est,
2332 972 2385 1026 id
2411 986 2588 1041 neque
2606 985 2702 1039 per
2721 972 2896 1038 ipsum
2912 983 3032 1024 esse
3044 969 3240 1023 habeat
3255 984 3481 1024 necesse

1912 1078 2017 1121 est.
2054 1064 2262 1120 Deinde
2289 1078 2400 1118 non
2435 1077 2502 1117 eo
2521 1063 2682 1116 modo
2707 1059 2748 1114 F
2755 1061 2879 1114 ilius
2911 1071 2994 1115 est
3013 1061 3192 1115 Patris
3212 1060 3481 1130 sapientia

1913 1167 1970 1212 et
2003 1157 2201 1219 virtus,
2232 1169 2344 1224 quo
2366 1163 2448 1208 est
2473 1151 2648 1207 Filius
2670 1152 2756 1206 vel
2787 1151 3047 1206 Verbum.
3072 1150 3244 1205 Filius
3259 1152 3405 1206 enim
3427 1162 3484 1207 et

1913 1247 2156 1302 Verbum
2195 1245 2377 1300 Patris
2436 1260 2504 1300 eo
2561 1244 2724 1298 modo
2773 1251 2878 1307 est,
2943 1254 3004 1297 ut
3063 1244 3228 1298 Pater
3263 1258 3373 1298 non
3409 1246 3482 1299 sit

1916 1339 2090 1394 Filius
2116 1337 2546 1408 nequeVerbum
2578 1337 2665 1404 (ad
2698 1335 2960 1403 Patrem);
2993 1335 3487 1404 namque'relertur

1918 1432 2092 1486 Filius
2124 1441 2181 1486 et
2210 1431 2275 1484 ad
2309 1430 2586 1484 dicentem
2640 1428 2944 1496 Verbum);
2997 1427 3266 1496 sapientia
3300 1439 3482 1482 autem

1917 1537 1972 1580 et
2002 1525 2172 1578 virtus
2221 1521 2301 1576 sic
2327 1529 2411 1577 est
2439 1520 2636 1584 Patris,
2656 1530 2716 1574 ut
2745 1527 2800 1573 et
2834 1519 2950 1587 ipse
2979 1517 3136 1573 Pater
3160 1519 3236 1574 sit
3272 1519 3488 1588 sapien-

1920 1617 1992 1672 tia
2044 1625 2101 1672 et
2155 1616 2352 1680 virtus,
2411 1621 2466 1668 et
2533 1627 2642 1665 non
2701 1611 2878 1666 solum
2938 1610 3158 1680 sapiens
3233 1620 3290 1666 et
3370 1611 3486 1666 vir-

1921 1720 2036 1764 tute
2093 1707 2371 1777 praaditus.
2425 1701 2706 1773 Sapientia
2783 1702 2930 1756 enim
2965 1712 3051 1756 est
3089 1717 3154 1756 ex
3216 1703 3485 1772 sapientia

1915 1811 1972 1856 et
1997 1800 2173 1854 virtus
2223 1813 2291 1852 ex
2330 1797 2555 1861 virtute,
2591 1795 2733 1850 sicut
2784 1794 2928 1848 Deus
2959 1809 3026 1848 ex
3073 1793 3184 1848 Deo
3215 1804 3272 1847 et
3300 1795 3485 1849 lumen

247 1889 396 1953 Θεοῦ,
432 1890 529 1942 καὶ
583 1887 699 1956 φῶς
731 1891 794 1940 ὲκ
834 1887 1014 1956 φωτός
1041 1903 1055 1918 ο
1110 1887 1327 1956 λέγεται
1359 1887 1418 1941 δὲ
1466 1886 1561 1941 τοῦ
1603 1888 1814 1960 Πατρδς

1928 1911 1983 1949 ex
2014 1893 2222 1948 lumine
2247 1891 2357 1962 (b);
2392 1891 2595 1946 dicitur
2655 1898 2836 1944 autem
2899 1888 3077 1944 Patris
3130 1889 3395 1958 sapientia
3434 1897 3491 1945 et

251 1979 402 2047 σοφία
443 1981 542 2032 καὶ
597 1978 850 2048 δύναμις,
883 1979 960 2041 ὡς
1007 1979 1138 2047 ὃλην
1170 1978 1337 2032 αὑτοῦ
1363 1979 1464 2050 τὴν
1499 1980 1693 2048 σοφίαν
1722 1981 1817 2033 καὶ

1928 1986 2093 2040 virtus
2125 1993 2379 2054 tanquam
2412 1991 2579 2036 totam
2633 1981 2753 2068 ejus
2785 1981 3106 2050 sapientiam
3142 1988 3199 2034 et
3231 1981 3488 2034 virtutem

249 2071 474 2139 δύναμιν
506 2071 670 2141 ἔχων,
709 2071 786 2134 ὼς
830 2069 898 2123 ἂν
927 2070 1091 2122 είκὼν
1129 2069 1467 2139 ἀρχετύπου.
1529 2069 1690 2123 Ἀλλὰ
1722 2070 1818 2124 καὶ

1928 2077 2230 2149 possidens,
2281 2076 2426 2132 sicut
2475 2076 2653 2144 imago
2697 2073 3042 2142 exemplaris.
3096 2071 3202 2128 Sed
3260 2082 3317 2127 et
3371 2071 3494 2142 Spi-

250 2164 305 2216 τὺ
341 2165 567 2233 Πνεῦμα
587 2164 649 2216 τὸ
681 2163 838 2231 ἆγιον
862 2161 1015 2215 οὐδὲν
1041 2156 1203 2234 ἦττον
1236 2161 1401 2229 σοφία
1424 2162 1520 2216 καὶ
1547 2161 1778 2232 δύναμις
1802 2177 1818 2194 ο

252 2257 340 2308 καὶ
367 2254 530 2308 τοῦτο
561 2255 742 2317 οὐδεὶς
779 2255 999 2324 ἀντερεῖ
1029 2254 1137 2307 τῶν
1166 2254 1263 2317 τὰς
1294 2255 1520 2324 Γραφὰς
1555 2255 1774 2308 εἰδότων
1801 2273 1817 2290 ο

255 2346 341 2397 καὶ
369 2348 453 2398 ὅτι
487 2347 644 2398 statvi
672 2347 764 2399 καὶ
793 2345 1028 2415 οὺσιὼδη
1047 2345 1157 2398 τῶν
1190 2345 1351 2399 θείων
1371 2347 1480 2398 sici
1516 2350 1822 2409 προσώπων

253 2437 412 2490 ταῦτα
442 2438 520 2508 (5)
547 2438 615 2490 τὰ
644 2438 908 2506 ὀνόματα,
935 2440 1031 2491 καὶ
1059 2438 1088 2489 ό
1121 2437 1265 2503 θεῖος
1294 2439 1352 2491 δὲ
1376 2440 1742 2507 Δῦγουστῖνος
1763 2443 1822 2494 ἐν

255 2529 325 2598 τῷ
351 2529 482 2599 περὶ
524 2527 753 2598 Τριάδος
803 2529 994 2600 βιϐλίῳ
1043 2529 1256 2592 τούτοις
1306 2533 1726 2601 συμμαρτυρεῖ⁹
1759 2533 1823 2586 Εἰ

254 2622 423 2674 τοίνυν
454 2625 626 2691 σοφία
673 2622 768 2674 καὶ
802 2621 1035 2690 δύναμις
1081 2621 1145 2675 ὲκ
1180 2623 1370 2692 σοφίας
1400 2625 1496 2678 καὶ
1541 2624 1824 2693 δυνάμεως

257 2714 343 2763 τοῦ
365 2713 581 2784 Πατρός
613 2713 972 2782 ἐκπορεύεται
997 2712 1058 2766 τὸ
1083 2712 1308 2784 Ινεῦμα
1337 2714 1400 2767 τὸ
1428 2713 1608 2783 ἅγιον,
1637 2733 1828 2786 περιτ-

253 2805 340 2859 τόν
370 2808 486 2858 ὲστι
526 2806 617 2857 καὶ
669 2805 898 2873 μάταιον
927 2807 1164 2876 ἐρωτᾷν,
1201 2807 1251 2858 εί
1286 2808 1431 2876 μετὰ
1484 2809 1583 2874 τῆς
1624 2807 1825 2861 ἑαυτοῦ

256 2899 444 2966 σοφίας
473 2899 570 2952 καὶ
597 2897 878 2966 δυνάμεως
903 2898 931 2949 ὁ
963 2898 1153 2968 Πατὴρ
1187 2899 1480 2968 προϐάλλει
1511 2901 1572 2952 τὸ
1605 2900 1828 2970 Πνεῦμα

251 2988 308 3038 τὺ
332 2989 511 3057 ἅγιον,
545 2988 594 3040 εί
625 2989 698 3058 μή
724 3005 806 3050 τις
831 2989 964 3042 αὐτὸ
990 2989 1198 3059 κτίσμα
1225 2990 1468 3060 βούλοιτο
1490 2994 1830 3048 κατασκευά-

1922 2170 2062 2224 ritus
2083 2176 2306 2223 sanctus
2341 2166 2700 2220 nihilominus
2760 2165 3029 2234 sapientia
3063 2171 3119 2219 et
3163 2165 3334 2220 rirtns
3368 2175 3492 2234 est;

1919 2267 1976 2312 et
2030 2259 2136 2312 hoc
2184 2269 2347 2310 nemo
2396 2255 2808 2323 Scripturarum
2858 2269 3058 2321 gnarus
3107 2255 3346 2325 negabit.
3394 2255 3494 2308 At-

1923 2363 2030 2418 que
2061 2347 2370 2403 communia
2397 2345 2782 2401 etessentialia
2806 2344 3112 2400 divinarum
3137 2334 3494 2414 personarum

1924 2455 2045 2494 esse
2071 2439 2188 2494 haec
2215 2437 2458 2502 nomina,
2497 2438 2665 2492 etiam
2690 2436 2850 2490 divus
2872 2437 3208 2506 Augustinus
3229 2451 3395 2505 Opere
3429 2437 3496 2493 de

1925 2533 2193 2588 Trinitate
2225 2532 2372 2586 hisce
2403 2530 2565 2586 simul
2593 2537 2903 2585 attestatur.
2940 2529 2996 2582 Si
3030 2528 3196 2598 igitur
3230 2531 3496 2599 sapientia

1926 2635 1983 2679 et
2043 2624 2219 2678 virtus
2272 2637 2339 2677 ex
2400 2620 2671 2691 sapientia
2741 2630 2796 2676 et
2857 2619 3061 2674 virtute
3134 2620 3294 2674 Patre
3377 2636 3501 2690 pro-

1927 2713 2074 2768 cedit
2103 2712 2340 2782 Spiritus
2357 2723 2602 2775 sanctus,
2639 2723 3106 2779 supervacaneum
3137 2718 3193 2763 et
3220 2709 3381 2763 inane
3415 2721 3502 2766 est

1930 2803 2290 2873 interrogare.
2318 2818 2386 2856 an
2419 2818 2544 2857 cum
2577 2817 2674 2856 sua
2701 2801 2873 2869 ipsius
2923 2801 3188 2870 sapientia
3222 2809 3278 2855 et
3302 2800 3502 2857 virtute

1930 2897 2092 2951 Pater
2141 2897 2406 2965 producat
2439 2893 2707 2963 Spiritum
2761 2903 3036 2956 sanctum,
3083 2894 3131 2948 si
3187 2909 3347 2948 nemo
3379 2907 3500 2948 eam

1932 2995 2241 3041 creaturam
2263 2985 2551 3040 ostendere
2580 2984 2728 3048 velit,
2751 2985 3054 3040 secundum
3075 2983 3220 3054 quod
3236 2984 3500 3054 scriptum

253 3081 381 3143 ζειν,
417 3081 678 3150 καθάπερ
707 3081 964 3151 εἴρηται·
1003 3081 1066 3133 '0
1111 3081 1259 3146 Θεὸς
1297 3079 1372 3149 τῇ
1410 3085 1599 3152 σοφίᾳ
1627 3084 1822 3152 ἐθεμε-

1945 3089 2028 3135 cst
2069 3097 2084 3134 :
2114 3078 2251 3133 Deus
2284 3080 2339 3132 in
2367 3081 2626 3149 sapientia
2652 3081 2885 3148 ﬁrmavit
2918 3089 3137 3147 terram,
3177 3084 3498 3152 prwparavit

248 3172 434 3225 ,ιὶωσε
461 3172 581 3238 τὴν
610 3171 749 3240 γῆν,
785 3173 1076 3240 ἡτοίμασε
1103 3173 1171 3226 δὲ
1195 3173 1491 3242 οὐρανοὺς
1511 3175 1580 3228 ἐν
1604 3175 1828 3244 φρονή-

249 3282 361 3321 σει.
405 3267 555 3320 Ἀλλ’
607 3265 732 3319 οὔτε
766 3267 856 3320 διὰ
890 3269 1064 3336 μέσης
1108 3268 1304 3335 σοφίας
1342 3270 1436 3321 καὶ
1485 3269 1769 3338 δυνάμεως
1801 3273 1830 3324 ὁ

246 3355 434 3426 Πατὴρ
469 3351 641 3427 ἦλθεν
687 3355 790 3407 ,ἐπὶ
817 3355 918 3426 τὴν
963 3355 1058 3408 τοῦ
1111 3355 1432 3426 Πνεῦματος
1476 3361 1827 3428 ἐκπόρευσιν,

245 3446 438 3515 ὥσπερ
469 3447 586 3500 οὐδ’
616 3449 708 3499 ἐπὶ
741 3446 840 3518 τὴν
867 3447 962 3500 τοῦ
996 3447 1128 3500 Υίοῦ
1153 3449 1434 3519 γέννησιν,
1467 3450 1591 3502 οῦτε
1619 3451 1710 3504 διὰ
1739 3452 1833 3522 μέ-

244 3555 342 3609 σης
390 3539 659 3608 Θεότητος
708 3538 864 3603 ὅλως.
906 3537 1028 3592 Τῶν
1081 3541 1191 3610 γὰρ
1243 3542 1560 3613 κτισμάτων
1587 3544 1722 3598 ἴδιον
1767 3548 1832 3599 τὸ

242 3633 493 3686 τοιοῦτον
527 3633 580 3684 οἱ
612 3632 852 3699 θεολόγοι
881 3632 1066 3699 φασίν.
1107 3633 1356 3702 Ἀμέσως
1385 3635 1494 3708 ἄρα
1529 3638 1624 3690 καὶ
1655 3638 1712 3703 ἐξ
1736 3640 1830 3691 αὐ-

239 3724 335 3792 τῆς
365 3725 472 3794 τῆς
498 3723 694 3784 οὐσίας
723 3722 816 3776 τοῦ
850 3723 1066 3794 Πατρὸς
1101 3725 1301 3797 ἐπίσης
1342 3727 1510 3796 ἄμφω
1549 3732 1828 3798 προΐασιν,

241 3818 268 3866 ὁ
302 3816 437 3880 Υἱὸς
486 3817 590 3871 καὶ
617 3818 677 3869 τὸ
715 3817 938 3886 Πνεῦμα
969 3817 1030 3869 τὸ
1077 3817 1253 3885 ἅγιον,
1299 3820 1390 3872 καὶ
1438 3820 1557 3890 μετ’
1583 3821 1831 3891 ἀλλήλων

241 3911 366 3972 μὲν,
425 3910 538 3962 οῦκ
590 3908 652 3973 ἐξ
701 3909 948 3980 ἀλλήλων
999 3909 1082 3976 δὲ,
1146 3911 1261 3962 οὐδ’
1295 3911 1432 3976 ὅλως
1485 3913 1549 3964 ὲκ
1598 3913 1830 3984 θατέρου

242 4000 504 4070 Θάτερον.

799 4115 937 4168 ΤΟΥ
967 4114 1274 4171 ΝΙΚΑΙᾹΣ.

315 4227 384 4282 ’Β
444 4228 650 4297 σοφία
700 4229 818 4282 ἐστὶ
852 4229 956 4298 μὲν
1012 4229 1273 4292 οὐσιῶδες
1309 4230 1404 4282 καὶ
1451 4229 1631 4282 κοινὸν
1661 4231 1831 4302 δνομα

236 4320 298 4389 τῇ
326 4320 565 4389 Τριάδι·
593 4321 710 4372 ἐστι
746 4319 792 4373 δ’
818 4320 970 4389 ὅμως
1028 4322 1125 4374 καὶ
1167 4320 1274 4374 τῶν
1313 4321 1418 4392 ἰδίᾳ
1445 4320 1523 4391 τῷ
1558 4321 1669 4391 Υἱῷ
1699 4323 1834 4375 ἁπο-

1930 3173 2080 3228 τωιοδ
2095 3177 2146 3228 in
2165 3175 2469 3244 prudentia.
2491 3173 2595 3230 Sed
2625 3190 2802 3244 neque
2815 3191 2911 3245 per
2929 3175 3162 3229 mediam
3177 3173 3500 3245 sapientiam

1929 3275 1985 3320 et
2005 3267 2266 3321 virtutem
2294 3267 2453 3322 Pater
2479 3267 2784 3322 devenitad
2809 3267 3047 3336 Spiritus
3072 3267 3244 3320 sancti
3280 3281 3504 3336 proces-

1932 3358 2170 3422 sionem,
2203 3359 2342 3413 sicut
2377 3374 2554 3427 neque
2603 3360 2668 3412 ad
2707 3357 2828 3411 Filii
2862 3359 3294 3427 generationem,
3326 3372 3506 3426 neque

1932 3465 2030 3519 per
2057 3451 2289 3506 mediam
2324 3451 2581 3505 deitatem
2616 3451 2941 3505 universim.
2976 3450 3088 3504 lloc
3108 3449 3254 3502 enim
3289 3459 3506 3502 creatu-

1933 3559 2116 3597 rarum
2137 3543 2418 3614 proprium
2451 3543 2685 3613 theologi
2706 3543 2917 3598 dicunt.
2951 3542 3269 3598 lmmediate
3299 3557 3430 3611 ergo
3453 3549 3509 3598 et

1933 3649 1998 3688 ex
2033 3633 2147 3703 ipsa
2187 3632 2422 3687 essentia
2447 3633 2625 3688 Patris
2649 3634 2810 3686 ambo
2839 3633 3123 3702 wqualiter
3148 3636 3508 3704 progrediun-

1937 3737 2045 3790 tur,
2098 3723 2268 3778 Filius
2296 3733 2348 3777 et
2390 3723 2628 3793 Spiritus
2663 3734 2907 3790 sanctus,
2959 3740 3024 3780 ac
3080 3741 3205 3780 cum
3251 3741 3309 3780 se
3365 3726 3507 3780 invi-

1933 3834 2075 3884 cem,
2108 3833 2211 3872 non
2249 3832 2379 3871 vero
2417 3834 2482 3871 ex
2525 3832 2582 3872 sc
2616 3819 2870 3881 invicem,
2907 3834 3081 3886 neque
3116 3833 3342 3887 prorsus
3372 3819 3509 3873 alter

1934 3927 2000 3967 ex
2062 3913 2234 3968 altero
2287 3921 2390 3966 est.

2585 4120 2627 4174 Ν
2636 4113 2811 4176 ΙΟΑΞΝ
2817 4119 2854 4173 1.

2008 4235 2284 4304 Sapientia
2318 4231 2536 4304 quidem
2570 4231 2859 4288 essentiale
2890 4243 2944 4288 et
2974 4248 3265 4289 commune
3304 4251 3505 4292 nomen

1934 4337 2020 4383 est
2079 4326 2398 4390 Trinitatis;
2462 4333 2546 4380 est
2607 4334 2786 4380 tamen
2857 4325 3037 4380 exiis
3092 4343 3336 4397 quoque,
3385 4345 3507 4398 qua:

233 4412 570 4483 διδομένων.
612 4412 686 4467 Τὸ
726 4411 770 4464 δ’
797 4413 928 4466 αὐτὸ
955 4414 1050 4466 καὶ
1087 4415 1120 4484 ἡ
1155 4413 1435 4482 δύναμις.
1467 4413 1558 4466 Διὸ
1604 4416 1698 4468 καὶ
1726 4432 1822 4482 φα-

1929 4419 2158 4476 seorsim
2204 4427 2260 4472 et
2343 4417 2566 4485 proprie
2635 4416 2775 4471 Filio
2849 4416 3226 4471 attribuuntur
3273 4419 3369 4489 (c).
3431 4420 3507 4472 Eo

236 4509 356 4571 μὲν,
396 4508 464 4559 ὲν
501 4503 668 4576 σοφίᾳ
696 4505 768 4558 τὰ
792 4505 967 4558 πάντα
996 4505 1086 4558 τὸν
1119 4507 1339 4573 Πατέρα
1365 4506 1827 4576 δεδημιουργηκέ-

305 4659 386 4729 (ι)
428 4656 575 4711 Υἱοῦ
632 4657 799 4729 habet
865 4657 1009 4712 Men.
1071 4655 1196 4723 256,
1246 4657 1426 4716 omitt.
1477 4658 1621 4713 Mon.
1663 4657 1824 4724 27,11

233 4728 334 4784 250
365 4746 420 4795 a,
463 4731 646 4784 Vatic.
683 4729 723 4782 ί.
750 4728 852 4783 (204
890 4746 943 4784 a.

300 4869 381 4936 (α)
420 4867 564 4930 Hic,
605 4866 1029 4939 uthessarionis
1062 4884 1383 4939 responsum
1434 4869 1647 4935 suadet,
1690 4885 1829 4924 non-

237 4942 384 4991 nulla
418 4952 641 5009 omissa
673 4937 727 4989 in
757 4948 1080 5009 textursunt.
1112 4937 1423 5009 Legendum
1453 4941 1682 4995 fortasse
1720 4958 1735 4995 :
1769 4940 1824 4994 Si

237 5023 365 5061 τετυ
397 5023 511 5078 per
547 5006 742 5078 Filium
773 5018 859 5060 est
890 5008 1150 5076 Spiritus,
1185 5006 1345 5075 nihil,
1382 5020 1492 5065 etc.

302 5075 413 5148 (ογ
436 5075 762 5152 _Ita_Patres
790 5075 1182 5146 communiter,
1216 5095 1297 5152 ex
1333 5082 1546 5152 quibu_s_
1566 5081 1829 5152 Augusti-

240 5145 370 5212 nus,
432 5149 520 5200 De
553 5145 820 5199 'l‘rinitate
858 5163 952 5211 vn,
993 5166 1044 5202 c.
1075 5152 1094 5200 l
1129 5166 1144 5202 :
1203 5145 1366 5202 Pater
1420 5158 1470 5201 et
1502 5145 1681 5205 Filqu
1709 5163 1828 5206 sunt

241 5237 341 5272 una
364 5217 670 5289 sapientia,
695 5217 819 5289 quia
841 5233 949 5269 una
975 5219 1221 5283 essentia,
1253 5230 1300 5272 et
1322 5220 1595 5289 sigillatim
1619 5225 1831 5287 sapien-

244 5290 309 5361 tia
332 5294 400 5341 de
427 5287 732 5361 sapientia,
763 5288 898 5339 sicut
928 5292 1150 5361 essentia
1187 5291 1251 5341 de
1299 5287 1522 5343 essentia
1569 5292 1665 5361 (De
1719 5308 1829 5360 quo

242 5359 543 5430 locopvide
593 5355 880 5430 Thomam,
905 5360 1143 5412 Summae
1172 5375 1231 5430 ρἶ
1280 5377 1317 5425 ι,
1357 5376 1414 5430 q.
1449 5362 1538 5425 '59,
1565 5355 1617 5418 εἰ.
1650 5361 1703 5426 5,
1737 5355 1828 5417 ὀὐ

249 5431 316 5500 ft).
351 5427 733 5500 Sapientiam
761 5441 830 5480 ει
861 5429 1128 5496 sapientia
1175 5427 1388 5483 ’Filtuni
1425 5447 1646 5500 quoque
1675 5441 1830 5488 vocat

250 5496 603 5570 Epiphanius
633 5499 686 5548 in
708 5496 1004 5570 Ancorato,
1033 5515 1086 5567 p.
1125 5499 1211 5553 75.
1242 5496 1630 5570 Νοιοιιίάίεἶιει
1677 5512 1826 5567 sunt,

249 5586 361 5641 qua:
427 5569 635 5641 Patres
694 5568 915 5641 concilii
965 5570 1212 5641 Toletani
1274 5570 1389 5637 XV,
1419 5586 1472 5624 a.
1523 5568 1628 5626 688
1679 5574 1828 5641 (vide

253 5640 415 5693 διανεί
471 5637 653 5691 Cone.
725 5647 767 5710 ι,
812 5636 928 5710 XII,
998 5655 1052 5708 p.
1097 5640 1180 5702 l0,
1235 5643 1326 5710 lt)
1376 5636 1830 5696 animadvertunt

256 5723 387 5762 urca
420 5709 672 5762 dictum:
725 5706 1199 5778 Voluntas—genuit
1224 5706 1575 5781 voluntatem,
1617 5714 1747 5766 sicut
1777 5721 1826 5765 et

595 5807 858 5870 PnnOL.
905 5810 1014 5869 Gn.
1066 5807 1276 5870 CLXI.

1936 4511 2100 4566 modo
2131 4523 2216 4563 res
2243 4523 2302 4562 se
2329 4507 2494 4560 habet
2527 4521 2648 4559 cum
2683 4505 2902 4559 nomine
2931 4505 3155 4559 virtutis.
3183 4507 3307 4562 Ideo
3335 4511 3500 4583 etiam

2007 4671 2081 4735 (2)
2123 4669 2282 4724 Juan.
2325 4684 2365 4729 ι,
2406 4669 2460 4720 5.

2005 4740 2081 4810 (5)
2113 4739 2270 4790 ταυτί
2307 4739 2453 4792 Mon.
2481 4738 2548 4790 27
2580 4737 2614 4791 ί.
2649 4737 2754 4794 250
2790 4754 2842 4793 a.
2880 4740 2996 4794 Vat.
3023 4739 3066 4793 ί.
3099 4739 3202 4794 205
3241 4742 3289 4792 b.

1931 4876 2194 4941 sapientia
2249 4878 2588 4945 sapientiam,
2631 4894 2661 4933 a
2720 4894 2780 4933 se
2830 4888 3010 4943 antea,
3074 4880 3150 4934 uti
3199 4893 3502 4949 exponunt,

1932 4952 2234 5019 secundum
2263 4950 2554 5019 essentiam
2587 4959 2932 5017 usurpatum,
2967 4951 3114 5019 quod
3173 4961 3365 5005 contra
3401 4954 3501 5008 ob-

1929 5018 2198 5085 jectiones
2255 5017 2514 5084 quasdam
2546 5028 2770 5072 strenue
2823 5017 3145 5074 defendunt.

2006 5086 2076 5153 (c)
2123 5086 2196 5139 De
2225 5086 2342 5153 lege
2376 5087 2842 5156 appmpriationis
2876 5092 2956 5144 vel
2981 5091 3505 5147 accommodationis

1935 5157 2219 5229 nominum
2250 5158 2630 5229 absolutorutn
2662 5159 2728 5212 ad
2759 5174 3020 5228 personas
3049 5163 3327 5229 disputant
3350 5165 3505 5217 theo-

1933 5225 2051 5303 logi
2079 5240 2204 5303 cum
2255 5226 2568 5303 D.I_Th_oma
2603 5225 2847 5303 Sntnfp.
2894 5225 3152 5303 ιαμ-59,
3202 5248 3253 5285 a.
3294 5235 3324 5286 7
3353 5233 3498 5298 et8;

1934 5293 2210 5371 llichardo
2250 5310 2280 5371 a
2405 5297 2618 5371 Victore
2658 5293 3003 5371 inopnsculo
3040 5300 3111 5355 De
3135 5293 3500 5371 appropriatis

1933 5374 1990 5417 et
2014 5365 2226 5418 exteris
2255 5365 2306 5418 in
2337 5369 2375 5418 Ι.
2407 5381 2424 5419 ι
2462 5369 2640 5432 Sent.,
2675 5365 2804 5422 dist.
2841 5371 2932 5423 51.
2961 5371 3087 5424 llaec
3109 5365 3356 5426 doc-ulna
3390 5382 3502 5427 tota

1932 5433 2190 5510 Pattjhus
2223 5435 2588 5510 iitnititur._ex
2617 5440 2819 5507 quibus
2844 5441 3113 5510 videndus
3134 5444 3496 5510 Augustinus,

1933 5503 2009 5556 De
2031 5504 2228 5579 Trinit.
2255 5520 2328 5579 vt_,
2355 5506 2455 5579 1‘0;
2487 5503 2840 5579 llilarius,_De
2873 5509 3068 5564 Trinit.
3101 5525 3164 5578 tt,
3191 5503 3250 5576 l';
3277 5512 3386 5565 Leo
3405 5503 3501 5574 M.,

1933 5575 2164 5652 senm“)
2202 5584 2256 5628 et
2287 5575 2427 5652 5_de
2481 5575 2824 5652 PettteCOste.
2861 5580 2993 5635 Vide
3053 5575 3173 5649 quae
3225 5575 3388 5652 supra
3432 5584 3500 5636 ad

1934 5657 2054 5712 Cap.
2089 5646 2140 5713 l,
2173 5659 2293 5699 can.
2331 5647 2384 5713 l,
2407 5648 2793 5704 animadvertit
2821 5660 3014 5704 auctor
3041 5646 3250 5706 noster.

3071 5813 3106 5873 8
