3966 6218
451 330 555 392 927

1811 324 2319 390 ΒΕΞΞΜΠΟΝΙΒ

3567 320 3674 386 ΞΞ8

451 451 716 510 dicimus,
750 446 804 500 in
835 445 1099 514 sapientia
1151 446 1361 500 Patrem
1414 442 1671 500 universa
1701 443 2010 499 condidisse

2129 463 2221 509 ραι,
2256 446 2288 514 ἢ
2321 443 2409 496 διὰ
2446 441 2547 512 τῆς
2578 441 2769 510 σοφίας
2803 439 2894 493 τὸν
2941 439 3146 510 κόσμον
3191 442 3554 512 προαγαγεῖν,
3583 441 3675 495 τδν

451 540 537 593 vel
567 553 663 608 per
686 535 1006 604 sapientiam
1039 532 1361 602 produxisse
1421 532 1712 598 mundum,
1753 547 1850 602 per
1877 533 2016 592 .htec

453 630 675 683 numina
731 626 973 680 Verbum
1017 633 1074 678 ct
1121 622 1318 678 Filium
1379 623 1768 694 intelligentes.
1829 623 2020 692 Neque

453 719 676 790 quando
729 717 827 771 Dei
869 715 1186 783 sapientiam
1219 714 1492 781 audimus,
1542 715 1691 769 aliud
1752 714 2014 785 quiddam

455 811 810 880 intelligimus
866 817 1064 880 praeter
1097 806 1317 863 Filium.
1359 806 1529 861 Deum
1573 807 1723 861 enim
1753 807 1849 876 qui
1887 806 2021 860 dicit

452 903 800 974 sapientiam,
834 901 879 954 is
913 909 1079 954 totam
1099 915 1228 954 sane
1253 897 1580 952 Trinitatem
1607 897 1894 962 indicabit,
1927 895 2021 948 Dei

453 1011 581 1050 vero
617 994 936 1064 sapientiam
993 991 1289 1046 enuntiaus
1319 989 1521 1044 Filium
1555 989 1785 1044 omnino
1813 987 2024 1058 signiﬁ-

453 1097 573 1156 cat;
609 1083 1071 1156 quemadmodum
1103 1082 1267 1137 etiam
1315 1083 1486 1136 Deum
1516 1082 1839 1135 cbaritatem
1877 1077 2023 1132 dicis

452 1152 575 1233 m.us
611 1187 722 1230 tres
748 1190 1030 1244 personas.
1083 1173 1176 1227 Dei
1231 1188 1358 1227 vero
1389 1171 1712 1227 charitatem
1749 1167 2018 1239 Spiritum

453 1280 724 1324 sanctum.
762 1266 1130 1332 Quamobrem
1173 1264 1394 1333 quando
1425 1263 1604 1317 Latini
1631 1262 1819 1316 dicunt
1853 1260 2025 1315 conli-

455 1360 680 1416 teudum
713 1374 835 1412 esse
864 1373 929 1411 ex
966 1357 1122 1410 Patre
1153 1357 1404 1423 Filioque
1430 1370 1549 1410 esse
1577 1355 1866 1424 Spiritum,
1898 1351 2025 1420 quia

455 1455 618 1527 Pater
661 1468 784 1505 cum
812 1467 908 1504 sua
939 1450 1204 1518 sapientia
1227 1465 1289 1505 ac
1313 1449 1472 1503 simul
1504 1464 1629 1503 cum
1655 1462 1719 1503 ea
1759 1446 2025 1515 Spiritum

457 1543 734 1613 producit,
772 1558 882 1596 non
909 1540 1051 1594 hanc
1075 1553 1424 1594 communem
1459 1538 1763 1608 intelligere
1788 1547 2026 1608 oportet,

456 1636 549 1688 sed
579 1633 853 1703 propriam
909 1630 1046 1684 Filio
1087 1629 1427 1685 attributam.
1468 1629 1546 1685 Ac
1609 1629 1812 1683 frustra
1861 1643 1894 1683 a
1950 1637 2026 1694 te,

459 1739 578 1792 qua:
614 1722 669 1774 in
701 1720 940 1776 secunda
978 1729 1131 1789 parte
1155 1719 1320 1787 hujus
1346 1717 1656 1788 argumenti
1691 1716 1834 1771 dicta
1877 1725 2026 1783 sunt,

2119 539 2293 606 Λόγον
2320 551 2379 589 τε
2409 534 2506 589 καὶ
2534 533 2667 586 Υίὸν
2699 533 2789 586 διὰ
2825 530 3031 586 τούτων
3053 533 3162 585 τῶν
3189 534 3471 602 ὀνομάτων
3498 535 3683 590 νοοῦν-

2117 645 2234 691 τες.
2257 628 2392 680 οὐδὲ
2440 625 2588 679 εστιν
2628 626 2718 678 ὅτε
2747 622 2886 678 Θεοῦ
2915 623 3110 693 σοφίαν
3149 623 3439 688 ἀκούοντες
3469 625 3599 680 ἄλλο
3626 643 3682 679 τι

2119 718 2346 788 νοοῦμεν
2397 719 2430 789 ἢ
2491 718 2584 770 τὸν
2626 716 2777 769 Υίόν.
2838 715 2986 769 Θεὸν·
3047 716 3146 786 μὲν
3195 717 3302 786 γὰρ
3357 719 3554 786 σοφίαν
3598 734 3685 781 τις

2120 810 2292 864 εἰπὼν
2320 810 2449 879 ὅλην
2499 807 2670 878 αὐτὴν
2713 806 2812 876 τὴν
2851 804 3060 875 Τριάδα
3087 805 3398 877 δηλώσειεν,
3430 809 3579 864 Θεοῦ
3627 811 3684 864 δὲ

2119 901 2344 972 σοφίαν
2381 902 2755 970 φθεγξάμενος
2809 900 2902 952 τὸν
2959 899 3085 952 Υίὺν
3131 899 3347 963 πάντως
3379 902 3680 972 ισήμανεν·

2120 993 2310 1063 ὥσπερ
2342 992 2435 1044 καὶ
2470 989 2606 1042 Θεὸν
2657 991 2758 1058 μὲν
2785 991 3010 1058 ἀγάπην
3055 991 3124 1043 τὰ
3149 989 3276 1059 τρία
3307 991 3486 1060 φαμὲν
3513 992 3683 1059 πρόσ-

2121 1100 2266 1147 ωπα,
2300 1080 2438 1134 Θεοῦ
2475 1081 2533 1134 δὲ
2580 1080 2806 1149 ἀγάπην
2856 1081 2918 1132 τὸ
2964 1077 3191 1149 Πνεῦμα
3239 1079 3301 1132 τὸ
3337 1081 3511 1147 ἅγιον·
3543 1080 3686 1133 ὥστε

2122 1175 2252 1228 ὅταν
2279 1175 2502 1226 Λατῖνοι
2551 1172 2698 1242 φῶσι
2729 1171 2791 1223 τὸ
2838 1171 3064 1239 Πνεῦμα
3091 1173 3156 1223 ὲκ
3191 1170 3405 1240 Πατρὸς
3431 1172 3525 1224 καὶ
3553 1171 3690 1224 Υὶοῦ

2124 1263 2263 1320 εἶναι
2292 1264 2574 1333 ὁμολογεῖν
2629 1263 2762 1326 δεῖν,
2811 1262 2900 1315 διὰ
2942 1262 3002 1314 τὸ
3037 1263 3127 1314 τὸν
3171 1262 3389 1334 Πατέρα
3421 1263 3559 1330 μετὰ
3588 1263 3692 1332 τῆς

2125 1355 2321 1412 ἑαυτοῦ
2371 1357 2562 1421 σοφίας
2594 1356 2686 1407 καὶ
2720 1355 2819 1407 σὺν
2860 1354 2995 1424 αὐτῇ
3034 1352 3150 1422 ἅμα
3180 1353 3239 1406 τὸ
3265 1354 3490 1421 Πνεῦμα
3520 1371 3694 1422 προι-

2127 1451 2336 1517 γαγεῖν,
2363 1447 2425 1500 οὐ
2456 1446 2650 1515 σοφίαν
2676 1448 2778 1514 τὴν
2807 1445 2994 1514 κοινὴν
3021 1443 3223 1514 ταύτην
3257 1445 3399 1498 νοεῖν
3419 1444 3518 1507 δεῖ,
3551 1444 3697 1496 ἀλλὰ

2127 1543 2228 1609 τὴν
2262 1540 2400 1592 ἰδίαν
2452 1537 2530 1607 τῷ
2581 1536 2696 1605 Υἱῷ
2757 1535 3178 1604 ἀποδιδομένην.
3229 1536 3341 1588 Καὶ
3393 1534 3567 1604 μάτην
3608 1550 3691 1587 σοι

2128 1632 2196 1685 τὰ
2221 1631 2277 1684 ὲν
2314 1629 2392 1700 τῷ
2421 1629 2659 1698 δευτέρῳ
2706 1627 2862 1698 μέρει
2915 1627 3108 1680 τούτου
3137 1626 3234 1680 τοῦ
3264 1628 3692 1697 ἐπιχειρήματος

2130 1722 2394 1793 εἰρημένα
2419 1721 2776 1792 ἀπέρριπται,
2809 1718 2964 1771 οὐδὲν
2995 1719 3130 1780 ὅλως
3164 1717 3426 1770 ποιοῦντα
3459 1717 3595 1786 πρὸς
3629 1716 3695 1769 τὸ

459 1786 670 1883 prolata
703 1813 927 1866 luerunt
957 1786 1092 1864 nihil
1133 1786 1360 1864 omnino
1385 1786 1452 1862 ad
1494 1823 1719 1876 scopum
1750 1807 2025 1863 facientia.

2132 1786 2636 1884 προκείμενονίλΑ
2683 1809 2742 1863 δὲ
2797 1809 2948 1880 φῂς,
3009 1809 3406 1878 ἐκπορεύεσθαι
3460 1808 3560 1876 μὲν
3631 1807 3696 1859 τὸ

462 1906 595 1972 Quae
627 1919 759 1958 vero
789 1901 945 1965 dicis,
1000 1899 1300 1970 procedere
1358 1896 1576 1968 quidem
1610 1897 1869 1967 Spiritum
1903 1913 2026 1952 cum

457 1993 725 2062 sapientia
756 1991 870 2046 sive
892 2005 1015 2044 cum
1065 1989 1224 2054 Filio,
1260 2005 1365 2043 non
1421 2005 1550 2045 vero
1578 2004 1644 2043 ex
1671 1988 1816 2058 ipso,
1855 2002 2032 2045 asser-

458 2085 660 2140 tionem
691 2081 978 2152 quamdam
1007 2096 1219 2150 ponens
1259 2081 1417 2144 dicis,
1445 2081 1652 2134 nullam
1673 2095 1801 2134 vero
1829 2095 2028 2151 cogen-

459 2187 568 2230 tem
664 2176 932 2228 rationem
1040 2172 1277 2227 inducis.
1376 2171 1633 2237 Quanam
1713 2172 1860 2226 enim
1942 2180 2030 2227 est

454 2263 772 2328 necessitas,
822 2262 866 2316 si
905 2261 1144 2332 Spiritus
1207 2277 1316 2315 non
1382 2263 1451 2317 sit
1497 2259 1618 2316 Filii
1670 2262 2025 2332 principium,

458 2373 635 2426 neque
685 2355 1017 2425 principium
1073 2353 1247 2408 sancti
1281 2348 1545 2425 ‘Spiritus
1608 2368 1732 2410 esse
1781 2353 2029 2409 Filium?

457 2445 616 2512 Quia,
650 2445 819 2510 dices,
875 2442 1211 2512 impossibile
1277 2451 1359 2497 est
1403 2458 1466 2497 ea
1495 2459 1615 2512 qua:
1657 2443 1821 2498 simul
1851 2454 1906 2498 et
1938 2458 2027 2498 se-

456 2537 696 2593 cundum
760 2535 912 2590 idem
952 2549 1019 2589 ex
1049 2534 1310 2604 quopiam
1348 2535 1642 2603 prodeunt,
1707 2535 1870 2588 etiam
1921 2533 2026 2589 sibi

458 2629 693 2684 invicem
727 2625 996 2696 principia
1023 2640 1142 2681 esse
1172 2627 1185 2679 l
1224 2623 1328 2680 Sed
1358 2624 1490 2694 quid
1522 2634 1577 2678 tu
1627 2624 1730 2679 sub
1775 2639 1906 2679 voce
1928 2625 2028 2678 sibi

456 2725 672 2778 invicem
706 2721 967 2792 principia
1004 2719 1295 2789 intelligas,
1355 2717 1410 2772 id
1455 2719 1570 2788 ipse
1618 2720 1872 2784 noveris;
1928 2733 2028 2774 nos

457 2828 588 2866 vero
612 2811 720 2865 sibi
756 2809 1000 2863 invicem
1034 2806 1298 2876 principia
1320 2820 1441 2860 esse
1469 2820 1579 2859 non
1609 2806 1860 2880 dicimus.
1890 2803 2025 2859 Nam

457 2905 572 2957 tieri
601 2901 792 2970 nequit
843 2908 903 2953 ut
962 2908 1252 2967 utrumque
1281 2897 1567 2966 utriusque
1600 2904 1657 2951 et
1693 2895 2024 2966 principium

461 3004 518 3047 et
548 2991 936 3062 principiatum
986 2990 1092 3054 sit;
1127 2988 1230 3042 hoc
1258 2989 1403 3041 enim
1468 2987 1780 3043 Graecorum
1845 3001 2028 3042 sermo

2132 1903 2356 1980 Πνεῦμα
2390 1901 2663 1973 μετὰ-τῆς
2690 1901 2884 1970 σοφίας
2919 1901 3038 1970 ἢτοι
3070 1900 3166 1952 τοῦ
3203 1897 3354 1963 Υίοῦ,
3397 1899 3460 1952 οὐ
3507 1900 3695 1967 μέντοι

2131 1998 2190 2065 ἐξ
2244 1996 2432 2060 αὐτοῦ,
2484 1993 2630 2047 θέσιν
2679 1993 2802 2046 τινὰ
2857 1992 3142 2057 τιθέμενος
3202 1991 3406 2060 λέγεις,
3439 1991 3702 2060 οὐδεμίαν

2145 2089 2397 2157 ἀνάγκην
2426 2088 2686 2154 εἰσάγων.
2719 2084 2814 2147 Τίς
2844 2085 2954 2154 γὰρ
2987 2086 3226 2155 ἀνάγκη,
3259 2087 3306 2136 εί
3341 2084 3415 2153 μὴ
3437 2084 3497 2135 τὸ
3525 2082 3700 2136 Πνεῦ-

2133 2197 2212 2251 μα
2235 2179 2327 2234 τοῦ
2373 2177 2500 2232 Υίοῦ
2539 2179 2735 2242 αἴτιον,
2777 2177 2913 2248 μηδὲ
2942 2177 3034 2232 τὸν
3066 2176 3196 2230 Υίὺν
3227 2173 3366 2230 εἶναι
3393 2175 3489 2229 τοῦ
3528 2175 3700 2229 Πνεύ-

2132 2287 2301 2342 ματος
2353 2271 2562 2341 ἀρχήνς
2631 2269 2776 2335 Ὀτι,
2832 2268 3060 2338 φήσεις,
3114 2269 3181 2320 τὰ
3233 2267 3367 2336 ὁμοῦ
3411 2269 3506 2320 καὶ
3555 2268 3701 2321 κατὰ

2127 2362 2322 2418 ταυτὸν
2349 2351 2413 2416 ἐκ
2441 2378 2586 2425 τινος
2615 2363 2881 2431 προϊόντα
2926 2359 3026 2414 καὶ
3069 2358 3316 2428 ἀλλήλων
3366 2358 3518 2411 αίτια
3552 2352 3699 2410 εἶναι

2129 2456 2409 2512 ἀδύνατον.
2450 2453 2615 2509 Ἀλλὰ
2656 2454 2707 2507 τί
2738 2453 2837 2522 μὲν
2878 2453 2941 2507 σὺ
2975 2452 3060 2506 διὰ
3091 2452 3186 2505 τοῦ
3212 2450 3506 2520 ἀλλήλων
3535 2452 3700 2505 ulna

2131 2548 2291 2610 νοεῖς,
2342 2544 2502 2609 αὐτὸς
2544 2544 2610 2598 ἂν
2656 2544 2894 2612 εἰδείηςο
2945 2543 3108 2613 ἡμεῖς
3160 2542 3216 2594 δὲ
3261 2542 3514 2612 ἀλλήλων
3545 2541 3700 2595 αίτια

2129 2631 2269 2691 εἶναι
2306 2638 2368 2689 οὐ
2397 2635 2596 2704 φαμέν.
2629 2635 2702 2688 Οὐ
2732 2635 2845 2703 γὰρ
2881 2633 3107 2687 δυνατὸν
3136 2633 3400 2702 ἑκάτερον
3427 2631 3698 2701 ἑκατέρου

2127 2727 2302 2782 αἴτιόν
2349 2743 2411 2779 τε
2459 2724 2557 2779 καὶ
2609 2725 2856 2779 uinaria
2903 2720 3081 2778 εἶναι·
3117 2723 3278 2776 τοῦτο
3310 2723 3424 2794 γάρ
3477 2723 3636 2790 λόγος
3670 2724 3703 2776 ὁ

2130 2819 2332 2883 Ἕλλην
2360 2818 2450 2872 διὰ
2487 2815 2582 2871 τοῦ
2636 2815 2934 2883 ἀλλήλων
2961 2816 3124 2869 αίτια
3170 2815 3365 2887 δηλοῦν
3407 2813 3659 2884 βούλεται
3681 2830 3698 2845 ⁸

2129 2911 2353 2979 θάτερον
2401 2908 2460 2962 δὲ
2515 2907 2744 2977 θατέρου
2811 2907 2984 2962 αίτιον
3041 2901 3226 2972 εἶναι,
3278 2906 3386 2960 κᾶν
3423 2905 3700 2962 καὶκατὰ

2127 3004 2322 3055 ταυτὸν
2352 3000 2416 3054 ἐκ
2437 3017 2584 3063 τινος
2611 3000 2776 3055 ἄλλου
2813 3002 3164 3070 προάγοιντο,
3187 3000 3339 3054 οὐδὲν
3363 2999 3563 3055 κωλύει
3591 3000 3695 3069 (ί).

462 3098 598 3137 voce
626 3083 726 3135 sibi
757 3081 976 3135 invicem
1028 3079 1289 3148 principia
1330 3078 1634 3147 intelligere
1678 3078 1833 3143 vult;
1865 3077 2026 3132 alter—

2130 3095 2206 3149 ’Π
2238 3110 2295 3148 τε
2318 3095 2426 3163 γὰρ
2445 3093 2600 3155 ἀκτὶς
2631 3093 2769 3145 τότε
2805 3092 2943 3160 φῶς,
2975 3093 3090 3160 ἄμα
3117 3092 3211 3145 καὶ
3244 3092 3386 3144 κατὰ
3413 3092 3608 3145 ταυτὸν
3637 3091 3699 3158 ἐξ

463 3177 662 3231 uitrum
688 3191 817 3229 vero
855 3172 1174 3228 alterutrius
1199 3171 1521 3242 principium
1547 3186 1686 3236 esse,
1708 3171 1835 3226 licet
1861 3171 2025 3225 etiam

462 3270 768 3326 secundum
806 3267 948 3322 idem
973 3281 1044 3322 ex
1069 3263 1308 3335 quodam
1338 3262 1445 3316 alio
1467 3261 1865 3332 producantur,
1890 3259 2028 3315 nihil

460 3373 632 3418 vetat.
687 3361 821 3414 Nam
872 3358 1061 3412 radius
1088 3365 1142 3410 et
1205 3355 1388 3409 lumen
1420 3352 1583 3408 simul
1638 3361 1693 3407 et
1721 3351 2026 3408 secundum

462 3457 608 3511 idem
647 3468 717 3508 ex
771 3452 887 3507 sole
925 3459 1096 3516 sunt;
1160 3456 1402 3502 attamen
1453 3446 1637 3500 lumen
1673 3459 1774 3514 per
1808 3444 2026 3498 radium

459 3558 516 3602 et
538 3547 777 3616 quodam
807 3542 969 3596 modo
996 3556 1063 3594 ex
1100 3539 1252 3593 radio
1275 3548 1391 3604 est;
1437 3546 1490 3592 et
1545 3552 1645 3607 per
1676 3536 1878 3592 tonitru
1925 3536 2030 3591 iul-

459 3657 584 3712 gur,
620 3637 751 3692 licet
783 3635 987 3689 tonitru
1020 3641 1074 3686 et
1100 3631 1284 3701 fulgur
1315 3629 1546 3684 nubium
1591 3628 1919 3685 densitatem
1975 3636 2032 3684 et

457 3733 617 3790 simul
648 3729 715 3785 ad
739 3729 970 3784 invicem
1008 3724 1462 3778 confricationem
1501 3735 1724 3776 causam
1773 3723 2026 3777 habeant.

460 3825 688 3896 Oportet
715 3821 862 3876 enim
897 3818 1095 3890 crassis
1140 3817 1290 3872 hisce
1339 3825 1394 3872 et
1445 3825 1725 3886 utcunque
1757 3813 2030 3870 similibus

459 3915 723 3984 exemplis
740 3929 803 3967 ea
825 3927 946 3982 qua:
967 3924 1130 3979 supra
1157 3918 1407 3962 naturam
1428 3916 1557 3962 sunt
1576 3914 1798 3974 propter
1819 3920 1913 3959 eos
1933 3902 2028 3974 qui

461 4007 751 4065 crassioris
805 4011 934 4068 sunt
976 4000 1201 4070 ingenii,
1243 3998 1516 4068 subigere.
1554 3995 1635 4049 Tu
1693 4011 1823 4050 vero
1864 3995 2028 4048 etiam

467 4103 556 4154 bis
586 4100 732 4153 circa
767 4091 1143 4161 evangelicum
1193 4089 1439 4142 dictum:
1498 4083 1686 4139 Omnia
1736 4100 1827 4152 per
1858 4084 2032 4149 ipsum

464 4195 607 4261 {acta
633 4197 762 4241 sunt
778 4199 995 4255 peccas,
1013 4195 1123 4233 non
1156 4178 1482 4247 intelligens,
1504 4177 1632 4246 quid
1664 4175 1789 4228 inde
1811 4175 2032 4228 conclu-

466 4285 582 4335 das.
622 4276 734 4330 Nos
773 4287 926 4334 vero,
958 4269 1050 4339 qui
1082 4269 1134 4321 in
1173 4269 1351 4336 primo
1381 4277 1475 4319 tuo
1534 4272 1857 4334 argumento
1886 4261 2032 4317 suiIi-

2129 3186 2279 3257 ἡλίου
2307 3186 2453 3250 ὄντα,
2487 3184 2637 3254 ὅμως
2665 3184 2726 3236 τὸ
2763 3183 2876 3251 φῶς
2925 3182 3012 3236 διὰ
3056 3183 3152 3251 τῆς
3184 3184 3402 3247 ἀκτῖνος
3440 3183 3538 3237 καὶ
3567 3183 3698 3237 τινὰ.

2129 3279 2329 3350 τρόπον
2355 3279 2420 3330 ὲκ
2449 3276 2548 3346 τῆς
2584 3276 2805 3337 ἀκτῖνάς
2837 3277 2954 3328 ἐστι
3000 3277 3098 3328 καὶ
3140 3275 3229 3328 διὰ
3260 3277 3360 3345 τῆς
3398 3274 3627 3345 βροντῆς
3657 3277 3696 3345 ἠ

2131 3371 2406 3440 ἀστραπὴ,
2453 3369 2631 3421 καίτοι
2693 3367 2891 3437 βροντή
2943 3383 3002 3418 τε
3050 3367 3144 3419 καὶ
3173 3365 3438 3436 ἀστραπὴ
3478 3365 3578 3436 τὴν
3605 3381 3700 3420 νε-

2131 3463 2246 3532 φῶν
2268 3460 2584 3530 πυκνότητά
2605 3475 2665 3512 τε
2702 3460 2797 3512 καὶ
2829 3457 2948 3528 ἃμα
2979 3457 3116 3528 πρὸς
3139 3457 3378 3527 ἀλλήλας
3410 3456 3702 3528 σύντριψιν

2131 3555 2304 3607 αίτιον
2349 3551 2563 3620 ἔχοντα.
2623 3549 2714 3600 Δεῖ
2750 3547 2860 3614 γὰρ
2906 3548 3022 3608 τοῖς
3073 3546 3279 3614 παχέσι
3329 3544 3543 3608 τούτοις
3600 3545 3702 3600 καὶ

2132 3643 2388 3700 ὁπωσοῦν
2423 3643 2631 3711 ὁμοίοις
2670 3639 3086 3710 παραδείγμασι
3121 3641 3189 3690 τὰ
3213 3638 3350 3708 ὑπὲρ
3405 3637 3568 3706 φύσιν
3615 3637 3704 3691 διὰ

2131 3736 2256 3798 τοὺς
2298 3733 2396 3803 τὴν
2440 3732 2689 3786 διάνοιαν
2731 3731 3075 3799 παχυτέρους
3113 3729 3367 3796 ὑπάγειν.
3413 3729 3487 3781 Σὺ
3515 3729 3571 3782 δὲ
3605 3731 3704 3783 καὶ

2130 3828 2211 3890 δὶς
2245 3827 2376 3896 περὶ
2421 3824 2480 3877 τὸ
2507 3821 2869 3892 εὐαγγελικδν
2897 3821 3062 3891 ῥητὸν
3099 3823 3161 3874 τό
3187 3838 3201 3851 ο
3234 3821 3442 3875 Πάντα
3483 3820 3561 3874 δι’
3593 3824 3704 3875 cbo

2131 3915 2238 3970 τοῦ
2264 3913 2526 3984 ἐγένετο,
2559 3911 2896 3982 ἁμαρτάνεις
2917 3945 2936 3974 ,
2976 3911 3052 3980 μὴ
3085 3911 3294 3975 συνιεὶς
3319 3949 3334 3975 ,
3357 3911 3409 3962 τί
3447 3910 3704 3963 ἐντεῦθεν

2134 4006 2553 4076 συμπεραίνεις.
2601 4003 2791 4072 Ἡμεῖς
2823 4001 2871 4055 δ’
2911 4003 2969 4054 ἐν
2995 4001 3072 4070 τῷ
3109 3999 3312 4071 πρώτῳ
3361 4017 3457 4053 σου
3491 4002 3697 4071 ἐπιχειο

2137 4098 2338 4167 ρήματι
2371 4094 2570 4157 ἱκανῶς
2601 4109 2659 4146 σε
2690 4091 3012 4160 ὲλέγξαντες
3056 4091 3409 4163 ἀπατώμενοι
3440 4095 3705 4167 Δἐκείνοις

2134 4161 2474 4259 ἆρᾆιούμεθα.
2495 4187 2621 4239 Ὅτι
2656 4185 2702 4238 δ’
2733 4185 2783 4237 εί
2811 4184 2899 4239 διὰ
2929 4185 3146 4253 σοφίας,
3176 4161 3270 4237 τοῦ
3307 4161 3703 4256 Υιοῑίδηηδὴ,

2133 4282 2196 4334 τὸ
2235 4281 2460 4350 Πνεῦμα
2503 4278 2824 4349 προάγοιτο,
2856 4277 3011 4331 οὐδὲν
3059 4277 3125 4331 ἂν
3154 4278 3422 4347 διενέγκοι
3449 4281 3556 4332 τῶν
3582 4296 3704 4332 κτι-

461 4371 672 4423 (-ienlcr
693 4375 743 4419 te
795 4361 1140 4417 ostendimus
1179 4355 1592 4420 hallucinatum,
1650 4354 1759 4407 illis
1787 4351 2026 4407 contenti

2137 4373 2384 4443 σμάτων,
2428 4371 2524 4424 καὶ
2568 4370 2628 4422 τὸ
2659 4370 2748 4423 διὰ
2780 4369 2953 4440 μέσης
2986 4367 3238 4438 θεὸτητὸς
3263 4385 3316 4421 τι
3351 4367 3705 4439 προαχθῆναι

464 4475 674 4516 sumus.
712 4455 1164 4526 Spiritum'vero,
1192 4449 1236 4503 si
1269 4463 1364 4517 per
1414 4446 1762 4516 sapientiam,
1796 4445 1901 4498 hoc
1945 4452 2026 4497 est

2135 4465 2243 4519 τῶν
2272 4465 2593 4534 κτισμάτων
2635 4463 2769 4516 ἴδιον
2819 4457 2984 4528 εῖναι,
3029 4461 3129 4514 οὐκ
3169 4459 3287 4515 οἶδα
3337 4461 3460 4532 μὲν,
3512 4461 3560 4512 εί
3607 4462 3708 4513 καὶ

469 4570 567 4624 per
600 4552 817 4611 Filium,
851 4546 1208 4616 producatur,
1265 4540 1402 4594 nihil
1463 4538 1686 4593 dill'erre
1709 4535 2026 4591 acreatnris

2134 4557 2315 4620 ἄλλοις
2345 4553 2583 4618 συνδόξει
2619 4553 2759 4624 πλὴν
2790 4553 2909 4607 σοῦ’
2941 4554 3143 4624 μᾶλλον
3173 4553 3231 4607 δὲ
3259 4552 3446 4621 σαφῶς
3475 4550 3550 4622 (2)
3584 4549 3712 4606 οῖδα

461 4655 516 4697 et
551 4659 647 4713 per
702 4640 937 4694 mediam
965 4636 1224 4690 deitatem
1294 4630 1426 4702 quid
1478 4629 1707 4701 produci
1743 4629 2026 4698 proprium

2140 4652 2329 4724 μηδενὶ
2355 4649 2462 4703 τῶν
2495 4647 2676 4713 σοφῶν
2721 4647 3000 4701 συνδοκεῖν
3026 4662 3039 4676 ο
3066 4645 3216 4716 δηλοῖ
3241 4645 3299 4699 δὲ
3321 4646 3415 4698 καὶ
3449 4645 3482 4715 ἡ
3513 4645 3706 4709 πίστις

465 4745 846 4791 creaturarum
897 4744 1043 4792 esse,
1102 4727 1156 4782 id
1195 4725 1383 4782 nescio
1427 4740 1494 4779 an
1539 4733 1596 4778 et
1649 4722 1774 4776 aliis
1822 4721 2026 4792 placeat

2134 4721 2269 4795 Θεὸν
2302 4739 2402 4812 μὶν
2434 4737 2525 4792 τὸν
2553 4737 2771 4807 Πατέρα
2795 4736 3200 4807 πρεσϐεύουσα,
3235 4736 3330 4788 καὶ
3360 4734 3491 4788 Θεὸν
3520 4734 3577 4788 δὲ
3607 4735 3710 4789 τὸν

464 4839 660 4899 printer
711 4834 798 4889 te;
828 4824 937 4876 imo
969 4820 1119 4874 clare
1173 4818 1301 4873 novi
1352 4817 1404 4871 id
1455 4814 1664 4870 nemini
1720 4816 2027 4884 sapientum

463 4917 708 4990 probari.
765 4913 1072 4970 Manifestat
1127 4925 1258 4966 vero
1300 4918 1358 4964 et
1397 4907 1530 4963 ﬁdes
1581 4908 1750 4963 Deum
1806 4907 2027 4976 quidem

463 5013 678 5066 Patrem
712 5007 1015 5080 praedicans
1033 5013 1089 5064 et
1124 5003 1292 5058 Deum
1364 5017 1493 5057 vero
1547 4999 1744 5056 Filium
1771 5008 1826 5054 et
1855 4999 2028 5070 Spiri-

465 5114 579 5158 tum
604 5110 855 5155 sanctum
881 5096 1170 5160 conﬁtens,
1188 5105 1243 5148 et
1268 5104 1444 5148 tamen
1471 5108 1570 5148 eos
1591 5107 1698 5146 non
1729 5106 1853 5147 cum
1879 5105 2028 5147 crea-

465 5194 604 5266 turis
641 5192 834 5265 (apage
890 5204 1016 5245 cum
1101 5187 1437 5254 blasphemia
1513 5188 1612 5240 ista
1639 5187 1678 5257 l)
1734 5187 2028 5240 collocans.

464 5285 605 5352 Quid
635 5287 781 5338 enim
842 5283 1014 5351 magis
1071 5279 1310 5350 Spiritus
1362 5289 1614 5335 creatura
1669 5278 1828 5343 foret,
1865 5279 1909 5332 si
1965 5290 2033 5332 ex

455 5377 624 5442 .Filio,
659 5390 820 5446 quam
851 5373 1022 5428 Filius
1045 5380 1101 5428 et
1126 5371 1387 5442 Spiritus,
1418 5371 1467 5428 si
1517 5387 1583 5426 ex
1607 5372 1768 5429 Patre
1788 5373 1809 5426 i
1833 5373 1910 5427 Ex
1939 5388 2033 5428 es-

390 5522 396 5532 ,
466 5480 642 5524 sentta
675 5479 866 5523 etnon
899 5481 966 5520 ex
994 5465 1234 5521 essentia
1268 5463 1362 5518 Dei
1395 5479 1518 5519 esse
1541 5466 1746 5519 scimus
1774 5464 2033 5519 doctores

463 5571 733 5618 creatum
787 5567 984 5615 etnon
1039 5569 1308 5612 creatura:
1369 5567 1611 5613 statuere
1643 5573 1886 5624 causam,
1923 5573 2032 5613 non

532 5675 614 5743 (i)
639 5674 786 5728 Mon.
812 5675 912 5743 27,
935 5673 971 5743 ί.
997 5672 1102 5726 250
1123 5671 1176 5726 ι).
1205 5672 1455 5730 κωλύειν.

537 5742 616 5812 (2)
647 5744 788 5797 Non.
823 5744 862 5795 Γ.
893 5742 990 5794 251
1058 5759 1108 5796 a.
1166 5744 1364 5809 σοψῶς.

2137 4830 2266 4884 Υίὸν
2288 4833 2384 4886 καὶ
2411 4830 2471 4882 τὸ
2495 4826 2722 4895 Πνεῦμα
2753 4828 2813 4878 τὺ
2837 4824 2994 4894 ἅγιον
3021 4825 3389 4896 ὁμολογοῦσα,
3419 4823 3517 4876 καὶ
3547 4825 3711 4893 ὅμως

2136 4919 2332 4982 αὐτοὺς
2365 4919 2425 4972 οὐ
2474 4920 2613 4990 μετὰ
2655 4917 2764 4972 τῶν
2816 4918 3138 4988 κτισμάτων
3188 4917 3393 4988 (ἄπαγε
3433 4915 3531 4986 τῆς
3574 4915 3713 4986 βλαο

2137 5009 2380 5080 σφημίας
2408 5009 2448 5080 ί)
2475 5008 2758 5080 τιθεμένη.
2790 5007 2856 5062 Τί
2894 5007 2970 5078 (3)
2998 5009 3108 5079 γὰρ
3152 5007 3352 5078 μᾶλλον
3381 5006 3446 5060 τὸ
3476 5005 3708 5075 Πνεῦμα

2134 5105 2362 5172 κτίσμα,
2391 5105 2436 5154 ει
2467 5105 2524 5168 ἐξ
2563 5101 2715 5169 Υίοῦ,
2750 5103 2785 5174 ἢ
2814 5104 2842 5156 ὁ
2884 5101 3012 5166 Υίὸς
3052 5103 3147 5155 κα)⁸
3175 5101 3238 5153 τὺ
3273 5099 3531 5167 Πνεῦμα,
3558 5101 3608 5152 εί
3639 5100 3712 5152 ἑκ

2135 5195 2388 5265 Πατρὸς;
2423 5195 2496 5247 Τὸ
2549 5193 2608 5259 ἐξ
2652 5194 2845 5257 οὐσίας
2899 5195 2996 5248 καὶ
3030 5191 3106 5263 μὴ
3151 5191 3342 5254 οὐσίας
3383 5187 3522 5243 Θεοῦ
3560 5182 3710 5241 εῖναι

2139 5289 2300 5359 ίσμεν
2338 5289 2464 5351 τοὺς
2506 5286 2885 5348 διδασκάλους,
2923 5284 3219 5352 κτίσματος
3250 5283 3345 5335 καὶ
3373 5281 3448 5353 μὴ
3473 5282 3714 5352 κτίσμα-

2135 5399 2226 5445 τος
2255 5382 2428 5435 αίτιον
2467 5379 2813 5450 τιθεμένους,
2843 5378 2905 5429 οὐ
2936 5376 2996 5428 τὸ
3040 5377 3106 5428 ἐκ
3133 5375 3349 5444 Πατρὸς
3373 5375 3536 5445 μόνου
3567 5373 3601 5444 ἦ
3640 5375 3717 5431 ἐκ

2139 5475 2350 5544 Πατρὸς
2380 5473 2476 5526 καὶ
2506 5471 2630 5524 Υίοῦ
2661 5467 2820 5523 εἶναι.
2862 5468 2944 5522 Τά
2976 5468 3074 5538 μὲν
3099 5466 3194 5521 οὖν
3228 5467 3509 5536 κτίσματα
3533 5467 3594 5518 τὸ
3630 5467 3720 5542 μὴ

2139 5567 2202 5619 ὲκ
2234 5563 2332 5630 τῆς
2373 5561 2524 5623 θείας
2549 5559 2737 5623 οὐσίας
2764 5553 2923 5625 εἶναι,
2955 5557 3069 5611 ἀλλ’
3114 5559 3178 5612 ὲκ
3211 5555 3305 5611 τοῦ
3339 5557 3420 5628 μὴ
3446 5554 3598 5619 ὁντος
3627 5555 3719 5622 είς

2213 5679 2288 5748 (5)
2320 5677 2480 5744 Mare.
2536 5674 2571 5730 Γ.
2609 5674 2677 5727 87
2720 5673 2774 5728 b.
2810 5672 2844 5743 ἢ
2874 5673 2949 5727 τί.
