3966 6218
434 342 542 406 235
1795 336 2028 401 BESSA
2045 333 2313 395 RIONIS
3240 342 3245 347 '
3557 336 3664 397 Ξέζὸ

425 463 605 519 tarum
668 449 999 520 principium
1055 455 1140 503 est
1184 457 1374 504 sancta
1433 446 1712 512 Trinitas,
1756 447 1886 502 licet
1918 446 1994 501 sit

2118 444 2268 515 ιύτὴν
2319 445 2428 498 τῶν
2474 445 2646 515 τριῶν
2697 444 2939 514 θέλησιν.
3000 443 3113 497 Καὶ
3161 443 3316 497 οὐδὲν
3351 447 3670 517 περαιτέρω

423 542 689 607 Trinitas,
737 551 961 611 propter
987 556 1151 596 unam
1186 540 1545 610 eamdemque
1594 542 1761 595 trium
1807 553 1995 609 perso-

2118 537 2209 598 εοῖς
2256 535 2507 590 εὐσεϐέσι
2542 537 3114 607 πολυπραγμονεῖται.

426 649 620 695 narum
657 634 1018 688 voluntatem.
1050 633 1117 688 Et
1162 632 1269 703 piis
1299 632 1512 688 nullum
1557 631 1794 702 amplius
1825 644 1994 700 nego-

426 726 562 782 tium
608 724 722 779 htec
750 723 1046 781 facessunt.

804 835 1068 903 EPHES.,
1097 837 1156 892 c.
1194 837 1293 891 xx
1319 837 1628 907 (xxxvn).

2402 842 2546 907 Tox
2594 840 2860 897 ΕΦΕΣΟΥ
2890 840 3049 895 nso.
3100 837 3163 893 K'
3197 840 3360 911 (AZ').

500 947 623 1003 Filii
647 947 1022 1002 denominatio
1039 947 1149 1002 duo
1167 947 1282 1003 hac
1300 947 1572 1017 significat
1594 964 1610 1002 :
1635 956 1688 1003 et
1717 946 1998 1002 habitudi-

2180 953 2247 1008 Ἦ
2300 956 2394 1009 τοῦ
2438 956 2570 1009 Υίοῦ
2610 955 2957 1025 προσηγορία
3008 954 3103 1008 δύο
3147 953 3321 1009 ταῦτα
3372 952 3668 1021 σημαίνει·

427 1055 552 1094 nem
584 1038 649 1092 ad
690 1038 928 1104 Patrem,
949 1038 1248 1092 secundum
1269 1054 1434 1109 quam
1465 1054 1588 1095 esse
1612 1040 1677 1094 ab
1710 1054 1777 1094 eo
1805 1040 1994 1105 habet,

2118 1045 2197 1114 ῖήν
2227 1064 2288 1099 τε
2322 1047 2462 1116 πρὸς
2522 1048 2613 1099 τὸν
2658 1030 2881 1115 Πατέρα
2938 1045 3148 1116 σχέσιν,
3198 1044 3322 1097 καθ’
3352 1045 3418 1115 ἢν
3439 1044 3502 1097 τὸ
3529 1039 3673 1097 εἶναι

429 1142 487 1188 et
516 1145 641 1186 cum
666 1145 734 1186 eo
768 1129 1425 1197 consubstantialitatem;
1483 1146 1608 1185 nam
1649 1132 1829 1186 omnis
1855 1132 1997 1187 [ilius

2118 1139 2231 1208 ταρ⁹
2262 1138 2431 1192 αὐτοῦ
2459 1137 2590 1207 ἔχει,
2623 1138 2723 1191 καὶ
2755 1136 2815 1194 τὸ
2865 1137 3001 1209 πρὸς
3027 1136 3192 1189 αὐτὸν
3223 1138 3530 1207 ὀμοούσιον·
3562 1137 3677 1197 πᾶς

435 1225 578 1292 patri
612 1221 1096 1277 consubstantialis
1120 1231 1226 1276 est.
1278 1222 1425 1276 ldem
1465 1221 1765 1278 deducitur
1789 1239 1857 1279 ex
1900 1239 1995 1293 ge-

2118 1228 2211 1299 γὰρ
2244 1228 2359 1290 υίὸς
2389 1228 2466 1297 τῷ
2504 1230 2674 1298 πατρὶ
2704 1228 3012 1297 ὁμοούσιος.
3056 1227 3335 1289 Ὠσαύτως
3382 1226 3437 1279 δὲ
3470 1226 3565 1278 καὶ
3611 1227 3677 1277 ὲκ

430 1312 730 1367 nerationis
784 1313 1027 1367 nomine.
1078 1313 1213 1367 Nam
1266 1322 1322 1368 et
1377 1328 1597 1367 causam
1634 1314 1778 1369 unde
1828 1314 2000 1370 habet

2118 1322 2198 1388 πῆς
2229 1318 2556 1387 γεννήσεωςο
2585 1319 2687 1389 τήν
2714 1336 2775 1377 τε
2805 1319 2915 1388 γὰρ
2944 1318 3123 1372 αἰτίαν
3155 1317 3279 1371 ὅθεν
3316 1316 3430 1387 ἔχει
3464 1316 3560 1369 τοῦ
3595 1316 3677 1386 (1)

431 1420 573 1469 esse,
608 1413 662 1459 et
712 1403 1337 1461 consubstantialitatem
1384 1406 1628 1461 declarat
1665 1415 1995 1475 opportune.

2118 1406 2263 1475 ιϊναι,
2317 1410 2414 1465 καὶ
2442 1411 2543 1479 τὴν
2591 1412 2993 1481 ὁμοονσιότητα
3053 1412 3389 1480 παρίστησιν
3449 1408 3672 1471 ἱκανῶς.

433 1496 553 1553 Non
594 1497 665 1551 ita
695 1511 824 1552 vero
847 1497 1146 1567 appellatio
1175 1496 1412 1567 Spiritus
1459 1499 1657 1565 sancti,
1696 1513 1875 1568 neque
1904 1512 2002 1567 ap-

2118 1502 2217 1570 )i’tx
2244 1500 2385 1554 οὕτω
2417 1501 2477 1554 δὲ
2514 1503 2611 1554 καὶ
2651 1502 2686 1573 ἡ
2727 1501 2822 1554 τοῦ
2860 1500 3018 1568 ἁγίου
3064 1501 3379 1571 Πνεύματος
3414 1498 3514 1569 (2),
3543 1498 3673 1553 οὔτε

434 1586 657 1655 pellatio
690 1588 1076 1656 processionis.
1113 1587 1315 1643 Verum
1348 1592 1565 1660 quando
1594 1588 1851 1643 audimus
1875 1587 2003 1659 Spi-

2118 1589 2216 1660 μὴν
2238 1591 2273 1661 ἡ
2303 1590 2402 1660 τῆς
2457 1591 2860 1662 ὲκπορεύσεωςι
2899 1591 3033 1644 ἀλλ’Δ
3055 1591 3183 1644 ὅταν
3212 1591 3315 1660 μὲν
3349 1590 3677 1660 ἀκοῠσωμεν

427 1681 595 1753 ritum
620 1678 826 1739 Patris,
858 1680 1060 1735 donum
1093 1678 1367 1749 quoddam
1411 1679 1593 1734 Patris
1622 1680 1999 1750 intelligimus,

2108 1681 2352 1749 Πνεῦμα
2411 1681 2663 1751 Πατρός,
2721 1681 2896 1752 δῶρόν
2946 1700 3003 1734 τι
3031 1680 3128 1736 τοῦ
3185 1682 3398 1752 Πατρδς
3454 1682 3682 1751 ἐνοήσα-

438 1771 583 1842 quod
628 1770 697 1825 ad
733 1784 832 1825 nos
862 1770 1133 1838 pervenit,
1168 1784 1267 1825 nos
1313 1769 1617 1825 sanctiﬁcat
1652 1778 1710 1824 et
1753 1771 1809 1825 in
1842 1773 2003 1827 nobis

2118 1787 2209 1839 {sev
2242 1772 2323 1840 (5)
2367 1772 2449 1835 είς
2497 1773 2645 1841 ἡμᾶς
2701 1772 2904 1840 φθάνον
2934 1773 3029 1826 καὶ
3059 1773 3206 1843 ἡμᾶς
3241 1772 3468 1840 ἁγιάζον
3497 1774 3594 1824 καὶ
3622 1773 3682 1824 ὲν

437 1872 720 1933 operatur.
783 1861 926 1919 Dicit
980 1862 1127 1917 enim
1179 1862 1486 1918 Dominus:
1540 1862 1775 1933 Spiritus
1826 1865 2006 1919 Patris

437 1955 620 2018 vestri,
646 1955 736 2022 qui
763 1952 997 2023 t'oquitur
1037 1954 1090 2005 in
1123 1952 1282 2005 vobis.
1326 1952 1481 2008 Unde
1508 1962 1567 2009 et
1596 1953 1828 2024 Spiritus
1876 1953 2008 2009 Filii

438 2045 584 2100 idem
634 2044 871 2114 Spiritus
922 2044 1155 2110 dicitur;
1200 2058 1327 2100 nam
1376 2061 1667 2101 commune
1715 2047 2004 2101 amborum

438 2136 644 2197 donum
675 2147 781 2202 est,
821 2146 880 2190 ut
932 2137 1126 2192 beatus
1179 2152 1400 2206 quoque
1454 2139 1795 2208 Augustinus
1847 2140 2007 2195 dicit.

436 2229 667 2296 Quando
692 2238 873 2287 autem
906 2229 1162 2283 audimus
1191 2227 1471 2297 Spiritum,
1494 2231 1589 2301 qui
1607 2247 1671 2285 ea:
1702 2231 1867 2286 Patre
1887 2248 2012 2303 pro-

436 2322 595 2385 cedit,
632 2321 721 2377 hic
755 2334 1001 2385 causam,
1033 2319 1182 2377 unde
1238 2320 1407 2377 habet
1436 2337 1582 2387 esse,
1621 2331 1678 2379 et
1708 2324 1881 2393 ipsam
1914 2325 2012 2394 hy-

438 2414 678 2483 postasin
726 2413 1072 2483 accipimus;
1124 2428 1235 2467 non
1275 2428 1407 2469 vero
1437 2414 1603 2471 etiam
1636 2415 2009 2472 consubstan-

439 2502 746 2558 tialitatem.
803 2502 992 2572 Neque
1046 2502 1194 2557 enim
1251 2518 1453 2571 nomen
1522 2503 1764 2575 Spiritus
1826 2521 2009 2575 neque

446 2582 818 2665 processionis
842 2608 1043 2655 nomen
1076 2592 1130 2648 id
1170 2593 1335 2649 valet.
1366 2593 1709 2665 Quapropter
1768 2597 2008 2667 theologi

437 2686 658 2756 quando
686 2684 1011 2754 simpliciter
1060 2674 1308 2751 causam,
1337 2685 1484 2741 unde
1528 2699 1651 2743 esse
1698 2687 1880 2751 habet,
1913 2688 2010 2743 de-

437 2776 647 2830 clarare
679 2774 888 2840 volunt,
924 2774 1182 2844 Spiritum
1208 2777 1298 2840 qui
1343 2792 1409 2829 ex
1458 2773 1620 2831 Patre
1650 2778 1886 2847 procedit
1926 2778 2011 2835 di-

438 2872 590 2934 cunt,
623 2866 693 2921 ab
722 2867 840 2938 ipso
876 2866 1120 2937 Domino.
1138 2867 1245 2922 hoc
1273 2866 1477 2929 edocti.
1496 2881 1606 2921 non
1630 2868 2010 2937 semiperfecta

439 2966 494 3014 et
548 2959 732 3013 minus
778 2958 941 3028 plene
995 2957 1381 3029 praedicantes,
1432 2972 1613 3028 neque
1674 2959 2006 3028 principium

443 3050 673 3120 propius
725 3049 1209 3119 praetermittentes
1244 3051 1434 3119 (apage
1477 3064 1603 3103 cum
1633 3048 1738 3104 hac
1758 3049 2011 3109 absurdi-

2105 1861 2238 1929 ἠμϊν
2274 1859 2555 1929 ἐνεργοῦν.
2586 1862 2751 1928 Λέγει
2799 1862 2909 1931 γὰρ
2967 1864 2995 1915 ὁ
3040 1862 3275 1933 Κύριος·
3316 1863 3388 1915 Τὸ
3431 1860 3682 1931 Πνεῦμα

2106 1947 2215 2001 τοῦ
2268 1948 2501 2017 ιιατρὸς
2551 1947 2719 2018 ὑμῶν
2766 1950 2843 2021 (4)
2901 1952 2968 2005 τὸ
3006 1953 3243 2015 λαλοῦν
3289 1952 3529 2022 ἐνύμῒν
3562 1954 3678 2024 (5).

2109 2041 2275 2095 Ὅθεν
2301 2042 2398 2095 καὶ
2422 2041 2554 2095 Υίοῦ
2585 2041 2811 2112 Πνεῦμα
2837 2044 2896 2096 τὸ
2924 2043 3055 2096 αὐτὸ
3088 2043 3328 2112 λέγεται*
3365 2045 3544 2098 κοινὸν
3570 2045 3683 2115 γάρ

2104 2130 2223 2184 ἐστι
2251 2131 2422 2200 δῶρον
2448 2131 2691 2200 ἀμφοῖν,
2722 2132 2799 2195 ὡς
2844 2132 2942 2186 καὶ
2993 2135 3022 2184 ὁ
3068 2133 3340 2205 μακάριός
3387 2150 3551 2203 φησιν
3576 2135 3684 2186 Αὐ-

2108 2224 2409 2290 γουστῖνος.
2448 2225 2622 2277 Ὅταν
2670 2223 2728 2276 δὲ
2766 2223 3123 2292 ἀκούσωμεν,
3173 2225 3416 2294 Πνεῦμα
3449 2226 3517 2279 ἐκ
3564 2230 3684 2279 Πα-

2108 2318 2250 2381 τρὸς
2277 2314 2781 2383 ἐκπορευόμενον,
2816 2313 3053 2367 ἐνταῦθα
3085 2314 3185 2385 τὴν
3218 2316 3316 2386 μὲν
3336 2317 3520 2369 αἰτίαν
3556 2315 3685 2369 ὅθεν

2106 2411 2221 2479 ἔχει
2252 2404 2355 2460 τοῦ
2395 2400 2560 2471 εἶναι,
2614 2406 2711 2461 καὶ
2746 2404 2847 2476 τὴν
2885 2406 3189 2460 ὑπόστασιν
3222 2406 3392 2476 αὐτὴν
3430 2408 3687 2471 ἐξελάσο-

2112 2518 2211 2569 nev
2233 2517 2249 2535 ο
2281 2500 2344 2553 οὐ
2376 2500 2563 2569 μέντοι
2605 2500 2702 2553 καὶ
2736 2500 2797 2555 τὸ
2856 2498 3146 2570 ὀμοούσιον
3172 2514 3188 2531 ·
3231 2498 3356 2552 οὔτε
3390 2500 3500 2569 γὰρ
3524 2502 3557 2571 ἡ
3583 2501 3685 2555 τοῦ

2108 2588 2426 2658 Πνεύματος
2463 2589 2651 2659 φωνὴ,
2704 2588 2831 2645 οὔτε
2887 2589 2996 2661 μὴν
3050 2592 3081 2660 ἡ
3140 2590 3238 2659 τῆς
3296 2590 3686 2660 sumpsissem;

2108 2681 2263 2734 τοῦτο
2286 2681 2530 2734 δύναται.
2566 2681 2668 2733 Διὰ
2694 2680 2858 2735 τοῦτο
2890 2681 2940 2734 oi
2992 2679 3235 2748 θεολόγοι
3274 2680 3405 2733 ὅταν
3445 2679 3547 2748 μὲν
3581 2679 3689 2751 τὴν

2107 2772 2287 2828 αἰτίαν
2315 2771 2504 2835 ἁπλῶς
2534 2772 2658 2827 ὅθεν
2698 2771 2811 2842 ἔχει
2843 2770 2939 2825 τοῦ
2979 2765 3125 2824 εἶναι
3157 2770 3514 2843 παραστῆσαι
3552 2770 3685 2839 βού-

2106 2866 2327 2929 λωνται,
2376 2864 2623 2934 Πνεῦμα
2677 2864 2747 2918 ἐκ
2797 2864 3032 2931 Πατρός
3081 2863 3571 2931 ἐκπορευόμενον
3595 2862 3688 2915 λέ-

2108 2973 2320 3025 γουσιν,
2360 2957 2423 3022 ἐξ
2455 2956 2624 3013 αὐτοῦ
2670 2954 2766 3010 τοῦ
2800 2950 3008 3023 Κυρίου
3062 2956 3220 3010 τοῦτο
3254 2956 3685 3025 παρειληφότες,

2112 3049 2212 3119 οὐχ
2250 3048 2525 3119 ἡμιτελῶς
2562 3047 2970 3114 θεολογοῦντες,
3009 3048 3132 3101 οὐδὲ
3169 3048 3231 3101 τὸ
3262 3049 3558 3123 ὲγγῦτερον
3593 3048 3686 3099 atl-

440 3112 589 3198 tate-l
618 3143 673 3212 );
707 3112 928 3214 quando
963 3151 1145 3197 autem
1190 3112 1435 3198 simulet
1459 3141 2008 3197 consubstantialita-

2118 3112 2228 3194 τιον
2260 3112 2787 3212 παραλιμπάνοντες
2819 3140 3025 3208 (ἄπαγε
3059 3141 3160 3208 τῆς
3180 3112 3410 3201 ἀτοπίας
3436 3112 3480 3207 l)
3502 3152 3520 3167 ⁸
3546 3138 3683 3191 ὅταν

444 3243 550 3289 tem
591 3234 879 3303 propalare
931 3234 1143 3299 volunt,
1187 3243 1318 3289 tunc
1368 3241 1425 3289 et
1480 3232 1614 3289 illud
1680 3248 1778 3302 per
1810 3232 2009 3289 Filium

442 3324 652 3380 addunt
673 3334 729 3382 et
750 3341 819 3379 ea:
851 3328 1017 3381 Patre
1044 3341 1138 3395 per
1167 3324 1361 3379 Filium
1385 3325 1751 3395 procedentem
1782 3325 2008 3394 dicunt;

443 3432 506 3473 ac
540 3417 584 3471 si
622 3417 902 3473 dicerent:
934 3418 1052 3473 Non
1077 3417 1285 3486 absque
1320 3417 1480 3478 Filio,
1515 3432 1696 3487 neque
1728 3418 1782 3471 in
1818 3427 2011 3473 natura

447 3526 477 3563 a
503 3508 642 3564 Filio
676 3509 911 3574 diversa,
941 3510 1034 3563 sed
1059 3508 1220 3564 simul
1250 3523 1376 3563 cum
1427 3508 1781 3578 generatione
1815 3508 2014 3563 intelli-

447 3599 595 3669 gitur
629 3599 793 3653 etiam
814 3600 1111 3668 processio.
1132 3597 1289 3654 Unde
1313 3598 1471 3653 divus
1498 3598 1765 3654 Maximus
1814 3599 1891 3655 ait
1921 3588 2017 3670 per

446 3689 653 3747 Filium
698 3692 931 3760 genitum
972 3689 1232 3759 ineﬂabiii
1290 3690 1443 3743 modo
1494 3688 1877 3760 procedentem,
1918 3692 2015 3761 qui

444 3799 579 3841 sane
608 3800 717 3840 non
747 3783 1046 3839 addidisset
1072 3784 1328 3859 genitum,
1359 3782 1465 3837 nisi
1508 3783 1615 3839 hoc
1639 3784 1904 3840 voluisset
1931 3785 2016 3839 in-

443 3877 710 3948 telligere.
742 3874 849 3931 Sed
880 3874 1043 3933 etiam
1088 3877 1329 3948 reliquos
1375 3876 1428 3931 id
1467 3877 1695 3942 sentire,
1727 3881 1882 3933 testis
1929 3885 2017 3934 est

445 3970 561 4038 ipse
590 3966 858 4027 Maximus
886 3967 940 4021 iu
977 3966 1204 4038 epistola
1256 3967 1324 4025 ad
1362 3967 1629 4027 Marinum
1683 3971 1848 4042 Cypri
1892 3985 2018 4042 pre-

451 4059 737 4130 sbyterum
768 4058 977 4122 dicens,
1022 4073 1218 4113 eorum
1245 4067 1552 4128 temporum
1584 4062 1862 4117 Romanos
1910 4078 2015 4117 non

445 4167 665 4209 causam
702 4151 931 4223 Spiritus
965 4153 1137 4223 facere
1184 4151 1425 4218 Filium,
1459 4155 1552 4209 sed
1599 4160 1658 4205 ut
1699 4153 2014 4227 signiﬁcent,

445 4243 647 4313 inquit,
673 4260 788 4301 cum
813 4259 905 4314 per
934 4242 1131 4297 Filium
1155 4244 1368 4313 prodire
1390 4252 1438 4296 et
1473 4244 1546 4299 sic
1580 4252 1791 4301 natura:
1829 4246 2020 4314 absque

445 4331 564 4386 ulla
592 4333 899 4392 diuersitate
936 4331 1361 4399 conjunctionem
1413 4329 1684 4383 declarent
1734 4330 1837 4399 (a).
1868 4331 2021 4385 Ridi-

2110 3231 2166 3285 δὲ
2193 3230 2329 3300 ὁμοῦ
2361 3233 2459 3287 καὶ
2491 3231 2591 3302 τὴν
2621 3232 3021 3301 ὁμοουσιότητα
3051 3231 3245 3300 δηλοῦν
3272 3231 3520 3293 ἐθέλωσι,
3557 3230 3687 3282 τότε

2110 3324 2207 3378 καὶ
2234 3324 2298 3378 τὸ
2338 3324 2415 3394 (6)
2455 3324 2529 3377 δι’
2569 3324 2707 3379 Υιοῦ
2741 3324 3099 3392 προστιθέασι
3130 3323 3224 3375 καὶ
3254 3323 3323 3375 ἐκ
3352 3319 3580 3390 Πατρὶς
3607 3320 3689 3375 δι’

2113 3414 2249 3468 Υιοῦ
2296 3415 2781 3483 ἐκπορευόμενον
2835 3414 3108 3481 λέγουσιν,
3162 3414 3364 3469 ὡσανεὶ
3394 3412 3687 3478 λέγοντες·

2116 3506 2229 3561 Οὐκ
2262 3507 2391 3560 ἄνευ
2415 3506 2508 3559 τοῦ
2554 3505 2708 3570 Υιοῦ,
2745 3506 2845 3576 οὐχ
2877 3504 3193 3575 ὲτερυφυῶς
3226 3504 3376 3574 παρὰ
3403 3503 3494 3556 τὸν
3529 3503 3687 3569 Υίὺν,

2115 3600 2233 3652 ἀλλ’
2269 3599 2386 3669 ἅμα
2407 3600 2473 3670 τῇ
2498 3600 2754 3668 γεννήσει
2786 3600 2994 3655 νοεῖται
3026 3598 3104 3669 (7)
3136 3597 3232 3650 καὶ
3266 3598 3299 3666 ἡ
3333 3596 3689 3664 ὲκπόρευσις.

2119 3692 2288 3747 Ὅθεν
2335 3692 2431 3745 καὶ
2493 3693 2523 3746 6
2580 3691 2725 3754 θεῖός
2769 3708 2904 3761 φησι
2940 3691 3199 3761 Μάξιμος
3257 3689 3332 3743 δι’
3376 3688 3517 3743 Υίοῦ
3552 3704 3697 3757 τεν-

2114 3782 2407 3851 νηθέντος
2437 3781 2762 3850 ἀφράστως
2813 3776 3301 3848 ἐκπορευόμενον
3334 3779 3440 3848 (8),
3491 3780 3592 3829 οὐκ
3622 3778 3694 3830 ἂν

2118 3875 2377 3946 προσθεὶς
2401 3872 2508 3927 τοῦ
2534 3871 2954 3944 γεννηθέντος,
2988 3873 3037 3925 εί
3066 3871 3141 3945 μὴ
3171 3872 3329 3945 τοῦτο
3348 3873 3489 3924 νοεῖν
3521 3870 3697 3939 ἡόοὑ-

2116 3950 2403 4019 λετοῘὍτι
2424 3962 2482 4016 δὲ
2506 3963 2600 4015 καὶ
2635 3963 2689 4015 οἱ
2712 3956 3083 4015 λοιποβιοῦτο
3115 3959 3318 4023 νοοῦσι,
3363 3960 3574 4029 μάρτυς
3610 3958 3692 4027 (9)

2117 4056 2281 4117 αὐτὸς
2335 4056 2391 4108 ὲν
2442 4056 2510 4122 τῇ
2558 4054 2701 4122 πρὸς
2745 4051 2984 4121 Μαρϊνον
3035 4050 3267 4122 Κύπρου
3312 4050 3694 4119 πρεσϐύτερον

2118 4147 2375 4217 ἐπιστολῇ
2423 4145 2537 4217 (10)
2572 4146 2702 4208 τοὺς
2757 4144 2882 4200 τότε
2918 4128 3223 4214 Ῥοίμαίους
3257 4143 3432 4211 λέγων
3460 4143 3574 4195 οὐκ
3602 4144 3696 4195 αι-

2116 4242 2256 4294 τιιιν
2289 4238 2397 4295 τοῦ
2427 4240 2775 4307 Πνεύματος
2827 4238 2936 4293 τὸν
2994 4238 3133 4291 Υιὸν
3175 4236 3392 4299 ποιεῖν,
3426 4236 3566 4289 ἀλλ’
3589 4235 3697 4287 ινα

2117 4332 2186 4385 τὸ
2215 4331 2290 4385 δι’
2337 4330 2527 4385 αὐτοῦ
2573 4329 2844 4399 προϊέναι
2890 4328 3231 4395 δηλώσωσι,
3268 4327 3581 4394 καὶταύτῃ
3622 4326 3694 4379 τὸ

446 4427 570 4481 cula
608 4439 739 4478 vero
766 4423 1088 4479 Latinorum
1127 4423 1397 4490 theologia
1428 4423 1652 4494 prepius
1686 4423 2010 4493 principium

2141 4422 2418 4492 συναφὲς
2483 4422 2596 4491 τῆς
2646 4421 2865 4486 οὐσίας
2922 4420 3022 4472 καὶ
3077 4419 3553 4487 ἀπαράλλακτον
3580 4432 3699 4468 πα-

448 4535 517 4577 ex
547 4531 678 4573 voce
708 4532 805 4591 per
832 4513 1034 4573 Filium
1084 4515 1395 4586 intelligens
1426 4526 1483 4572 et
1537 4516 1756 4585 Patrem
1810 4517 2019 4585 princi-

448 4608 601 4677 pium
624 4606 908 4673 remotius,
933 4615 990 4666 et
1036 4622 1147 4665 non
1180 4607 1491 4677 proximum
1546 4608 1855 4681 hypostasis
1901 4607 2020 4674 Spi-

450 4700 593 4753 ritus
625 4699 796 4754 sancti
835 4706 1103 4763 statuens,
1148 4697 1605 4767 quemadmodum
1661 4697 1894 4757 Enosum
1924 4714 2020 4766 per

454 4790 586 4849 Selh
622 4805 691 4845 ex
719 4788 927 4845 A’damo
969 4788 1229 4853 dicimus,
1261 4789 1560 4843 venerandi
1610 4788 1843 4860 Nysseni
1885 4788 2018 4845 Gre.

454 4886 593 4955 gorii
628 4898 817 4940 vocem
851 4882 923 4953 (ὃ)
950 4898 1060 4936 non
1105 4881 1282 4945 audit,
1313 4895 1438 4950 qum
1485 4881 1621 4935 dicit
1660 4882 1783 4936 Filii
1816 4881 2023 4937 media-

455 4978 667 5034 tionem
687 4984 741 5032 et
772 4975 871 5046 ipsi
911 4971 1176 5044 unigeniti
1210 4971 1480 5026 rationem
1506 4986 1726 5026 servare
1755 4983 1812 5026 et
1842 4972 2019 5042 Spiri-

410 5138 413 5149 ‘
527 5135 602 5203 (1)
635 5138 765 5200 Τοῦ,
797 5150 907 5190 non
936 5134 998 5185 τὸ
1031 5132 1123 5203 hic
1160 5138 1228 5195 et~
1255 5130 1311 5183 in
1341 5128 1699 5200 sequentibus
1722 5129 1944 5201 legitur.

526 5205 604 5276 (Ξ)
634 5206 764 5262 Scil.
794 5202 1153 5276 προσηγορία.

529 5276 605 5348 (ὅ)
640 5276 785 5332 Mon.
822 5276 975 5348 cwoﬁ
984 5287 1177 5341 σαμεν.

528 5344 605 5415 (4)
638 5348 783 5403 Μοη.
824 5344 1007 5415 ἡμῶν.

533 5413 609 5488 (5)
652 5413 855 5488 Matth.
871 5413 1052 5488 inﬁt).

529 5483 604 5557 (6)
631 5488 773 5557 Μέθη.
801 5485 840 5547 i,
864 5484 1023 5557 253a
1047 5498 1062 5536 :
1094 5483 1212 5557 τοῦ.

526 5550 607 5629 (7)
642 5556 855 5610 Monac.
878 5570 891 5607 :
918 5555 985 5621 τῇ
1019 5553 1201 5622 νοήσει
1229 5550 1489 5604 νοεῖσθαι.

530 5692 606 5759 (a)
631 5689 767 5742 Vide
799 5688 854 5759 in
884 5696 1034 5759 torno
1062 5684 1331 5759 superiori
1355 5684 1515 5753 Greg.
1547 5682 1851 5759 Cpl._Apol.
1883 5697 2026 5739 con-

464 5754 549 5819 tra
590 5754 757 5814 Marci
799 5756 1021 5825 Ephesii
1051 5754 1487 5820 Confessioncm,
1517 5768 1638 5822 cap.
1669 5754 1720 5807 t.

2116 4514 2541 4583 ραστήσωσιν.
2577 4513 2643 4568 Ἦ
2667 4513 2722 4567 δὲ
2748 4511 2842 4566 νῦν
2863 4511 3273 4579 καταγέλαστος
3304 4510 3414 4562 τῶν
3444 4509 3696 4563 Λατίνων

2123 4605 2373 4674 θεολογία
2429 4605 2492 4659 τὸ
2526 4606 2856 4674 ιὲγγύτερον
2905 4602 3079 4659 αἴτιον
3139 4603 3205 4655 ὲκ
3260 4602 3356 4654 τοῦ
3407 4600 3482 4653 δι’
3549 4599 3696 4653 rios?

2121 4696 2317 4750 νοοῦσα
2364 4696 2463 4750 καὶ
2513 4696 2608 4749 τδν
2668 4695 2890 4766 Πατέρα
2919 4692 3273 4763 πορρώτερον
3299 4691 3473 4744 αῐτιον
3500 4691 3594 4743 καὶ
3629 4690 3694 4741 οὐ

2124 4789 2393 4859 προσεχὲς
2450 4788 2663 4842 τιθεῖσα
2705 4788 2804 4856 τῆς
2854 4786 2949 4838 τοῦ
2999 4784 3157 4853 ἁγίου
3202 4782 3522 4851 Πνεύματος
3554 4780 3696 4834 ὐποο

2124 4879 2385 4943 στάσεως,
2416 4879 2606 4949 ὥσπερ
2648 4878 2714 4947 δὴ
2750 4878 2841 4930 τὸν
2883 4876 3048 4937 Ἐνὼς
3093 4876 3180 4928 διὰ
3214 4870 3309 4926 τοῦ
3347 4872 3454 4939 Σὴθ
3503 4872 3567 4925 ἐκ
3592 4869 3696 4923 τοῦ

2136 4969 2310 5040 Ἀδὰμ
2347 4968 2716 5039 λέγομεν,τῆς
2758 4968 2857 5037 μὲν
2891 4966 2987 5021 τοῦ
3031 4963 3230 5019 σεπτοῦ
3260 4960 3565 5034 Γρηγορίου
3592 4958 3692 5013 τοῦ

2198 5129 2275 5199 (8)
2310 5126 2581 5199 Maximus
2613 5125 2668 5199 in
2708 5138 2940 5199 aureum
2982 5120 3375 5199 candelabrum
3414 5116 3693 5199 ερας-Ζο-

2123 5186 2388 5285 ερέτῖεειλ.
2417 5195 2630 5251 Citatur
2656 5196 2807 5250 locus
2831 5210 2860 5249 a
2905 5194 3107 5255 Becco,
3141 5188 3236 5244 Gr.
3270 5188 3416 5244 orth.
3454 5195 3496 5241 t.
3542 5186 3606 5251 ll,
3636 5202 3690 5255 p.

2125 5266 2248 5323 557.
2275 5267 2395 5320 558.
2628 5278 2637 5285 '

2196 5336 2272 5403 (9)
2304 5335 2513 5388 Monac.
2543 5352 2558 5388 :
2589 5335 2806 5403 μάρτις.

2199 5394 2311 5476 (ιθ)
2343 5402 2481 5458 Vide
2509 5394 2683 5476 verba
2721 5394 2867 5472 apud
2905 5401 3133 5471 Gregor.
3167 5398 3226 5453 in
3257 5395 3424 5455 Marci
3466 5394 3695 5452 Confes-

2126 5473 2358 5542 siouem,
2392 5473 2594 5543 cap.v4.

2197 5684 2270 5754 (ὁ)
2307 5682 2439 5739 Vide
2467 5680 2810 5750 Gregorium,
2843 5694 2932 5750 op.
2963 5677 3060 5734 cit.
3095 5691 3216 5748 cap.
3247 5676 3300 5730 l.
