3966 6218
397 349 502 411 239

1759 348 2273 410 BESSARIONIS

3519 345 3626 410 240

395 457 531 514 illud
565 475 661 529 per
690 456 887 513 Filium
931 459 1260 515 addiderunt
1291 459 1438 529 (nam
1479 458 1532 512 hi
1581 457 1674 528 qui
1707 458 1759 512 id
1808 457 1957 511 dixe-

2066 458 2359 527 άκηκοότες
2411 457 2692 528 (νεώτεροι
2742 457 2849 528 γὰρ
2905 458 3133 511 ἐκείνων
3170 458 3310 512 είσὶν
3359 460 3409 512 oi
3466 459 3626 512 τοῦτο

397 561 526 605 runt
554 551 662 606 illis
689 561 845 606 erant
882 552 1235 621 posteriores,
1269 551 1363 606 sed
1395 566 1460 606 ex
1496 550 1787 621 Evangelio
1815 551 1955 605 dun-

397 652 542 701 taxat
573 657 760 697 vocem
788 643 1064 712 procedere
1103 639 1414 696 didicerint.
1473 640 1604 695 Nam
1654 641 1801 710 quod
1841 641 1956 710 ipse

395 733 570 788 Filius
592 733 760 786 mittit
782 731 1070 802 Spiritum.
1101 732 1246 802 quod
1271 732 1506 802 Spiritus
1522 748 1551 786 a
1575 732 1712 786 Filio
1733 732 1952 801 accipit,

396 823 544 893 quod
570 838 910 892 quaecunque
939 824 1216 878 audiverit
1260 823 1521 879 docturus
1550 833 1688 889 erat,
1721 824 1866 894 quod
1901 833 1956 880 et

397 912 632 982 Spiritus
664 912 912 968 veritatis
932 913 1157 979 dicitur,
1203 929 1380 982 neque
1403 913 1468 968 ad
1510 914 1954 968 consubstantia-

393 1004 602 1057 litatem
637 1005 812 1060 Patris
837 1013 892 1059 et
922 1005 1041 1060 Filii
1072 1015 1129 1060 et
1166 1005 1403 1074 Spiritus
1441 1005 1635 1072 sancti,
1677 1021 1859 1075 neque
1887 1007 1952 1060 ad

395 1092 791 1147 ostendendum
839 1093 1036 1148 Filium
1091 1093 1328 1163 Spiritus
1373 1095 1548 1150 sancti
1590 1109 1807 1149 causam
1859 1096 1954 1150 tibi

394 1182 595 1238 ducere
634 1183 908 1249 videntur,
962 1186 1089 1240 licet
1137 1186 1188 1238 id
1215 1185 1390 1240 visum
1435 1185 1602 1240 fuerit
1639 1185 1958 1242 doctoribus

396 1275 568 1328 multo
597 1282 668 1338 te,
695 1284 754 1328 ut
787 1286 844 1329 et
874 1277 988 1345 ipse
1017 1275 1188 1339 dices.
1218 1277 1712 1346 prastantioribus.
1739 1277 1956 1332 Testem

396 1382 530 1422 vero
556 1366 789 1422 advocas
821 1369 986 1422 etiam
1017 1370 1308 1438 quamdam
1345 1369 1563 1422 Maximi
1593 1369 1658 1422 ad
1691 1368 1957 1423 Marinum

394 1457 698 1524 epistolam.
735 1471 854 1525 qua:
886 1459 1134 1526 nuspiam
1190 1458 1243 1512 in
1285 1458 1513 1524 vetustis
1542 1458 1824 1513 codicibus
1876 1474 1960 1514 re-

395 1549 606 1617 peritur
639 1549 769 1618 (non
797 1560 950 1617 potes
983 1551 1131 1604 enim
1177 1564 1298 1604 eam
1329 1533 1620 1605 ostendere
1665 1551 1818 1606 ullibi
1851 1552 1959 1605 Ma-

393 1637 524 1691 ximi
573 1637 726 1692 libris
759 1638 1069 1709 insertam),
1104 1649 1341 1694 attamen
1388 1648 1443 1694 et
1489 1639 1608 1710 ipsa
1647 1657 1744 1710 pro
1800 1643 1958 1698 nobis

2060 548 2353 618 εἰπόντες),
2408 549 2568 618 μόνον
2598 549 2654 602 δὲ
2693 549 2788 603 τοῦ
2818 549 3157 617 Εὑαγγε).ίου
3205 549 3264 601 τδ
3309 548 3626 617 ἐκπορεύε-

2057 643 2198 694 σθαι
2250 641 2572 711 ἀκηκοότες.
2607 642 2681 695 Tb
2711 640 2819 711 γὰρ
2853 643 2949 694 καὶ
2979 641 3143 694 αὐτὸν
3194 641 3286 695 τὸν
3325 640 3452 694 Υίδν
3496 640 3629 694 αὐτὸ

2059 731 2328 801 πέμπειν,
2354 734 2416 785 τὸ
2453 733 2603 802 παρὰ
2641 731 2735 786 τοῦ
2773 732 2901 785 Υίοῦ
2936 732 3237 803 λαμὸάνειν
3278 731 3339 784 τδ
3378 731 3628 800 Πνεῦμα,

2057 822 2120 877 τδ
2175 825 2274 876 ὅσα
2333 823 2401 877 ἂν
2474 824 2684 895 ἀκούσῃ
2749 824 3027 890 διδάξειν,
3101 825 3162 877 τὸ
3234 827 3329 879 καὶ
3406 823 3629 892 Πνεῦμα

2059 914 2318 982 ἀληθείας
2374 915 2628 981 λέγεσθαι
2678 916 2777 969 καὶ
2843 914 3068 984 Πνεῦμα
3114 913 3289 978 Υίοῦ,
3327 915 3483 968 οὐδέν
3542 931 3628 967 σοι

2058 1005 2182 1060 οὔτε
2212 1007 2350 1078 πρὸς
2385 1006 2485 1078 τὴν
2523 1007 2922 1076 δμοουσιὸτητα
2970 1007 3187 1075 Πατρδς
3221 1007 3316 1058 καὶ
3360 1005 3495 1058 Υίοῦ
3533 1007 3630 1059 καὶ

2061 1097 2399 1165 Πνεῦματος,
2444 1094 2568 1149 οὔτε
2616 1095 2755 1167 πρὸς
2813 1095 2876 1148 τὸ
2931 1096 3028 1148 καὶ
3079 1094 3171 1147 τδν
3206 1093 3338 1146 Υἰδν
3369 1088 3508 1145 εῖναι
3545 1093 3632 1144 αί-

2058 1190 2181 1243 τίαν
2213 1188 2308 1242 τοῦ
2363 1187 2688 1258 Πνεύματος
2740 1188 2931 1258 φέρειν
2985 1187 3166 1241 δοκεῖ’
3196 1185 3378 1238 καίτοι
3410 1186 3523 1246 τοῖς
3552 1185 3635 1236 δι-

2058 1280 2352 1344 δασκάλοις
2402 1296 2498 1333 σου
2553 1279 2734 1350 πολλῷ
2786 1296 2852 1347 γε
2889 1277 3178 1348 βελτίοσιν,
3211 1275 3286 1337 ὼς
3326 1276 3431 1328 κᾶν
3463 1274 3636 1336 αὔτδς

2060 1371 2247 1440 φαίης,
2277 1373 2490 1426 δοκοῦν.
2517 1372 2790 1442 Μαρτυρῇ
2817 1369 2874 1423 δὲ
2912 1371 3008 1422 καί
3043 1385 3167 1422 τινα
3207 1367 3460 1436 Μαξίμου
3488 1365 3635 1435 πρὸς

2059 1458 2306 1527 Μαρῖνον
2352 1457 2642 1527 επιστολὴν
2694 1456 2946 1526 μηδαμοῦ
2980 1455 3094 1508 τῶν
3125 1454 3374 1523 ἀρχαίων
3405 1452 3633 1521 βιϐλίων

2060 1547 2460 1618 εὑρισκομένην
2494 1549 2575 1618 (οὐ
2616 1547 2726 1617 γὰρ
2759 1548 2904 1618 ἔχεις
2950 1546 3121 1616 αὐτὴν
3162 1543 3629 1615 ὲγγεγραμμίνην

2062 1642 2139 1711 πῇ
2177 1633 2301 1703 τοῖς
2329 1639 2584 1709 Μαξίμου
2634 1639 2862 1710 βιϐλίοις
2917 1639 3134 1708 δεῖξαι),
3172 1634 3341 1692 οὖσαν
3381 1636 3438 1690 δὲ
3480 1637 3631 1706 ὅμως

393 1737 494 1782 est.
534 1726 668 1782 Nam
700 1729 898 1783 Filium
942 1744 1050 1808 nop
1077 1744 1197 1784 esse
1229 1729 1467 1799 Spiritus
1502 1745 1719 1785 causam
1765 1741 1821 1786 et
1850 1734 1953 1803 ipsi

2066 1733 2158 1785 xui
2186 1731 2355 1802 αὐτὴν
2391 1732 2526 1801 πρὸς
2581 1731 2761 1800 ἡμῶν.
2818 1730 3009 1783 Αίτίαν
3067 1730 3175 1800 γὰρ
3224 1728 3301 1799 μὴ
3341 1723 3486 1782 εἶναι
3538 1728 3631 1780 τὸν

395 1834 687 1888 possumus
721 1818 926 1883 dicere,
973 1798 1151 1875 causai
1195 1835 1393 1875 nomen
1437 1821 1722 1891 angustius
1763 1839 1957 1879 secun-

2067 1825 2192 1876 Υἰδν
2233 1798 2328 1876 τοῦ
2368 1798 2692 1892 Πνεύματος
2751 1820 2847 1874 καὶ
2908 1819 3064 1873 αὐτοὶ
3114 1798 3358 1888 φαίημεν
3404 1817 3493 1881 ἂν,
3531 1817 3632 1886 τὴν

393 1911 522 1964 dum
553 1911 866 1965 Graecorum
905 1925 1217 1966 sermonem
1270 1912 1625 1981 accipientes,
1671 1929 1781 1983 quo
1814 1917 1957 1985 apud

393 2002 541 2070 ipsos
574 2015 789 2069 semper
811 2002 1164 2071 principalem
1194 2011 1248 2058 et
1290 2003 1551 2059 fontalem
1601 2020 1818 2060 causam
1866 2009 1962 2064 de-

391 2094 604 2162 signat;
663 2095 1284 2150 consubstantialitatem
1338 2109 1468 2151 vero
1516 2100 1956 2167 praepositionem

391 2201 485 2251 per
506 2183 815 2254 signiﬁcare
853 2195 1017 2256 atque
1064 2187 1139 2250 id,
1172 2187 1318 2256 quod
1346 2204 1412 2241 ex
1440 2187 1580 2242 Filio
1618 2190 1704 2242 vel
1737 2205 1833 2258 per
1864 2191 1956 2245 Fi-

391 2275 526 2327 lium
567 2283 650 2328 est
677 2273 936 2342 Spiritus,
969 2283 1275 2337 attestatur,
1305 2273 1349 2328 si
1384 2274 1606 2343 quidem
1639 2274 1785 2329 illius
1811 2278 1959 2331 vocis

393 2365 804 2420 meminerimus
833 2367 1000 2422 aDeo
1045 2367 1176 2421 moti
1223 2367 1453 2422 Basilii:
1498 2366 1615 2422 Non
1659 2369 1796 2422 enim
1842 2383 1959 2437 qua:

392 2459 628 2534 fraterno
655 2458 754 2512 sibi
786 2474 920 2512 nexu
964 2459 1155 2530 juncta
1184 2466 1330 2523 sunt,
1372 2459 1843 2516 consubstantialia
1872 2464 1954 2516 di-

391 2559 582 2602 cuntur
605 2551 738 2614 :sed
771 2550 983 2621 quando
1033 2568 1194 2604 causa
1234 2560 1282 2604 et
1323 2552 1463 2621 quod
1502 2568 1564 2605 ex
1600 2569 1763 2606 causa
1823 2555 1958 2608 exsi-

392 2639 644 2694 stentiam
683 2641 856 2705 habet,
893 2642 1124 2710 ejusdem
1168 2650 1374 2697 natura:
1401 2645 1681 2709 exsistant,
1716 2646 1958 2698 dicuntur

393 2731 885 2786 eonsubstantialia.
913 2731 1091 2798 Quare
1138 2742 1192 2787 et
1239 2733 1352 2787 haec
1382 2743 1471 2788 tua
1518 2735 1657 2790 ratio
1691 2751 1957 2791 concussa

391 2829 477 2873 est
508 2830 564 2874 et
596 2819 797 2887 frustra
841 2821 1132 2875 multarum
1163 2821 1562 2878 absurditatum
1609 2825 1829 2879 Latinos
1877 2827 1959 2881 in-

395 2924 573 2978 cusas,
606 2925 728 2966 cum
761 2913 876 2981 ipse
907 2911 1219 2982 turpissime
1247 2913 1298 2967 in
1324 2914 1445 2968 illas
1475 2915 1549 2970 sis
1575 2915 1850 2986 delapsus.

742 3023 983 3082 EPHES.
1033 3025 1096 3081 (Ζ.
1123 3026 1243 3082 XXI
1271 3026 1604 3102 (XXXVIII).

476 3139 644 3196 Incidi
699 3140 755 3196 in
807 3141 1100 3210 quemdam
1158 3141 1478 3200 Latinorum
1532 3144 1817 3200 doctorum
1861 3141 2036 3216 proC

396 3234 529 3302 ipsis
548 3233 900 3299 scribentem,
939 3249 1050 3288 non
1082 3243 1338 3303 oportere
1369 3235 1554 3290 dicere
1581 3252 1646 3290 ex
1664 3235 1829 3291 Patre
1865 3255 1961 3308 per

395 3323 601 3384 Filium
627 3322 886 3394 Spiritum
911 3335 1176 3388 sanctum,
1200 3341 1326 3380 cum
1377 3324 1458 3380 sic
1475 3391 1480 3396 ~
1497 3325 1606 3381 duo
1635 3341 1810 3396 eaque
1855 3329 1962 3382 dii-

402 3415 634 3476 lierentia
671 3415 851 3471 forent
906 3416 1198 3486 principia,
1245 3417 1478 3471 alterum
1528 3419 1774 3488 propius.
1823 3420 1960 3474 alte-

396 3521 517 3560 rum
550 3505 838 3573 remotius,
871 3508 965 3561 sed
992 3524 1058 3562 ex
1088 3507 1251 3561 Patre
1287 3517 1337 3562 et
1370 3507 1536 3572 Filio,
1575 3509 1738 3574 sicut,
1768 3511 1866 3576 ait,
1905 3511 1958 3565 in

396 3597 655 3669 Symbolo
682 3613 902 3669 quoque
943 3598 1192 3656 additum
1228 3609 1309 3655 est
1339 3639 1354 3665 ,
1389 3609 1448 3655 ut
1489 3611 1742 3671 tanquam
1791 3619 1960 3657 unum

396 3689 730 3762 principium
773 3690 936 3744 Pater
975 3699 1032 3745 et
1078 3691 1248 3747 Filius
1295 3692 1672 3763 intelligantur
1723 3694 1963 3764 Spiritus

396 3779 577 3836 sancti
605 3779 706 3848 (α).
734 3780 789 3834 Si
808 3779 1064 3851 igiturita
1103 3795 1189 3837 res
1211 3796 1270 3838 se
1306 3782 1492 3850 habet,
1521 3785 1667 3839 sicut
1693 3785 1783 3841 ille
1805 3786 1957 3852 dicit,

396 3873 576 3944 primo
601 3871 822 3942 quidem
844 3874 977 3944 ipsis
1005 3875 1209 3930 excidit
1257 3875 1346 3930 illa
1377 3884 1527 3932 tanto
1553 3877 1734 3932 studio
1757 3892 1959 3948 propu-

397 3974 560 4034 gnata
581 3964 872 4019 concordia
905 3982 1028 4020 cum
1051 3966 1255 4022 nostris
1275 3967 1613 4033 doctoribus,
1646 3984 1826 4038 neque
1847 3984 1962 4024 am-

401 4058 552 4124 plius
587 4056 646 4112 in.
675 4057 918 4112 dictione
947 4075 1039 4129 per
1069 4059 1271 4114 Filium
1301 4061 1607 4129 proximum
1629 4061 1961 4130 principium

400 4147 816 4218 intelligendum
853 4157 958 4211 est,
1013 4164 1192 4219 neque
1237 4150 1551 4220 prepositio
1599 4166 1694 4219 per
1736 4151 1860 4207 loco
1899 4169 1962 4206 ea:

401 4241 736 4310 usurpanda,
771 4248 834 4295 ut
866 4241 1088 4308 quidam
1129 4256 1193 4296 ex
1246 4243 1449 4295 nostris
1486 4241 1746 4310 apostatis
1774 4243 1958 4312 nugati

397 4341 548 4390 sunt.
581 4331 786 4388 Deinde
810 4341 868 4389 et
906 4334 1007 4398 sic,
1056 4331 1103 4386 si
1133 4345 1378 4402 persona
1415 4331 1687 4386 distincta:
1710 4341 1960 4387 sanctum

2062 1915 2244 1969 αἰτίαν
2278 1914 2623 1982 στενώτερον
2650 1913 2794 1966 κατὰ
2816 1911 3201 1981 τὴνἙλλήνων
3225 1909 3406 1980 φωνὴν
3428 1909 3635 1978 ἔκλαμ-

2062 2006 2346 2070 6άνοντες,
2484 2005 2616 2075 παρ’
2654 2004 2836 2068 αὐτοῖς
2870 2005 2956 2057 ἀεὶ
2990 2003 3088 2074 τὴν
3143 2002 3400 2073 ἀρχοειδῆ
3447 2001 3633 2054 αἰτίαν

2073 2099 2345 2167 σημαίνει’
2383 2096 2445 2150 τὸ
2467 2095 2522 2148 δὲ
2555 2095 2844 2164 ὀμοούσιον
2870 2095 2967 2164 τὴν
2994 2094 3092 2148 διὰ
3131 2093 3507 2163 σημαίνουσαν
3537 2092 3632 2144 καὶ

2061 2189 2120 2242 τὸ
2158 2188 2218 2252 ἐξ
2248 2187 2376 2241 Υίοῦ
2423 2188 2458 2258 ἡ
2486 2186 2554 2240 δι’
2586 2185 2718 2239 Υίοῦ
2747 2180 2887 2239 εἶναι
2913 2184 2974 2238 τὸ
3005 2184 3230 2252 Πνεῦμα
3266 2199 3634 2252 προσμαρτυ-

2065 2283 2148 2350 ρεῖ
2178 2279 2279 2351 (I),
2311 2281 2467 2350 εἴπερ
2511 2281 2724 2348 ἐκείνης
2772 2279 2871 2347 τῆς
2910 2276 3006 2329 τοῦ
3052 2276 3422 2346 θεορῤήμονος
3468 2275 3632 2326 Berct.

2061 2373 2208 2426 λείου
2245 2373 2574 2443 μεμνήμεθα
2606 2369 2790 2440 φωνῆς
2811 2369 3083 2437 λέγοντος·
3110 2369 3192 2421 οὐ
3223 2367 3330 2435 γὰρ
3356 2366 3428 2420 τὰ
3449 2364 3636 2419 ἀδελ-

2061 2464 2144 2532 φὰ
2172 2464 2470 2531 ἀλλήλοις
2515 2462 2811 2530 ὁμοούσια
2852 2457 3092 2527 λέγεται
3128 2474 3141 2487 ·
3191 2457 3332 2510 ἀλλ’
3370 2456 3518 2510 ὅταν
3564 2456 3633 2509 τὸ

2059 2557 2254 2610 αἴτιον
2281 2553 2381 2608 καί
2413 2555 2477 2606 τὸ
2528 2553 2598 2606 ἐκ
2643 2552 2750 2606 τοῦ
2796 2550 2993 2605 σιτίου
3028 2549 3143 2616 τὴν
3179 2547 3439 2615 ὕπαρξιν
3462 2545 3632 2614 ἕχον,

2059 2647 2170 2714 τῆς
2219 2646 2414 2713 αὐτῆς
2455 2644 2702 2714 ὑπάρχῃ
2732 2642 2809 2712 (2)
2841 2642 3107 2710 φύσεως,
3145 2640 3436 2708 όμοούσια
3465 2637 3636 2706 λέγε-

2059 2755 2152 2792 ται
2185 2739 2286 2808 (ὅ).
2313 2737 2482 2790 Ὥστε
2535 2753 2616 2790 σοι
2667 2737 2761 2789 καὶ
2827 2727 2982 2794 οὗτος
3006 2734 3033 2785 ὁ
3063 2731 3217 2800 λόγος
3251 2730 3623 2783 διασέσεισται

2036 2822 2152 2884 ’καὶ
2194 2831 2370 2899 μάτην
2405 2827 2618 2882 πολλῶν
2652 2826 2907 2894 ἐγκαλεῖς
2944 2821 3313 2891 ἀτοπημάτων
3341 2819 3634 2883 Λατίνους,

2057 2924 2218 2988 αὐτὸς
2248 2921 2323 2976 ὣν
2363 2924 2391 2976 ὁ
2421 2921 2634 2984 τούτοις
2684 2922 2938 2989 αἴσχιστα
2982 2916 3354 2987 περιπίπτων.

2340 3033 2477 3088 'ror
2517 3033 2778 3086 ΕΦΕΣΟΥ
2817 3032 2973 3086 κεψ.
3017 3027 3136 3085 KA'
3173 3025 3350 3099 (ΑΠ’).

2150 3149 2437 3221 Ἐνέτυχόν
2483 3167 2589 3202 τινι
2633 3148 2743 3202 τῶν
2775 3144 3078 3201 Δατινικῶν
3122 3141 3458 3196 διδασκάλων
3488 3140 3638 3209 ὑπὲρ

2065 3240 2242 3296 αὐτῶν
2270 3241 2555 3310 γράφοντι,
2601 3239 2682 3292 ὅτι
2726 3238 2788 3290 οὐ
2823 3235 2928 3305 χρὴ
2973 3234 3155 3302 λέγειν
3183 3233 3253 3286 ἐκ
3300 3230 3527 3298 Πατρός
3553 3229 3635 3284 δι’

2074 3335 2211 3391 Υίοῦ
2238 3335 2299 3388 τὸ
2329 3331 2555 3401 Πνεῦμα
2582 3331 2644 3384 τὸ
2681 3331 2835 3399 ἅγιον
2868 3327 3032 3399 (οὕτω
3067 3329 3176 3397 γὰρ
3228 3326 3320 3378 δύο
3365 3324 3434 3376 τὰ
3480 3324 3641 3376 αίτια

2067 3425 2161 3479 καὶ
2195 3423 2525 3492 διαφέροντα
2549 3421 2723 3474 ἔσται·
2754 3419 2816 3473 sb
2847 3419 2946 3487 μὲν
2980 3417 3289 3485 ἐγγύτερον,
3327 3413 3385 3466 τὸ
3405 3412 3460 3465 δὲ
3494 3412 3637 3482 nop-

2067 3513 2348 3583 ρώτερον),
2399 3512 2512 3566 ἀλλ’
2543 3511 2612 3566 ἐκ
2651 3509 2880 3577 Πατρός
2915 3507 3012 3562 καί
3045 3506 3201 3570 Υίοῦ,
3243 3504 3492 3572 καθάπερ
3538 3498 3640 3554 οὖν

2065 3605 2162 3660 καὶ
2198 3607 2257 3656 ὲν
2283 3603 2360 3673 τῷ
2390 3602 2642 3672 συμϐόλῳ
2673 3600 3074 3670 προστέθειται,
3102 3598 3190 3650 ἵνα
3217 3597 3292 3658 ὡς
3323 3595 3382 3648 ἓν
3411 3595 3581 3646 αῐτιον
3607 3594 3641 3645 ὁ

2067 3697 2254 3767 Πατὴρ
2285 3697 2381 3749 καὶ⁵
2411 3697 2439 3748 ὀ
2469 3694 2595 3756 Υἱὸς
2616 3694 2802 3762 νοῆται
2831 3690 2911 3762 (4)
2947 3689 3044 3744 τοῦ
3089 3689 3247 3755 ἁγίου
3296 3686 3638 3753 Πνεῦματος.

2069 3791 2131 3843 EI
2176 3788 2269 3842 οὖν
2299 3785 2470 3848 οὕτως
2509 3784 2646 3854 ἔχει,
2673 3783 2922 3852 καθάπερ
2953 3783 3156 3843 ἐκεῖνός
3197 3795 3382 3848 φησιν,
3417 3777 3640 3846 πρῶτον

2071 3880 2170 3949 μὲν
2207 3878 2391 3940 αὐτοῖς
2419 3875 2670 3930 διέπεσεν
2707 3876 2741 3944 ἠ
2785 3867 3194 3941 σπουδαζομένη
3225 3870 3384 3940 δῆθεν
3410 3885 3643 3938 συμφωο

2067 3971 2157 4024 νία
2205 3968 2342 4038 πρὸς
2378 3967 2505 4028 τοὺς
2540 3964 2668 4033 παρ’
2713 3965 2846 4032 ἡμῖν
2891 3962 3264 4023 διδασκάλους,
3305 3963 3400 4012 καὶ
3448 3957 3640 4010 οὐκέτι

2066 4061 2250 4114 λοιπὸν
2273 4061 2336 4112 ὲκ
2366 4055 2461 4111 τοῦ
2490 4055 2566 4110 δι’
2596 4055 2732 4110 Υιοῦ
2776 4054 2837 4106 sb
2885 4053 3149 4122 προσεχὲς
3183 4052 3358 4105 αῐτιον
3391 4049 3639 4118 νοητέον,

2067 4150 2188 4204 οὐδὲ
2216 4149 2313 4220 τὴν
2347 4147 2445 4202 διὰ
2476 4147 2712 4217 ληπτέον
2749 4142 2870 4199 ἀντὶ
2903 4143 3000 4212 τῆς
3033 4144 3123 4208 ἐκ,
3157 4141 3232 4205 ὥς
3261 4157 3403 4203 τινες
3430 4140 3539 4192 τῶν
3573 4138 3642 4205 ἐξ

2069 4243 2226 4312 ἡμῶν
2260 4238 2601 4293 ἐκπεσόντων
2629 4235 2923 4306 ἒλήρησαν.
2960 4234 3193 4288 Ἔπειτα
3232 4233 3326 4285 καὶ
3363 4229 3556 4291 οὕτως,
3585 4230 3643 4284 εί

2065 4331 2456 4402 διακεκριμένα
2506 4330 2775 4398 πρόσωπα
2819 4325 2880 4379 sb
2931 4326 3153 4394 Πνεῦμα
3197 4326 3259 4378 τὸ
3301 4324 3456 4390 ἅγιον
3505 4338 3643 4391 προ-

399 4423 668 4494 Spiritum
692 4423 1026 4494 producunt,
1059 4431 1114 4476 et
1151 4422 1322 4477 altera
1355 4421 1574 4492 quidem
1605 4437 1636 4477 a
1668 4422 1958 4493 semetipsa

2068 4427 2262 4493 ἀγουσι
2292 4423 2392 4493 (5),
2419 4422 2513 4476 καὶ
2545 4423 2605 4474 τὸ
2647 4420 2745 4489 μὲν
2775 4420 2905 4486 παρ’
2936 4417 3126 4471 ἑαυτοῦ
3160 4416 3302 4470 τοῦτ’
3332 4417 3463 4484 ἔχει,
3505 4415 3565 4466 τὸ
3591 4415 3640 4466 δ’

396 4519 502 4573 hoc
539 4518 725 4581 habet,
746 4517 917 4572 altera
941 4531 1072 4572 vero
1097 4533 1166 4572 ex
1187 4516 1356 4571 altera
1393 4517 1496 4570 boc
1519 4524 1677 4571 nacta
1705 4524 1810 4581 est,
1850 4517 1958 4572 duo

2066 4483 2128 4567 ἐκ
2155 4513 2248 4566 τοῦ
2294 4483 2480 4581 ἕτερον
2523 4483 2713 4572 λαδδν,
2748 4483 3101 4570 δύο-πάντως
3149 4507 3298 4560 αίτια
3345 4503 3641 4557 κάντεῦθεν

397 4605 624 4663 omnino
676 4607 950 4677 principia
990 4606 1189 4662 exinde
1244 4615 1447 4673 erunt;
1499 4616 1661 4676 atque
1701 4621 1826 4662 cum
1883 4608 1956 4662 ita

399 4698 843 4768 praepositionem
907 4716 998 4770 per
1054 4698 1399 4764 perdiderint
1455 4713 1553 4768 per
1599 4699 1954 4766 semetipsos,

397 4803 578 4858 neque
615 4789 753 4845 duas
780 4803 970 4846 causas
988 4787 1292 4858 eﬂ‘ugerunt
1318 4777 1422 4840 hoc
1444 4795 1641 4856 pacto;
1669 4786 1777 4840 imo
1798 4784 1962 4840 etiam

395 4895 556 4936 suum
593 4881 854 4951 placitum
883 4880 1171 4935 dissonans
1212 4885 1268 4931 et
1320 4892 1445 4933 cum
1496 4877 1674 4946 seipso
1717 4891 1965 4947 pugnans

2063 4607 2233 4666 ἔσται,
2269 4605 2366 4657 καὶ
2393 4603 2489 4668 τὴν
2514 4600 2612 4653 διὰ
2637 4598 2768 4668 παρ’
2801 4598 3010 4653 ἑαυτῶν
3039 4597 3398 4656 ἀπολέσαντες
3424 4594 3518 4654 τὰς
3542 4594 3640 4646 δύο

2063 4695 2236 4765 ἀρχὰς
2275 4693 2386 4746 οὐδ’
2407 4691 2579 4754 οὕτως
2607 4689 2888 4758 ἐξέφυγονο
2921 4688 3058 4741 ἀλλὰ
3088 4690 3184 4741 καὶ
3211 4687 3271 4738 τὸ
3304 4684 3398 4738 τοῦ
3429 4685 3641 4751 δόγμα-

2069 4805 2159 4850 τος
2194 4784 2371 4839 αὐτῶν
2398 4783 2726 4852 ἀσύμφωνον
2749 4781 2840 4833 καὶ
2869 4779 3004 4852 πρὸς
3031 4779 3188 4833 ἑαυτὸ
3212 4778 3516 4848 μαχόμενον
3543 4777 3640 4828 καὶ

2070 4872 2406 4943 πανταχόθεν
2430 4870 2730 4924 ἀσύστατον
2763 4867 2993 4933 ἔδειξαν.

395 4989 560 5046 atque
588 4979 742 5035 omni
781 4994 849 5036 ex
892 4987 1048 5049 parte
1089 4977 1433 5032 iucoherens
1480 4981 1538 5028 et
1586 4973 1956 5032 insubsistens
1988 4971 2456 5028 demonstrarunt.

360 5147 363 5150 .
465 5094 544 5164 (I)
575 5095 719 5164 Mon.
756 5093 1228 5164 προσμαρτυρεῖν.

464 5163 542 5232 (2)
578 5163 725 5219 Mon.
752 5163 1022 5234 ὑπάρχει.

465 5229 542 5303 (3)
575 5235 706 5290 Vide
749 5229 935 5303 Basilii
965 5231 1190 5303 eadem
1213 5229 1378 5303 verba
1432 5231 1610 5303 citata
1637 5244 1722 5283 ex.
1757 5245 1848 5296 ep.
1869 5231 1959 5303 _ad

393 5299 688 5362 cananicas
723 5301 869 5374 apud
912 5301 1078 5357 Allat.
1131 5299 1293 5354 Vind.
1343 5314 1463 5372 syn.
1514 5299 1737 5368 Ephes..
1769 5315 1820 5354 c.
1867 5301 1958 5365 36,

466 5419 547 5481 la)
580 5417 739 5473 Haud
765 5415 1098 5486 paucierant
1128 5411 1329 5486 Latini,
1364 5409 1460 5480 qui
1490 5410 1557 5486 de
1583 5410 1965 5486 .dictionenper

397 5488 594 5542 Filium
619 5481 816 5542 durius
841 5485 1169 5554 judicare_nt.
1216 5483 1335 5554 .Iam
1371 5482 1584 5554 saeculo
1611 5481 1963 5554 octavolibri

394 5556 635 5614 Carolini
682 5571 766 5617 lu.
813 5549 873 5623 5⁷,
937 5555 1006 5623 in,
1066 5551 1291 5623 Tarasio
1359 5549 1964 5623 Constantinopolitano

397 5627 614 5690 (Mansi,
648 5637 688 5680 ι.
718 5617 1140 5694 χηίρζυει),
1175 5618 1754 5694 vitup‘erarunttquod
1784 5617 1967 5694 _Spiri-

397 5706 511 5750 tum
529 5689 608 5748 ex?
626 5695 782 5748 Patre
799 5689 892 5763 per
915 5689 1110 5746 Filium
1145 5689 1439 5763 prgcedere
1473 5689 1761 5763 confessus
1781 5689 1964 5752 fuerit,

397 5772 454 5823 et
490 5776 601 5820 non
625 5758 824 5820 dixerit
847 5775 1064 5832 quoque
1093 5758 1159 5814 es
1186 5758 1350 5814 Filio.
1378 5760 1496 5814 Non
1519 5758 1787 5812 absimilis
1810 5772 1964 5811 uror-

2070 5103 2128 5158 p.
2169 5085 2293 5158 172,
2327 5084 2717 5158 ἣξει-,ευριπ
2747 5081 3131 5158 a_Bessarione
3161 5077 3217 5132 in
3257 5077 3385 5140 ﬁne,
3413 5091 3530 5146 cap.
3576 5079 3630 5144 3,

2143 5155 2220 5221 (ι)
2249 5155 2391 5207 Mon.
2415 5151 2452 5205 ί.
2473 5151 2579 5205 254
2614 5153 2670 5212 b.
2697 5153 2920 5204 νοεῖται.

2145 5225 2224 5295 (5)
2262 5223 2501 5295 Verbum
2534 5220 2834 5295 προάγουσι
2868 5217 3278 5295 supplevimus;
3321 5215 3377 5269 in
3423 5216 3636 5270 Monac.

2071 5287 2262 5350 codice
2287 5301 2438 5346 certe
2463 5287 2614 5345 deest
2651 5302 2704 5345 et
2734 5289 2931 5343 lacuna
2959 5287 3244 5342 evidenter
3274 5296 3518 5355 apparet.

2063 5423 2158 5464 sus
2203 5416 2354 5473 sunt,
2383 5421 2504 5475 qua:
2548 5407 2704 5472 Hugo
2734 5401 3278 5475 Etherianuscontra
3312 5399 3631 5475 Graecinum

2063 5469 2415 5546 opposita,'l.'
2443 5489 2504 5540 ll,
2533 5491 2584 5530 c.
2619 5469 2677 5546 9'.
2707 5474 2937 5546 scribit:
2969 5470 3192 5546 Latinus
3218 5470 3267 5521 ei
3286 5469 3516 5546 quidem.
3541 5471 3636 5535 qui

2064 5535 2250 5616 a'sserit
2281 5535 2538 5614 Spiritum
2567 5543 2933 5616 exsistentiam
2980 5541 3171 5593 habere
3206 5553 3269 5616 ea:
3302 5535 3442 5616 Filio
3477 5546 3635 5616 ut_e_s

2063 5614 2250 5676 Patre,
2296 5603 2588 5677 consentit;
2622 5613 2876 5666 dicentem
2911 5623 3069 5662 vero:
3119 5623 3182 5660 ex
3216 5607 3376 5661 Patre
3406 5621 3500 5674 per
3531 5603 3634 5658 Fi-

2066 5685 2216 5752 lium,
2245 5694 2294 5738 et
2321 5699 2422 5738 non
2462 5681 2934 5751 subintelligentem
2965 5694 2983 5732 :
3010 5693 3072 5731 ex
3097 5677 3250 5741 Filio,
3283 5689 3634 5746 aspernatur.
