3966 6218
339 365 446 426 ΞΗ

900 477 1035 529 ΤΟΥ
1073 475 1375 530 ΝΙΚΑΙΑΣ.

418 595 480 646 Ol
511 593 611 664 μὲν
641 593 878 658 Λατῖνοι,
911 593 986 656 ώς
1017 595 1110 646 καὶ
1131 595 1190 645 ἐν
1220 593 1397 656 ἄλλοις
1428 595 1559 664 ήμτν
1584 597 1917 669 πλατύτερον

343 685 588 753 εἴρηται,
619 683 758 754 πρὸς
780 684 878 751 τὴν
918 683 1135 752 ἰσότητά
1160 700 1220 735 τε
1255 683 1348 735 καὶ
1374 684 1685 754 ὁμοιότητα,
1719 686 1916 754 μᾶλλον

339 774 402 826 δὲ
439 775 744 843 ταυτότητα
787 774 888 841 τῆς
930 774 996 826 ὲκ
1046 774 1257 844 Πατρὸς
1315 775 1409 828 καὶ
1443 774 1572 828 Υίοῦ
1619 775 1714 828 τοῦ
1758 777 1915 844 ἁγίου

341 848 664 932 Πνεύματος
711 865 982 934 προϐολῆς
1031 867 1344 935 ἀφορῶντες
1394 867 1494 937 τὴν
1541 867 1608 921 ἐκ
1662 868 1916 936 πρόθεσιν

344 958 550 1026 μᾶλλον
577 957 675 1026 τῆς
705 956 804 1010 διὰ
832 956 1241 1025 δοκιμάζουσιν,
1270 959 1484 1027 ἐκείνην
1512 957 1822 1026 φεύγοντες,
1853 959 1914 1012 οὐ

339 1049 433 1101 διὰ
480 1050 540 1101 τὸ
587 1049 684 1102 δύο
715 1049 892 1120 ἀρχὰς
938 1049 1198 1116 εἰσάγειν,
1244 1050 1319 1112 ώς
1353 1051 1479 1121 φῂς,
1511 1049 1646 1102 ἀλλὰ
1690 1049 1776 1102 διὰ
1817 1051 1916 1120 τὴν

339 1138 591 1190 ἀτέλειαν
635 1140 731 1192 καὶ
778 1137 838 1190 τδ
884 1138 1182 1207 ὀργανικήν
1230 1155 1351 1190 τινα
1384 1137 1672 1206 σημαίνειν
1705 1137 1910 1192 αἰτίαν.

337 1228 463 1280 Εἰσὶ
510 1227 692 1296 μέντοι
740 1243 804 1293 γε
849 1225 897 1278 οἶ
928 1227 1023 1279 καὶ
1071 1226 1207 1295 αὐτῇ
1251 1225 1510 1293 χρῶνται,
1563 1226 1914 1280 σπανιώτατα

340 1319 551 1386 μέντοιο
577 1319 672 1371 καὶ
695 1317 906 1385 μάρτυς
939 1319 967 1368 ὁ
1000 1317 1176 1386 μέγας
1207 1315 1431 1384 Ἰλάριος
1467 1315 1825 1385 ἀρχαιότατός
1852 1334 1914 1369 τε

337 1408 438 1460 καὶ
467 1407 782 1475 σοφώτατος
809 1406 920 1458 τῶν
964 1405 1272 1460 Λατινικῶν
1309 1405 1648 1459 διδασκάλων
1679 1411 1772 1462 καὶ
1806 1408 1914 1460 Πα-

334 1499 520 1568 τέρων
548 1497 862 1566 γενόμενος.
898 1497 1124 1568 Γραῖκο“ι
1153 1497 1209 1550 δὲ
1243 1498 1335 1550 καὶ
1369 1493 1621 1564 Γραῖκῶν
1649 1498 1698 1549 oi
1735 1497 1912 1550 Πατέ-

339 1605 438 1658 ρες
466 1606 524 1641 τε
555 1589 646 1640 καὶ
677 1587 980 1640 διδάσκαλοι
1001 1586 1102 1655 τὴν
1130 1587 1266 1656 πρὸς
1292 1587 1384 1642 τὸν
1411 1588 1630 1656 Πατέρα
1659 1587 1753 1641 τοῦ
1779 1587 1910 1640 Υῐοῦ

337 1679 530 1748 σχέσιν
577 1680 669 1732 καὶ
698 1679 849 1741 τάξιν
891 1679 986 1732 καὶ
1028 1678 1091 1731 τὸ
1130 1679 1341 1732 ἐκεῖθεν
1370 1678 1531 1732 αὑτὸν
1564 1679 1741 1733 πάντα
1766 1679 1913 1750 ἔχειν

1395 368 1836 429 REFUTATIO
1875 371 2121 432 MARCI
2165 374 2559 441 EPHESINI.

1945 484 1993 540 Δ

3481 378 3585 440 ριξ

2667 491 2945 549 ΝΙΟᾹῘΝΙ.

2090 601 2266 658 Latini
2320 605 2564 674 quidem,
2615 615 2673 661 ut
2720 606 2903 660 alibia
2953 606 3111 660 nobis
3153 605 3326 660 fusius
3377 605 3583 660 dictum

2016 703 2099 748 est
2119 694 2216 759 (a),
2237 697 2301 748 ad
2331 699 2696 767 aequalitatem
2715 711 2771 753 et
2796 699 3234 760 similitudinem,
3268 699 3377 751 imo
3401 699 3582 766 p0tius

2017 785 2356 842 identitatem
2413 790 2732 858 spirationis
2759 790 2998 858 Spiritus
3028 789 3203 844 sancti
3233 801 3298 843 ex
3331 789 3491 843 Patre
3528 798 3583 844 et

2016 876 2154 932 Filio
2182 881 2538 948 respicientes
2569 883 3008 951 przepositionem
3043 897 3106 934 ea:
3132 883 3300 948 magis
3327 881 3580 949 probant,

2016 985 2177 1038 quam
2226 975 2662 1041 prarpositionem
2706 991 2822 1046 per,
2881 980 3124 1043 hancque
3169 976 3424 1044 fugiunt,
3469 989 3578 1028 non

2015 1063 2170 1130 quasi
2208 1062 2333 1118 inde
2366 1065 2474 1118 duo
2509 1065 2901 1120 inducerentur
2931 1066 3221 1136 principia,
3255 1075 3313 1119 ut
3346 1082 3448 1128 ais.
3484 1065 3578 1119 sed

2015 1164 2240 1223 prepter
2264 1156 2730 1224 imperfectionem
2760 1166 2815 1211 et
2844 1158 2972 1227 quia
3009 1158 3316 1226 organicam
3349 1159 3580 1224 (instru-

2016 1249 2330 1317 mentalem)
2352 1249 2644 1317 quamdam
2669 1264 2890 1303 causam
2914 1249 3204 1317 significat.
3229 1247 3370 1302 Sunt
3398 1255 3580 1301 tamen

2013 1348 2069 1392 et
2117 1355 2184 1393 ex
2233 1339 2300 1394 iis
2340 1338 2432 1409 qui
2494 1341 2594 1393 ista
2647 1347 2895 1403 utuntur,
2931 1339 3210 1392 rarissime
3264 1347 3479 1402 tamen;
3525 1346 3581 1391 et

2016 1427 2166 1479 testis
2211 1437 2295 1478 est
2317 1440 2546 1496 magnus
2584 1426 2841 1489 Hilarius,
2874 1427 2964 1495 qui
3000 1436 3055 1480 et
3091 1427 3498 1480 vetustissimus
3523 1437 3579 1480 et

2013 1513 2452 1584 sapientissimus
2491 1516 2632 1570 inter
2688 1515 2910 1570 Latinos
2959 1515 3214 1570 doctores
3273 1514 3578 1583 Patresque

2015 1605 2116 1659 fuit
2170 1606 2267 1676 (b).
2309 1606 2479 1661 Graeci
2547 1623 2679 1661 vero
2731 1617 2895 1676 atque
2927 1606 3238 1662 Graecorum
3283 1605 3475 1660 Patres
3524 1611 3581 1658 et

2013 1695 2264 1751 doctores
2303 1697 2425 1751 Filii
2449 1696 2515 1751 ad
2550 1699 2766 1753 Patrem
2815 1697 3196 1752 habitudinem
3226 1705 3282 1750 et
3325 1696 3577 1750 ordinem

333 1767 536 1837 δηλοῦν
567 1770 698 1839 περὶ
730 1770 977 1832 πλείονος
1002 1769 1366 1837 ποιησάμενοι
1391 1771 1458 1840 τῇ
1488 1768 1586 1822 διὰ
1622 1769 1697 1832 ὡς
1730 1769 1823 1823 ἐπὶ
1852 1769 1902 1822 τὲ

2012 1797 2175 1855 atque
2201 1789 2346 1856 quod
2379 1804 2408 1842 α
2438 1791 2596 1845 Patre
2618 1791 2801 1844 omnia
2843 1789 3007 1843 habet
3047 1789 3327 1844 declarare
3356 1786 3581 1854 majoris

336 1859 592 1913 πλεῖστον
618 1859 881 1930 χρῶνται,
911 1860 1020 1913 οὐδ⁹
1043 1859 1197 1912 αὐτοὶ
1227 1860 1375 1929 ὅμως
1401 1859 1680 1922 παντελῶς
1707 1860 1806 1931 τὴν
1835 1861 1905 1915 ἐκ

337 1951 705 2020 ὲξορίσαντες.
755 1951 867 2004 Καὶ
921 1951 1158 2021 παρίημι
1205 1952 1552 2020 παραγαγεῖν
1604 1953 1908 2023 μαρτυρίας

329 2041 412 2103 ὡς
448 2043 583 2095 πᾶσι
616 2043 950 2113 γνωρίμους.
985 2043 1150 2095 Ὅθεν
1179 2043 1402 2105 εἰκότως
1429 2043 1539 2095 τῶν
1577 2043 1827 2113 Γραῖκῶν
1855 2045 1905 2098 οί

331 2132 477 2203 πρὸς
518 2134 619 2202 τὴν
672 2132 932 2204 ἀλήθειαν
963 2133 1349 2196 ἀποκλίναντες
1381 2133 1457 2195 ώς
1499 2135 1815 2204 Χριστιανοί
1845 2151 1906 2188 τι

333 2225 435 2277 καὶ
465 2224 811 2295 εὐγνώμονες
843 2225 969 2288 τοὺς
1007 2223 1363 2288 διδασκάλους
1406 2225 1652 2292 ἀλλήλοις
1682 2243 1907 2295 συμφω-

329 2314 562 2378 νοῦντας
611 2315 921 2385 δείκνυμεν·
951 2315 1028 2378 ὡς
1071 2314 1227 2369 τοῦτο
1279 2315 1702 2383 ἀναγκαιότατον
1749 2315 1808 2369 ὃν
1838 2318 1900 2386 τῇ

330 2410 522 2461 πίστει
569 2408 663 2461 καὶ
693 2407 752 2461 οὗ
798 2407 926 2462 ἄνευ
966 2409 1142 2461 πᾶσαν
1193 2409 1260 2462 ἂν
1289 2408 1444 2478 ἡμῶν
1494 2407 1592 2479 τὴν
1623 2389 1904 2462 εὑσέδεῖαν

327 2497 650 2568 οἰχομένην·
683 2499 777 2552 καὶ
817 2497 916 2567 τὴν
945 2496 1046 2570 διὰ
1089 2499 1154 2567 τῇ
1185 2498 1253 2550 ἐκ
1285 2496 1481 2551 ταυτὸν
1528 2498 1706 2566 φαμὲν
1746 2497 1906 2550 δύνα-

330 2589 463 2642 σθαι
495 2589 586 2641 ἐπὶ
623 2589 716 2642 τοῦ
748 2589 1134 2658 προκειμένου,
1167 2589 1260 2642 καὶ
1289 2589 1383 2642 τὸν
1416 2589 1588 2657 μέγαν
1623 2587 1902 2641 Βασίλειον

328 2679 554 2749 ἔχοντες
582 2679 739 2733 τοῦτο
768 2679 1111 2749 βουλόμενον,
1137 2679 1212 2742 ώς
1242 2681 1300 2734 ὲν
1336 2681 1447 2741 τοῖς
1475 2679 1734 2748 ἀνωτέρω
1767 2678 1902 2731 ἐδεί-

329 2771 530 2840 ξαμεν.
558 2771 693 2826 om
718 2774 903 2826 καινὸν
930 2771 1106 2837 οὐδὲν,
1137 2773 1186 2825 εί
1219 2771 1440 2825 Λατῖνοι
1473 2769 1572 2841 μὲν
1611 2771 1748 2842 πρὸς
1775 2770 1901 2823 ἄλλο

326 2857 625 2928 βλέποντες
654 2860 782 2914 ἄλλο
814 2861 965 2930 φασὶ,
1000 2859 1110 2913 τῶν
1144 2861 1392 2932 Γραῑκῶν
1435 2863 1481 2915 δ’
1503 2862 1554 2915 οἱ
1597 2862 1900 2915 διδάσκαλοι

327 2953 516 3008 ἄλλων
545 2954 722 3008 εἵνεκα
748 2955 925 3023 λόγων
962 2955 1145 3024 ἕτερα,
1179 2955 1254 3025 μὴ
1284 2957 1465 3024 μέντοι
1496 2956 1733 3024 ἐναντία,
1763 2955 1898 3009 ἀλλὰ

329 3047 478 3116 πρὶς
504 3045 564 3098 τὸ
591 3047 722 3099 αὐτὸ
751 3048 1122 3118 συμπέρασμα
1150 3047 1383 3117 φέροντα
1416 3048 1601 3116 ἄμφω.
1633 3049 1699 3101 Ἃ
1723 3047 1900 3110 καλῶς

2009 1878 2271 1933 facientes
2312 1881 2698 1949 praepositione
2731 1896 2824 1950 per
2877 1889 2935 1935 ut
2983 1880 3280 1949 plurimum
3326 1887 3578 1944 utuntur,

2009 1985 2187 2039 neque
2217 1980 2396 2025 tamen
2439 1972 2537 2041 ipsi
2572 1972 3010 2038 prmpositionem
3057 1987 3120 2024 ex
3144 1970 3370 2023 omnino
3391 1969 3580 2023 exclu-

2007 2061 2164 2116 dunt.
2206 2061 2412 2118 Omitto
2447 2064 2762 2118 testimonia
2796 2064 3100 2133 producere
3142 2072 3328 2132 utpote
3357 2061 3577 2116 cunctis

2007 2163 2135 2208 nota
2170 2153 2260 2223 (c).
2296 2154 2665 2221 Quamobrem
2713 2155 2911 2210 merito
2961 2155 2996 2208 ii
3036 2154 3351 2209 Graecorum
3390 2151 3483 2221 qui
3508 2151 3578 2205 ad

2005 2246 2292 2300 veritatem
2323 2239 2692 2310 transivimus,
2721 2245 3096 2300 utChristiani
3130 2253 3184 2297 et
3214 2242 3577 2311 intelligentia

2007 2337 2219 2406 ρεσεόίιὶ
2270 2336 2520 2392 doctores
2567 2336 2668 2390 sibi
2718 2336 2950 2389 invicem
2995 2333 3294 2389 concordes
3333 2332 3578 2386 ostendi-

2006 2442 2149 2490 mus,
2178 2434 2368 2496 utpote
2412 2425 2556 2495 quod
2590 2425 2824 2478 maxime
2856 2422 3228 2476 necessarium
3261 2422 3332 2475 sit
3355 2421 3478 2474 fidei
3517 2427 3575 2473 et

2003 2533 2114 2588 quo
2142 2517 2398 2587 adempto
2433 2518 2614 2584 omnis,
2640 2525 2824 2570 nostra
2856 2515 3048 2584 religio
3078 2522 3319 2569 corruat.
3353 2513 3414 2566 Et
3435 2527 3575 2583 prae-

2004 2611 2326 2680 positionem
2345 2626 2438 2680 per
2465 2608 2606 2663 idem
2635 2608 2816 2662 valere
2849 2607 3086 2662 dicimus
3123 2622 3186 2661 ac
3231 2604 3572 2674 praepositio-

2003 2718 2126 2757 nem
2163 2718 2227 2755 ex
2249 2701 2304 2756 in
2344 2701 2620 2770 prOposita
2652 2700 2904 2762 materia,
2933 2700 3100 2754 etiam
3133 2711 3389 2766 magnum
3424 2694 3572 2748 Basi-

2001 2795 2135 2850 lium
2187 2794 2452 2848 habentes
2500 2791 2574 2846 id'
2607 2791 2913 2855 docentem,
2972 2799 3032 2843 ut
3080 2789 3134 2842 in
3192 2786 3573 2857 superioribus

2001 2887 2496 2941 demonstravimus
2519 2884 2618 2952 (ά).
2652 2881 2842 2951 Neque
2879 2896 3080 2934 novum
3119 2881 3230 2934 ullo
3260 2880 3422 2934 modo
3463 2887 3570 2945 est,

2002 2978 2045 3031 si
2073 2977 2250 3031 Latini
2276 2976 2342 3030 ad
2375 2976 2522 3030 aliud
2554 2974 2910 3044 respicientes
2934 2974 3082 3027 aliud
3119 2973 3331 3038 dicunt,
3355 2971 3568 3026 Graeco-

2001 3082 2122 3121 rum
2157 3082 2286 3122 vero
2324 3067 2596 3129 doctores,
2621 3065 2852 3118 aliarum
2885 3063 3157 3117 rationum
3205 3065 3398 3132 gratia,
3437 3061 3567 3126 alia,

331 3137 620 3200 ⁴ποιοῦντες
636 3138 685 3190 oi
713 3139 776 3190 ἐκ
799 3136 888 3190 σοῦ
915 3137 1138 3191 καὶτῶν
1165 3139 1249 3190 σοι
1272 3139 1472 3208 ὁμοίως
1502 3139 1902 3207 ὲσκοτισμένων

2007 3174 2114 3213 non
2152 3167 2330 3212 tamen
2363 3157 2657 3218 contraria,
2679 3155 2771 3208 sed
2801 3155 2866 3208 ad
2891 3155 3138 3210 eamdem
3159 3139 3566 3209 conclusionem

330 3229 586 3297 εὐτυχῶς
632 3229 976 3291 ἐκπεσόντες,
1018 3228 1217 3295 μᾶλλον
1261 3229 1316 3281 δὲ
1365 3229 1694 3293 ἀναστάντες
1740 3233 1794 3300 (ἡ
1838 3233 1900 3284 ὲκ

323 3319 433 3374 τοῦ
486 3321 710 3384 σκότους
766 3321 872 3390 γὰρ
923 3320 1161 3374 καὶ-τοῦ
1207 3320 1438 3390 ψεύδους
1464 3323 1734 3386 ἔκπτωσις
1763 3324 1900 3393 πρὸς

321 3416 436 3486 τὴν
459 3416 717 3486 ἀλήθειαν
752 3421 843 3471 καὶ
875 3419 936 3471 τὸ
981 3418 1095 3486 φῶς
1138 3420 1285 3472 ἐστιν
1314 3420 1621 3484 ἀπόκλισις,
1644 3422 1736 3475 καὶ
1765 3422 1898 3475 ἀπό-

323 3508 524 3577 ϐλεψις
568 3511 664 3562 καὶ
704 3509 932 3580 εὐτυχὴς
989 3509 1157 3573 ὅντως
1203 3511 1543 3580 ἀνάστασιςγ
1578 3511 1762 3575 καλῶς
1807 3509 1899 3566 οὖν

323 3597 484 3652 οὗτοι
526 3615 589 3666 γε
617 3599 710 3652 καὶ
740 3598 978 3663 eaeeae;
1002 3597 1282 3662 ποιοῦντες
1318 3600 1680 3670 συμϐαίνοντα
1713 3619 1771 3654 τε
1807 3603 1899 3655 καὶ

322 3692 594 3762 ὁμόφωνα
621 3690 872 3761 ἀλλήλοις
902 3691 964 3744 ἐκ
993 3707 1052 3743 τε
1082 3690 1177 3744 τοῦ
1215 3691 1374 3759 λόγου
1403 3691 1589 3756 αὐτοῦ,
1625 3693 1686 3746 ἔκ
1715 3711 1772 3747 τε
1805 3693 1898 3747 τοῦ

322 3783 443 3836 τῶν
471 3783 642 3850 ἁγίων
670 3781 974 3849 ἀξιώματος
1001 3780 1313 3852 ὁρμώμενοι
1344 3777 1896 3840 ταῦτα’δεικνύουσιν.

325 3876 502 3929 Ὅθεν
542 3877 702 3946 ἡμεῖς
732 3873 834 3944 μὲν
879 3873 1006 3927 οὔτε
1051 3876 1152 3943 τὴν
1191 3874 1287 3928 διὰ
1319 3875 1412 3929 καὶ
1453 3876 1512 3928 τὸ
1542 3879 1679 3945 μετὰ
1708 3879 1805 3948 τῆς
1829 3879 1900 3932 ἐκ

319 3967 484 4022 ἔστιν
516 3969 598 4038 ἐφ’
622 3962 697 4023 ὧν
727 3968 1049 4038 ίσοδύναμον
1097 3967 1269 4035 αὐτῆς
1301 3968 1628 4038 άπόλλυμεν,
1661 3967 1786 4022 οὕτε
1821 3973 1901 4034 είς

316 4060 593 4129 δυαρχίαν
639 4061 996 4127 ὲκπίπτομεν.
1043 4059 1103 4111 El
1155 4060 1261 4127 γὰρ
1302 4060 1397 4113 καὶ
1440 4059 1532 4113 δύο
1576 4059 1840 4129 πρόσωπα
1871 4061 1900 4113 ό

324 4152 528 4217 Πατὴρ
556 4152 650 4203 καὶ
676 4152 703 4203 ό
731 4151 875 4215 Υἱὸς,
903 4150 1038 4204 ἀλλὰ
1066 4150 1126 4204 τὸ
1152 4151 1347 4204 είδικὺν
1373 4153 1564 4217 αίτιον,
1596 4153 1629 4223 ἡ
1663 4153 1782 4205 θεία
1812 4153 1901 4206 οὑ-

324 4243 428 4295 σὶα
474 4242 696 4310 δηλαδὴ,
730 4242 856 4293 καθ’
877 4242 943 4311 ῆν
977 4242 1106 4310 μίαν
1137 4243 1232 4295 καὶ
1259 4242 1359 4312 τὴν
1393 4241 1564 4311 αὐτὴν
1610 4245 1666 4295 ὲν
1714 4243 1898 4307 αὐτοῖς

319 4329 502 4385 οὖσαν
538 4331 705 4400 ἄμφω
741 4332 802 4384 τδ
850 4329 1072 4401 Πνεῦμα
1102 4331 1163 4384 τὸ
1193 4331 1347 4400 ἅγιον
1392 4333 1806 4402 προϐάλλουσιν,
1841 4334 1900 4386 ἐν

323 4423 431 4477 καὶ
466 4423 637 4476 ταυτδ
671 4422 909 4492 ἀριθμῷ,
947 4426 1042 4478 καὶ
1083 4422 1172 4477 διὰ
1210 4424 1370 4478 τοῦτο
1418 4425 1514 4493 μία
1553 4427 1702 4478 ἐστὶν
1731 4426 1894 4496 ἀρχὴ,
1931 4473 1974 4527 D

325 4517 524 4586 ὥσπερ
553 4517 647 4570 καὶ
676 4517 774 4586 τῆς
809 4516 1040 4579 κτίσεως
1075 4517 1107 4586 ή
1131 4515 1298 4585 Τριὰς
1324 4511 1460 4570 οὖσα
1489 4519 1659 4580 αίτία,
1685 4519 1745 4570 οὐ
1775 4519 1898 4588 τρία

321 4610 483 4675 ὅμως
507 4607 647 4658 είσὶν
677 4607 846 4672 αἴτια,
875 4606 1052 4659 καίτοι
1088 4607 1213 4677 τρία
1238 4607 1312 4677 τῷ
1347 4607 1564 4677 ἀριθμῷ
1601 4607 1756 4674 οὖσα,
1784 4611 1899 4663 ἀλλ’

321 4700 388 4751 ἓν
416 4714 477 4749 τε
503 4698 597 4751 καὶ⁵
628 4699 806 4768 πάντη
836 4699 894 4751 ἓν
928 4699 1015 4752 διὰ
1045 4697 1105 4751 τδ
1130 4697 1331 4760 ταυτόν
1361 4715 1420 4750 τε
1454 4699 1545 4751 καὶ
1573 4701 1768 4754 ὲνιαίον
1795 4701 1898 4770 τῆς

324 4787 478 4850 θείας
510 4789 781 4858 θελήσεως
812 4791 914 4860 (δεῖ
944 4791 1048 4859 γάρ
1093 4805 1160 4857 με
1199 4787 1461 4850 πολλάκις
1502 4789 1679 4842 ταυτὰ
1720 4789 1898 4856 λέγειν

321 4881 466 4950 πρὸς
503 4884 595 4934 τὸν
635 4883 724 4937 ἀεὶ
774 4882 842 4935 τά
881 4883 1017 4935 αὐτὰ
1050 4880 1504 4951 ἄνακυκλοῦντα).
1541 4879 1679 4934 Οὔτε
1712 4880 1768 4932 δὲ
1810 4881 1898 4933 διὰ

319 4973 488 5026 τοῦτο
530 4974 722 5044 ἕψεται
771 4972 980 5042 κτίσμα
1027 4969 1166 5026 εἶναι
1206 4973 1266 5026 τὸ
1298 4972 1544 5039 Πνεῦμα,
1573 4971 1650 5034 ὡς
1698 4969 1896 5034 είωθας

325 5065 637 5134 ἄπιτέρειν,
682 5067 777 5119 καὶ
804 5067 852 5118 οί
881 5067 1028 5132 λόγοι
1068 5065 1334 5134 εἴρηνται,
1378 5061 1503 5115 οὕτε
1532 5064 1626 5116 καὶ
1666 5061 1697 5132 ἢ
1735 5061 1898 5115 ἑαυτὸ

323 5156 654 5224 προϐάλλειν
684 5158 743 5209 τὸ
783 5156 1032 5226 Πνεῦμα,
1065 5156 1098 5226 ἢ
1131 5155 1296 5223 ἄλλης
1343 5154 1558 5222 φύσεως
1589 5149 1750 5210 εῖναι.
1787 5153 1895 5206 Καὶ

321 5247 550 5307 τούτους
575 5247 683 5314 γὰρ
708 5247 834 5309 τοὺς
859 5246 1106 5310 ἀσθενεῖς
1127 5247 1397 5313 ὲλῠσαμεν
1425 5245 1638 5313 λόγους
1670 5245 1764 5296 καὶ
1786 5243 1895 5314 γὰρ

321 5339 419 5390 καὶ
449 5338 478 5390 ό
508 5338 634 5400 Υἱὸς
664 5341 728 5391 ὲκ
766 5339 981 5408 Πατρὸς
1035 5340 1176 5392 κατὰ
1220 5337 1318 5408 τὴν
1363 5337 1512 5390 Θείαν
1541 5336 1729 5390 οὐσίαν
1763 5352 1892 5405 γενο

395 5497 634 5565 (a)\'ide
680 5497 1014 5552 Bessarionis
1045 5495 1198 5552 Orat.
1227 5495 1414 5565 dogm.
1463 5493 1531 5548 de
1579 5493 1785 5549 unione
1833 5495 1890 5550 in

320 5581 476 5636 conc.
514 5566 781 5628 Florent.,
806 5582 927 5636 cap.
962 5567 994 5619 5
1023 5581 1140 5635 seq.

392 5635 465 5706 (ὁ)
503 5637 759 5706 Hilarius,
815 5631 888 5690 de
924 5631 1131 5706 rTrinit'.
1165 5651 1260 5698 xit,
1308 5633 1406 5696 56,
1444 5631 1793 5706 57Lformula
1826 5650 1890 5688 ea:

326 5701 484 5758 Patre
512 5722 603 5774 per
634 5703 833 5758 Filium
858 5704 1183 5760 utiturJain
1213 5715 1338 5758 ante
1364 5719 1490 5774 eum
1520 5701 1888 5774 Tertullianus

327 5779 450 5826 aalv.
483 5771 644 5829 l‘rax.
698 5791 748 5827 c.
783 5775 835 5828 ί.
861 5783 918 5829 ct
950 5775 1303 5830 chatianus.
1337 5773 1390 5828 in
1426 5773 1568 5827 libro
1606 5771 1677 5827 De
1702 5773 1884 5827 Trini-

2002 3251 2329 3306 deducentia
2367 3257 2618 3317 utraque.
2646 3247 2775 3313 Qum
2811 3255 2956 3300 recte
2988 3254 3211 3315 agentes
3237 3245 3296 3306 ii,
3326 3244 3420 3313 qui
3451 3261 3480 3298 a
3514 3253 3566 3299 te

2001 3349 2056 3396 et
2095 3341 2164 3395 ab
2195 3341 2262 3394 iis
2301 3341 2394 3408 qui
2428 3339 2524 3393 tibi
2561 3337 2811 3392 similiter
2859 3337 3101 3390 tenebris
3154 3335 3382 3388 involuti
3416 3341 3564 3398 sunt,

2001 3433 2232 3488 feliciter
2279 3431 2616 3493 defecerunt,
2662 3443 2800 3498 quos
2841 3429 3022 3494 lapsos
3052 3426 3213 3488 dicis,
3260 3426 3352 3492 qui
3383 3434 3566 3480 autem

2001 3539 2191 3578 revera
2220 3528 2639 3577 resurrexerunt
2676 3519 2822 3588 (nam
2839 3517 3097 3573 'defectio
3129 3532 3159 3570 a
3186 3516 3426 3570 tenebris
3456 3526 3510 3568 et
3537 3530 3567 3568 a

2001 3611 2284 3665 mendacio
2316 3610 2380 3664 ad
2413 3609 2694 3664 veritatem
2734 3622 2799 3662 ac
2839 3607 3025 3660 lumen
3058 3604 3352 3659 declinatio
3386 3611 3470 3657 est
3513 3612 3570 3656 et

2003 3719 2189 3759 revera
2217 3703 2340 3756 felix
2366 3700 2741 3765 resurrectio),
2767 3708 2937 3762 recte,
2963 3697 3202 3766 inquam,
3224 3704 3445 3766 agentes
3477 3694 3567 3748 isti

2001 3811 2064 3850 ac
2106 3794 2356 3864 religiose
2383 3793 2646 3847 facientes
2673 3805 2914 3846 consona
2955 3796 3013 3845 et
3038 3786 3428 3844 concordantia
3462 3786 3566 3841 sibi

2002 3883 2233 3938 invicem
2289 3890 2403 3936 tum
2453 3897 2522 3935 ex
2554 3880 2765 3934 ratione
2808 3881 2950 3949 ipsa,
2976 3888 3088 3932 tum
3137 3893 3202 3932 ex
3251 3886 3566 3932 sanctorum

2001 3974 2326 4029 auctoritate
2379 3971 2633 4027 commoti
2674 3971 3074 4025 demonstrant.
3105 3969 3262 4024 Unde
3306 3983 3409 4022 nos
3441 3969 3569 4038 qui-

2001 4065 2124 4120 dem
2149 4079 2325 4134 neque
2349 4049 2787 4134 praepositionem
2825 4077 2917 4131 per
2960 4070 3016 4115 et
3049 4061 3169 4130 ejus
3201 4062 3254 4114 in
3288 4057 3571 4114 nonnullis

2001 4171 2124 4210 cum
2151 4155 2526 4226 praepositione
2559 4169 2621 4207 ea:
2647 4152 3106 4223 aquipnllentiam
3135 4150 3440 4220 perdimus,
3474 4165 3570 4204 ne-

2001 4262 2107 4317 que
2134 4247 2188 4300 in
2220 4247 2609 4318 principiorum
2639 4245 2955 4299 dualitatem
2991 4243 3300 4297 incidimus.
3331 4241 3390 4296 Si
3417 4243 3566 4296 enim

2001 4346 2054 4392 et
2077 4336 2198 4390 duae
2231 4351 2475 4404 persona:
2497 4346 2628 4390 sunt
2650 4336 2809 4388 Pater
2840 4343 2894 4387 et
2925 4333 3118 4397 Filius,
3136 4342 3374 4387 attamen
3402 4347 3568 4386 causa

2002 4427 2276 4498 speciﬁca,
2314 4427 2497 4481 divina
2522 4427 2774 4482 videlicet
2798 4427 3058 4488 essentia,
3078 4427 3376 4480 secundum
3401 4441 3565 4495 quam

2006 4532 2168 4571 unam
2190 4515 2544 4585 eamdemque
2571 4516 2620 4570 in
2651 4517 2784 4584 ipsis
2823 4516 3179 4570 exsistentem
3205 4516 3367 4570 ambo
3392 4516 3571 4585 Spiri-

2007 4616 2117 4662 tum
2145 4615 2391 4661 sanctum
2443 4606 2772 4676 producunt,
2811 4623 2916 4660 una
2961 4608 3318 4677 eamdemque
3353 4619 3435 4662 est
3467 4624 3569 4662 nu-

1954 4727 1958 4730 ν
2005 4712 2175 4759 mero.
2203 4697 2434 4766 ideoque
2467 4712 2636 4750 unum
2667 4697 2996 4766 principium
3019 4738 3035 4763 ,
3070 4698 3214 4751 sicut
3241 4700 3408 4752 etiam
3442 4709 3567 4752 cum

2005 4788 2244 4844 Trinitas
2305 4791 2376 4844 sit
2420 4803 2603 4843 rerum
2647 4799 2954 4843 creatarum
2997 4804 3183 4853 causa.
3230 4800 3411 4845 tamen
3459 4807 3568 4846 non

2007 4889 2120 4935 tres
2151 4895 2331 4936 causa:
2355 4887 2503 4946 sunt,
2535 4879 2663 4934 licet
2694 4881 2796 4934 tria
2848 4896 3079 4936 numero
3121 4882 3208 4936 illa
3253 4882 3346 4945 sit,
3377 4896 3566 4935 verum

2006 4988 2112 5026 una
2147 4981 2202 5026 et
2230 4974 2377 5029 omni
2408 4987 2474 5027 ex
2525 4983 2678 5042 parte
2718 4986 2824 5027 una
2863 4983 3087 5043 propter
3130 4972 3472 5028 identitatem
3516 4981 3572 5027 rt

2003 5065 2333 5133 singularem
2378 5064 2691 5119 unicitatem
2743 5064 3044 5119 voluntatis
3086 5064 3284 5118 divinae
3333 5064 3572 5133 (oportet

2002 5154 2148 5210 enim
2178 5169 2263 5208 me
2291 5155 2492 5225 saepius
2523 5155 2712 5210 eadem
2741 5154 2928 5209 dicere
2974 5157 3214 5219 adeum,
3244 5156 3339 5224 qui
3372 5155 3567 5210 eadem

2001 5261 2219 5316 semper
2263 5247 2503 5316 repetit).
2547 5247 2736 5316 Neque
2774 5261 2907 5300 vero
2938 5254 3224 5315 propterea
3279 5255 3563 5313 sequetur,

2001 5350 2306 5394 creaturam
2339 5353 2459 5394 esse
2494 5339 2781 5408 Spiritum,
2812 5347 2872 5392 ut
2905 5337 3106 5391 inferre
3127 5338 3290 5401 soles,
3315 5348 3372 5390 et
3402 5337 3568 5390 ratio-

1997 5501 2110 5547 ‘tate
2139 5506 2257 5544 eam
2291 5499 2636 5558 usurparent.

2073 5563 2142 5630 (cl
2168 5561 2397 5616 Certum
2429 5555 2531 5613 'est
2581 5558 2846 5630 Cyrillum
2887 5555 3314 5630 Alexandrinum
3351 5571 3566 5630 praepo-

2001 5627 2252 5686 sitionem
2284 5645 2347 5682 ea:
2379 5630 2432 5682 in
2469 5631 2569 5682 hac
2615 5627 2841 5682 materia
2886 5645 2994 5682 non
3027 5627 3194 5681 semel
3223 5627 3564 5681 adhibuisse.

1997 5703 2080 5756 Cf.
2114 5703 2276 5754 Allat.
2315 5700 2523 5752 Viudic.
2564 5715 2684 5768 syn.
2717 5698 2945 5767 Ephes.,
2979 5713 3031 5751 c.
3077 5696 3166 5762 54,
3212 5713 3266 5766 p.
3306 5697 3406 5751 165
3445 5713 3561 5766 σεί-

2071 5772 2146 5828 (di
2179 5768 2306 5822 Vide
2337 5783 2496 5834 supra
2521 5769 2586 5823 ad
2623 5782 2744 5835 cap.
2779 5768 2813 5821 2
2845 5769 2977 5836 (l9).
