3966 6218
313 350 420 412 Ξ45

1289 350 1672 412 APOLOGIA
1711 354 1795 414 IN
1801 351 2266 415 SCRIPTION-U
2276 353 2332 414 Μ
2363 353 2604 416 VECCI.

3457 355 3566 419 9-16

311 461 403 515 καὶ
445 456 750 528 ἐνεργείας,
795 456 892 511 καὶ
927 455 1200 528 θελήσεως
1237 460 1264 510 ὁ
1301 462 1512 533 Πατὴρ,
1542 465 1570 516 δ
1611 465 1760 530 Υίδς,
1795 464 1890 518 καὶ

2031 473 2177 537 ’ater,
2232 467 2439 534 Filius,
2487 478 2542 524 et
2591 467 2830 538 Spiritus
2895 477 3154 529 sanctus.
3198 465 3365 521 unius
3417 465 3572 535 ejus-

309 554 368 604 τὸ
400 549 624 618 Πνεῦμα
655 548 720 601 τὸ
745 548 926 616 ᾶγιον.
973 548 1032 602 '0
1058 548 1103 602 δ’
1129 549 1362 604 ἐνταῦθα
1386 555 1892 625 καταγραψάμενος

2031 564 2239 630 lemque
2298 572 2548 626 naturze,
2625 559 2918 630 potentiae.
2989 557 3364 628 Operationis,
3414 565 3579 624 atque

308 642 381 696 τὰ
429 643 543 694 τῶν
599 641 772 709 ἁγίων
821 641 984 712 ῥητὰ,
1040 647 1134 695 καὶ
1182 641 1356 706 οὕτως
1396 646 1736 715 ἐπιγράψας,
1794 649 1894 718 τὴν

2036 641 2296 710 oluntatis
2341 671 2462 710 esse
2507 658 2894 710 ostenduntur.
2945 653 3050 720 Qui
3091 662 3274 707 autem
3314 652 3408 705 hic
3453 665 3581 705 san-

309 733 575 802 διαφορὰν
606 733 795 796 κακῶς
822 733 918 786 καὶ
945 733 1226 798 δυσσεϐῶς
1275 737 1387 788 τῶν
1431 738 1594 792 θείων
1648 735 1890 794 ὑποστᾶ-

2001 757 2220 804 ctorum
2291 748 2441 802 dicta
2493 747 2821 817 descripsit,
2868 752 2925 799 et
2971 745 3107 799 tales
3156 743 3329 798 edidit
3381 742 3581 796 inseri.

314 840 450 876 σεων
491 823 763 892 ἐπιχειρεῖ
808 822 1086 877 δεικνύναι
1145 825 1234 878 διὰ
1295 823 1391 878 τοῦ
1457 828 1568 880 τῶν
1621 829 1890 882 τοιούτων

2031 840 2218 894 tiones
2251 855 2318 894 ex
2341 854 2409 894 eo
2436 838 2581 908 quod
2619 839 2704 893 ha:
2738 835 3156 908 praepositiones
3179 835 3324 888 idem
3356 835 3580 897 valent,

315 913 628 982 προθέσεων
687 914 1018 982 ίσοδυνάμου
1045 930 1060 945 ·
1105 917 1199 969 καὶ
1249 919 1330 970 ὅτι
1367 919 1431 972 ὲκ
1475 919 1585 972 τῶν
1631 921 1725 974 δύο
1764 923 1894 975 ὐπο-

320 1004 583 1066 στάσεων,
615 1003 713 1056 καὶ
755 1003 892 1074 παρ’
925 1004 1198 1075 ἑκατέρας
1240 1007 1451 1062 τούτων
1480 1010 1756 1079 διαφόρως
1777 990 1897 1080 ἔχει

315 1093 420 1164 τὴν
480 1093 720 1161 ὕπαρξιν
793 1097 826 1164 ἠ
907 1095 1010 1164 μία
1074 1096 1186 1150 τῶν
1263 1098 1430 1169 τριῶν
1506 1102 1901 1170 προσκυνητιῖη

315 1186 670 1240 ὑποστάσεων
715 1189 777 1238 ea
830 1187 1056 1257 Πνεῦμα
1110 1190 1171 1243 τὸ
1225 1188 1405 1258 ἅγιον.
1433 1191 1672 1261 Φανερὸν
1701 1189 1799 1246 οὖν
1822 1192 1898 1257 ὡς

316 1281 373 1334 al
407 1279 507 1347 μὲν
532 1279 640 1333 τῶν
668 1279 843 1348 ἁγίων
893 1282 1084 1351 ῥήσεις
1134 1284 1352 1353 ἔχουσιν
1395 1285 1646 1350 εὐσεϐῶς
1696 1303 1757 1340 τε
1805 1288 1903 1340 καὶ

316 1371 538 1435 καλῶς’
569 1372 1011 1441 ὲκλαμϐἀνονται
1049 1376 1107 1430 δὲ
1156 1377 1312 1447 παρὰ
1372 1379 1469 1431 τοῦ
1522 1378 1902 1449 συνειληχότος

2001 930 2302 986 discrimen
2365 929 2684 985 divinarum
2745 939 3149 999 personarum.
3203 925 3388 993 inepte
3447 938 3580 977 sane

2002 1033 2170 1092 atque
2208 1021 2417 1091 impie,
2469 1021 2602 1075 item
2656 1035 2822 1075 unam
2877 1034 2944 1074 ex
2998 1017 3179 1072 tribus
3231 1013 3478 1070 colendis
3526 1021 3582 1068 et

2000 1115 2333 1170 venerandis
2384 1112 2672 1184 personis,
2723 1111 2983 1166 nimirum
3022 1093 3286 1179 Spiritum
3328 1115 3579 1161 sanctum

2002 1221 2070 1260 ex
2109 1205 2323 1260 duabus
2354 1205 2607 1278 personis
2631 1245 2646 1272 ,
2676 1212 2733 1258 et
2764 1218 2832 1258 ex
2867 1211 3100 1270 utraque
3135 1199 3330 1252 harum
3365 1196 3586 1249 diverse

2014 1298 2284 1352 exsistere
2308 1337 2323 1361 ,
2358 1296 2595 1369 probare
2624 1303 2881 1350 conatur.
2915 1291 3267 1346 Manifestum
3303 1287 3469 1357 igitur
3499 1294 3590 1340 cst.

2010 1388 2158 1445 dicta
2190 1399 2507 1444 sanctorum
2533 1427 2550 1452 ,
2583 1387 2673 1441 illa
2704 1385 2929 1456 quidem
2969 1381 3265 1438 admodum
3300 1381 3389 1450 pie
3421 1389 3587 1446 atque

315 1464 420 1517 καὶ
449 1465 906 1535 καταγράψαντος
957 1468 1194 1524 ἐνταῦθα
1237 1468 1446 1534 ταύτας
1480 1471 1668 1535 κακῶς
1699 1489 1760 1525 τε
1806 1473 1904 1526 καὶ

2031 1479 2215 1548 »ριίηιε
2266 1477 2324 1533 se
2379 1478 2620 1540 habere,
2658 1476 2802 1530 male
2847 1485 3030 1529 tamen
3079 1471 3360 1541 impieque
3407 1468 3475 1523 ab
3519 1482 3588 1522 eo

313 1555 626 1619 δυσσεϐῶς.

397 1649 526 1702 Ὀτι
575 1649 630 1702 δὲ
687 1650 787 1721 τὴν
842 1651 1042 1707 ἕνωσιν
1087 1620 1184 1709 κᾷι
1241 1655 1304 1710 τδ
1358 1657 1781 1728 ἀπαράλλακτον
1843 1659 1904 1712 ὲν

321 1741 502 1792 πᾶσιν
543 1741 578 1810 ή
609 1741 834 1811 τοιαύτη
869 1742 1112 1796 δείκνυσι
1167 1745 1289 1810 διὰ,
1321 1745 1450 1800 ὅταν
1501 1748 1752 1816 δηλονότι
1788 1749 1899 1802 ίσοο

2005 1574 2205 1643 exponi
2229 1611 2243 1635 .
2277 1571 2369 1641 qui
2407 1586 2471 1625 ea
2506 1568 2756 1638 collegit,
2789 1576 2846 1621 et
2881 1565 2973 1620 hic
3007 1563 3329 1633 descripsit.

2075 1664 2234 1732 Quod
2290 1673 2472 1718 autem
2525 1661 2844 1732 huiusmodi
2909 1656 3211 1728 praeposito
3268 1671 3361 1726 per
3386 1655 3418 1720 ,'
3461 1667 3589 1708 cum

2007 1755 2217 1810 scilicet
2263 1753 2408 1808 idem
2455 1751 2600 1806 valet
2645 1750 2791 1822 quod
2843 1747 3160 1818 praepositio
3225 1762 3308 1810 ex,
3353 1744 3588 1814 conjun-

319 1832 539 1903 δυναμῇ
570 1835 635 1904 τῇ
669 1834 758 1897 ἐκ,
787 1836 816 1888 ὁ
867 1833 1011 1898 θεῖος
1066 1837 1326 1906 Μάξιμος
1378 1815 1681 1910 παρίστησι
1716 1840 1905 1908 σαφῶς

2031 1847 2250 1904 :tionem
2288 1854 2451 1915 atque
2484 1845 2538 1897 in
2570 1842 2827 1898 omnibus
2861 1838 3365 1894 immutabilitatem
3404 1844 3593 1891 osten-

322 1922 459 1988 περί
488 1939 650 1975 τινων
681 1922 945 1977 εἰπόντων
977 1925 1044 1977 ὲκ
1070 1925 1168 1978 τοῦ
1202 1926 1335 1979 Υίοῦ
1381 1927 1443 1979 τὸ
1479 1927 1730 1997 Πνεῦμα,
1765 1929 1903 1997 γρά-

326 2034 450 2086 φων
475 2016 612 2086 πρὸς
637 2017 897 2086 Μαρίνον,
921 2017 996 2079 ὡς
1039 2017 1140 2071 οὒκ
1205 2017 1386 2071 αἰτίαν
1411 2018 1506 2072 τὸν
1529 2019 1657 2073 Υίὸν
1689 2021 1905 2074 ποιοῦν-

326 2124 434 2171 τας
463 2109 603 2176 σφᾶς
637 2110 836 2173 αὐτοὺς
869 2109 1162 2175 ἀπέδειξαν
1183 2125 1200 2142 ο
1258 2110 1390 2180 μίαν
1421 2111 1529 2181 γὰρ
1560 2113 1742 2165 ἴσασιν
1772 2112 1905 2166 Υίοῦ

329 2201 432 2252 καὶ
471 2198 788 2268 Πνεύματος
825 2199 917 2252 τὸν
946 2200 1166 2270 Πατέρα
1214 2201 1432 2255 αίτίανο
1477 2203 1594 2257 ἀλλ’
1619 2204 1712 2256 ἵνα
1749 2205 1809 2257 τὸ
1838 2205 1914 2256 δι’

328 2289 504 2344 αὐτοῦ
562 2292 810 2361 προϊέναι
863 2290 1171 2357 δηλώσωσι,
1205 2293 1302 2346 καὶ
1352 2291 1524 2365 ταύτῃ
1572 2293 1631 2347 τὸ
1674 2295 1911 2362 συναφὲς

325 2383 437 2452 τῆς
462 2382 677 2446 οὐσίας,
744 2382 840 2434 καὶ
868 2381 1295 2455 ᾴπαράλλακτον
1335 2386 1752 2456 παραστήσωσι.
1807 2387 1911 2437 Σι-

229 2535 236 2540 ,
327 2474 438 2542 φὲς
493 2471 587 2526 οῦν
631 2471 879 2541 ἐντεῦθεν
931 2472 1011 2536 ὡς
1068 2475 1096 2527 δ
1155 2474 1364 2539 Βέκκος
1422 2469 1578 2540 οὗτος
1633 2477 1914 2542 δυσσεϐῶς

327 2562 674 2632 ἐκλαμϐάνει
703 2562 802 2626 τὰς
824 2562 1082 2627 τοιαύτας
1114 2566 1334 2636 ῥήσειςο
1365 2566 1425 2619 οὐ
1451 2565 1560 2636 γὰρ
1579 2567 1642 2621 τὸ
1677 2569 1914 2636 συναφὲς

328 2657 430 2710 καὶ
463 2653 904 2726 ἀπαράλλακτον,
939 2655 1076 2709 ἀλλὰ
1119 2656 1180 2710 τὸ
1216 2657 1474 2728 διάφορον
1528 2660 1638 2713 τῶν
1670 2661 1914 2715 ὑποστά-

330 2766 479 2802 σεων
514 2751 575 2801 ὲκ
607 2748 813 2802 τούτοιν
862 2751 1135 2820 ἐπιχειρεῖ
1181 2752 1465 2821 συνάγειν.
1497 2753 1634 2806 Οὐδὲ
1690 2753 1769 2825 τῷ
1815 2771 1914 2823 με-

327 2841 492 2911 γάλῳ
533 2841 798 2911 Βασιλείῳ
850 2843 1193 2910 πειθόμενος.
1221 2841 1336 2895 Καὶ
1388 2835 1544 2907 οὗτος
1576 2846 1686 2916 γὰρ
1736 2848 1794 2899 ὲν
1833 2847 1916 2899 ἑνὶ

328 2935 450 2989 τῶν
485 2934 620 3004 πρὸς
661 2934 1011 3006 ’Δμφιλόχιον
1039 2934 1341 3005 κεφαλαίῳ,
1370 2953 1390 2988 ι
1425 2934 1498 2989 Τδ
1521 2937 1608 2989 διὰ
1636 2938 1732 2991 τοῦ
1763 2937 1915 3002 Υἱοῦ,

331 3033 498 3097 φησι,
534 3027 885 3097 δημιουργεῖν
916 3025 1007 3079 τδν
1060 3026 1280 3096 Πατέρα
1316 3025 1440 3080 οὔτε
1493 3027 1660 3098 ἁτελῆ
1688 3028 1784 3082 τοῦ
1809 3031 1920 3082 Πα-

331 3123 470 3192 sp”;
515 3119 614 3190 τὴν
655 3118 1017 3189 δημιουργίαν
1055 3118 1399 3188 συνίστησιν,
1435 3115 1559 3173 οὔτε
1601 3121 1789 3191 ἄτονον
1822 3111 1916 3174 τοῦ

334 3211 480 3266 Υἶοῦ
527 3209 833 3280 παραδηλοῖ
876 3209 977 3277 τὴν
1015 3209 1302 3281 ἐνέργειαν
1327 3225 1343 3242 ο
1378 3209 1513 3264 ἀλλὰ
1551 3210 1611 3264 τὸ
1641 3211 1923 3280 ἡνωμένον

328 3297 440 3358 τοῦ
495 3301 802 3372 θελήματος
862 3299 1215 3368 παρίστησιν.
1278 3319 1298 3352 ι
1367 3301 1532 3355 Ὥστε
1586 3303 1621 3372 ἡ
1673 3301 1743 3356 δι’
1791 3303 1923 3357 Υἱοῦ

331 3397 503 3466 φωνὴ
535 3397 634 3465 τῆς
690 3392 1172 3466 προκαταρκτικῆς
1221 3393 1403 3455 αίτίας
1432 3392 1725 3462 ὁμολογίαν
1769 3394 1923 3464 ἔχει·

330 3488 450 3542 οὐκ
508 3486 601 3540 ἐπὶ
662 3483 967 3553 κατηγορίᾳ
1015 3480 1110 3535 τοῦ
1179 3481 1468 3552 ποιητικοῦ
1521 3483 1694 3536 αίτίου
1750 3501 1930 3553 παραο

331 3577 709 3647 λαμϐάνεται.
752 3574 816 3628 Ὃ
859 3572 992 3642 γοῦν
1036 3573 1212 3642 λέγων
1268 3573 1358 3628 διὰ
1404 3573 1499 3627 τοῦ
1556 3574 1687 3629 Υίοῦ
1739 3580 1834 3631 καὶ
1865 3579 1931 3630 ὲκ

332 3671 450 3726 τοῦ
496 3667 633 3724 Υίοῦ
689 3667 751 3722 τὸ
810 3665 1037 3736 Πνεῦμα
1069 3665 1316 3740 προϊέναι
1344 3668 1486 3721 κατὰ
1533 3668 1632 3740 τὴν
1668 3669 1933 3740 χορηγίαν

331 3766 454 3836 τὴν
481 3759 809 3830 δμοϐουλίαν
832 3757 929 3813 τοῦ
963 3758 1179 3826 Πατρδς
1203 3761 1301 3814 καὶ
1335 3755 1430 3812 τοῦ
1462 3759 1595 3813 Υίοῦ
1627 3760 1932 3831 παρίστησι

334 3855 570 3917 καλῶς·
623 3851 840 3906 εὐδοκία
886 3849 994 3919 γὰρ
1035 3847 1132 3902 τοῦ
1197 3850 1413 3920 Πατρδς
1470 3851 1568 3904 καλ⁵
1617 3850 1710 3904 τοῦ
1770 3850 1928 3916 Υίοῦ,

334 3947 452 4004 καὶ
503 3943 670 3998 αὑτοῦ
724 3939 1172 4001 συνευδοκοῦντος
1224 3939 1319 3993 τοῦ
1386 3940 1546 4009 ἁγίου
1605 3941 1930 4011 Πνεύματος

330 4042 469 4104 τοῖς
513 4038 684 4103 ἀξίοις
723 4035 1042 4106 χορηγεῖται
1095 4032 1439 4102 τδ⁴“’Πν.ιῦμα
1499 4033 1561 4086 τὸ
1625 4033 1805 4103 ἅγιον.
1869 4034 1936 4089 Oi

332 4137 404 4191 δὲ
447 4131 844 4198 Λατινὸφρονες
871 4121 1018 4180 οῦτοι
1071 4125 1394 4190 συνάγοντες
1422 4125 1483 4177 ὲκ
1525 4128 1816 4197 παροινίας
1841 4127 1933 4181 διὰ

2014 1939 2149 1996 dat:
2185 1939 2346 1992 docet
2375 1937 2479 1990 hoc
2511 1937 2575 1990 D.
2607 1934 2907 1995 Maximus,
2940 1932 3188 1986 scribens
3221 1928 3288 1982 ad
3323 1927 3593 1983 Marinum

2018 2033 2086 2088 de
2120 2029 2452 2102 quibusdam
2506 2029 2599 2097 qui
2659 2042 2727 2081 ex
2760 2025 2899 2080 Filio
2947 2039 3070 2078 esse
3126 2021 3396 2102 Spiritum
3444 2019 3596 2076 dice-

2019 2135 2144 2180 rent
2186 2142 2204 2181 :
2251 2121 2407 2189 Quod
2463 2136 2575 2174 non
2615 2133 2834 2173 causam
2882 2116 3080 2170 Filium
3140 2087 3321 2168 facere
3377 2112 3592 2180 seipsos

2019 2215 2403 2274 ostenderint;
2440 2227 2606 2264 unam
2653 2209 2805 2263 enim
2841 2222 3065 2261 causam
3103 2205 3226 2260 Filii
3261 2209 3318 2262 et
3354 2202 3600 2276 Spiritus

2015 2295 2238 2360 Ῥείη-ειη
2273 2311 2582 2372 agnoscunt
2614 2317 2628 2353 :
2667 2313 2897 2360 verum,
2934 2307 2994 2350 ut
3043 2310 3144 2364 per
3197 2296 3379 2364 ipsum
3430 2293 3598 2346 etiam

2024 2392 2266 2467 (Filium)
2299 2388 2602 2461 procedere
2631 2384 2984 2455 signiﬁcent,
3019 2391 3074 2437 et
3126 2383 3230 2436 hac
3278 2397 3345 2434 ex
3401 2389 3556 2449 parte
3583 2420 3597 2445 ,

2025 2495 2088 2539 ut
2148 2481 2400 2538 essentia:
2445 2475 2889 2549 conjunctionem
2966 2481 3131 2541 atque
3173 2468 3599 2523 immutabilita-

2024 2586 2134 2633 tem
2187 2573 2522 2642 exprimant.
2565 2568 2704 2622 ilinc
2776 2565 2945 2635 igitur
3005 2563 3296 2618 manifeste
3339 2571 3599 2632 arparet,

2025 2666 2172 2738 quod
2237 2664 2340 2719 iste
2399 2660 2612 2717 Veccus
2673 2656 3002 2727 bnjusmodi
3068 2655 3215 2716 dicta
3280 2662 3601 2708 sanctorum

2025 2757 2194 2827 impie
2245 2755 2454 2823 excipit
2507 2761 2562 2807 et
2613 2749 3034 2818 interpretatur.
3083 2747 3207 2802 Non
3261 2746 3408 2800 enim
3465 2759 3602 2798 con-

2021 2850 2369 2922 iunctionem
2407 2855 2576 2916 atque
2616 2845 2689 2899 im
2705 2840 3126 2897 mutabilitatem
3155 2879 3168 2900 ,
3211 2838 3306 2893 sed
3345 2836 3606 2890 ditIeren-

2031 2943 2163 2998 tiam
2198 2953 2561 3011 personarum
2595 2952 2663 2990 ex
2697 2937 2786 2990 liis
2820 2933 3081 3000 colligere
3119 2938 3374 2986 conatur.
3409 2928 3604 2997 Neque

2025 3033 2280 3104 Magnum
2325 3030 2587 3085 Basilium
2620 3029 2796 3082 audit.
2828 3025 3125 3080 Enimvero
3182 3020 3230 3076 is
3275 3034 3495 3091 quoque
3547 3017 3603 3072 in

2031 3140 2143 3178 uno
2171 3122 2411 3192 quodam
2443 3121 2510 3173 ad
2545 3117 2992 3187 Amphilochium
3025 3114 3205 3183 capite
3233 3112 3308 3181 (1)
3335 3129 3348 3163 :
3381 3129 3398 3161 ι
3431 3109 3569 3164 Illud
3590 3149 3606 3174 ,

2031 3215 2211 3287 inquit
2231 3255 2245 3279 ,
2277 3228 2376 3284 per
2416 3213 2613 3268 Filium
2645 3225 2837 3266 creare
2883 3209 3102 3262 Patrem
3126 3245 3142 3271 ,
3174 3219 3352 3275 neque
3399 3203 3606 3272 imper-

2031 3313 2229 3369 fectam
2267 3309 2446 3365 Patris
2493 3307 2827 3363 creationem
2858 3300 3164 3366 constituit,
3217 3315 3399 3368 neque
3431 3296 3606 3352 ineffi-

2031 3419 2218 3461 cacem
2243 3402 2366 3457 Filii
2391 3400 2768 3471 operationem
2805 3395 3097 3475 signiﬁcat.
3133 3391 3238 3446 Sed
3263 3390 3610 3462 conjunctio-

2033 3511 2157 3552 nem
2191 3511 2384 3550 eorum
2418 3492 2724 3548 voluntatis
2755 3488 3090 3543 manifestat.
3129 3485 3308 3552 Quare
3338 3499 3444 3538 vox
3479 3482 3607 3548 illa,

2033 3603 2132 3660 per
2160 3586 2398 3647 Filium.
2434 3583 2501 3638 ad
2533 3583 2939 3638 confessionem
2973 3579 3256 3650 originalis
3291 3589 3470 3630 causa:
3507 3587 3612 3627 nos

2033 3675 2302 3740 adducit;
2337 3688 2447 3728 non
2482 3681 2667 3727 autem
2701 3670 2770 3724 ad
2798 3669 3108 3725 ellectivam
3147 3679 3370 3720 causam
3404 3662 3612 3731 imper-

2035 3765 2296 3823 fectionis
2357 3773 2523 3830 atque
2571 3761 2914 3833 impotentia:
2994 3755 3406 3829 coarguendam.
3448 3767 3609 3807 assu-

2036 3858 2226 3912 mitur.
2282 3855 2387 3923 Qui
2438 3870 2569 3925 ergo
2617 3869 2716 3923 per
2763 3852 2961 3907 Filium
3013 3861 3070 3906 et
3131 3865 3196 3903 ex
3242 3847 3385 3902 Filio
3417 3843 3616 3899 asserit

2039 3949 2344 4020 Spiritum,
2383 3944 2692 4001 secundum
2725 3943 3074 4013 largitionem
3110 3939 3382 3993 donorum
3419 3949 3614 4005 proce-

2037 4043 2208 4105 dere,
2246 4040 2497 4096 eamdem
2535 4038 2876 4092 voluntatem
2918 4032 3100 4088 Patris
3134 4047 3198 4086 ac
3233 4030 3359 4084 Filii
3395 4027 3615 4096 egregie

2036 4131 2313 4202 exprimit.
2350 4129 2566 4184 Etenim
2599 4143 2666 4182 ex
2701 4124 3054 4191 beneplacito
3105 4122 3287 4174 Patris
3337 4133 3402 4172 ac
3453 4115 3613 4178 Filii,

335 4225 458 4283 τοῦ
483 4221 616 4276 Υίοῦ
650 4221 745 4274 καὶ
770 4222 834 4271 ἐκ
857 4217 952 4270 τοῦ
988 4215 1118 4268 Υίοῦ
1167 4216 1265 4286 τὴν
1312 4214 1545 4286 ὓπαρξιν
1580 4215 1725 4286 ἔχειν
1746 4259 1762 4283 ,
1795 4218 1917 4271 εὐδο

2041 4225 2164 4295 ipso
2210 4236 2433 4294 quoque
2471 4236 2576 4276 una
2614 4218 2997 4274 consentiente
3033 4213 3242 4283 Spiritu
3267 4218 3458 4266 sancto
3485 4247 3500 4271 .
3535 4207 3618 4262 di-

339 4319 490 4378 κίας
517 4318 610 4370 καὶ
653 4313 920 4383 θελήσεως
964 4312 1124 4382 ἔργον
1163 4309 1260 4363 καὶ
1295 4310 1502 4380 κτίσμα
1558 4308 1618 4374 ἐξ
1661 4310 1936 4382 ἀνάγκης,

342 4410 478 4466 ἀλλ’
521 4407 580 4460 οὐ
629 4407 777 4468 θείας
827 4403 1045 4472 φύσεως
1083 4403 1293 4470 mva
1325 4401 1620 4470 ὑπάρχειν,
1656 4402 1936 4465 δυσσεϐῶς

2039 4316 2131 4387 gni
2186 4315 2440 4368 homines
2485 4314 2768 4367 donantur
2819 4308 3028 4378 Spiritu
3080 4317 3292 4360 saneto.
3342 4303 3437 4356 lsti
3485 4314 3617 4354 vero

2039 4408 2357 4462 Latinorum
2387 4421 2651 4475 sequaces
2683 4412 2738 4458 et
2770 4403 3033 4463 fautores,
3063 4415 3130 4453 ex
3187 4396 3489 4467 petulantia
3524 4409 3621 4463 per

344 4498 676 4570 παριστῶσι
727 4499 791 4550 τὸ
842 4495 1068 4563 Πνεῦμα
1124 4493 1186 4545 τὸ
1241 4493 1432 4561 ἅγιον·
1493 4493 1633 4544 κατὰ
1678 4492 1788 4562 γὰρ
1844 4492 1917 4545 τδε

2043 4502 2275 4564 Filium,
2325 4508 2379 4553 et
2413 4515 2481 4553 ex
2531 4498 2669 4552 Filio
2721 4497 2991 4550 exsistere
3045 4491 3314 4560 Spiritum
3365 4497 3618 4541 sanctum

349 4591 516 4660 ἱερὸν
557 4586 915 4658 Δαμασκηνὸν
958 4584 1121 4654 ἔργον
1161 4583 1315 4646 θείας
1360 4582 1632 4652 θελήσεως
1669 4585 1701 4652 ἡ
1733 4583 1936 4651 κτίσις,

2045 4596 2176 4649 dum
2226 4594 2531 4662 colligunt;
2567 4588 2939 4660 beneplaciti,
2985 4595 3042 4639 et
3091 4583 3393 4637 voluntatis
3441 4597 3619 4651 opus,

351 4681 489 4736 ἀλλ’
531 4680 628 4750 οὐχ
677 4680 711 4749 ἡ
771 4678 986 4747 Θεότης,
1018 4677 1224 4743 ἄπαγε.
1282 4676 1420 4728 Οὐδὲ
1475 4675 1584 4744 γὰρ
1641 4675 1739 4742 τῆς
1794 4675 1911 4729 θεία

2047 4695 2104 4740 et
2139 4693 2451 4740 creaturam
2483 4698 2604 4737 esse
2637 4678 2977 4741 necessario,
3009 4675 3233 4728 minime
3262 4689 3391 4727 vero
3417 4672 3620 4726 divinae

352 4773 668 4844 Θελήσεως,
701 4771 836 4824 ἀλλὰ
878 4771 979 4840 τῆς
1023 4769 1176 4832 θείας
1219 4769 1434 4836 φύσεως
1467 4766 1623 4829 αὖθις
1667 4768 1807 4821 κατὰ
1854 4770 1911 4820 τὸ

2053 4787 2264 4832 natura;
2297 4777 2540 4830 fructum
2611 4772 2779 4841 impie
2811 4767 3145 4830 ostendunt,
3183 4775 3238 4819 et
3268 4765 3488 4817 docent.
3524 4762 3622 4815 Et-

350 4867 538 4923 αὐτὸν
592 4867 623 4935 η
687 4861 1016 4934 προαιὼνιος
1067 4860 1162 4914 καὶ
1213 4861 1384 4922 ἀΐδιος
1440 4858 1691 4928 γέννησίς
1735 4875 1796 4910 τε
1847 4875 1917 4910 κα

2053 4866 2227 4929 enim,
2269 4863 2570 4920 secundum
2600 4876 2815 4916 sacrum
2848 4859 3264 4916 Damascenum,
3299 4853 3496 4906 divina:
3527 4865 3622 4903 vo-

354 4955 714 5024 ἑκπόρευσις.

2048 4955 2280 5012 luntatis
2331 4971 2472 5028 opus
2513 4961 2600 5008 est
2647 4955 2934 5014 creatura,
2981 4963 3091 5002 non
3145 4945 3370 5008 Deitas;
3424 4957 3633 5012 apage.

353 5055 564 5125 Neque
595 5054 739 5108 enim
773 5067 969 5108 rursus
1011 5053 1167 5123 juxta
1237 5049 1492 5105 eumdem
1542 5051 1739 5106 divina:
1790 5049 2132 5122 voluntatis,'
2180 5053 2278 5110 sed
2343 5054 2544 5108 divina
2577 5061 2786 5106 natura;
2813 5055 2940 5102 ante
2972 5058 3134 5098 omne
3167 5055 3344 5096 aevum
3417 5039 3626 5109 sempi-

359 5166 640 5221 ternaque
667 5159 754 5207 est
787 5159 902 5205 tum
938 5147 1223 5220 generatio
1245 5185 1261 5212 ,
1300 5156 1412 5200 tum
1445 5147 1747 5216 processio.

366 5265 494 5322 τοῦ
551 5265 904 5335 σοφωτάτου
959 5263 1147 5335 κυροῖ)
1191 5264 1624 5335 ἔζησᾳίαρίῳνος
1678 5264 1951 5335 ἀρχιεπι-

1325 5329 1746 5398 Κάρδινάλεωξ
1759 5329 1765 5330 ⁷
1778 5329 1947 5400 ίπρὸς

442 5406 556 5470 τὰς
612 5405 764 5458 κατὰ
813 5405 918 5458 τοῦ
965 5402 1198 5456 Βέκκου
1247 5401 1635 5471 ἀντιρρήσεις
1683 5402 1787 5456 τοῦ
1825 5404 1945 5455 Πα-

440 5332 682 5391 σχόπὸυ
729 5336 978 5398 Νικαίας
1018 5333 1125 5386 τοῦ
1166 5332 1284 5384 νῦν

443 5473 626 5528 lauti.

459 5493 523 5527 ω
547 5493 626 5528 ια.

459 5493 794 5635 ὀιγενναῖος
825 5567 979 5629 οὗτος
1004 5564 1144 5635 ἀνὴρ
1172 5566 1310 5635 πρὸς
1351 5565 1452 5631 μὲν
1489 5563 1590 5626 τὰς
1616 5564 1713 5617 καὶ
1748 5564 1812 5616 ὲκ
1843 5563 1941 5616 τοῦ

2052 5259 2448 5330 Sapientiuimi
2507 5258 2835 5330 Bessarionis
2863 5296 2879 5321 ,
2929 5253 3308 5330 archiepiscOpi
3359 5249 3628 5330 Nic-teni,

2126 5317 2186 5385 Β.
2228 5331 2294 5384 R.
2339 5328 2402 5382 Ε.
2443 5329 2769 5394 cardinalis,
2805 5317 2986 5380 contra
3043 5317 3334 5380 Palamam
3374 5317 3630 5389 apotogia

2126 5402 2528 5470 inscriptionum
2568 5397 2738 5452 Vecci.

2121 5556 2396 5630 Egregius
2434 5554 2541 5610 iste
2586 5554 2671 5608 vir
2727 5551 2798 5607 ad
2847 5549 3204 5607 auctoritates
3257 5554 3620 5607 sanctorum,

367 5659 508 5715 Υίοῦ
539 5659 800 5728 λεγούσας
833 5660 1038 5731 ῥήσεις,
1068 5658 1163 5712 καὶ
1189 5657 1256 5708 δι’
1286 5654 1418 5710 Υίοῦ
1454 5659 1518 5710 ὲκ
1542 5656 1756 5728 Πατρδς
1780 5657 1917 5712 ὲκπο

2051 5665 2173 5722 ηοω
2229 5665 2353 5706 cum
2405 5663 2472 5706 ex
2533 5645 2674 5702 Filio
2704 5687 2718 5712 ,
2779 5653 2893 5700 tum
2947 5659 3011 5699 ex
3051 5643 3213 5700 Patre
3273 5654 3369 5710 per
3422 5635 3631 5693 Filium

454 5771 626 5842 (1)οε
655 5771 856 5842 Spiritu
887 5775 1092 5838 sancto,
1127 5783 1180 5825 c.
1198 5767 1250 5835 8,
1286 5766 1340 5821 in
1367 5763 1496 5820 ﬁne.
