3966 6218
357 338 466 401 247

1283 336 1784 398 BESSARIONIS
1822 301 1886 397 ε.
1925 336 2000 397 R.
2034 333 2103 393 E.
2135 327 2607 393 CARDINALIS

3491 315 3594 378 ειν

358 449 633 519 Spiritum
684 453 933 502 sanctum
972 445 1271 516 procedere
1314 454 1612 508 testantur,
1647 452 1738 509 et,
1773 442 1917 514 quod

2042 438 2280 491 ηύεσθαι
2337 438 2398 492 τὸ
2455 434 2685 504 Πνεῦμα
2732 430 2792 486 τὸ
2847 431 3027 498 ἅγιον,
3058 427 3156 484 καὶ
3202 427 3263 481 τδ
3314 425 3374 491 ἒξ
3416 424 3600 519 αὐτῶν

357 556 424 595 ex
477 540 592 595 illis
649 538 949 608 colligitur,
1001 537 1228 589 omnino
1269 551 1343 591 ne
1397 535 1650 605 aspicere
1694 534 1918 605 quidem

356 631 554 685 valet:
608 629 885 699 quomodo
945 627 1094 682 enim
1148 627 1217 685 ad
1266 635 1509 689 tantam,
1560 636 1725 696 atque
1779 626 1920 681 adeo

360 722 671 778 evidentem
722 719 1055 774 veritatem?
1084 717 1289 773 Verum
1321 720 1585 789 aequalem
1620 720 1730 772 vim
1756 726 1923 787 atque

361 823 615 869 naturam
694 812 1143 881 prmpositionum
1192 828 1287 880 per
1336 821 1391 865 et
1438 827 1538 874 ex,
1593 811 1760 879 idque
1812 826 1922 864 non

359 915 508 960 recte
531 944 545 966 ,
582 914 748 973 atque
784 904 903 958 sine
937 904 1049 958 ulla
1095 904 1307 958 ratione
1349 903 1598 965 invadit;
1634 913 1924 956 contume-

360 996 559 1063 liisque
589 1009 743 1047 suam
780 993 1162 1048 refutatiOnem
1193 993 1516 1059 absolvens,
1550 992 1756 1061 aliquid
1790 1007 1925 1062 Ope-

362 1086 680 1155 raepretium
742 1084 923 1140 facere
981 1085 1279 1140 existimat.
1341 1085 1476 1141 Cum
1562 1085 1745 1153 inepte
1793 1098 1926 1139 sane

364 1187 529 1247 atque
565 1176 733 1245 impie
765 1184 1007 1231 mentem
1041 1186 1361 1231 sanctorum
1395 1177 1790 1246 interpretetur
1819 1196 1833 1241 ;
1871 1186 1927 1232 et

363 1284 489 1323 eum
520 1268 612 1337 qui
641 1269 944 1322 sententias
970 1269 1195 1323 Patrum
1223 1269 1475 1339 collegit,
1504 1278 1560 1324 et
1589 1268 1725 1323 tales
1758 1267 1930 1323 edidit

364 1360 791 1428 inscriptiones,
841 1359 1017 1414 virum
1068 1375 1198 1415 sane
1243 1360 1466 1414 doctum
1516 1360 1926 1426 calumnietur;

362 1452 634 1504 rationem
684 1466 815 1506 vero
865 1451 1098 1506 reddere
1148 1452 1371 1506 minime
1424 1452 1623 1506 valeat.
1660 1452 1927 1521 Praeposi-

365 1541 517 1594 tione
576 1550 757 1594 autem
802 1556 917 1608 per,
971 1540 1414 1610 conjunctionem
1462 1540 1518 1594 in
1579 1541 1927 1595 sanctissima

365 1630 675 1698 Trinitate,
734 1631 1274 1697 immutabilitatem,
1325 1631 1712 1694 identitatem,
1762 1640 1928 1699 atque

362 1722 611 1777 eamdem
640 1722 979 1776 voluntatem
1012 1724 1347 1789 denotante;
1374 1737 1498 1777 cum
1531 1723 1584 1777 in
1617 1720 1887 1793 theologia
1909 1761 1924 1786 ,

2027 510 2418 599 συναγόμενον,
2467 528 2576 581 οὐδ’
2629 522 2947 593 ἀντιϐλέψαι
2990 521 3215 576 δύναται
3262 518 3425 580 ὅλως.
3476 510 3597 579 ῐΪῶς

2024 623 2132 692 γάρ
2176 622 2314 691 πρός
2368 637 2433 689 γε
2483 617 2757 686 τοσαύτην
2807 615 2904 669 καὶ
2958 613 3135 674 οὕτως
3184 608 3597 679 ἐναργεστάτην

2026 712 2326 781 ἀλήθειαν;
2361 710 2438 779 τῷ
2472 709 2530 762 δὲ
2586 707 2897 776 ἰσοδυνάμῳ
2941 705 3042 772 τῆς
3084 700 3184 756 διὰ
3229 701 3323 754 καὶ
3360 699 3464 766 τῆς
3507 698 3599 759 ὲκ,

2025 805 2199 872 τούτῳ
2223 803 2279 855 δὲ
2307 802 2368 855 οὒ
2403 800 2586 862 καλῶς
2616 797 2742 851 οὔτε
2771 798 2868 850 σὺν
2895 795 3073 849 οὐδενὶ
3103 791 3403 859 ἐπιφύεται
3430 791 3596 858 λόγῳ’

2026 896 2121 949 καὶ
2158 894 2352 964 ὕϐρεσι
2397 896 2490 945 τδν
2536 891 2670 945 ἴδιον
2704 888 2927 956 ἔλεγχον
2974 884 3316 955 ἀπαρτίζων,
3350 880 3520 935 οἴεταί
3547 897 3599 933 τι

2029 987 2313 1056 προῦργου
2371 985 2584 1037 ποιεῖν’
2618 981 2803 1043 κακῶς
2865 980 2967 1049 μὲν
3027 978 3122 1030 καὶ
3169 972 3450 1035 δυσσεϐῶς
3501 976 3603 1042 τὴν

2026 1080 2136 1133 τῶν
2162 1080 2334 1147 ἁγίων
2359 1078 2597 1131 διάνοιαν
2621 1071 3009 1141 ἐκλαμϐάνων,
3037 1069 3133 1121 καὶ
3159 1068 3253 1120 τδν
3277 1069 3375 1128 τάς
3410 1066 3602 1135 ῥήσεις

2034 1169 2391 1240 συνειληχότα.
2420 1170 2583 1237 σοφὸν
2616 1165 2809 1234 ἄνδρα,
2849 1164 2945 1217 καὶ
2997 1162 3095 1224 τὰς
3143 1160 3451 1229 ἐπιγραφάς
3482 1160 3609 1210 επι-

2029 1263 2384 1333 γραψάμενον
2433 1257 2813 1328 συκοφαντῶν,
2856 1255 2951 1308 τδν
2998 1254 3053 1307 δὲ
3107 1253 3265 1319 λόγον
3305 1248 3603 1305 ἀποδοῦναι

2029 1356 2129 1407 οὐκ
2154 1354 2296 1424 ἔχων
2318 1369 2331 1383 ·
2362 1353 2633 1421 ὑπείληφε
2661 1349 2716 1403 δὲ
2744 1348 2843 1417 τῆς
2874 1345 2973 1399 διὰ
3002 1344 3102 1413 τὴν
3126 1343 3320 1396 ἕνωσιν
3360 1342 3457 1396 καὶ
3501 1342 3604 1410 τὴν

2031 1441 2465 1512 ἀπαραλλαξίαν,
2500 1442 2597 1496 καὶ
2627 1440 2688 1494 τδ
2722 1437 2917 1492 ταυτὸν
2964 1436 3064 1489 καὶ
3111 1433 3404 1502 όμόὸουλον
3437 1447 3607 1500 παρι-

2031 1536 2330 1604 στανούσης
2368 1534 2463 1587 ἐπὶ
2506 1533 2607 1600 τῆς
2652 1532 2817 1599 ἁγίας
2869 1527 3118 1592 Τριάδος.
3170 1526 3298 1578 ὅταν
3351 1525 3445 1575 επὶ
3503 1526 3603 1591 τῆς

2032 1626 2311 1694 θεολογίας
2344 1622 2748 1695 ἰσοδυναμοῦσα
2780 1610 2969 1689 νοῆται
2993 1619 3060 1688 τῇ
3090 1617 3180 1679 ἐκ,
3219 1615 3294 1686 μὴ
3340 1612 3601 1666 δύνασθαί

2030 1736 2154 1773 τινα
2188 1717 2331 1771 κατὰ
2369 1716 2532 1770 τοῦτο
2575 1715 2637 1768 τὸ
2669 1711 3073 1783 σημαινόμενον
3113 1706 3283 1777 αὐτὴν
3324 1703 3605 1773 ἐκλαμϐά-

367 1812 511 1866 idem
554 1814 741 1867 valere
786 1812 1110 1881 intelligitur
1149 1811 1297 1881 quod
1353 1812 1670 1883 praepositio
1705 1782 1927 1877 exiar;

2042 1828 2145 1864 νειν
2173 1810 2311 1863 κάπί
2339 1809 2435 1879 τῆς
2479 1806 2575 1861 τοῦ
2605 1782 2818 1875 Πατρδς
2856 1803 2924 1857 δι’
2958 1799 3091 1855 Υίοῦ
3119 1796 3503 1883 ὲκπορεύσεως
3522 1811 3537 1827 ⁸
3560 1794 3607 1883 ᾉῆ

366 1903 606 1957 bitratur
650 1918 759 1956 non
797 1917 955 1971 posse
994 1917 1024 1955 a
1064 1917 1340 1972 quoquam
1376 1903 1587 1972 accipi,
1623 1903 1931 1958 secundum

367 1993 476 2047 hoc
506 1992 873 2062 significatum
905 1994 1068 2047 etiam
1113 1992 1167 2046 in
1207 1992 1570 2063 productione
1611 1993 1791 2048 Patris
1836 2008 1934 2063 per

372 2083 613 2149 Filium;
648 2084 731 2138 vel
766 2084 870 2139 hac
912 2087 1125 2139 ratione
1160 2094 1348 2155 putat,
1391 2100 1499 2138 non
1536 2085 1669 2139 illud
1711 2100 1813 2140 nos
1854 2086 1936 2139 in-

374 2175 671 2246 telligere,
722 2176 983 2230 nimirum
1064 2175 1415 2230 concordiam
1489 2184 1543 2231 et
1596 2176 1937 2246 conjunctio-

370 2281 535 2331 nem,
596 2265 692 2320 sed
758 2266 942 2335 potius
998 2264 1389 2320 discretionem
1448 2280 1511 2320 ac
1566 2264 1935 2333 divisionem,

370 2357 886 2426 oppositionemque
936 2367 1101 2425 atque
1159 2356 1587 2425 discrepantiam
1645 2358 1933 2412 inducere.

370 2448 523 2514 Quod
564 2450 638 2504 ita
672 2464 799 2504 eum
837 2449 1141 2519 intelligere
1191 2464 1260 2504 ex
1294 2449 1383 2504 his
1424 2464 1544 2518 quas
1585 2449 1713 2503 dicit
1746 2487 1760 2513 ,
1805 2464 1938 2518 quo-

372 2540 666 2596 dammodo
716 2550 988 2612 apparet;
1043 2541 1153 2594 imo
1205 2556 1337 2595 vero
1387 2550 1445 2595 et
1491 2540 1779 2594 manifeste
1829 2522 1938 2605 ait,

372 2630 478 2685 hac
517 2632 729 2686 ratione
792 2633 934 2688 velle
973 2648 1075 2687 nos
1113 2632 1460 2703 signiﬁcare,
1500 2632 1767 2700 Spiritum
1810 2644 1940 2685 san-

374 2734 548 2782 ctum.
581 2739 648 2778 ex
679 2722 892 2779 duabus
953 2725 1229 2793 personis,
1263 2722 1440 2779 Patris
1466 2735 1520 2777 et
1549 2722 1692 2787 Filii,
1725 2721 1938 2775 diverse

374 2815 678 2881 exsistere;
711 2815 899 2869 nescio
932 2816 1078 2869 unde
1098 2855 1111 2879 ,
1142 2824 1195 2869 et
1225 2831 1256 2869 a
1288 2830 1525 2884 quonam
1561 2814 1778 2869 dicente
1804 2814 1938 2868 illud

377 2909 648 2977 (diverse)
685 2908 945 2961 audierit.
982 2906 1073 2961 Sic
1113 2907 1298 2977 itaque
1329 2907 1609 2977 opinatur,
1647 2922 1745 2961 nos
1771 2906 1941 2960 insul-

379 3007 495 3053 tare
534 2999 589 3053 in
633 2996 1005 3067 theologiam;
1049 2996 1188 3052 l‘orte
1216 3004 1272 3051 et
1302 2995 1417 3065 ipse
1447 3012 1669 3067 quoque
1708 2997 1815 3052 hoc
1856 2996 1941 3050 in-

2038 1898 2113 1969 μὴ
2138 1896 2314 1967 τούτῳ
2338 1895 2415 1965 τῷ
2442 1894 2589 1963 λόγῳ
2624 1894 2719 1947 καὶ
2747 1892 2893 1961 ἡμᾶς
2929 1890 3089 1943 τοῦτο
3111 1889 3277 1950 νοεῖν,
3312 1882 3453 1938 me
3486 1881 3608 1935 διά-

2036 2008 2215 2062 κρισιν
2269 1993 2363 2046 καὶ
2388 1989 2656 2059 διαίρεσιν
2690 1986 2894 2056 μᾶλλον
2928 1982 3182 2050 εἰσάγειν
3212 1978 3309 2032 καὶ
3359 1976 3420 2029 τὸ
3450 1973 3606 2028 ἀντί-

2036 2084 2191 2139 θετον
2236 2084 2330 2135 καὶ
2380 2081 2731 2149 ἀσύμφωνον.
2781 2076 2965 2144 Ὅπερ
3027 2068 3295 2141 ἀμηγέπη
3342 2066 3452 2119 κάκ
3495 2062 3607 2117 τῶν

2039 2179 2346 2249 εἰρημένων
2392 2173 2542 2244 σύτῷ
2571 2172 2711 2226 νοῶν
2766 2170 3039 2237 φαίνεται,
3074 2163 3273 2231 μᾶλλον
3298 2158 3611 2249 δὲῗκιίίηιρασ⁸

2038 2246 2214 2339 νενριῦς
2246 2267 2464 2338 φάσκει,
2493 2264 2581 2318 διὰ
2620 2261 2811 2316 τούτου
2850 2257 3048 2328 δηλοῦν
3092 2254 3241 2324 ἡμᾶς
3294 2246 3609 2339 βούλεσθαι,

2040 2337 2116 2424 ὡς
2158 2362 2223 2414 ὲκ
2261 2337 2391 2413 τῶν
2434 2357 2531 2411 δύο
2582 2352 2937 2408 ὑποστάσεων
2982 2347 3078 2401 τοῦ
3130 2343 3344 2413 Πατρδς
3387 2337 3609 2394 καὶτοῦ

2041 2453 2172 2508 Υίοῦ
2210 2452 2484 2522 διαφόρως
2536 2448 2650 2517 ἔχει
2700 2445 2763 2498 τὸ
2817 2440 3042 2511 Πνεῦμα
3090 2438 3188 2508 τὴν
3221 2430 3614 2503 ῦπαρξιν,ούκ
3726 2513 3736 2521 _

2041 2539 2137 2597 οἷδ’
2185 2543 2307 2595 ὅθεν
2355 2540 2452 2593 καὶ
2502 2539 2626 2592 ὅτου
2676 2533 2835 2588 τοῦτο
2888 2533 2949 2586 τὸ
3007 2528 3308 2597 διαφόρως
3358 2522 3613 2593 ἀκηκοὼς

2041 2635 2311 2703 λέγοντος.
2354 2632 2543 2692 Οὕτως
2596 2628 2707 2697 ἄρα
2764 2623 2974 2694 νομίζει
3023 2621 3174 2691 ἡμᾶς
3235 2620 3303 2687 τῇ
3359 2614 3615 2682 θεολογία

2040 2724 2439 2799 προσϐάλλειν·
2474 2724 2606 2784 ἴσως
2662 2719 2720 2771 δὲ
2777 2719 2872 2771 καὶ
2921 2714 3085 2775 αὐτὸς
3138 2708 3299 2764 τοῦτο
3360 2706 3491 2769 νοεῖ,
3545 2704 3616 2756 ὲκ

2044 2795 2256 2889 Πατρός
2294 2816 2363 2870 δι’
2396 2804 2529 2868 Υἰοῦ
2578 2813 2755 2873 λέγων
2802 2807 3105 2873 ὑποστῆνώ
3138 2802 3229 2856 τδν
3272 2799 3500 2889 κόσμον.
3534 2795 3614 2848 Οὐ

2042 2887 2295 2980 γάρ-ὁρῶ
2338 2906 2437 2978 τὴν
2486 2904 2759 2973 ἀνάγκην,
2793 2899 2861 2954 δι’
2896 2898 2964 2970 ἢν
2991 2896 3083 2951 ἐπὶ
3114 2894 3213 2964 μὲν
3251 2891 3351 2962 τῆς
3384 2887 3615 2949 κτίσεως

2043 3004 2078 3072 ἠ
2121 2999 2222 3054 διὰ
2269 2995 2668 3068 ἰσοδυναμοῦσα
2715 2995 2783 3063 τῇ
2815 2992 2908 3055 ἐκ,
2948 2989 3052 3060 τὴν
3083 2986 3390 3055 ταυτότητα
3432 2995 3617 3072 παρα·

376 3095 618 3163 ῑ-λιιὶεἰι,
681 3106 805 3144 cum
862 3102 929 3141 ex
985 3087 1145 3144 Patre
1201 3104 1295 3157 per
1351 3088 1592 3153 Filium,
1645 3087 1700 3141 iu
1753 3101 1936 3141 rerum

2049 3089 2589 3161 στήσει,προσώπων
2620 3086 2677 3139 δὲ
2706 3085 2855 3155 ὅμως
2880 3079 3115 3151 δηλοῦσα
3140 3078 3435 3173 διάκρισιν,
3453 3071 3615 3125 τοῦτο

376 3192 574 3239 natura
600 3184 867 3239 mundum
895 3198 1017 3238 esse
1042 3181 1367 3252 productum
1394 3179 1607 3238 asserit.
1639 3177 1757 3233 Non
1791 3178 1938 3233 enim

2045 3180 2153 3250 γὰρ
2201 3172 2321 3234 οὐδὲ
2360 3178 2526 3239 αὐτὸς
2562 3174 2885 3255 ἀρνήσεξαι,
2918 3171 3012 3224 επὶ
3053 3168 3111 3222 δὲ
3159 3164 3254 3221 τοῦ
3291 3162 3612 3255 Πνεύματος

377 3277 576 3342 video,
609 3292 709 3331 cur
740 3276 922 3346 potius
958 3275 1011 3329 in
1052 3272 1434 3344 procreatione
1477 3269 1702 3335 mundi,
1734 3261 2000 3340 praepo-'

380 3385 408 3424 s
437 3371 508 3422 tio
549 3386 664 3437 per,
693 3383 849 3437 aeque
888 3367 1102 3436 pollens
1132 3375 1296 3433 atque
1327 3362 1642 3433 praepositio
1672 3378 1757 3429 ex,
1796 3360 1941 3415 idem

377 3476 500 3517 esse
531 3460 676 3515 inter
703 3475 760 3515 se
791 3474 1058 3530 personas
1087 3456 1379 3529 signiﬁcet,
1411 3470 1536 3509 cum
1567 3463 1747 3508 tamen
1777 3453 1943 3507 etiam

378 3553 790 3609 distinctionem
824 3566 1013 3607 earum
1050 3565 1206 3620 aeque
1236 3549 1458 3605 denotet
1485 3564 1501 3603 :
1533 3548 1641 3602 hoc
1667 3545 1815 3601 enim
1843 3559 1945 3600 nec

382 3646 499 3714 ipse
552 3642 904 3697 adversarius
948 3640 1212 3710 negabit;
1265 3639 1320 3693 in
1351 3638 1719 3709 productione
1761 3644 1943 3691 autem

381 3736 623 3805 Spiritus
649 3733 858 3795 sancti,
893 3746 1003 3785 non
1045 3731 1218 3795 item;
1261 3730 1359 3785 sed
1401 3738 1612 3783 tantum
1651 3726 1944 3782 diversita-

384 3836 490 3881 tem
513 3866 527 3891 ,
566 3838 624 3880 et
656 3825 897 3893 undique
930 3815 1365 3877 distinctionem:
1407 3820 1598 3890 Neque
1626 3817 1945 3884 erubescit,

382 3928 573 3975 contra
649 3933 707 3972 se
747 3916 1027 3970 adducens
1074 3929 1330 3985 magnum
1376 3913 1679 3976 Basilium,
1732 3910 1824 3979 qui
1868 3918 1947 3963 te-

380 4020 559 4066 statur
609 4024 798 4063 vocem
854 4006 1023 4071 illam,
1083 4021 1176 4075 per
1226 4003 1443 4066 Filium,
1502 4001 1569 4055 ad
1621 3998 1945 4070 originalem

381 4117 601 4157 causam
635 4114 742 4155 non
776 4097 1004 4153 referre.
1050 4098 1120 4149 At
1160 4103 1312 4149 certe
1341 4108 1442 4147 nos
1471 4107 1537 4146 ex
1566 4091 1782 4144 duabus
1815 4104 1947 4159 per-

380 4194 531 4250 sonis
553 4233 569 4259 ,
617 4193 777 4247 Patre
804 4232 819 4256 ,
864 4192 1084 4260 inquam
1104 4229 1119 4255 ,
1149 4197 1204 4241 et
1247 4184 1389 4241 Filio
1410 4226 1423 4248 ,
1453 4185 1637 4238 dicere
1680 4182 1947 4253 Spiritum

379 4295 632 4343 sanctum
666 4286 929 4341 exsistere
951 4322 966 4348 ,
997 4283 1083 4337 vel
1112 4281 1347 4334 maxime
1381 4275 1701 4340 fatebimur,
1732 4283 1788 4330 et
1818 4289 1949 4329 con-

381 4380 645 4435 cedemus
675 4394 690 4444 ;
722 4375 861 4431 nihil
898 4376 1046 4430 enim
1082 4381 1370 4442 operatur,
1407 4369 1516 4424 nisi
1552 4377 1823 4439 quatenus
1863 4375 1949 4421 est

381 4471 487 4526 hoc
536 4468 780 4538 aliquid,
832 4478 999 4536 atque
1050 4463 1398 4520 individuum
1431 4478 1446 4515 :
1478 4476 1587 4529 qua
1640 4472 1770 4513 vero
1818 4456 1947 4510 talia
1978 4450 2026 4509 D

381 4566 544 4620 Pater
581 4571 637 4617 et
672 4562 845 4617 Filius
872 4561 983 4614 duo
1014 4566 1164 4614 sunt.
1202 4555 1435 4611 At'vero
1467 4553 1684 4606 diverse
1711 4549 1779 4603 ab
1810 4547 1945 4617 ipsis

380 4654 720 4725 procedere,
762 4652 816 4706 id
868 4664 1151 4719 nunquam
1192 4644 1599 4707 concedemus,
1651 4652 1944 4712 quousque

385 4746 642 4802 audimus
673 4752 895 4799 sanctos
929 4743 1177 4796 dicentes
1200 4780 1214 4805 ,
1244 4737 1510 4807 Spiritum
1540 4742 1789 4789 sanctum
1826 4744 1949 4785 esse

384 4839 766 4909 operationem
835 4834 1141 4890 naturalem
1182 4845 1338 4901 mque
1378 4827 1501 4884 Filii
1542 4834 1706 4895 atque
1742 4822 1947 4879 Patris.

388 4931 563 4987 Unam
590 4938 771 4985 autem
800 4925 1173 4997 operationem
1202 4938 1321 4977 esse
1347 4919 1525 4974 Patris
1546 4926 1603 4973 et
1626 4915 1751 4970 Filii
1774 4954 1790 4980 ,
1818 4929 1951 4969 con-

383 5030 594 5076 stanter
622 5020 921 5076 credimus.
962 5017 1077 5070 Nisi
1121 5015 1261 5069 forte
1296 5021 1353 5066 et
1388 5012 1508 5082 ipse
1541 5023 1665 5063 cum
1706 5006 1844 5061 dicit
1883 5019 1952 5059 ex

387 5116 572 5181 Patre,
602 5122 658 5168 et
688 5112 848 5174 Filio,
882 5118 938 5165 et
962 5107 1172 5178 Spiritu
1205 5113 1421 5167 sancto,
1455 5100 1540 5155 vel
1572 5114 1639 5153 ex
1662 5099 1825 5152 Patre
1852 5109 1951 5165 per

387 5203 584 5258 Filium
613 5203 669 5257 in
698 5201 906 5272 Spiritui
933 5207 1124 5256 sancto
1146 5201 1493 5267 procreatum
1520 5204 1640 5245 esse
1659 5188 1950 5272 mundum,

383 5313 496 5350 non
538 5306 649 5350 tres
690 5268 898 5348 tantum
942 5291 1037 5362 (id
1073 5290 1221 5343 enim
1253 5287 1444 5355 utique
1478 5268 1825 5348 fateretur),
1855 5275 1952 5333 sed

383 5397 440 5443 et
478 5388 697 5442 diverse
740 5396 849 5440 tres
886 5381 1186 5437 fabricatos
1226 5393 1351 5433 esse
1388 5374 1655 5430 mundum
1708 5377 1942 5427 asserat.

385 5478 544 5546 Quod
597 5479 643 5533 si
694 5477 948 5540 miratur,
1004 5471 1283 5543 quomodo
1326 5470 1471 5523 idem
1511 5479 1632 5520 esse
1670 5465 1817 5519 inter
1854 5476 1949 5526 se,

385 5581 550 5637 atque
581 5567 833 5623 eamdem
868 5565 1211 5621 voluntatem
1233 5604 1248 5627 ,
1282 5558 1674 5631 praepositione
1703 5571 1818 5625 per,
1853 5554 1952 5609 de-

386 5668 652 5722 notante,
696 5674 797 5714 nos
832 5674 900 5713 cx
940 5658 1039 5713 ista
1080 5653 1467 5725 praepositione
1505 5650 1752 5705 indicare
1792 5645 1953 5700 volu-

390 5759 549 5813 mus,
607 5746 808 5803 Filium
866 5763 984 5802 esse
1041 5761 1259 5803 causam
1320 5741 1620 5801 cxsistendi
1681 5738 1949 5809 Spiritum

2044 3274 2142 3345 τὴν
2178 3271 2475 3341 ἑτερότητα
2518 3268 2609 3321 καὶ
2640 3254 2822 3333 πάντη
2846 3262 3144 3332 διάκρισιν.
3179 3258 3292 3311 Καὶ
3327 3254 3447 3308 οὐδὲ
3487 3254 3613 3305 ἐαυ-

2044 3367 2137 3420 τδν
2185 3364 2523 3435 αἰσχύνεται,
2580 3357 2702 3413 καθ’
2745 3355 2941 3410 ἑαυτοῦ
3000 3348 3353 3422 προκομίζων
3407 3359 3620 3435 μαρτυ·

2048 3461 2243 3534 ροῦντα
2284 3433 2382 3510 τὸν
2432 3456 2606 3524 μέγαν
2645 3448 2954 3509 Βασίλειον,
2989 3445 3091 3516 τὴν
3132 3441 3209 3496 δι’
3256 3436 3395 3494 Υίοῢ
3430 3433 3619 3534 φωνην

2046 3526 2143 3618 τῆς
2174 3542 2660 3617 προκαταρκτικῆς
2688 3539 2876 3602 αἰτίας
2928 3537 3076 3606 ἔχειν
3114 3530 3429 3603 ὁμολογίαν.
3469 3526 3617 3618 Ἀλλ’

2047 3615 2323 3709 ἡμεῖς-ὲκ
2382 3635 2484 3705 μὲν
2531 3631 2644 3686 τῶν
2691 3629 2787 3684 δύο
2837 3625 3197 3681 ὑποστάσεων
3254 3618 3466 3709 Harpe;
3521 3615 3620 3670 καὶ

2046 3708 2181 3783 Υίοῦ
2210 3728 2391 3795 λέγειν
2415 3725 2476 3779 τδ
2502 3723 2730 3791 Πνεῦμα
2759 3720 2821 3774 τδ
2855 3719 3013 3786 ἆγιον
3042 3716 3149 3785 τὴνι
3173 3712 3408 3780 ὕπαρξιν
3446 3708 3619 3778 ἔχειν,

2047 3821 2143 3874 atati.
2177 3818 2384 3886 σφόδρα
2430 3810 2942 3884 συνομολογήσομεν
2970 3822 2983 3836 ·
3036 3805 3186 3858 οὐδὲν
3224 3804 3334 3872 γὰρ
3381 3796 3618 3866 ἐνεργεῖ,

2050 3914 2098 3965 εἰ
2132 3911 2209 3980 μὴ
2242 3908 2379 3963 καθὸ
2409 3906 2531 3960 τόδε
2576 3921 2629 3957 τι
2660 3901 2755 3956 καὶ
2782 3900 2983 3968 ἄτομον
3012 3914 3026 3929 ο
3053 3894 3191 3950 καθδ
3235 3893 3290 3947 δὲ
3325 3888 3547 3944 τοιαῦτα
3590 3889 3620 3941 ό

2047 4004 2240 4074 Πατὴρ
2277 4003 2373 4055 καὶ
2403 4000 2532 4061 Υἰός
2588 3997 2698 4050 εἰσι
2749 3990 2879 4059 δύο,
2909 3990 3183 4059 διαφόρως
3232 3986 3290 4039 δὲ
3335 3983 3393 4048 ἐξ
3434 3980 3619 4074 αὐτῶν

2047 4072 2316 4169 προϊέναι,
2348 4091 2509 4147 τοῦτο
2540 4090 2598 4144 δὲ
2632 4088 2691 4141 ού
2726 4083 3181 4153 συγχωρήσομεν.
3212 4078 3318 4169 ἕως
3350 4074 3417 4130 ἂν
3451 4072 3619 4169 ίνὲρῖ

2048 4161 2202 4255 γειαν
2257 4184 2355 4252 μὲν
2412 4170 2602 4250 ὥσπερ
2647 4175 2743 4231 τοῦ
2805 4172 3041 4244 Πατρδς,
3072 4169 3214 4224 οὕτω
3265 4167 3331 4235 δὴ
3381 4163 3475 4219 καὶ
3518 4161 3619 4215 τοῦ

2049 4279 2179 4333 Υἱοῦ
2209 4279 2490 4346 ἐνέργειαν
2519 4269 2753 4341 φυσικὴν
2780 4266 3049 4334 λεγόντων
3072 4261 3182 4315 τῶν
3209 4259 3383 4325 άγίων
3407 4256 3622 4309 ἁκούω-

2052 4390 2151 4444 μεν
2182 4372 2241 4423 τὸ
2273 4366 2496 4435 Πνεῦμα
2519 4364 2580 4417 τὸ
2599 4364 2754 4431 ἆγιον
2778 4374 2795 4392 ⁸
2831 4360 2961 4430 μίαν
2994 4357 3052 4410 δὲ
3084 4356 3373 4423 ἐνέργειαν
3396 4348 3622 4417 Πατρδς

2051 4442 2149 4518 καὶ
2190 4458 2323 4514 Υίοῦ
2370 4453 2530 4521 εἶναι,
2561 4455 2655 4509 καὶ
2708 4453 2851 4523 μάλα
2903 4448 3271 4517 πιστεύομεν·
3311 4444 3359 4496 εἰ
3395 4442 3469 4511 μὴ
3522 4442 3624 4494 καὶ

2052 4554 2213 4616 αὐτὸς
2248 4554 2312 4604 ἐκ
2347 4547 2561 4618 Πατρὸς
2590 4545 2686 4601 καὶ
2711 4541 2842 4597 Υίοῦ
2875 4540 2971 4594 καὶ
3000 4537 3096 4592 τοῦ
3130 4533 3464 4603 Πνεύματος,
3492 4532 3524 4600 ἢ
3555 4531 3625 4583 ὲκ

2053 4642 2266 4713 Πατρδς
2295 4639 2364 4694 δι’
2395 4636 2527 4691 Υἰοῦ
2582 4637 2640 4688 ὲν
2672 4632 2952 4702 Πνεύματι
2976 4628 3152 4696 λέγων
3181 4624 3484 4692 ὑποστῆναι
3527 4620 3623 4672 τὸν

2052 4734 2275 4801 κόσμον,
2315 4729 2416 4783 ούκ
2456 4728 2519 4779 ὲκ
2563 4724 2728 4796 τριῶν
2787 4723 2953 4792 μόνον
3003 4716 3362 4772 ὑποστάσεων
3418 4713 3622 4782 φάσκει

2051 4818 2552 4892 δεδημιούργηταισθαι
2572 4832 2587 4849 ·
2619 4814 2778 4868 τοῦτο
2822 4814 2935 4883 γάρ
2986 4810 3123 4880 φαίη
3155 4808 3222 4862 ἂν
3252 4808 3448 4877 δήπου,
3480 4805 3622 4892 ἀλλὰ

2053 4890 2470 4979 καί-διαφόρως
2521 4906 2586 4958 ὲκ
2632 4905 2740 4957 τῶν
2772 4901 2961 4973 τριῶν.
2996 4900 3059 4952 Εἰ
3093 4898 3150 4950 δὲ
3191 4894 3466 4965 θαυμάζει
3498 4890 3622 4955 πῶς

2052 5005 2112 5058 τὸ
2139 5003 2332 5055 ταοτον
2383 4998 2479 5051 κοιλ⁸
2511 4993 2811 5065 ὁμόδουλον
2844 4990 2941 5059 τῆς
3004 4986 3104 5041 διὰ
3151 4984 3620 5055 παριστανούσης,

2052 5094 2212 5163 ἡμεῖς
2250 5089 2421 5143 αἴτιον
2460 5085 2550 5139 διὰ
2580 5082 2788 5152 ταύτης
2816 5078 3010 5148 δηλοῦν
3039 5076 3129 5129 τὸν
3155 5075 3283 5127 Υἰὸν
3307 5073 3407 5141 τῆς
3442 5071 3622 5137 ὑπάρ-

2056 5184 2188 5251 ξεως
2219 5182 2312 5235 τοῦ
2351 5180 2672 5248 Πνεύματος
2700 5173 2795 5228 τοῦ
2842 5171 3000 5240 άγίου
3046 5165 3375 5240 βουλόμεθα,
3404 5165 3623 5232 θαυμα-

2053 5278 2194 5342 ζέτω
2222 5276 2488 5344 πρότερον
2536 5268 2754 5332 ἑαυτὸν,
2785 5266 2932 5327 ὅπως
2978 5263 3067 5315 διὰ
3097 5260 3191 5313 τοῦ
3223 5257 3357 5311 Υἰοῦ
3386 5254 3621 5324 γεγενῆ-

2055 5367 2181 5421 σθαι
2210 5366 2381 5432 λέγων
2417 5362 2506 5415 τὸν
2535 5360 2761 5427 κόσμον,
2792 5357 2981 5408 ἔπειτα
3013 5352 3203 5404 τοῦτον
3230 5350 3407 5403 αἴτιον
3444 5345 3625 5399 οἴεται

2053 5460 2151 5527 τῆς
2187 5455 2281 5508 τοῦ
2332 5454 2538 5521 κόσμου
2578 5446 2919 5518 παραγωγῆς
2979 5443 3068 5497 διά
3104 5441 3205 5510 τῆς
3261 5440 3360 5493 διὰ
3408 5438 3624 5491 δείκνυ-

2057 5550 2202 5603 σθαι.
2236 5547 2303 5599 Ἣ
2347 5544 2557 5597 εἰπάτω
2608 5538 2683 5609 μὴ
2728 5532 2871 5589 εἶναι
2916 5534 3024 5588 τῶν
3072 5534 3241 5586 όντων
3298 5532 3473 5586 αἴτιον
3526 5529 3625 5581 τὸν

2058 5640 2209 5706 rm,
2242 5638 2339 5690 καὶ
2373 5631 2529 5702 κακῷ
2559 5630 2620 5682 τὸ
2663 5627 2833 5681 κακὸν
2876 5624 3141 5680 ἰασάσθω.
3179 5622 3402 5690 Είσάγει
3433 5619 3492 5674 δὲ
3527 5620 3625 5671 καὶ

2065 5730 2371 5805 μαρτυρίαν
2402 5725 2495 5778 τοῦ
2533 5722 2677 5777 θείου
2721 5717 2974 5787 Μαξίμου
3020 5716 3169 5770 οὐδὲν
3199 5714 3365 5768 οὖσαν
3395 5710 3529 5780 πρὸς
3558 5710 3625 5762 re
