3966 6218
359 331 462 394 949

1316 327 1700 390 APOLOGIA
1743 328 2365 392 INSCRIPTIONUM
2407 332 2646 395 VECCI.

3482 331 3591 397 ib)

353 447 739 520 προκείμενον.
783 445 893 498 Καὶ
944 445 1112 514 ἡμεῖς
1144 445 1252 516 γὰρ
1302 446 1370 500 ἂν
1417 446 1660 517 φαίημεν
1692 445 1791 517 τὴν
1824 449 1920 502 διὰ

2037 458 2314 516 sanctum;
2370 450 2603 504 miretur
2656 450 2840 520 potius
2914 452 3195 520 seipsum,
3266 469 3378 524 quo
3427 468 3592 528 pacto

354 540 455 610 τὴν
482 539 676 590 ἕνωσιν
705 537 800 590 καὶ
831 536 890 590 τὸ
920 536 1340 605 ἀπαράλλακτον
1370 537 1472 605 τῆς
1493 538 1682 600 οὐσίας
1713 539 1926 608 Πατρὸς

357 632 454 686 καὶ
501 629 627 682 Υἱοῦ
677 627 1060 700 παριστάνειν.
1104 629 1292 698 Ἰσμεν
1319 629 1426 698 γὰρ
1469 631 1624 694 τάξιν
1658 630 1782 684 τινὰ
1832 631 1926 684 καί

358 723 546 793 σχέσιν
588 721 678 774 ἀεὶ
729 720 817 772 διὰ
864 720 962 788 τῆς
1014 719 1112 773 διὰ
1160 719 1254 774 τοῦ
1307 714 1480 790 ἑφ⁹οὗ
1513 721 1652 792 αῦτη
1683 722 1925 790 λέγεται,

358 813 494 881 πρὸς
542 811 633 863 τὸν
673 811 761 877 ἐφ’
795 804 857 864 οὗ
884 813 950 880 τῇ
978 809 1047 863 ἐκ
1078 810 1339 880 χρώμεθα
1397 812 1490 865 καὶ
1543 813 1690 880 μάλα
1737 811 1928 881 δηλοῦ-

360 901 486 954 σθαι
511 917 525 931 ·
556 900 687 953 αὐτὸ
716 901 903 969 μέντοι
933 899 1092 952 τοῦτο
1133 901 1193 952 τὸ
1222 901 1418 954 ταυτόν
1467 918 1526 953 τε
1554 904 1646 955 καὶ⁸
1676 901 1930 971 ἀπαράλ-

357 992 558 1045 λακτον
602 990 779 1044 αἴτιον
829 986 970 1045 εἶναι
1023 991 1122 1044 καὶ
1161 983 1259 1043 τοῦ
1289 992 1460 1044 ταυτὰ
1505 992 1585 1062 τῷ
1632 993 1808 1063 Πατρὶ
1841 994 1932 1046 τὸν

361 1085 491 1136 Υίὸν
513 1083 800 1146 δύνασθαι,
828 1083 929 1135 καὶ
959 1082 1030 1134 δι’
1061 1081 1226 1135 αὑτοῦ
1263 1084 1512 1152 προϊέναι
1564 1085 1625 1136 τὸ
1676 1084 1928 1154 Πνεῦμα.

362 1175 524 1228 Κατὰ
571 1175 669 1245 μὲν
699 1174 806 1244 γὰρ
837 1175 931 1226 τὸν
960 1173 1102 1226 θεῖον
1148 1172 1415 1244 Κύριλλον
1443 1173 1501 1240 ἐξ
1533 1174 1760 1244 ἀμφοῖν,
1793 1175 1825 1244 ἢ
1866 1179 1930 1230 ἐκ

361 1271 576 1338 Πατρὸς
630 1267 700 1320 δι’
764 1266 1086 1333 Υίοῦ,κατά
1141 1265 1197 1320 δὲ
1254 1268 1346 1320 τὸν
1389 1267 1554 1320 αὑτὸν
1585 1267 1839 1337 Μάξιμον
1868 1269 1930 1320 ἐκ

363 1361 578 1430 Πατρὺς
632 1360 726 1413 καί
779 1358 932 1423 Υἰοῦ,
979 1357 1078 1411 εἰτ’
1132 1356 1226 1411 οὖν
1280 1359 1343 1410 ὲκ
1403 1359 1616 1429 Πατρδς
1670 1358 1738 1411 δι’
1797 1357 1929 1412 Υίοῦ

360 1454 747 1522 ἐκπορεύεται,
798 1452 1048 1504 τουτέστι
1098 1450 1197 1521 τὴν
1247 1451 1483 1522 ὓπαρξιν
1536 1452 1666 1521 ἔχει.
1701 1451 1776 1504 Τὸ
1820 1451 1930 1520 γάρ

362 1546 757 1616 ἐκπορεύεσθαι
799 1544 893 1614 καὶ
927 1544 1090 1607 αὐτὸς
1139 1543 1205 1598 ἂν
1247 1545 1382 1612 φαίη
1439 1545 1503 1597 τὸ
1551 1549 1652 1614 τὴν
1697 1543 1931 1615 ὕπαρξιν

362 1639 514 1706 ἔχειν
559 1639 864 1708 σημαίνειν,
897 1640 992 1690 καὶ
1045 1637 1283 1707 μάλιστα
1319 1637 1463 1688 κατὰ
1507 1636 1636 1698 τοῦς
1671 1635 1829 1688 τοῦτο
1871 1634 1932 1688 τὸ

362 1726 541 1793 δνομα
565 1725 1016 1795 άποκληροῦντας
1059 1725 1128 1794 τῇ
1165 1723 1397 1792 ὑπάρξει
1446 1722 1542 1776 τοῦ
1595 1721 1928 1790 Πνεύματος.

2027 555 2125 608 per
2161 539 2356 594 Filium
2387 541 2674 595 conditum
2710 555 2831 596 esse
2866 542 3136 596 mundum
3172 543 3358 611 dicat,
3390 545 3607 604 deinde.

2027 630 2225 685 Filium
2264 647 2330 686 ex
2364 633 2749 701 praepositione
2786 649 2900 702 per,
2942 634 3162 688 ostendi
3208 651 3426 692 causam
3467 653 3591 694 esse

2029 720 2426 789 procreationis
2466 721 2654 775 mundi
2689 723 3013 776 arbitretur.
3052 723 3146 778 Vel
3195 724 3350 779 dicat
3387 726 3588 780 Filium

2029 823 2138 862 non
2191 824 2315 863 esse
2357 826 2578 864 causam
2631 828 2848 878 rerum,
2896 823 2952 868 et
2999 814 3300 869 absurdum
3353 817 3595 872 absurdo

2030 900 2315 954 emendet.
2359 901 2595 954 Adducit
2635 912 2816 955 autem
2864 911 2920 957 et
2956 904 3331 958 testimonium
3383 905 3444 959 D.
3479 906 3593 962 Ma-

2030 991 2160 1044 ximi
2183 1028 2198 1053 ,
2227 992 2374 1060 quod
2409 991 2546 1046 nihil
2582 991 2712 1045 facit
2748 991 2817 1046 ad
2853 1008 2990 1048 rem.
3037 993 3249 1048 Etenim
3292 1010 3392 1049 nos
3421 996 3590 1051 etiam

2029 1080 2350 1144 faterentur,
2398 1082 2840 1151 praepositionem
2888 1099 3008 1153 per,
3038 1086 3485 1152 conjunctionem
3531 1098 3592 1142 et

2030 1167 2525 1224 immutabilitatem
2581 1171 2840 1228 essentia:
2891 1174 3066 1228 Patris
3121 1183 3176 1228 et
3227 1175 3350 1228 Filii
3405 1177 3593 1245 expri-

2029 1275 2218 1325 mere;
2260 1260 2466 1315 scimus
2496 1263 2640 1316 enim
2685 1263 2786 1317 hac
2832 1265 3228 1334 praepositione
3279 1283 3392 1336 per,
3443 1267 3596 1322 ordi-

2031 1364 2154 1405 nem
2183 1351 2477 1418 quemdam
2524 1362 2581 1406 et
2630 1353 2961 1408 relationem
3013 1354 3100 1409 vel
3152 1357 3390 1410 maxime
3443 1357 3596 1412 illius

2030 1441 2326 1505 signiﬁcari
2383 1442 2451 1496 de
2495 1458 2604 1512 quo
2657 1444 2776 1511 ipsa
2853 1445 3205 1512 praedicatur,
3251 1445 3318 1500 ad
3365 1461 3490 1501 eum
3540 1447 3596 1500 in

2028 1546 2140 1599 quo
2180 1533 2569 1601 praepositione
2637 1550 2702 1587 ea:
2751 1535 2997 1590 utimur:
3031 1537 3137 1591 hoc
3179 1538 3357 1607 ipsum
3412 1549 3597 1592 tamen

2031 1621 2174 1676 idem
2221 1637 2343 1679 esse
2379 1623 2524 1680 inter
2571 1641 2631 1680 se
2667 1627 3300 1696 et-immutahilitatem,
3355 1630 3594 1686 dicimus

2033 1727 2153 1768 esse
2217 1729 2436 1768 causam
2492 1731 2591 1770 cur
2638 1717 2809 1771 Filius
2867 1719 3058 1773 eadem
3093 1705 3301 1789 Apossit
3365 1737 3488 1792 quae
3544 1731 3601 1777 et

365 1820 426 1870 Εἰ
465 1817 525 1870 δὲ
554 1817 643 1870 τὸν
673 1793 800 1870 rte)
834 1818 910 1886 μὴ
944 1793 1123 1868 ποιεῖν
1154 1831 1319 1882 φησιν
1342 1815 1370 1865 ὁ
1397 1811 1719 1874 διδάσκαλος
1748 1809 1931 1864 αἰτίαν

2037 1802 2233 1868 Pater;
2264 1815 2324 1858 ut
2352 1814 2409 1859 et
2441 1820 2538 1874 per
2573 1806 2751 1874 ipsum
2787 1810 3047 1876 procedat
3080 1809 3316 1880 Spiritus
3345 1823 3594 1868 sanctus.

361 1909 459 1962 τοῦ
502 1910 840 1978 Πνεῦματος,
871 1907 1006 1961 ἀλλὰ
1056 1907 1148 1960 τὸν
1201 1906 1440 1974 Πατέρα,
1493 1903 1568 1973 μὴ
1619 1902 1931 1972 θαυμάσῃς,

362 2000 414 2050 εί
447 1998 546 2068 τῆς
592 1996 917 2066 Ἑλληνικῆς
973 1995 1159 2065 φωνῆς
1223 1991 1654 2063 άναμνησθείης,
1707 1991 1800 2044 καὶ
1843 1991 1933 2041 ὲπὶ

363 2089 514 2150 τίνος
542 2086 683 2154 αῦτη
712 2087 921 2157 κυρίως
962 2088 1027 2155 τῇ
1075 2082 1227 2154 αἰτίᾳ
1263 2083 1356 2136 καὶ
1394 2082 1472 2149 τῷ
1497 2081 1724 2151 ὀνόματι
1758 2079 1934 2150 τούτῳ

363 2177 528 2232 εῑωθε
557 2177 830 2248 χρῆσθαι⁶
877 2176 1036 2245 δῆλον
1068 2175 1178 2244 γὰρ
1216 2175 1279 2243 δὴ
1321 2172 1420 2242 τὴν
1454 2171 1934 2242 προκαταρκτικὴν

364 2272 464 2323 καὶ
513 2268 770 2340 ἀρχοειδῆ
804 2269 984 2321 αἰτίαν
1015 2266 1114 2320 καὶ
1143 2264 1321 2335 πηγὴν
1355 2263 1449 2317 καὶ
1489 2265 1643 2333 ῥίζαν
1677 2263 1932 2328 ἑκάστου,

363 2362 574 2432 ταύτην
625 2361 832 2428 κυρίως
881 2359 1062 2412 αἰτίαν
1113 2356 1424 2419 καλεῖσθαι,
1461 2355 1582 2406 οἵαν
1635 2355 1796 2422 μόνον
1843 2353 1935 2406 τὸν

370 2453 590 2521 Πατέρα
621 2450 912 2520 ὑπάρχειν,
941 2448 1026 2512 τίς
1050 2448 1150 2500 οὐκ
1185 2448 1251 2500 ἂν
1304 2445 1592 2510 συνθοῖτο;
1623 2445 1734 2496 Καὶ
1777 2443 1935 2514 δῆλον

345 2544 622 2608 ,ἐντεῦθεν
643 2561 659 2577 ο
687 2545 784 2613 τῆς
816 2542 914 2613 μὲν
945 2541 1053 2610 γάρ
1083 2540 1315 2601 κτίσεως
1354 2538 1448 2591 καὶ
1475 2536 1570 2590 τὸν
1596 2537 1722 2592 Υῐὸν
1753 2536 1850 2589 καὶ
1877 2533 1937 2588 τὸ

370 2635 598 2702 Πνεῦμα
628 2635 808 2686 αἰτίαν
847 2631 1116 2702 ὑπάρχειν
1147 2629 1320 2692 οὐδεὶς
1352 2629 1460 2681 τῶν
1491 2629 1548 2680 ὲν
1579 2629 1933 2695 Χριστιανοῑς

370 2725 670 2777 τελούντων
697 2725 1016 2793 ἀρνήσαιτο.
1061 2721 1204 2774 Ἀλλ’
1231 2721 1259 2772 δ
1307 2719 1568 2786 Θεολόγος
1605 2718 1932 2788 Γρηγὸριος,

375 2836 394 2870 ι
429 2819 587 2879 Θεὸς,
634 2817 818 2886 φησὶν,
850 2818 909 2868 ἐν
958 2814 1138 2884 τρισὶν
1200 2813 1417 2866 ἵσταται
1465 2812 1579 2873 τοῖς
1627 2809 1932 2879 μεγίστοις,

369 2911 553 2978 αἰτίῳ,
587 2910 681 2961 καὶ
731 2904 1070 2976 δημιουργῷ,
1122 2902 1216 2956 καὶ
1258 2900 1596 2970 τελειοποιῷ.
1641 2899 1718 2969 τῷ
1764 2900 1937 2967 Πατρὶ

371 3000 515 3067 λέγω
563 3001 655 3052 καὶ
684 2998 759 3068 τῷ
788 2997 900 3066 Υἰῷ
940 2999 1036 3049 καὶ
1082 2997 1158 3066 τῷ
1190 2994 1327 3064 ἁγίῳ
1355 2992 1655 3062 Πνεύματι.
1700 2991 1938 3043 Ἀκούων

370 3087 425 3138 δὲ
483 3085 741 3156 ἀρχοειδῆ
793 3085 884 3137 τὸν
932 3083 1152 3153 Πατέρα
1200 3081 1404 3146 αἰτίαν,
1435 3081 1510 3148 μὴ
1543 3079 1797 3179 ⁸νομίσῃς
1815 3078 1935 3179 jar]
1964 3121 2006 3179 ϐ

373 3178 469 3228 καὶ
508 3177 586 3245 μὴ
620 3175 874 3238 Θέλοντας
907 3176 1185 3245 διαφόρως
1220 3173 1402 3239 λέγειν
1430 3172 1521 3222 τὸν
1543 3170 1671 3221 Υἰὸν
1704 3169 1939 3237 προόάλ-

329 3301 340 3316 ς
369 3266 485 3318 λειν
517 3267 581 3318 τὸ
631 3265 876 3334 Πνεῦμα,
911 3266 987 3334 μὴ
1040 3263 1295 3333 ἀρχοειδῆ
1345 3261 1475 3314 ὄντα
1520 3259 1702 3312 αἰτίαν
1729 3274 1742 3289 ⁸
1781 3258 1938 3312 τοῦτο

372 3356 480 3423 γὰρ
527 3354 681 3408 οῦδὲν
729 3349 893 3424 ἦττον
923 3369 1020 3406 και
1063 3353 1160 3404 ἐπὶ
1201 3351 1299 3420 τῆς
1333 3351 1564 3412 κτίσεως
1598 3350 1812 3414 ἕπεται,
1845 3349 1938 3403 καὶ

373 3444 594 3495 πάντων
642 3442 829 3505 ἁπλῶς
876 3436 1010 3516 divo
1060 3441 1182 3503 Υἱὸς
1217 3440 1356 3509 ἔχει.
1386 3438 1520 3492 Οὐδὲ
1572 3439 1681 3509 γάρ
1733 3437 1940 3507 ταύτης

372 3516 681 3604 ἀρχοειδὴξ
713 3535 887 3596 αῐτιος
941 3535 970 3585 ὁ
1015 3531 1164 3594 Υἰὸς,
1214 3531 1372 3600 εἴπερ
1420 3529 1683 3591 αίτιατῶς
1730 3546 1788 3581 τε
1843 3529 1939 3581 καὶ

376 3627 567 3686 υἰῑκῶς
600 3625 818 3678 ἅπαντα
845 3624 981 3693 ἔχει,
1021 3624 1122 3676 ὅσα
1165 3624 1261 3676 καὶ
1286 3625 1314 3676 ὁ
1348 3621 1539 3691 Πατὴρ
1567 3619 1852 3690 πατρικῶς
1877 3635 1936 3672 τε

374 3717 468 3768 καὶ
499 3714 780 3777 ἀναιτίως.
825 3713 966 3766 Ἀλλ’
990 3713 1138 3784 ὅμως
1171 3714 1264 3766 καὶ
1303 3713 1331 3764 δ
1362 3713 1525 3775 αὑτός
1557 3714 1708 3764 ἐστιν
1739 3710 1936 3774 αἴτιος,

374 3809 469 3859 καὶ
502 3807 600 3876 μία
646 3806 784 3876 μετά
835 3806 928 3860 τοῦ
963 3806 1175 3876 Πιτρδς
1207 3805 1357 3858 αἰτία
1391 3804 1501 3857 τῶν
1538 3803 1728 3866 ὄντων,
1756 3803 1849 3854 καὶ
1878 3802 1939 3855 τὸ

372 3899 570 3949 ταυτὸν
618 3895 784 3949 αὑτοῦ
837 3898 932 3949 καί
985 3894 1305 3966 ὁμόὸουλον,
1338 3895 1490 3947 οὐδὲν
1527 3892 1593 3964 δὴ
1639 3887 1801 3962 ἦττον
1845 3891 1940 3944 καὶ

372 3989 472 4056 τὴν
508 3989 613 4041 τῶν
656 3990 966 4058 προσώπων
993 3989 1267 4058 διάκρισιν
1299 3987 1332 4058 ἠ
1361 3985 1458 4040 διὰ
1487 3984 1830 4056 παριστάνει.

2036 1892 2341 1962 Siquidem,
2375 1896 2680 1950 secundum
2732 1897 2798 1951 Ι).
2848 1898 3134 1969 Cyrillum,
3185 1915 3253 1954 ex
3297 1903 3600 1968 ambobus,

2034 1984 2292 2038 videlicet
2317 1999 2383 2039 ex
2409 1986 2567 2060 Patre
2594 2002 2693 2055 per
2721 1987 2920 2042 Filium
2943 2028 2960 2054 ,
2989 1991 3147 2060 juxta
3180 2006 3313 2046 vero
3343 1993 3601 2047 eumdem

2035 2072 2328 2127 Maximum
2355 2089 2421 2128 ex
2455 2055 2614 2129 Patre
2641 2085 2695 2130 et
2728 2076 2866 2130 Filio
2889 2117 2904 2140 ,
2935 2055 3051 2132 sive
3081 2095 3148 2134 ex
3178 2081 3338 2135 Patre
3373 2097 3472 2150 per
3508 2082 3598 2135 Fi-

2036 2161 2167 2214 lium
2203 2162 2490 2230 procedit,
2530 2162 2636 2216 hoc
2668 2173 2751 2218 est
2791 2165 3169 2220 exsistentiam
3208 2167 3396 2221 habet.
3442 2166 3602 2232 Quod

2035 2251 2185 2306 enim
2220 2251 2307 2304 illa
2349 2266 2452 2305 vox
2489 2253 2922 2322 ἐκπορεύεσθαι,
2970 2258 3274 2324 procedere,
3329 2259 3603 2312 exsisten-

2037 2343 2167 2398 tiam
2216 2343 2419 2396 habere
2467 2342 2783 2412 signiﬁcet,
2842 2345 3009 2400 etiam
3070 2348 3189 2416 ipse
3248 2349 3603 2404 adversarius

2035 2421 2401 2492 concederet:
2441 2437 2744 2506 praesertim
2773 2439 2931 2509 juxta
2963 2455 3060 2494 eos
3091 2441 3185 2509 qui
3224 2442 3329 2496 hoc
3361 2443 3604 2499 nominis

2036 2528 2102 2582 ad
2159 2527 2576 2598 signiﬁcandam
2636 2529 3020 2586 exsistentiam
3087 2532 3334 2600 Spiritus
3389 2537 3606 2602 sancti,

2038 2617 2480 2672 accommodant.
2517 2618 2676 2684 Quod
2708 2620 2754 2674 si
2787 2620 2889 2674 iste
2919 2619 3113 2676 doctor
3143 2623 3475 2694 (Maximus)
3511 2642 3606 2680 ne-

2037 2717 2128 2778 gat
2155 2723 2213 2763 se
2244 2707 2442 2762 Filium
2475 2708 2676 2776 facere,
2709 2711 2804 2765 sed
2838 2709 3077 2776 Patrem,
3115 2728 3338 2768 causam
3365 2715 3606 2785 Spiritus

2038 2800 2256 2865 sancti;
2312 2815 2381 2854 ne
2425 2801 2643 2856 mireris
2701 2802 2748 2857 si
2799 2802 3042 2858 Grmcam
3088 2805 3329 2874 linguam
3396 2807 3450 2861 in
3485 2806 3604 2862 me-

2038 2889 2266 2944 moriatn
2299 2891 2630 2956 adduxeris,
2668 2902 2722 2948 et
2754 2893 2810 2948 in
2837 2910 2948 2962 quo
2999 2896 3222 2965 preprie
3267 2896 3371 2951 ista
3421 2897 3607 2968 lingua

2038 2981 2143 3037 hoc
2175 2983 2398 3037 nomine
2440 2999 2619 3038 causas
2662 2986 2838 3040 soleat
2887 2987 2988 3039 uti.
3031 2986 3262 3044 Constat
3303 2989 3451 3044 enim
3485 3005 3607 3043 eam

2042 3076 2260 3143 proprie
2289 3089 2510 3128 causam
2551 3077 2853 3145 appellari,
2919 3093 3042 3147 quas
3089 3080 3160 3134 sit
3206 3081 3610 3150 procatarctica'

2040 3173 2095 3217 et
2155 3163 2472 3232 originalis,
2523 3164 2647 3217 fons
2708 3175 2872 3233 atque
2921 3167 3078 3223 radix
3131 3170 3607 3242 uniuscujusque,

2039 3256 2252 3326 qualem
2289 3257 2463 3310 solum
2494 3271 2614 3310 esse
2648 3248 2865 3310 Patrem
2887 3299 2902 3322 ,
2934 3263 3058 3328 quis
3091 3276 3202 3316 non
3232 3265 3608 3318 assentiatur‘t

2039 3345 2216 3414 Atque
2253 3346 2382 3398 hinc
2410 3354 2633 3414 apparet
2661 3364 2674 3400 :
2709 3349 3008 3402 creationis
3038 3350 3184 3404 enim
3213 3354 3379 3406 etiam
3411 3354 3610 3407 Filium

2039 3445 2094 3489 et
2118 3435 2381 3505 Spiritum
2412 3447 2660 3490 sanctum
2682 3453 2803 3492 esse
2830 3453 3053 3494 causam
3078 3478 3094 3504 ,
3155 3443 3247 3508 qui
3278 3443 3424 3497 inter
3449 3443 3611 3498 Chri-

2040 3525 2249 3578 stianos
2278 3525 2369 3588 sit,
2401 3539 2566 3579 nemo
2595 3526 2837 3596 negabit.
2870 3528 3036 3597 Atqui
3065 3526 3383 3598 Gregorius,
3414 3545 3612 3601 cogno-

2043 3611 2227 3668 mento
2259 3615 2592 3684 Tlteologus,
2647 3635 2664 3668 ι
2701 3617 2842 3672 Deus
2869 3658 2884 3684 ,
2915 3618 3130 3688 inquit,
3166 3622 3222 3674 in
3272 3623 3446 3677 tribus
3491 3638 3610 3678 ωας

2045 3706 2206 3759 x-‘mis
2241 3707 2520 3773 constitit,
2555 3721 2621 3761 eo
2663 3708 2952 3777 quicausa
2986 3712 3079 3776 sit,
3117 3720 3172 3766 et
3209 3712 3430 3782 opiﬁce,
3456 3724 3513 3770 et
3541 3729 3610 3769 eo

2045 3795 2137 3864 qui
2167 3794 2636 3850 absolutissimum
2670 3797 2861 3852 reddat
2892 3813 3033 3868 opus
3053 3839 3068 3864 ,
3112 3801 3304 3867 Patre,
3345 3801 3564 3871 inquam
3590 3842 3608 3866 ,

2043 3897 2099 3942 et
2131 3887 2304 3954 Filio,
2329 3897 2383 3942 et
2425 3888 2635 3957 Spiritu
2673 3900 2883 3946 sancto.
2917 3909 2934 3942 I
2963 3891 3099 3947 Cum
3148 3909 3276 3949 vero
3312 3893 3470 3948 audis
3499 3895 3612 3949 ori-

2047 3979 2282 4050 ginaletn
2324 3994 2546 4034 causam
2574 3995 2698 4035 esse
2756 3982 3012 4049 Patrem,
3069 4001 3136 4039 ne
3183 3987 3445 4042 continuo
3494 3989 3612 4044 exi-

372 4085 604 4150 stimes,
657 4087 741 4141 vel
795 4086 1000 4141 invitos
1065 4101 1169 4140 nos
1203 4084 1359 4154 cogi,
1431 4081 1591 4139 fateri
1635 4081 1867 4145 Filium,
1911 4093 2034 4133 cum
2077 4077 2359 4147 originalis
2406 4094 2571 4133 causa
2617 4079 2843 4136 minime
2893 4083 2997 4147 sit,
3054 4084 3273 4142 diverse
3305 4089 3612 4158 producere

372 4176 640 4244 Spiritum
724 4187 1017 4242 sanctum;
1072 4177 1125 4230 id
1173 4176 1474 4230 enimnon
1539 4172 1722 4230 minus
1751 4183 1807 4228 ct
1875 4173 1929 4226 in
1957 4171 2166 4226 fabrica
2223 4171 2412 4225 mundi
2477 4173 2746 4240 sequitur,
2803 4184 2860 4228 et
2934 4177 3158 4231 omnino
3213 4180 3268 4232 in
3323 4181 3610 4242 omnibus,

371 4281 498 4335 qua:
547 4266 718 4322 Filius
767 4269 950 4322 habet.
1034 4268 1223 4337 Neque
1276 4270 1423 4324 enim
1473 4267 1757 4336 originalis
1802 4281 1968 4321 causa
2044 4276 2126 4320 est
2181 4266 2353 4321 Filius
2403 4268 2741 4322 cicatio‘nis:
2787 4269 3059 4338 siquidem
3111 4274 3294 4328 omnia
3345 4287 3608 4336 causata,

372 4367 429 4411 et
457 4359 696 4413 ﬁlialiter
724 4359 926 4422 habet,
952 4375 1294 4429 quaecunque
1322 4360 1490 4414 Pater
1524 4361 1638 4428 ipse
1672 4369 1898 4428 paterno
1941 4364 1999 4410 et
2054 4357 2352 4412 incansate.
2393 4358 2496 4411 Sed
2533 4369 2710 4414 tamen
2747 4375 2890 4414 unus
2919 4369 3082 4431 atque
3114 4361 3260 4417 idem
3291 4375 3373 4418 est
3401 4377 3612 4429 auctor,

374 4462 429 4506 et
480 4467 586 4505 una
631 4466 798 4506 causa
841 4468 965 4505 cum
1007 4453 1166 4506 Patre
1210 4467 1393 4507 rerum
1440 4453 1676 4508 exsistit.
1763 4451 1992 4522 lpsaq‘ue
2027 4449 2343 4520 praepositio
2391 4467 2511 4518 per,
2567 4467 2674 4506 non
2730 4452 2910 4506 minus
2959 4454 3373 4510 distinctionem
3423 4470 3614 4524 perso-

375 4561 607 4611 narum,
640 4562 803 4616 quam
862 4546 1008 4600 idem
1057 4563 1180 4603 esse
1236 4549 1382 4602 inter
1432 4563 1531 4614 se,
1581 4557 1746 4617 atque
1797 4548 1943 4602 idem
1986 4545 2128 4602 velle
2177 4545 2467 4616 signiﬁcat.

454 4639 520 4690 Ἀ
547 4639 604 4691 δέ
651 4655 843 4709 φησιν,
885 4637 960 4702 ὼς
1006 4638 1167 4708 ἔργον
1210 4638 1359 4702 θείας
1393 4639 1693 4711 θελήσιως,
1730 4642 1823 4692 καὶ
1857 4639 1936 4692 διὰ

2119 4639 2251 4704 Qua:
2279 4653 2406 4691 vero
2429 4638 2528 4704 ait,
2566 4638 2828 4693 nimirum
2871 4653 3008 4705 Opus
3052 4637 3253 4691 divina:
3289 4640 3612 4696 voluntatis»

374 4728 532 4782 τοῦτο
563 4731 658 4784 καὶ
688 4730 893 4802 κτίσμα
919 4730 978 4783 τὸ
1014 4729 1240 4799 Πνεῦμά
1274 4747 1480 4800 φαμεν,
1514 4730 1601 4784 διὰ
1629 4736 1687 4783 1:5
1712 4731 1810 4800 τὴν
1843 4728 1936 4782 διὰ

2045 4731 2114 4784 ob
2159 4745 2389 4798 eamque
2437 4744 2659 4784 causam
2697 4741 2752 4786 et
2802 4732 3118 4785 creaturam
3174 4731 3441 4802 Spiritum
3483 4748 3615 4787 san—

373 4821 436 4872 τδ
464 4821 664 4873 ταυτὸν
713 4821 810 4887 τῆς
859 4821 1134 4890 θελήσεως
1181 4822 1558 4891 παριστάνειν,
1595 4821 1696 4872 οὐκ
1741 4817 1838 4872 οἶδ’
1893 4820 1936 4872 εί

2044 4829 2194 4875 ctum
2237 4834 2338 4873 nos
2390 4819 2574 4887 fateri,
2624 4831 2916 4890 prepterca
2972 4823 3117 4892 quod
3154 4825 3473 4892 praepositio
3520 4839 3614 4892 per

373 4928 480 4962 τινι
505 4911 646 4977 ἄλλῳ
673 4912 813 4979 πλὴν
836 4911 1028 4963 τούτου
1060 4909 1378 4975 συνδόξειεν.
1416 4909 1478 4962 Εἰ
1508 4909 1614 4980 γὰρ
1639 4908 1726 4961 διὰ
1753 4910 1812 4960 τὸ
1843 4907 1936 4976 τὴν

2039 4912 2291 4966 eamdem
2319 4912 2653 4966 voluntatem
2685 4915 2998 4983 signiticet;
3036 4915 3224 4968 nescio
3255 4929 3323 4967 an
3357 4913 3450 4968 ulli
3477 4930 3614 4985 pra:-

373 5005 473 5056 διὰ
509 5004 572 5056 τὸ
606 5003 801 5056 ταυτὸν
847 5002 1042 5074 δηλοῦν
1091 5004 1190 5072 τῆς
1235 5001 1506 5071 θελήσεως
1560 5000 1767 5070 κτίσμα
1822 4995 1944 5052 κατ’

375 5093 538 5145 αὑτὸν
583 5093 645 5144 τὸ
688 5092 910 5161 Πνεῦμα
957 5092 1276 5158 συνάγεται,
1321 5090 1437 5152 πῶς
1475 5089 1596 5159 οὐχὶ
1627 5090 1749 5142 θεία
1780 5089 1944 5158 φύσις

375 5184 530 5235 εοται
574 5166 774 5252 μᾶλλον
798 5184 894 5235 καὶ
917 5182 1308 5252 δοξασθήσεται
1337 5181 1428 5249 ὑφ’
1449 5182 1606 5249 ἡμῶν
1634 5181 1723 5232 διὰ
1756 5180 1817 5232 τὸ
1840 5178 1939 5249 τὴν

377 5273 474 5327 διὰ
509 5276 604 5327 καὶ
633 5275 694 5328 τὸ
734 5277 831 5343 τῆς
873 5276 1062 5337 οὐσίας
1089 5276 1284 5327 ταυτὸν
1335 5273 1729 5343 παριστάνεινς
1760 5274 1939 5325 καίτοι

377 5366 479 5434 τῆς
508 5367 752 5435 ῥήσεως,
795 5366 861 5436 ἦν
913 5367 1220 5436 προήνεγκε
1257 5364 1351 5417 τοῦ
1393 5363 1630 5434 μεγάλου
1660 5363 1939 5433 Μαξίμου,

377 5467 476 5526 τὴν
499 5459 809 5527 ταυτότητά
845 5459 1049 5528 μᾶλλον
1086 5459 1183 5526 τῆς
1210 5459 1397 5520 οὐσίας
1421 5455 1618 5528 δηλοῦν
1651 5456 1940 5510 διδασκού-

382 5568 479 5619 σης
506 5568 521 5583 ο
557 5569 576 5603 ι
618 5553 738 5606 Ἵνα
767 5553 895 5623 γὰρ,
932 5553 1086 5625 φησί,
1124 5552 1185 5604 τὸ
1222 5551 1457 5620 συναφὲς
1499 5553 1601 5622 τῆς
1634 5550 1819 5615 οὐσίας
1848 5551 1940 5604 καὶ

381 5644 797 5714 απιράλὶακτον
846 5645 1262 5714 παραστήσωσι.
1306 5661 1324 5696 ι
1385 5643 1576 5696 Καίτοι
1630 5641 1726 5695 καὶ
1781 5644 1829 5695 εί
1881 5644 1941 5696 τὸ

385 5735 476 5805 τῆς
503 5735 775 5807 θελήσεως
807 5739 966 5806 μόνον
1008 5737 1197 5808 ἰδηλου
1235 5736 1424 5790 ταυτὸν
1454 5737 1487 5806 ἡ
1537 5735 1653 5802 διὰ,
1688 5735 1841 5790 οἰδὲν
1875 5737 1940 5791 ἂν

2042 5014 2129 5059 ter
2182 5005 2329 5059 hunc
2377 5004 2600 5073 probari
2648 5016 2888 5074 queant;
2941 5007 2987 5061 si
3036 5007 3188 5060 enim
3231 5021 3300 5060 ex
3348 5021 3436 5070 eo,
3468 5008 3614 5077 qttod

2043 5095 2362 5166 praepositio
2391 5112 2504 5165 per,
2539 5097 2787 5151 eamdem
2839 5097 3180 5152 voluntatem
3210 5097 3507 5168 signiﬁcet,
3547 5113 3615 5154 ex

2046 5189 2166 5260 ejus
2215 5190 2512 5253 sententia,
2562 5200 2838 5253 creatura,
2871 5205 2994 5244 esse
3025 5190 3267 5258 Spiritus
3295 5193 3609 5261 colligitur;

2048 5296 2158 5350 quo
2210 5280 2429 5334 tandem
2462 5281 2625 5334 modo
2663 5296 2771 5334 non
2805 5280 2993 5334 divina
3031 5281 3216 5350 potius
3255 5286 3360 5335 erit
3395 5291 3612 5345 natura,

2049 5384 2102 5429 et
2135 5389 2164 5427 a
2200 5374 2361 5428 nobis
2392 5375 2746 5429 venerandus
2767 5383 2930 5444 atque
2958 5374 3250 5439 colendus,
3278 5389 3344 5427 ex
3378 5387 3446 5428 eo
3463 5373 3612 5442 quod

2051 5465 2368 5532 praepositio
2405 5480 2520 5532 per,
2553 5463 2718 5518 ctiam
2753 5463 3002 5518 eamdem
3038 5463 3404 5519 substantiam
3439 5464 3611 5518 deno-

2053 5561 2168 5619 tet;
2199 5564 2253 5608 et
2279 5555 2499 5624 quidem
2533 5556 2805 5609 sententia
2837 5555 2950 5617 illa,
2974 5571 3135 5624 quam
3170 5557 3401 5626 protulit
3432 5558 3612 5627 magni

2049 5645 2306 5712 Maximi,
2354 5647 2602 5701 eamdem
2659 5647 2841 5716 patius
2889 5650 3255 5703 substantiam
3304 5649 3616 5720 signiﬁcare

2050 5753 2150 5793 nos
2213 5738 2417 5813 docet;
2460 5759 2478 5794 ι
2523 5740 2589 5795 Ct
2641 5741 2830 5810 enim,
2883 5743 3099 5814 inquit,
3163 5744 3612 5813 conjunctionetn
