  <div class='ocr_page' id='page_1' title='image "/cluster/home/n/w/nwhite01/storage/ocr_20150623/161/hvd.32044073502700/227.png"; bbox 0 0 3966 6218; ppageno 0'>
   <div class='ocr_carea' id='block_1_1' title="bbox 345 336 444 405">
    <p class='ocr_par' dir='ltr' id='par_1_1' title="bbox 345 336 444 405">
     <span class='ocr_line' id='line_1_1' title="bbox 345 336 444 405; baseline -0.071 0"><span class='ocrx_word' id='word_1_1' title='bbox 345 336 444 405; x_wconf 75' lang='grc'><strong>251</strong></span> 
     </span>
    </p>
   </div>
   <div class='ocr_carea' id='block_1_2' title="bbox 1303 278 2642 386">
    <p class='ocr_par' dir='ltr' id='par_1_2' title="bbox 1303 278 2642 386">
     <span class='ocr_line' id='line_1_2' title="bbox 1303 278 2642 386; baseline -0.013 -1"><span class='ocrx_word' id='word_1_2' title='bbox 1303 278 1812 386; x_wconf 71' lang='lat' dir='ltr'><strong>BESSABIONiS</strong></span> <span class='ocrx_word' id='word_1_3' title='bbox 1847 319 1908 382; x_wconf 88' lang='lat' dir='ltr'><strong>s.</strong></span> <span class='ocrx_word' id='word_1_4' title='bbox 1957 319 2032 378; x_wconf 72' lang='grc' dir='ltr'><strong>ιι.</strong></span> <span class='ocrx_word' id='word_1_5' title='bbox 2072 317 2136 378; x_wconf 86' lang='lat' dir='ltr'><strong>E.</strong></span> <span class='ocrx_word' id='word_1_6' title='bbox 2175 310 2642 373; x_wconf 78' lang='lat' dir='ltr'><strong>CARDINALIS</strong></span> 
     </span>
    </p>
   </div>
   <div class='ocr_carea' id='block_1_3' title="bbox 3501 302 3610 367">
    <p class='ocr_par' dir='ltr' id='par_1_3' title="bbox 3501 302 3610 367">
     <span class='ocr_line' id='line_1_3' title="bbox 3501 302 3610 367; baseline 0.009 -5"><span class='ocrx_word' id='word_1_7' title='bbox 3501 302 3610 367; x_wconf 64' lang='lat'><strong>2.32</strong></span> 
     </span>
    </p>
   </div>
   <div class='ocr_carea' id='block_1_4' title="bbox 355 420 1935 514">
    <p class='ocr_par' dir='ltr' id='par_1_4' title="bbox 355 435 1930 514">
     <span class='ocr_line' id='line_1_4' title="bbox 355 435 1930 514; baseline -0.014 -6"><span class='ocrx_word' id='word_1_8' title='bbox 355 445 685 508; x_wconf 80' lang='lat' dir='ltr'><strong>substantia:</strong></span> <span class='ocrx_word' id='word_1_9' title='bbox 760 454 925 514; x_wconf 87' lang='lat' dir='ltr'><strong>atque</strong></span> <span class='ocrx_word' id='word_1_10' title='bbox 989 440 1496 498; x_wconf 83' lang='lat' dir='ltr'><strong>immutabilitatcm</strong></span> <span class='ocrx_word' id='word_1_11' title='bbox 1590 435 1930 505; x_wconf 79' lang='lat' dir='ltr'><strong>exprimam.</strong></span> 
     </span>
    </p>
   </div>
   <div class='ocr_carea' id='block_1_5' title="bbox 2047 420 3618 514">
    <p class='ocr_par' dir='ltr' id='par_1_5' title="bbox 2047 420 3618 492">
     <span class='ocr_line' id='line_1_5' title="bbox 2047 420 3618 492; baseline -0.006 -8"><span class='ocrx_word' id='word_1_12' title='bbox 2047 431 2162 484; x_wconf 69' lang='grc' dir='ltr'><strong>οὐδὲ</strong></span> <span class='ocrx_word' id='word_1_13' title='bbox 2188 428 2362 491; x_wconf 78' lang='grc' dir='ltr'><strong>οὕτως</strong></span> <span class='ocrx_word' id='word_1_14' title='bbox 2396 427 2602 480; x_wconf 78' lang='grc' dir='ltr'><strong>ἄτοπον</strong></span> <span class='ocrx_word' id='word_1_15' title='bbox 2647 423 2853 487; x_wconf 79' lang='grc' dir='ltr'><strong>εἵπετο,</strong></span> <span class='ocrx_word' id='word_1_16' title='bbox 2885 422 2982 492; x_wconf 74' lang='grc' dir='ltr'><strong>τῆς</strong></span> <span class='ocrx_word' id='word_1_17' title='bbox 3013 420 3182 490; x_wconf 76' lang='grc' dir='ltr'><strong>αὐτῆς</strong></span> <span class='ocrx_word' id='word_1_18' title='bbox 3221 423 3314 475; x_wconf 79' lang='grc' dir='ltr'><strong>καὶ</strong></span> <span class='ocrx_word' id='word_1_19' title='bbox 3345 420 3618 490; x_wconf 78' lang='grc' dir='ltr'><strong>θελήσεως</strong></span> 
     </span>
    </p>
   </div>
   <div class='ocr_carea' id='block_1_6' title="bbox 349 529 1920 607">
    <p class='ocr_par' dir='ltr' id='par_1_6' title="bbox 349 529 1920 607">
     <span class='ocr_line' id='line_1_6' title="bbox 349 529 1920 607; baseline -0.014 -6"><span class='ocrx_word' id='word_1_20' title='bbox 349 547 576 603; x_wconf 81' lang='lat' dir='ltr'><strong>Verum.</strong></span> <span class='ocrx_word' id='word_1_21' title='bbox 609 541 742 594; x_wconf 90' lang='lat' dir='ltr'><strong>licet</strong></span> <span class='ocrx_word' id='word_1_22' title='bbox 780 535 1094 607; x_wconf 58' lang='lat' dir='ltr'><strong>prapositio</strong></span> <span class='ocrx_word' id='word_1_23' title='bbox 1154 548 1249 603; x_wconf 84' lang='lat' dir='ltr'><strong>per</strong></span> <span class='ocrx_word' id='word_1_24' title='bbox 1277 531 1528 587; x_wconf 85' lang='lat' dir='ltr'><strong>eamdem</strong></span> <span class='ocrx_word' id='word_1_25' title='bbox 1575 529 1920 581; x_wconf 75' lang='lat' dir='ltr'><strong>voluntatem</strong></span> 
     </span>
    </p>
   </div>
   <div class='ocr_carea' id='block_1_7' title="bbox 352 615 1923 700">
    <p class='ocr_par' dir='ltr' id='par_1_7' title="bbox 352 615 1923 700">
     <span class='ocr_line' id='line_1_7' title="bbox 352 615 1923 700; baseline -0.012 -11"><span class='ocrx_word' id='word_1_26' title='bbox 352 646 568 690; x_wconf 87' lang='lat' dir='ltr'><strong>tantum</strong></span> <span class='ocrx_word' id='word_1_27' title='bbox 618 629 978 700; x_wconf 86' lang='lat' dir='ltr'><strong>signiﬁcaret,</strong></span> <span class='ocrx_word' id='word_1_28' title='bbox 1032 625 1199 678; x_wconf 88' lang='lat' dir='ltr'><strong>etiam</strong></span> <span class='ocrx_word' id='word_1_29' title='bbox 1249 622 1332 677; x_wconf 83' lang='lat' dir='ltr'><strong>sic</strong></span> <span class='ocrx_word' id='word_1_30' title='bbox 1389 621 1467 674; x_wconf 90' lang='lat' dir='ltr'><strong>nil</strong></span> <span class='ocrx_word' id='word_1_31' title='bbox 1527 619 1656 673; x_wconf 85' lang='lat' dir='ltr'><strong>inde</strong></span> <span class='ocrx_word' id='word_1_32' title='bbox 1694 615 1923 672; x_wconf 75' lang='lat' dir='ltr'><strong>absurdi</strong></span> 
     </span>
    </p>
   </div>
   <div class='ocr_carea' id='block_1_8' title="bbox 351 707 1925 793">
    <p class='ocr_par' dir='ltr' id='par_1_8' title="bbox 351 707 1925 793">
     <span class='ocr_line' id='line_1_8' title="bbox 351 707 1925 793; baseline -0.013 -13"><span class='ocrx_word' id='word_1_33' title='bbox 351 732 704 793; x_wconf 74' lang='lat' dir='ltr'><strong>sequeretur,</strong></span> <span class='ocrx_word' id='word_1_34' title='bbox 737 733 862 771; x_wconf 88' lang='lat' dir='ltr'><strong>cum</strong></span> <span class='ocrx_word' id='word_1_35' title='bbox 907 715 1099 770; x_wconf 87' lang='lat' dir='ltr'><strong>eadem</strong></span> <span class='ocrx_word' id='word_1_36' title='bbox 1134 729 1256 768; x_wconf 87' lang='lat' dir='ltr'><strong>esse</strong></span> <span class='ocrx_word' id='word_1_37' title='bbox 1284 721 1339 767; x_wconf 88' lang='lat' dir='ltr'><strong>et</strong></span> <span class='ocrx_word' id='word_1_38' title='bbox 1363 711 1640 773; x_wconf 78' lang='lat' dir='ltr'><strong>voluntas,</strong></span> <span class='ocrx_word' id='word_1_39' title='bbox 1688 715 1745 762; x_wconf 88' lang='lat' dir='ltr'><strong>et</strong></span> <span class='ocrx_word' id='word_1_40' title='bbox 1793 707 1925 760; x_wconf 88' lang='lat' dir='ltr'><strong>sub-</strong></span> 
     </span>
    </p>
   </div>
   <div class='ocr_carea' id='block_1_9' title="bbox 353 801 1929 874">
    <p class='ocr_par' dir='ltr' id='par_1_9' title="bbox 353 801 1929 874">
     <span class='ocr_line' id='line_1_9' title="bbox 353 801 1929 874; baseline -0.011 -4"><span class='ocrx_word' id='word_1_41' title='bbox 353 819 559 870; x_wconf 78' lang='lat' dir='ltr'><strong>stantia</strong></span> <span class='ocrx_word' id='word_1_42' title='bbox 609 813 661 865; x_wconf 92' lang='lat' dir='ltr'><strong>in</strong></span> <span class='ocrx_word' id='word_1_43' title='bbox 716 809 829 862; x_wconf 89' lang='lat' dir='ltr'><strong>Deo</strong></span> <span class='ocrx_word' id='word_1_44' title='bbox 881 806 1261 874; x_wconf 79' lang='lat' dir='ltr'><strong>intelligatur;</strong></span> <span class='ocrx_word' id='word_1_45' title='bbox 1294 822 1311 855; x_wconf 74' lang='grc' dir='ltr'><strong>ι</strong></span> <span class='ocrx_word' id='word_1_46' title='bbox 1359 803 1504 857; x_wconf 87' lang='lat' dir='ltr'><strong>hanc</strong></span> <span class='ocrx_word' id='word_1_47' title='bbox 1541 803 1688 856; x_wconf 90' lang='lat' dir='ltr'><strong>enim</strong></span> <span class='ocrx_word' id='word_1_48' title='bbox 1724 801 1834 854; x_wconf 83' lang='lat' dir='ltr'><strong>vim</strong></span> <span class='ocrx_word' id='word_1_49' title='bbox 1873 807 1929 854; x_wconf 91' lang='lat' dir='ltr'><strong>et</strong></span> 
     </span>
    </p>
   </div>
   <div class='ocr_carea' id='block_1_10' title="bbox 354 891 1931 974">
    <p class='ocr_par' dir='ltr' id='par_1_10' title="bbox 354 891 1931 974">
     <span class='ocr_line' id='line_1_10' title="bbox 354 891 1931 974; baseline -0.013 -13"><span class='ocrx_word' id='word_1_50' title='bbox 354 905 652 974; x_wconf 84' lang='lat' dir='ltr'><strong>potentiam</strong></span> <span class='ocrx_word' id='word_1_51' title='bbox 688 899 1082 967; x_wconf 81' lang='lat' dir='ltr'><strong>simpliciorem</strong></span> <span class='ocrx_word' id='word_1_52' title='bbox 1109 911 1252 957; x_wconf 81' lang='lat' dir='ltr'><strong>esse,</strong></span> <span class='ocrx_word' id='word_1_53' title='bbox 1286 903 1452 962; x_wconf 85' lang='lat' dir='ltr'><strong>atque</strong></span> <span class='ocrx_word' id='word_1_54' title='bbox 1492 891 1750 946; x_wconf 88' lang='lat' dir='ltr'><strong>omnibus</strong></span> <span class='ocrx_word' id='word_1_55' title='bbox 1790 891 1931 944; x_wconf 85' lang='lat' dir='ltr'><strong>emi-</strong></span> 
     </span>
    </p>
   </div>
   <div class='ocr_carea' id='block_1_11' title="bbox 353 983 1930 1058">
    <p class='ocr_par' dir='ltr' id='par_1_11' title="bbox 353 983 1930 1058">
     <span class='ocr_line' id='line_1_11' title="bbox 353 983 1930 1058; baseline -0.012 -4"><span class='ocrx_word' id='word_1_56' title='bbox 353 998 664 1054; x_wconf 88' lang='lat' dir='ltr'><strong>nentiorem</strong></span> <span class='ocrx_word' id='word_1_57' title='bbox 693 1031 707 1058; x_wconf 90' lang='lat'><strong>,</strong></span> <span class='ocrx_word' id='word_1_58' title='bbox 741 1006 906 1047; x_wconf 88' lang='lat' dir='ltr'><strong>nemo</strong></span> <span class='ocrx_word' id='word_1_59' title='bbox 930 999 1036 1055; x_wconf 87' lang='lat' dir='ltr'><strong>est,</strong></span> <span class='ocrx_word' id='word_1_60' title='bbox 1069 991 1161 1058; x_wconf 89' lang='lat' dir='ltr'><strong>qui</strong></span> <span class='ocrx_word' id='word_1_61' title='bbox 1197 1003 1305 1042; x_wconf 89' lang='lat' dir='ltr'><strong>non</strong></span> <span class='ocrx_word' id='word_1_62' title='bbox 1353 984 1686 1041; x_wconf 87' lang='lat' dir='ltr'><strong>consentiat.</strong></span> <span class='ocrx_word' id='word_1_63' title='bbox 1720 983 1930 1038; x_wconf 88' lang='lat' dir='ltr'><strong>Unam-</strong></span> 
     </span>
    </p>
   </div>
   <div class='ocr_carea' id='block_1_12' title="bbox 354 1073 1929 1158">
    <p class='ocr_par' dir='ltr' id='par_1_12' title="bbox 354 1073 1929 1158">
     <span class='ocr_line' id='line_1_12' title="bbox 354 1073 1929 1158; baseline -0.011 -16"><span class='ocrx_word' id='word_1_64' title='bbox 354 1103 629 1158; x_wconf 81' lang='lat' dir='ltr'><strong>quamque</strong></span> <span class='ocrx_word' id='word_1_65' title='bbox 655 1094 839 1138; x_wconf 89' lang='lat' dir='ltr'><strong>autem</strong></span> <span class='ocrx_word' id='word_1_66' title='bbox 871 1081 1174 1151; x_wconf 71' lang='lat' dir='ltr'><strong>porentiam</strong></span> <span class='ocrx_word' id='word_1_67' title='bbox 1216 1093 1283 1130; x_wconf 91' lang='lat' dir='ltr'><strong>eo</strong></span> <span class='ocrx_word' id='word_1_68' title='bbox 1314 1092 1372 1130; x_wconf 90' lang='lat' dir='ltr'><strong>se</strong></span> <span class='ocrx_word' id='word_1_69' title='bbox 1405 1075 1609 1130; x_wconf 84' lang='lat' dir='ltr'><strong>habere</strong></span> <span class='ocrx_word' id='word_1_70' title='bbox 1648 1073 1716 1126; x_wconf 88' lang='lat' dir='ltr'><strong>ad</strong></span> <span class='ocrx_word' id='word_1_71' title='bbox 1745 1074 1929 1142; x_wconf 90' lang='lat' dir='ltr'><strong>plura,</strong></span> 
     </span>
    </p>
   </div>
   <div class='ocr_carea' id='block_1_13' title="bbox 355 1165 1932 1252">
    <p class='ocr_par' dir='ltr' id='par_1_13' title="bbox 355 1165 1932 1252">
     <span class='ocr_line' id='line_1_13' title="bbox 355 1165 1932 1252; baseline -0.011 -17"><span class='ocrx_word' id='word_1_72' title='bbox 355 1198 463 1252; x_wconf 89' lang='lat' dir='ltr'><strong>quo</strong></span> <span class='ocrx_word' id='word_1_73' title='bbox 497 1177 797 1247; x_wconf 84' lang='lat' dir='ltr'><strong>simplicior</strong></span> <span class='ocrx_word' id='word_1_74' title='bbox 850 1176 921 1228; x_wconf 89' lang='lat' dir='ltr'><strong>sit</strong></span> <span class='ocrx_word' id='word_1_75' title='bbox 980 1183 1035 1226; x_wconf 89' lang='lat' dir='ltr'><strong>et</strong></span> <span class='ocrx_word' id='word_1_76' title='bbox 1082 1171 1438 1230; x_wconf 88' lang='lat' dir='ltr'><strong>eminentior,</strong></span> <span class='ocrx_word' id='word_1_77' title='bbox 1506 1166 1631 1236; x_wconf 84' lang='lat' dir='ltr'><strong>quis</strong></span> <span class='ocrx_word' id='word_1_78' title='bbox 1675 1165 1932 1236; x_wconf 77' lang='lat' dir='ltr'><strong>ignorat?</strong></span> 
     </span>
    </p>
   </div>
   <div class='ocr_carea' id='block_1_14' title="bbox 357 1259 1932 1329">
    <p class='ocr_par' dir='ltr' id='par_1_14' title="bbox 357 1259 1932 1329">
     <span class='ocr_line' id='line_1_14' title="bbox 357 1259 1932 1329; baseline -0.011 -2"><span class='ocrx_word' id='word_1_79' title='bbox 357 1274 498 1327; x_wconf 88' lang='lat' dir='ltr'><strong>llinc</strong></span> <span class='ocrx_word' id='word_1_80' title='bbox 545 1271 708 1324; x_wconf 89' lang='lat' dir='ltr'><strong>etiam</strong></span> <span class='ocrx_word' id='word_1_81' title='bbox 763 1267 854 1321; x_wconf 89' lang='lat' dir='ltr'><strong>Dei</strong></span> <span class='ocrx_word' id='word_1_82' title='bbox 906 1265 1182 1326; x_wconf 87' lang='lat' dir='ltr'><strong>voluntas,</strong></span> <span class='ocrx_word' id='word_1_83' title='bbox 1233 1263 1297 1318; x_wconf 87' lang='lat' dir='ltr'><strong>ad</strong></span> <span class='ocrx_word' id='word_1_84' title='bbox 1355 1262 1554 1316; x_wconf 84' lang='lat' dir='ltr'><strong>Filium</strong></span> <span class='ocrx_word' id='word_1_85' title='bbox 1611 1259 1833 1329; x_wconf 82' lang='lat' dir='ltr'><strong>quidem</strong></span> <span class='ocrx_word' id='word_1_86' title='bbox 1874 1265 1932 1311; x_wconf 83' lang='lat' dir='ltr'><strong>et</strong></span> 
     </span>
    </p>
   </div>
   <div class='ocr_carea' id='block_1_15' title="bbox 357 1352 1932 1431">
    <p class='ocr_par' dir='ltr' id='par_1_15' title="bbox 357 1352 1932 1431">
     <span class='ocr_line' id='line_1_15' title="bbox 357 1352 1932 1431; baseline -0.01 -13"><span class='ocrx_word' id='word_1_87' title='bbox 357 1365 622 1431; x_wconf 85' lang='lat' dir='ltr'><strong>Spiritum</strong></span> <span class='ocrx_word' id='word_1_88' title='bbox 661 1369 908 1414; x_wconf 79' lang='lat' dir='ltr'><strong>sanetum</strong></span> <span class='ocrx_word' id='word_1_89' title='bbox 955 1369 1210 1425; x_wconf 84' lang='lat' dir='ltr'><strong>tanquam</strong></span> <span class='ocrx_word' id='word_1_90' title='bbox 1245 1365 1478 1414; x_wconf 86' lang='lat' dir='ltr'><strong>natura;</strong></span> <span class='ocrx_word' id='word_1_91' title='bbox 1510 1352 1576 1406; x_wconf 90' lang='lat' dir='ltr'><strong>ad</strong></span> <span class='ocrx_word' id='word_1_92' title='bbox 1619 1361 1932 1405; x_wconf 88' lang='lat' dir='ltr'><strong>creaturam</strong></span> 
     </span>
    </p>
   </div>
   <div class='ocr_carea' id='block_1_16' title="bbox 354 1441 1935 1520">
    <p class='ocr_par' dir='ltr' id='par_1_16' title="bbox 354 1441 1935 1520">
     <span class='ocr_line' id='line_1_16' title="bbox 354 1441 1935 1520; baseline -0.008 -12"><span class='ocrx_word' id='word_1_93' title='bbox 354 1467 538 1509; x_wconf 88' lang='lat' dir='ltr'><strong>autem</strong></span> <span class='ocrx_word' id='word_1_94' title='bbox 576 1463 831 1520; x_wconf 86' lang='lat' dir='ltr'><strong>tanquam</strong></span> <span class='ocrx_word' id='word_1_95' title='bbox 873 1450 1126 1502; x_wconf 76' lang='lat' dir='ltr'><strong>voluntas</strong></span> <span class='ocrx_word' id='word_1_96' title='bbox 1157 1462 1214 1501; x_wconf 88' lang='lat' dir='ltr'><strong>se</strong></span> <span class='ocrx_word' id='word_1_97' title='bbox 1256 1447 1440 1499; x_wconf 88' lang='lat' dir='ltr'><strong>habet.</strong></span> <span class='ocrx_word' id='word_1_98' title='bbox 1501 1443 1714 1496; x_wconf 82' lang='lat' dir='ltr'><strong>Etenim</strong></span> <span class='ocrx_word' id='word_1_99' title='bbox 1752 1441 1935 1495; x_wconf 88' lang='lat' dir='ltr'><strong>omnis</strong></span> 
     </span>
    </p>
   </div>
   <div class='ocr_carea' id='block_1_17' title="bbox 356 1531 1934 1605">
    <p class='ocr_par' dir='ltr' id='par_1_17' title="bbox 356 1531 1934 1605">
     <span class='ocr_line' id='line_1_17' title="bbox 356 1531 1934 1605; baseline -0.008 -10"><span class='ocrx_word' id='word_1_100' title='bbox 356 1544 633 1605; x_wconf 81' lang='lat' dir='ltr'><strong>voluntas,</strong></span> <span class='ocrx_word' id='word_1_101' title='bbox 670 1550 728 1594; x_wconf 89' lang='lat' dir='ltr'><strong>ut</strong></span> <span class='ocrx_word' id='word_1_102' title='bbox 759 1548 948 1592; x_wconf 89' lang='lat' dir='ltr'><strong>notum</strong></span> <span class='ocrx_word' id='word_1_103' title='bbox 981 1553 1044 1591; x_wconf 87' lang='lat' dir='ltr'><strong>ac</strong></span> <span class='ocrx_word' id='word_1_104' title='bbox 1090 1537 1444 1589; x_wconf 81' lang='lat' dir='ltr'><strong>manifestum</strong></span> <span class='ocrx_word' id='word_1_105' title='bbox 1471 1544 1580 1595; x_wconf 91' lang='lat' dir='ltr'><strong>est,</strong></span> <span class='ocrx_word' id='word_1_106' title='bbox 1613 1531 1780 1586; x_wconf 88' lang='lat' dir='ltr'><strong>etiam</strong></span> <span class='ocrx_word' id='word_1_107' title='bbox 1818 1531 1934 1599; x_wconf 88' lang='lat' dir='ltr'><strong>ipsa</strong></span> 
     </span>
    </p>
   </div>
   <div class='ocr_carea' id='block_1_18' title="bbox 356 1623 1934 1695">
    <p class='ocr_par' dir='ltr' id='par_1_18' title="bbox 356 1623 1934 1695">
     <span class='ocr_line' id='line_1_18' title="bbox 356 1623 1934 1695; baseline -0.008 -9"><span class='ocrx_word' id='word_1_108' title='bbox 356 1635 544 1688; x_wconf 79' lang='lat' dir='ltr'><strong>divina</strong></span> <span class='ocrx_word' id='word_1_109' title='bbox 583 1632 651 1686; x_wconf 90' lang='lat' dir='ltr'><strong>ad</strong></span> <span class='ocrx_word' id='word_1_110' title='bbox 696 1632 879 1691; x_wconf 86' lang='lat' dir='ltr'><strong>ﬁnem.</strong></span> <span class='ocrx_word' id='word_1_111' title='bbox 928 1639 1186 1695; x_wconf 85' lang='lat' dir='ltr'><strong>tanquam</strong></span> <span class='ocrx_word' id='word_1_112' title='bbox 1220 1635 1413 1678; x_wconf 87' lang='lat' dir='ltr'><strong>natura</strong></span> <span class='ocrx_word' id='word_1_113' title='bbox 1446 1638 1506 1677; x_wconf 91' lang='lat' dir='ltr'><strong>se</strong></span> <span class='ocrx_word' id='word_1_114' title='bbox 1549 1623 1714 1676; x_wconf 78' lang='lat' dir='ltr'><strong>liabet</strong></span> <span class='ocrx_word' id='word_1_115' title='bbox 1747 1623 1934 1676; x_wconf 86' lang='lat' dir='ltr'><strong>deter-</strong></span> 
     </span>
    </p>
   </div>
   <div class='ocr_carea' id='block_1_19' title="bbox 358 1715 1930 1794">
    <p class='ocr_par' dir='ltr' id='par_1_19' title="bbox 358 1715 1930 1794">
     <span class='ocr_line' id='line_1_19' title="bbox 358 1715 1930 1794; baseline -0.009 -15"><span class='ocrx_word' id='word_1_116' title='bbox 358 1730 563 1780; x_wconf 81' lang='lat' dir='ltr'><strong>ininate</strong></span> <span class='ocrx_word' id='word_1_117' title='bbox 591 1725 768 1794; x_wconf 82' lang='lat' dir='ltr'><strong>ipsum</strong></span> <span class='ocrx_word' id='word_1_118' title='bbox 797 1723 989 1776; x_wconf 83' lang='lat' dir='ltr'><strong>volens</strong></span> <span class='ocrx_word' id='word_1_119' title='bbox 1013 1738 1027 1773; x_wconf 93' lang='lat'>:</span> <span class='ocrx_word' id='word_1_120' title='bbox 1057 1730 1112 1773; x_wconf 91' lang='lat' dir='ltr'><strong>ct</strong></span> <span class='ocrx_word' id='word_1_121' title='bbox 1146 1715 1610 1786; x_wconf 88' lang='lat' dir='ltr'><strong>quemadmodum</strong></span> <span class='ocrx_word' id='word_1_122' title='bbox 1638 1717 1802 1768; x_wconf 90' lang='lat' dir='ltr'><strong>etiam</strong></span> <span class='ocrx_word' id='word_1_123' title='bbox 1836 1727 1930 1766; x_wconf 93' lang='lat' dir='ltr'><strong>na-</strong></span> 
     </span>
    </p>
   </div>
   <div class='ocr_carea' id='block_1_20' title="bbox 2053 511 3614 595">
    <p class='ocr_par' dir='ltr' id='par_1_20' title="bbox 2053 511 3614 595">
     <span class='ocr_line' id='line_1_20' title="bbox 2053 511 3614 595; baseline -0.006 -19"><span class='ocrx_word' id='word_1_124' title='bbox 2053 523 2148 576; x_wconf 80' lang='grc' dir='ltr'><strong>καὶ</strong></span> <span class='ocrx_word' id='word_1_125' title='bbox 2181 522 2369 584; x_wconf 75' lang='grc' dir='ltr'><strong>οὐσίας</strong></span> <span class='ocrx_word' id='word_1_126' title='bbox 2413 521 2503 572; x_wconf 69' lang='grc' dir='ltr'><strong>ἐπὶ</strong></span> <span class='ocrx_word' id='word_1_127' title='bbox 2541 515 2680 570; x_wconf 85' lang='grc' dir='ltr'><strong>Θεοῦ</strong></span> <span class='ocrx_word' id='word_1_128' title='bbox 2711 516 3030 584; x_wconf 76' lang='grc' dir='ltr'><strong>νοουμένης.</strong></span> <span class='ocrx_word' id='word_1_129' title='bbox 3065 514 3287 595; x_wconf 69' lang='grc' dir='ltr'><strong>Ταύτην</strong></span> <span class='ocrx_word' id='word_1_130' title='bbox 3320 515 3430 585; x_wconf 77' lang='grc' dir='ltr'><strong>γὰρ</strong></span> <span class='ocrx_word' id='word_1_131' title='bbox 3473 511 3614 568; x_wconf 75' lang='grc' dir='ltr'><strong>εἶναι</strong></span> 
     </span>
    </p>
   </div>
   <div class='ocr_carea' id='block_1_21' title="bbox 2051 606 3619 683">
    <p class='ocr_par' dir='ltr' id='par_1_21' title="bbox 2051 606 3619 683">
     <span class='ocr_line' id='line_1_21' title="bbox 2051 606 3619 683; baseline -0.006 -16"><span class='ocrx_word' id='word_1_132' title='bbox 2051 615 2148 683; x_wconf 72' lang='grc' dir='ltr'><strong>τὴν</strong></span> <span class='ocrx_word' id='word_1_133' title='bbox 2182 613 2414 681; x_wconf 87' lang='grc' dir='ltr'><strong>δύναμιν</strong></span> <span class='ocrx_word' id='word_1_134' title='bbox 2449 609 2832 679; x_wconf 78' lang='grc' dir='ltr'><strong>ἁπλουστέραν</strong></span> <span class='ocrx_word' id='word_1_135' title='bbox 2889 609 2985 661; x_wconf 74' lang='grc' dir='ltr'><strong>καὶ</strong></span> <span class='ocrx_word' id='word_1_136' title='bbox 3024 606 3366 676; x_wconf 68' lang='grc' dir='ltr'><strong>ὑψηλοτέραν</strong></span> <span class='ocrx_word' id='word_1_137' title='bbox 3405 607 3619 668; x_wconf 82' lang='grc' dir='ltr'><strong>πασῶν,</strong></span> 
     </span>
    </p>
   </div>
   <div class='ocr_carea' id='block_1_22' title="bbox 2040 697 3629 771">
    <p class='ocr_par' dir='ltr' id='par_1_22' title="bbox 2040 697 3629 771">
     <span class='ocr_line' id='line_1_22' title="bbox 2040 697 3629 771; baseline -0.005 -13"><span class='ocrx_word' id='word_1_138' title='bbox 2040 705 2216 766; x_wconf 69' lang='grc' dir='ltr'><strong>οὐδεὶς</strong></span> <span class='ocrx_word' id='word_1_139' title='bbox 2243 705 2330 767; x_wconf 81' lang='grc' dir='ltr'><strong>ἂν,</strong></span> <span class='ocrx_word' id='word_1_140' title='bbox 2359 703 2420 766; x_wconf 76' lang='grc' dir='ltr'><strong>ὃς</strong></span> <span class='ocrx_word' id='word_1_141' title='bbox 2442 703 2502 756; x_wconf 88' lang='grc' dir='ltr'><strong>ού</strong></span> <span class='ocrx_word' id='word_1_142' title='bbox 2529 699 3172 771; x_wconf 82' lang='grc' dir='ltr'><strong>συμφήσειεν.⁹Εκάστην</strong></span> <span class='ocrx_word' id='word_1_143' title='bbox 3196 698 3252 750; x_wconf 79' lang='grc' dir='ltr'><strong>δὲ</strong></span> <span class='ocrx_word' id='word_1_144' title='bbox 3279 697 3506 768; x_wconf 83' lang='grc' dir='ltr'><strong>δύναμιν</strong></span> <span class='ocrx_word' id='word_1_145' title='bbox 3533 715 3629 750; x_wconf 68' lang='grc' dir='ltr'><strong>τε·</strong></span> 
     </span>
    </p>
   </div>
   <div class='ocr_carea' id='block_1_23' title="bbox 2043 785 3623 865">
    <p class='ocr_par' dir='ltr' id='par_1_23' title="bbox 2043 785 3623 865">
     <span class='ocr_line' id='line_1_23' title="bbox 2043 785 3623 865; baseline -0.003 -17"><span class='ocrx_word' id='word_1_146' title='bbox 2043 795 2216 865; x_wconf 79' lang='grc' dir='ltr'><strong>σούτῳ</strong></span> <span class='ocrx_word' id='word_1_147' title='bbox 2247 795 2396 865; x_wconf 74' lang='grc' dir='ltr'><strong>ἔχειν</strong></span> <span class='ocrx_word' id='word_1_148' title='bbox 2431 795 2566 863; x_wconf 72' lang='grc' dir='ltr'><strong>πρὸς</strong></span> <span class='ocrx_word' id='word_1_149' title='bbox 2613 793 2805 854; x_wconf 86' lang='grc' dir='ltr'><strong>πλείω,</strong></span> <span class='ocrx_word' id='word_1_150' title='bbox 2841 793 2951 861; x_wconf 84' lang='grc' dir='ltr'><strong>ὅσῳ</strong></span> <span class='ocrx_word' id='word_1_151' title='bbox 2983 790 3048 844; x_wconf 81' lang='grc' dir='ltr'><strong>ἃν</strong></span> <span class='ocrx_word' id='word_1_152' title='bbox 3078 790 3424 860; x_wconf 75' lang='grc' dir='ltr'><strong>ἁπλουστέρα</strong></span> <span class='ocrx_word' id='word_1_153' title='bbox 3529 791 3623 843; x_wconf 78' lang='grc' dir='ltr'><strong>καὶ</strong></span> 
     </span>
    </p>
   </div>
   <div class='ocr_carea' id='block_1_24' title="bbox 2038 882 3621 954">
    <p class='ocr_par' dir='ltr' id='par_1_24' title="bbox 2038 882 3621 954">
     <span class='ocr_line' id='line_1_24' title="bbox 2038 882 3621 954; baseline -0.003 -16"><span class='ocrx_word' id='word_1_154' title='bbox 2038 887 2368 954; x_wconf 71' lang='grc' dir='ltr'><strong>ὑψηὶοτέρα,</strong></span> <span class='ocrx_word' id='word_1_155' title='bbox 2401 886 2487 947; x_wconf 88' lang='grc' dir='ltr'><strong>τίς</strong></span> <span class='ocrx_word' id='word_1_156' title='bbox 2527 887 2750 951; x_wconf 75' lang='grc' dir='ltr'><strong>ἀγνοεῖς</strong></span> <span class='ocrx_word' id='word_1_157' title='bbox 2783 882 3078 936; x_wconf 83' lang='grc' dir='ltr'><strong>κάντεῦθεν</strong></span> <span class='ocrx_word' id='word_1_158' title='bbox 3109 883 3203 934; x_wconf 80' lang='grc' dir='ltr'><strong>καὶ</strong></span> <span class='ocrx_word' id='word_1_159' title='bbox 3229 882 3328 947; x_wconf 74' lang='grc' dir='ltr'><strong>τὴν</strong></span> <span class='ocrx_word' id='word_1_160' title='bbox 3351 882 3446 934; x_wconf 86' lang='grc' dir='ltr'><strong>τοῦ</strong></span> <span class='ocrx_word' id='word_1_161' title='bbox 3487 883 3621 934; x_wconf 75' lang='grc' dir='ltr'><strong>Θεοῦ</strong></span> 
     </span>
    </p>
   </div>
   <div class='ocr_carea' id='block_1_25' title="bbox 2045 974 3622 1048">
    <p class='ocr_par' dir='ltr' id='par_1_25' title="bbox 2045 974 3622 1048">
     <span class='ocr_line' id='line_1_25' title="bbox 2045 974 3622 1048; baseline -0.002 -18"><span class='ocrx_word' id='word_1_162' title='bbox 2045 979 2267 1045; x_wconf 70' lang='grc' dir='ltr'><strong>θέλησιν</strong></span> <span class='ocrx_word' id='word_1_163' title='bbox 2299 977 2438 1048; x_wconf 85' lang='grc' dir='ltr'><strong>πρὸς</strong></span> <span class='ocrx_word' id='word_1_164' title='bbox 2477 977 2574 1046; x_wconf 70' lang='grc' dir='ltr'><strong>μὲν</strong></span> <span class='ocrx_word' id='word_1_165' title='bbox 2605 977 2696 1028; x_wconf 77' lang='grc' dir='ltr'><strong>τὸν</strong></span> <span class='ocrx_word' id='word_1_166' title='bbox 2725 976 2854 1029; x_wconf 80' lang='grc' dir='ltr'><strong>Υίὺν</strong></span> <span class='ocrx_word' id='word_1_167' title='bbox 2881 978 2974 1028; x_wconf 76' lang='grc' dir='ltr'><strong>καὶ</strong></span> <span class='ocrx_word' id='word_1_168' title='bbox 3009 975 3068 1028; x_wconf 83' lang='grc' dir='ltr'><strong>τὸ</strong></span> <span class='ocrx_word' id='word_1_169' title='bbox 3097 974 3322 1042; x_wconf 80' lang='grc' dir='ltr'><strong>Πνεῦμα</strong></span> <span class='ocrx_word' id='word_1_170' title='bbox 3373 975 3516 1043; x_wconf 74' lang='grc' dir='ltr'><strong>ἔχειν</strong></span> <span class='ocrx_word' id='word_1_171' title='bbox 3545 975 3622 1035; x_wconf 81' lang='grc' dir='ltr'><strong>ὡς</strong></span> 
     </span>
    </p>
   </div>
   <div class='ocr_carea' id='block_1_26' title="bbox 2041 1066 3624 1140">
    <p class='ocr_par' dir='ltr' id='par_1_26' title="bbox 2041 1066 3624 1140">
     <span class='ocr_line' id='line_1_26' title="bbox 2041 1066 3624 1140; baseline -0.002 -18"><span class='ocrx_word' id='word_1_172' title='bbox 2041 1069 2321 1138; x_wconf 79' lang='grc' dir='ltr'><strong>φύσιν,ὡς</strong></span> <span class='ocrx_word' id='word_1_173' title='bbox 2345 1069 2565 1138; x_wconf 77' lang='grc' dir='ltr'><strong>θέλησιν</strong></span> <span class='ocrx_word' id='word_1_174' title='bbox 2594 1068 2649 1121; x_wconf 79' lang='grc' dir='ltr'><strong>δὲ</strong></span> <span class='ocrx_word' id='word_1_175' title='bbox 2680 1070 2818 1140; x_wconf 82' lang='grc' dir='ltr'><strong>πρὸς</strong></span> <span class='ocrx_word' id='word_1_176' title='bbox 2843 1068 2939 1137; x_wconf 76' lang='grc' dir='ltr'><strong>τὴν</strong></span> <span class='ocrx_word' id='word_1_177' title='bbox 2964 1068 3166 1120; x_wconf 77' lang='grc' dir='ltr'><strong>κτίσιν.</strong></span> <span class='ocrx_word' id='word_1_178' title='bbox 3206 1067 3382 1136; x_wconf 84' lang='grc' dir='ltr'><strong>Δῆλον</strong></span> <span class='ocrx_word' id='word_1_179' title='bbox 3408 1067 3518 1136; x_wconf 81' lang='grc' dir='ltr'><strong>γὰρ</strong></span> <span class='ocrx_word' id='word_1_180' title='bbox 3546 1066 3624 1130; x_wconf 84' lang='grc' dir='ltr'><strong>ὡς</strong></span> 
     </span>
    </p>
   </div>
   <div class='ocr_carea' id='block_1_27' title="bbox 2041 1159 3628 1229">
    <p class='ocr_par' dir='ltr' id='par_1_27' title="bbox 2041 1159 3628 1229">
     <span class='ocr_line' id='line_1_27' title="bbox 2041 1159 3628 1229; baseline -0.003 -15"><span class='ocrx_word' id='word_1_181' title='bbox 2041 1161 2194 1214; x_wconf 80' lang='grc' dir='ltr'><strong>πᾶσά</strong></span> <span class='ocrx_word' id='word_1_182' title='bbox 2229 1177 2288 1212; x_wconf 90' lang='grc' dir='ltr'><strong>τε</strong></span> <span class='ocrx_word' id='word_1_183' title='bbox 2321 1160 2541 1229; x_wconf 84' lang='grc' dir='ltr'><strong>θέλησις</strong></span> <span class='ocrx_word' id='word_1_184' title='bbox 2573 1161 2666 1213; x_wconf 76' lang='grc' dir='ltr'><strong>καὶ</strong></span> <span class='ocrx_word' id='word_1_185' title='bbox 2696 1161 2728 1229; x_wconf 84' lang='grc' dir='ltr'>ὴ</span> <span class='ocrx_word' id='word_1_186' title='bbox 2763 1159 2880 1212; x_wconf 81' lang='grc' dir='ltr'><strong>Θεία</strong></span> <span class='ocrx_word' id='word_1_187' title='bbox 2919 1159 3060 1229; x_wconf 84' lang='grc' dir='ltr'><strong>αῦτη</strong></span> <span class='ocrx_word' id='word_1_188' title='bbox 3093 1159 3232 1229; x_wconf 79' lang='grc' dir='ltr'><strong>πρὸς</strong></span> <span class='ocrx_word' id='word_1_189' title='bbox 3261 1159 3359 1227; x_wconf 78' lang='grc' dir='ltr'><strong>μὲν</strong></span> <span class='ocrx_word' id='word_1_190' title='bbox 3385 1160 3446 1210; x_wconf 75' lang='grc' dir='ltr'><strong>τὸ</strong></span> <span class='ocrx_word' id='word_1_191' title='bbox 3474 1159 3628 1222; x_wconf 77' lang='grc' dir='ltr'><strong>τέλος</strong></span> 
     </span>
    </p>
   </div>
   <div class='ocr_carea' id='block_1_28' title="bbox 2039 1252 3628 1323">
    <p class='ocr_par' dir='ltr' id='par_1_28' title="bbox 2039 1252 3628 1323">
     <span class='ocr_line' id='line_1_28' title="bbox 2039 1252 3628 1323; baseline 0 -19"><span class='ocrx_word' id='word_1_192' title='bbox 2039 1253 2117 1315; x_wconf 85' lang='grc' dir='ltr'><strong>ὡς</strong></span> <span class='ocrx_word' id='word_1_193' title='bbox 2143 1253 2303 1320; x_wconf 82' lang='grc' dir='ltr'><strong>φύσις</strong></span> <span class='ocrx_word' id='word_1_194' title='bbox 2327 1253 2799 1323; x_wconf 77' lang='grc' dir='ltr'><strong>ἔχει,ὡρισμένως</strong></span> <span class='ocrx_word' id='word_1_195' title='bbox 2828 1253 2959 1308; x_wconf 76' lang='grc' dir='ltr'><strong>αὐτὸ</strong></span> <span class='ocrx_word' id='word_1_196' title='bbox 2993 1253 3240 1314; x_wconf 82' lang='grc' dir='ltr'><strong>Θέλουσα,</strong></span> <span class='ocrx_word' id='word_1_197' title='bbox 3258 1254 3350 1305; x_wconf 67' lang='grc' dir='ltr'><strong>καὶ⁴</strong></span> <span class='ocrx_word' id='word_1_198' title='bbox 3373 1252 3628 1318; x_wconf 81' lang='grc' dir='ltr'><strong>καθάπερ</strong></span> 
     </span>
    </p>
   </div>
   <div class='ocr_carea' id='block_1_29' title="bbox 2047 1344 3629 1422">
    <p class='ocr_par' dir='ltr' id='par_1_29' title="bbox 2047 1344 3629 1422">
     <span class='ocr_line' id='line_1_29' title="bbox 2047 1344 3629 1422; baseline -0.001 -25"><span class='ocrx_word' id='word_1_199' title='bbox 2047 1345 2144 1398; x_wconf 83' lang='grc' dir='ltr'><strong>καὶ</strong></span> <span class='ocrx_word' id='word_1_200' title='bbox 2171 1345 2205 1414; x_wconf 76' lang='grc' dir='ltr'>ἡ</span> <span class='ocrx_word' id='word_1_201' title='bbox 2245 1344 2406 1414; x_wconf 81' lang='grc' dir='ltr'><strong>φύσις</strong></span> <span class='ocrx_word' id='word_1_202' title='bbox 2457 1346 2596 1414; x_wconf 78' lang='grc' dir='ltr'><strong>πρὸς</strong></span> <span class='ocrx_word' id='word_1_203' title='bbox 2631 1345 2688 1398; x_wconf 80' lang='grc' dir='ltr'><strong>ἓν</strong></span> <span class='ocrx_word' id='word_1_204' title='bbox 2722 1345 3033 1415; x_wconf 81' lang='grc' dir='ltr'><strong>ὡρισμένον</strong></span> <span class='ocrx_word' id='word_1_205' title='bbox 3068 1346 3095 1398; x_wconf 82' lang='grc' dir='ltr'><strong>ὃ</strong></span> <span class='ocrx_word' id='word_1_206' title='bbox 3131 1345 3272 1422; x_wconf 46' lang='grc' dir='ltr'><strong>ἔχες</strong></span> <span class='ocrx_word' id='word_1_207' title='bbox 3297 1344 3464 1396; x_wconf 82' lang='grc' dir='ltr'><strong>τείνει</strong></span> <span class='ocrx_word' id='word_1_208' title='bbox 3495 1359 3510 1371; x_wconf 86' lang='grc'><strong>·</strong></span> <span class='ocrx_word' id='word_1_209' title='bbox 3537 1344 3629 1395; x_wconf 72' lang='grc' dir='ltr'><strong>τι.</strong></span> 
     </span>
    </p>
   </div>
   <div class='ocr_carea' id='block_1_30' title="bbox 2040 1435 3628 1506">
    <p class='ocr_par' dir='ltr' id='par_1_30' title="bbox 2040 1435 3628 1506">
     <span class='ocr_line' id='line_1_30' title="bbox 2040 1435 3628 1506; baseline 0.001 -19"><span class='ocrx_word' id='word_1_210' title='bbox 2040 1436 2130 1498; x_wconf 88' lang='grc' dir='ltr'><strong>λος</strong></span> <span class='ocrx_word' id='word_1_211' title='bbox 2171 1436 2227 1489; x_wconf 80' lang='grc' dir='ltr'><strong>δὲ</strong></span> <span class='ocrx_word' id='word_1_212' title='bbox 2281 1437 2381 1505; x_wconf 84' lang='grc' dir='ltr'><strong>τῆς</strong></span> <span class='ocrx_word' id='word_1_213' title='bbox 2430 1438 2700 1506; x_wconf 76' lang='grc' dir='ltr'><strong>Θελήσεως</strong></span> <span class='ocrx_word' id='word_1_214' title='bbox 2749 1437 2846 1490; x_wconf 83' lang='grc' dir='ltr'><strong>τοῦ</strong></span> <span class='ocrx_word' id='word_1_215' title='bbox 2887 1436 3022 1490; x_wconf 81' lang='grc' dir='ltr'><strong>Θεοῦ</strong></span> <span class='ocrx_word' id='word_1_216' title='bbox 3049 1437 3148 1490; x_wconf 81' lang='grc' dir='ltr'><strong>καὶ</strong></span> <span class='ocrx_word' id='word_1_217' title='bbox 3185 1435 3400 1506; x_wconf 73' lang='grc' dir='ltr'><strong>Πατρὸς</strong></span> <span class='ocrx_word' id='word_1_218' title='bbox 3436 1436 3466 1487; x_wconf 80' lang='grc' dir='ltr'><em>ὁ</em></span> <span class='ocrx_word' id='word_1_219' title='bbox 3494 1435 3628 1497; x_wconf 78' lang='grc' dir='ltr'><strong>Υἱός</strong></span> 
     </span>
    </p>
   </div>
   <div class='ocr_carea' id='block_1_31' title="bbox 2043 1527 3625 1600">
    <p class='ocr_par' dir='ltr' id='par_1_31' title="bbox 2043 1527 3625 1600">
     <span class='ocr_line' id='line_1_31' title="bbox 2043 1527 3625 1600; baseline 0 -20"><span class='ocrx_word' id='word_1_220' title='bbox 2043 1529 2162 1580; x_wconf 79' lang='grc' dir='ltr'><strong>ἐστι</strong></span> <span class='ocrx_word' id='word_1_221' title='bbox 2195 1528 2371 1581; x_wconf 75' lang='grc' dir='ltr'><strong>καὶτὸ</strong></span> <span class='ocrx_word' id='word_1_222' title='bbox 2410 1527 2652 1597; x_wconf 81' lang='grc' dir='ltr'><strong>Πνεῦμα,</strong></span> <span class='ocrx_word' id='word_1_223' title='bbox 2684 1528 2818 1598; x_wconf 75' lang='grc' dir='ltr'><strong>πρὸς</strong></span> <span class='ocrx_word' id='word_1_224' title='bbox 2851 1529 2886 1583; x_wconf 72' lang='grc' dir='ltr'>ἃ</span> <span class='ocrx_word' id='word_1_225' title='bbox 2919 1529 3087 1599; x_wconf 82' lang='grc' dir='ltr'><strong>αὐτὴν</strong></span> <span class='ocrx_word' id='word_1_226' title='bbox 3121 1529 3265 1600; x_wconf 79' lang='grc' dir='ltr'><strong>ἔχειν</strong></span> <span class='ocrx_word' id='word_1_227' title='bbox 3297 1529 3514 1597; x_wconf 80' lang='grc' dir='ltr'><strong>ἀνάγκη</strong></span> <span class='ocrx_word' id='word_1_228' title='bbox 3547 1529 3625 1590; x_wconf 84' lang='grc' dir='ltr'><strong>ὡς</strong></span> 
     </span>
    </p>
   </div>
   <div class='ocr_carea' id='block_1_32' title="bbox 2045 1621 3627 1691">
    <p class='ocr_par' dir='ltr' id='par_1_32' title="bbox 2045 1621 3627 1691">
     <span class='ocr_line' id='line_1_32' title="bbox 2045 1621 3627 1691; baseline 0.002 -19"><span class='ocrx_word' id='word_1_229' title='bbox 2045 1622 2210 1688; x_wconf 76' lang='grc' dir='ltr'><strong>φύσιν</strong></span> <span class='ocrx_word' id='word_1_230' title='bbox 2235 1635 2251 1652; x_wconf 82' lang='grc'>⁶</span> <span class='ocrx_word' id='word_1_231' title='bbox 2301 1621 2436 1691; x_wconf 73' lang='grc' dir='ltr'><strong>πρὸς</strong></span> <span class='ocrx_word' id='word_1_232' title='bbox 2501 1622 2557 1674; x_wconf 74' lang='grc' dir='ltr'><strong>δὲ</strong></span> <span class='ocrx_word' id='word_1_233' title='bbox 2583 1627 2650 1675; x_wconf 80' lang='grc' dir='ltr'><strong>τὰ</strong></span> <span class='ocrx_word' id='word_1_234' title='bbox 2685 1623 2821 1691; x_wconf 64' lang='grc' dir='ltr'><strong>πρὶς</strong></span> <span class='ocrx_word' id='word_1_235' title='bbox 2851 1623 2912 1674; x_wconf 79' lang='grc' dir='ltr'><strong>τὸ</strong></span> <span class='ocrx_word' id='word_1_236' title='bbox 2944 1625 3116 1687; x_wconf 80' lang='grc' dir='ltr'><strong>τέλος,</strong></span> <span class='ocrx_word' id='word_1_237' title='bbox 3145 1623 3237 1676; x_wconf 57' lang='grc' dir='ltr'><strong>καὶ⁵</strong></span> <span class='ocrx_word' id='word_1_238' title='bbox 3279 1623 3517 1690; x_wconf 78' lang='grc' dir='ltr'><strong>μάλιστα</strong></span> <span class='ocrx_word' id='word_1_239' title='bbox 3558 1623 3627 1676; x_wconf 64' lang='grc' dir='ltr'><strong>τὰ</strong></span> 
     </span>
    </p>
   </div>
   <div class='ocr_carea' id='block_1_33' title="bbox 2041 1707 3626 1785">
    <p class='ocr_par' dir='ltr' id='par_1_33' title="bbox 2041 1707 3626 1785">
     <span class='ocr_line' id='line_1_33' title="bbox 2041 1707 3626 1785; baseline 0.001 -20"><span class='ocrx_word' id='word_1_240' title='bbox 2041 1715 2134 1766; x_wconf 81' lang='grc' dir='ltr'><strong>καὶ</strong></span> <span class='ocrx_word' id='word_1_241' title='bbox 2167 1707 2244 1767; x_wconf 85' lang='grc' dir='ltr'><strong>ὧν</strong></span> <span class='ocrx_word' id='word_1_242' title='bbox 2268 1714 2397 1768; x_wconf 81' lang='grc' dir='ltr'><strong>ἄνευ</strong></span> <span class='ocrx_word' id='word_1_243' title='bbox 2430 1713 2653 1768; x_wconf 83' lang='grc' dir='ltr'><strong>δύναται</strong></span> <span class='ocrx_word' id='word_1_244' title='bbox 2684 1714 2778 1766; x_wconf 84' lang='grc' dir='ltr'><strong>τοῦ</strong></span> <span class='ocrx_word' id='word_1_245' title='bbox 2807 1713 2995 1778; x_wconf 76' lang='grc' dir='ltr'><strong>τέλους</strong></span> <span class='ocrx_word' id='word_1_246' title='bbox 3035 1718 3238 1785; x_wconf 81' lang='grc' dir='ltr'><strong>τυχεῖν,</strong></span> <span class='ocrx_word' id='word_1_247' title='bbox 3266 1712 3355 1770; x_wconf 73' lang='grc' dir='ltr'><strong>οἷα</strong></span> <span class='ocrx_word' id='word_1_248' title='bbox 3384 1715 3626 1785; x_wconf 75' lang='grc' dir='ltr'><strong>ὑπάρχει</strong></span> 
     </span>
    </p>
   </div>
   <div class='ocr_carea' id='block_1_34' title="bbox 360 1787 1935 1885">
    <p class='ocr_par' dir='ltr' id='par_1_34' title="bbox 360 1787 1934 1885">
     <span class='ocr_line' id='line_1_34' title="bbox 360 1787 1934 1885; baseline -0.01 -14"><span class='ocrx_word' id='word_1_249' title='bbox 360 1828 484 1871; x_wconf 83' lang='lat' dir='ltr'><strong>tura</strong></span> <span class='ocrx_word' id='word_1_250' title='bbox 517 1787 634 1885; x_wconf 77' lang='lat' dir='ltr'><strong>ipsa</strong></span> <span class='ocrx_word' id='word_1_251' title='bbox 663 1813 727 1867; x_wconf 86' lang='lat' dir='ltr'><strong>ad</strong></span> <span class='ocrx_word' id='word_1_252' title='bbox 762 1827 928 1864; x_wconf 89' lang='lat' dir='ltr'><strong>unum</strong></span> <span class='ocrx_word' id='word_1_253' title='bbox 962 1809 1391 1863; x_wconf 87' lang='lat' dir='ltr'><strong>determinatnm</strong></span> <span class='ocrx_word' id='word_1_254' title='bbox 1427 1807 1610 1867; x_wconf 80' lang='lat' dir='ltr'><strong>linem,</strong></span> <span class='ocrx_word' id='word_1_255' title='bbox 1646 1818 1806 1872; x_wconf 89' lang='lat' dir='ltr'><strong>quem</strong></span> <span class='ocrx_word' id='word_1_256' title='bbox 1840 1805 1934 1856; x_wconf 83' lang='lat' dir='ltr'><strong>ba-</strong></span> 
     </span>
    </p>
   </div>
   <div class='ocr_carea' id='block_1_35' title="bbox 2047 1787 3620 1885">
    <p class='ocr_par' dir='ltr' id='par_1_35' title="bbox 2047 1801 3620 1878">
     <span class='ocr_line' id='line_1_35' title="bbox 2047 1801 3620 1878; baseline -0.001 -19"><span class='ocrx_word' id='word_1_257' title='bbox 2047 1807 2110 1859; x_wconf 82' lang='grc' dir='ltr'><strong>τὰ</strong></span> <span class='ocrx_word' id='word_1_258' title='bbox 2137 1807 2435 1876; x_wconf 85' lang='grc' dir='ltr'><strong>κτίσματα,</strong></span> <span class='ocrx_word' id='word_1_259' title='bbox 2465 1809 2618 1862; x_wconf 81' lang='grc' dir='ltr'><strong>οὐδὲν</strong></span> <span class='ocrx_word' id='word_1_260' title='bbox 2646 1809 2757 1878; x_wconf 77' lang='grc' dir='ltr'><strong>γάρ</strong></span> <span class='ocrx_word' id='word_1_261' title='bbox 2801 1809 2942 1862; x_wconf 76' lang='grc' dir='ltr'><strong>αὐτὰ</strong></span> <span class='ocrx_word' id='word_1_262' title='bbox 2989 1810 3090 1861; x_wconf 84' lang='grc' dir='ltr'><strong>οῦκ</strong></span> <span class='ocrx_word' id='word_1_263' title='bbox 3137 1810 3215 1870; x_wconf 79' lang='grc' dir='ltr'><strong>εἰς</strong></span> <span class='ocrx_word' id='word_1_264' title='bbox 3247 1808 3309 1862; x_wconf 82' lang='grc' dir='ltr'><strong>τὸ</strong></span> <span class='ocrx_word' id='word_1_265' title='bbox 3349 1801 3491 1860; x_wconf 81' lang='grc' dir='ltr'><strong>εἶναι</strong></span> <span class='ocrx_word' id='word_1_266' title='bbox 3524 1805 3620 1860; x_wconf 78' lang='grc' dir='ltr'><strong>τοῦ</strong></span> 
     </span>
    </p>
   </div>
   <div class='ocr_carea' id='block_1_36' title="bbox 320 1891 1934 1968">
    <p class='ocr_par' dir='ltr' id='par_1_36' title="bbox 320 1891 1934 1968">
     <span class='ocr_line' id='line_1_36' title="bbox 320 1891 1934 1968; baseline -0.009 -7"><span class='ocrx_word' id='word_1_267' title='bbox 320 1913 328 1921; x_wconf 89' lang='lat'>&#39;</span> <span class='ocrx_word' id='word_1_268' title='bbox 359 1908 472 1968; x_wconf 84' lang='lat' dir='ltr'><strong>bet.</strong></span> <span class='ocrx_word' id='word_1_269' title='bbox 507 1906 718 1968; x_wconf 84' lang='lat' dir='ltr'><strong>tendit;</strong></span> <span class='ocrx_word' id='word_1_270' title='bbox 745 1891 876 1956; x_wconf 78' lang='lat' dir='ltr'><strong>ﬁnis</strong></span> <span class='ocrx_word' id='word_1_271' title='bbox 904 1909 1086 1954; x_wconf 88' lang='lat' dir='ltr'><strong>autem</strong></span> <span class='ocrx_word' id='word_1_272' title='bbox 1125 1897 1419 1952; x_wconf 82' lang='lat' dir='ltr'><strong>voluntatis</strong></span> <span class='ocrx_word' id='word_1_273' title='bbox 1448 1897 1542 1950; x_wconf 89' lang='lat' dir='ltr'><strong>Dei</strong></span> <span class='ocrx_word' id='word_1_274' title='bbox 1570 1905 1626 1950; x_wconf 87' lang='lat' dir='ltr'><strong>et</strong></span> <span class='ocrx_word' id='word_1_275' title='bbox 1652 1895 1834 1951; x_wconf 80' lang='lat' dir='ltr'><strong>Patris</strong></span> <span class='ocrx_word' id='word_1_276' title='bbox 1851 1903 1934 1949; x_wconf 89' lang='lat' dir='ltr'><strong>est</strong></span> 
     </span>
    </p>
   </div>
   <div class='ocr_carea' id='block_1_37' title="bbox 361 1989 1932 2068">
    <p class='ocr_par' dir='ltr' id='par_1_37' title="bbox 361 1989 1932 2068">
     <span class='ocr_line' id='line_1_37' title="bbox 361 1989 1932 2068; baseline -0.008 -15"><span class='ocrx_word' id='word_1_277' title='bbox 361 2001 478 2068; x_wconf 91' lang='lat' dir='ltr'><strong>ipse</strong></span> <span class='ocrx_word' id='word_1_278' title='bbox 510 1998 702 2059; x_wconf 83' lang='lat' dir='ltr'><strong>Filius,</strong></span> <span class='ocrx_word' id='word_1_279' title='bbox 734 2005 806 2052; x_wconf 90' lang='lat' dir='ltr'><strong>et.</strong></span> <span class='ocrx_word' id='word_1_280' title='bbox 829 1994 1066 2064; x_wconf 86' lang='lat' dir='ltr'><strong>Spiritus</strong></span> <span class='ocrx_word' id='word_1_281' title='bbox 1098 1999 1343 2052; x_wconf 87' lang='lat' dir='ltr'><strong>sanctus,</strong></span> <span class='ocrx_word' id='word_1_282' title='bbox 1377 1989 1442 2043; x_wconf 86' lang='lat' dir='ltr'><strong>ad</strong></span> <span class='ocrx_word' id='word_1_283' title='bbox 1476 2003 1618 2058; x_wconf 89' lang='lat' dir='ltr'><strong>quos</strong></span> <span class='ocrx_word' id='word_1_284' title='bbox 1662 2003 1782 2042; x_wconf 89' lang='lat' dir='ltr'><strong>eam</strong></span> <span class='ocrx_word' id='word_1_285' title='bbox 1812 1998 1932 2041; x_wconf 89' lang='lat' dir='ltr'><strong>tan-</strong></span> 
     </span>
    </p>
   </div>
   <div class='ocr_carea' id='block_1_38' title="bbox 357 2080 1930 2161">
    <p class='ocr_par' dir='ltr' id='par_1_38' title="bbox 357 2080 1930 2161">
     <span class='ocr_line' id='line_1_38' title="bbox 357 2080 1930 2161; baseline -0.008 -14"><span class='ocrx_word' id='word_1_286' title='bbox 357 2106 520 2161; x_wconf 85' lang='lat' dir='ltr'><strong>quam</strong></span> <span class='ocrx_word' id='word_1_287' title='bbox 553 2099 801 2144; x_wconf 83' lang='lat' dir='ltr'><strong>naturam</strong></span> <span class='ocrx_word' id='word_1_288' title='bbox 838 2103 898 2142; x_wconf 87' lang='lat' dir='ltr'><strong>se</strong></span> <span class='ocrx_word' id='word_1_289' title='bbox 941 2087 1169 2148; x_wconf 85' lang='lat' dir='ltr'><strong>habere,</strong></span> <span class='ocrx_word' id='word_1_290' title='bbox 1198 2099 1427 2140; x_wconf 79' lang='lat' dir='ltr'><strong>necesse</strong></span> <span class='ocrx_word' id='word_1_291' title='bbox 1459 2094 1564 2138; x_wconf 90' lang='lat' dir='ltr'><strong>est.</strong></span> <span class='ocrx_word' id='word_1_292' title='bbox 1602 2083 1672 2136; x_wconf 78' lang='lat' dir='ltr'><strong>At</strong></span> <span class='ocrx_word' id='word_1_293' title='bbox 1696 2095 1828 2136; x_wconf 82' lang='lat' dir='ltr'><strong>vero</strong></span> <span class='ocrx_word' id='word_1_294' title='bbox 1864 2080 1930 2135; x_wconf 87' lang='lat' dir='ltr'><strong>ad</strong></span> 
     </span>
    </p>
   </div>
   <div class='ocr_carea' id='block_1_39' title="bbox 357 2175 1929 2248">
    <p class='ocr_par' dir='ltr' id='par_1_39' title="bbox 357 2175 1929 2248">
     <span class='ocr_line' id='line_1_39' title="bbox 357 2175 1929 2248; baseline -0.007 -13"><span class='ocrx_word' id='word_1_295' title='bbox 357 2199 444 2245; x_wconf 87' lang='lat' dir='ltr'><strong>ea,</strong></span> <span class='ocrx_word' id='word_1_296' title='bbox 485 2197 604 2248; x_wconf 70' lang='lat' dir='ltr'><strong>qua:</strong></span> <span class='ocrx_word' id='word_1_297' title='bbox 639 2179 706 2233; x_wconf 84' lang='lat' dir='ltr'><strong>ad</strong></span> <span class='ocrx_word' id='word_1_298' title='bbox 748 2179 912 2232; x_wconf 89' lang='lat' dir='ltr'><strong>ﬁnem</strong></span> <span class='ocrx_word' id='word_1_299' title='bbox 959 2177 1300 2240; x_wconf 82' lang='lat' dir='ltr'><strong>referuntur,</strong></span> <span class='ocrx_word' id='word_1_300' title='bbox 1351 2184 1408 2230; x_wconf 88' lang='lat' dir='ltr'><strong>ct</strong></span> <span class='ocrx_word' id='word_1_301' title='bbox 1461 2176 1770 2245; x_wconf 69' lang='lat' dir='ltr'><strong>prazsertim</strong></span> <span class='ocrx_word' id='word_1_302' title='bbox 1812 2175 1929 2227; x_wconf 70' lang='lat' dir='ltr'><strong>sine</strong></span> 
     </span>
    </p>
   </div>
   <div class='ocr_carea' id='block_1_40' title="bbox 357 2265 1931 2342">
    <p class='ocr_par' dir='ltr' id='par_1_40' title="bbox 357 2265 1931 2342">
     <span class='ocr_line' id='line_1_40' title="bbox 357 2265 1931 2342; baseline -0.003 -17"><span class='ocrx_word' id='word_1_303' title='bbox 357 2274 561 2342; x_wconf 88' lang='lat' dir='ltr'><strong>quibus</strong></span> <span class='ocrx_word' id='word_1_304' title='bbox 601 2271 763 2325; x_wconf 83' lang='lat' dir='ltr'><strong>ﬁnem</strong></span> <span class='ocrx_word' id='word_1_305' title='bbox 815 2271 1037 2339; x_wconf 82' lang='lat' dir='ltr'><strong>assequi</strong></span> <span class='ocrx_word' id='word_1_306' title='bbox 1088 2279 1288 2340; x_wconf 87' lang='lat' dir='ltr'><strong>potest,</strong></span> <span class='ocrx_word' id='word_1_307' title='bbox 1323 2265 1632 2338; x_wconf 88' lang='lat' dir='ltr'><strong>cujnsmodi</strong></span> <span class='ocrx_word' id='word_1_308' title='bbox 1667 2273 1796 2321; x_wconf 89' lang='lat' dir='ltr'><strong>sunt</strong></span> <span class='ocrx_word' id='word_1_309' title='bbox 1842 2280 1931 2320; x_wconf 89' lang='lat' dir='ltr'><strong>res</strong></span> 
     </span>
    </p>
   </div>
   <div class='ocr_carea' id='block_1_41' title="bbox 357 2359 1928 2428">
    <p class='ocr_par' dir='ltr' id='par_1_41' title="bbox 357 2359 1928 2428">
     <span class='ocr_line' id='line_1_41' title="bbox 357 2359 1928 2428; baseline -0.007 -9"><span class='ocrx_word' id='word_1_310' title='bbox 357 2372 573 2428; x_wconf 69' lang='lat' dir='ltr'><strong>creatze,</strong></span> <span class='ocrx_word' id='word_1_311' title='bbox 611 2375 719 2415; x_wconf 86' lang='lat' dir='ltr'><strong>non</strong></span> <span class='ocrx_word' id='word_1_312' title='bbox 768 2359 1157 2424; x_wconf 88' lang='lat' dir='ltr'><strong>determinate,</strong></span> <span class='ocrx_word' id='word_1_313' title='bbox 1208 2367 1616 2427; x_wconf 86' lang='lat' dir='ltr'><strong>proptereaque</strong></span> <span class='ocrx_word' id='word_1_314' title='bbox 1670 2359 1928 2425; x_wconf 79' lang='lat' dir='ltr'><strong>tanquam</strong></span> 
     </span>
    </p>
   </div>
   <div class='ocr_carea' id='block_1_42' title="bbox 356 2447 1931 2519">
    <p class='ocr_par' dir='ltr' id='par_1_42' title="bbox 356 2447 1931 2519">
     <span class='ocr_line' id='line_1_42' title="bbox 356 2447 1931 2519; baseline -0.004 -11"><span class='ocrx_word' id='word_1_315' title='bbox 356 2455 613 2510; x_wconf 81' lang='lat' dir='ltr'><strong>voluntas</strong></span> <span class='ocrx_word' id='word_1_316' title='bbox 667 2465 725 2506; x_wconf 89' lang='lat' dir='ltr'><strong>se</strong></span> <span class='ocrx_word' id='word_1_317' title='bbox 779 2451 992 2504; x_wconf 84' lang='lat' dir='ltr'><strong>habet:</strong></span> <span class='ocrx_word' id='word_1_318' title='bbox 1034 2458 1214 2519; x_wconf 87' lang='lat' dir='ltr'><strong>potest</strong></span> <span class='ocrx_word' id='word_1_319' title='bbox 1263 2449 1410 2503; x_wconf 89' lang='lat' dir='ltr'><strong>enim</strong></span> <span class='ocrx_word' id='word_1_320' title='bbox 1459 2463 1523 2502; x_wconf 85' lang='lat' dir='ltr'><strong>ea</strong></span> <span class='ocrx_word' id='word_1_321' title='bbox 1573 2456 1629 2502; x_wconf 88' lang='lat' dir='ltr'><strong>et</strong></span> <span class='ocrx_word' id='word_1_322' title='bbox 1679 2447 1823 2501; x_wconf 90' lang='lat' dir='ltr'><strong>nolle</strong></span> <span class='ocrx_word' id='word_1_323' title='bbox 1874 2455 1931 2502; x_wconf 89' lang='lat' dir='ltr'><strong>et</strong></span> 
     </span>
    </p>
   </div>
   <div class='ocr_carea' id='block_1_43' title="bbox 2043 1885 3628 1972">
    <p class='ocr_par' dir='ltr' id='par_1_43' title="bbox 2043 1885 3628 1972">
     <span class='ocr_line' id='line_1_43' title="bbox 2043 1885 3628 1972; baseline 0.001 -20"><span class='ocrx_word' id='word_1_324' title='bbox 2043 1899 2179 1952; x_wconf 81' lang='grc' dir='ltr'><strong>Θεοῦ</strong></span> <span class='ocrx_word' id='word_1_325' title='bbox 2209 1885 2476 1965; x_wconf 80' lang='grc' dir='ltr'><strong>συντελεῖ,</strong></span> <span class='ocrx_word' id='word_1_326' title='bbox 2505 1900 2607 1954; x_wconf 79' lang='grc' dir='ltr'><strong>οὐκ</strong></span> <span class='ocrx_word' id='word_1_327' title='bbox 2637 1901 2716 1964; x_wconf 72' lang='grc' dir='ltr'><strong>εἰς</strong></span> <span class='ocrx_word' id='word_1_328' title='bbox 2746 1904 2810 1954; x_wconf 73' lang='grc' dir='ltr'><strong>τὸ</strong></span> <span class='ocrx_word' id='word_1_329' title='bbox 2836 1901 3046 1972; x_wconf 80' lang='grc' dir='ltr'><strong>βέλτιον</strong></span> <span class='ocrx_word' id='word_1_330' title='bbox 3081 1899 3247 1964; x_wconf 73' lang='grc' dir='ltr'><strong>εἶναι,</strong></span> <span class='ocrx_word' id='word_1_331' title='bbox 3283 1901 3422 1970; x_wconf 82' lang='grc' dir='ltr'><strong>πρὸς</strong></span> <span class='ocrx_word' id='word_1_332' title='bbox 3451 1899 3628 1953; x_wconf 87' lang='grc' dir='ltr'><strong>ταῦτα</strong></span> 
     </span>
    </p>
   </div>
   <div class='ocr_carea' id='block_1_44' title="bbox 2043 1989 3625 2064">
    <p class='ocr_par' dir='ltr' id='par_1_44' title="bbox 2043 1989 3625 2064">
     <span class='ocr_line' id='line_1_44' title="bbox 2043 1989 3625 2064; baseline 0.003 -22"><span class='ocrx_word' id='word_1_333' title='bbox 2043 1989 2099 2042; x_wconf 75' lang='grc' dir='ltr'><strong>δὲ</strong></span> <span class='ocrx_word' id='word_1_334' title='bbox 2137 1991 2236 2061; x_wconf 80' lang='grc' dir='ltr'><strong>οὐχ</strong></span> <span class='ocrx_word' id='word_1_335' title='bbox 2262 1990 2604 2062; x_wconf 70' lang='grc' dir='ltr'><strong>ὡρισμένως,</strong></span> <span class='ocrx_word' id='word_1_336' title='bbox 2641 1994 2738 2046; x_wconf 79' lang='grc' dir='ltr'><strong>καὶ</strong></span> <span class='ocrx_word' id='word_1_337' title='bbox 2785 1993 2872 2046; x_wconf 74' lang='grc' dir='ltr'><strong>διὰ</strong></span> <span class='ocrx_word' id='word_1_338' title='bbox 2906 1993 3068 2046; x_wconf 88' lang='grc' dir='ltr'><strong>τοῦτο</strong></span> <span class='ocrx_word' id='word_1_339' title='bbox 3099 1992 3174 2056; x_wconf 85' lang='grc' dir='ltr'><strong>ὡς</strong></span> <span class='ocrx_word' id='word_1_340' title='bbox 3221 1993 3445 2064; x_wconf 79' lang='grc' dir='ltr'><strong>θέλησις</strong></span> <span class='ocrx_word' id='word_1_341' title='bbox 3481 1991 3625 2062; x_wconf 77' lang='grc' dir='ltr'><strong>ἔχει.</strong></span> 
     </span>
    </p>
   </div>
   <div class='ocr_carea' id='block_1_45' title="bbox 2042 2080 3625 2155">
    <p class='ocr_par' dir='ltr' id='par_1_45' title="bbox 2042 2080 3625 2155">
     <span class='ocr_line' id='line_1_45' title="bbox 2042 2080 3625 2155; baseline 0.004 -23"><span class='ocrx_word' id='word_1_342' title='bbox 2042 2080 2277 2134; x_wconf 83' lang='grc' dir='ltr'><strong>Δύναται</strong></span> <span class='ocrx_word' id='word_1_343' title='bbox 2304 2085 2414 2153; x_wconf 78' lang='grc' dir='ltr'><strong>γὰρ</strong></span> <span class='ocrx_word' id='word_1_344' title='bbox 2461 2084 2601 2136; x_wconf 82' lang='grc' dir='ltr'><strong>αὐτὰ</strong></span> <span class='ocrx_word' id='word_1_345' title='bbox 2646 2085 2742 2138; x_wconf 75' lang='grc' dir='ltr'><strong>καὶ</strong></span> <span class='ocrx_word' id='word_1_346' title='bbox 2795 2086 2871 2155; x_wconf 78' lang='grc' dir='ltr'><strong>μὴ</strong></span> <span class='ocrx_word' id='word_1_347' title='bbox 2905 2085 3083 2138; x_wconf 75' lang='grc' dir='ltr'><strong>θέλειν</strong></span> <span class='ocrx_word' id='word_1_348' title='bbox 3115 2086 3209 2138; x_wconf 74' lang='grc' dir='ltr'><strong>καὶ</strong></span> <span class='ocrx_word' id='word_1_349' title='bbox 3249 2085 3425 2140; x_wconf 80' lang='grc' dir='ltr'><strong>Θέλειν</strong></span> <span class='ocrx_word' id='word_1_350' title='bbox 3449 2102 3464 2118; x_wconf 77' lang='grc'><strong><em>⁸</em></strong></span> <span class='ocrx_word' id='word_1_351' title='bbox 3498 2087 3625 2139; x_wconf 79' lang='grc' dir='ltr'><strong>ὅθεν</strong></span> 
     </span>
    </p>
   </div>
   <div class='ocr_carea' id='block_1_46' title="bbox 2038 2174 3626 2250">
    <p class='ocr_par' dir='ltr' id='par_1_46' title="bbox 2038 2174 3626 2250">
     <span class='ocr_line' id='line_1_46' title="bbox 2038 2174 3626 2250; baseline 0.004 -24"><span class='ocrx_word' id='word_1_352' title='bbox 2038 2174 2133 2226; x_wconf 72' lang='grc' dir='ltr'><strong>καὶ</strong></span> <span class='ocrx_word' id='word_1_353' title='bbox 2171 2174 2242 2228; x_wconf 82' lang='grc' dir='ltr'><strong>τὰ</strong></span> <span class='ocrx_word' id='word_1_354' title='bbox 2277 2176 2373 2227; x_wconf 88' lang='grc' dir='ltr'><strong>τοῦ</strong></span> <span class='ocrx_word' id='word_1_355' title='bbox 2423 2179 2792 2250; x_wconf 75' lang='grc' dir='ltr'><strong>Δαμασκηνοῦ</strong></span> <span class='ocrx_word' id='word_1_356' title='bbox 2846 2179 3106 2242; x_wconf 76' lang='grc' dir='ltr'><strong>σώζεται,</strong></span> <span class='ocrx_word' id='word_1_357' title='bbox 3151 2182 3244 2233; x_wconf 76' lang='grc' dir='ltr'><strong>καὶ</strong></span> <span class='ocrx_word' id='word_1_358' title='bbox 3300 2181 3464 2249; x_wconf 79' lang='grc' dir='ltr'><strong>ἡμεῖς</strong></span> <span class='ocrx_word' id='word_1_359' title='bbox 3518 2180 3626 2244; x_wconf 77' lang='grc' dir='ltr'><strong>ἔξω</strong></span> 
     </span>
    </p>
   </div>
   <div class='ocr_carea' id='block_1_47' title="bbox 2038 2267 3623 2343">
    <p class='ocr_par' dir='ltr' id='par_1_47' title="bbox 2038 2267 3623 2343">
     <span class='ocr_line' id='line_1_47' title="bbox 2038 2267 3623 2343; baseline 0.004 -25"><span class='ocrx_word' id='word_1_360' title='bbox 2038 2267 2224 2336; x_wconf 83' lang='grc' dir='ltr'><strong>πάσης</strong></span> <span class='ocrx_word' id='word_1_361' title='bbox 2273 2267 2478 2334; x_wconf 76' lang='grc' dir='ltr'><strong>αἰτίας,</strong></span> <span class='ocrx_word' id='word_1_362' title='bbox 2514 2272 2608 2323; x_wconf 58' lang='grc' dir='ltr'><strong>καὶ⁹</strong></span> <span class='ocrx_word' id='word_1_363' title='bbox 2640 2273 2668 2323; x_wconf 86' lang='grc' dir='ltr'>ὁ</span> <span class='ocrx_word' id='word_1_364' title='bbox 2702 2271 2824 2325; x_wconf 81' lang='grc' dir='ltr'><strong>καθ’</strong></span> <span class='ocrx_word' id='word_1_365' title='bbox 2863 2271 3024 2341; x_wconf 82' lang='grc' dir='ltr'><strong>ἡμῶν</strong></span> <span class='ocrx_word' id='word_1_366' title='bbox 3055 2272 3213 2339; x_wconf 83' lang='grc' dir='ltr'><strong>λόγος</strong></span> <span class='ocrx_word' id='word_1_367' title='bbox 3259 2273 3415 2326; x_wconf 78' lang='grc' dir='ltr'><strong>οὐδέν</strong></span> <span class='ocrx_word' id='word_1_368' title='bbox 3453 2289 3623 2343; x_wconf 80' lang='grc' dir='ltr'><strong>φησιν</strong></span> 
     </span>
    </p>
   </div>
   <div class='ocr_carea' id='block_1_48' title="bbox 2037 2357 3625 2434">
    <p class='ocr_par' dir='ltr' id='par_1_48' title="bbox 2037 2357 3625 2434">
     <span class='ocr_line' id='line_1_48' title="bbox 2037 2357 3625 2434; baseline 0.006 -24"><span class='ocrx_word' id='word_1_369' title='bbox 2037 2357 2336 2426; x_wconf 81' lang='grc' dir='ltr'><strong>ἀναγκαῖον</strong></span> <span class='ocrx_word' id='word_1_370' title='bbox 2356 2377 2369 2391; x_wconf 89' lang='grc'><strong>·</strong></span> <span class='ocrx_word' id='word_1_371' title='bbox 2407 2359 2580 2423; x_wconf 74' lang='grc' dir='ltr'><strong>οὕτως</strong></span> <span class='ocrx_word' id='word_1_372' title='bbox 2605 2363 2712 2434; x_wconf 77' lang='grc' dir='ltr'><strong>ἄρα</strong></span> <span class='ocrx_word' id='word_1_373' title='bbox 2754 2363 2929 2418; x_wconf 84' lang='grc' dir='ltr'><strong>δοκῶν</strong></span> <span class='ocrx_word' id='word_1_374' title='bbox 2959 2382 3011 2418; x_wconf 88' lang='grc' dir='ltr'><strong>τι</strong></span> <span class='ocrx_word' id='word_1_375' title='bbox 3039 2365 3241 2434; x_wconf 79' lang='grc' dir='ltr'><strong>λέγειν,</strong></span> <span class='ocrx_word' id='word_1_376' title='bbox 3267 2365 3394 2419; x_wconf 83' lang='grc' dir='ltr'><strong>καθ’</strong></span> <span class='ocrx_word' id='word_1_377' title='bbox 3421 2367 3625 2420; x_wconf 77' lang='grc' dir='ltr'><strong>ἑαυτοῦ</strong></span> 
     </span>
    </p>
   </div>
   <div class='ocr_carea' id='block_1_49' title="bbox 2040 2449 2432 2520">
    <p class='ocr_par' dir='ltr' id='par_1_49' title="bbox 2040 2449 2432 2520">
     <span class='ocr_line' id='line_1_49' title="bbox 2040 2449 2432 2520; baseline 0.015 -21"><span class='ocrx_word' id='word_1_378' title='bbox 2040 2464 2223 2518; x_wconf 88' lang='grc' dir='ltr'><strong>συμπε</strong></span> <span class='ocrx_word' id='word_1_379' title='bbox 2234 2449 2432 2520; x_wconf 84' lang='grc' dir='ltr'><strong>ραίνει.</strong></span> 
     </span>
    </p>
   </div>
   <div class='ocr_carea' id='block_1_50' title="bbox 357 2542 3628 2622">
    <p class='ocr_par' dir='ltr' id='par_1_50' title="bbox 357 2542 3628 2622">
     <span class='ocr_line' id='line_1_50' title="bbox 357 2542 3628 2622; baseline 0.002 -21"><span class='ocrx_word' id='word_1_380' title='bbox 357 2551 516 2604; x_wconf 83' lang='lat' dir='ltr'><strong>velle.</strong></span> <span class='ocrx_word' id='word_1_381' title='bbox 556 2547 715 2605; x_wconf 89' lang='lat' dir='ltr'><strong>Unde</strong></span> <span class='ocrx_word' id='word_1_382' title='bbox 764 2553 822 2599; x_wconf 88' lang='lat' dir='ltr'><strong>et</strong></span> <span class='ocrx_word' id='word_1_383' title='bbox 868 2545 986 2598; x_wconf 83' lang='lat' dir='ltr'><strong>loca</strong></span> <span class='ocrx_word' id='word_1_384' title='bbox 1037 2542 1356 2599; x_wconf 86' lang='lat' dir='ltr'><strong>Damasceni</strong></span> <span class='ocrx_word' id='word_1_385' title='bbox 1421 2551 1737 2602; x_wconf 83' lang='lat' dir='ltr'><strong>servantur.</strong></span> <span class='ocrx_word' id='word_1_386' title='bbox 1803 2549 1859 2594; x_wconf 91' lang='lat' dir='ltr'><strong>et</strong></span> <span class='ocrx_word' id='word_1_387' title='bbox 1927 2556 2030 2596; x_wconf 90' lang='lat' dir='ltr'><strong>nos</strong></span> <span class='ocrx_word' id='word_1_388' title='bbox 2063 2551 2218 2595; x_wconf 75' lang='lat' dir='ltr'><strong>extra</strong></span> <span class='ocrx_word' id='word_1_389' title='bbox 2255 2557 2472 2598; x_wconf 89' lang='lat' dir='ltr'><strong>omnem</strong></span> <span class='ocrx_word' id='word_1_390' title='bbox 2509 2544 2724 2615; x_wconf 90' lang='lat' dir='ltr'><strong>culpam</strong></span> <span class='ocrx_word' id='word_1_391' title='bbox 2778 2562 3002 2614; x_wconf 90' lang='lat' dir='ltr'><strong>sumus,</strong></span> <span class='ocrx_word' id='word_1_392' title='bbox 3057 2550 3285 2622; x_wconf 87' lang='lat' dir='ltr'><strong>ipsaque</strong></span> <span class='ocrx_word' id='word_1_393' title='bbox 3315 2551 3456 2606; x_wconf 87' lang='lat' dir='ltr'><strong>ratio</strong></span> <span class='ocrx_word' id='word_1_394' title='bbox 3489 2564 3628 2608; x_wconf 74' lang='lat' dir='ltr'><strong>con‘</strong></span> 
     </span>
    </p>
   </div>
   <div class='ocr_carea' id='block_1_51' title="bbox 361 2637 3628 2715">
    <p class='ocr_par' dir='ltr' id='par_1_51' title="bbox 361 2637 3628 2715">
     <span class='ocr_line' id='line_1_51' title="bbox 361 2637 3628 2715; baseline 0.002 -17"><span class='ocrx_word' id='word_1_395' title='bbox 361 2654 444 2698; x_wconf 90' lang='lat' dir='ltr'><strong>tra</strong></span> <span class='ocrx_word' id='word_1_396' title='bbox 493 2659 592 2698; x_wconf 92' lang='lat' dir='ltr'><strong>nos</strong></span> <span class='ocrx_word' id='word_1_397' title='bbox 637 2646 801 2711; x_wconf 78' lang='lat' dir='ltr'><strong>allata</strong></span> <span class='ocrx_word' id='word_1_398' title='bbox 840 2644 988 2699; x_wconf 89' lang='lat' dir='ltr'><strong>nulla</strong></span> <span class='ocrx_word' id='word_1_399' title='bbox 1025 2657 1126 2697; x_wconf 92' lang='lat' dir='ltr'><strong>nos</strong></span> <span class='ocrx_word' id='word_1_400' title='bbox 1175 2641 1377 2712; x_wconf 88' lang='lat' dir='ltr'><strong>premit</strong></span> <span class='ocrx_word' id='word_1_401' title='bbox 1425 2639 1783 2694; x_wconf 80' lang='lat' dir='ltr'><strong>necessitate.</strong></span> <span class='ocrx_word' id='word_1_402' title='bbox 1839 2637 1932 2693; x_wconf 90' lang='lat' dir='ltr'><strong>Sic</strong></span> <span class='ocrx_word' id='word_1_403' title='bbox 1975 2637 2146 2709; x_wconf 89' lang='lat' dir='ltr'><strong>igitur</strong></span> <span class='ocrx_word' id='word_1_404' title='bbox 2217 2658 2341 2698; x_wconf 89' lang='lat' dir='ltr'><strong>cum</strong></span> <span class='ocrx_word' id='word_1_405' title='bbox 2382 2642 2592 2715; x_wconf 87' lang='lat' dir='ltr'><strong>aliquid</strong></span> <span class='ocrx_word' id='word_1_406' title='bbox 2622 2646 2808 2701; x_wconf 85' lang='lat' dir='ltr'><strong>dicere</strong></span> <span class='ocrx_word' id='word_1_407' title='bbox 2875 2649 3154 2714; x_wconf 86' lang='lat' dir='ltr'><strong>videatur,</strong></span> <span class='ocrx_word' id='word_1_408' title='bbox 3189 2658 3380 2704; x_wconf 90' lang='lat' dir='ltr'><strong>contra</strong></span> <span class='ocrx_word' id='word_1_409' title='bbox 3405 2664 3465 2705; x_wconf 89' lang='lat' dir='ltr'><strong>se</strong></span> <span class='ocrx_word' id='word_1_410' title='bbox 3487 2665 3628 2705; x_wconf 82' lang='lat' dir='ltr'><strong>con-</strong></span> 
     </span>
    </p>
   </div>
   <div class='ocr_carea' id='block_1_52' title="bbox 361 2738 553 2794">
    <p class='ocr_par' dir='ltr' id='par_1_52' title="bbox 361 2738 553 2794">
     <span class='ocr_line' id='line_1_52' title="bbox 361 2738 553 2794; baseline 0.021 -4"><span class='ocrx_word' id='word_1_411' title='bbox 361 2738 553 2794; x_wconf 78' lang='lat' dir='ltr'><strong>cludit.</strong></span> 
     </span>
    </p>
   </div>
   <div class='ocr_carea' id='block_1_53' title="bbox 867 2827 1441 2905">
    <p class='ocr_par' dir='ltr' id='par_1_53' title="bbox 867 2827 1441 2905">
     <span class='ocr_line' id='line_1_53' title="bbox 867 2827 1441 2905; baseline -0.002 -21"><span class='ocrx_word' id='word_1_412' title='bbox 867 2829 1014 2905; x_wconf 61' lang='lat' dir='ltr'><strong>l’ecci</strong></span> <span class='ocrx_word' id='word_1_413' title='bbox 1045 2831 1098 2884; x_wconf 74' lang='lat' dir='ltr'><strong>in</strong></span> <span class='ocrx_word' id='word_1_414' title='bbox 1135 2827 1441 2883; x_wconf 76' lang='lat' dir='ltr'><strong>secundam.</strong></span> 
     </span>
    </p>
   </div>
   <div class='ocr_carea' id='block_1_54' title="bbox 433 2917 1939 2988">
    <p class='ocr_par' dir='ltr' id='par_1_54' title="bbox 433 2917 1939 2988">
     <span class='ocr_line' id='line_1_54' title="bbox 433 2917 1939 2988; baseline -0.001 -12"><span class='ocrx_word' id='word_1_415' title='bbox 433 2921 702 2988; x_wconf 85' lang='lat' dir='ltr'><strong>Quoniam</strong></span> <span class='ocrx_word' id='word_1_416' title='bbox 761 2930 891 2976; x_wconf 89' lang='lat' dir='ltr'><strong>sunt</strong></span> <span class='ocrx_word' id='word_1_417' title='bbox 948 2921 1202 2975; x_wconf 87' lang='lat' dir='ltr'><strong>nonnulli</strong></span> <span class='ocrx_word' id='word_1_418' title='bbox 1271 2919 1363 2988; x_wconf 86' lang='lat' dir='ltr'><strong>qui</strong></span> <span class='ocrx_word' id='word_1_419' title='bbox 1427 2920 1633 2988; x_wconf 91' lang='lat' dir='ltr'><strong>scripto</strong></span> <span class='ocrx_word' id='word_1_420' title='bbox 1723 2917 1939 2974; x_wconf 87' lang='lat' dir='ltr'><strong>testatis</strong></span> 
     </span>
    </p>
   </div>
   <div class='ocr_carea' id='block_1_55' title="bbox 363 3010 1935 3083">
    <p class='ocr_par' dir='ltr' id='par_1_55' title="bbox 363 3010 1935 3083">
     <span class='ocr_line' id='line_1_55' title="bbox 363 3010 1935 3083; baseline -0.003 -15"><span class='ocrx_word' id='word_1_421' title='bbox 363 3016 692 3075; x_wconf 81' lang='lat' dir='ltr'><strong>sententiis,</strong></span> <span class='ocrx_word' id='word_1_422' title='bbox 745 3012 1184 3083; x_wconf 85' lang='lat' dir='ltr'><strong>signiﬁcantibus</strong></span> <span class='ocrx_word' id='word_1_423' title='bbox 1240 3026 1307 3065; x_wconf 84' lang='lat' dir='ltr'><strong>ex</strong></span> <span class='ocrx_word' id='word_1_424' title='bbox 1376 3011 1533 3066; x_wconf 85' lang='lat' dir='ltr'><strong>Patre</strong></span> <span class='ocrx_word' id='word_1_425' title='bbox 1589 3025 1686 3078; x_wconf 80' lang='lat' dir='ltr'><strong>per</strong></span> <span class='ocrx_word' id='word_1_426' title='bbox 1734 3010 1935 3064; x_wconf 75' lang='lat' dir='ltr'><strong>Filium</strong></span> 
     </span>
    </p>
   </div>
   <div class='ocr_carea' id='block_1_56' title="bbox 361 3100 1940 3172">
    <p class='ocr_par' dir='ltr' id='par_1_56' title="bbox 361 3100 1940 3172">
     <span class='ocr_line' id='line_1_56' title="bbox 361 3100 1940 3172; baseline -0.001 -13"><span class='ocrx_word' id='word_1_427' title='bbox 361 3118 482 3159; x_wconf 89' lang='lat' dir='ltr'><strong>esse</strong></span> <span class='ocrx_word' id='word_1_428' title='bbox 520 3103 810 3172; x_wconf 87' lang='lat' dir='ltr'><strong>Spiritum,</strong></span> <span class='ocrx_word' id='word_1_429' title='bbox 859 3102 1263 3166; x_wconf 84' lang='lat' dir='ltr'><strong>adversantur;</strong></span> <span class='ocrx_word' id='word_1_430' title='bbox 1318 3101 1372 3155; x_wconf 93' lang='lat' dir='ltr'><strong>in</strong></span> <span class='ocrx_word' id='word_1_431' title='bbox 1425 3100 1940 3169; x_wconf 87' lang='lat' dir='ltr'><strong>comprobationem</strong></span> 
     </span>
    </p>
   </div>
   <div class='ocr_carea' id='block_1_57' title="bbox 364 3191 1936 3262">
    <p class='ocr_par' dir='ltr' id='par_1_57' title="bbox 364 3191 1936 3262">
     <span class='ocr_line' id='line_1_57' title="bbox 364 3191 1936 3262; baseline -0.001 -14"><span class='ocrx_word' id='word_1_432' title='bbox 364 3194 762 3248; x_wconf 88' lang='lat' dir='ltr'><strong>sententiarum</strong></span> <span class='ocrx_word' id='word_1_433' title='bbox 811 3208 932 3261; x_wconf 67' lang='lat' dir='ltr'><strong>qua:</strong></span> <span class='ocrx_word' id='word_1_434' title='bbox 963 3193 1274 3262; x_wconf 89' lang='lat' dir='ltr'><strong>signiﬁcant</strong></span> <span class='ocrx_word' id='word_1_435' title='bbox 1305 3207 1402 3261; x_wconf 89' lang='lat' dir='ltr'><strong>per</strong></span> <span class='ocrx_word' id='word_1_436' title='bbox 1434 3191 1629 3244; x_wconf 85' lang='lat' dir='ltr'><strong>Filium</strong></span> <span class='ocrx_word' id='word_1_437' title='bbox 1660 3206 1780 3246; x_wconf 88' lang='lat' dir='ltr'><strong>esse</strong></span> <span class='ocrx_word' id='word_1_438' title='bbox 1809 3193 1936 3260; x_wconf 85' lang='lat' dir='ltr'><strong>Spi-</strong></span> 
     </span>
    </p>
   </div>
   <div class='ocr_carea' id='block_1_58' title="bbox 364 3283 1938 3354">
    <p class='ocr_par' dir='ltr' id='par_1_58' title="bbox 364 3283 1938 3354">
     <span class='ocr_line' id='line_1_58' title="bbox 364 3283 1938 3354; baseline 0.001 -15"><span class='ocrx_word' id='word_1_439' title='bbox 364 3287 529 3340; x_wconf 88' lang='lat' dir='ltr'><strong>ritum</strong></span> <span class='ocrx_word' id='word_1_440' title='bbox 560 3295 836 3350; x_wconf 82' lang='lat' dir='ltr'><strong>sanctum,</strong></span> <span class='ocrx_word' id='word_1_441' title='bbox 869 3285 1116 3339; x_wconf 69' lang='lat' dir='ltr'><strong>collecta:</strong></span> <span class='ocrx_word' id='word_1_442' title='bbox 1171 3294 1301 3338; x_wconf 90' lang='lat' dir='ltr'><strong>sunt</strong></span> <span class='ocrx_word' id='word_1_443' title='bbox 1324 3284 1490 3338; x_wconf 90' lang='lat' dir='ltr'><strong>ctiam</strong></span> <span class='ocrx_word' id='word_1_444' title='bbox 1517 3283 1600 3338; x_wconf 73' lang='lat' dir='ltr'><strong>hae</strong></span> <span class='ocrx_word' id='word_1_445' title='bbox 1636 3295 1938 3354; x_wconf 70' lang='lat' dir='ltr'><strong>praesentes</strong></span> 
     </span>
    </p>
   </div>
   <div class='ocr_carea' id='block_1_59' title="bbox 365 3377 1938 3448">
    <p class='ocr_par' dir='ltr' id='par_1_59' title="bbox 365 3377 1938 3448">
     <span class='ocr_line' id='line_1_59' title="bbox 365 3377 1938 3448; baseline 0.001 -17"><span class='ocrx_word' id='word_1_446' title='bbox 365 3379 581 3448; x_wconf 66' lang='lat' dir='ltr'><strong>scripta:</strong></span> <span class='ocrx_word' id='word_1_447' title='bbox 621 3379 912 3432; x_wconf 65' lang='lat' dir='ltr'><strong>sententiae</strong></span> <span class='ocrx_word' id='word_1_448' title='bbox 970 3393 1134 3446; x_wconf 74' lang='lat' dir='ltr'><strong>:qua:</strong></span> <span class='ocrx_word' id='word_1_449' title='bbox 1172 3377 1438 3440; x_wconf 86' lang='lat' dir='ltr'><strong>imlicant,</strong></span> <span class='ocrx_word' id='word_1_450' title='bbox 1481 3377 1830 3431; x_wconf 84' lang='lat' dir='ltr'><strong>continenter</strong></span> <span class='ocrx_word' id='word_1_451' title='bbox 1854 3390 1938 3433; x_wconf 86' lang='lat' dir='ltr'><strong>at-</strong></span> 
     </span>
    </p>
   </div>
   <div class='ocr_carea' id='block_1_60' title="bbox 362 3466 1938 3538">
    <p class='ocr_par' dir='ltr' id='par_1_60' title="bbox 362 3466 1938 3538">
     <span class='ocr_line' id='line_1_60' title="bbox 362 3466 1938 3538; baseline 0.001 -17"><span class='ocrx_word' id='word_1_452' title='bbox 362 3483 473 3538; x_wconf 89' lang='lat' dir='ltr'><strong>que</strong></span> <span class='ocrx_word' id='word_1_453' title='bbox 526 3469 847 3522; x_wconf 89' lang='lat' dir='ltr'><strong>immediate</strong></span> <span class='ocrx_word' id='word_1_454' title='bbox 885 3483 952 3522; x_wconf 83' lang='lat' dir='ltr'><strong>ex</strong></span> <span class='ocrx_word' id='word_1_455' title='bbox 998 3467 1160 3522; x_wconf 83' lang='lat' dir='ltr'><strong>Patre</strong></span> <span class='ocrx_word' id='word_1_456' title='bbox 1213 3466 1412 3522; x_wconf 86' lang='lat' dir='ltr'><strong>Filium</strong></span> <span class='ocrx_word' id='word_1_457' title='bbox 1463 3481 1606 3522; x_wconf 90' lang='lat' dir='ltr'><strong>esse.</strong></span> <span class='ocrx_word' id='word_1_458' title='bbox 1659 3467 1717 3521; x_wconf 92' lang='lat' dir='ltr'><strong>Si</strong></span> <span class='ocrx_word' id='word_1_459' title='bbox 1764 3469 1938 3532; x_wconf 91' lang='lat' dir='ltr'><strong>enim,</strong></span> 
     </span>
    </p>
   </div>
   <div class='ocr_carea' id='block_1_61' title="bbox 367 3557 1938 3628">
    <p class='ocr_par' dir='ltr' id='par_1_61' title="bbox 367 3557 1938 3628">
     <span class='ocr_line' id='line_1_61' title="bbox 367 3557 1938 3628; baseline 0.001 -16"><span class='ocrx_word' id='word_1_460' title='bbox 367 3575 474 3614; x_wconf 92' lang='lat' dir='ltr'><strong>non</strong></span> <span class='ocrx_word' id='word_1_461' title='bbox 513 3569 662 3615; x_wconf 90' lang='lat' dir='ltr'><strong>esset</strong></span> <span class='ocrx_word' id='word_1_462' title='bbox 709 3559 954 3628; x_wconf 89' lang='lat' dir='ltr'><strong>Spiritus</strong></span> <span class='ocrx_word' id='word_1_463' title='bbox 991 3568 1217 3614; x_wconf 89' lang='lat' dir='ltr'><strong>sanctus</strong></span> <span class='ocrx_word' id='word_1_464' title='bbox 1249 3573 1348 3628; x_wconf 89' lang='lat' dir='ltr'><strong>per</strong></span> <span class='ocrx_word' id='word_1_465' title='bbox 1381 3557 1607 3621; x_wconf 85' lang='lat' dir='ltr'><strong>Filium,</strong></span> <span class='ocrx_word' id='word_1_466' title='bbox 1635 3574 1736 3614; x_wconf 90' lang='lat' dir='ltr'><strong>cur</strong></span> <span class='ocrx_word' id='word_1_467' title='bbox 1772 3559 1938 3614; x_wconf 89' lang='lat' dir='ltr'><strong>etiam</strong></span> 
     </span>
    </p>
   </div>
   <div class='ocr_carea' id='block_1_62' title="bbox 367 3648 1663 3720">
    <p class='ocr_par' dir='ltr' id='par_1_62' title="bbox 367 3648 1663 3720">
     <span class='ocr_line' id='line_1_62' title="bbox 367 3648 1663 3720; baseline -0.001 -17"><span class='ocrx_word' id='word_1_468' title='bbox 367 3650 483 3720; x_wconf 87' lang='lat' dir='ltr'><strong>ipse</strong></span> <span class='ocrx_word' id='word_1_469' title='bbox 513 3666 624 3705; x_wconf 72' lang='lat' dir='ltr'><strong>non</strong></span> <span class='ocrx_word' id='word_1_470' title='bbox 652 3650 971 3704; x_wconf 85' lang='lat' dir='ltr'><strong>immediate</strong></span> <span class='ocrx_word' id='word_1_471' title='bbox 1007 3650 1188 3703; x_wconf 86' lang='lat' dir='ltr'><strong>dictus</strong></span> <span class='ocrx_word' id='word_1_472' title='bbox 1215 3656 1361 3702; x_wconf 87' lang='lat' dir='ltr'><strong>esset</strong></span> <span class='ocrx_word' id='word_1_473' title='bbox 1397 3663 1427 3701; x_wconf 91' lang='lat' dir='ltr'><strong>a</strong></span> <span class='ocrx_word' id='word_1_474' title='bbox 1460 3648 1663 3704; x_wconf 88' lang='lat' dir='ltr'><strong>Patre?</strong></span> 
     </span>
    </p>
   </div>
   <div class='ocr_carea' id='block_1_63' title="bbox 1023 3741 1285 3795">
    <p class='ocr_par' dir='ltr' id='par_1_63' title="bbox 1023 3741 1285 3795">
     <span class='ocr_line' id='line_1_63' title="bbox 1023 3741 1285 3795; baseline -0.008 -1"><span class='ocrx_word' id='word_1_475' title='bbox 1023 3741 1285 3795; x_wconf 75' lang='lat' dir='ltr'><strong>Palamw.</strong></span> 
     </span>
    </p>
   </div>
   <div class='ocr_carea' id='block_1_64' title="bbox 441 3833 1937 3904">
    <p class='ocr_par' dir='ltr' id='par_1_64' title="bbox 441 3833 1937 3904">
     <span class='ocr_line' id='line_1_64' title="bbox 441 3833 1937 3904; baseline 0.003 -17"><span class='ocrx_word' id='word_1_476' title='bbox 441 3833 606 3904; x_wconf 78' lang='lat' dir='ltr'><strong>Atqui</strong></span> <span class='ocrx_word' id='word_1_477' title='bbox 664 3834 845 3889; x_wconf 88' lang='lat' dir='ltr'><strong>dictus</strong></span> <span class='ocrx_word' id='word_1_478' title='bbox 875 3843 961 3888; x_wconf 92' lang='lat' dir='ltr'><strong>est</strong></span> <span class='ocrx_word' id='word_1_479' title='bbox 1009 3835 1177 3887; x_wconf 89' lang='lat' dir='ltr'><strong>ctiam</strong></span> <span class='ocrx_word' id='word_1_480' title='bbox 1225 3833 1465 3904; x_wconf 87' lang='lat' dir='ltr'><strong>Spiritus</strong></span> <span class='ocrx_word' id='word_1_481' title='bbox 1511 3845 1755 3902; x_wconf 88' lang='lat' dir='ltr'><strong>sanctus,</strong></span> <span class='ocrx_word' id='word_1_482' title='bbox 1806 3849 1937 3892; x_wconf 72' lang='lat' dir='ltr'><strong>esse</strong></span> 
     </span>
    </p>
   </div>
   <div class='ocr_carea' id='block_1_65' title="bbox 372 3923 1942 3988">
    <p class='ocr_par' dir='ltr' id='par_1_65' title="bbox 372 3923 1942 3988">
     <span class='ocr_line' id='line_1_65' title="bbox 372 3923 1942 3988; baseline 0.001 -9"><span class='ocrx_word' id='word_1_483' title='bbox 372 3923 691 3980; x_wconf 79' lang='lat' dir='ltr'><strong>immediate</strong></span> <span class='ocrx_word' id='word_1_484' title='bbox 714 3942 741 3978; x_wconf 90' lang='lat' dir='ltr'><strong>a</strong></span> <span class='ocrx_word' id='word_1_485' title='bbox 770 3923 952 3988; x_wconf 86' lang='lat' dir='ltr'><strong>Patre,</strong></span> <span class='ocrx_word' id='word_1_486' title='bbox 981 3933 1039 3980; x_wconf 76' lang='lat' dir='ltr'><strong>et</strong></span> <span class='ocrx_word' id='word_1_487' title='bbox 1060 3925 1274 3980; x_wconf 89' lang='lat' dir='ltr'><strong>sublata</strong></span> <span class='ocrx_word' id='word_1_488' title='bbox 1296 3935 1382 3982; x_wconf 91' lang='lat' dir='ltr'><strong>est</strong></span> <span class='ocrx_word' id='word_1_489' title='bbox 1409 3927 1506 3981; x_wconf 89' lang='lat' dir='ltr'><strong>tibi</strong></span> <span class='ocrx_word' id='word_1_490' title='bbox 1533 3928 1792 3982; x_wconf 90' lang='lat' dir='ltr'><strong>omnibus</strong></span> <span class='ocrx_word' id='word_1_491' title='bbox 1821 3943 1942 3980; x_wconf 86' lang='lat' dir='ltr'><strong>mo-</strong></span> 
     </span>
    </p>
   </div>
   <div class='ocr_carea' id='block_1_66' title="bbox 368 4015 1938 4088">
    <p class='ocr_par' dir='ltr' id='par_1_66' title="bbox 368 4015 1938 4088">
     <span class='ocr_line' id='line_1_66' title="bbox 368 4015 1938 4088; baseline 0 -18"><span class='ocrx_word' id='word_1_492' title='bbox 368 4015 454 4070; x_wconf 89' lang='lat' dir='ltr'><strong>dis</strong></span> <span class='ocrx_word' id='word_1_493' title='bbox 502 4017 804 4086; x_wconf 89' lang='lat' dir='ltr'><strong>impietatis</strong></span> <span class='ocrx_word' id='word_1_494' title='bbox 847 4018 1085 4083; x_wconf 87' lang='lat' dir='ltr'><strong>occasio,</strong></span> <span class='ocrx_word' id='word_1_495' title='bbox 1138 4027 1303 4087; x_wconf 88' lang='lat' dir='ltr'><strong>atque</strong></span> <span class='ocrx_word' id='word_1_496' title='bbox 1361 4019 1670 4088; x_wconf 89' lang='lat' dir='ltr'><strong>persuasio.</strong></span> <span class='ocrx_word' id='word_1_497' title='bbox 1720 4017 1938 4073; x_wconf 90' lang='lat' dir='ltr'><strong>Etenim</strong></span> 
     </span>
    </p>
   </div>
   <div class='ocr_carea' id='block_1_67' title="bbox 365 4106 1937 4180">
    <p class='ocr_par' dir='ltr' id='par_1_67' title="bbox 365 4106 1937 4180">
     <span class='ocr_line' id='line_1_67' title="bbox 365 4106 1937 4180; baseline 0.001 -18"><span class='ocrx_word' id='word_1_498' title='bbox 365 4107 689 4176; x_wconf 83' lang='lat' dir='ltr'><strong>Gregorius,</strong></span> <span class='ocrx_word' id='word_1_499' title='bbox 725 4119 1092 4178; x_wconf 82' lang='lat' dir='ltr'><strong>cognomento</strong></span> <span class='ocrx_word' id='word_1_500' title='bbox 1119 4108 1464 4180; x_wconf 84' lang='lat' dir='ltr'><strong>Theologus,</strong></span> <span class='ocrx_word' id='word_1_501' title='bbox 1499 4111 1554 4164; x_wconf 92' lang='lat' dir='ltr'><strong>in</strong></span> <span class='ocrx_word' id='word_1_502' title='bbox 1579 4106 1937 4176; x_wconf 76' lang='lat' dir='ltr'><strong>carminibus,</strong></span> 
     </span>
    </p>
   </div>
   <div class='ocr_carea' id='block_1_68' title="bbox 2509 2827 3096 2897">
    <p class='ocr_par' dir='ltr' id='par_1_68' title="bbox 2509 2827 3096 2897">
     <span class='ocr_line' id='line_1_68' title="bbox 2509 2827 3096 2897; baseline 0.007 -15"><span class='ocrx_word' id='word_1_503' title='bbox 2509 2827 2738 2883; x_wconf 80' lang='grc' dir='ltr'><strong>Βέκκου</strong></span> <span class='ocrx_word' id='word_1_504' title='bbox 2761 2831 2848 2895; x_wconf 78' lang='grc' dir='ltr'><strong>είς</strong></span> <span class='ocrx_word' id='word_1_505' title='bbox 2874 2829 2991 2897; x_wconf 78' lang='grc' dir='ltr'><strong>τὴν</strong></span> <span class='ocrx_word' id='word_1_506' title='bbox 3013 2831 3096 2895; x_wconf 78' lang='grc' dir='ltr'><strong>β’.</strong></span> 
     </span>
    </p>
   </div>
   <div class='ocr_carea' id='block_1_69' title="bbox 2126 2919 3628 2997">
    <p class='ocr_par' dir='ltr' id='par_1_69' title="bbox 2126 2919 3628 2997">
     <span class='ocr_line' id='line_1_69' title="bbox 2126 2919 3628 2997; baseline 0.006 -25"><span class='ocrx_word' id='word_1_507' title='bbox 2126 2919 2349 2991; x_wconf 75' lang='grc' dir='ltr'><strong>Ἐπειδὴ</strong></span> <span class='ocrx_word' id='word_1_508' title='bbox 2407 2920 2516 2972; x_wconf 77' lang='grc' dir='ltr'><strong>εἰσί</strong></span> <span class='ocrx_word' id='word_1_509' title='bbox 2559 2938 2709 2984; x_wconf 77' lang='grc' dir='ltr'><strong>τινες</strong></span> <span class='ocrx_word' id='word_1_510' title='bbox 2753 2923 3139 2991; x_wconf 80' lang='grc' dir='ltr'><strong>ἀντιλέγοντες</strong></span> <span class='ocrx_word' id='word_1_511' title='bbox 3169 2926 3290 2987; x_wconf 79' lang='grc' dir='ltr'><strong>ταῖς</strong></span> <span class='ocrx_word' id='word_1_512' title='bbox 3325 2929 3628 2997; x_wconf 79' lang='grc' dir='ltr'><strong>γραφικαῖς</strong></span> 
     </span>
    </p>
   </div>
   <div class='ocr_carea' id='block_1_70' title="bbox 2046 3012 3627 3090">
    <p class='ocr_par' dir='ltr' id='par_1_70' title="bbox 2046 3012 3627 3090">
     <span class='ocr_line' id='line_1_70' title="bbox 2046 3012 3627 3090; baseline 0.005 -26"><span class='ocrx_word' id='word_1_513' title='bbox 2046 3013 2263 3083; x_wconf 78' lang='grc' dir='ltr'><strong>ρἠεσι,</strong></span> <span class='ocrx_word' id='word_1_514' title='bbox 2289 3015 2411 3076; x_wconf 84' lang='grc' dir='ltr'><strong>ταῖς</strong></span> <span class='ocrx_word' id='word_1_515' title='bbox 2437 3012 2728 3084; x_wconf 77' lang='grc' dir='ltr'><strong>δηλούσαις</strong></span> <span class='ocrx_word' id='word_1_516' title='bbox 2755 3014 2843 3068; x_wconf 80' lang='grc' dir='ltr'><strong>διὰ</strong></span> <span class='ocrx_word' id='word_1_517' title='bbox 2869 3013 2962 3068; x_wconf 86' lang='grc' dir='ltr'><strong>τοῦ</strong></span> <span class='ocrx_word' id='word_1_518' title='bbox 2985 3015 3119 3070; x_wconf 84' lang='grc' dir='ltr'><strong>Υἱοῦ</strong></span> <span class='ocrx_word' id='word_1_519' title='bbox 3142 3012 3365 3070; x_wconf 74' lang='grc' dir='ltr'><strong>εἶναιτὸ</strong></span> <span class='ocrx_word' id='word_1_520' title='bbox 3396 3019 3627 3090; x_wconf 82' lang='grc' dir='ltr'><strong>Πνεῦμα</strong></span> 
     </span>
    </p>
   </div>
   <div class='ocr_carea' id='block_1_71' title="bbox 2045 3103 3628 3179">
    <p class='ocr_par' dir='ltr' id='par_1_71' title="bbox 2045 3103 3628 3179">
     <span class='ocr_line' id='line_1_71' title="bbox 2045 3103 3628 3179; baseline 0.004 -25"><span class='ocrx_word' id='word_1_521' title='bbox 2045 3103 2109 3154; x_wconf 83' lang='grc' dir='ltr'><strong>ἐκ</strong></span> <span class='ocrx_word' id='word_1_522' title='bbox 2137 3104 2230 3154; x_wconf 84' lang='grc' dir='ltr'><strong>τοῦ</strong></span> <span class='ocrx_word' id='word_1_523' title='bbox 2266 3103 2500 3172; x_wconf 78' lang='grc' dir='ltr'><strong>Πατρὸς,</strong></span> <span class='ocrx_word' id='word_1_524' title='bbox 2535 3103 2908 3173; x_wconf 79' lang='grc' dir='ltr'><strong>συνελέγησαν</strong></span> <span class='ocrx_word' id='word_1_525' title='bbox 2936 3105 3032 3157; x_wconf 79' lang='grc' dir='ltr'><strong>καὶ</strong></span> <span class='ocrx_word' id='word_1_526' title='bbox 3086 3109 3142 3158; x_wconf 77' lang='grc' dir='ltr'><strong>αἱ</strong></span> <span class='ocrx_word' id='word_1_527' title='bbox 3181 3107 3458 3178; x_wconf 75' lang='grc' dir='ltr'><strong>παροῦσαι</strong></span> <span class='ocrx_word' id='word_1_528' title='bbox 3487 3125 3628 3179; x_wconf 80' lang='grc' dir='ltr'><strong>γρα-</strong></span> 
     </span>
    </p>
   </div>
   <div class='ocr_carea' id='block_1_72' title="bbox 2045 3194 3625 3270">
    <p class='ocr_par' dir='ltr' id='par_1_72' title="bbox 2045 3194 3625 3270">
     <span class='ocr_line' id='line_1_72' title="bbox 2045 3194 3625 3270; baseline 0.006 -24"><span class='ocrx_word' id='word_1_529' title='bbox 2045 3194 2202 3264; x_wconf 79' lang='grc' dir='ltr'><strong>φικαὶ</strong></span> <span class='ocrx_word' id='word_1_530' title='bbox 2245 3197 2454 3265; x_wconf 77' lang='grc' dir='ltr'><strong>ῥήσεις,</strong></span> <span class='ocrx_word' id='word_1_531' title='bbox 2490 3197 2545 3248; x_wconf 79' lang='grc' dir='ltr'><strong>αἱ</strong></span> <span class='ocrx_word' id='word_1_532' title='bbox 2572 3195 2829 3264; x_wconf 86' lang='grc' dir='ltr'><strong>δηλοῦσαι</strong></span> <span class='ocrx_word' id='word_1_533' title='bbox 2860 3198 3150 3269; x_wconf 76' lang='grc' dir='ltr'><strong>προσεχῶς</strong></span> <span class='ocrx_word' id='word_1_534' title='bbox 3185 3201 3281 3252; x_wconf 76' lang='grc' dir='ltr'><strong>καὶ</strong></span> <span class='ocrx_word' id='word_1_535' title='bbox 3308 3200 3528 3270; x_wconf 82' lang='grc' dir='ltr'><strong>ἁμέσως</strong></span> <span class='ocrx_word' id='word_1_536' title='bbox 3557 3203 3625 3256; x_wconf 81' lang='grc' dir='ltr'><strong>ὲκ</strong></span> 
     </span>
    </p>
   </div>
   <div class='ocr_carea' id='block_1_73' title="bbox 2045 3285 3632 3362">
    <p class='ocr_par' dir='ltr' id='par_1_73' title="bbox 2045 3285 3632 3362">
     <span class='ocr_line' id='line_1_73' title="bbox 2045 3285 3632 3362; baseline 0.005 -23"><span class='ocrx_word' id='word_1_537' title='bbox 2045 3287 2264 3356; x_wconf 75' lang='grc' dir='ltr'><strong>Πατρὸς</strong></span> <span class='ocrx_word' id='word_1_538' title='bbox 2296 3289 2385 3340; x_wconf 72' lang='grc' dir='ltr'><strong>τὸν</strong></span> <span class='ocrx_word' id='word_1_539' title='bbox 2422 3289 2551 3341; x_wconf 78' lang='grc' dir='ltr'><strong>Υἱὸν</strong></span> <span class='ocrx_word' id='word_1_540' title='bbox 2587 3285 2752 3355; x_wconf 78' lang='grc' dir='ltr'><strong>εἶναι,</strong></span> <span class='ocrx_word' id='word_1_541' title='bbox 2776 3291 2857 3352; x_wconf 88' lang='grc' dir='ltr'><strong>είς</strong></span> <span class='ocrx_word' id='word_1_542' title='bbox 2889 3292 3262 3362; x_wconf 84' lang='grc' dir='ltr'><strong>συγκρότησιν</strong></span> <span class='ocrx_word' id='word_1_543' title='bbox 3289 3294 3398 3345; x_wconf 83' lang='grc' dir='ltr'><strong>τῶν</strong></span> <span class='ocrx_word' id='word_1_544' title='bbox 3431 3292 3632 3362; x_wconf 85' lang='grc' dir='ltr'><strong>δηλου-</strong></span> 
     </span>
    </p>
   </div>
   <div class='ocr_carea' id='block_1_74' title="bbox 2044 3373 3628 3455">
    <p class='ocr_par' dir='ltr' id='par_1_74' title="bbox 2044 3373 3628 3455">
     <span class='ocr_line' id='line_1_74' title="bbox 2044 3373 3628 3455; baseline 0.006 -26"><span class='ocrx_word' id='word_1_545' title='bbox 2044 3375 2152 3429; x_wconf 86' lang='grc' dir='ltr'><strong>σῶν</strong></span> <span class='ocrx_word' id='word_1_546' title='bbox 2177 3377 2264 3430; x_wconf 83' lang='grc' dir='ltr'><strong>διὰ</strong></span> <span class='ocrx_word' id='word_1_547' title='bbox 2286 3377 2380 3430; x_wconf 85' lang='grc' dir='ltr'><strong>τοῦ</strong></span> <span class='ocrx_word' id='word_1_548' title='bbox 2415 3378 2552 3432; x_wconf 79' lang='grc' dir='ltr'><strong>Υἱοῦ</strong></span> <span class='ocrx_word' id='word_1_549' title='bbox 2577 3373 2714 3433; x_wconf 75' lang='grc' dir='ltr'><strong>εἶναι</strong></span> <span class='ocrx_word' id='word_1_550' title='bbox 2742 3379 2802 3432; x_wconf 83' lang='grc' dir='ltr'><strong>τὸ</strong></span> <span class='ocrx_word' id='word_1_551' title='bbox 2844 3381 3072 3451; x_wconf 83' lang='grc' dir='ltr'><strong>Πνεῦμα</strong></span> <span class='ocrx_word' id='word_1_552' title='bbox 3093 3397 3107 3411; x_wconf 72' lang='grc' dir='ltr'><strong>ο</strong></span> <span class='ocrx_word' id='word_1_553' title='bbox 3143 3383 3191 3434; x_wconf 75' lang='grc' dir='ltr'><strong>εἰ</strong></span> <span class='ocrx_word' id='word_1_554' title='bbox 3224 3383 3304 3454; x_wconf 82' lang='grc' dir='ltr'><strong>μὴ</strong></span> <span class='ocrx_word' id='word_1_555' title='bbox 3327 3385 3434 3455; x_wconf 77' lang='grc' dir='ltr'><strong>γὰρ</strong></span> <span class='ocrx_word' id='word_1_556' title='bbox 3465 3380 3533 3454; x_wconf 82' lang='grc' dir='ltr'><strong>ἦν</strong></span> <span class='ocrx_word' id='word_1_557' title='bbox 3561 3385 3628 3438; x_wconf 74' lang='grc' dir='ltr'><strong>τὸ</strong></span> 
     </span>
    </p>
   </div>
   <div class='ocr_carea' id='block_1_75' title="bbox 2044 3467 3625 3545">
    <p class='ocr_par' dir='ltr' id='par_1_75' title="bbox 2044 3467 3625 3545">
     <span class='ocr_line' id='line_1_75' title="bbox 2044 3467 3625 3545; baseline 0.005 -27"><span class='ocrx_word' id='word_1_558' title='bbox 2044 3467 2268 3536; x_wconf 86' lang='grc' dir='ltr'><strong>Πνεῦμα</strong></span> <span class='ocrx_word' id='word_1_559' title='bbox 2301 3468 2386 3520; x_wconf 86' lang='grc' dir='ltr'><strong>διὰ</strong></span> <span class='ocrx_word' id='word_1_560' title='bbox 2418 3469 2511 3521; x_wconf 85' lang='grc' dir='ltr'><strong>τοῦ</strong></span> <span class='ocrx_word' id='word_1_561' title='bbox 2543 3468 2693 3532; x_wconf 85' lang='grc' dir='ltr'><strong>Υίοῦ,</strong></span> <span class='ocrx_word' id='word_1_562' title='bbox 2730 3470 2874 3523; x_wconf 82' lang='grc' dir='ltr'><strong>διατι</strong></span> <span class='ocrx_word' id='word_1_563' title='bbox 2917 3471 2995 3542; x_wconf 78' lang='grc' dir='ltr'><strong>μὴ</strong></span> <span class='ocrx_word' id='word_1_564' title='bbox 3013 3475 3106 3526; x_wconf 76' lang='grc' dir='ltr'><strong>καὶ</strong></span> <span class='ocrx_word' id='word_1_565' title='bbox 3126 3474 3260 3527; x_wconf 69' lang='grc' dir='ltr'><strong>αὐτὸ</strong></span> <span class='ocrx_word' id='word_1_566' title='bbox 3281 3474 3502 3544; x_wconf 62' lang='lat' dir='ltr'><strong>aptam;</strong></span> <span class='ocrx_word' id='word_1_567' title='bbox 3523 3475 3625 3545; x_wconf 75' lang='grc' dir='ltr'><strong>ιρ-</strong></span> 
     </span>
    </p>
   </div>
   <div class='ocr_carea' id='block_1_76' title="bbox 2044 3559 2673 3633">
    <p class='ocr_par' dir='ltr' id='par_1_76' title="bbox 2044 3559 2673 3633">
     <span class='ocr_line' id='line_1_76' title="bbox 2044 3559 2673 3633; baseline 0.005 -23"><span class='ocrx_word' id='word_1_568' title='bbox 2044 3559 2182 3630; x_wconf 78' lang='grc' dir='ltr'><strong>ρἑη</strong></span> <span class='ocrx_word' id='word_1_569' title='bbox 2207 3562 2272 3614; x_wconf 77' lang='grc' dir='ltr'><strong>ὲκ</strong></span> <span class='ocrx_word' id='word_1_570' title='bbox 2295 3559 2388 3613; x_wconf 89' lang='grc' dir='ltr'><strong>τοῦ</strong></span> <span class='ocrx_word' id='word_1_571' title='bbox 2415 3561 2627 3633; x_wconf 83' lang='grc' dir='ltr'><strong>Πατρός</strong></span> <span class='ocrx_word' id='word_1_572' title='bbox 2657 3579 2673 3628; x_wconf 88' lang='grc'><strong>;</strong></span> 
     </span>
    </p>
   </div>
   <div class='ocr_carea' id='block_1_77' title="bbox 2621 3731 3082 3806">
    <p class='ocr_par' dir='ltr' id='par_1_77' title="bbox 2621 3731 3082 3806">
     <span class='ocr_line' id='line_1_77' title="bbox 2621 3731 3082 3806; baseline 0.013 -19"><span class='ocrx_word' id='word_1_573' title='bbox 2621 3731 2662 3787; x_wconf 86' lang='grc' dir='ltr'><em>Τ</em></span> <span class='ocrx_word' id='word_1_574' title='bbox 2661 3734 2732 3789; x_wconf 81' lang='grc' dir='ltr'><strong>οὗ</strong></span> <span class='ocrx_word' id='word_1_575' title='bbox 2770 3736 3082 3806; x_wconf 83' lang='grc' dir='ltr'><strong>Παλαμᾶς.</strong></span> 
     </span>
    </p>
   </div>
   <div class='ocr_carea' id='block_1_78' title="bbox 2112 3825 3616 3899">
    <p class='ocr_par' dir='ltr' id='par_1_78' title="bbox 2112 3825 3616 3899">
     <span class='ocr_line' id='line_1_78' title="bbox 2112 3825 3616 3899; baseline 0.001 -18"><span class='ocrx_word' id='word_1_576' title='bbox 2112 3828 2222 3881; x_wconf 77' lang='grc' dir='ltr'><strong>Καὶ</strong></span> <span class='ocrx_word' id='word_1_577' title='bbox 2255 3828 2362 3898; x_wconf 79' lang='grc' dir='ltr'><strong>μὴν</strong></span> <span class='ocrx_word' id='word_1_578' title='bbox 2388 3825 2591 3898; x_wconf 80' lang='grc' dir='ltr'><strong>ὲρρἑη</strong></span> <span class='ocrx_word' id='word_1_579' title='bbox 2624 3828 2718 3880; x_wconf 76' lang='grc' dir='ltr'><strong>καὶ</strong></span> <span class='ocrx_word' id='word_1_580' title='bbox 2751 3832 2811 3878; x_wconf 80' lang='grc' dir='ltr'><strong>τὸ</strong></span> <span class='ocrx_word' id='word_1_581' title='bbox 2870 3827 3010 3880; x_wconf 82' lang='grc' dir='ltr'><strong>θεῖον</strong></span> <span class='ocrx_word' id='word_1_582' title='bbox 3041 3829 3265 3899; x_wconf 87' lang='grc' dir='ltr'><strong>Πνεῦμα</strong></span> <span class='ocrx_word' id='word_1_583' title='bbox 3298 3831 3361 3882; x_wconf 81' lang='grc' dir='ltr'><strong>ἐκ</strong></span> <span class='ocrx_word' id='word_1_584' title='bbox 3399 3831 3616 3898; x_wconf 68' lang='grc' dir='ltr'><strong>Πατρὸς</strong></span> 
     </span>
    </p>
   </div>
   <div class='ocr_carea' id='block_1_79' title="bbox 2042 3919 3632 3992">
    <p class='ocr_par' dir='ltr' id='par_1_79' title="bbox 2042 3919 3632 3992">
     <span class='ocr_line' id='line_1_79' title="bbox 2042 3919 3632 3992; baseline 0.003 -20"><span class='ocrx_word' id='word_1_585' title='bbox 2042 3921 2288 3988; x_wconf 82' lang='grc' dir='ltr'><strong>ἀμέσως,</strong></span> <span class='ocrx_word' id='word_1_586' title='bbox 2319 3921 2413 3972; x_wconf 66' lang='grc' dir='ltr'><strong>καὶ</strong></span> <span class='ocrx_word' id='word_1_587' title='bbox 2435 3919 2709 3990; x_wconf 79' lang='grc' dir='ltr'><strong>ἀνῄρηταί</strong></span> <span class='ocrx_word' id='word_1_588' title='bbox 2745 3936 2841 3971; x_wconf 85' lang='grc' dir='ltr'><strong>σου</strong></span> <span class='ocrx_word' id='word_1_589' title='bbox 2883 3921 3236 3974; x_wconf 80' lang='grc' dir='ltr'><strong>παντάπασιν</strong></span> <span class='ocrx_word' id='word_1_590' title='bbox 3271 3923 3304 3991; x_wconf 75' lang='grc' dir='ltr'>ἡ</span> <span class='ocrx_word' id='word_1_591' title='bbox 3363 3921 3464 3992; x_wconf 83' lang='grc' dir='ltr'><strong>τῆς</strong></span> <span class='ocrx_word' id='word_1_592' title='bbox 3499 3924 3632 3976; x_wconf 85' lang='grc' dir='ltr'><strong>δυσ-</strong></span> 
     </span>
    </p>
   </div>
   <div class='ocr_carea' id='block_1_80' title="bbox 2046 4011 3631 4086">
    <p class='ocr_par' dir='ltr' id='par_1_80' title="bbox 2046 4011 3631 4086">
     <span class='ocr_line' id='line_1_80' title="bbox 2046 4011 3631 4086; baseline 0.003 -23"><span class='ocrx_word' id='word_1_593' title='bbox 2046 4011 2262 4074; x_wconf 79' lang='grc' dir='ltr'><strong>σεϐείας</strong></span> <span class='ocrx_word' id='word_1_594' title='bbox 2302 4012 2580 4081; x_wconf 73' lang='grc' dir='ltr'><strong>πρόφασίς</strong></span> <span class='ocrx_word' id='word_1_595' title='bbox 2620 4029 2681 4064; x_wconf 86' lang='grc' dir='ltr'><strong>τε</strong></span> <span class='ocrx_word' id='word_1_596' title='bbox 2739 4013 2833 4064; x_wconf 70' lang='grc' dir='ltr'><strong>καὶ</strong></span> <span class='ocrx_word' id='word_1_597' title='bbox 2891 4014 3270 4082; x_wconf 82' lang='grc' dir='ltr'><strong>παράστασις·</strong></span> <span class='ocrx_word' id='word_1_598' title='bbox 3326 4014 3631 4086; x_wconf 81' lang='grc' dir='ltr'><strong>Γρηγόριος</strong></span> 
     </span>
    </p>
   </div>
   <div class='ocr_carea' id='block_1_81' title="bbox 2045 4103 3628 4178">
    <p class='ocr_par' dir='ltr' id='par_1_81' title="bbox 2045 4103 3628 4178">
     <span class='ocr_line' id='line_1_81' title="bbox 2045 4103 3628 4178; baseline 0.003 -22"><span class='ocrx_word' id='word_1_599' title='bbox 2045 4105 2156 4174; x_wconf 76' lang='grc' dir='ltr'><strong>γὰρ</strong></span> <span class='ocrx_word' id='word_1_600' title='bbox 2208 4106 2236 4158; x_wconf 85' lang='grc' dir='ltr'>ὁ</span> <span class='ocrx_word' id='word_1_601' title='bbox 2270 4103 2372 4174; x_wconf 79' lang='grc' dir='ltr'><strong>τῆς</strong></span> <span class='ocrx_word' id='word_1_602' title='bbox 2437 4105 2716 4171; x_wconf 80' lang='grc' dir='ltr'><strong>Θεολογῐας</strong></span> <span class='ocrx_word' id='word_1_603' title='bbox 2775 4104 3069 4175; x_wconf 76' lang='grc' dir='ltr'><strong>ἐπώνυμος</strong></span> <span class='ocrx_word' id='word_1_604' title='bbox 3107 4106 3362 4178; x_wconf 78' lang='grc' dir='ltr'><strong>δεύτερον</strong></span> <span class='ocrx_word' id='word_1_605' title='bbox 3405 4111 3462 4161; x_wconf 82' lang='grc' dir='ltr'><strong>ὲν</strong></span> <span class='ocrx_word' id='word_1_606' title='bbox 3511 4113 3628 4173; x_wconf 86' lang='grc' dir='ltr'><strong>τοῖς</strong></span> 
     </span>
    </p>
   </div>
   <div class='ocr_carea' id='block_1_82' title="bbox 370 4187 1935 4270">
    <p class='ocr_par' dir='ltr' id='par_1_82' title="bbox 370 4197 1935 4269">
     <span class='ocr_line' id='line_1_82' title="bbox 370 4197 1935 4269; baseline 0.001 -16"><span class='ocrx_word' id='word_1_607' title='bbox 370 4199 676 4253; x_wconf 86' lang='lat' dir='ltr'><strong>secundum</strong></span> <span class='ocrx_word' id='word_1_608' title='bbox 732 4199 810 4253; x_wconf 90' lang='lat' dir='ltr'><strong>ait</strong></span> <span class='ocrx_word' id='word_1_609' title='bbox 863 4215 984 4254; x_wconf 90' lang='lat' dir='ltr'><strong>esse</strong></span> <span class='ocrx_word' id='word_1_610' title='bbox 1043 4197 1313 4269; x_wconf 90' lang='lat' dir='ltr'><strong>Spiritum</strong></span> <span class='ocrx_word' id='word_1_611' title='bbox 1368 4209 1621 4254; x_wconf 89' lang='lat' dir='ltr'><strong>sanctum</strong></span> <span class='ocrx_word' id='word_1_612' title='bbox 1672 4216 1703 4254; x_wconf 92' lang='lat' dir='ltr'><strong>a</strong></span> <span class='ocrx_word' id='word_1_613' title='bbox 1755 4199 1935 4266; x_wconf 87' lang='lat' dir='ltr'><strong>Patre,</strong></span> 
     </span>
    </p>
   </div>
   <div class='ocr_carea' id='block_1_83' title="bbox 2047 4187 3631 4270">
    <p class='ocr_par' dir='ltr' id='par_1_83' title="bbox 2047 4191 3631 4270">
     <span class='ocr_line' id='line_1_83' title="bbox 2047 4191 3631 4270; baseline 0.003 -22"><span class='ocrx_word' id='word_1_614' title='bbox 2047 4195 2233 4250; x_wconf 75' lang='grc' dir='ltr'><strong>ἔπεσιν</strong></span> <span class='ocrx_word' id='word_1_615' title='bbox 2260 4191 2401 4250; x_wconf 78' lang='grc' dir='ltr'><strong>εῐναί</strong></span> <span class='ocrx_word' id='word_1_616' title='bbox 2437 4213 2602 4266; x_wconf 79' lang='grc' dir='ltr'><strong>φησιν</strong></span> <span class='ocrx_word' id='word_1_617' title='bbox 2663 4197 2772 4250; x_wconf 74' lang='grc' dir='ltr'><strong>ἀπὸ</strong></span> <span class='ocrx_word' id='word_1_618' title='bbox 2806 4197 2900 4250; x_wconf 90' lang='grc' dir='ltr'><strong>τοῦ</strong></span> <span class='ocrx_word' id='word_1_619' title='bbox 2943 4198 3159 4267; x_wconf 83' lang='grc' dir='ltr'><strong>Πατρδς</strong></span> <span class='ocrx_word' id='word_1_620' title='bbox 3194 4200 3254 4252; x_wconf 83' lang='grc' dir='ltr'><strong>τὸ</strong></span> <span class='ocrx_word' id='word_1_621' title='bbox 3297 4198 3522 4270; x_wconf 89' lang='grc' dir='ltr'><strong>Πνεῦμα</strong></span> <span class='ocrx_word' id='word_1_622' title='bbox 3565 4201 3631 4254; x_wconf 83' lang='grc' dir='ltr'><strong>τὸ</strong></span> 
     </span>
    </p>
   </div>
   <div class='ocr_carea' id='block_1_84' title="bbox 369 4289 1943 4361">
    <p class='ocr_par' dir='ltr' id='par_1_84' title="bbox 369 4289 1943 4361">
     <span class='ocr_line' id='line_1_84' title="bbox 369 4289 1943 4361; baseline 0.001 -16"><span class='ocrx_word' id='word_1_623' title='bbox 369 4291 515 4345; x_wconf 87' lang='lat' dir='ltr'><strong>sicut</strong></span> <span class='ocrx_word' id='word_1_624' title='bbox 563 4301 622 4346; x_wconf 89' lang='lat' dir='ltr'><strong>et</strong></span> <span class='ocrx_word' id='word_1_625' title='bbox 673 4289 894 4344; x_wconf 78' lang='lat' dir='ltr'><strong>Filium.</strong></span> <span class='ocrx_word' id='word_1_626' title='bbox 941 4289 1242 4359; x_wconf 84' lang='lat' dir='ltr'><strong>Gregorius</strong></span> <span class='ocrx_word' id='word_1_627' title='bbox 1293 4299 1476 4345; x_wconf 91' lang='lat' dir='ltr'><strong>autem</strong></span> <span class='ocrx_word' id='word_1_628' title='bbox 1534 4291 1833 4361; x_wconf 88' lang='lat' dir='ltr'><strong>Nyssenus,</strong></span> <span class='ocrx_word' id='word_1_629' title='bbox 1887 4302 1943 4347; x_wconf 91' lang='lat' dir='ltr'><strong>et</strong></span> 
     </span>
    </p>
   </div>
   <div class='ocr_carea' id='block_1_85' title="bbox 371 4383 1945 4455">
    <p class='ocr_par' dir='ltr' id='par_1_85' title="bbox 371 4383 1945 4455">
     <span class='ocr_line' id='line_1_85' title="bbox 371 4383 1945 4455; baseline 0.003 -19"><span class='ocrx_word' id='word_1_630' title='bbox 371 4383 489 4453; x_wconf 90' lang='lat' dir='ltr'><strong>ipse</strong></span> <span class='ocrx_word' id='word_1_631' title='bbox 526 4396 653 4438; x_wconf 87' lang='lat' dir='ltr'><strong>cum</strong></span> <span class='ocrx_word' id='word_1_632' title='bbox 704 4383 896 4438; x_wconf 89' lang='lat' dir='ltr'><strong>multis</strong></span> <span class='ocrx_word' id='word_1_633' title='bbox 937 4383 1059 4438; x_wconf 92' lang='lat' dir='ltr'><strong>aliis</strong></span> <span class='ocrx_word' id='word_1_634' title='bbox 1088 4386 1308 4452; x_wconf 88' lang='lat' dir='ltr'><strong>asserit,</strong></span> <span class='ocrx_word' id='word_1_635' title='bbox 1340 4395 1639 4455; x_wconf 86' lang='lat' dir='ltr'><strong>utrumque</strong></span> <span class='ocrx_word' id='word_1_636' title='bbox 1688 4384 1945 4442; x_wconf 86' lang='lat' dir='ltr'><strong>similiter</strong></span> 
     </span>
    </p>
   </div>
   <div class='ocr_carea' id='block_1_86' title="bbox 372 4475 1942 4548">
    <p class='ocr_par' dir='ltr' id='par_1_86' title="bbox 372 4475 1942 4548">
     <span class='ocr_line' id='line_1_86' title="bbox 372 4475 1942 4548; baseline 0.002 -20"><span class='ocrx_word' id='word_1_637' title='bbox 372 4489 432 4529; x_wconf 85' lang='lat' dir='ltr'><strong>se</strong></span> <span class='ocrx_word' id='word_1_638' title='bbox 467 4475 679 4530; x_wconf 87' lang='lat' dir='ltr'><strong>habere</strong></span> <span class='ocrx_word' id='word_1_639' title='bbox 714 4477 781 4530; x_wconf 87' lang='lat' dir='ltr'><strong>ad</strong></span> <span class='ocrx_word' id='word_1_640' title='bbox 814 4489 979 4529; x_wconf 88' lang='lat' dir='ltr'><strong>unam</strong></span> <span class='ocrx_word' id='word_1_641' title='bbox 1008 4491 1301 4546; x_wconf 88' lang='lat' dir='ltr'><strong>personam</strong></span> <span class='ocrx_word' id='word_1_642' title='bbox 1335 4475 1538 4543; x_wconf 89' lang='lat' dir='ltr'><strong>Patris,</strong></span> <span class='ocrx_word' id='word_1_643' title='bbox 1572 4489 1942 4548; x_wconf 83' lang='lat' dir='ltr'><strong>praeterquam</strong></span> 
     </span>
    </p>
   </div>
   <div class='ocr_carea' id='block_1_87' title="bbox 372 4565 1943 4638">
    <p class='ocr_par' dir='ltr' id='par_1_87' title="bbox 372 4565 1943 4638">
     <span class='ocr_line' id='line_1_87' title="bbox 372 4565 1943 4638; baseline 0.002 -19"><span class='ocrx_word' id='word_1_644' title='bbox 372 4565 430 4619; x_wconf 93' lang='lat' dir='ltr'><strong>in</strong></span> <span class='ocrx_word' id='word_1_645' title='bbox 474 4566 638 4620; x_wconf 91' lang='lat' dir='ltr'><strong>modo</strong></span> <span class='ocrx_word' id='word_1_646' title='bbox 667 4566 996 4622; x_wconf 78' lang='lat' dir='ltr'><strong>exsistendi.</strong></span> <span class='ocrx_word' id='word_1_647' title='bbox 1050 4567 1194 4634; x_wconf 84' lang='lat' dir='ltr'><strong>Quid</strong></span> <span class='ocrx_word' id='word_1_648' title='bbox 1241 4577 1426 4623; x_wconf 91' lang='lat' dir='ltr'><strong>autem</strong></span> <span class='ocrx_word' id='word_1_649' title='bbox 1458 4568 1562 4623; x_wconf 88' lang='lat' dir='ltr'><strong>sibi</strong></span> <span class='ocrx_word' id='word_1_650' title='bbox 1598 4569 1810 4633; x_wconf 90' lang='lat' dir='ltr'><strong>volunt,</strong></span> <span class='ocrx_word' id='word_1_651' title='bbox 1847 4567 1943 4638; x_wconf 91' lang='lat' dir='ltr'><strong>qui</strong></span> 
     </span>
    </p>
   </div>
   <div class='ocr_carea' id='block_1_88' title="bbox 369 4657 1943 4729">
    <p class='ocr_par' dir='ltr' id='par_1_88' title="bbox 369 4657 1943 4729">
     <span class='ocr_line' id='line_1_88' title="bbox 369 4657 1943 4729; baseline 0.001 -16"><span class='ocrx_word' id='word_1_652' title='bbox 369 4658 562 4713; x_wconf 90' lang='lat' dir='ltr'><strong>dicunt</strong></span> <span class='ocrx_word' id='word_1_653' title='bbox 593 4657 860 4727; x_wconf 88' lang='lat' dir='ltr'><strong>Spiritum</strong></span> <span class='ocrx_word' id='word_1_654' title='bbox 897 4669 1150 4715; x_wconf 87' lang='lat' dir='ltr'><strong>sanctum</strong></span> <span class='ocrx_word' id='word_1_655' title='bbox 1212 4676 1280 4716; x_wconf 81' lang='lat' dir='ltr'><strong>ex</strong></span> <span class='ocrx_word' id='word_1_656' title='bbox 1324 4661 1486 4716; x_wconf 89' lang='lat' dir='ltr'><strong>Patre</strong></span> <span class='ocrx_word' id='word_1_657' title='bbox 1526 4661 1850 4729; x_wconf 89' lang='lat' dir='ltr'><strong>procedere,</strong></span> <span class='ocrx_word' id='word_1_658' title='bbox 1888 4669 1943 4715; x_wconf 89' lang='lat' dir='ltr'><strong>et</strong></span> 
     </span>
    </p>
   </div>
   <div class='ocr_carea' id='block_1_89' title="bbox 369 4749 1944 4820">
    <p class='ocr_par' dir='ltr' id='par_1_89' title="bbox 369 4749 1944 4820">
     <span class='ocr_line' id='line_1_89' title="bbox 369 4749 1944 4820; baseline 0.002 -18"><span class='ocrx_word' id='word_1_659' title='bbox 369 4750 426 4802; x_wconf 92' lang='lat' dir='ltr'><strong>in</strong></span> <span class='ocrx_word' id='word_1_660' title='bbox 457 4749 596 4803; x_wconf 83' lang='lat' dir='ltr'><strong>Filio</strong></span> <span class='ocrx_word' id='word_1_661' title='bbox 627 4764 976 4818; x_wconf 89' lang='lat' dir='ltr'><strong>permanere,</strong></span> <span class='ocrx_word' id='word_1_662' title='bbox 1007 4759 1065 4804; x_wconf 92' lang='lat' dir='ltr'><strong>et</strong></span> <span class='ocrx_word' id='word_1_663' title='bbox 1098 4765 1164 4804; x_wconf 82' lang='lat' dir='ltr'><strong>ex</strong></span> <span class='ocrx_word' id='word_1_664' title='bbox 1201 4749 1366 4804; x_wconf 88' lang='lat' dir='ltr'><strong>Patre</strong></span> <span class='ocrx_word' id='word_1_665' title='bbox 1405 4752 1459 4806; x_wconf 92' lang='lat' dir='ltr'><strong>in</strong></span> <span class='ocrx_word' id='word_1_666' title='bbox 1495 4750 1697 4804; x_wconf 90' lang='lat' dir='ltr'><strong>Filium</strong></span> <span class='ocrx_word' id='word_1_667' title='bbox 1746 4766 1944 4820; x_wconf 88' lang='lat' dir='ltr'><strong>perve-</strong></span> 
     </span>
    </p>
   </div>
   <div class='ocr_carea' id='block_1_90' title="bbox 371 4839 1942 4905">
    <p class='ocr_par' dir='ltr' id='par_1_90' title="bbox 371 4839 1942 4905">
     <span class='ocr_line' id='line_1_90' title="bbox 371 4839 1942 4905; baseline 0.003 -13"><span class='ocrx_word' id='word_1_668' title='bbox 371 4839 526 4894; x_wconf 81' lang='lat' dir='ltr'><strong>nire?</strong></span> <span class='ocrx_word' id='word_1_669' title='bbox 577 4848 633 4894; x_wconf 91' lang='lat' dir='ltr'><strong>et</strong></span> <span class='ocrx_word' id='word_1_670' title='bbox 677 4855 739 4894; x_wconf 79' lang='lat' dir='ltr'><strong>ex</strong></span> <span class='ocrx_word' id='word_1_671' title='bbox 777 4839 938 4895; x_wconf 86' lang='lat' dir='ltr'><strong>Patre</strong></span> <span class='ocrx_word' id='word_1_672' title='bbox 970 4857 1116 4905; x_wconf 89' lang='lat' dir='ltr'><strong>esse,</strong></span> <span class='ocrx_word' id='word_1_673' title='bbox 1153 4849 1211 4896; x_wconf 89' lang='lat' dir='ltr'><strong>et</strong></span> <span class='ocrx_word' id='word_1_674' title='bbox 1262 4841 1424 4897; x_wconf 88' lang='lat' dir='ltr'><strong>Verbi</strong></span> <span class='ocrx_word' id='word_1_675' title='bbox 1460 4843 1768 4898; x_wconf 88' lang='lat' dir='ltr'><strong>comitem?</strong></span> <span class='ocrx_word' id='word_1_676' title='bbox 1815 4845 1942 4896; x_wconf 80' lang='lat' dir='ltr'><strong>Am-</strong></span> 
     </span>
    </p>
   </div>
   <div class='ocr_carea' id='block_1_91' title="bbox 372 4931 1944 5001">
    <p class='ocr_par' dir='ltr' id='par_1_91' title="bbox 372 4931 1944 5001">
     <span class='ocr_line' id='line_1_91' title="bbox 372 4931 1944 5001; baseline 0.003 -16"><span class='ocrx_word' id='word_1_677' title='bbox 372 4931 540 4999; x_wconf 88' lang='lat' dir='ltr'><strong>plius,</strong></span> <span class='ocrx_word' id='word_1_678' title='bbox 579 4932 676 5001; x_wconf 90' lang='lat' dir='ltr'><strong>qul</strong></span> <span class='ocrx_word' id='word_1_679' title='bbox 726 4935 1177 4988; x_wconf 89' lang='lat' dir='ltr'><strong>communionem</strong></span> <span class='ocrx_word' id='word_1_680' title='bbox 1230 4943 1288 4989; x_wconf 91' lang='lat' dir='ltr'><strong>et</strong></span> <span class='ocrx_word' id='word_1_681' title='bbox 1343 4949 1588 4988; x_wconf 89' lang='lat' dir='ltr'><strong>amorem</strong></span> <span class='ocrx_word' id='word_1_682' title='bbox 1650 4933 1832 4990; x_wconf 89' lang='lat' dir='ltr'><strong>Patris</strong></span> <span class='ocrx_word' id='word_1_683' title='bbox 1886 4943 1944 4989; x_wconf 90' lang='lat' dir='ltr'><strong>et</strong></span> 
     </span>
    </p>
   </div>
   <div class='ocr_carea' id='block_1_92' title="bbox 371 5023 1942 5098">
    <p class='ocr_par' dir='ltr' id='par_1_92' title="bbox 371 5023 1942 5098">
     <span class='ocr_line' id='line_1_92' title="bbox 371 5023 1942 5098; baseline 0.004 -22"><span class='ocrx_word' id='word_1_684' title='bbox 371 5023 495 5078; x_wconf 85' lang='lat' dir='ltr'><strong>Filii</strong></span> <span class='ocrx_word' id='word_1_685' title='bbox 533 5024 803 5094; x_wconf 89' lang='lat' dir='ltr'><strong>Spiritum</strong></span> <span class='ocrx_word' id='word_1_686' title='bbox 836 5035 1091 5080; x_wconf 87' lang='lat' dir='ltr'><strong>sanctum</strong></span> <span class='ocrx_word' id='word_1_687' title='bbox 1115 5027 1437 5098; x_wconf 78' lang='lat' dir='ltr'><strong>appellant?</strong></span> <span class='ocrx_word' id='word_1_688' title='bbox 1463 5027 1542 5080; x_wconf 81' lang='lat' dir='ltr'><strong>Ad</strong></span> <span class='ocrx_word' id='word_1_689' title='bbox 1574 5027 1712 5092; x_wconf 76' lang='lat' dir='ltr'><strong>haec,</strong></span> <span class='ocrx_word' id='word_1_690' title='bbox 1733 5029 1828 5097; x_wconf 89' lang='lat' dir='ltr'><strong>qui</strong></span> <span class='ocrx_word' id='word_1_691' title='bbox 1859 5027 1942 5082; x_wconf 82' lang='lat' dir='ltr'><strong>di-</strong></span> 
     </span>
    </p>
   </div>
   <div class='ocr_carea' id='block_1_93' title="bbox 369 5113 1937 5185">
    <p class='ocr_par' dir='ltr' id='par_1_93' title="bbox 369 5113 1937 5185">
     <span class='ocr_line' id='line_1_93' title="bbox 369 5113 1937 5185; baseline 0.001 -19"><span class='ocrx_word' id='word_1_692' title='bbox 369 5121 504 5167; x_wconf 91' lang='lat' dir='ltr'><strong>cunt</strong></span> <span class='ocrx_word' id='word_1_693' title='bbox 536 5113 801 5182; x_wconf 72' lang='lat' dir='ltr'><strong>singulas”</strong></span> <span class='ocrx_word' id='word_1_694' title='bbox 829 5130 1098 5185; x_wconf 90' lang='lat' dir='ltr'><strong>personas</strong></span> <span class='ocrx_word' id='word_1_695' title='bbox 1138 5129 1248 5168; x_wconf 88' lang='lat' dir='ltr'><strong>non</strong></span> <span class='ocrx_word' id='word_1_696' title='bbox 1298 5115 1483 5170; x_wconf 92' lang='lat' dir='ltr'><strong>minus</strong></span> <span class='ocrx_word' id='word_1_697' title='bbox 1526 5130 1587 5170; x_wconf 90' lang='lat' dir='ltr'><strong>se</strong></span> <span class='ocrx_word' id='word_1_698' title='bbox 1627 5115 1834 5169; x_wconf 87' lang='lat' dir='ltr'><strong>habere</strong></span> <span class='ocrx_word' id='word_1_699' title='bbox 1869 5113 1937 5168; x_wconf 88' lang='lat' dir='ltr'><strong>ad</strong></span> 
     </span>
    </p>
   </div>
   <div class='ocr_carea' id='block_1_94' title="bbox 368 5191 1932 5278">
    <p class='ocr_par' dir='ltr' id='par_1_94' title="bbox 368 5191 1932 5278">
     <span class='ocr_line' id='line_1_94' title="bbox 368 5191 1932 5278; baseline -0.001 -17"><span class='ocrx_word' id='word_1_700' title='bbox 368 5210 624 5274; x_wconf 90' lang='lat' dir='ltr'><strong>alteram,</strong></span> <span class='ocrx_word' id='word_1_701' title='bbox 661 5222 826 5277; x_wconf 88' lang='lat' dir='ltr'><strong>quam</strong></span> <span class='ocrx_word' id='word_1_702' title='bbox 882 5207 950 5262; x_wconf 90' lang='lat' dir='ltr'><strong>ad</strong></span> <span class='ocrx_word' id='word_1_703' title='bbox 1011 5191 1259 5278; x_wconf 76' lang='lat' dir='ltr'><strong>seipsas?</strong></span> <span class='ocrx_word' id='word_1_704' title='bbox 1303 5209 1447 5274; x_wconf 84' lang='lat' dir='ltr'><strong>Quid</strong></span> <span class='ocrx_word' id='word_1_705' title='bbox 1491 5222 1622 5264; x_wconf 82' lang='lat' dir='ltr'><strong>vero</strong></span> <span class='ocrx_word' id='word_1_706' title='bbox 1663 5208 1779 5272; x_wconf 91' lang='lat' dir='ltr'><strong>ille,</strong></span> <span class='ocrx_word' id='word_1_707' title='bbox 1834 5207 1932 5276; x_wconf 86' lang='lat' dir='ltr'><strong>qui</strong></span> 
     </span>
    </p>
   </div>
   <div class='ocr_carea' id='block_1_95' title="bbox 367 5297 1942 5370">
    <p class='ocr_par' dir='ltr' id='par_1_95' title="bbox 367 5297 1942 5370">
     <span class='ocr_line' id='line_1_95' title="bbox 367 5297 1942 5370; baseline -0.004 -16"><span class='ocrx_word' id='word_1_708' title='bbox 367 5300 538 5362; x_wconf 86' lang='lat' dir='ltr'><strong>canit,</strong></span> <span class='ocrx_word' id='word_1_709' title='bbox 589 5297 785 5352; x_wconf 77' lang='lat' dir='ltr'><strong>Manus</strong></span> <span class='ocrx_word' id='word_1_710' title='bbox 824 5309 928 5352; x_wconf 67' lang='lat' dir='ltr'><strong>tum</strong></span> <span class='ocrx_word' id='word_1_711' title='bbox 954 5299 1030 5369; x_wconf 83' lang='grc' dir='ltr'><strong>(Ι)</strong></span> <span class='ocrx_word' id='word_1_712' title='bbox 1063 5300 1297 5368; x_wconf 69' lang='lat' dir='ltr'><strong>fecerunt</strong></span> <span class='ocrx_word' id='word_1_713' title='bbox 1328 5314 1408 5351; x_wconf 85' lang='lat' dir='ltr'><strong>me</strong></span> <span class='ocrx_word' id='word_1_714' title='bbox 1451 5306 1500 5352; x_wconf 86' lang='lat' dir='ltr'><strong>et</strong></span> <span class='ocrx_word' id='word_1_715' title='bbox 1545 5297 1942 5370; x_wconf 79' lang='lat' dir='ltr'><strong>plasmaverunt</strong></span> 
     </span>
    </p>
   </div>
   <div class='ocr_carea' id='block_1_96' title="bbox 369 5388 1935 5458">
    <p class='ocr_par' dir='ltr' id='par_1_96' title="bbox 369 5388 1935 5458">
     <span class='ocr_line' id='line_1_96' title="bbox 369 5388 1935 5458; baseline -0.003 -14"><span class='ocrx_word' id='word_1_716' title='bbox 369 5392 530 5445; x_wconf 73' lang='lat' dir='ltr'><strong>me“!</strong></span> <span class='ocrx_word' id='word_1_717' title='bbox 564 5392 761 5447; x_wconf 84' lang='lat' dir='ltr'><strong>Nonne</strong></span> <span class='ocrx_word' id='word_1_718' title='bbox 804 5405 999 5446; x_wconf 89' lang='lat' dir='ltr'><strong>omnes</strong></span> <span class='ocrx_word' id='word_1_719' title='bbox 1051 5391 1143 5445; x_wconf 89' lang='lat' dir='ltr'><strong>isti</strong></span> <span class='ocrx_word' id='word_1_720' title='bbox 1176 5406 1243 5444; x_wconf 77' lang='lat' dir='ltr'><strong>ex</strong></span> <span class='ocrx_word' id='word_1_721' title='bbox 1289 5391 1450 5445; x_wconf 86' lang='lat' dir='ltr'><strong>Patre</strong></span> <span class='ocrx_word' id='word_1_722' title='bbox 1495 5404 1620 5444; x_wconf 90' lang='lat' dir='ltr'><strong>esse</strong></span> <span class='ocrx_word' id='word_1_723' title='bbox 1656 5388 1935 5458; x_wconf 87' lang='lat' dir='ltr'><strong>Spiritum</strong></span> 
     </span>
    </p>
   </div>
   <div class='ocr_carea' id='block_1_97' title="bbox 369 5480 1350 5538">
    <p class='ocr_par' dir='ltr' id='par_1_97' title="bbox 369 5480 1350 5538">
     <span class='ocr_line' id='line_1_97' title="bbox 369 5480 1350 5538; baseline 0 -3"><span class='ocrx_word' id='word_1_724' title='bbox 369 5492 622 5538; x_wconf 90' lang='lat' dir='ltr'><strong>sanctum</strong></span> <span class='ocrx_word' id='word_1_725' title='bbox 655 5483 977 5538; x_wconf 85' lang='lat' dir='ltr'><strong>immediate</strong></span> <span class='ocrx_word' id='word_1_726' title='bbox 1004 5480 1350 5538; x_wconf 75' lang='lat' dir='ltr'><strong>ostendunt?</strong></span> 
     </span>
    </p>
   </div>
   <div class='ocr_carea' id='block_1_98' title="bbox 443 5573 996 5640">
    <p class='ocr_par' dir='ltr' id='par_1_98' title="bbox 443 5573 996 5640">
     <span class='ocr_line' id='line_1_98' title="bbox 443 5573 996 5640; baseline 0.004 -13"><span class='ocrx_word' id='word_1_727' title='bbox 443 5577 458 5606; x_wconf 83' lang='grc'><strong>¹</strong></span> <span class='ocrx_word' id='word_1_728' title='bbox 490 5573 638 5629; x_wconf 81' lang='lat' dir='ltr'><strong>Psal.</strong></span> <span class='ocrx_word' id='word_1_729' title='bbox 667 5589 862 5640; x_wconf 73' lang='lat' dir='ltr'><strong>cxvm,</strong></span> <span class='ocrx_word' id='word_1_730' title='bbox 905 5575 996 5630; x_wconf 78' lang='grc'><strong>75.</strong></span> 
     </span>
    </p>
   </div>
   <div class='ocr_carea' id='block_1_99' title="bbox 441 5690 1948 5762">
    <p class='ocr_par' dir='ltr' id='par_1_99' title="bbox 441 5690 1948 5762">
     <span class='ocr_line' id='line_1_99' title="bbox 441 5690 1948 5762; baseline -0.002 -15"><span class='ocrx_word' id='word_1_731' title='bbox 441 5691 516 5758; x_wconf 74' lang='grc'><strong>(1)</strong></span> <span class='ocrx_word' id='word_1_732' title='bbox 549 5690 707 5755; x_wconf 87' lang='lat' dir='ltr'><strong>Quod</strong></span> <span class='ocrx_word' id='word_1_733' title='bbox 741 5691 982 5761; x_wconf 87' lang='lat' dir='ltr'><strong>Spiritus</strong></span> <span class='ocrx_word' id='word_1_734' title='bbox 1025 5693 1098 5747; x_wconf 86' lang='lat' dir='ltr'><strong>sit</strong></span> <span class='ocrx_word' id='word_1_735' title='bbox 1123 5708 1320 5747; x_wconf 90' lang='lat' dir='ltr'><strong>manus</strong></span> <span class='ocrx_word' id='word_1_736' title='bbox 1352 5693 1467 5762; x_wconf 90' lang='lat' dir='ltr'><strong>Dei,</strong></span> <span class='ocrx_word' id='word_1_737' title='bbox 1503 5701 1668 5762; x_wconf 88' lang='lat' dir='ltr'><strong>atque</strong></span> <span class='ocrx_word' id='word_1_738' title='bbox 1704 5701 1776 5762; x_wconf 15' lang='lat' dir='ltr'><strong>int</strong></span> <span class='ocrx_word' id='word_1_739' title='bbox 1834 5706 1948 5744; x_wconf 85' lang='lat' dir='ltr'><strong>Ina-</strong></span> 
     </span>
    </p>
   </div>
   <div class='ocr_carea' id='block_1_100' title="bbox 374 5761 1938 5833">
    <p class='ocr_par' dir='ltr' id='par_1_100' title="bbox 374 5761 1938 5833">
     <span class='ocr_line' id='line_1_100' title="bbox 374 5761 1938 5833; baseline -0.001 -18"><span class='ocrx_word' id='word_1_740' title='bbox 374 5776 478 5815; x_wconf 90' lang='lat' dir='ltr'><strong>nus</strong></span> <span class='ocrx_word' id='word_1_741' title='bbox 497 5763 718 5830; x_wconf 71' lang='lat' dir='ltr'><strong>attingit</strong></span> <span class='ocrx_word' id='word_1_742' title='bbox 745 5762 1061 5818; x_wconf 85' lang='lat' dir='ltr'><strong>immediate</strong></span> <span class='ocrx_word' id='word_1_743' title='bbox 1091 5777 1313 5833; x_wconf 86' lang='lat' dir='ltr'><strong>corpus,</strong></span> <span class='ocrx_word' id='word_1_744' title='bbox 1339 5765 1412 5818; x_wconf 89' lang='lat' dir='ltr'><strong>ita</strong></span> <span class='ocrx_word' id='word_1_745' title='bbox 1437 5761 1675 5832; x_wconf 79' lang='lat' dir='ltr'><strong>Spiritus</strong></span> <span class='ocrx_word' id='word_1_746' title='bbox 1699 5761 1938 5830; x_wconf 81' lang='lat' dir='ltr'><strong>Patrem;</strong></span> 
     </span>
    </p>
   </div>
   <div class='ocr_carea' id='block_1_101' title="bbox 2052 4286 3630 4358">
    <p class='ocr_par' dir='ltr' id='par_1_101' title="bbox 2052 4286 3630 4358">
     <span class='ocr_line' id='line_1_101' title="bbox 2052 4286 3630 4358; baseline 0.001 -16"><span class='ocrx_word' id='word_1_747' title='bbox 2052 4287 2206 4356; x_wconf 77' lang='grc' dir='ltr'><strong>ἅγιον</strong></span> <span class='ocrx_word' id='word_1_748' title='bbox 2240 4286 2384 4341; x_wconf 74' lang='grc' dir='ltr'><strong>καθὰ</strong></span> <span class='ocrx_word' id='word_1_749' title='bbox 2413 4289 2625 4342; x_wconf 74' lang='grc' dir='ltr'><strong>καὶτὸν</strong></span> <span class='ocrx_word' id='word_1_750' title='bbox 2667 4289 2815 4344; x_wconf 82' lang='grc' dir='ltr'><strong>Υίόν.</strong></span> <span class='ocrx_word' id='word_1_751' title='bbox 2850 4289 2917 4342; x_wconf 81' lang='grc' dir='ltr'><strong>Ὀ</strong></span> <span class='ocrx_word' id='word_1_752' title='bbox 2951 4289 3006 4343; x_wconf 74' lang='grc' dir='ltr'>δὲ</span> <span class='ocrx_word' id='word_1_753' title='bbox 3032 4289 3255 4358; x_wconf 85' lang='grc' dir='ltr'><strong>Νύσσης</strong></span> <span class='ocrx_word' id='word_1_754' title='bbox 3290 4292 3386 4344; x_wconf 79' lang='grc' dir='ltr'><strong>σὺν</strong></span> <span class='ocrx_word' id='word_1_755' title='bbox 3409 4291 3630 4355; x_wconf 81' lang='grc' dir='ltr'><strong>πολλοῖς</strong></span> 
     </span>
    </p>
   </div>
   <div class='ocr_carea' id='block_1_102' title="bbox 2048 4379 3629 4452">
    <p class='ocr_par' dir='ltr' id='par_1_102' title="bbox 2048 4379 3629 4452">
     <span class='ocr_line' id='line_1_102' title="bbox 2048 4379 3629 4452; baseline -0.001 -18"><span class='ocrx_word' id='word_1_756' title='bbox 2048 4382 2256 4451; x_wconf 75' lang='grc' dir='ltr'><strong>ἑτέροις</strong></span> <span class='ocrx_word' id='word_1_757' title='bbox 2288 4381 2426 4452; x_wconf 83' lang='grc' dir='ltr'><strong>πρὸς</strong></span> <span class='ocrx_word' id='word_1_758' title='bbox 2489 4379 2546 4434; x_wconf 76' lang='grc' dir='ltr'><strong>ἓν</strong></span> <span class='ocrx_word' id='word_1_759' title='bbox 2584 4381 2883 4445; x_wconf 87' lang='grc' dir='ltr'><strong>πρόσωπον</strong></span> <span class='ocrx_word' id='word_1_760' title='bbox 2914 4381 2974 4434; x_wconf 79' lang='grc' dir='ltr'><strong>τὸ</strong></span> <span class='ocrx_word' id='word_1_761' title='bbox 3033 4381 3302 4452; x_wconf 80' lang='grc' dir='ltr'><strong>πατρικὸν</strong></span> <span class='ocrx_word' id='word_1_762' title='bbox 3357 4380 3629 4447; x_wconf 82' lang='grc' dir='ltr'><strong>ὡσαύτως</strong></span> 
     </span>
    </p>
   </div>
   <div class='ocr_carea' id='block_1_103' title="bbox 2047 4469 3632 4544">
    <p class='ocr_par' dir='ltr' id='par_1_103' title="bbox 2047 4469 3632 4544">
     <span class='ocr_line' id='line_1_103' title="bbox 2047 4469 3632 4544; baseline 0.003 -22"><span class='ocrx_word' id='word_1_763' title='bbox 2047 4469 2192 4541; x_wconf 71' lang='grc' dir='ltr'><strong>ἔχειν</strong></span> <span class='ocrx_word' id='word_1_764' title='bbox 2228 4471 2492 4541; x_wconf 76' lang='grc' dir='ltr'><strong>ἑκάτερόν</strong></span> <span class='ocrx_word' id='word_1_765' title='bbox 2521 4487 2710 4539; x_wconf 83' lang='grc' dir='ltr'><strong>φησιν,</strong></span> <span class='ocrx_word' id='word_1_766' title='bbox 2759 4472 2890 4525; x_wconf 75' lang='grc' dir='ltr'><strong>ἄνευ</strong></span> <span class='ocrx_word' id='word_1_767' title='bbox 2919 4469 3016 4524; x_wconf 84' lang='grc' dir='ltr'><strong>τοῦ</strong></span> <span class='ocrx_word' id='word_1_768' title='bbox 3049 4472 3254 4542; x_wconf 74' lang='grc' dir='ltr'><strong>τρόπον</strong></span> <span class='ocrx_word' id='word_1_769' title='bbox 3308 4474 3408 4542; x_wconf 81' lang='grc' dir='ltr'><strong>τῆς</strong></span> <span class='ocrx_word' id='word_1_770' title='bbox 3445 4475 3632 4544; x_wconf 80' lang='grc' dir='ltr'><strong>ὑπάρ-</strong></span> 
     </span>
    </p>
   </div>
   <div class='ocr_carea' id='block_1_104' title="bbox 2048 4561 3633 4634">
    <p class='ocr_par' dir='ltr' id='par_1_104' title="bbox 2048 4561 3633 4634">
     <span class='ocr_line' id='line_1_104' title="bbox 2048 4561 3633 4634; baseline 0.003 -20"><span class='ocrx_word' id='word_1_771' title='bbox 2048 4563 2205 4628; x_wconf 82' lang='grc' dir='ltr'><strong>ξεως.</strong></span> <span class='ocrx_word' id='word_1_772' title='bbox 2265 4561 2332 4614; x_wconf 77' lang='grc' dir='ltr'><strong>Τί</strong></span> <span class='ocrx_word' id='word_1_773' title='bbox 2363 4562 2421 4615; x_wconf 70' lang='grc' dir='ltr'><strong>δὲ</strong></span> <span class='ocrx_word' id='word_1_774' title='bbox 2452 4562 2503 4614; x_wconf 84' lang='grc' dir='ltr'><strong>οί</strong></span> <span class='ocrx_word' id='word_1_775' title='bbox 2534 4561 2785 4629; x_wconf 80' lang='grc' dir='ltr'><strong>λέγοντες</strong></span> <span class='ocrx_word' id='word_1_776' title='bbox 2810 4563 2874 4614; x_wconf 78' lang='grc' dir='ltr'><strong>ὲκ</strong></span> <span class='ocrx_word' id='word_1_777' title='bbox 2905 4562 3000 4616; x_wconf 89' lang='grc' dir='ltr'><strong>τοῦ</strong></span> <span class='ocrx_word' id='word_1_778' title='bbox 3058 4564 3270 4634; x_wconf 86' lang='grc' dir='ltr'><strong>Πατρδς</strong></span> <span class='ocrx_word' id='word_1_779' title='bbox 3329 4566 3633 4634; x_wconf 76' lang='grc' dir='ltr'><strong>ἐκπορεύε-</strong></span> 
     </span>
    </p>
   </div>
   <div class='ocr_carea' id='block_1_105' title="bbox 2049 4654 3630 4728">
    <p class='ocr_par' dir='ltr' id='par_1_105' title="bbox 2049 4654 3630 4728">
     <span class='ocr_line' id='line_1_105' title="bbox 2049 4654 3630 4728; baseline 0.001 -20"><span class='ocrx_word' id='word_1_780' title='bbox 2049 4655 2172 4708; x_wconf 81' lang='grc' dir='ltr'><strong>σθαι</strong></span> <span class='ocrx_word' id='word_1_781' title='bbox 2195 4655 2289 4708; x_wconf 60' lang='grc' dir='ltr'><strong>καὶ⁸</strong></span> <span class='ocrx_word' id='word_1_782' title='bbox 2319 4656 2376 4706; x_wconf 73' lang='grc' dir='ltr'><strong>ὲν</strong></span> <span class='ocrx_word' id='word_1_783' title='bbox 2406 4655 2486 4723; x_wconf 86' lang='grc' dir='ltr'><strong>τῷ</strong></span> <span class='ocrx_word' id='word_1_784' title='bbox 2517 4655 2631 4724; x_wconf 84' lang='grc' dir='ltr'>Υἱῷ</span> <span class='ocrx_word' id='word_1_785' title='bbox 2657 4654 2935 4724; x_wconf 83' lang='grc' dir='ltr'><strong>διαμένειν</strong></span> <span class='ocrx_word' id='word_1_786' title='bbox 2983 4657 3047 4710; x_wconf 78' lang='grc' dir='ltr'><strong>τὸ</strong></span> <span class='ocrx_word' id='word_1_787' title='bbox 3097 4656 3326 4728; x_wconf 84' lang='grc' dir='ltr'><strong>Πνεῦμα</strong></span> <span class='ocrx_word' id='word_1_788' title='bbox 3359 4659 3419 4712; x_wconf 81' lang='grc' dir='ltr'><strong>τὸ</strong></span> <span class='ocrx_word' id='word_1_789' title='bbox 3444 4657 3630 4726; x_wconf 73' lang='grc' dir='ltr'><strong>ἅγιον,</strong></span> 
     </span>
    </p>
   </div>
   <div class='ocr_carea' id='block_1_106' title="bbox 2045 4745 3632 4819">
    <p class='ocr_par' dir='ltr' id='par_1_106' title="bbox 2045 4745 3632 4819">
     <span class='ocr_line' id='line_1_106' title="bbox 2045 4745 3632 4819; baseline 0.003 -21"><span class='ocrx_word' id='word_1_790' title='bbox 2045 4745 2142 4798; x_wconf 82' lang='grc' dir='ltr'><strong>καὶ</strong></span> <span class='ocrx_word' id='word_1_791' title='bbox 2166 4747 2230 4799; x_wconf 79' lang='grc' dir='ltr'><strong>ἐκ</strong></span> <span class='ocrx_word' id='word_1_792' title='bbox 2255 4745 2350 4799; x_wconf 85' lang='grc' dir='ltr'><strong>τοῦ</strong></span> <span class='ocrx_word' id='word_1_793' title='bbox 2381 4747 2594 4817; x_wconf 80' lang='grc' dir='ltr'><strong>Πατρὸς</strong></span> <span class='ocrx_word' id='word_1_794' title='bbox 2627 4748 2686 4799; x_wconf 74' lang='grc' dir='ltr'><strong>ὲν</strong></span> <span class='ocrx_word' id='word_1_795' title='bbox 2716 4746 2794 4818; x_wconf 83' lang='grc' dir='ltr'><strong>τῷ</strong></span> <span class='ocrx_word' id='word_1_796' title='bbox 2823 4745 2938 4817; x_wconf 81' lang='grc' dir='ltr'><strong>Υἱῷ</strong></span> <span class='ocrx_word' id='word_1_797' title='bbox 2968 4749 3204 4819; x_wconf 81' lang='grc' dir='ltr'><strong>διήκειν,</strong></span> <span class='ocrx_word' id='word_1_798' title='bbox 3264 4751 3362 4803; x_wconf 56' lang='grc' dir='ltr'><strong>καλ⁹</strong></span> <span class='ocrx_word' id='word_1_799' title='bbox 3407 4752 3472 4803; x_wconf 84' lang='grc' dir='ltr'><strong>ὲκ</strong></span> <span class='ocrx_word' id='word_1_800' title='bbox 3531 4751 3632 4803; x_wconf 85' lang='grc' dir='ltr'><strong>τοῦ</strong></span> 
     </span>
    </p>
   </div>
   <div class='ocr_carea' id='block_1_107' title="bbox 2045 4835 3634 4914">
    <p class='ocr_par' dir='ltr' id='par_1_107' title="bbox 2045 4835 3634 4914">
     <span class='ocr_line' id='line_1_107' title="bbox 2045 4835 3634 4914; baseline 0.006 -23"><span class='ocrx_word' id='word_1_801' title='bbox 2045 4839 2258 4908; x_wconf 75' lang='grc' dir='ltr'><strong>Πατρὸς</strong></span> <span class='ocrx_word' id='word_1_802' title='bbox 2285 4835 2425 4893; x_wconf 83' lang='grc' dir='ltr'><strong>εἶναι</strong></span> <span class='ocrx_word' id='word_1_803' title='bbox 2485 4843 2575 4893; x_wconf 74' lang='grc' dir='ltr'><strong>καὶ</strong></span> <span class='ocrx_word' id='word_1_804' title='bbox 2608 4841 2684 4912; x_wconf 82' lang='grc' dir='ltr'><strong>τῷ</strong></span> <span class='ocrx_word' id='word_1_805' title='bbox 2732 4842 2878 4913; x_wconf 85' lang='grc' dir='ltr'><strong>λόγῳ</strong></span> <span class='ocrx_word' id='word_1_806' title='bbox 2912 4847 3439 4914; x_wconf 84' lang='grc' dir='ltr'><strong>συμπαρομαρτεῖνς</strong></span> <span class='ocrx_word' id='word_1_807' title='bbox 3502 4845 3634 4900; x_wconf 83' lang='grc' dir='ltr'><strong>Ἔτι</strong></span> 
     </span>
    </p>
   </div>
   <div class='ocr_carea' id='block_1_108' title="bbox 2043 4930 3632 5003">
    <p class='ocr_par' dir='ltr' id='par_1_108' title="bbox 2043 4930 3632 5003">
     <span class='ocr_line' id='line_1_108' title="bbox 2043 4930 3632 5003; baseline 0.004 -22"><span class='ocrx_word' id='word_1_808' title='bbox 2043 4930 2099 4982; x_wconf 78' lang='grc' dir='ltr'><strong>δὲ</strong></span> <span class='ocrx_word' id='word_1_809' title='bbox 2157 4931 2208 4982; x_wconf 88' lang='grc' dir='ltr'><strong>οἱ</strong></span> <span class='ocrx_word' id='word_1_810' title='bbox 2263 4930 2546 4983; x_wconf 80' lang='grc' dir='ltr'><strong>κοινωνίαν</strong></span> <span class='ocrx_word' id='word_1_811' title='bbox 2599 4931 2693 4983; x_wconf 75' lang='grc' dir='ltr'><strong>καὶ</strong></span> <span class='ocrx_word' id='word_1_812' title='bbox 2754 4933 2976 5003; x_wconf 79' lang='grc' dir='ltr'><strong>ἀγάπην</strong></span> <span class='ocrx_word' id='word_1_813' title='bbox 3035 4930 3174 4988; x_wconf 84' lang='grc' dir='ltr'><strong>εἶναι</strong></span> <span class='ocrx_word' id='word_1_814' title='bbox 3229 4935 3477 5001; x_wconf 83' lang='grc' dir='ltr'><strong>λέγοντες</strong></span> <span class='ocrx_word' id='word_1_815' title='bbox 3533 4937 3632 4990; x_wconf 87' lang='grc' dir='ltr'><strong>τοῦ</strong></span> 
     </span>
    </p>
   </div>
   <div class='ocr_carea' id='block_1_109' title="bbox 2049 5022 3631 5097">
    <p class='ocr_par' dir='ltr' id='par_1_109' title="bbox 2049 5022 3631 5097">
     <span class='ocr_line' id='line_1_109' title="bbox 2049 5022 3631 5097; baseline 0.004 -22"><span class='ocrx_word' id='word_1_816' title='bbox 2049 5022 2261 5092; x_wconf 75' lang='grc' dir='ltr'><strong>Πατρὸς</strong></span> <span class='ocrx_word' id='word_1_817' title='bbox 2285 5023 2379 5074; x_wconf 78' lang='grc' dir='ltr'><strong>καὶ</strong></span> <span class='ocrx_word' id='word_1_818' title='bbox 2410 5022 2504 5075; x_wconf 91' lang='grc' dir='ltr'><strong>τοῦ</strong></span> <span class='ocrx_word' id='word_1_819' title='bbox 2537 5022 2668 5076; x_wconf 79' lang='grc' dir='ltr'><strong>Υίοῦ</strong></span> <span class='ocrx_word' id='word_1_820' title='bbox 2695 5024 2754 5076; x_wconf 82' lang='grc' dir='ltr'><strong>τὸ</strong></span> <span class='ocrx_word' id='word_1_821' title='bbox 2784 5025 3008 5096; x_wconf 86' lang='grc' dir='ltr'><strong>Πνεῦμα</strong></span> <span class='ocrx_word' id='word_1_822' title='bbox 3051 5028 3111 5079; x_wconf 80' lang='grc' dir='ltr'><strong>τὸ</strong></span> <span class='ocrx_word' id='word_1_823' title='bbox 3166 5027 3346 5097; x_wconf 82' lang='grc' dir='ltr'><strong>ἆγιον.</strong></span> <span class='ocrx_word' id='word_1_824' title='bbox 3400 5030 3542 5096; x_wconf 73' lang='grc' dir='ltr'><strong>Πρὸς</strong></span> <span class='ocrx_word' id='word_1_825' title='bbox 3571 5030 3631 5082; x_wconf 75' lang='grc' dir='ltr'><strong>δὲ</strong></span> 
     </span>
    </p>
   </div>
   <div class='ocr_carea' id='block_1_110' title="bbox 2044 5112 3629 5190">
    <p class='ocr_par' dir='ltr' id='par_1_110' title="bbox 2044 5112 3629 5190">
     <span class='ocr_line' id='line_1_110' title="bbox 2044 5112 3629 5190; baseline 0.004 -25"><span class='ocrx_word' id='word_1_826' title='bbox 2044 5112 2257 5175; x_wconf 82' lang='grc' dir='ltr'><strong>τούτοις</strong></span> <span class='ocrx_word' id='word_1_827' title='bbox 2287 5113 2336 5166; x_wconf 84' lang='grc' dir='ltr'><strong>οἱ</strong></span> <span class='ocrx_word' id='word_1_828' title='bbox 2367 5115 2502 5183; x_wconf 81' lang='grc' dir='ltr'><strong>πρὸς</strong></span> <span class='ocrx_word' id='word_1_829' title='bbox 2525 5115 2583 5166; x_wconf 74' lang='grc' dir='ltr'><strong>τὸ</strong></span> <span class='ocrx_word' id='word_1_830' title='bbox 2614 5114 2702 5166; x_wconf 64' lang='lat' dir='ltr'><strong>Era</strong></span> <span class='ocrx_word' id='word_1_831' title='bbox 2714 5133 2806 5186; x_wconf 92' lang='grc' dir='ltr'><strong>ρον</strong></span> <span class='ocrx_word' id='word_1_832' title='bbox 2837 5116 3065 5171; x_wconf 80' lang='grc' dir='ltr'><strong>ἕκαστον</strong></span> <span class='ocrx_word' id='word_1_833' title='bbox 3095 5118 3240 5188; x_wconf 79' lang='grc' dir='ltr'><strong>ἔχειν</strong></span> <span class='ocrx_word' id='word_1_834' title='bbox 3276 5120 3385 5172; x_wconf 83' lang='grc' dir='ltr'><strong>τῶν</strong></span> <span class='ocrx_word' id='word_1_835' title='bbox 3413 5121 3629 5190; x_wconf 76' lang='grc' dir='ltr'><strong>προσώ-</strong></span> 
     </span>
    </p>
   </div>
   <div class='ocr_carea' id='block_1_111' title="bbox 2046 5201 3628 5280">
    <p class='ocr_par' dir='ltr' id='par_1_111' title="bbox 2046 5201 3628 5280">
     <span class='ocr_line' id='line_1_111' title="bbox 2046 5201 3628 5280; baseline 0.004 -24"><span class='ocrx_word' id='word_1_836' title='bbox 2046 5220 2162 5256; x_wconf 87' lang='grc' dir='ltr'><strong>πων</strong></span> <span class='ocrx_word' id='word_1_837' title='bbox 2223 5204 2474 5271; x_wconf 78' lang='grc' dir='ltr'><strong>λέγοντες</strong></span> <span class='ocrx_word' id='word_1_838' title='bbox 2521 5209 2620 5276; x_wconf 79' lang='grc' dir='ltr'><strong>οὐχ</strong></span> <span class='ocrx_word' id='word_1_839' title='bbox 2679 5201 2842 5279; x_wconf 82' lang='grc' dir='ltr'><strong>ἦττον</strong></span> <span class='ocrx_word' id='word_1_840' title='bbox 2896 5209 3103 5280; x_wconf 76' lang='grc' dir='ltr'><strong>ἢπρὸς</strong></span> <span class='ocrx_word' id='word_1_841' title='bbox 3169 5210 3367 5276; x_wconf 79' lang='grc' dir='ltr'><strong>ὲαυτός</strong></span> <span class='ocrx_word' id='word_1_842' title='bbox 3401 5211 3469 5265; x_wconf 79' lang='grc' dir='ltr'><strong>Τί</strong></span> <span class='ocrx_word' id='word_1_843' title='bbox 3513 5213 3569 5264; x_wconf 77' lang='grc' dir='ltr'><strong>δὲ</strong></span> <span class='ocrx_word' id='word_1_844' title='bbox 3597 5213 3628 5263; x_wconf 80' lang='grc'>6</span> 
     </span>
    </p>
   </div>
   <div class='ocr_carea' id='block_1_112' title="bbox 2043 5295 3630 5372">
    <p class='ocr_par' dir='ltr' id='par_1_112' title="bbox 2043 5295 3630 5372">
     <span class='ocr_line' id='line_1_112' title="bbox 2043 5295 3630 5372; baseline 0.005 -24"><span class='ocrx_word' id='word_1_845' title='bbox 2043 5295 2281 5365; x_wconf 77' lang='grc' dir='ltr'><strong>ψάλλων,</strong></span> <span class='ocrx_word' id='word_1_846' title='bbox 2313 5299 2381 5352; x_wconf 82' lang='lat' dir='ltr'><strong>Al</strong></span> <span class='ocrx_word' id='word_1_847' title='bbox 2407 5297 2602 5368; x_wconf 82' lang='grc' dir='ltr'><strong>χεῖρές</strong></span> <span class='ocrx_word' id='word_1_848' title='bbox 2631 5317 2748 5354; x_wconf 87' lang='grc' dir='ltr'><strong>σου</strong></span> <span class='ocrx_word' id='word_1_849' title='bbox 2770 5302 3076 5370; x_wconf 79' lang='grc' dir='ltr'><strong>ἐποίησάν</strong></span> <span class='ocrx_word' id='word_1_850' title='bbox 3112 5319 3186 5372; x_wconf 77' lang='grc' dir='ltr'><strong>με</strong></span> <span class='ocrx_word' id='word_1_851' title='bbox 3213 5303 3315 5356; x_wconf 83' lang='grc' dir='ltr'><strong>καὶ</strong></span> <span class='ocrx_word' id='word_1_852' title='bbox 3344 5303 3630 5358; x_wconf 67' lang='grc' dir='ltr'><strong>ἕπλασὰγ</strong></span> 
     </span>
    </p>
   </div>
   <div class='ocr_carea' id='block_1_113' title="bbox 2038 5383 3630 5464">
    <p class='ocr_par' dir='ltr' id='par_1_113' title="bbox 2038 5383 3630 5464">
     <span class='ocr_line' id='line_1_113' title="bbox 2038 5383 3630 5464; baseline 0.004 -22"><span class='ocrx_word' id='word_1_853' title='bbox 2038 5403 2148 5458; x_wconf 70' lang='grc' dir='ltr'><strong>μες</strong></span> <span class='ocrx_word' id='word_1_854' title='bbox 2181 5383 2328 5459; x_wconf 72' lang='grc' dir='ltr'><strong>Ἀρα</strong></span> <span class='ocrx_word' id='word_1_855' title='bbox 2354 5390 2451 5459; x_wconf 87' lang='grc' dir='ltr'><strong>ούχ</strong></span> <span class='ocrx_word' id='word_1_856' title='bbox 2473 5391 2714 5454; x_wconf 76' lang='grc' dir='ltr'><strong>ἅπαντες</strong></span> <span class='ocrx_word' id='word_1_857' title='bbox 2738 5387 2882 5446; x_wconf 75' lang='grc' dir='ltr'><strong>οὗτοι</strong></span> <span class='ocrx_word' id='word_1_858' title='bbox 2908 5395 3127 5464; x_wconf 81' lang='grc' dir='ltr'><strong>ἁμέσως</strong></span> <span class='ocrx_word' id='word_1_859' title='bbox 3154 5393 3296 5449; x_wconf 74' lang='grc' dir='ltr'><strong>εἷναι</strong></span> <span class='ocrx_word' id='word_1_860' title='bbox 3319 5395 3630 5449; x_wconf 78' lang='grc' dir='ltr'><strong>δεικνύουσι</strong></span> 
     </span>
    </p>
   </div>
   <div class='ocr_carea' id='block_1_114' title="bbox 2046 5479 2982 5554">
    <p class='ocr_par' dir='ltr' id='par_1_114' title="bbox 2046 5479 2982 5554">
     <span class='ocr_line' id='line_1_114' title="bbox 2046 5479 2982 5554; baseline 0.006 -22"><span class='ocrx_word' id='word_1_861' title='bbox 2046 5481 2136 5532; x_wconf 73' lang='grc' dir='ltr'><strong>καὶ</strong></span> <span class='ocrx_word' id='word_1_862' title='bbox 2165 5479 2224 5534; x_wconf 74' lang='grc' dir='ltr'><strong>τὸ</strong></span> <span class='ocrx_word' id='word_1_863' title='bbox 2264 5480 2490 5552; x_wconf 88' lang='grc' dir='ltr'><strong>Πνεῦμα</strong></span> <span class='ocrx_word' id='word_1_864' title='bbox 2522 5481 2582 5533; x_wconf 83' lang='grc' dir='ltr'><strong>ὲκ</strong></span> <span class='ocrx_word' id='word_1_865' title='bbox 2603 5479 2696 5534; x_wconf 90' lang='grc' dir='ltr'><strong>τοῦ</strong></span> <span class='ocrx_word' id='word_1_866' title='bbox 2733 5483 2982 5554; x_wconf 84' lang='grc' dir='ltr'><strong>Πατρός;</strong></span> 
     </span>
    </p>
   </div>
   <div class='ocr_carea' id='block_1_115' title="bbox 2054 5691 3629 5816">
    <p class='ocr_par' dir='ltr' id='par_1_115' title="bbox 2054 5691 3629 5816">
     <span class='ocr_line' id='line_1_115' title="bbox 2054 5691 3629 5816; baseline 0.003 -70"><span class='ocrx_word' id='word_1_867' title='bbox 2054 5691 2135 5816; x_wconf 66' lang='lat' dir='ltr'><strong>silc</strong></span> <span class='ocrx_word' id='word_1_868' title='bbox 2166 5701 2298 5761; x_wconf 90' lang='lat' dir='ltr'><strong>puto</strong></span> <span class='ocrx_word' id='word_1_869' title='bbox 2346 5692 2654 5766; x_wconf 89' lang='lat' dir='ltr'><strong>intelligere</strong></span> <span class='ocrx_word' id='word_1_870' title='bbox 2679 5696 2994 5762; x_wconf 86' lang='lat' dir='ltr'><strong>Palamam;</strong></span> <span class='ocrx_word' id='word_1_871' title='bbox 3029 5696 3272 5768; x_wconf 88' lang='lat' dir='ltr'><strong>alioquin</strong></span> <span class='ocrx_word' id='word_1_872' title='bbox 3322 5711 3431 5752; x_wconf 93' lang='lat' dir='ltr'><strong>non</strong></span> <span class='ocrx_word' id='word_1_873' title='bbox 3477 5701 3629 5752; x_wconf 81' lang='lat' dir='ltr'><strong>esset</strong></span> 
     </span>
     <span class='ocr_line' id='line_1_116' title="bbox 2054 5778 2286 5816; baseline 0 0"><span class='ocrx_word' id='word_1_874' title='bbox 2054 5779 2102 5816; x_wconf 75' lang='grc' dir='ltr'><strong>ιιι</strong></span> <span class='ocrx_word' id='word_1_875' title='bbox 2152 5778 2286 5816; x_wconf 84' lang='lat' dir='ltr'><strong>rem.</strong></span> 
     </span>
    </p>
   </div>
   <div class='ocr_carea' id='block_1_116' title="bbox 2049 5778 2286 5818">
    <p class='ocr_par' dir='ltr' id='par_1_116' title="bbox 2049 5778 2286 5818">
     <span class='ocr_line' id='line_1_117' title="bbox 2049 5778 2286 5818; baseline 0 -2"><span class='ocrx_word' id='word_1_876' title='bbox 2049 5778 2115 5816; x_wconf 84' lang='lat' dir='ltr'><strong>au</strong></span> <span class='ocrx_word' id='word_1_877' title='bbox 2152 5778 2286 5818; x_wconf 82' lang='lat' dir='ltr'><strong>rem.</strong></span> 
     </span>
    </p>
   </div>
  </div>
