3966 6218
330 315 436 377 E53

941 431 1050 487 Τοῦ
1079 432 1350 497 Νικαίας.

401 544 536 600 οὑδὶ
562 545 728 615 ἡμείς
752 543 1072 615 ἀρνούμεθα
1099 544 1420 598 παντάπασι
1455 544 1531 616 μὴ
1561 544 1658 597 καὶ
1687 543 1910 613 ἁμέσως

330 645 395 695 ἐκ
424 639 518 693 τοῦ
554 638 767 708 Πατρδς
792 633 938 691 εἶναι
973 637 1035 692 τὸ
1076 637 1323 706 Πνεῦμα.
1357 638 1407 690 εἰ
1435 640 1529 690 καὶ
1569 637 1750 706 ῥητῶς
1765 634 1911 688 οὕτω

333 730 563 801 μηδαμῆ
601 730 953 799 προήνεγκας
1007 728 1299 797 εἰρημένον
1359 728 1472 790 τοῖς
1530 726 1909 788 διδασκάλοις*

328 822 494 876 εἰοῦν
522 823 617 874 καὶ
643 821 811 884 αὐτὸς
865 819 987 891 μεθ’
1024 820 1185 891 ἡμῶν
1229 820 1289 873 τὸ
1318 823 1414 873 καὶ
1459 821 1716 890 ὲμμέσως
1770 814 1910 872 εἷναι

327 915 640 985 ὁμολογεῖς,
669 915 810 983 πρὸς
837 913 997 984 ἡμῶν
1016 914 1044 966 6
1079 913 1238 982 λόγος
1256 930 1270 945 ο
1300 917 1346 966 εἰ
1382 914 1435 966 δὲ
1461 914 1618 966 τοῦτο
1649 912 1911 982 φυλάττει

329 1007 521 1069 δεδιὼς
559 1007 625 1059 τὸ
650 1005 939 1075 ἑπόμενον,
971 1007 999 1058 ὁ
1021 1004 1172 1075 παρὰ
1199 1003 1312 1058 τῶν
1341 1004 1674 1058 διδασκάλων
1689 1003 1910 1071 ἔλεγχος

329 1100 531 1168 ὲγγύςο
556 1099 650 1152 τόν
675 1115 738 1151 τε
769 1098 900 1151 Υἰὺν
925 1097 1146 1168 ἁμέσως
1174 1098 1237 1150 ὲκ
1267 1097 1369 1150 τοῦ
1396 1098 1611 1165 Πατρὺς
1636 1093 1912 1150 διδασκόν-

325 1211 441 1246 των
470 1194 562 1245 καὶ
606 1191 774 1262 μέσον
793 1190 1002 1244 τούτων
1037 1185 1180 1242 εἶναι
1207 1188 1379 1251 οὐδὲν,
1407 1188 1468 1241 τό
1492 1205 1550 1241 τε
1579 1185 1804 1256 Πνεῦμα
1825 1187 1913 1240 διά

327 1286 427 1340 τοῦ
463 1288 593 1341 Υἱοῦ
625 1285 790 1351 εἶναι,
819 1287 914 1340 καὶ
950 1285 1234 1357 μεσιτείαν
1279 1283 1411 1336 Υἱοῦ
1443 1282 1648 1352 μεταξὺ
1702 1281 1914 1351 Πατρός

324 1394 393 1429 τε
451 1379 548 1430 καὶ
602 1376 922 1445 Πνεῦματος
981 1375 1306 1442 τιθεμένων.
1367 1376 1584 1428 Γίνεται
1636 1375 1693 1428 δέ
1744 1393 1824 1427 σοι
1877 1376 1910 1444 ἡ

325 1467 519 1536 ἀπάτη
546 1467 776 1520 ἐνταῦθα
803 1466 958 1534 παρὰ
985 1467 1046 1520 τὸ
1082 1466 1157 1535 μὴ
1186 1465 1448 1519 δύνασθαι
1479 1465 1730 1534 διαιρεῖν,
1765 1465 1914 1526 ὅπως

328 1559 563 1626 ἀμέσως
593 1559 658 1608 ἂν
695 1557 776 1625 εἴη
808 1557 867 1608 τὸ
904 1557 1129 1626 Πνεῦμα
1176 1557 1240 1609 ὲκ
1269 1557 1364 1609 τοῦ
1399 1557 1632 1628 Πατρδς,
1681 1558 1826 1619 ὅπως
1856 1555 1912 1608 δὲ

325 1650 430 1702 καὶ
457 1649 737 1718 ἐμμέσως.
771 1649 830 1701 Εἰ
866 1648 964 1717 μὲν
989 1649 1097 1718 γὰρ
1128 1649 1158 1717 ἢ
1186 1650 1310 1702 δυσὶ
1341 1651 1434 1702 καὶ
1457 1650 1737 1720 διαφόροις
1753 1648 1915 1718 προό-

1295 314 1679 378 APOLOGIA
1719 277 1913 374 mser

2020 311 2107 372 ’ΤΙ
2115 310 2214 372 ΟΝ
2222 312 2335 373 UM
2371 312 2613 375 VECCI.
3477 314 3586 382 254

1938 431 1986 488 Α

2681 421 2906 478 Νἱεωηὶ.

2083 540 2274 610 Neque
2317 555 2422 595 nos
2453 540 2682 595 omnino
2719 555 2987 612 negamus
3017 553 3139 596 esse
3175 539 3446 611 Spiritum
3485 542 3592 598 im-

2011 633 2254 687 mediate
2284 648 2312 686 a
2349 633 2531 698 Patre,
2568 634 2698 688 licet
2732 648 2842 687 non
2890 632 3062 688 certis
3099 633 3290 689 verbis
3329 651 3592 705 expresse

2010 723 2216 778 alicubi
2252 725 2460 778 dictum
2483 740 2621 782 esse
2664 742 2692 779 a
2744 725 3075 782 doctoribus
3118 727 3445 795 protuleris.
3481 727 3590 782 Ita-

2011 828 2120 884 que
2152 816 2196 868 si
2230 829 2288 868 tu
2320 830 2543 885 quoque
2574 816 2865 871 nobiscum
2896 815 3087 872 fateris
3133 832 3259 873 esse
3292 821 3458 873 etiam
3487 821 3591 876 im-

2013 906 2296 972 mediate;
2348 909 2642 963 nobiscum
2728 908 2859 962 facit
2909 910 3012 963 ista
3049 910 3352 966 ratio:sin
3401 922 3588 968 autem

2012 995 2068 1050 id
2124 1011 2319 1062 caves,
2379 997 2581 1052 timens
2637 997 2787 1067 quod
2838 999 3117 1067 sequitur,
3163 1000 3424 1056 doctores
3477 1019 3588 1057 non

2011 1088 2173 1159 longe
2207 1090 2433 1154 absunt,
2465 1091 2560 1159 qui
2600 1099 2653 1144 te
2681 1103 3011 1160 coarguant,
3045 1093 3140 1162 qui
3163 1093 3364 1148 docent
3390 1095 3588 1151 Filium

2013 1181 2334 1236 immediate
2383 1198 2412 1236 a
2453 1184 2613 1237 Patre
2648 1198 2794 1248 esse,
2828 1194 2884 1240 et
2925 1186 3070 1240 inter
3120 1187 3223 1240 hos
3275 1189 3412 1242 nihil
3467 1205 3589 1245 esse

2013 1274 2291 1340 medium;
2334 1285 2390 1330 et
2431 1273 2705 1345 Spirituin
2744 1286 2994 1333 sanctum
3047 1294 3148 1348 per
3193 1278 3418 1346 Filium,
3465 1285 3589 1352 qui-

2012 1381 2120 1436 que
2161 1367 2404 1421 medium
2435 1379 2650 1435 ponunt
2683 1369 2882 1423 Filium
2924 1371 3073 1426 inter
3124 1373 3342 1446 Patrem
3376 1384 3430 1428 et
3466 1374 3590 1444 Spi-

2014 1459 2185 1512 ritum
2238 1470 2518 1514 sauctum.
2553 1457 2653 1515 Hic
2699 1472 2884 1516 autem
2945 1464 3244 1532 deciperis,
3294 1476 3588 1536 propterea

2013 1552 2161 1622 quod
2203 1567 2448 1622 nequeas
2483 1555 2825 1626 distinguere
2883 1575 3121 1629 quonam
3160 1563 3324 1618 modo
3353 1563 3424 1619 sit
3464 1564 3590 1634 Spi-

2012 1643 2154 1698 ritus
2183 1645 2504 1699 immediate
2529 1661 2557 1698 a
2585 1647 2768 1713 Patre,
2795 1664 2904 1718 quo
2925 1652 3091 1706 etiam
3121 1663 3283 1722 pacto
3313 1656 3585 1710 mediate:

321 1743 443 1805 δοις
479 1744 544 1794 ἐκ
578 1743 792 1810 Πατρὺς
824 1742 919 1794 καὶ
956 1739 1087 1794 Υἰοῦ
1125 1741 1386 1810 ἐλέγομεν
1417 1738 1556 1794 εἶναι
1587 1741 1648 1794 τὸ
1683 1739 1908 1810 Πνεῦμα

2020 1736 2062 1790 si
2093 1736 2238 1790 enim
2272 1737 2358 1791 vel
2391 1737 2610 1792 duabus
2660 1740 2919 1806 diversis,
2944 1751 3000 1798 et
3039 1744 3426 1803 differentibus
3455 1763 3586 1818 pro-

321 1836 391 1889 τὸ
414 1837 594 1903 ἅγιον,
630 1835 704 1898 ὡς
736 1836 800 1888 ἐκ
855 1835 956 1904 μὲν
997 1833 1091 1886 τοῦ
1149 1834 1365 1904 Πατρὶς
1399 1833 1629 1897 ἀτελῶς,
1685 1832 1909 1896 τελείως

323 1928 376 1981 δ’
401 1927 462 1991 ἐξ
491 1927 624 1980 Υἰοῦ
652 1928 923 1997 προϊέναι,
960 1926 1056 1979 καὶ
1098 1926 1186 1980 διὰ
1222 1926 1390 1997 μέσου
1422 1926 1588 1979 αὐτοῦ
1619 1926 1713 1979 καί
1731 1927 1797 1978 ὲκ
1813 1924 1908 1978 τοῦ

328 2021 550 2092 Πατρός
577 2021 724 2090 ἔχειν
747 2020 807 2074 τὺ
837 2020 1063 2084 τέλειον,
1095 2019 1128 2090 ἢ
1153 2021 1214 2072 ὲκ
1241 2019 1337 2072 τοῦ
1364 2019 1496 2073 Υἰοῦ
1527 2019 1694 2090 μόνου
1730 2019 1908 2072 tuos-

331 2113 478 2185 μεθα
507 2115 783 2184 προϊέναι.
815 2113 990 2184 μόνως
1034 2114 1100 2166 ἂν
1145 2113 1404 2184 ὲμμέσως
1452 2115 1516 2166 ἐκ
1552 2114 1647 2167 τοῦ
1695 2111 1910 2182 Πατρδς

325 2207 450 2259 τότε
479 2206 696 2277 προῄει.
723 2204 840 2258 Νῦν
862 2205 939 2270 δὲ,
973 2206 1026 2258 εῐ
1055 2221 1137 2269 τις
1171 2205 1268 2274 μὲν
1295 2205 1432 2273 πρὸς
1457 2204 1553 2275 τὴν
1613 2205 1911 2275 μοναδικὴν

327 2298 606 2370 προϐολὴν
635 2298 730 2351 καὶ
755 2297 817 2352 τὸ
839 2297 1038 2350 ταυτὸν
1068 2297 1169 2367 τῆς
1202 2298 1260 2364 ἐξ
1291 2297 1496 2366 ἀμφοῖν
1539 2297 1715 2350 ἐπίδοι
1743 2299 1908 2366 προό-

326 2390 441 2456 δου,
476 2390 556 2444 ἔτι
587 2390 642 2444 δὲ
667 2390 762 2443 καὶ
782 2389 845 2444 «ea
868 2390 960 2442 τὸν
988 2388 1211 2457 Πατέρα
1231 2389 1332 2460 τὴν
1383 2389 1564 2442 αἰτίαν
1593 2389 1683 2443 καὶ
1726 2389 1910 2460 πηγὴν

327 2481 431 2548 τῆς
468 2481 727 2551 θεότητος
762 2475 926 2546 εἶναι,
954 2482 1029 2545 ὡς
1076 2480 1243 2534 αὑτοῦ
1282 2483 1358 2551 μὴ
1410 2480 1586 2544 ὄντος.
1622 2481 1759 2550 μηδὲ
1820 2482 1908 2534 τὸν

325 2575 463 2628 Υἰὸν
487 2575 627 2646 μήτε
671 2592 767 2627 του
792 2575 963 2628 αἴτιον
993 2570 1156 2643 εἶναι,
1207 2577 1349 2647 μήτε
1395 2576 1530 2637 ὅλως
1559 2573 1719 2640 εἶναι,
1774 2576 1912 2646 ἀμέ-

330 2683 441 2730 σως
472 2667 537 2720 ὲκ
564 2667 662 2720 τοῦ
697 2667 912 2738 Πατρίις
943 2667 1168 2738 εὑρήσει
1201 2667 1261 2720 τὸ
1310 2667 1538 2734 Πνεῦμα
1559 2683 1575 2698 ο
1635 2669 1730 2721 καὶ
1771 2668 1910 2737 πρὸς

326 2753 494 2806 τοῦτο
524 2753 716 2823 φέρειν
751 2754 896 2824 ἅπερ
923 2753 1090 2816 αὐτὸς
1118 2754 1362 2822 εἰσάγεις
1405 2756 1565 2824 ῥητά.
1596 2755 1658 2807 Εἰ
1687 2754 1745 2808 δὲ
1775 2755 1912 2808 θεω-

329 2847 455 2914 ροίη
487 2845 588 2914 τὴν
622 2844 799 2910 τάξιν,
833 2847 900 2915 ῆν
944 2846 1236 2916 πράγματι
1291 2841 1433 2900 εἰναι
1482 2849 1540 2898 ἐν
1587 2847 1652 2918 τῇ
1697 2845 1909 2917 Τριάδι,

325 2937 426 3005 οὑχ
457 2937 709 3007 ἡμετέρᾳ
772 2935 932 3007 μόνον
973 2937 1190 3008 ἐπινοίᾳ
1227 2937 1644 3008 συνεστηκέναι,
1695 2937 1908 3006 ἀνάγκη

2013 1828 2394 1895 ductionibus,
2424 1846 2491 1884 ex
2519 1831 2705 1896 Patre,
2748 1842 2806 1887 et
2838 1834 2976 1888 Filio
3005 1851 3128 1891 esse
3159 1837 3426 1906 Spiritum
3457 1856 3585 1896 san-

2010 1929 2163 1974 ctum
2206 1921 2533 1987 fateremur,
2571 1933 2832 1994 tanquam
2863 1927 2908 1980 si
2939 1942 3005 1981 ex
3033 1929 3194 1983 Patre
3230 1931 3452 1998 quidem
3486 1931 3591 1985 im-

2012 2009 2284 2078 perfecte,
2322 2027 2388 2066 ex
2430 2010 2575 2067 Filio
2611 2023 2796 2068 autem
2823 2016 3072 2085 perfecte
3104 2019 3413 2088 proveniat,
3439 2029 3495 2075 et
3521 2035 3591 2076 ex

2011 2100 2175 2157 Patre
2205 2118 2304 2172 per
2339 2103 2522 2172 ipsum
2553 2105 2757 2160 Filium
2790 2108 3195 2176 perfectionem
3228 2111 3467 2175 habeat;
3502 2115 3588 2170 vel

2011 2209 2040 2248 a
2081 2194 2202 2249 solo
2243 2195 2382 2249 Filio
2420 2198 2727 2265 procedere
2760 2215 3136 2268 poneremus;
3174 2214 3303 2258 tunc
3344 2221 3374 2259 a
3426 2205 3595 2263 Patre

2010 2287 2188 2342 solum
2219 2288 2455 2343 mediate
2492 2290 2841 2358 procederet.
2889 2293 3050 2349 Nunc
3082 2311 3240 2361 vero,
3273 2297 3319 2352 si
3356 2273 3486 2368 quis
3519 2301 3585 2354 ad

2012 2383 2232 2436 unicam
2264 2391 2322 2436 et
2368 2384 2619 2438 eamdem
2670 2387 3142 2455 productionem,
3219 2408 3342 2460 quae
3388 2403 3474 2447 est
3517 2409 3583 2449 ex

2011 2472 2304 2538 ambobus,
2361 2474 2659 2543 respiciat;
2715 2487 2986 2544 praeterea
3036 2487 3091 2532 et
3140 2480 3207 2534 ad
3259 2481 3386 2548 hoc,
3439 2485 3589 2554 quod

2011 2564 2177 2619 Pater
2213 2565 2287 2620 sit
2354 2580 2521 2621 causa
2577 2577 2632 2623 et
2679 2567 2806 2623 fons
2857 2569 3109 2636 Deitatis,
3158 2585 3417 2643 tanquam
3465 2576 3590 2646 ipso

2011 2672 2123 2711 non
2158 2658 2482 2726 exsistente,
2516 2676 2698 2731 neque
2726 2661 2902 2717 Filius
2931 2678 3096 2719 causa
3121 2665 3215 2730 sit,
3245 2683 3427 2738 neque
3463 2685 3587 2725 om-

2013 2750 2147 2804 nino
2177 2760 2418 2818 constet,
2470 2751 2794 2808 immediate
2843 2771 2873 2809 a
2905 2754 3068 2812 Patre
3118 2759 3361 2815 inveniet
3412 2759 3592 2831 Spiri-

2014 2850 2130 2894 tum
2161 2858 2174 2895 :
2205 2851 2262 2896 et
2296 2841 2409 2896 huc
2437 2853 2710 2912 spectant,
2747 2860 2871 2916 quae
2901 2847 3016 2915 ipse
3044 2848 3327 2919 adduxisti
3361 2867 3587 2910 sancto-

2014 2947 2137 2986 rum
2174 2933 2346 2990 dicta.
2376 2934 2430 2989 Si
2470 2945 2654 2990 autem
2682 2939 3004 2993 consideret
3031 2942 3307 3008 ordinem,
3341 2962 3504 3015 quem
3530 2963 3591 3002 re

324 3030 616 3097 ὁμολογεῖν
637 3043 653 3058 ·
683 3031 776 3081 τὸν
809 3029 940 3082 Υἰὸν
968 3028 1164 3097 δψεται
1207 3028 1396 3100 μέσον,
1438 3030 1532 3083 καὶ
1587 3030 1770 3098 τρίτον
1803 3030 1911 3083 ἀπὸ

2020 3029 2131 3099 ipsa
2168 3046 2289 3085 esse
2317 3031 2372 3084 in
2401 3031 2698 3106 Trinitate,
2730 3048 2840 3086 non
2880 3043 3092 3088 tantum
3119 3039 3460 3106 cogitatione
3493 3058 3588 3095 no-

325 3121 424 3174 τοῦ
483 3121 700 3189 Πατρδς
748 3120 810 3174 τὺ
846 3120 1093 3192 Πνεῦμα,
1148 3122 1243 3177 καὶ
1300 3121 1368 3174 δι’
1417 3122 1548 3175 ἶίοῦ
1602 3125 1667 3175 ὲκ
1703 3121 1913 3190 Πατρδς

2020 3131 2131 3175 stra
2157 3131 2440 3188 constare,
2475 3139 2616 3194 Opus
2639 3102 2724 3178 est
2754 3125 2939 3191 fateri,
2974 3102 3430 3186 videbit—Filium
3469 3148 3590 3188 me-

327 3214 549 3281 προϊὸν,
623 3213 720 3266 καὶ⁵
799 3213 996 3266 ἑαυτοῦ
1067 3213 1159 3266 τὸν
1209 3213 1340 3266 Υἰδν
1418 3211 1913 3284 προεπινοοῦμενον

328 3304 482 3375 ἔχον,
535 3304 728 3374 ὥσπερ
783 3305 811 3357 ὁ
874 3304 1004 3368 Υἰὺς
1065 3304 1157 3358 τὸν
1213 3303 1458 3374 Πατέρα.
1519 3304 1696 3375 Ὅπερ
1751 3304 1914 3366 αὐτὸς

335 3399 416 3468 μὴ
453 3396 961 3468 προσλογισάμενος
1018 3397 1419 3468 συμπεραίνεις
1469 3396 1571 3450 οὐκ
1617 3398 1910 3465 ἀναγκαῖα.

760 3683 872 3739 Τοῦ
904 3682 1135 3738 Βέκκου
1162 3685 1249 3751 εἰς
1275 3685 1391 3754 τὴν
1421 3685 1489 3756 γ’.

408 3800 893 3872 Κατεστρῶθησαν
917 3801 1012 3853 καὶ
1072 3801 1128 3854 αἰ
1164 3797 1441 3870 παροῦσαι
1481 3797 1751 3872 γραφικαὶ
1811 3803 1911 3873 ῥή-

335 3915 453 3961 σεις
483 3899 564 3963 εἰς
587 3894 956 3965 συγκρότησιν
980 3891 1079 3962 τῆς
1117 3893 1327 3954 ἐννοίας
1357 3892 1468 3944 τῶν
1511 3894 1786 3962 δηλουσῶν
1817 3898 1915 3966 ῥή-

333 4009 503 4056 σεων,
536 3992 613 4059 μὴ
676 3987 924 4057 ἀμέσως,
963 3983 1100 4039 ἀλλὰ
1148 3984 1235 4038 διὰ
1287 3984 1384 4038 τοῦ
1423 3985 1557 4039 Υἱοῦ
1606 3989 1672 4040 ἐκ
1701 3989 1913 4058 Πατρὸς

332 4077 484 4136 εἶναι
514 4082 574 4134 τὸ
605 4078 852 4149 Πνεῦμα.
889 4076 954 4130 Ei
987 4075 1098 4147 γάρ
1124 4076 1346 4146 ἀμέσως
1377 4071 1446 4147 ἦν
1474 4077 1535 4131 τὸ
1593 4079 1820 4148 Πνεῦμα
1852 4082 1916 4132 ὲκ

333 4174 430 4227 τοῦ
460 4171 696 4241 Πατρδς,
736 4170 838 4222 οὐκ
857 4168 926 4222 ἂν
959 4165 1160 4238 ἐρρέθη
1214 4169 1242 4220 ὁ
1311 4169 1410 4237 μὲν
1449 4168 1579 4233 Υἱὸς
1610 4170 1774 4224 εἰκὼν
1817 4171 1912 4226 τοῦ

339 4263 578 4333 Πατρδς,
613 4263 671 4316 τὸ
699 4261 756 4315 δὲ
788 4259 1016 4330 Πνεῦμα
1061 4259 1230 4314 εἰκὼν
1249 4259 1344 4314 τοῦ
1403 4259 1540 4314 Υἰοῦ
1562 4277 1578 4295 ο
1613 4264 1708 4316 καὶ
1733 4265 1760 4316 ὁ
1815 4264 1914 4330 μὲν

337 4360 468 4420 Υἱὸς
504 4357 759 4425 ἐνέργεια
787 4351 883 4405 τοῦ
929 4352 1164 4423 Πατρδς,
1210 4351 1271 4405 τὺ
1301 4351 1358 4404 δὲ
1400 4352 1632 4422 Πνεῦμα
1663 4356 1916 4423 ἐνέργεια

2018 3213 2195 3278 dium,
2221 3224 2277 3270 et
2313 3218 2538 3271 tertium
2571 3234 2599 3271 a
2631 3219 2794 3272 Patre
2830 3217 3125 3288 Spiritum,
3155 3235 3211 3277 et
3255 3240 3355 3293 per
3385 3226 3586 3282 Filium

2017 3321 2081 3360 ex
2123 3307 2284 3361 Patre
2315 3311 2729 3377 procedentem,
2787 3320 2844 3364 et
2889 3311 3183 3367 habentem
3235 3316 3460 3384 Filium,
3493 3323 3588 3391 qui

2017 3394 2138 3463 ipso
2189 3397 2671 3466 prmintelligatur,
2704 3399 3173 3468 quemadmodum
3209 3405 3383 3463 Filius
3423 3410 3592 3466 habet

2016 3485 2256 3541 Patrem.
2289 3488 2444 3554 Quod
2477 3505 2610 3543 sane
2639 3505 2762 3545 cum
2797 3492 2911 3560 ipse
2954 3506 3063 3545 non
3101 3500 3463 3565 computaris,
3503 3517 3597 3557 res

2017 3578 2244 3632 minime
2271 3581 2611 3636 necessarias
2645 3584 2951 3638 concludis.

2543 3694 2698 3750 Becci
2737 3697 2792 3750 in
2823 3700 3061 3755 tertiam.

2085 3807 2168 3861 Ad
2220 3807 2714 3863 demonstrandum
2792 3827 3016 3868 sensum
3067 3823 3124 3869 et
3172 3815 3594 3890 intelligentiam

2020 3898 2240 3952 illarum
2272 3902 2700 3965 sententiarum,
2730 3918 2852 3970 qua:
2887 3906 3203 3974 significant
3240 3925 3349 3964 non
3394 3913 3598 3968 imme-

2017 3990 2196 4052 diate.
2239 3992 2334 4045 sed
2372 4007 2468 4060 per
2513 3991 2710 4046 Filium
2743 4009 2809 4047 ex
2843 3995 3003 4052 Patre
3050 4011 3104 4053 et
3154 4000 3422 4070 Spiritum
3457 4019 3591 4060 san~

2017 4093 2188 4150 ctum,
2223 4085 2564 4156 subjecitnus
2595 4103 2817 4158 quoque
2839 4102 3140 4159 praesentes
3168 4093 3373 4151 litteris
3394 4099 3556 4167 prodi
3575 4130 3590 4141 -

2021 4184 2104 4230 tas
2141 4179 2465 4232 sententias.
2498 4177 2554 4232 Si
2583 4181 2731 4233 enim
2763 4179 3006 4250 Spiritus
3035 4193 3183 4239 esset
3210 4187 3527 4244 immediate
3560 4207 3595 4246 ιι

2016 4266 2202 4330 Patre,
2231 4282 2340 4322 non
2374 4277 2521 4324 esset
2553 4269 2738 4324 dictus
2762 4271 2937 4326 Filius
2966 4273 3148 4345 imago
3181 4273 3379 4344 Patris,
3415 4280 3594 4349 Spiri-

2021 4367 2109 4413 tus
2162 4359 2345 4431 imago
2380 4360 2527 4427 Filii,
2580 4373 2638 4418 et
2690 4363 2863 4418 Filius
2911 4380 3044 4421 sane
3097 4370 3345 4437 Operatio
3389 4371 3598 4442 Patris,

335 4451 432 4504 τοῦ
466 4447 600 4501 Υἰοῦ
623 4463 636 4476 ⁸
670 4447 766 4499 καὶ
792 4447 820 4499 ὁ
848 4446 946 4513 μὲν
976 4445 1107 4508 Υἱὸς
1144 4445 1440 4515 πρόσωπον
1465 4446 1564 4499 τοῦ
1591 4447 1824 4517 Πατρὸς,
1853 4449 1913 4502 τὸ

2023 4455 2266 4526 Spiritus
2312 4473 2447 4512 vero
2480 4461 2732 4529 operatio
2781 4460 2929 4524 Filii,
2979 4461 3154 4518 Filius
3199 4478 3437 4534 persona
3487 4468 3599 4524 Pa—

338 4543 396 4596 δὲ
423 4540 648 4609 Πνεῦμα
677 4538 968 4609 πρόσωπον
997 4539 1091 4590 τοῦ
1121 4535 1276 4594 Υἱοῦ.

911 4650 1022 4707 Τοῦ
1057 4649 1331 4721 "alapa.

425 4767 755 4824 ’Δνούστατε
786 4769 814 4820 ὁ
842 4765 1123 4828 δυσσεϐῶς
1158 4765 1484 4835 ἐπιγράφων
1513 4759 1616 4821 ὦδε
1645 4767 1715 4820 τὰ
1765 4769 1918 4838 παρὰ

345 4865 454 4920 τῶν
486 4864 658 4934 ἁγίων
686 4861 925 4926 εὐσεϐῶς
958 4861 1227 4930 εἰρημένα
1247 4876 1263 4892 ο
1318 4860 1435 4922 πῶς
1467 4860 1530 4912 οῦ
1562 4862 1794 4932 συνορᾷς
1837 4864 1920 4916 ὅτι

347 4961 415 5014 τὰ.
439 4959 598 5014 κοινὰ
628 4957 721 5011 καὶ
743 4955 951 5024 φυσικά
980 4953 1073 5008 ἐπὶ
1096 4955 1193 5023 τῆς
1226 4953 1387 5022 άγίας
1410 4953 1639 5023 Τριάδος
1662 4956 1922 5026 οὐδεμίαν

349 5053 536 5124 ἔχουσι
591 5049 898 5119 διαφοράν;
936 5041 1031 5108 Εἷς
1085 5045 1196 5116 γὰρ
1232 5043 1387 5110 Θεὸς,
1449 5046 1547 5114 μία
1603 5045 1788 5110 εἰκὼν,
1823 5047 1922 5118 μία

348 5147 591 5216 θέλησις,
621 5143 722 5213 μία
745 5140 999 5210 ἐνέργεια
1024 5137 1258 5208 Πατρὸς,
1290 5137 1420 5190 Υἰοῦ
1451 5139 1544 5191 καὶ
1565 5140 1724 5207 άγίου
1751 5140 1923 5194 Πνεῦ-

353 5255 542 5308 ματος.
573 5232 784 5289 Οὐκοῦν
823 5234 960 5303 πρὸς
991 5233 1101 5293 τοίς
1123 5230 1304 5293 ἄλλοις
1329 5231 1423 5286 καὶ⁵
1459 5232 1773 5301 πρόσωπον,
1792 5235 1924 5289 ὅταν

353 5332 542 5400 ἕτερον
577 5329 766 5400 ἑτέρου
797 5325 1007 5380 τούτων
1033 5324 1285 5394 λέγηται,
1355 5327 1606 5394 φυσικὸν,
1659 5328 1759 5398 οὐχ
1791 5329 1923 5383 ὑπο-

357 5419 612 5474 στατικὸν
673 5419 770 5473 καὶ
819 5417 922 5488 τῆς
976 5415 1406 5485 άπαραλλάκτου
1437 5417 1751 5482 ὁμοιώσεώς
1805 5421 1922 5474 ἐστι

423 5558 502 5626 (1)
566 5555 780 5612 Dicitur
831 5555 1010 5611 Filius
1051 5553 1577 5626 ,personaiPatris
1612 5557 1922 5626 secundum

356 5626 480 5679 illud
509 5626 656 5696 quod
695 5627 860 5681 etiam
907 5625 1173 5680 Dominus
1217 5626 1275 5696 in
1323 5625 1622 5693 Evangelia
1671 5627 1766 5696 ait,
1800 5625 1925 5681 Hea

356 5695 591 5749 doctrina
644 5712 746 5749 non
775 5704 849 5750 est
882 5712 998 5749 mea
1023 5712 1043 5749 .·
1077 5704 1161 5749 est
1192 5695 1340 5750 enim
1403 5710 1635 5764 persona
1693 5695 1871 5750 Patris
1905 5714 1919 5750 :

360 5781 465 5822 non
511 5767 664 5838 quod
721 5766 793 5823 sit
848 5767 962 5837 ipsa
1013 5779 1247 5836 persona
1304 5766 1515 5834 Patris,
1562 5775 1725 5836 atque
1777 5767 1919 5823 adeo

2023 4549 2127 4604 tris
2163 4549 2264 4618 (l),
2301 4547 2543 4619 Spiritus
2578 4566 2815 4619 persona
2854 4551 3004 4610 Filii.

2672 4657 2810 4713 Palu
2820 4676 2935 4715 mw.

2093 4774 2539 4840 Dementissime,
2590 4776 2686 4846 qui
2742 4775 3009 4830 scelerate
3052 4776 3143 4832 hic
3192 4793 3259 4832 ea
3311 4779 3597 4846 inscribis,

2024 4883 2148 4939 quae
2177 4884 2204 4920 a
2229 4867 2446 4921 Sanctis
2485 4868 2574 4937 pie
2597 4868 2743 4921 dicta
2775 4877 2924 4932 sunt,
2958 4883 3068 4936 quo
3093 4880 3254 4938 pacto
3280 4885 3389 4924 non
3415 4879 3602 4929 cernis

2029 4960 2346 5018 communia
2401 4967 2456 5013 et
2500 4958 2772 5012 naturalia
2815 4959 2870 5012 in
2917 4962 3266 5015 sanctissima
3300 4961 3598 5033 Trinitate,

2024 5054 2234 5109 nullam
2296 5051 2504 5105 habere
2557 5050 2973 5105 differentiam?
3030 5053 3250 5108 Etenim
3312 5071 3456 5111 unus
3512 5068 3601 5110 est

2028 5145 2193 5209 Deus.
2224 5160 2331 5199 una
2363 5143 2568 5214 imago,
2600 5158 2711 5198 una
2742 5145 3024 5211 voluntas,
3063 5161 3172 5199 una
3205 5150 3463 5217 operatio
3498 5151 3604 5205 Pa—

2027 5239 2127 5293 tris
2151 5245 2207 5293 et
2237 5237 2361 5291 Filii
2396 5248 2452 5290 et
2499 5235 2744 5306 Spiritus
2795 5236 2997 5291 sancti.
3046 5237 3191 5306 Ergo
3233 5251 3435 5308 praeter
3491 5243 3602 5298 alia

2025 5330 2190 5386 etiam
2221 5319 2480 5399 persona,
2509 5326 2731 5396 quando
2762 5328 2937 5382 altera
2968 5329 3202 5384 alterius
3240 5331 3438 5386 horum
3471 5348 3598 5390 esse

2027 5423 2260 5487 dicitur,
2293 5420 2617 5475 naturaliter
2649 5419 2914 5487 sumitur,
2945 5435 3056 5481 non
3105 5420 3471 5491 hypostatice.
3504 5425 3606 5480 At-

2027 5558 2263 5626 ipsemet
2315 5555 2501 5626 Pater,
2558 5551 2835 5626 sedquia
2877 5552 3062 5626 Filius
3093 5562 3489 5626 estrpersona,
3521 5564 3604 5626 _et
3668 5583 3674 5592 -

2029 5623 2202 5682 Filius
2234 5634 2320 5680 est
2358 5624 2557 5684 Patris,
2595 5623 2726 5691 quia
2774 5638 2840 5676 ex
2877 5623 3039 5677 Patre
3085 5625 3308 5692 genitus
3353 5635 3461 5680 est.
3514 5624 3609 5681 Sic

2027 5698 2370 5765 Augustinus
2402 5697 2661 5764 explanat
2716 5693 2873 5762 illud,
2913 5692 3034 5747 Mea
3080 5695 3326 5748 doctrina
3379 5709 3484 5748 non
3529 5704 3608 5748 est

2029 5782 2167 5822 ηιεαο
