3966 6218
388 317 499 378 255

1349 311 1862 373 BESSARIONIS
1893 311 1954 374 S.
1994 313 2070 372 R.
2104 313 2172 370 Ε.
2215 305 2681 370 CARDINALIS

3527 298 3633 363 23.6

391 446 498 499 que
558 429 961 484 immutabilem
1023 427 1446 484 similitudinem
1499 428 1954 507 signifieattnon

2068 427 2380 500 δηλωτικὸν,
2438 424 2557 477 ἀλλ’
2609 421 2732 490 οὑχὶ
2781 418 2874 473 τοῦ
2941 419 3143 489 τρόπου
3171 418 3267 489 τῆς
3319 417 3626 489 ὑπάρξεως,

391 534 577 580 autem
611 522 834 576 modum
873 521 1252 576 exsistentize:
1285 535 1477 589 apage,
1526 530 1584 576 tu
1638 500 1954 588 vero,’cum

391 626 506 668 non
548 612 620 665 ita
646 625 896 672 censeas,
927 624 1218 678 personam
1271 609 1502 664 alteram
1550 612 1784 666 alterius
1811 627 1957 676 esse,

391 705 490 760 sed
525 703 892 775 bypostatice,
938 719 1046 757 non
1080 703 1318 773 amplius
1348 719 1470 774 esse
1519 706 1728 773 poteris
1772 705 1957 759 Trini-

392 798 522 852 tatis
552 804 848 849 venerator
885 804 942 849 et
979 797 1178 850 cultor.
1212 795 1266 848 Si
1325 797 1471 850 enim
1507 796 1679 851 Filius
1704 810 1786 852 est
1826 815 1954 869 per-

391 903 528 943 sona
563 888 764 947 Patris,
798 897 990 956 utpote
1023 887 1114 955 qui
1146 903 1211 940 ex
1247 887 1366 955 ipso
1399 887 1490 952 sit,
1535 899 1591 942 et
1631 889 1752 943 Filii
1785 891 1960 959 Spiri-

390 986 513 1042 tus;
550 995 657 1030 non
695 978 879 1046 itaque
914 979 1154 1047 amplius
1179 980 1284 1034 erit
1313 980 1475 1032 Pater
1511 981 1684 1052 altera
1719 997 1958 1050 persona

391 1078 590 1137 pra‘tcr
613 1068 837 1133 Filium,
860 1085 1038 1138 neque
1069 1070 1239 1124 Filius
1263 1080 1461 1140 praeter
1485 1071 1776 1142 Spiritum.
1802 1075 1960 1130 Vides

389 1160 669 1230 quomodo
716 1161 867 1215 dicta
905 1171 1221 1216 sanctorum
1256 1163 1343 1231 pie
1393 1163 1482 1218 illa
1513 1166 1735 1233 quidem
1764 1206 1778 1228 ,
1811 1167 1960 1234 Opti-

393 1263 592 1317 meque
624 1264 684 1304 se
718 1249 947 1314 habent,
985 1260 1044 1304 tu
1083 1267 1215 1306 vero
1248 1266 1310 1306 ea
1352 1251 1536 1323 inepte
1602 1263 1768 1322 atque
1793 1253 1960 1323 impie

393 1343 808 1410 interpretaris.
1823 1357 1840 1370 ‘

919 1477 1181 1548 Sapientis
1209 1478 1429 1534 Nicwni.

467 1612 674 1682 Nempe
712 1623 768 1667 tu
804 1628 1024 1682 quoque
1059 1612 1281 1666 beatum
1316 1614 1568 1679 Paulum,
1621 1627 1961 1672 asserentem

391 1705 592 1760 Filium
631 1722 750 1760 esse
788 1705 1083 1774 imaginem
1139 1705 1438 1760 invisibilis
1473 1707 1566 1761 Dei
1623 1718 1678 1763 et
1727 1712 1958 1780 figuram

2060 523 2263 588 ἄπαγε.
2293 521 2364 572 Σὺ
2391 518 2448 570 δὲ
2481 516 2556 586 μὴ
2596 513 2739 566 οὑτω
2770 513 3068 582 πρόσωπον
3095 510 3287 578 ἕτερον
3326 512 3518 580 ἑτέρου
3545 512 3630 566 λέ-

2059 631 2194 681 γων,
2234 613 2351 665 ἀλλ’
2379 605 2782 677 ὑποστατικῶς,
2820 605 3000 658 οὐκέτ’
3036 602 3182 673 ἔχεις
3223 599 3364 660 εἶναι
3419 605 3632 672 μύστης

2059 707 2160 770 τῆς
2193 705 2443 773 Τριάδος.
2473 703 2536 755 El
2565 702 2674 768 γάρ
2707 698 2799 753 τοῦ
2839 698 3051 764 Πατρός
3083 700 3230 750 ἐστιν
3257 698 3286 750 6
3340 697 3468 760 rte;
3494 698 3633 766 πρό·-

2063 815 2243 850 σωπον
2287 795 2361 857 ὡς
2393 795 2448 860 ἐξ
2498 791 2686 856 αὑτοῦ,
2739 791 2833 844 καὶ
2876 790 2972 842 τοῦ
3009 787 3141 841 Υίοῦ
3171 787 3233 840 τὸ
3261 787 3511 858 Πνεῦμα,
3539 789 3633 841 οὑ-

2063 893 2177 945 κέτ⁸
2205 891 2354 944 ἔσται
2388 889 2575 941 λοιπὸν
2605 887 2634 939 6
2691 887 2880 955 Πατὴρ
2911 885 3210 954 πρόσωπον
3260 884 3450 953 ἕτερον
3481 884 3633 952 παρὰ

2060 985 2152 1036 τὸν
2185 984 2334 1046 Υξὸν,
2367 981 2488 1034 οὑδὲ
2522 980 2670 1048 παρά
2707 981 2768 1031 τὸ
2797 978 3020 1046 Πνεῦμα
3047 980 3074 1030 6
3096 977 3243 1039 Υἱός.
3283 977 3450 1046 Ὁρᾷς
3478 975 3555 1038 ῶς
3576 974 3634 1027 αἱ

2066 1077 2162 1146 μὲν
2192 1076 2303 1129 τῶν
2333 1075 2505 1142 ἁγίων
2529 1076 2717 1143 ῥήσεις
2746 1072 2960 1140 ἔχουσιν
2992 1070 3232 1132 εὐσεϐῶς
3266 1085 3327 1120 τε
3375 1069 3468 1121 καὶ
3528 1084 3635 1119 κα·

2062 1167 2191 1229 λῶς.
2238 1167 2396 1237 Παρὰ
2427 1165 2520 1219 σοῦ
2546 1165 2602 1218 δὲ
2643 1163 3083 1234 ἐκλαμϐάνονται
3111 1159 3386 1224 δυσσεϐῶς
3443 1177 3502 1213 τε
3540 1158 3637 1212 καὶ

2064 1273 2272 1320 κακῶς.

2533 1475 2645 1531 Τοῦ
2677 1475 2875 1544 σοφοῦ
2903 1474 3172 1540 Νικαίας.

2150 1609 2238 1673 '0;
2260 1610 2324 1678 δὴ
2349 1610 2424 1663 σὺ·
2443 1609 2537 1662 καὶ
2563 1607 2656 1662 τοῦ
2685 1607 2960 1676 μακαρίου
2989 1607 3204 1660 Παύλου
3231 1605 3323 1658 τδν
3368 1604 3498 1658 Υἱδν
3549 1605 3638 1659 λέ-

2067 1719 2255 1768 γοντος
2287 1701 2472 1753 εἰκόνα
2493 1699 2587 1753 τοῦ
2610 1700 2843 1770 ἀοράτου
2873 1698 3032 1763 Θεοῦ,
3067 1698 3160 1751 καὶ
3186 1697 3287 1767 τῆς
3310 1695 3475 1749 αὑτοῦ
3504 1698 3639 1749 ὑπο-

396 1803 718 1856 substantiae
746 1802 865 1871 ejus
898 1812 1064 1868 atque
1095 1801 1450 1869 Splendorem
1490 1802 1700 1872 glorias,
1736 1805 1818 1858 sic
1857 1819 1958 1858 au-

2069 1794 2308 1855 στάσεως
2349 1794 2699 1862 χαρακτῆρα,
2759 1793 2856 1846 καὶ
2910 1793 3009 1861 τῆς
3066 1791 3225 1861 δόξης
3269 1791 3635 1860 ἀπαύγασμα,

395 1892 544 1945 dires
580 1904 837 1958 tanquam
868 1889 1147 1944 dicentem
1198 1891 1447 1959 ejusdem
1488 1907 1610 1946 esse
1637 1893 1963 1950 substantia:

395 1997 521 2036 cum
574 1982 759 2041 Patre,
797 1989 849 2035 et
898 1981 1076 2033 solum
1125 1981 1373 2034 eamdem
1407 1991 1684 2043 naturam.
1721 1999 1828 2038 non
1870 2001 1966 2040 au-

399 2083 510 2127 tem
565 2084 618 2128 et
668 2073 1081 2128 distinctionem
1128 2089 1485 2142 personarum
1531 2075 1961 2144 significantem.

402 2167 600 2221 Verum
652 2182 754 2220 nos
799 2167 1012 2219 ratione
1057 2176 1313 2234 tanquam
1366 2167 1578 2222 arbitro
1617 2177 1852 2234 utentes,
1907 2178 1965 2224 et

399 2259 742 2313 identitatcni
800 2267 1014 2310 naturae
1056 2257 1426 2326 imaginisqne
1476 2268 1640 2328 atque
1690 2275 1962 2328 personae,

396 2348 524 2401 item
555 2348 918 2416 operationis,
955 2346 1037 2399 liis
1067 2346 1204 2414 ipsis
1247 2347 1568 2402 nominibus
1597 2351 1852 2419 religiose
1884 2350 1967 2404 in-

397 2441 716 2509 telligimns,
740 2449 1017 2508 quatenus
1048 2453 1336 2506 possemus
1364 2441 1532 2494 etiam
1565 2442 1772 2507 dicere,
1801 2460 1963 2497 unam

394 2546 515 2586 esse
555 2529 923 2584 sanctissima:
956 2525 1249 2582 Trinitatis
1299 2531 1617 2599 imaginem,
1672 2541 1728 2585 et
1781 2533 1956 2586 Deita-

398 2635 534 2682 tem,
570 2622 910 2689 accipientes
943 2623 1236 2692 imaginem
1267 2621 1388 2676 loco
1419 2623 1786 2692 exemplaris;
1815 2625 1968 2678 simi-

396 2713 524 2768 liter
555 2713 745 2774 etiam,
788 2712 833 2764 si
887 2727 1180 2782 personam
1233 2713 1410 2766 Patris
1448 2713 1782 2782 diceremus,
1829 2717 1966 2770 sub-

398 2802 656 2855 stantiam
706 2799 886 2854 Patris
946 2802 1360 2870 denotaremus,
1411 2814 1686 2872 quatenus
1739 2806 1794 2859 in
1855 2808 1966 2862 Deo

398 2893 728 2955 ειὼειιιηιίιι,
766 2893 910 2947 idem
943 2905 1026 2948 est
1051 2905 1216 2964 atque
1244 2896 1364 2965 ejus
1393 2912 1655 2966 persona,
1691 2908 1750 2953 et
1780 2915 1968 2968 perso-

399 3002 594 3039 narum
652 2986 1016 3039 nihilominus
1070 2986 1485 3040 distinctionem
1549 2989 1964 3058 significamus,

399 3077 672 3146 siquidem
710 3086 819 3131 tres
851 3091 1118 3146 personas
1178 3075 1419 3131 fatemur
1474 3094 1597 3134 esse
1627 3081 1680 3134 in
1726 3083 1964 3137 sanctls-
1993 3109 2036 3167 ε

397 3167 538 3224 sima
578 3168 883 3230 Trinitate;
936 3182 1067 3220 sane
1124 3178 1339 3222 constat
1375 3157 1477 3222 nos
1525 3173 1630 3226 hoc
1663 3173 1829 3226 modo
1881 3175 1962 3228 lo-

397 3259 600 3330 quendi
633 3273 739 3311 non
779 3258 918 3311 idem
948 3273 1066 3312 esse
1101 3273 1365 3327 personas
1402 3260 1543 3314 inter
1583 3277 1665 3322 se.
1700 3263 1796 3317 sed
1829 3264 1957 3320 dis-

394 3351 713 3405 tinctionem
766 3349 983 3412 docere,
1039 3358 1094 3403 et
1151 3349 1465 3418 explanare.
1514 3349 1695 3422 imago
1743 3369 1963 3424 quoque

393 3447 557 3517 plane
592 3463 702 3499 non
733 3446 797 3498 ad
838 3447 1098 3514 seipsam,
1130 3444 1224 3499 sed
1260 3445 1328 3498 ad
1385 3445 1517 3500 illud
1553 3445 1778 3510 dicitur,
1805 3449 1964 3518 cujus

395 3546 477 3591 est
505 3540 708 3606 imago,
754 3546 1047 3606 prepterea
1095 3545 1150 3589 et
1199 3550 1490 3604 personam
1544 3535 1791 3599 denotat,
1840 3553 1964 3608 qua:

398 3628 688 3681 relativum
732 3642 937 3681 nomen
966 3625 1217 3689 exsistat,
1267 3625 1374 3679 tale
1420 3626 1708 3693 nimirum,
1740 3639 1800 3682 ut
1839 3645 1962 3698 per-

393 3734 584 3772 sonam
611 3719 842 3784 sn‘beat;
881 3727 937 3770 ιιι
970 3732 1100 3770 vero
1136 3718 1323 3772 nescio
1353 3719 1485 3787 quid
1533 3720 1770 3786 cogitas,
1804 3732 1963 3775 natu-

393 3810 589 3863 raliter
651 3825 760 3862 non
823 3807 1167 3878 hypostatice
1225 3808 1334 3862 dici
1385 3809 1681 3868 afﬁrmans.
1741 3813 1962 3880 quando

392 3901 568 3955 altera
603 3915 841 3970 pcrsona
876 3899 1110 3954 alterius
1136 3914 1258 3954 esse
1292 3889 1522 3955 dicitur.
1554 3902 1621 3955 Et
1659 3903 1960 3956 absurdum

393 4006 619 4060 quoque
641 3991 901 4059 colligere
931 3989 1247 4055 arbitraris,
1267 3993 1411 4060 quod
1451 3992 1740 4047 manifeste
1767 4002 1960 4047 contra

397 4092 448 4136 te
476 4084 627 4136 facit.
669 4081 766 4136 Sin
795 4094 978 4137 autem
1009 4084 1062 4136 id
1096 4099 1289 4136 verum
1324 4084 1418 4146 sit,
1450 4083 1578 4137 licet
1618 4083 1962 4137 animadver-

397 4183 537 4229 tere.
573 4174 874 4229 Esistimas
897 4175 1043 4228 enim
1074 4190 1170 4228 eos
1199 4174 1292 4243 qui
1329 4183 1588 4228 asserunt
1616 4175 1813 4228 Filium
1839 4191 1961 4231 esse

397 4281 686 4337 personam
723 4266 922 4330 Patris,
970 4274 1161 4333 utpote
1195 4266 1291 4336 qui
1321 4283 1388 4320 ea
1423 4265 1540 4334 ipso
1569 4268 1882 4335 proveniat,
1905 4277 1962 4322 et

396 4368 614 4406 rursum
677 4352 942 4421 Spiritum
991 4352 1140 4418 Filii,
1191 4353 1397 4422 quippe
1446 4353 1540 4422 qui
1589 4370 1654 4407 ex
1707 4355 1825 4424 ipso
1867 4357 1959 4421 sit,

2065 1885 2237 1950 οὕτως
2279 1886 2564 1948 ἀκούσαις,
2620 1887 2695 1948 ὡς
2741 1887 2845 1955 τῆς
2899 1887 3069 1955 αὑτῆς
3099 1887 3263 1939 αὑτὸν
3318 1885 3396 1953 τῷ
3458 1885 3640 1953 Πατρὶ

2067 1977 2418 2039 ὑποστάσεως
2448 1979 2720 2047 λέγοντος,
2761 1980 2853 2032 καὶ
2879 1979 3095 2046 φύσεως
3124 1979 3290 2048 μόνον
3342 1977 3637 2046 δηλοῦντος

2065 2069 2393 2138 ταυτότητά,
2442 2070 2502 2121 οὑ
2543 2069 2724 2135 μέντοι
2778 2072 2874 2122 καὶ
2923 2070 3202 2138 διάκρισιν
3247 2069 3628 2124 ὑποστάσεων.

2067 2159 2212 2212 Ἀλλ’
2231 2161 2392 2230 ἡμεῖς
2423 2160 2666 2224 εὐσεϐῶς
2688 2162 2999 2225 διαιτῶντες
3027 2161 3104 2230 τῷ
3135 2161 3299 2231 λόγῳ.
3323 2163 3419 2216 καὶ
3439 2163 3639 2215 ταυτό-

2065 2271 2203 2320 τητα
2229 2257 2447 2321 φύσεως
2507 2255 2599 2308 διά
2637 2254 2847 2308 τούτων
2900 2257 3008 2308 τῶν
3057 2257 3348 2325 όνομάτων
3406 2255 3644 2323 νοοῦμεν

2068 2347 2274 2409 εἰκόνος
2311 2363 2372 2399 τε
2403 2347 2496 2399 καὶ
2531 2344 2821 2413 προσώπου
2851 2347 2947 2399 καὶ
3000 2347 3306 2416 ἐνεργείας,
3366 2347 3499 2400 καθὸ
3543 2349 3641 2400 καὶ

2067 2439 2366 2511 δυναίμεθα
2391 2439 2458 2494 ἂν
2487 2439 2654 2508 φάναι
2685 2441 2815 2510 μίαν
2851 2436 2994 2492 εἶναι
3030 2442 3130 2510 τὴν
3160 2440 3260 2506 τῆς
3289 2439 3452 2506 ἁγίας
3471 2439 3641 2510 Τριά-

2066 2533 2153 2595 δος
2175 2533 2359 2586 είκόνα
2385 2549 2442 2585 τε
2485 2531 2581 2584 καὶ
2607 2531 2860 2601 θεότητα,
2901 2533 3020 2584 ἀντὶ
3045 2531 3488 2600 παραδείγματος
3535 2533 3638 2596 τὴν

2068 2626 2254 2678 είκόνα
2283 2625 2599 2694 δεχόμενοιο
2631 2625 2835 2695 ὁμοίως
2874 2624 2934 2679 δὲ
2983 2623 3076 2679 καὶ
3105 2625 3165 2676 τὸ
3203 2625 3495 2691 πρόσωπον
3542 2623 3638 2676 τοῦ

2069 2715 2284 2785 Πατρός
2311 2716 2563 2783 λέγοντες
2596 2715 2700 2785 τὴν
2725 2713 2819 2768 τοῦ
2865 2717 3078 2785 Πατρὸς
3134 2715 3324 2770 οὐσίαν
3370 2713 3644 2784 δηλῶσαι-

2073 2825 2194 2876 μεν,
2225 2808 2454 2863 καθόσον
2487 2810 2646 2880 ἐντῷ
2679 2810 2798 2880 Θεῷ
2845 2811 2878 2875 ἡ
2923 2809 3082 2862 οὑσία
3137 2809 3336 2862 ταυτόν
3386 2810 3503 2861 ἐστι
3566 2811 3637 2878 τῇ

2070 2901 2365 2956 ὑποστάσει
2396 2900 2560 2954 αὑτοῦ
2590 2918 2601 2930 ο
2635 2902 2788 2954 οὐδὲν
2813 2903 3000 2970 μέντοι
3037 2896 3200 2971 ἦττον
3226 2900 3321 2954 καὶ
3375 2901 3475 2968 τὴν
3525 2900 3640 2953 τῶν

2070 2993 2424 3046 ὑποστάσεων
2452 2993 2724 3064 δηλοῦμεν
2758 2994 3054 3063 διάκρισιν.
3105 2993 3383 3062 Πρόσωπά
3412 3008 3470 3045 τε
3525 2991 3639 3063 γάρ

2069 3085 2194 3153 τρία
2225 3085 2406 3153 φαμὲν
2441 3085 2534 3136 ἐπὶ
2559 3085 2656 3153 τῆς
2691 3085 2849 3153 ἁγίας
2871 3084 3124 3153 Τριάδος.
3159 3083 3326 3154 Δῆλον
3345 3085 3421 3150 ὡς
3445 3087 3504 3139 οὑ
3534 3088 3640 3155 τὴν

2083 3173 2391 3242 ταυτότητά
2417 3173 2506 3226 διὰ
2537 3173 2752 3238 τούτου,
2801 3175 2900 3242 τὴν
2951 3174 3227 3245 διάκρισιν
3274 3175 3330 3228 δὲ
3368 3177 3637 3245 παριστάν

2076 3279 2279 3324 νοντες.
2327 3263 2399 3314 Ἥ
2424 3280 2480 3314 τε
2506 3265 2672 3316 εἰκὼν
2712 3263 2957 3332 φανερῶς
2989 3264 3048 3315 οὑ
3083 3263 3214 3332 πρὸς
3243 3263 3465 3333 ἑαυτὴν,
3495 3263 3638 3316 ἀλλὰ

2072 3355 2209 3424 πρὸς
2242 3357 2414 3408 ἐκεῖνο
2438 3355 2678 3422 λέγεται,
2711 3349 2920 3416 οὗτινός
2969 3355 3084 3407 ἐστι
3131 3356 3226 3408 καὶ
3283 3357 3467 3408 εἰκών.
3524 3357 3639 3408 Καὶ

2072 3447 2160 3498 διὰ
2189 3446 2348 3498 τοῦτο
2378 3445 2636 3515 σημαίνει
2674 3447 2974 3498 ὑπόστασιν
3003 3445 3343 3514 άναφορικόν
3373 3462 3436 3512 γε
3461 3445 3638 3513 ὄνομα

2070 3535 2150 3602 ὃν,
2180 3539 2271 3589 καὶ
2299 3531 2412 3590 οἷον
2453 3537 2742 3606 πρόσωπον
2783 3535 3118 3604 ὑφιστάνειν.
3168 3537 3241 3588 Σὺ
3269 3536 3315 3588 δ’
3353 3536 3453 3588 οὐκ
3479 3533 3576 3588 οἶδ’
3607 3537 3638 3590 ὃ

2071 3645 2122 3680 τι
2152 3629 2354 3696 διανοῇ,
2389 3627 2633 3698 φυσικῶς
2658 3626 2913 3696 λέγεσθαι
2947 3626 3170 3696 φάσκων
3203 3629 3301 3696 οὑχ
3341 3628 3640 3682 ὑποστατιο

2071 3717 2202 3780 κῶς,
2248 3718 2378 3770 ὅταν
2426 3717 2719 3788 πρόσωπον
2779 3717 2967 3785 ἕτερον
3009 3718 3196 3788 ἑτέρου
3241 3717 3492 3788 λέγηται.
3526 3720 3640 3773 Καὶ

2071 3808 2270 3861 ἄτοπον
2309 3807 2366 3859 et
2396 3808 2659 3874 συνάγειν
2687 3808 2949 3878 νομίζεις,
2983 3808 3012 3861 δ
3056 3810 3200 3862 κατὰ
3231 3811 3326 3864 σοῦ
3383 3813 3640 3880 φανερῶς

2070 3899 2238 3951 ἐστιν.
2276 3898 2336 3950 El
2370 3897 2415 3949 δ’
2450 3897 2690 3968 άληθῶς,
2749 3898 2926 3964 ἔξεστι
2989 3899 3317 3969 σκέψασθαι.
3356 3901 3482 3964 Τοῖς
3522 3903 3638 3970 γὰρ

2068 3991 2288 4058 λέγουσι
2318 3991 2406 4043 τὸν
2439 3991 2541 4059 μὲν
2578 3991 2711 4043 Υίὺν
2757 3993 3051 4062 πρόσωπον
3076 3991 3170 4044 τοῦ
3204 3993 3437 4063 Πατρός,
3466 3994 3544 4055 ὡς
3574 3996 3638 4063 ἐξ

2068 4081 2232 4134 αὑτοῦ
2260 4084 2535 4151 προϊόντα,
2570 4080 2664 4134 τοῦ
2696 4083 2750 4134 δὲ
2775 4081 2905 4134 Υίοῦ
2937 4081 3092 4145 αὖθις
3113 4083 3176 4135 τὸ
3204 4083 3429 4154 Πνεῦμα
3464 4085 3540 4148 ὡς
3572 4086 3637 4141 ὃν

2069 4173 2128 4235 ἐξ
2158 4171 2345 4236 αὑτοῦ,
2375 4171 2600 4225 ἔπεσθαι
2630 4171 2731 4225 οἴει
2757 4173 2832 4242 μὴ
2857 4171 3037 4240 λέγειν
3062 4173 3188 4229 ἄλλο
3224 4176 3516 4246 πρόσωπον
3544 4179 3638 4231 τὸν

2069 4264 2308 4333 Πατέρα,
2351 4264 2561 4316 καὶτὸν
2591 4263 2721 4316 Υίὸν
2754 4265 2964 4334 ἕτερον,
3003 4265 3171 4318 καὶτὸ
3205 4265 3450 4335 Πνεῦμα.
3491 4269 3638 4334 Ἐγὼ

2067 4355 2115 4410 δ’
2144 4357 2200 4410 εῐ
2223 4373 2276 4410 τι
2310 4355 2490 4418 καλῶς
2521 4355 2614 4408 τοῦ
2661 4355 2756 4408 σοῦ
2811 4354 2972 4423 λόγου
3021 4358 3270 4427 συνίημι,
3301 4362 3365 4426 τῇ
3421 4358 3520 4428 μὲν
3566 4363 3638 4430 σῇ

395 4443 528 4496 illud
587 4443 989 4497 inconveniens
1035 4445 1214 4513 sequi,
1251 4459 1368 4518 .eos
1424 4459 1533 4497 non
1584 4445 1741 4499 fateri
1797 4446 1959 4501 aliam

2068 4449 2208 4501 θέσει
2231 4448 2322 4500 καὶ
2365 4446 2504 4500 πάνυ
2531 4447 2594 4500 ἂν
2636 4447 2794 4500 τοῦτο
2833 4449 2893 4499 τὸ
2927 4447 3127 4502 ἄτοπον
3164 4448 3394 4502 ἕπεσθαι
3426 4451 3593 4520 φαίην
3619 4469 3634 4483 ο

394 4548 517 4587 esse
549 4549 840 4602 personam
871 4533 1113 4601 Patrem,
1168 4535 1331 4589 aliam
1374 4535 1595 4601 Filium,
1624 4537 1784 4590 aliam
1833 4536 1958 4607 Spi-

395 4626 564 4678 ritum
591 4635 868 4678 sanctum.
902 4626 1018 4695 Ego
1050 4641 1204 4690 vero,
1249 4627 1293 4681 si
1331 4642 1442 4697 quo
1486 4637 1649 4696 pacto
1701 4638 1848 4681 tuam
1879 4644 1962 4680 ra-

395 4715 598 4768 tionem
630 4717 895 4785 percipio,
930 4725 1019 4769 tua
1057 4716 1282 4785 quidem
1315 4717 1482 4783 tliesi,
1510 4727 1564 4771 et
1605 4718 1762 4771 valde
1801 4719 1959 4786 sequi

393 4807 497 4861 lioc
527 4807 826 4860 absurdum
874 4805 1230 4868 affirmat-cm,
1266 4817 1457 4862 nostra
1490 4825 1622 4862 vero
1653 4818 1825 4862 totum
1867 4826 1964 4880 op-

393 4899 653 4967 positum.
706 4897 946 4961 Etenim,
1001 4899 1046 4951 si
1099 4913 1394 4967 personam
1456 4900 1688 4953 alteram
1735 4900 1962 4955 alterius

393 4991 527 5051 dici,
581 4991 725 5043 idem
765 5006 885 5043 esse
917 4989 1064 5044 inter
1099 5005 1156 5044 se
1188 4991 1387 5055 solum,
1439 5000 1495 5045 et
1539 4990 1959 5047 similitudinem

393 5080 812 5146 immutabilem,
844 5093 904 5135 ut
937 5082 1052 5151 ipse
1095 5084 1274 5151 ponis,
1307 5083 1614 5152 significat;
1656 5094 1735 5138 est
1775 5095 1960 5138 autem

391 5183 627 5238 persona
662 5169 841 5224 Patris
871 5170 1066 5232 Filius,
1096 5181 1285 5240 utpote
1312 5187 1435 5240 qua:
1461 5172 1651 5226 eadem
1685 5173 1755 5226 sit
1797 5183 1962 5243 atque

392 5261 510 5327 ipse
564 5261 869 5312 secundum
923 5263 1330 5326 substantiam,
1383 5271 1548 5330 atque
1612 5264 1784 5332 ipsius
1840 5263 1959 5317 Filii

389 5359 474 5403 est
535 5353 804 5421 Spiritus,
861 5344 1062 5421 quippe
1123 5360 1330 5407 tantum
1392 5355 1633 5423 ejusdem
1674 5356 1746 5408 sit
1800 5366 1962 5424 atque

395 5443 512 5513 ipse
551 5446 910 5510 substantim;
948 5448 1070 5501 sine
1097 5448 1474 5501 controversia
1499 5447 1644 5502 nulla
1675 5449 1779 5502 alia
1812 5460 1963 5505 esset

392 5552 631 5606 persona
672 5539 834 5593 Pater
877 5555 910 5593 a
957 5538 1096 5594 Filio
1126 5550 1182 5594 et
1228 5539 1460 5609 Spiritu,
1491 5547 1548 5592 et
1583 5540 1663 5594 illi
1707 5542 1771 5594 ad
1825 5543 1966 5594 invi-

391 5641 534 5688 cem,
566 5641 742 5694 neque
778 5627 923 5681 enim
955 5628 1188 5682 alterius
1219 5637 1350 5682 sunt
1385 5629 1731 5683 substantiae.
1763 5628 1959 5684 Verum

389 5729 522 5770 cum
580 5718 835 5771 audimus
893 5734 1183 5788 personam
1247 5720 1451 5785 Patris,
1515 5723 1595 5774 vel
1661 5737 1954 5792 personam

2064 4543 2130 4610 τῇ
2156 4541 2399 4613 ἡμετέρᾳ
2431 4540 2487 4593 δὲ
2522 4542 2630 4593 πᾶν
2656 4539 2994 4607 τούναντίον.
3038 4543 3101 4596 Εί
3135 4543 3236 4612 μὲν
3265 4547 3374 4614 γὰρ
3405 4546 3466 4596 τὸ
3497 4547 3639 4616 πρό-

2065 4649 2246 4686 σωπον
2267 4633 2453 4703 ἓτερον
2492 4632 2682 4704 ἑτέρου
2717 4633 2996 4700 λέγεσθαι,
3017 4637 3118 4704 τὴν
3149 4637 3456 4706 ταυτότητα
3478 4637 3640 4707 δηλοῖ

2066 4725 2244 4791 μόνον,
2272 4727 2365 4777 καὶ
2388 4725 2816 4794 ἀπαράλλακτον
2843 4725 3128 4794 ὁμοίωσιν,
3153 4727 3227 4789 ὡς
3249 4727 3414 4792 αὑτὸς
3447 4731 3634 4801 τίθης,

2063 4812 2256 4866 ἔστιδὲ
2279 4815 2568 4885 πρόσωπον
2598 4816 2693 4868 τοῦ
2763 4816 2973 4884 Πατρδς
3030 4819 3057 4868 6
3107 4817 3256 4884 Υίδς,
3313 4818 3389 4882 ὡς
3433 4823 3637 4874 ταυτὸν

2063 4904 2209 4974 αὑτῷ
2239 4910 2360 4957 κατ’
2385 4906 2598 4970 οὐσίαν,
2659 4909 2754 4961 καὶ
2800 4909 2966 4962 αὑτοῦ
3001 4909 3134 4962 Υίοῦ
3166 4914 3224 4964 τὸ
3258 4911 3502 4983 Πνεῦμα,
3556 4915 3636 4978 ὡς

2063 4997 2160 5066 τῆς
2190 4996 2359 5065 αὐτῆς
2390 4997 2536 5067 αὑτῷ
2573 4999 2733 5066 μόνον
2778 4990 2986 5063 οὐσίας,
3037 5001 3487 5072 ὁμολογουμένως
3531 5006 3636 5058 οὐκ

2065 5088 2131 5141 ἂν
2161 5090 2245 5158 εἴη
2293 5087 2421 5142 ἄλλο
2485 5091 2779 5159 πρόσωπον
2827 5094 2854 5145 ό
2901 5093 3091 5164 Πατὴρ
3140 5094 3236 5147 τοῦ
3272 5095 3403 5148 Υίοῦ
3446 5114 3505 5148 τε
3537 5100 3633 5150 καὶ

2067 5178 2404 5248 Πνεῦματος,
2441 5181 2680 5234 κάκεῖνοι
2709 5183 2982 5252 ἀλλήλων,
3025 5185 3146 5248 οὑδὲ
3176 5186 3284 5254 γάρ
3331 5186 3499 5254 ἄλλης
3534 5188 3632 5239 οὑ·

2065 5271 2210 5332 σίας.
2257 5270 2416 5323 Ἀλλὰ
2446 5273 2744 5341 πρόσωπον
2765 5278 2859 5328 τοῦ
2890 5277 3122 5345 Πατρὸς,
3155 5275 3187 5346 ἢ
3227 5281 3520 5348 πρόσωπον
3534 5277 3633 5332 τοῦ

2064 5361 2194 5414 Υἱοῦ
2221 5362 2533 5427 ἀκούοντες,
2559 5366 2655 5416 καὶ
2687 5365 2769 5418 ἐτι
2795 5365 2887 5419 τοῦ
2943 5368 3282 5438 Πνεῦματος,
3311 5370 3410 5438 τὴν
3441 5372 3636 5424 ταυτό-

2063 5470 2202 5522 τητα
2231 5454 2328 5522 τῆς
2350 5455 2542 5518 οὑσίας
2571 5457 2855 5527 νοήσομενο
2886 5458 2960 5522 ὡς
2983 5462 3041 5513 τό
3071 5477 3132 5528 γε
3172 5463 3314 5515 κατά
3341 5463 3399 5514 σὲ
3429 5461 3637 5533 ἀιῄρη-

2063 5560 2152 5596 ται
2179 5545 2212 5614 ἡ
2239 5545 2432 5616 Τριάς.
2460 5551 2538 5609 εἰς
2575 5548 2821 5619 μονὼτην
2838 5551 3268 5622 ἀντιπεριστάσει
3294 5553 3448 5608 Θεόν.
3501 5555 3564 5606 Ei
3586 5555 3632 5607 δ’

2063 5634 2139 5698 ὡς
2158 5637 2318 5706 ἡμεῖς
2355 5636 2586 5708 λέγομεν
2613 5641 2672 5692 τὸ
2705 5642 2996 5711 πρόσωπον
3043 5643 3229 5715 ἕτερον
3259 5645 3447 5716 ἐτέρου
3477 5645 3634 5713 λέγε-

2069 5727 2190 5780 σθαι
2223 5728 2282 5780 τὸ
2317 5728 2374 5793 ἐξ
2425 5731 2660 5785 ἐκείνου.
2685 5731 2824 5788 εἶναι
2857 5737 3136 5806 σημαίνει,
3168 5732 3228 5790 οῦ
3289 5741 3382 5794 καὶ
3415 5739 3634 5806 λέγεται
