3966 6218
265 212 362 275 257

1220 174 1595 266 APOLOGIA
1636 200 2252 263 INSCRIPTIONUM
2293 200 2538 264 VECCI.

3401 195 3510 265 258

268 323 418 388 εἶναι,
449 321 586 393 πρὸς
634 319 709 389 τῷ
742 317 967 386 καὶτῆς
1033 315 1200 387 αὐτῆς
1256 316 1402 386 αὖΐῷ
1448 313 1587 369 εἶναι
1625 315 1837 381 οὐσίας,

1968 315 2088 382 "ilii,
2112 316 2283 386 ipsius
2307 331 2528 386 quoque
2557 313 2796 384 Spiritus
2821 313 3017 380 sancti,
3045 314 3190 386 idem
3215 329 3336 373 esse
3363 317 3512 374 inter

265 419 379 472 ἐπεὶ
401 417 463 469 τὸ
493 414 557 468 ἔκ
590 429 735 476 τινος
767 411 829 466 ὂν
861 409 1048 478 ἕτερόν
1075 411 1190 462 ἐστι
1227 409 1476 480 φανερῶς
1506 411 1572 479 τῇ
1605 426 1668 477 γε
1701 407 1834 477 γοζν

265 505 584 569 ὑποστάσει,
621 504 714 555 καὶ
748 501 829 571 τῷ
855 499 1134 570 προσώπῳ
1164 498 1263 552 τοῦ
1324 500 1382 564 ἐξ
1420 491 1481 550 οὗ
1509 497 1728 565 λέγεται
1755 494 1836 549 εἷ-

266 618 368 663 ναι,
404 599 519 662 πῶς
544 597 644 652 οῦκ
671 595 826 649 ἔσται
855 595 1147 664 πρόσωπον
1181 593 1209 644 ὁ
1235 592 1424 662 Πατὴρ
1481 589 1631 658 ἄλλο,
1663 591 1756 645 καὶ
1810 591 1838 642 ὁ

267 694 412 758 Υἱὸς,
457 691 552 745 καὶ
584 692 647 742 τὸ
673 685 936 755 Πνεῦμα;
989 683 1142 736 Ὥστ’
1177 684 1339 754 ἡμεῖς
1373 683 1472 753 μὲν
1515 682 1688 735 ταῦτα
1747 681 1836 733 7.55-

268 801 449 852 γοντες
487 783 586 853 τὴν
636 778 845 851 Τριὰδα
898 777 996 830 καὶ
1057 776 1203 846 μάλα
1251 777 1631 844 φυλάττομεν·
1677 773 1840 835 αὐτὸς

269 879 325 930 δε
359 873 597 945 φύλαξαι
632 871 708 943 μὴ
763 869 1081 925 τούναντίον
1141 869 1313 922 ποιῶν
1347 868 1550 931 ἀδίκως
1605 867 1840 935 έγκαλῇς

269 967 466 1029 ἄλλοις,
490 965 627 1034 ἡμῖν
658 961 928 1024 ἐπιτιθεὶς
969 961 1040 1014 τὰ
1061 960 1238 1030 ὀνείδη
1279 961 1347 1013 τὰ
1383 959 1508 1014 ῐδια.
1549 959 1671 1012 Ὅτι
1697 958 1751 1010 δὲ
1781 957 1840 1008 τὸ

271 1058 518 1126 λέγεσθαι
568 1056 884 1127 πρόσωπον,
925 1053 959 1122 ἢ
1019 1053 1271 1122 δύναμιν,
1309 1053 1340 1122 ἢ
1401 1052 1681 1121 ἐνέργειαν
1723 1050 1842 1102 τόδε

272 1149 422 1204 τοῦδέ
444 1166 614 1214 τινος,
670 1147 809 1217 πρὸς
865 1144 940 1215 τῷ
999 1145 1167 1216 ἄλλην
1222 1144 1509 1215 σημαίνειν
1548 1143 1844 1197 ὑπόστασιν

272 1242 363 1294 καὶ
385 1240 446 1294 τὸ
469 1241 528 1307 ἒξ
554 1238 726 1293 αὑτοῦ
760 1233 902 1292 εἶναι
931 1237 1208 1306 σημαίνει,
1274 1230 1336 1290 οῦ
1383 1236 1479 1289 καὶ
1526 1235 1744 1305 λέγεται
1771 1231 1847 1288 εῐ-

269 1350 376 1397 ναι,
411 1332 520 1384 τῶν
538 1331 810 1398 λεγόντων
832 1329 1066 1383 ἄκουσον
1092 1320 1258 1400 (οῦτοι
1287 1327 1333 1381 δ’
1365 1329 1501 1382 εἰσὶν
1523 1330 1571 1382 oi
1597 1328 1849 1383 διδάσκαι

269 1423 346 1476 λοι
381 1423 606 1494 πάντες)
636 1421 874 1492 Χριστὸν
906 1419 1044 1474 Θεοῦ
1077 1419 1330 1490 δύναμιν,
1352 1423 1448 1473 καὶ
1469 1419 1608 1474 Θεοῦ
1630 1419 1844 1490 σοφίαν,

268 1517 360 1568 καὶ
399 1510 561 1578 αὖθις
603 1513 782 1578 ζῶσαν
814 1512 909 1567 καὶ
937 1512 1302 1567 ὲνυπόστατον
1349 1513 1635 1584 ὲνέργειάν
1662 1530 1720 1566 τε
1756 1513 1850 1566 καὶ

268 1610 502 1676 δύναμιν
537 1607 629 1660 τοῦ
651 1605 865 1676 Πατρὺς
897 1604 994 1658 τὸν
1041 1604 1167 1659 Υῑόν
1187 1622 1202 1637 ’
1255 1605 1352 1658 καὶ
1379 1605 1569 1676 πάλιν,
1594 1605 1653 1658 τὸ
1679 1604 1849 1658 Πνεῦ-

1945 421 2004 460 se
2061 406 2368 486 secundum
2439 406 2806 460 substantiam
2861 405 3242 476 intelligimus.
3297 408 3516 475 Quare,

1945 494 2093 564 quod
2133 495 2200 549 ad
2233 503 2285 549 te
2315 497 2534 559 attinet,
2561 495 2779 550 sublata
2813 505 2898 550 est
2929 495 3173 551 Trinitas
3219 497 3272 550 in
3322 499 3518 552 solita-

1948 586 2090 639 rium
2132 588 2303 640 Deum
2339 594 2642 641 coarctata.
2689 587 2784 640 Sin
2824 595 3008 642 autem
3057 596 3118 642 ut
3146 603 3250 643 nos
3282 588 3521 645 dicimus

1948 693 2243 747 personam
2277 678 2510 733 alteram
2546 678 2778 735 alterius
2803 678 2935 744 dici,
2967 690 3334 750 prmterquam
3371 683 3520 752 quod

1951 771 2023 825 sit
2063 771 2312 842 ejusdem
2367 787 2493 826 cum
2545 772 2666 841 ipso
2708 772 3051 838 substantize,
3106 773 3278 833 etiam
3310 775 3380 830 ab
3430 776 3524 831 illo

1950 876 2072 916 esse
2120 862 2416 932 signiﬁcet,
2454 865 2611 934 cujus
2663 873 2719 919 et
2767 879 2892 922 esse
2943 865 3148 920 dicitur
3191 885 3205 921 :
3261 868 3523 936 quoniam

1954 953 2101 1021 quod
2132 953 2201 1006 ab
2241 953 2428 1023 aliquo
2454 963 2562 1019 est,
2590 954 2827 1010 alterum
2857 964 2944 1010 est
2972 955 3152 1026 plane,
3185 958 3380 1014 saltem
3426 959 3528 1032 hy-

1954 1045 2158 1115 postasi
2189 1056 2244 1102 et
2277 1063 2535 1117 persona.
2573 1050 2643 1104 ab
2683 1065 2748 1105 eo
2798 1049 2958 1119 cujus
2991 1065 3114 1106 esse
3144 1038 3384 1117 dicitur;
3433 1053 3528 1123 qui

1954 1138 2075 1194 ﬁeri
2103 1147 2285 1209 potest
2315 1149 2372 1196 ut
2403 1156 2512 1194 non
2541 1141 2613 1196 sit
2647 1142 2752 1196 alia
2799 1157 3038 1212 persona
3075 1142 3254 1211 Pater,
3293 1144 3399 1199 alia
3441 1145 3531 1200 Fi-

1954 1234 2081 1299 lius,
2131 1234 2237 1288 alia
2274 1233 2513 1304 Spiritus
2549 1236 2816 1292 sanctus?
2865 1236 2978 1291 Nos
3027 1237 3216 1302 itaque
3250 1252 3378 1292 cum
3411 1238 3531 1293 haec

1956 1325 2212 1392 dicimus,
2267 1325 2505 1379 maxime
2558 1326 2856 1381 admodum
2905 1326 3232 1383 Trinitatem
3286 1336 3528 1384 tuemur.

1955 1414 2099 1471 Cave
2133 1424 2212 1481 tu,
2247 1431 2316 1471 ne
2346 1417 2664 1487 oppositum
2696 1417 2926 1486 faciens,
2960 1419 3245 1476 immerito
3279 1422 3415 1478 alios
3443 1439 3535 1480 ac-

1957 1523 2140 1575 cuses,
2179 1508 2342 1564 nobis
2371 1509 2660 1566 ascribens
2691 1519 2784 1565 tua
2823 1511 3001 1581 ipsius
3036 1514 3332 1571 dedecora.
3372 1515 3532 1582 Quod

1959 1601 2306 1655 autem’dici
2343 1601 2448 1656 hoc
2476 1602 2685 1671 aliquid
2719 1619 3040 1673 personam,
3074 1621 3171 1662 seu
3202 1611 3528 1677 potentiam,

271 1719 344 1770 μα
374 1671 437 1754 τῦ
461 1701 614 1767 ἆγιον
659 1671 783 1751 οὐκ-
815 1698 1097 1768 ἀλλότριον
1127 1695 1222 1750 τοῦ
1257 1696 1414 1764 Υἱοῦ,
1465 1675 1583 1750 ἀλλ”
1616 1699 1675 1752 ὲν
1703 1697 1853 1768 αῦτῷ

1968 1707 2056 1746 seu
2095 1694 2472 1762 operationem
2507 1671 2743 1768 alicujus
2785 1707 3154 1769 praeterquam
3181 1671 3330 1770 quod
3361 1671 3532 1773 signi;

268 1808 328 1843 τε
377 1793 476 1843 καὶ
518 1790 575 1855 ἐξ
621 1790 808 1857 αὐτοῦ,
862 1791 958 1844 καὶ
998 1788 1188 1859 ὥσπερ
1237 1791 1524 1861 ἐνέργειαν
1565 1792 1806 1862 φυσικήν
1833 1806 1846 1822 ·

273 1883 432 1951 δῆλον
454 1883 571 1953 γὰρ
620 1883 682 1952 δὴ
710 1883 802 1936 τὸν
840 1882 995 1948 Υῑδν,
1047 1883 1412 1937 ἐνυπόστατον
1468 1882 1702 1952 δύναμιν
1756 1881 1850 1936 τοῦ

277 1975 488 2044 Πατρὸς
519 1973 670 2040 ὄντα,
701 1974 988 2046 διαφέρειν
1032 1974 1202 2028 αὐτοῦ
1244 1974 1380 2030 καθό
1417 1975 1568 2030 ἔστιν
1623 1975 1856 2028 ὑπόστα-

279 2081 379 2128 σις,
413 2063 510 2118 καὶ
567 2065 712 2119 κατὰ
744 2064 907 2119 τοῦτο
965 2068 1060 2119 καὶ
1113 2065 1172 2132 ἐξ
1229 2065 1396 2119 αὐτοῦ
1431 2065 1561 2120 ὂντα
1589 2080 1604 2096 ⁶
1640 2066 1735 2119 καὶ
1791 2065 1854 2118 τὸ

280 2155 502 2224 Πνεῦμα
536 2157 824 2226 ἐνέργειαν
851 2159 1092 2228 φυσικὴν
1119 2156 1215 2210 τοῦ
1247 2156 1405 2222 Υῑοῦ,
1463 2157 1585 2211 οὐδὲ
1646 2156 1852 2228 ταύτην

276 2248 769 2326 ἀνυπόστατονηὲξ
794 2250 959 2302 αὐτοῦ
984 2266 1045 2302 τε
1110 2243 1274 2314 εἶναι,
1308 2249 1405 2302 καὶ
1463 2248 1640 2319 τούτῳ
1687 2247 1887 2321 αὑτοῦ,

277 2340 676 2411 διακρίνεσθαι.
738 2342 890 2397 Ὠστ’
923 2341 986 2395 οὐ
1046 2342 1358 2414 ταυτότητα
1419 2341 1582 2411 μόνον
1638 2342 1853 2411 φύσεως

278 2435 454 2488 ταῦτα
483 2433 638 2504 δηλοῖ
652 2434 720 2487 τὰ
740 2433 1007 2505 ὀνόματα,
1037 2434 1134 2487 καὶ
1165 2434 1225 2488 τὸ
1260 2433 1416 2487 τοῦδέ
1438 2449 1585 2497 τινος
1601 2432 1854 2501 λέγεσθαι

277 2528 414 2592 τόδε,
443 2527 532 2596 ἐφ’
554 2520 599 2596 ᾧ
625 2526 790 2591 αὐτὸς
841 2526 1120 2606 ἰσχυρίζῃ,
1145 2525 1283 2581 ἀλλὰ
1311 2525 1406 2580 καὶ
1431 2525 1702 2597 διάκρισιν
1724 2525 1858 2581 ὕπο.

285 2621 560 2675 στάσεων.
599 2619 808 2676 Τούτου
830 2620 888 2673 δὲ
920 2619 1020 2674 τοῦ
1043 2619 1208 2688 λόγου
1259 2619 1735 2689 διασεσεισμένου,
1765 2621 1861 2674 καὶ

281 2715 343 2764 τὰ
378 2712 640 2781 ἑπόμενα
674 2711 854 2767 πάντα
893 2710 1434 2782 συγκαταὸέόληται.

1960 1785 2086 1862 licet
2107 1787 2337 1842 alteram
2377 1787 2740 1860 hypostasim,
2774 1798 3038 1860 praeterea
3069 1792 3300 1850 denotet
3320 1795 3389 1850 ab
3413 1795 3534 1864 ipso

1958 1889 2102 1938 esse,
2138 1878 2294 1947 cujus
2327 1889 2383 1934 et
2419 1893 2543 1935 esse
2573 1879 2815 1947 dicitur;
2866 1883 2997 1937 audi
3034 1899 3130 1939 eos
3163 1885 3318 1953 (sunt
3345 1876 3531 1942 autem

1960 1982 2154 2024 omnes
2200 1968 2482 2043 doctores)
2513 1972 2608 2043 qui
2637 1983 2837 2029 vocant
2885 1973 3171 2031 Christum
3221 1977 3317 2036 Dei
3353 1979 3538 2033 virtu-

1963 2065 2096 2122 tem,
2133 2059 2342 2131 Deique
2393 2065 2740 2132 sapientiam,
2789 2073 2848 2120 et
2891 2081 3086 2124 rursus
3115 2070 3395 2140 appellant
3443 2071 3539 2125 Fi-

1961 2147 2098 2206 lium
2144 2152 2328 2206 vivam
2370 2161 2428 2208 et
2462 2154 2862 2211 subsistentem
2915 2160 3298 2228 operationem
3331 2162 3534 2226 Patris.

1961 2253 2018 2300 et
2079 2244 2278 2299 iterum
2337 2245 2606 2316 Spiritum
2655 2259 2910 2304 sanctum
2948 2266 3063 2306 non
3101 2252 3342 2308 alienum
3381 2257 3543 2312 aiunt

1962 2353 2084 2394 esse
2112 2353 2142 2392 a
2170 2338 2336 2404 Filio,
2368 2338 2465 2393 sed
2497 2339 2552 2393 in
2587 2339 2732 2410 ipso,
2768 2348 2827 2395 et
2853 2356 2918 2396 ex
2956 2341 3098 2410 ipso,
3149 2359 3215 2417 ac
3243 2346 3417 2400 veluti
3448 2363 3516 2400 na

1945 2431 2199 2485 'turalem
2249 2430 2657 2501 operationem.
2705 2429 2851 2486 Sane
2900 2432 3128 2502 quidem
3181 2438 3540 2508 perspicuum
3575 2466 3612 2486 κ

1964 2533 2052 2580 est
2085 2524 2308 2590 Filium,
2331 2538 2458 2580 eum
2484 2523 2558 2580 sit
2582 2524 2828 2595 potentia
2857 2526 3036 2581 Patris
3067 2528 3400 2598 subsistens,
3435 2533 3540 2588 dii-

1967 2616 2109 2672 t‘erre
2139 2615 2210 2672 ab
2233 2615 2354 2686 ipso
2375 2615 2562 2683 Patre,
2593 2625 2871 2686 quatenus
2898 2626 2983 2673 est
3010 2635 3269 2690 persona,
3299 2633 3356 2681 et
3382 2626 3542 2696 juxta

1969 2713 2075 2766 hoc
2107 2709 2178 2765 ab
2225 2709 2346 2778 ipso
2383 2724 2603 2780 quoque
2643 2725 2788 2766 esse.
2836 2711 2906 2765 Et
2941 2711 3212 2783 Spiritum
3261 2727 3538 2782 sanctum,

276 2821 402 2860 cum
452 2808 527 2861 sit
575 2807 826 2876 operatio
870 2805 994 2860 Filii
1048 2805 1337 2871 naturalis,
1369 2818 1548 2875 neque
1602 2805 1750 2874 talis,
1787 2815 1848 2862 ut
1879 2818 2003 2879 qua:
2058 2813 2295 2876 nequeat
2357 2803 2662 2860 subsistere
2693 2820 2761 2860 ex
2794 2807 2914 2876 ipso
2967 2823 3190 2886 quoque
3212 2825 3337 2866 esse
3373 2812 3538 2874 Filio,

277 2911 328 2956 et
379 2903 494 2957 hoc
528 2904 688 2958 modo
721 2904 790 2958 ab
841 2917 908 2958 eo
957 2901 1249 2973 distingui.
1286 2902 1472 2973 Itaque
1524 2918 1635 2958 non
1669 2904 1849 2958 solum
1892 2905 2035 2960 idem
2075 2917 2202 2958 esse
2270 2902 2414 2957 inter
2466 2886 2549 2968 se,
2579 2905 2900 2958 secundum‘
2933 2915 3187 2961 naturam
3217 2909 3293 2979 (l)
3325 2911 3544 2980 signiti-

275 3009 407 3054 cant
470 2999 589 3054 haec
618 2999 861 3066 nomina,
908 3007 967 3053 et
1005 2998 1154 3068 quod
1203 2997 1309 3053 hoc
1391 2998 1600 3069 aliquid
1655 3000 1890 3057 alterius
1921 3015 2043 3057 esse
2093 3000 2314 3055 dicatur
2386 2998 2636 3070 (propter
2683 3001 2933 3056 eamdem
2988 3005 3267 3076 naturam)
3312 3007 3367 3062 in
3425 3026 3537 3080 quo

277 3094 395 3160 ipse
451 3092 697 3148 niteris:
771 3107 966 3148 verum
1047 3091 1215 3147 etiam
1263 3091 1675 3150 distinctionem
1724 3110 2090 3166 personarum
2145 3092 2454 3161 declarant,
2509 3093 2611 3150 hac
2683 3105 2868 3150 autem
2938 3098 3154 3155 ratione
3247 3115 3540 3172 concussa,

275 3198 483 3245 caetera
529 3201 752 3258 quoque
800 3187 1009 3254 omnia,
1042 3203 1165 3258 quae
1194 3197 1506 3258 sequuntur
1538 3191 1700 3247 facile
1748 3207 1858 3248 una
1897 3198 2188 3248 corruunt.

713 3299 824 3358 Τοῦ
872 3302 1106 3359 Βέκκου
1143 3305 1231 3370 εις
1259 3304 1374 3374 τὴν
1405 3304 1478 3361 δ’.

345 3428 577 3497 Ἐπειδὴ
605 3443 751 3490 τινες
782 3425 859 3496 μὴ
917 3426 1346 3496 καταδεχόμενοι
1403 3425 1502 3495 τὴν
1563 3426 1620 3477 έν
1673 3418 1866 3495 Τριάδι

278 3522 568 3592 μεσιτείαν
596 3519 691 3573 τοῦ
725 3519 856 3572 Υιοῦ
889 3518 1171 3590 προδήλως
1209 3518 1362 3587 παρὰ
1392 3518 1503 3570 τῶν
1545 3516 1717 3584 ἁγίων
1749 3516 1866 3569 θεο-

275 3613 629 3683 λογουμένην
664 3609 1038 3682 ἀπαρνοῦνται
1063 3611 1156 3663 καὶ
1185 3610 1246 3663 τὺ
1274 3610 1412 3673 ὅλως
1458 3608 1644 3677 λέγειν
1693 3608 1867 3678 ὄνομα

275 3705 491 3770 τάξεως
517 3705 578 3756 ὲν
616 3705 682 3774 τῇ
713 3702 926 3771 Τριάδι,
954 3701 1321 3772 συνελέγησαν
1355 3702 1412 3754 αἱ
1439 3699 1868 3771 παροῦσαιγρα-

279 3798 456 3864 φικαὶ
514 3796 707 3865 ῥήσεις
768 3794 848 3856 εἰς
919 3793 1153 3864 δήλωσιν
1177 3810 1238 3845 τε
1273 3791 1369 3845 τοῦ
1405 3792 1466 3844 τὸ
1514 3791 1739 3860 Πνεῦμα
1777 3791 1866 3844 διὰ

276 3887 376 3941 τοῦ
417 3885 555 3939 Υιοῦ
619 3885 987 3938 συνάπτεσθαι
1025 3885 1104 3956 τῷ
1163 3885 1362 3955 Πατρὶ,
1414 3882 1509 3936 καὶ
1551 3884 1632 3945 εἰς
1690 3883 1869 3952 παρὰ·

277 3992 484 4029 στασιν
566 3974 663 4027 τοῦ
744 3974 1003 4044 λέγεσθαι
1084 3973 1360 4044 ἀριδήλως
1458 3968 1612 4035 τάξιν
1684 3972 1742 4024 ἐν
1799 3975 1866 4043 τῇ

275 4066 498 4140 Τριάδι.

867 4179 978 4236 Τοῦ
1028 4181 1302 4250 Παλαμιί

350 4295 700 4366 Καταψεύδῃ
723 4295 833 4348 τῶν
867 4295 1135 4359 εὐσεϐῶν,
1164 4295 1508 4366 ταλαίπωρε.
1542 4297 1732 4365 Ἰσμεν
1761 4294 1868 4363 γὰρ

277 4392 445 4455 τάξιν
480 4389 576 4440 ἐπὶ
606 4387 709 4456 τῆς
738 4387 902 4455 ἁγίας
929 4387 1182 4455 Τριάδος,
1213 4385 1352 4440 ἀλλὰ
1380 4385 1480 4455 τὴν
1514 4383 1734 4454 εὗσεὸῆ.
1756 4381 1870 4454 Τὴν

277 4483 336 4536 δὲ
359 4480 664 4536 δεικνῦσαν
692 4481 878 4551 τριτον
904 4479 961 4545 ἐξ
996 4479 1243 4548 ἀνάγκης
1269 4478 1380 4530 ἀπὸ
1433 4476 1528 4530 τοῦ
1566 4476 1780 4546 Πατρδς
1809 4475 1870 4528 τὸ

279 4571 519 4640 Πνεῦμα
543 4571 602 4622 τὸ
637 4568 818 4637 ἆγιον,
844 4569 920 4633 ὼς
952 4567 1232 4630 δυσσεῦὦς
1267 4567 1518 4637 ἔχουσαν,
1549 4565 1618 4637 ἣν
1655 4566 1718 4618 σὺ
1752 4563 1870 4635 μετ’

2481 3307 2635 3364 Becci
2667 3310 2721 3364 in
2754 3312 3048 3379 quartam.’

2038 3420 2312 3488 Quoniam
2362 3430 2491 3489 sunt
2531 3421 2775 3491 quidam,
2810 3424 2905 3492 qui
2950 3439 3075 3479 cum
3115 3432 3225 3481 non
3275 3429 3548 3500 recipiant

1966 3511 2165 3566 Filium
2197 3527 2316 3567 esse
2344 3513 2586 3566 medium
2619 3514 2671 3567 in
2700 3513 2996 3581 Trinitate,
3027 3518 3173 3587 quod
3219 3519 3378 3588 plane
3401 3537 3430 3576 a
3457 3538 3549 3577 sa-

1967 3604 2076 3659 cris
2125 3604 2398 3674 theologis
2445 3606 2734 3672 asseritur,
2766 3619 3044 3673 _recusant
3099 3613 3264 3666 etiam
3317 3615 3550 3681 omnino

1967 3697 2152 3752 dicere
2196 3711 2396 3752 nomen
2433 3699 2648 3754 ordinis
2693 3701 2748 3755 in
2794 3701 3087 3766 Trinitate,
3139 3705 3382 3762 collecta:
3422 3718 3550 3762 sunt

1967 3798 2266 3858 praesentes
2294 3789 2823 3848 memoriae-traditae
2855 3786 3170 3859 sententiae,
3212 3797 3268 3852 in
3302 3797 3549 3853 declara-

1971 3882 2178 3934 tionem
2204 3880 2390 3952 hujus,
2411 3882 2558 3952 quod
2579 3881 2820 3952 Spiritus
2848 3874 3358 3958 conjungaturcum
3389 3891 3550 3945 Patre

1971 3987 2065 4042 per
2095 3970 2314 4036 Filium,
2358 3981 2522 4043 atque
2568 3975 2623 4028 in
2664 3975 3211 4046 demonstrationem,
3236 3981 3383 4051 quod
3429 3998 3554 4053 per-

1971 4065 2164 4134 spicue
2199 4065 2416 4120 dicatur
2440 4065 2578 4122 ordo
2603 4067 2657 4123 in
2694 4067 2985 4124 Trinitate.

2612 4179 2880 4236 Palamw.

2042 4293 2229 4362 Miser,
2259 4294 2512 4350 mentiris
2545 4294 2612 4350 de
2655 4296 2760 4366 piis
2790 4295 3149 4366 hominibus;
3179 4301 3385 4358 scimus
3406 4305 3552 4360 enim

1973 4385 2225 4440 ordinem
2259 4387 2315 4441 in
2343 4387 2697 4441 sanctissima
2725 4386 3019 4454 Trinitate,
3053 4392 3148 4445 sed
3183 4393 3368 4460 pium;
3399 4394 3555 4451 illum

1972 4484 2179 4538 autem,
2210 4475 2305 4544 qui
2336 4489 2403 4528 ex
2430 4475 2765 4531 necessitate
2793 4478 3020 4532 tertium
3045 4480 3305 4536 ostendat
3340 4499 3369 4537 a
3393 4483 3557 4540 Patre

1976 4565 2244 4637 Spiritum
2277 4574 2552 4633 sanctum,
2585 4581 2748 4636 quem
2794 4577 2850 4622 tu
2878 4583 3002 4623 cum
3029 4571 3302 4630 Eunomio
3347 4577 3558 4646 ample-

277 4663 566 4731 Εὐνομίου
609 4662 881 4731 στέργεις,
906 4661 967 4714 οὐ
997 4659 1435 4731 καταδεχόμεθα.
1462 4659 1572 4712 Καὶ
1608 4658 1715 4711 τῶν
1735 4674 1858 4728 γρα-

1976 4659 2164 4724 cteris,
2214 4668 2272 4714 ut
2309 4659 2478 4730 impie
2520 4675 2578 4715 se
2624 4661 2917 4716 habentem
2968 4663 3194 4720 minime
3239 4669 3557 4739 recipimus.

278 4754 470 4818 φικῶν
495 4752 814 4824 καταψεύδῃ
843 4753 1078 4822 ῥήσεων.
1105 4752 1180 4805 Οὐ
1210 4752 1320 4822 γὰρ
1381 4750 1474 4802 τὸν
1523 4749 1652 4801 Υἱὸν
1686 4749 1869 4818 μόνον,

281 4845 406 4897 ἀλλ’
445 4842 560 4896 ἐσθ’
589 4846 678 4896 ὅτε
699 4844 794 4896 καὶ
825 4845 916 4895 τὸν
949 4843 1164 4912 Πατέρα
1184 4843 1277 4895 τοῦ
1306 4841 1438 4895 Υῐοῦ
1467 4839 1674 4894 καὶτοῦ
1700 4839 1872 4893 Πνεῦ-

284 4952 469 5003 ματος
499 4935 694 4990 ἓνωσίν
732 4951 921 5002 φασιν,
979 4934 1166 4988 ἄλλοτε
1219 4934 1276 4986 δὲ
1315 4932 1410 4985 τοῦ
1457 4931 1588 4984 Υἰοῦ
1627 4933 1720 4983 καὶ
1780 4930 1873 4982 τοῦ

281 5026 510 5092 [ἰατρὸς
535 5028 598 5078 τὸ
625 5027 852 5096 Πνεῦμα
890 5026 1056 5097 μέσον
1090 5027 1189 5079 καὶ
1222 5025 1396 5077 κοινὸν
1431 5025 1633 5086 αὐτοῖς.
1665 5025 1770 5077 Καὶ
1810 5025 1876 5094 ἢν

278 5118 564 5188 ἀριδὴλως
585 5117 843 5185 λέγεσθαι
894 5117 998 5188 φῂς
1028 5117 1200 5181 τάξιν,
1237 5118 1406 5184 σαφὲς
1435 5113 1508 5177 ὼς
1534 5115 1596 5166 οὑ
1629 5115 1873 5184 περὶτοῦ

282 5210 431 5263 Υῐοῦ
456 5212 550 5264 καὶ
587 5210 684 5264 τοῦ
735 5209 1250 5279 ἁγίοιιιινεύματός
1301 5211 1446 5260 ἐστι·
1487 5209 1776 5278 στέργεται
1819 5206 1874 5258 δὲ

284 5304 388 5355 καὶ
427 5305 460 5371 ἡ
494 5303 746 5371 μεσιτεῑα
774 5301 867 5355 τοῦ
894 5302 1046 5364 Υἱοῦ,
1081 5301 1195 5354 ἀλλ’
1241 5302 1302 5354 οὐ
1343 5301 1484 5354 κατὰ
1514 5303 1611 5370 τὴν
1643 5301 1878 5370 ὓπαρξιν

283 5395 390 5448 τοῦ
446 5396 762 5465 Πνεύματος
802 5399 916 5458 τοῖς
969 5395 1036 5448 τὰ
1074 5395 1192 5448 Θεία
1261 5397 1529 5463 συνετοίς,
1573 5395 1710 5448 ἀλλὰ
1738 5396 1878 5448 κατὰ

282 5487 393 5556 τὴν
430 5490 745 5558 ὁμολογίαν,
812 5489 887 5560 μὴ
921 5489 1202 5560 προσεχῶς
1260 5489 1318 5543 τὸ
1349 5489 1574 5558 Πνεῦμα
1608 5487 1670 5541 τὸ
1725 5486 1879 5556 ἅγιον

1973 4749 2224 4806 Mentiris
2261 4750 2428 4806 etiam
2457 4750 2525 4806 de
2559 4761 2882 4808 sanctorum
2926 4756 3166 4810 exaratis
3217 4761 3553 4827 sententiis;

1976 4859 2086 4897 non
2115 4843 2261 4898 enim
2305 4844 2479 4898 solum
2523 4843 2748 4909 Filium,
2802 4845 2900 4900 sed
2948 4863 3343 4920 nonnunquam
3388 4852 3555 4907 etiam

1977 4935 2194 4990 Patrem
2231 4934 2353 4990 Filii
2390 4947 2444 4990 et
2471 4935 2713 5006 Spiritus
2742 4937 3213 5008 conjunctionem,
3259 4942 3556 5015 aliquando

1980 5043 2111 5081 vero
2147 5028 2267 5081 Filii
2292 5036 2348 5080 et
2389 5028 2564 5082 Patris
2601 5029 2842 5083 medium
2876 5045 3228 5088 communem
3261 5035 3400 5104 ipsis
3435 5036 3559 5107 Spi-

1984 5119 2148 5173 ritum
2194 5120 2492 5190 appellant,
2527 5121 2593 5175 Et
2634 5137 2799 5191 quem
2849 5123 3055 5178 asseris
3103 5126 3393 5184 manifeste
3450 5129 3555 5183 dici

1985 5209 2261 5273 ordinem,
2301 5211 2510 5264 clarum
2543 5222 2649 5278 est,
2685 5229 2790 5267 non
2821 5229 2946 5268 eum
2977 5215 3046 5269 de
3082 5216 3218 5272 Filio
3258 5230 3314 5272 et
3348 5219 3556 5289 Spiritu

1987 5317 2128 5356 esse.
2171 5302 2307 5356 illud
2349 5319 2570 5374 quoque
2605 5306 2842 5374 probant
2878 5322 3064 5362 rerum
3107 5309 3416 5364 divinarum
3459 5327 3561 5383 pe-

1988 5394 2101 5457 riti,
2146 5394 2387 5449 medium
2436 5411 2556 5451 esse
2603 5397 2825 5463 Filium,
2875 5415 3065 5454 verum
3111 5415 3230 5455 non.
3252 5402 3558 5457 secundum

1987 5485 2359 5541 exsislentiatn
2394 5485 2656 5556 Spiritus,
2681 5488 2778 5544 sed
2809 5491 3113 5546 secundum
3151 5492 3558 5562 confessionem

363 5606 625 5676 (I)Addo
657 5607 760 5661 ista
790 5609 980 5674 verba,
1000 5623 1122 5676 qua:
1156 5607 1356 5662 desunt
1390 5605 1444 5661 in
1474 5604 1664 5663 Graeco
1689 5601 2014 5675 exemplari,
2049 5603 2461 5674 perspicuitatis
2493 5620 2679 5661 causa.-

581 5701 851 5762 PATBOL.
905 5702 1024 5762 Gtt.
1069 5699 1280 5764 CLXI.

3007 5701 3042 5762 9
