3966 6218
381 256 488 320 259

1338 260 1838 323 BESSARIONIS
1879 265 1935 326 s.
1977 266 2048 324 Β.
2093 260 2657 325 Ε.εΑιιῡΙΝΑιιε
2714 230 2723 237 “

3518 258 3621 325 260

376 379 541 440 atque
586 370 1025 447 Convenicntiam
1076 373 1337 429 nominis.
1385 375 1465 429 Ne
1504 375 1550 429 si
1590 376 1937 430 continenter

2046 378 2292 438 τιθεῖσιν,
2332 376 2416 426 ἵνα
2468 372 2541 443 μὴ
2576 372 2701 442 δόξῃ
2739 371 2832 424 καὶ
2881 367 3039 423 τοῦτο
3096 372 3374 444 γεννητόν.
3406 370 3491 427 Τὰ
3517 392 3620 429 τοι.

377 459 647 528 Spiritum
696 470 944 514 sanctum
981 472 1206 529 ponant,
1251 464 1473 531 genitus
1501 479 1622 519 esse
1663 466 1940 519 videnlur.

2048 466 2189 519 αῦτα
2217 466 2396 519 τοίνυν
2436 469 2550 528 τοῖς
2584 466 2760 532 ἁγίοις
2797 463 3020 531 λέγεται
3076 464 3282 528 καλῶς.
3325 464 3383 519 Ὀ
3411 465 3468 519 δὲ
3503 483 3620 522 συν-

377 549 528 603 Talia
550 549 714 618 igitur
738 565 768 603 a
789 549 996 603 sanctis
1026 550 1197 617 probe
1224 551 1519 619 dicuntur;
1552 553 1645 623 qui
1664 562 1847 607 autem
1881 569 1937 607 ea

2048 556 2284 626 ειληχὼς
2315 556 2489 609 ταῦτα
2510 558 2604 609 καὶ
2631 555 2856 626 προθεὶς
2883 553 3117 607 ἐνταῦθα
3142 556 3280 625 πρὸς
3294 556 3394 627 τὴν
3415 559 3623 612 οἰκείαν

375 639 614 707 collegit,
639 647 696 692 et
719 639 805 692 llic
836 639 1120 707 proposuit
1151 644 1217 694 ad
1246 642 1523 710 propriam
1560 644 1785 697 trahens
1821 659 1946 713 pero

374 729 944 798 versamopinioncm,
974 729 1184 800 inepte,
1209 741 1374 800 atque
1410 732 1578 801 impie
1607 732 1718 786 illis
1749 735 1942 787 utitur.

1047 842 1099 895 Ν
1107 844 1259 897 iuvui
1267 883 1281 897 .

441 961 509 1011 At
555 956 739 1024 enim,
786 974 819 1010 υ
869 958 1014 1013 bone
1058 959 1165 1023 vir,
1216 959 1535 1030 quicunque
1581 959 1801 1016 tandem
1845 958 1941 1024 sis,

2051 648 2336 717 μεθὲλκων
2368 648 2710 713 κακοδοξίαν,
2770 647 2959 709 κακῶς
2992 648 3088 700 καὶ
3123 646 3403 713 δυσσεϐῶς
3437 649 3622 714 αὐτοῖς

2047 741 2271 810 χρῆται.

2633 849 2742 904 Τοῦ
2766 851 3042 918 Νικαίας.

2130 934 2293 1025 Ἂλλ’,
2326 958 2608 1028 άνορωπε,
2662 958 2812 1021 ὅστις
2852 958 2983 1009 ποτὲ
3038 952 3090 1009 εἶ
3129 959 3159 1013 δ
3203 956 3378 1012 ταῦτα
3422 954 3617 1027 λέγων,

370 1051 464 1119 qui
493 1050 606 1103 litec
640 1050 863 1115 asseris,
892 1048 994 1104 iste
1019 1049 1178 1115 ordo,
1211 1064 1373 1119 quem
1403 1050 1519 1120 ipse
1548 1049 1864 1113 constituis,
1887 1058 1937 1103 et

2048 1049 2190 1119 αὕτη
2233 1051 2265 1120 ἡ
2297 1049 2453 1115 τάξις
2503 1048 2572 1118 ἣν
2611 1047 2777 1110 αὑτός
2816 1062 2872 1098 τε
2908 1047 3156 1115 είσάγεις
3207 1050 3301 1103 καὶ
3345 1048 3621 1111 διδάσκεις

330 1154 333 1159 ’
370 1158 467 1196 eos
500 1142 688 1207 doces,
733 1144 825 1211 qui
875 1141 1246 1206 adducuntur,
1293 1152 1353 1195 ut
1392 1141 1497 1197 tibi
1538 1142 1783 1208 credant,
1835 1157 1943 1197 non

376 1232 548 1302 magis
571 1233 708 1286 ordo
737 1247 900 1301 quam
936 1231 1148 1286 ordinis
1178 1232 1522 1303 perturbatio
1554 1241 1719 1301 atque
1749 1233 1945 1287 confu-

371 1327 455 1380 sio
488 1325 693 1394 jnstius
730 1334 784 1378 et
818 1339 965 1379 esset
998 1335 1053 1379 et
1088 1325 1389 1379 diceretur.
1435 1323 1492 1378 Si
1523 1325 1693 1387 enim,
1731 1334 1790 1381 ut
1841 1327 1941 1389 ais,

372 1429 598 1487 promer
621 1415 1062 1471 convenientiam
1090 1418 1332 1471 nomims
1356 1417 1608 1471 ordinem
1648 1418 1941 1487 approbas,

369 1519 426 1562 et
456 1508 645 1563 lateris
676 1510 917 1564 medium
948 1524 1071 1563 esse
1116 1508 1335 1574 Filium,
1364 1524 1430 1562 ne
1472 1507 1739 1577 Spiritum
1772 1522 1943 1577 ponas

369 1601 738 1667 continenter,
757 1611 813 1656 et
834 1601 1045 1670 cogaris
1067 1600 1268 1653 allirma
1279 1615 1335 1652 re
1354 1598 1505 1653 illum
1523 1613 1643 1653 esse
1664 1599 1939 1669 genitum;

368 1696 572 1750 \ideris
602 1711 779 1764 neque
819 1710 876 1749 re
913 1695 1027 1762 ipsa
1076 1707 1300 1747 censere
1337 1693 1585 1746 ordinem
1619 1693 1674 1745 in
1709 1692 1939 1746 sanctis«

368 1787 504 1843 sima
536 1786 825 1851 Trinitatc,
856 1787 950 1840 sed
979 1794 1034 1840 tu
1066 1785 1217 1838 illum
1241 1785 1578 1853 cxcogitans,
1604 1783 1702 1852 ipsi
1723 1794 1938 1853 gratum

369 1879 551 1933 facere
581 1887 747 1947 atque
786 1877 949 1931 etiam
993 1876 1197 1930 videris
1238 1885 1433 1944 putare
1482 1874 1535 1926 in
1570 1882 1660 1927 tua
1690 1887 1809 1928 esse
1842 1888 1939 1942 pn-

371 1977 585 2033 testatc,
622 1969 715 2038 qui
737 1968 937 2031 varias.
972 1977 1031 2021 ut
1055 1966 1304 2020 ordinem
1336 1966 1624 2020 nominum
1656 1965 1935 2018 immutcs:

324 2110 327 2113 .
370 2063 415 2116 si
452 2063 600 2116 enim
641 2071 863 2131 propter
900 2076 1101 2115 nomen
1145 2059 1324 2115 Patris
1366 2060 1493 2130 (hoc
1520 2058 1666 2112 enim
1706 2066 1839 2127 puto
1888 2066 1941 2112 te

369 2154 682 2223 ὁμολογίαν,
714 2164 769 2207 et
809 2151 1251 2208 convenientiam
1294 2150 1534 2205 nominis
1571 2155 1938 2242 nuncupare),

371 2263 480 2302 non
511 2247 686 2301 infers
716 2246 1072 2300 continenter
1095 2243 1361 2313 Spiritum
1393 2251 1663 2305 sanctum,
1691 2256 1759 2295 ne
1785 2242 1941 2310 geni-

370 2351 480 2406 tns,
507 2350 629 2395 csse
663 2338 949 2402 videatur;
992 2337 1118 2390 licet
1155 2335 1316 2389 nobis
1341 2334 1730 2404 productorem
1761 2333 1941 2403 ipsum

336 2450 349 2455 -
374 2443 593 2495 vocare,
636 2429 933 2497 statimque
986 2426 1252 2496 Spiritum
1299 2426 1605 2480 nominare.
1633 2422 1710 2477 Ac
1744 2421 1941 2477 Filium

367 2520 614 2575 dicemus
639 2519 908 2574 exsistere
934 2530 1000 2571 ex
1028 2514 1187 2569 Patre
1211 2529 1310 2584 per
1340 2512 1631 2582 Spiritum,
1664 2522 1719 2566 et
1741 2510 1941 2565 Filium

367 2615 590 2687 quidem
639 2612 890 2666 dicemus
936 2620 1055 2663 esse
1101 2622 1171 2663 ex
1210 2607 1371 2661 Patre
1406 2619 1503 2676 per
1539 2620 1619 2673 se,
1668 2620 1768 2675 per
1796 2604 1942 2659 acci-

367 2710 504 2763 dens
533 2714 720 2760 autem
751 2718 820 2758 ex
865 2698 1227 2771 productore;
1260 2699 1526 2770 Spiritum
1564 2713 1784 2770 quoque
1814 2711 1941 2752 san-

370 2811 521 2856 ctum
556 2813 627 2853 ex
662 2796 993 2867 productore
1026 2808 1126 2863 per
1158 2808 1236 2859 se,
1284 2805 1349 2846 ex
1389 2790 1548 2846 Patre
1579 2805 1712 2845 vero
1748 2802 1943 2844 secun—

366 2895 497 2949 dum
540 2886 819 2947 accidens.
874 2888 1053 2957 Atque
1103 2887 1154 2940 in
1212 2892 1403 2939 nostra
1457 2892 1725 2953 potestate
1773 2883 1942 2937 situm

363 2985 493 3050 erit,
516 2992 598 3048 ut,
630 2980 846 3036 sublato
866 2978 1077 3039 ordine,
1097 2984 1259 3029 modo
1294 2974 1532 3028 medium
1557 2973 1700 3028 inter
1719 2973 1936 3027 Patrem

2047 1143 2175 1205 τοὺς
2206 1140 2569 1208 πειθομένους
2600 1157 2703 1202 σοι,
2730 1141 2792 1191 οὐ
2819 1140 2975 1203 τάξις
3013 1141 3217 1209 μᾶλλον
3246 1141 3277 1211 ἢ
3305 1142 3506 1208 ἀταξία
3538 1142 3624 1197 δι-

2049 1233 2333 1296 καιότερον
2380 1230 2445 1283 ἂν
2478 1230 2573 1282 γαί
2612 1229 2845 1297 λέγοιτο.
2894 1232 2957 1283 Εί
2996 1234 3106 1300 γάρ
3143 1231 3233 1286 διὰ
3290 1232 3389 1303 τὴν
3422 1235 3622 1302 ὁμολοο

2046 1321 2196 1390 γίαν,
2225 1321 2301 1383 ὡς
2331 1321 2460 1391 φῂς,
2498 1319 2750 1389 στέργεις
2771 1322 2871 1390 τὴν
2899 1322 3054 1387 τάξιν
3091 1323 3185 1375 καὶ
3228 1323 3328 1394 τὴν
3354 1324 3447 1376 τοῦ
3482 1325 3615 1379 Υίοῦ

2050 1414 2355 1481 μεσιτείαν,
2406 1413 2491 1465 ἴνα
2529 1414 2604 1481 μὴ
2644 1414 2706 1463 τὸ
2754 1412 2976 1481 Πνεῦμα
3029 1414 3131 1481 θῇς
3169 1416 3477 1485 προσεχῶς,
3524 1420 3626 1470 καὶ

2046 1507 2306 1577 γεννητὸν
2357 1506 2492 1558 αὐτὸ
2544 1506 2767 1576 νομίσαι
2802 1507 3181 1577 ἀναγκασθῇς,
3237 1508 3422 1572 ἔοικας
3483 1514 3621 1580 μήτε

2050 1597 2339 1667 πράγματι
2368 1600 2426 1650 ὲν
2446 1599 2513 1667 τῇ
2545 1597 2666 1666 θείᾳ
2684 1596 2878 1667 Τριάδι
2907 1599 3006 1668 τὴν
3028 1596 3185 1663 τάξιν
3208 1598 3475 1664 δοξάζειν,
3504 1600 3621 1653 ἀλλ’

2052 1690 2216 1754 αὐτὸς
2245 1690 2482 1743 ἐπινοῶν
2509 1689 2667 1744 τοῦτο
2688 1689 3015 1759 χαρίζεσθαι
3036 1704 3051 1719 '
3085 1692 3175 1744 ἐπὶ
3201 1692 3286 1743 σοί
3322 1707 3381 1744 τε
3411 1691 3620 1745 οἴεσθαι

2043 1779 2186 1836 εἶναι
2212 1781 2561 1847 ἑναλλάξαντι
2596 1783 2909 1852 μεταθεῖναι
2943 1785 3042 1850 τὴν
3082 1778 3236 1847 τάξιν
3281 1781 3391 1834 τῶν
3419 1761 3639 1851 ὄνομά-ι’

2042 1889 2150 1926 των
2171 1886 2186 1901 ⁸
2214 1874 2263 1924 εί
2286 1872 2393 1941 γὰρ
2436 1871 2524 1925 διὰ
2564 1872 2625 1924 τὸ
2654 1870 2868 1941 Πατρδς
2899 1871 3068 1940 ὄνομα
3099 1868 3287 1940 (τοῦτο
3314 1871 3424 1939 γάρ
3464 1868 3621 1942 οἶμαι

2043 1964 2331 2035 ὁμολογίαν
2350 1963 2582 2033 καλεῖς),
2599 1965 2700 2017 οὐκ
2721 1964 2945 2030 ὲπιφέρε
2956 1980 3003 2026 ις
3021 1977 3127 2031 προ
3137 1963 3305 2031 σεχῶς
3318 1967 3379 2015 τὸ
3396 1961 3623 2032 Πνεῦμα

2045 2058 2218 2124 ἆγιον,
2263 2057 2350 2111 ἵνα
2383 2058 2459 2128 μὴ
2491 2057 2752 2126 γεννητὸν
2782 2056 2907 2126 δόξῃ
2931 2068 2944 2083 ’
2975 2055 3151 2120 ἔξεστι
3179 2056 3454 2127 προϐολέα
3490 2055 3619 2109 τοῦ·

2041 2160 2152 2200 τονι
2180 2145 2439 2200 καλέσασι
2466 2147 2528 2199 τὸ
2582 2146 2810 2216 Πνεῦμα
2860 2146 3022 2206 εὐθὺς
3067 2146 3482 2216 ὀνομάσαιικαὶ
3526 2149 3620 2202 διὰ

2042 2240 2135 2299 τοῦ
2160 2240 2475 2309 Πνεύματος
2497 2239 2591 2292 τὸν
2621 2239 2748 2292 Υίδν
2773 2239 2835 2292 ἐκ
2863 2239 2955 2293 τοῦ
2989 2240 3301 2310 προϐολὲῳς
3325 2242 3617 2311 ὑπάρχειν.

2044 2331 2154 2384 Καὶ⁵
2199 2332 2296 2383 τὸν
2331 2333 2429 2400 μὲν
2458 2331 2586 2382 Υίὸν
2618 2331 2681 2383 ἐκ
2727 2330 2821 2382 τοῦ
2855 2330 3066 2400 [ἰατρὸς
3100 2329 3226 2384 καθ’
3268 2332 3422 2398 αὐτὸ,
3474 2334 3621 2386 κατὰ

2046 2420 2392 2492 συμϐεϐηκὸς
2418 2421 2474 2474 δὲ
2504 2424 2568 2474 ὲκ
2603 2422 2698 2474 τοῦ
2732 2421 3045 2489 προϐολέως
3070 2438 3083 2453 ·
3116 2422 3178 2475 τὸ
3210 2422 3266 2474 δὲ
3307 2422 3533 2493 Πνεῦμα
3556 2424 3621 2477 τὸ

2045 2512 2202 2579 ἆγιον
2233 2515 2298 2566 ἐκ
2350 2515 2451 2583 μὲν
2477 2512 2572 2566 τοῦ
2606 2513 2919 2585 προϐολέῳς
2968 2513 3094 2567 καθ’
3129 2516 3283 2580 αὐτὸ,
3334 2519 3399 2571 ὲκ
3430 2518 3488 2570 δὲ
3522 2517 3620 2571 τοῦ

2048 2607 2261 2677 Πατρὸς
2321 2606 2462 2660 κατὰ
2527 2604 2915 2676 συμϐεϐηκός·
2978 2608 3071 2662 καὶ
3124 2608 3210 2677 ἐφ’
3264 2609 3398 2679 ἡμῖν
3442 2609 3616 2673 ἐστιν,

2044 2698 2404 2769 ἀναιροῦντας
2435 2699 2535 2769 τὴν
2569 2699 2725 2766 τάξιν
2778 2699 2910 2752 ποτὲ
2977 2700 3079 2769 μὲν
3137 2700 3306 2766 μέσον
3360 2704 3453 2755 τέν
3485 2702 3619 2755 Υίὸν

2044 2792 2219 2847 θεῖναι
2260 2792 2470 2863 Πατρός
2509 2809 2577 2846 τε
2616 2794 2711 2847 καὶ
2758 2793 3097 2863 Πνεύματος,
3132 2795 3350 2865 Πατέρα
3374 2796 3442 2848 τὸ
3466 2797 3621 2866 πρῶ-

2043 2900 2135 2939 τον
2162 2885 2335 2938 αἴτιον
2378 2885 2704 2954 ὀνομάσασι,
2737 2885 2870 2937 ποτὶ
2920 2886 2977 2939 δὲ
3028 2885 3089 2937 τὸ
3136 2885 3360 2956 Πνεῦμα
3397 2887 3620 2958 Πατρδς

2048 2977 2144 3029 καὶ
2183 2975 2315 3028 Υίοῦ
2363 2975 2455 3029 τὸν
2507 2975 2776 3045 προϐολέα
2825 2981 3110 3046 φαμένοις.
3160 2979 3229 3031 Ἀ
3289 2979 3467 3034 πάντα
3521 2984 3620 3033 καὶ

366 3087 423 3133 et
457 3074 725 3145 Spiritum
755 3066 1023 3141 portamus
1050 3067 1273 3130 Filium,
1299 3066 1525 3120 Patrem
1550 3064 1782 3134 primam
1806 3079 1935 3120 cau-

2046 3068 2221 3122 άτοπα
2253 3068 2348 3121 καὶ
2378 3067 2608 3132 ἀταξίας
2632 3068 2896 3137 ποιητικά
2925 3069 3126 3138 μᾶλλον
3156 3071 3189 3141 ἢ
3228 3071 3455 3136 τάξεως.
3476 3072 3619 3126 Ἀλλ’

365 3183 480 3224 sam
505 3166 877 3237 appellantes;
912 3162 1073 3216 modo
1092 3159 1356 3229 Spiritum
1389 3157 1632 3212 medium
1664 3159 1810 3210 inter
1831 3156 1935 3210 Pa-

366 3270 506 3314 trem
546 3266 601 3312 et
629 3255 827 3310 Filium
873 3251 1229 3314 collocemus,
1280 3248 1493 3302 Patrem
1540 3244 1935 3316 productorem

362 3349 729 3405 nominantes.
781 3345 913 3411 Quae
950 3342 1135 3398 omnia
1172 3349 1285 3393 tum
1336 3337 1575 3392 absurda
1624 3346 1774 3404 sunt,
1821 3346 1934 3390 tum

361 3442 545 3515 potius
574 3437 975 3502 confusionem,
1007 3448 1171 3506 quant
1202 3434 1449 3489 ordinem
1482 3431 1795 3502 pariunt,et
1823 3429 1937 3486 elli-

360 3536 533 3590 ciunt.
594 3531 793 3586 Verum
841 3544 944 3584 nos
1008 3527 1173 3582 talen;
1218 3524 1467 3579 ordinem
1521 3537 1630 3577 non
1676 3522 1931 3586 dicimus,

360 3642 539 3697 neque
571 3623 790 3693 qualem
841 3630 898 3674 tu
938 3619 1144 3674 sentire
1194 3632 1317 3672 cum
1362 3613 1631 3670 Eunomio
1667 3629 1766 3669 nos
1811 3614 1936 3683 opi-

362 3721 530 3781 naris,
578 3731 703 3771 cum
745 3713 966 3768 tertium
1014 3710 1327 3766 necessario
1385 3707 1653 3778 Spiritum
1695 3722 1726 3761 a
1775 3701 1934 3760 Patre

360 3809 741 3865 existimamus
786 3822 799 3858 :
848 3803 1069 3858 tertium
1118 3805 1264 3857 enim
1309 3812 1436 3855 eum
1494 3814 1634 3864 csse,
1683 3807 1738 3854 et
1779 3798 1936 3853 valde

282 3950 283 3953 η
361 3916 674 3965 censemus,
705 3898 869 3969 idque
892 3913 962 3952 ex
994 3895 1342 3960 necessitate,
1376 3892 1421 3948 si
1452 3893 1549 3948 tibi
1574 3892 1711 3947 illud
1740 3902 1807 3946 ex
1842 3904 1937 3944 ne-

362 3996 613 4051 cessitate
650 4006 758 4047 non
793 4000 991 4045 natura
1020 3989 1313 4058 signiticet,
1338 3985 1503 4040 fidem
1540 3985 1848 4040 tribuentes
1883 3982 1934 4037 ei

360 4084 453 4154 qui
486 4083 706 4138 tertium
730 4081 911 4151 ipsum
933 4079 989 4131 in
1012 4076 1325 4146 expiatione
1350 4075 1607 4129 salutaris
1635 4072 1936 4142 baptisma-

296 4174 301 4179 ’
362 4179 433 4232 tis
456 4173 682 4228 tradidit
702 4171 1073 4241 :Baptizanm
1098 4181 1208 4230 eos,
1229 4166 1506 4236 inquiens,
1523 4165 1579 4218 in
1601 4163 1810 4218 nomine
1827 4166 1935 4229 Pa-

360 4268 480 4332 tris,
495 4275 542 4319 et
562 4260 714 4326 Filii,
738 4271 786 4315 et
808 4259 1043 4331 Spiritus
1065 4257 1271 4322 sancti;
1297 4258 1517 4312 tertium
1543 4269 1677 4311 vero
1696 4269 1818 4311 esse
1840 4270 1938 4308 na-

362 4372 561 4419 turam,
596 4368 878 4424 nunquam
899 4351 1169 4415 dicemus,
1201 4364 1388 4420 neque
1414 4364 1652 4419 unquam
1677 4364 1744 4404 eo
1766 4362 1936 4419 usque

2046 3162 2209 3229 ἡμεῖς
2258 3162 2518 3230 τοιαύτην
2572 3160 2724 3225 τάξιν
2772 3161 2834 3214 οὐ
2893 3159 3148 3232 λέγομεν,
3198 3163 3309 3217 οὐδ’
3356 3168 3420 3235 ἦν
3454 3167 3618 3230 αὐτὸς

2046 3253 2193 3321 ἡμᾶς
2225 3252 2324 3304 οίει
2356 3252 2481 3319 μετ’
2508 3251 2779 3322 Εὐνομίου
2809 3254 3049 3321 φρονεῖν,
3081 3255 3264 3325 τρίτον
3286 3257 3346 3321 ἐξ
3367 3258 3619 3327 ἀνάγκης

2047 3344 2153 3395 ἀπὸ
2182 3341 2278 3394 τοῦ
2316 3342 2529 3411 Πατρὸς
2565 3342 2625 3395 τὺ
2652 3342 2878 3411 Πνεῦμα
2909 3343 3251 3412 νομίζοντας.
3292 3348 3484 3418 Τρίτον
3514 3348 3618 3417 μὲν

2045 3436 2153 3506 γάρ
2180 3436 2313 3488 αὐτὸ
2335 3436 2429 3489 καὶ
2455 3435 2600 3505 μάλα
2626 3436 2944 3509 νομίζομεν,
2968 3442 3063 3493 καὶ
3085 3441 3229 3494 τοῦτ’
3256 3442 3315 3505 ὲξ
3342 3442 3618 3513 ἀνάγκης,

2046 3528 2203 3598 εἴπερ
2241 3544 2324 3582 σοι
2356 3529 2416 3582 τὸ
2457 3526 2517 3594 ἐξ
2562 3531 2810 3599 ἀνάγκης
2850 3533 2924 3602 μὴ
2967 3534 3027 3585 τὸ
3071 3531 3232 3601 φύσει
3271 3534 3492 3604 δηλοίη,
3527 3551 3621 3589 πι-

2047 3621 2327 3682 στεύοντες
2361 3620 2436 3691 τῷ
2458 3622 2640 3691 τρίτον
2668 3624 2799 3677 αὐτὸ
2829 3625 3172 3696 παραδ.δόντι
3203 3627 3261 3679 ὲν
3289 3628 3353 3696 τῇ
3385 3627 3478 3680 τοῦ
3513 3643 3621 3680 σω-

2044 3713 2234 3782 τηρίου
2259 3713 2629 3783 βαπτίσματος
2657 3715 2873 3787 τελετῇ,
2897 3734 2915 3767 ι
2942 3718 3325 3784 Βαπτίξοντες,
3362 3718 3619 3787 φάσκων,

2045 3805 2124 3865 είς
2178 3804 2239 3855 τὸ
2285 3803 2455 3873 ὄνομα
2489 3805 2582 3858 τοῦ
2642 3808 2881 3874 Πατρδς,
2920 3807 3142 3861 καὶτοῦ
3174 3808 3326 3873 Υίοῦ,
3374 3810 3469 3861 καὶ
3519 3810 3619 3862 τοῦ

2045 3895 2201 3966 ἁγίου
2241 3897 2579 3968 Πνεύματος.
2618 3917 2639 3951 ι
2682 3900 2878 3968 Τρίτον
2906 3900 2962 3953 δέ
2989 3917 3054 3968 γε
3083 3904 3148 3970 τῇ
3182 3901 3342 3969 φύσει
3370 3899 3623 3953 οὐδέποτ’

2044 3990 2300 4059 ἑροῦμεν,
2336 3990 2455 4043 οὐδὲ
2482 3988 2930 4062 προελευσόμεθά
2957 4002 3089 4043 ποτε
3114 3993 3195 4055 είς
3231 3990 3459 4063 θάτερον
3506 3994 3622 4049 τῶν

2046 4082 2458 4152 ἀντικειμένων,
2502 4082 2560 4135 τὸ
2614 4083 2803 4151 ἕτερον
2868 4082 3191 4151 φεύγοντες,
3256 4083 3397 4152 ὅπερ
3451 4084 3619 4149 αὐτὸς

2046 4175 2297 4245 πάσχεις.
2330 4174 2403 4226 Τὸ
2427 4174 2540 4243 γὰρ
2567 4175 2750 4241 τρίτον
2796 4172 3018 4241 φεύγων
3054 4176 3123 4244 τῇ
3155 4174 3340 4242 φύσει,
3384 4175 3622 4240 οὐδόὶως

2046 4267 2176 4320 αὐτὸ
2203 4265 2387 4334 τρίτον
2410 4265 2620 4330 καλεῖς,
2652 4265 2747 4317 καὶ
2771 4266 2870 4335 τὴν
2896 4263 3003 4317 τῶν
3029 4266 3383 4319 ὑποστάσεων
3406 4266 3625 4336 διακρι-

2045 4356 2205 4427 τικὴν
2230 4357 2384 4421 τάξιν
2436 4356 2796 4427 ἀρνούμενος,
2858 4360 2955 4412 καὶ
2994 4360 3071 4428 μὴ
3093 4357 3394 4429 δυνάμενος
3430 4363 3623 4430 μένειν

361 4449 702 4520 progresmri
723 4458 937 4511 sumus,
968 4453 1028 4500 ut
1054 4443 1287 4498 alterum
1314 4442 1627 4512 oppositum
1651 4440 1935 4496 declinan-

2046 4450 2135 4503 ἐπὶ
2158 4449 2252 4500 τοῦ
2274 4451 2466 4518 μέσον.
2493 4448 2684 4501 Καίτοι
2709 4447 2920 4518 βέλτιον
2947 4444 3015 4519 ἦν
3039 4450 3328 4519 ἀμφότερα
3345 4429 3623 4518 φεύγοντα

365 4554 465 4608 tes,
495 4541 729 4595 alterum
764 4538 1038 4593 fateamur
1070 4552 1087 4590 :
1127 4535 1182 4590 id
1223 4535 1374 4605 quod
1406 4533 1506 4588 tibi
1538 4532 1761 4588 accidit.
1793 4532 1934 4587 Cum

360 4637 509 4691 enim
532 4647 725 4687 caveas
744 4631 967 4686 tertium
990 4643 1116 4683 eum
1142 4627 1328 4685 dicere
1344 4640 1465 4682 esse
1497 4637 1715 4690 natura,
1754 4639 1937 4693 nequc

364 4727 585 4784 tertium
622 4722 854 4779 omnino
900 4737 1026 4777 eum
1056 4720 1338 4791 appellas;
1368 4734 1497 4773 cum
1557 4727 1614 4773 et
1658 4718 1934 4780 ordinem,

360 4821 454 4891 qui
484 4832 751 4889 personas
789 4814 1112 4883 distinguat,
1145 4826 1398 4881 respuas,
1435 4819 1491 4864 et
1514 4810 1662 4863 nullo
1691 4814 1852 4863 modo
1881 4810 1933 4861 in

359 4914 545 4969 medio
580 4910 885 4967 consistere
929 4921 1100 4976 queas
1127 4905 1227 4976 (l).
1259 4904 1586 4972 Quanquam
1631 4903 1806 4957 satius
1851 4912 1937 4958 est

362 5016 597 5075 utraque
636 5014 882 5060 extrema
928 5001 1293 5064 devitantem,
1344 5013 1570 5053 manere
1626 4998 1682 5051 in
1729 4997 1934 5052 medio.

361 5095 477 5152 Hoc
519 5096 684 5166 igitur
726 5104 977 5150 nostrum
1004 5100 1119 5155 est,
1170 5104 1347 5160 neque
1393 5089 1620 5143 omnino
1675 5103 1938 5157 negamus

364 5189 587 5244 tertium
613 5201 757 5253 esse,
786 5198 966 5256 neque
988 5185 1215 5239 tertium
1242 5196 1365 5237 esse
1393 5191 1588 5235 natura
1612 5181 1931 5250 recipimus.

342 5263 561 5336 Verum
587 5276 848 5348 ponimus
891 5275 1113 5330 tertium
1149 5273 1328 5343 ipsum
1360 5271 1581 5341 quidem
1618 5288 1724 5325 non
1751 5271 1932 5326 solum

362 5370 493 5434 dici.
528 5368 626 5425 sed
660 5369 827 5424 etiam
883 5381 1029 5424 esse.
1063 5366 1244 5434 Atque
1272 5378 1401 5418 eum
1431 5362 1679 5416 ordinem
1730 5360 1934 5428 recipi-

282 5522 287 5527 ,
362 5478 505 5529 mus,
523 5463 617 5532 qui
634 5476 914 5532 personas,
932 5476 1041 5516 non
1070 5471 1295 5514 naturas
1314 5457 1632 5527 distinguat.
1651 5455 1822 5521 Quem
1846 5469 1935 5507 or-

363 5559 546 5611 dinent
585 5573 652 5611 ex
679 5556 1008 5611 necessitate
1056 5568 1181 5609 esse
1227 5552 1352 5623 quis
1391 5551 1732 5606 contradicet
1756 5548 1779 5599 ?
1806 5547 1937 5603 licet

2042 4539 2109 4590 τά
2137 4538 2304 4607 ἂκρα,
2343 4537 2600 4592 ἵστασθαι
2631 4541 2723 4591 ἐπὶ
2751 4537 2844 4592 τοῦ
2887 4539 3074 4609 μέσου,
3106 4541 3263 4593 τοῦτο
3291 4541 3356 4612 δὴ
3393 4542 3455 4596 τὸ
3477 4544 3661 4613 ἠμί-ς

2040 4647 2199 4697 τερον
2224 4634 2360 4703 μήτε
2382 4632 2731 4686 παντάπασιν
2760 4634 3125 4705 ἀρνουμένους
3148 4636 3212 4689 τὸ
3235 4638 3438 4707 τρίτον,
3471 4640 3618 4708 μήτε

2039 4726 2102 4777 τὸ
2123 4728 2303 4795 τρίτον
2332 4727 2655 4795 δεχομένους
2685 4728 2751 4796 τῇ
2785 4726 2969 4794 φύσει,
3001 4728 3139 4781 ἀλλὰ
3175 4729 3490 4800 τιθεμένους
3513 4730 3621 4800 μὲν

2040 4819 2170 4872 αὐτὸ
2205 4819 2385 4899 τρίτον
2427 4819 2488 4871 οὐ
2529 4818 2781 4887 λέγεσθαι
2815 4822 2995 4890 μόνον,
3022 4820 3157 4875 ἀλλὰ
3193 4823 3288 4876 καὶ
3326 4819 3489 4889 εἶναι,
3521 4826 3621 4879 καὶ

2038 4913 2191 4978 τάξιν
2222 4913 2547 4980 δεχομένους
2578 4912 2675 4980 τὴν
2709 4912 2818 4964 τῶν
2866 4912 3219 4968 ὑπτστάσεων
3241 4914 3615 4988 διακριτικὴν,

2039 5005 2097 5057 οὐ
2127 5004 2234 5056 τῶν
2265 5004 2506 5071 φύσεων.
2536 5003 2637 5055 “liv
2670 5004 2765 5055 xui.
2788 5004 2956 5075 αὐτὴν
2988 5004 3047 5069 ἐξ
3077 5007 3320 5078 ἀνάγκης
3357 5004 3498 5061 εἶναι
3528 5010 3617 5072 τίς

2040 5098 2289 5163 ἀντερεῖς
2325 5094 2427 5148 κᾶν
2456 5094 2616 5156 αὐτὸς
2638 5096 2739 5163 τὴν
2769 5094 3126 5169 δπωσοῦνκὲξ
3151 5097 3400 5165 ἀνάγκης
3429 5098 3616 5167 τρίτον

2039 5189 2173 5241 αὐτὸ
2209 5188 2494 5261 δεικνῦσαν
2550 5192 2625 5261 μὴ
2668 5190 2932 5262 στέργῃς,
2996 5189 3134 5259 μηδὲ
3182 5190 3279 5243 τοῦ
3328 5190 3613 5244 Βασιλείαν

2042 5284 2254 5351 Harpe;
2311 5282 2526 5335 ἀκούων
2576 5282 2942 5345 διδάσκοντος.
2997 5281 3210 5335 οὐκοῦν
3267 5284 3303 5353 ἡ
3353 5283 3454 5351 μὲν
3502 5282 3617 5336 τῶν

2044 5372 2202 5426 Θείων
2242 5373 2593 5425 ὑποστάσεων
2623 5372 2935 5442 διακριτικὴ
2980 5369 3133 5435 τάξις
3162 5373 3281 5436 τοῖς
3310 5373 3485 5440 ἁγίοις
3515 5388 3617 5424 κα·-

2044 5464 2274 5533 ῡέστηκε
2302 5460 2596 5533 γνώριμος,
2625 5464 2658 5532 ή
2693 5462 2753 5514 δὲ
2788 5460 3002 5530 φύσεως
3032 5461 3346 5532 διακριτικὴ
3369 5450 3464 5514 ἐπὶ
3509 5458 3614 5529 τῆς

2046 5554 2207 5621 ἁγίας
2262 5553 2489 5623 Τριάδος
2526 5551 2854 5622 ἀπέϐλητος.
2893 5553 3004 5624 Τὴν
3034 5554 3089 5609 δὲ
3131 5550 3478 5623 διακριτικὴν
3502 5551 3619 5603 τῶν

441 5697 515 5762 (1)
530 5694 1017 5759 Quemadmodum
1036 5694 1208 5753 Filius
1233 5703 1287 5752 et
1312 5704 1393 5751 est
1413 5694 1687 5754 secundus
1705 5694 1921 5762 ordine,

2051 5706 2158 5749 non
2197 5702 2281 5748 cst
2303 5693 2581 5749 secundus
2613 5706 2833 5750 natura.
