3966 6218
358 248 467 331 2817

1326 249 1706 313 AI’OLOGIA
1740 249 2361 314 INSCRlPTIONUM
2404 256 2645 321 VECCL

3505 268 3617 337 262

364 362 679 437 προσώπων
724 360 878 427 τάξιν
930 358 1146 430 φύσεως
1200 356 1300 427 μὲν
1347 359 1423 428 μὴ
1472 352 1648 411 εἶναι’
1689 358 1850 427 φύσει
1881 358 1924 411 δέ

2050 355 2166 427 ipse
2211 374 2596 434 quemcunque
2641 366 2889 424 ordinem
2920 385 3032 428 non
3073 370 3355 444 admittas,
3405 380 3500 450 qui
3534 383 3621 448 ip-

362 459 514 526 ὄμως
572 450 734 519 εἶναι,
785 454 898 517 πᾶς
949 469 1037 515 τις
1081 450 1151 505 ἂν
1206 451 1610 522 συγχωρήσειε,
1662 454 1757 506 καὶ
1797 452 1940 505 κατὰ

363 548 524 601 τοῦτο
564 544 709 600 εἶναι
751 546 848 598 καὶ
881 530 1146 613 φυσικὴν,
1174 542 1235 596 οὐ
1268 541 1405 597 καθὸ
1448 542 1613 611 φύσιν
1643 544 1937 613 διακρίνει,

361 642 499 697 ἀλλὰ
524 640 662 695 καθὸ
691 640 876 709 φύσει,
905 639 966 691 οὐ
1003 639 1150 691 θέσει
1201 640 1267 709 τῇ
1309 638 1553 708 ἡμετέρᾳ
1579 638 1716 692 ἐστι.
1767 637 1940 691 Τοῦτο

360 730 408 785 δ’
429 731 496 785 ἂν
540 733 700 801 φαῖεν
735 730 830 783 καὶ
861 730 911 781 οἱ
944 730 1235 799 κορυφαῖοι
1270 727 1372 798 τῆς
1425 728 1752 797 Ἐκκλησιας
1791 727 1941 782 διδά-

361 821 555 885 σκαλοι
589 820 934 885 Ἀθανάσιος,
957 820 1056 872 καὶ
1083 818 1385 886 Βασίλειος,
1413 819 1442 871 ὁ
1467 818 1566 889 μὲν
1587 819 1686 889 τὴν
1716 819 1940 889 μείζονα

359 914 636 984 παραδοὺς
654 913 767 966 τῶν
786 911 1130 983 προτάσεων,
1148 909 1467 974 Ἀθανάσιος
1496 910 1542 963 δ’
1568 912 1793 980 ἐπάγων
1839 912 1940 983 τὴν

357 1007 660 1062 ἐλάσσοναο
721 1007 817 1059 καὶ
866 1003 1233 1075 συλλογισμὸν
1284 1004 1457 1073 ἄμφω
1505 1004 1801 1072 πλέξαντες
1842 1005 1939 1060 ἕνα

358 1098 522 1165 φύσει
552 1099 692 1167 πρὸς
714 1098 808 1151 τὸν
830 1097 961 1151 Υἱδν
985 1095 1245 1181 τετάχθαι
1272 1097 1332 1150 τὸ
1356 1097 1583 1166 Πνεῦμα
1610 1097 1898 1154 δεικνύντα
1919 1114 1936 1130 ⁸

356 1189 493 1257 πρὸς
526 1188 626 1258 μὲν
649 1189 759 1258 γὰρ
786 1189 878 1242 τὸν
910 1188 1135 1259 Πατέρα
1165 1189 1257 1241 τὸν
1288 1187 1414 1240 Υἱδν
1455 1186 1618 1257 φύσει
1651 1190 1934 1261 τετάχθαι,

354 1281 453 1334 καὶ
471 1278 615 1334 οὕτω
640 1279 829 1349 φύσει,
853 1283 930 1342 ὡς
952 1281 1062 1334 πᾶν
1078 1279 1324 1334 αἰτιατὸν
1343 1280 1480 1350 πρὸς
1504 1280 1565 1332 τὺ
1584 1281 1717 1335 ἴδιον
1735 1281 1936 1348 αἴτιον,

353 1372 451 1424 καὶ
468 1371 544 1433 ὡς
572 1370 635 1424 τὸ
654 1372 720 1424 ὲκ
748 1370 843 1424 τοῦ
877 1371 1057 1440 πυρὸς
1086 1370 1225 1440 πρὸς
1252 1370 1312 1423 τὺ
1334 1369 1729 1440 πῦρ,διδάσκει
1767 1372 1938 1425 Βασι-

351 1462 503 1525 λειος
522 1477 538 1493 ’
569 1461 632 1514 τὸ
653 1462 708 1516 δὲ
741 1460 969 1532 Πνεῦμα
998 1461 1262 1527 τοιαύτην
1291 1461 1456 1532 φύσιν
1481 1464 1579 1516 καὶ
1611 1462 1766 1529 τάξιν
1799 1464 1935 1534 πρὸς

351 1551 449 1604 τὸν
470 1550 601 1605 Υίὸν
628 1551 795 1622 ἔχειν,
836 1553 904 1623 ἢν
930 1554 959 1606 ό
991 1553 1120 1616 Υἱὸς
1154 1552 1294 1624 πρὸς
1318 1554 1410 1608 τὸν
1432 1554 1672 1626 Πατέρα,
1702 1557 1730 1609 ὁ
1756 1555 1932 1624 λέγων

349 1640 504 1692 ἐστὶν
547 1639 890 1707 ’Δθανάσιος,
916 1641 984 1712 ἢν
1016 1640 1257 1711 φυσικὴν
1295 1635 1461 1695 οὖσαν
1493 1643 1554 1696 οὐ
1594 1643 1730 1697 καθὸ
1767 1644 1931 1713 φύσιν

349 1731 627 1801 διακρίνει
662 1732 927 1803 (λεγέσθω
972 1734 1082 1805 γάρ
1138 1732 1296 1787 τοῦτο
1347 1732 1611 1798 πολλάκις
1650 1737 1719 1788 τὰ
1771 1752 1931 1789 συκο-

350 1822 704 1890 φαντούντων
732 1826 1113 1897 ἐμφράττουσι
1141 1825 1434 1896 στόματα),
1463 1826 1582 1882 ἀλλ’
1616 1828 1699 1880 ὅτι
1739 1826 1926 1896 φύσει,

348 1916 412 1968 οὐ
438 1914 591 1968 θέσει
615 1920 682 1986 τῇ
718 1918 970 1990 ἡμετέρᾳ
1002 1920 1144 1982 ἐστὶ,
1188 1920 1486 1990 πράγμασι
1517 1936 1578 1972 τε
1638 1914 1800 1987 εἶναι,
1836 1922 1930 1974 καὶ

349 2008 409 2060 ού
443 2010 513 2078 τῇ
536 2009 756 2080 ἐπινοίᾳ
788 2012 854 2081 τῇ
893 2011 1164 2083 ἡμετέρᾳ,
1220 2011 1333 2066 οὐδ’
1363 2008 1504 2065 εῖναι
1552 2010 1924 2080 ἐναλλάττειν,

348 2098 425 2161 ὼς
465 2099 625 2164 αὐτὸς
660 2102 785 2168 οἴει,
833 2103 965 2155 ποτὲ
1002 2102 1101 2171 μὲν
1136 2100 1283 2156 οὕτω
1333 2103 1657 2169 .τάττοντας,
1708 2105 1839 2156 ποτὲ
1880 2102 1928 2157 δ’

348 2191 578 2263 ἑτέρως,
608 2193 789 2257 οὐδεὶς
816 2194 876 2258 ὃς
924 2195 1023 2264 οὐχ
1057 2195 1472 2266 ὁμολογήσειεν.
1508 2195 1718 2250 Οὐκοῦν
1743 2199 1791 2249 εἰ
1826 2196 1926 2266 μὲν

346 2286 609 2356 τοιαύτην
647 2287 937 2361 ὁμολογεῖς
968 2288 1063 2342 καὶ
1095 2288 1262 2351 αὐτὸς
1293 2289 1469 2356 τάξιν,
1499 2288 1606 2342 τῶν
1636 2291 1926 2360 γραφικῶν

346 2375 407 2426 οὐ
435 2377 894 2447 καταψευδόμεθα
931 2379 1173 2449 ῥήσεων,
1202 2378 1404 2433 οὔκουν
1436 2396 1503 2447 γε
1534 2376 1675 2446 δόξει
1707 2382 1821 2445 τοῖς
1861 2399 1925 2448 γε

349 2471 618 2521 συνιεῖσιν
650 2470 851 2525 αὐτῶν.
890 2471 1052 2527 Ἀλλὰ
1080 2471 1259 2535 καλῶς
1294 2472 1672 2553 ὀσυνειληχῲς
1702 2474 1799 2536 τὰς
1823 2476 1924 2545 ρήτ

343 2575 461 2622 σεις
494 2561 749 2626 συνέλεξε
766 2578 781 2589 ⁸
815 2564 908 2616 καὶ
932 2564 1068 2632 πρὸς
1089 2564 1250 2633 ἡμῶν
1273 2564 1321 2616 οἱ
1345 2564 1518 2632 λόγοι.
1547 2566 1611 2618 El
1640 2564 1698 2618 δὲ
1720 2564 1924 2635 ταύτην

340 2652 508 2723 ἀρνῇ,
548 2654 807 2723 ἀληθεύει
860 2655 1037 2724 λέγων
1090 2656 1237 2727 ἡμᾶς
1295 2657 1467 2727 αὐτὴν
1525 2656 1921 2727 ἀρνουμένους,

340 2737 499 2809 οὗτος
530 2747 590 2800 δὲ
618 2748 678 2800 οὐ
710 2746 987 2816 ψεύδεται,
1033 2748 1170 2801 ἀλλὰ
1201 2750 1296 2802 καὶ
1330 2749 1515 2817 βάλλει
1548 2749 1771 2818 και-ρίαν
1806 2751 1923 2812 τείς

342 2841 795 2909 συνειλεγμένοις
828 2839 1011 2908 λόγοις
1037 2840 1149 2894 τῶν
1179 2841 1540 2895 διδασκάλων.
1575 2842 1725 2894 Πάνυ
1746 2841 1802 2894 δὲ
1827 2842 1925 2895 κα)⁸

339 2934 504 2988 τοῦτο
554 2935 731 2995 ποιεῖς
783 2932 977 3002 ἀγενὲς
1018 2932 1108 2988 ἐπ’
1145 2933 1330 2998 ἄλλοις
1382 2934 1686 3004 εἰρημένας
1732 2935 1922 3006 ῥήσεις

342 3021 646 3090 συλλέγων,
681 3021 890 3076 καὶ·διὰ
909 3021 1117 3075 τούτων
1146 3021 1322 3074 δοκῶν
1353 3021 1680 3093 ἀνατρέπειν
1703 3023 1802 3091 τὴν
1824 3025 1921 3091 τῆς
1950 3052 1992 3109 ο

336 3116 553 3181 τάξεως
602 3114 811 3185 χρυσῆν
843 3115 939 3167 καὶ
992 3113 1192 3175 ἄλυτον⁴
1240 3114 1410 3177 ὅντως
1454 3113 1667 3183 σειράν.
1705 3114 1777 3165 Τὸ
1821 3114 1922 3183 μὲν

335 3213 453 3279 γὰρ
515 3208 738 3276 Πνεῦμα
795 3207 960 3276 μέσον
990 3206 1124 3259 Υἱοῦ
1178 3207 1271 3261 καὶ
1319 3206 1533 3275 Πατρὸς
1561 3206 1800 3277 εἴρηται.
1844 3206 1919 3270 ὡς

334 3300 643 3370 ἁγεννήτου
661 3300 755 3354 καὶ
766 3298 1047 3369 γεννητοῦ,
1066 3297 1203 3351 αὐτὸ
1221 3299 1357 3369 μήτε
1379 3302 1636 3367 γεννητὸν
1654 3300 1921 3370 ὑπάρχον,

338 3395 486 3463 μήτε
547 3394 877 3462 ἀγέννητον·
909 3392 937 3442 ὁ
962 3392 1020 3444 δὲ
1078 3390 1268 3460 Πατὴρ
1311 3389 1440 3443 Υἱοῦ
1477 3393 1573 3443 καὶ
1605 3392 1923 3461 Πνεύματος
2031 3400 2046 3453 i

332 3487 537 3549 ἓνωσις
569 3486 646 3545 ὡς
666 3484 829 3546 αὐτὸς
874 3482 953 3536 ὢν
1000 3485 1034 3553 ἠ
1091 3484 1245 3553 πηγὴ
1294 3484 1482 3546 αὐτοῖς
1515 3483 1609 3536 καὶ
1653 3483 1748 3537 τοῦ
1779 3481 1922 3538 εἶναι
2032 3491 2046 3545 i

331 3582 437 3634 καὶ
481 3579 575 3633 τοῦ
611 3578 879 3644 ἡνῶσθαι.
915 3577 979 3631 "A
1024 3577 1190 3645 μηδὲν
1238 3577 1370 3631 ὄντα
1423 3578 1560 3646 πρὸς
1613 3579 1674 3631 τὸ
1704 3580 1925 3650 προκει..

333 3687 504 3741 μενον
536 3670 635 3740 οὐχ
679 3670 883 3739 ἥκιστα
910 3666 1005 3719 τοῦ
1040 3672 1396 3738 προάγοντος,
1428 3669 1461 3739 ἦ
1503 3669 1625 3724 καθ’
1652 3664 1729 3725 ὧν
1748 3673 1923 3742 προά-

330 3779 529 3833 γονται
554 3764 779 3831 ἔλεγχον
802 3761 934 3831 ἔχει,
959 3761 1054 3815 καὶ
1088 3761 1329 3829 ἀμαθίας
1360 3762 1659 3827 ἀπόδειξιν.

2046 450 2170 504 sulm
2205 453 2430 508 tertium
2476 471 2598 512 esse
2632 463 2948 516 necessario
2981 466 3260 521 ostendat.
3294 468 3487 541 Neque
3512 470 3620 530 Pa-

2046 550 2185 597 trem
2212 544 2470 601 Basilium
2494 549 2676 617 audis,
2706 553 2803 622 qui
2829 553 2937 610 hoc
2956 555 3117 613 docet
3144 559 3245 631 (1).
3287 560 3434 633 Ergo
3465 565 3621 622 ordi~

2046 645 2170 686 nem
2204 635 2298 704 qui
2325 636 2569 702 .divinas
2606 655 2871 710 personas
2919 658 3192 718 secernat,
3224 653 3400 709 sancti
3452 670 3623 728 agno-

2044 733 2203 779 scunt
2231 741 2245 779 :
2278 734 2334 782 at
2353 743 2479 783 eum
2511 733 2606 801 qui
2636 742 2896 793 naturam
2922 750 3142 809 separet
3184 743 3241 799 in
3269 748 3621 808 sanctissima

2046 813 2338 886 Trinitate,
2389 823 2671 894 rejiciunt;
2697 829 2951 887 ordinem
2976 844 3185 902 autem,
3228 840 3321 909 qui
3353 847 3649 912 personas‘

2043 904 2341 980 disjungat,
2374 922 2583 972 naturae
2611 920 2834 989 quidem
2871 940 2982 981 non
3009 942 3152 984 esse.
3197 904 3268 987 At
3302 904 3485 992 tamen
3520 952 3623 994 na-

2044 1002 2167 1050 tura
2196 1013 2349 1068 esse;
2372 1008 2757 1081 unusquisque
2804 1018 3155 1087 concederet,
3198 1031 3254 1079 et
3308 1030 3618 1086 secundum

2042 1087 2148 1145 hoc
2175 1106 2298 1148 esse
2321 1110 2543 1168 quoque
2570 1104 2909 1176 naturalem;
2941 1126 3051 1167 non
3066 1123 3341 1183 quatenus
3359 1129 3617 1177 naturam

2041 1181 2327 1251 discernit,
2361 1191 2456 1245 sed
2485 1204 2760 1263 quatenus
2802 1209 3024 1269 natura,
3058 1181 3169 1263 non
3206 1208 3346 1267 thesi
3374 1222 3431 1269 et
3467 1218 3620 1285 posi-

2040 1270 2185 1327 tione
2219 1286 2403 1333 nostra
2437 1290 2541 1337 est.
2572 1284 2689 1341 Hoc
2719 1298 2904 1346 autem
2950 1297 3227 1367 coryphaei
3256 1270 3485 1374 quoque:
3509 1282 3618 1362 Ec-

2040 1362 2220 1419 clesize
2247 1367 2504 1428 doctores
2535 1376 2869 1437 Athanasius
2921 1362 3349 1457 atque—Basilius
3373 1362 3485 1451 non
3520 1413 3619 1454 ne-

2037 1468 2249 1525 garent,
2276 1476 2401 1518 cum
2434 1465 2480 1520 is
2500 1470 2720 1537 quidem
2748 1477 3012 1548 majorem
3040 1485 3484 1555 propositionem
3515 1507 3615 1549 no-

2035 1545 2120 1602 bis
2150 1551 2349 1621 tradat,
2386 1557 2718 1620 Athanasius
2753 1545 2938 1626 autem
2970 1545 3241 1634 minorem
3288 1580 3510 1654 inferat,
3558 1595 3615 1643 et

2036 1639 2409 1711 syllogismum
2450 1665 2619 1708 unum
2656 1657 2819 1714 ambo
2866 1677 3224 1739 componant,
3272 1675 3366 1745 qui
3413 1688 3614 1739 natura

2034 1732 2302 1803 Spiritum
2329 1751 2580 1799 sanctum
2604 1746 2807 1806 habere
2827 1732 3077 1814 ordinem
3105 1763 3174 1817 ad
3200 1732 3398 1824 Filium
3426 1780 3613 1829 osten-

2032 1827 2167 1883 dat:
2195 1830 2465 1902 siquidem
2494 1838 2695 1897 Filium
2729 1844 2936 1905 habere
2985 1854 3238 1913 ordinem
3285 1862 3356 1918 ad
3391 1827 3609 1925 Patrem

2031 1932 2251 1995 natura,
2275 1937 2439 2000 atque
2465 1933 2540 1989 ita
2567 1946 2788 2009 natura,
2820 1952 3081 2016 tanquam
3127 1966 3293 2010 omne
3321 1969 3609 2017 causatum

2032 2015 2172 2070 solet
2204 2018 2409 2077 habere
2443 2025 2509 2080 ad
2534 2030 2815 2100 propriam
2844 2015 3089 2107 causam,
3118 2049 3177 2097 et
3201 2044 3353 2101 velut
3378 2049 3432 2104 id
3461 2015 3609 2122 quod

2029 2121 2094 2162 ex
2131 2108 2255 2180 igne
2286 2119 2544 2182 provenit
2575 2122 2641 2176 ad
2669 2122 2875 2195 ignem,
2923 2130 3160 2192 Basilius
3192 2137 3377 2197 docet.
3432 2108 3613 2214 Spiri-

2031 2206 2145 2253 tum
2185 2211 2368 2260 autem
2417 2210 2579 2265 talem
2622 2226 2878 2274 naturam
2908 2231 2969 2277 et
3011 2227 3257 2285 ordinem
3291 2206 3498 2292 habere
3540 2241 3611 2296 ad

2029 2289 2250 2357 Filium,
2285 2304 2504 2365 qualem
2532 2303 2704 2362 Filius
2735 2308 2802 2363 ad
2838 2310 3080 2384 Patrem,
3129 2320 3465 2384 Athanasius
3492 2343 3601 2399 est,

2029 2382 2122 2450 qui
2152 2384 2253 2441 hoc
2286 2391 2470 2455 tradit,
2503 2409 2666 2462 quem
2694 2400 2950 2459 ordinem
2981 2411 3287 2469 naturalem
3318 2431 3461 2487 esse,
3495 2436 3608 2480 non

2029 2486 2300 2543 quatenus
2323 2493 2574 2539 naturam
2597 2494 2843 2550 secernit
2870 2489 3142 2568 (dicamus
3163 2506 3312 2563 enim
3336 2509 3608 2588 bocsaepe

2030 2565 2381 2588 ΛΑΙ-.-μ-2Αη.ι
2666 2578 2679 2588 ι

2027 2565 2483 2629 calumniantium
2517 2593 2612 2633 ora
2628 2565 3026 2660 obstruentes),
3057 2594 3154 2649 sed
3184 2606 3458 2667 quatenus
3504 2565 3607 2662 na-

2030 2665 2173 2723 tura,
2203 2676 2313 2716 non
2343 2664 2483 2721 thesi
2510 2681 2699 2728 nostra
2726 2687 2969 2745 constat,
3009 2692 3067 2738 et
3094 2701 3153 2742 re
3178 2664 3294 2759 ipsa
3329 2707 3475 2763 esse,
3505 2698 3609 2755 mi-

2027 2749 2286 2824 nimeque
2341 2762 2511 2816 animi
2564 2779 2753 2835 sensu,
2810 2780 2866 2826 et
2903 2774 3239 2849 cogitatione
3279 2788 3604 2848 consistere.

2024 2842 2216 2915 Neque
2242 2847 2407 2907 licere
2457 2853 2646 2926 alicui,
2684 2873 2745 2917 ut
2779 2862 2898 2932 ipse
2939 2869 3249 2942 arbitraris,
3306 2878 3473 2937 modo
3524 2885 3608 2953 sic

2027 2942 2347 3010 statuendo,
2390 2947 2557 3003 modo
2588 2966 2725 3008 vero
2742 2956 2907 3013 aliter
2933 2975 3058 3017 eum
3088 2965 3406 3039 immutare,
3442 2990 3607 3032 nemo

2027 3042 2137 3082 non
2161 3029 2447 3090 fateretur.
2478 3039 2534 3095 Si
2559 3041 2730 3109 igitur
2759 3047 2923 3104 talem
2952 3054 3201 3112 ordinem
3228 3068 3283 3116 et
3322 3029 3607 3125 tu'conce-

2032 3120 2138 3187 dis,
2180 3139 2288 3181 non
2330 3133 2629 3189 mentimur
2664 3137 2731 3193 de
2760 3147 3073 3216 sententiis,
3118 3166 3258 3222 quas
3286 3154 3340 3210 in
3379 3160 3604 3231 scriptis

2032 3214 2374 3285 reliquerunt
2403 3227 2600 3293 sancti,
2624 3230 2849 3288 minime
2895 3252 3025 3292 vero
3066 3243 3169 3300 hoc
3197 3246 3267 3301 tis
3299 3250 3601 3323 videbitur,

2031 3601 2313 3657 respuere,
2346 3595 2394 3648 is
2423 3606 2743 3657 autemnon
2782 3608 3077 3678 mentitur,
3114 3615 3247 3683 quin
3283 3618 3451 3676 etiam
3491 3624 3607 3681 col-

2030 3678 2188 3736 lectis
2225 3683 2515 3743 doctorum
2555 3694 2885 3766 rationibus,
2919 3678 3350 3768 lethale—vulnus
3379 3713 3600 3786 inﬂigit.

2031 3768 2201 3826 Valde
2223 3775 2390 3830 etiam
2424 3780 2478 3833 in
2522 3783 2627 3840 hoc
2664 3786 2920 3855 ignavum
2955 3803 3009 3849 te
3043 3798 3276 3866 praebes,
3309 3817 3434 3859 cum
3477 3768 3606 3864 52n-

329 3859 540 3914 ιεηιίαδ
577 3858 807 3930 colligas
839 3860 892 3912 in
936 3858 1105 3912 alium
1143 3871 1369 3912 sensum
1396 3856 1599 3913 dictas.
1642 3858 1822 3959 Atque
1860 3860 2015 3959 hisce
2056 3874 2219 3934 putas
2268 3879 2320 3924 te
2373 3886 2595 3930 auream
2644 3878 2816 3948 illam,
2859 3901 3101 3958 vereque
3160 3894 3601 3959 indissolubilem

326 3963 585 4008 catenam
630 3962 879 4007 evertere
918 3966 1099 4023 posse.
1148 3950 1364 4004 Etenim
1411 3949 1649 4019 Spiritus
1695 3953 1915 4009 medius
1954 3956 2099 4013 inter
2136 3960 2357 4025 Patrem
2429 3979 2485 4022 et
2521 3968 2720 4027 Filium
2761 3974 2947 4035 dictus
3015 3994 3102 4041 est
3139 4001 3284 4056 esse,
3324 3991 3477 4046 velut
3516 3996 3602 4050 in-

326 4059 419 4104 ter
468 4048 776 4118 ingenitum
832 4062 888 4102 et
928 4049 1197 4118 genitum,
1254 4046 1373 4117 ipse
1439 4061 1620 4117 neque
1665 4052 1912 4119 genitus,
1983 4069 2166 4125 neque
2222 4060 2499 4131 ingenitus
2553 4070 2848 4137 exsislens,
2879 4075 3043 4134 Pater
3073 4096 3292 4153 quoque
3338 4086 3482 4142 inter
3515 4089 3603 4144 Fi-

325 4143 469 4197 lium
510 4152 566 4197 et
623 4142 888 4211 Spiritum
935 4141 1260 4211 conjunctio
1306 4139 1493 4233 dictus
1548 4151 1657 4197 est.
1739 4143 1950 4215 Nempe
1984 4151 2117 4217 quia
2166 4151 2287 4222 ipse
2338 4167 2424 4213 est
2457 4159 2583 4216 fons
2617 4163 2709 4232 iis,
2748 4174 2805 4221 et
2874 4179 2937 4225 ut
2973 4172 3109 4238 sint,
3155 4184 3213 4231 et
3255 4188 3316 4233 ut
3362 4180 3597 4241 interno

324 4238 767 4309 conjungantur.
804 4238 935 4303 Quae
959 4232 1252 4291 cum'nibil
1288 4236 1354 4291 ad
1387 4228 1503 4293 rem
1537 4236 1765 4307 faciant,
1815 4242 2171 4312 potissimum
2247 4267 2400 4319 eum,
2463 4259 2558 4327 qui

325 4334 633 4405 jiciuntur,
662 4333 958 4402 imperitia:
983 4343 1315 4404 coarguunt.

764 4472 873 4525 Τοῦ
908 4471 1137 4528 Βέκκου
1167 4475 1254 4539 εἱς
1286 4472 1399 4543 τὴν
1420 4479 1487 4528 ε’.

415 4584 633 4655 Ἐπειδὴ
682 4587 787 4638 eiei
820 4603 964 4650 τινες
998 4588 1073 4657 μὴ
1130 4588 1555 4660 καταδεχόμενοι
1598 4591 1777 4645 έκεῖνο
1809 4594 1912 4661 τὴν

326 4677 694 4746 εὐαγγελικήν
724 4678 987 4731 δύνασθαι
1020 4680 1199 4749 ῥῆσιν,
1242 4680 1342 4751 τὴν
1386 4682 1610 4753 Πνεῦμα
1644 4683 1906 4753 ἀληθείας

325 4775 389 4824 τὸ
443 4772 601 4840 ἅγιον
652 4772 920 4839 λέγουσαν
977 4773 1244 4842 Πνεῦμαο
1304 4774 1441 4843 ὅπερ
1472 4775 1702 4831 δύναται
1740 4779 1905 4847 καὶὴ

329 4864 490 4932 ῥῆσις
524 4865 558 4933 ἡ
587 4863 823 4931 λέγουσα
844 4865 909 4916 ὲκ
936 4864 1030 4919 τοῦ
1054 4864 1271 4936 Πατρδς
1304 4860 1437 4919 αὐτὸ
1461 4867 1864 4939 ἐκπορεύεσθαι
1891 4886 1905 4900 ο

327 4956 412 5008 ἔτι
454 4957 515 5008 δὲ
559 4958 954 5025 διενιστάμενοι
1005 4959 1140 5029 μηδὲ
1188 4960 1269 5022 ei;
1314 4960 1636 5031 [σοδύναμον
1695 4961 1907 5018 ἔννοιαν

326 5044 585 5113 λέγεσθαι
633 5048 696 5099 τὸ
744 5049 808 5101 ἐκ
837 5051 931 5102 τοῦ
978 5052 1192 5121 [ἰατρὸς
1237 5052 1665 5123 ἐκπορεύεσθαι,
1699 5060 1794 5108 καὶ
1842 5056 1907 5110 ἐκ

327 5137 424 5190 τοῦ
486 5138 617 5192 Υῑοῦ
658 5140 965 5209 λαμϐάνειν
1014 5144 1075 5196 τὸ
1117 5143 1341 5214 Πνεῦμα
1399 5145 1462 5199 τὺ
1513 5148 1704 5214 ἅγιον·
1740 5164 1904 5201 κατε-

327 5229 653 5299 στρώθησαν
702 5234 760 5284 αἱ
814 5233 1090 5305 παροῦσαι
1121 5238 1391 5305 γραφικαὶ
1424 5239 1729 5308 ῥήσεις-εὶς
1762 5241 1904 5293 ἁπό-

326 5318 492 5385 δειξιν
523 5321 620 5375 τοῦ
660 5324 989 5395 ἱσοδυνάμου
1044 5328 1156 5381 τῶν
1208 5330 1467 5385 τοιούτων
1521 5332 1903 5402 εὐαγγελικῶν

329 5413 560 5484 ῥήσεων.

394 5659 467 5730 (1)
496 5658 554 5715 ln
584 5639 755 5732 epist.
780 5664 850 5720 ad
886 5667 1206 5724 canonicas.

1946 4478 1994 4540 Ι)

2617 4276 2682 4316 ea
2723 4266 3003 4337 producit,
3032 4285 3195 4341 quam
3230 4276 3436 4345 quibus
3499 4280 3596 4334 ob-

2542 4493 2695 4549 Becci
2730 4498 2783 4551 in
2805 4501 3065 4569 quintam.

2083 4600 2349 4665 Quoniam
2392 4611 2646 4664 nonnulli
2714 4612 2923 4670 dictum
2988 4615 3121 4677 illu‘d
3167 4626 3584 4696 evangelicum,

2014 4706 2124 4760 quo
2177 4694 2382 4749 dicitur
2429 4697 2671 4768 Spiritus
2724 4715 2949 4761 sanctus
3005 4710 3249 4780 Spiritus
3294 4694 3586 4785 veritatis,

2014 4788 2215 4852 negant
2264 4786 2319 4841 id
2348 4788 2455 4845 sibi
2486 4793 2648 4861 velle,
2672 4797 2820 4865 quod
2849 4800 3017 4855 etiam
3044 4804 3182 4871 vult,
3214 4815 3270 4862 ct
3308 4808 3584 4880 signiﬁcat

2013 4876 2247 4939 alterum
2299 4881 2528 4949 dictum,
2567 4902 2679 4956 quo
2713 4890 2922 4947 dicitur
2970 4910 3040 4950 ex
3071 4897 3232 4955 Patre
3263 4876 3585 4970 procedere.

2012 4965 2286 5024 Praeterea
2330 4972 2522 5039 etiam,
2572 4980 2857 5045 quoniam,
2918 4965 3365 5055 refragantur—iis
3404 4994 3585 5063 quiin

2009 5072 2193 5126 parem
2250 5070 2417 5131 atque
2465 5069 2733 5137 aequalem
2760 5087 2986 5133 sensum
3016 5079 3125 5135 dici
3164 5096 3232 5137 ex
3258 5082 3423 5142 Patre
3455 5103 3587 5157 pro-

2009 5152 2208 5207 cedere
2230 5154 2496 5225 Spiritum
2521 5174 2796 5233 sanctum,
2826 5177 2884 5224 et
2908 5186 2976 5226 ex
3013 5172 3156 5233 Filio
3185 5178 3439 5250 accipere
3458 5152 3588 5251 iapi-

2008 5253 2248 5310 nantur;
2282 5248 2618 5318 subjecimus
2643 5266 2945 5325 praesentes
3002 5248 3332 5323 auctoritate
3358 5248 3582 5328 Patrum

2008 5340 2235 5391 testatas
2291 5347 2615 5410 sententias,
2692 5348 2757 5417 in
2828 5351 3359 5416 demonstrationem
3418 5362 3582 5434 hujus

2010 5428 2156 5492 quod
2224 5429 2369 5485 idem
2422 5436 2658 5504 valeant,
2706 5450 2762 5495 et
2816 5458 2973 5513 aeque
3014 5428 3601 5523 possinthnjusmedi

2007 5518 2151 5576 dicta
2170 5526 2501 5594 evangelica.
