3966 6218
359 274 464 358 263

1008 389 1278 446 Palamw.

425 502 471 556 Ο
501 503 880 572 stupiditatem
908 505 1184 560 hominis!
1219 506 1356 563 Cum
1382 509 1528 563 enim
1562 509 1707 564 idem
1741 509 1925 563 valent

357 593 442 648 hae
511 596 802 649 sententiae
847 595 1339 665 coniunctionem,
1404 599 1510 654 hoc
1559 609 1646 655 est
1698 601 1920 666 dicere,

357 684 990 742 consubstantialitatem
1057 688 1296 758 Spiritus
1363 693 1538 746 sancti
1589 692 1923 759 signiﬁcant.

355 774 434 830 ita
475 784 658 832 tamen
691 777 980 842 dilferunl,
1025 789 1087 834 ut
1120 781 1388 838 exsistere
1416 783 1681 852 Spiritum
1713 798 1783 838 ex
1807 798 1926 838 am-

354 867 532 923 bobus
578 867 738 923 Patre
793 869 1040 941 Filioque
1106 872 1332 928 minime
1383 875 1725 940 ostendatur,
1757 874 1924 943 idque

352 968 503 1028 patet
539 975 606 1014 ex
639 961 726 1016 his
758 961 898 1031 ipsis
929 965 1208 1019 memoriae
1252 966 1565 1034 propagatis
1609 965 1922 1022 sententiis.

351 1051 451 1117 Qui
509 1061 692 1106 autem
725 1069 823 1110 eas
852 1055 1096 1126 collegit,
1157 1057 1214 1110 in
1271 1071 1461 1111 earum
1490 1055 1812 1112 discrimine
1839 1057 1926 1113 di-

351 1143 668 1213 gnoscendo
689 1143 866 1201 factus
895 1155 981 1200 est
999 1146 1170 1202 veluti
1198 1149 1424 1204 surdus.

870 1279 1142 1352 Sapientis
1180 1281 1400 1338 Nicwni.

422 1392 481 1445 ιιι
537 1393 760 1462 quidem
817 1408 996 1462 neque
1063 1405 1418 1466 apparentem
1491 1395 1922 1453 confutationcm

349 1483 542 1548 habet,
574 1500 679 1552 qua
705 1485 822 1541 sola
858 1487 1034 1542 utitur
1085 1487 1140 1541 in
1181 1487 1324 1554 aliis,
1357 1501 1543 1542 veram
1575 1487 1922 1543 demonstra-

351 1574 556 1629 tionem
607 1576 692 1632 vel
733 1579 1039 1649 negligens,
1094 1579 1181 1632 vel
1217 1577 1336 1647 ejus
1363 1580 1588 1647 ignarus
1621 1581 1918 1642 exsistens.

348 1666 404 1720 in
460 1668 661 1737 quibus
725 1685 856 1726 sane
908 1670 1030 1725 fieri
1089 1679 1294 1741 potest,
1322 1679 1381 1726 ut
1415 1673 1704 1739 inveniat;
1734 1673 1788 1728 in
1830 1673 1922 1729 his

1346 272 1844 338 BESSARIONIS
1875 275 1933 337 S.
1960 279 2034 338 Η.
2061 277 2121 338 Ε.
2155 279 2617 341 CARDINALlS

3494 283 3600 348 264

2613 395 2724 449 Τοῦ
2752 394 3024 465 “alapa.

2104 503 2215 573 Τῆς
2255 503 2649 574 ἀναισθησίαςί
2703 503 3119 574 ίσοδυναμοῦσαι
3166 503 3274 576 γὰρ
3311 504 3367 559 αί
3409 507 3600 577 ῥήσεις

2029 597 2356 666 οίκειότητα,
2387 599 2588 650 ταυτὸν
2610 598 2654 650 δ’
2693 599 2868 651 εἰπεῖν
2895 599 3293 668 όμοουσιότητα
3315 597 3410 653 τοῦ
3447 601 3593 654 θείου

2034 688 2352 758 Πνεῦματος
2399 691 2727 760 παριστῶσι.
2758 689 3090 759 Διαφέρουσι
3131 689 3187 744 δὲ
3213 689 3290 752 ὡς
3333 691 3410 761 μὴ
3463 691 3595 763 παρ’

2031 781 2356 852 ἀμφοτέρων
2416 785 2627 853 Πατρός
2653 800 2711 836 τε
2767 782 2862 836 καὶ
2913 783 3046 836 nos
3076 781 3177 853 τὴν
3233 781 3470 852 ὓπαρξιν
3497 783 3591 836 τοῦ

2034 872 2355 942 Πνεύματος
2379 873 2711 928 δείκνυσθαι.
2733 875 2845 929 Καὶ
2873 874 3030 929 τοῦτο
3057 873 3356 944 κατάδηλον
3383 874 3477 927 ἀπ’
3501 875 3599 928 αῦ-

2029 962 2140 1015 τῶν
2166 963 2277 1016 τῶν
2308 965 2595 1032 γραφικῶν
2625 965 2839 1034 ῥήσεων
2869 969 3042 1019 ἐστιν.
3081 964 3143 1016 Ὀ
3175 963 3231 1015 δὲ
3262 962 3598 1032 συνειληχὼς

2025 1055 2230 1117 ταύτας
2257 1055 2428 1120 οὕτως
2456 1057 2590 1124 πρὸς
2619 1057 2718 1128 τὴν
2756 1057 3010 1110 διαωοθιι
3058 1055 3167 1108 τῶν
3217 1054 3433 1123 ῥήσεων
3469 1059 3592 1110 τού-

2025 1162 2133 1199 των
2161 1147 2311 1202 ὥσπε
2319 1164 2351 1217 ρ
2379 1147 2782 1218 ἐκκεκώφηται.

2478 1282 2590 1336 Τοῦ
2632 1281 2830 1352 σοφοῦ
2860 1281 3129 1348 Νικαίας.

2097 1393 2270 1447 Τοῦτο
2318 1394 2540 1465 ἔλεγχον
2574 1395 2673 1465 μὲν
2727 1395 2846 1448 οὐδὲ
2873 1391 3138 1446 δοκοῦντα
3173 1393 3311 1460 ἔχει,
3361 1385 3404 1458 ᾧ
3435 1401 3586 1460 μόνῳ

2023 1487 2222 1556 χρῆται
2256 1487 2348 1539 ἐπὶ
2388 1488 2496 1539 τῶν
2529 1486 2703 1540 ἄλλων
2740 1484 2833 1538 τοῦ
2865 1486 3018 1547 ὄντος
3049 1483 3081 1552 ἢ
3115 1479 3410 1552 ἀμελῶν,ἦ
3443 1482 3582 1551 ἔχων

2023 1576 2286 1647 ἀπείρως,
2317 1576 2404 1646 ἐφ’
2433 1570 2508 1631 ὧν
2533 1595 2596 1646 γε
2627 1579 2717 1631 καὶ
2757 1575 2940 1644 εὑρεῖν
2975 1572 3270 1642 ἐνδέχεται.
3310 1573 3432 1626 Ἐπὶ
3462 1573 3583 1626 τού-

2021 1687 2133 1722 των
2161 1671 2270 1738 γὰρ
2317 1670 2439 1724 οὐδὲ
2485 1670 2688 1738 σφόδρα
2725 1666 3050 1738 βουλόμενος
3079 1659 3240 1738 εὗρεν
3291 1665 3358 1719 ἂν
3377 1669 3497 1720 --τόν
3525 1683 3587 1733 γε

347 1759 498 1814 enim
566 1762 781 1817 etiamsi
841 1763 927 1816 vel
980 1766 1217 1818 maxime
1267 1763 1453 1830 vellet,
1508 1765 1906 1832 probationeml

2026 1759 2102 1832 μὴ
2142 1760 2293 1815 ὄντα.
2334 1762 2400 1816 Ἦ
2439 1762 2552 1832 γάρ
2579 1760 2807 1830 ἀλήθεια
2842 1760 2944 1812 οὐκ
2973 1759 3274 1829 ἐλέγχεται.
3301 1757 3588 1827 Λοιδορίαν

347 1866 468 1921 quae
517 1868 627 1907 non
691 1864 797 1918 est,
859 1855 1082 1910 minime
1123 1856 1396 1911 inveniret
1429 1873 1443 1910 :
1479 1847 1750 1926 siquidem
1775 1859 1917 1914 veri-

349 1956 431 1997 tas
484 1959 594 1998 non
650 1945 1018 2000 convincitur.
1119 1946 1522 2002 Contumeliam
1567 1950 1913 2004 solummodo

347 2033 525 2100 alicrt,
562 2036 1024 2104 quemadmodum
1054 2046 1111 2092 et
1140 2039 1374 2108 reliqua,
1399 2051 1456 2095 et
1481 2041 1681 2096 thesim
1716 2058 1913 2112 quam-

346 2124 471 2179 dam
513 2126 690 2194 ponit,
739 2128 946 2181 nullam
992 2128 1235 2184 inferens
1261 2132 1667 2188 necessitatem.
1698 2134 1914 2189 Etenim

343 2220 676 2272 sententiam
724 2219 895 2284 illam,
945 2236 1068 2289 qua:
1117 2220 1383 2290 Spiritum
1436 2231 1689 2280 sanctum
1739 2224 1914 2296 Spiri-

344 2319 460 2363 tum
518 2310 771 2365 veritatis
819 2311 1078 2381 appellat,
1144 2325 1310 2384 atque
1349 2314 1496 2369 idem
1557 2316 1721 2383 valet,
1758 2319 1910 2388 quod

341 2398 516 2453 altera
581 2414 704 2470 qua:
765 2399 1125 2470 ponitipsum
1163 2417 1228 2456 ex
1265 2403 1425 2457 Patre
1467 2405 1795 2473 procedere,
1821 2407 1909 2462 vel

341 2504 408 2544 ex
469 2489 608 2544 Filio
667 2490 941 2561 accipere,
995 2491 1442 2562 conjunctionem
1467 2494 1668 2564 inquit,
1704 2507 1912 2552 ctcon-

340 2581 862 2637 substantialitatem
919 2583 1161 2653 Spiritus
1191 2585 1409 2654 sancti;
1436 2601 1549 2640 non
1585 2593 1764 2641 tamen
1787 2588 1909 2658 ejus

339 2688 407 2727 ex
462 2671 622 2727 Patre
669 2673 920 2743 Filioque
972 2669 1295 2744 processum
1330 2676 1669 2747 signiﬁcare.
1699 2677 1910 2733 Secun-

340 2764 471 2818 dum
527 2763 632 2818 huc
700 2765 870 2830 enim,
914 2765 1115 2835 inquit,
1168 2765 1414 2821 dill'erre.
1447 2765 1694 2834 Quonam
1723 2777 1907 2823 autem

340 2862 505 2925 pacto
567 2853 853 2922 dillerant,
903 2870 1013 2910 non
1033 2856 1265 2926 probat;
1294 2857 1390 2913 sed
1429 2865 1663 2913 testatur
1682 2859 1907 2929 quidem

339 2945 662 3013 sententias,
736 2947 820 3004 lue
881 2963 1014 3004 vero
1071 2949 1129 3004 in
1163 2951 1492 3004 contrariam
1525 2960 1758 3020 partem,
1822 2961 1909 3009 at-

337 3053 446 3108 que
503 3039 620 3108 ipse
677 3038 794 3093 vult
854 3039 1012 3108 plane
1069 3039 1370 3110 pertinent.
1404 3040 1559 3108 Quod
1589 3042 1737 3096 enim
1770 3058 1905 3098 con-

332 3128 678 3197 junctionem
737 3131 1051 3198 quamdam,
1081 3139 1138 3183 et
1174 3132 1795 3189 consubstantialitatem
1827 3135 1906 3189 si-

336 3217 684 3288 gniﬁcantes,
742 3219 886 3273 idem
923 3218 1068 3272 inter
1093 3233 1151 3273 se
1179 3219 1425 3286 valeant,
1468 3219 1524 3274 id
1579 3237 1771 3276 verum
1801 3231 1903 3278 est.

336 3309 497 3376 Quod
554 3318 738 3364 autem
789 3325 855 3364 ex
922 3308 1083 3364 Patre
1139 3309 1390 3380 Filioque
1441 3311 1680 3381 Spiritus
1733 3314 1906 3368 sancti

335 3401 743 3470 processioneni
807 3414 918 3454 non
960 3399 1207 3454 indicent
1235 3439 1249 3466 ,
1312 3400 1418 3454 hoc
1454 3415 1588 3456 sane
1639 3419 1668 3456 a
1702 3411 1753 3456 te
1787 3403 1906 3472 ipso

335 3491 510 3557 addis,
543 3505 730 3545 verum
762 3505 1104 3561 oppugnans.
1152 3490 1279 3545 Haec
1335 3491 1484 3546 enim
1523 3493 1640 3562 ipsa
1668 3494 1906 3550 consub-

335 3580 666 3636 Stantialitas
724 3597 886 3636 causa
947 3590 1032 3636 est
1089 3596 1190 3636 cur
1243 3581 1485 3650 Spiritus
1560 3594 1786 3640 sanctus
1837 3602 1900 3641 cx

332 3670 497 3735 Filio,
547 3671 634 3726 vel
698 3686 795 3739 per
829 3671 1028 3725 Filium
1065 3671 1352 3739 procedat.
1385 3675 1560 3743 Atque
1586 3675 1691 3730 hoc
1720 3677 1905 3734 decla-

334 3770 420 3816 rat
461 3762 524 3816 Β.
559 3762 819 3834 Cyrillus,
850 3762 1139 3832 pr0prium
1199 3763 1484 3834 appellans
1510 3766 1688 3821 Patris
1724 3777 1780 3822 et
1813 3768 1902 3823 Fi-

333 3858 392 3911 lii
452 3856 719 3926 Spiritum
777 3867 1064 3922 sanctum;
1123 3865 1312 3927 utpote
1365 3859 1460 3930 qui
1510 3875 1576 3914 ex
1611 3860 1772 3915 Patre
1801 3877 1901 3931 per

333 3949 529 4004 Filium
568 3950 661 4013 sit,
697 3950 767 4004 ob
818 3948 1159 4004 identitatem
1228 3949 1574 4017 substantiae,
1614 3952 1700 4007 vel
1725 3953 1902 4008 Patris

332 4038 590 4093 videlicet
645 4052 700 4094 ct
750 4037 898 4105 Filii,
953 4039 1039 4094 vel
1070 4039 1238 4094 etiam
1267 4039 1466 4095 hortum
1503 4041 1576 4095 ad
1611 4040 1897 4110 Spiritum.

331 4129 520 4198 Itaque
555 4129 672 4184 sive
704 4130 808 4184 hoc
841 4129 1024 4196 modo,
1086 4131 1202 4185 sive
1241 4129 1337 4184 illo
1366 4131 1588 4196 dixeris,
1613 4133 1899 4186 nobiscum

326 4221 539 4276 faciunt
593 4225 854 4277 rationes.
902 4222 1120 4277 Etenim
1155 4223 1698 4278 consubstantialitas
1726 4224 1901 4294 Spiri-

328 4325 416 4369 tus
445 4314 618 4369 sancti
656 4313 724 4368 ad
766 4314 979 4368 Patrem
1019 4329 1072 4370 et
1113 4316 1312 4370 Filium
1335 4357 1349 4383 ,
1381 4326 1438 4370 et
1469 4317 1615 4385 quod
1650 4317 1897 4386 ipsorum

2015 1851 2074 1914 ,δὲ
2103 1851 2258 1922 φέρει
2319 1854 2410 1906 καὶ
2449 1853 2607 1923 μόνον
2634 1851 2828 1922 ὥσπερ
2877 1851 2972 1926 καὶ
3000 1851 3071 1904 τὰ
3115 1850 3274 1915 ἄλλα,
3305 1853 3405 1904 κα⁸ι
3436 1849 3591 1904 θέσιν

2017 1939 2073 1993 δέ
2101 1958 2223 1994 τινα
2245 1941 2474 2008 τίθεται,
2505 1941 2780 2013 μηδεμίαν
2800 1941 3049 2010 ἀνάγκην
3072 1941 3316 2008 ἐπάγων.
3343 1942 3454 2010 Τὴν
3475 1941 3587 2011 γὰρ

2018 2029 2241 2099 Πνεῦμα
2281 2029 2540 2100 ἀληθείας
2594 2030 2857 2099 λέγουσαν
2910 2029 2972 2080 τὸ
3025 2028 3249 2102 Πνεῦμα
3299 2031 3361 2084 τὸ
3405 2031 3582 2098 ἅγιον,

2019 2119 2442 2190 ίσοδυναμοῦσαν
2477 2124 2542 2193 τῇ
2578 2123 2641 2176 ἐκ
2682 2122 2893 2192 Πατρδς
2926 2123 3058 2177 αὐτὸ
3084 2123 3478 2194 ἐκπορεύεσθαι
3501 2139 3586 2176 τιε-

1980 2242 1991 2256 ι
2015 2212 2240 2284 θεμένῃ,
2267 2214 2300 2284 ἢ
2332 2213 2637 2284 λαμϐάνειν
2679 2215 2744 2268 ὲκ
2791 2214 2886 2268 τοῦ
2929 2215 3082 2281 Υίοῦ,
3111 2216 3212 2285 τὴν
3263 2215 3581 2286 οἰκειότητά

2014 2316 2150 2370 φησι
2175 2301 2269 2354 καὶ
2307 2302 2703 2372 όμοουσιότητα
2752 2302 2951 2373 δηλοῦν
2996 2303 3094 2357 τοῦ
3144 2304 3489 2374 Πνεῦματος,
3519 2306 3584 2378 οῦ

2014 2389 2199 2458 μέντοι
2227 2388 2328 2457 τὴν
2379 2388 2545 2443 αὐτοῦ
2587 2391 2921 2461 ὲκπόρευσιν
2969 2392 3034 2445 ἐκ
3066 2391 3274 2461 Πατρδς
3297 2393 3394 2446 καὶ
3426 2390 3582 2446 Υίοῦ.

2011 2480 2167 2533 Κατὰ
2195 2478 2353 2533 τοῦτο
2397 2480 2506 2552 γάρ
2551 2481 2854 2553 διαφέρειν.
2887 2485 2961 2536 Τὸ
3011 2484 3057 2538 δ’
3086 2486 3235 2547 ὅπως
3265 2485 3326 2537 οὺ
3369 2485 3582 2537 δείκνυ-

2013 2586 2119 2634 σιν,
2146 2569 2283 2624 ἀλλὰ
2318 2571 2656 2643 μαρτύρεται
2692 2573 2790 2641 μὲν
2817 2573 2916 2638 τὰς
2943 2575 3154 2645 ῥήσεις,
3179 2577 3234 2628 at
3256 2574 3301 2629 δ’
3322 2577 3401 2640 είς
3427 2577 3583 2631 τοὺνο
3673 2571 3684 2576 ’

2011 2661 2194 2714 αντίον
2228 2655 2304 2715 ὧν
2343 2661 2506 2726 αὐτὸς
2535 2663 2791 2731 βούλεται
2820 2667 3140 2736 περιφανῶς
3169 2666 3427 2736 φέρουσιν
3447 2683 3462 2698 θ
3492 2668 3580 2721 ὅτι

2013 2752 2112 2823 μὲν
2143 2751 2250 2823 γὰρ
2302 2749 2611 2824 οἰκειότητά
2643 2773 2766 2810 τινα
2825 2761 2920 2811 καὶ
2965 2760 3360 2829 ὀμοουσιότητα
3410 2778 3582 2828 παρι-

2010 2845 2320 2913 στάνουσαι,
2350 2848 2766 2920 ἰσοδυναμοῦσιν
2788 2851 3067 2922 ἀλλήλαις,
3095 2851 3243 2906 τοῦτ’
3267 2855 3418 2907 ἐστὶν
3443 2854 3581 2925 ἀλη-

2011 2937 2108 3003 θές
2129 2955 2143 2970 ο
2172 2940 2255 2992 ὃτι
2289 2939 2346 2992 δὲ
2376 2939 2475 3011 τὴν
2499 2941 2564 2994 ὲκ
2599 2943 2815 3012 Πατρὺς
2845 2945 2944 3000 καὶ
2968 2943 3099 2997 Υίοῦ
3130 2947 3460 3015 ὲκπόρευσιν
3484 2946 3580 2999 τοῦ
3645 2968 3650 2972 ’

2011 3029 2166 3098 ἁγίου
2188 3031 2506 3102 Πνεῦματος
2535 3034 2595 3086 οὒ
2618 3033 2894 3103 δηλοῦσιν,
2941 3037 3103 3090 τοῦτο
3134 3037 3179 3090 δ’
3216 3038 3324 3090 ἀπὸ
3376 3039 3578 3092 σαυτοῦ

2010 3121 2309 3192 προστίθης
2332 3125 2445 3186 τοῖς
2469 3123 2692 3194 ἀληθέσι
2731 3126 3066 3196 μαχόμενος.
3106 3128 3249 3182 Αὐτὸ
3287 3129 3398 3199 γάρ
3418 3129 3578 3183 τοῦτο

2008 3211 2068 3264 τὸ
2098 3211 2382 3282 όμοούσιον
2428 3214 2600 3267 αίτιον
2659 3215 2756 3269 τοῦ
2782 3217 2842 3270 τὸ
2892 3219 3113 3289 Πνεῦμα
3139 3221 3199 3286 ἐξ
3256 3221 3409 3284 Υίοῦ,
3441 3223 3471 3292 ἢ
3507 3222 3578 3274 δι’

2009 3302 2139 3356 Υίοῦ
2168 3305 2435 3375 προῖέναι.
2463 3306 2569 3358 Kal.
2595 3305 2745 3375 δηλοῖ
2775 3306 3044 3378 Κύριλλος
3075 3313 3102 3362 ὁ
3130 3311 3422 3382 μακάριος,
3444 3312 3578 3366 ίδιον

2007 3393 2184 3461 λέγων
2241 3395 2456 3465 Πατρὸς
2487 3397 2578 3449 καὶ
2609 3397 2740 3450 Υίοῦ
2769 3399 2830 3452 τὸ
2862 3399 3084 3470 Πνεῦμα
3115 3402 3176 3455 τὸ
3203 3391 3377 3471 ἅγιον,
3408 3403 3481 3466 ὡς
3516 3404 3578 3458 ὃν

2007 3485 2069 3534 ἐκ
2101 3482 2312 3552 Πατρός
2343 3485 2413 3537 δι’
2448 3485 2578 3539 Υίοῦ
2614 3486 2700 3540 διὰ
2753 3489 2852 3559 τὴν
2882 3491 3188 3560 ταυτότητα
3234 3497 3332 3564 τῆς
3361 3494 3574 3563 οὐσίας,

2005 3572 2114 3626 εἴτε
2143 3574 2354 3644 Πατρδς
2383 3576 2584 3648 δηλαδὴ
2615 3582 2708 3631 καὶ
2741 3579 2892 3643 Υἰοῦ,
2922 3584 3032 3634 εἴτε
3061 3584 3154 3635 καὶ
3193 3587 3402 3640 τούτων
3435 3588 3575 3658 πρὸς

2004 3663 2064 3716 τὺ
2088 3663 2332 3732 Πνεῦμα.
2370 3665 2480 3717 Καὶ
2515 3664 2687 3730 οὕτως
2731 3667 2824 3720 οῦν
2857 3669 3129 3732 κάκείνως
3157 3672 3294 3741 πρὸς
3333 3673 3489 3743 ἡμῶν
3523 3675 3574 3726 οἱ

2004 3755 2186 3823 λόγου
2223 3757 2257 3826 ἡ
2290 3756 2396 3828 γὰρ
2448 3758 2586 3827 πρὸς
2619 3759 2841 3828 Πατέρα
2895 3763 3001 3816 καὶ
3031 3761 3159 3815 Υίὺν
3214 3766 3577 3835 όμοουσιότης

2001 3847 2095 3901 τοῦ
2149 3848 2486 3920 Πνεύματος,
2547 3852 2641 3905 καὶ
2675 3853 2735 3906 τὸ
2762 3854 2896 3908 ἴδιον
2934 3855 3113 3909 αὐτῶν
3159 3857 3434 3923 λέγεσθαι,
3472 3862 3575 3912 οὐκ

2004 3941 2284 3996 ἀποκλείει
2333 3945 2392 3995 τὸ
2425 3945 2484 4010 ἐξ
2521 3945 2678 4011 Υίοῦ,
2725 3947 2756 4016 ἢ
2794 3948 2865 4001 δι’
2910 3949 3040 4003 Υίοῦ
3073 3953 3136 4005 ἐκ
3180 3953 3396 4023 Πατρὸς
3439 3955 3577 4009 αὐτὸ

2004 4027 2164 4098 εἶναι,
2196 4034 2278 4086 ὅτι
2312 4034 2388 4105 μὴ
2422 4036 2623 4104 μᾶλλον
2653 4041 2742 4090 καὶ
2768 4043 3012 4110 συνάγει.
3048 4043 3154 4097 Καὶ
3184 4046 3313 4112 γοῦν
3335 4046 3574 4116 ἀλλαχοῦ

2002 4140 2168 4193 φησιν
2197 4126 2224 4178 ό
2247 4125 2410 4189 αὐτὸς
2443 4123 2581 4181 εἶναι
2635 4129 2730 4182 τοῦ
2760 4130 2895 4184 Θεοῦ
2936 4134 3030 4189 καὶ
3064 4136 3300 4206 Πατρὸς,
3337 4140 3430 4191 καὶ
3460 4142 3573 4210 μὴν

2000 4215 2097 4269 καὶ
2119 4216 2211 4268 τοῦ
2241 4217 2393 4282 Υίοῦ,
2429 4218 2489 4271 τὸ
2523 4219 2798 4284 οὐσιωδῶς
2845 4223 2902 4289 ἐξ
2950 4226 3152 4294 ἀμφοῖν
3187 4229 3217 4298 ῆ
3245 4228 3320 4294 ὡς
3350 4232 3415 4284 ἐκ
3454 4234 3574 4285 Πι-

2001 4304 2127 4374 τρὸς
2165 4305 2235 4358 δι’
2269 4305 2397 4359 Υίοῦ
2435 4310 2804 4379 προχεόμενον
2838 4312 3084 4383 Πνεῦμα.
3133 4317 3196 4369 Εί
3238 4319 3345 4386 γὰρ
3379 4315 3572 4385 ἁπλῶς

327 4407 586 4476 proprius
648 4407 866 4461 dicatur
916 4406 1178 4477 Spiritus,
1237 4424 1348 4463 non
1417 4407 1661 4464 excludit
1706 4423 1834 4464 eunt
1867 4426 1900 4466 τι

2012 4395 2165 4466 μόνον
2197 4398 2230 4467 ἡ
2260 4399 2614 4469 ὀμοουσιότης
2660 4403 2809 4456 αίτία
2852 4400 2921 4476 ἦν
2959 4407 3053 4460 τοῦ
3095 4408 3225 4463 ίδιον
3281 4411 3375 4464 τοῦ
3435 4415 3569 4468 Υίοῦ

330 4499 490 4564 Filio,
559 4499 642 4552 vel
694 4515 761 4554 ex
825 4499 985 4554 Patre
1017 4515 1112 4569 per
1141 4499 1338 4554 Filium
1364 4515 1518 4567 esse;
1549 4501 1680 4570 quin
1710 4501 1896 4570 potius

330 4589 502 4644 clllcit
547 4589 650 4643 hoc
703 4583 869 4658 atque
919 4589 1218 4645 concludit.
1246 4590 1315 4645 Et
1343 4592 1565 4660 quidem
1589 4591 1719 4646 alibi
1747 4592 1896 4647 idem

329 4683 523 4736 doctor
551 4681 770 4744 asserit,
805 4695 926 4736 esse
978 4681 1247 4750 Spiritum
1281 4683 1378 4737 Dei
1416 4692 1472 4737 et
1507 4684 1704 4751 Patris,
1733 4694 1896 4754 atque

327 4776 492 4830 etiam
535 4771 680 4835 Filii,
732 4772 829 4842 qui
871 4772 1245 4827 essentialiter
1275 4787 1343 4828 ex
1375 4775 1666 4839 ambobus,
1703 4762 1791 4830 vel
1821 4779 1895 4834 ita

326 4881 426 4936 per
450 4864 672 4929 Filium,
707 4873 964 4933 tanquam
989 4880 1057 4919 ex
1089 4864 1251 4919 Patre
1279 4866 1531 4935 proﬂuat.
1570 4866 1810 4933 Etenim,
1847 4869 1893 4924 si

326 4957 653 5026 simpliciter
705 4955 1245 5011 consubstantialitas
1316 4968 1465 5012 esset
1525 4972 1726 5025 causa,
1795 4975 1895 5015 cur

326 5047 568 5118 Spiritus
628 5059 848 5102 sanctus
902 5047 1184 5103 diceretur
1232 5050 1488 5118 proprius
1538 5049 1682 5116 Filii,
1725 5051 1895 5108 Filius

327 5157 549 5212 quoque
598 5143 876 5196 diceretur
917 5139 1173 5210 proprius
1223 5141 1468 5209 Spiritus
1522 5143 1720 5204 sancti,
1767 5160 1891 5198 cum

325 5235 430 5302 ipsi
474 5234 543 5288 sit
593 5233 1102 5298 consubstantialis,
1137 5233 1285 5300 quod
1308 5247 1473 5286 nemo
1502 5231 1772 5288 hactenus
1806 5235 1892 5289 di-

324 5341 450 5380 cere
508 5342 674 5380 ausus
723 5336 826 5380 est.
863 5323 958 5378 Sin
987 5334 1170 5378 autem
1199 5324 1440 5378 dixerint
1470 5339 1580 5378 non
1602 5341 1761 5395 pusse
1785 5323 1910 5381 dici

323 5417 516 5470 Filium
571 5419 858 5487 proprium
917 5416 1160 5481 Spiritus
1187 5417 1387 5479 sancti,
1416 5414 1710 5485 propterea
1741 5417 1889 5486 quod

321 5508 389 5562 ad
420 5509 637 5563 Patrem
666 5509 957 5573 referatur,
989 5523 1057 5561 ne
1084 5507 1341 5561 similiter
1375 5507 1616 5576 Spiritus
1665 5517 1893 5564 sanctus

321 5613 443 5652 esse
493 5600 654 5664 Pater
718 5599 990 5662 videatur,
1062 5598 1376 5652 necessario
1436 5597 1888 5652 tcstillcabuntur

326 5689 524 5744 Filium
548 5706 766 5759 quoque
793 5691 1093 5758 spirantem
1157 5703 1298 5757 esse,
1334 5705 1429 5745 seu
1465 5691 1888 5759 producturum;

2002 4489 2258 4557 λέγεσθαι
2297 4490 2356 4544 τὸ
2401 4490 2648 4562 Πνεῦμα,
2685 4496 2903 4563 ἐλέγετο
2961 4498 3027 4552 ἂν
3078 4501 3171 4554 καὶ
3219 4505 3246 4556 ὁ
3277 4502 3405 4567 Υἱὸς
3433 4508 3570 4570 ἴδιος

1999 4580 2093 4633 τοῦ
2136 4581 2477 4650 Πνεῦματος,
2525 4585 2813 4654 ὁμοούσιος
2855 4589 3120 4662 ὑπάρχων
3175 4595 3345 4663 αὐτῷ.
3388 4597 3573 4665 Ὅπερ

2000 4673 2175 4734 οὐδεὶς
2203 4671 2417 4726 οὐδέπω
2451 4673 2615 4742 φάναι
2675 4678 3032 4749 τετόλμηκεν.
3076 4683 3139 4736 El
3179 4683 3236 4737 δὲ
3269 4685 3356 4738 διὰ
3385 4686 3445 4739 τὸ
3470 4690 3566 4742 τὸν

2001 4764 2127 4820 Υίδν
2155 4765 2564 4838 ἀναφερόμενον
2595 4769 2730 4837 πρὸς
2760 4771 2980 4843 Πατέρα
3014 4774 3090 4845 μὴ
3119 4775 3381 4830 δύνασθαι
3404 4782 3568 4847 φαῖεν

1998 4858 2094 4912 τοῦ
2130 4857 2450 4927 Πνεύματος
2497 4859 2776 4929 λέγεσθαι,
2821 4863 2896 4935 μὴ
2934 4865 3126 4936 Πατὴρ
3153 4868 3318 4922 αὐτοῦ
3349 4870 3474 4942 δόξῃ
3508 4870 3572 4924 τὸ

2001 4951 2226 5022 Πνεῦμα
2277 4952 2340 5004 τὸ
2403 4953 2560 5021 ἅγιον
2606 4949 2769 5019 εῖναι,
2825 4959 3269 5027 μαρτυρήσουσιν
3329 4961 3463 5031 ἡμῖν
3504 4963 3573 5028 ἐξ

2003 5045 2248 5113 ἀνάγκης
2276 5044 2367 5097 τὸν
2395 5045 2525 5098 Υίὺν
2557 5045 2788 5099 πνέοντα
2823 5047 2856 5116 ἢ
2881 5048 3258 5117 προϐάλλοντα
3287 5047 3449 5121 εἶναι,
3473 5054 3570 5109 διὰ

1996 5134 2057 5187 τὸ
2086 5136 2181 5188 καί⁵
2209 5135 2270 5188 τὸ
2303 5135 2528 5206 Πνεῦμα
2553 5136 2888 5208 άναφορικδν
2913 5138 3082 5209 ὄνομα
3101 5139 3160 5193 ὃν
3190 5143 3399 5212 Πατρδς
3426 5147 3567 5214 πρὸς

1995 5227 2087 5280 τὸν
2122 5229 2356 5282 πνέοντα
2387 5229 2775 5300 ἀναφέρεσθαι,
2810 5234 2903 5283 καὶ
2931 5233 2992 5297 ἐξ
3023 5233 3233 5286 ἐκείνου
3287 5237 3564 5304 πνείσθαι,

1996 5313 2206 5382 οὗτινος
2234 5320 2328 5372 καὶ
2351 5320 2567 5388 λέγεται
2598 5317 2763 5379 εἶναι.
2791 5323 2900 5375 Kal.
2919 5323 3202 5392 βάλλοντες
3224 5327 3454 5392 ἑαυτοὺς
3475 5331 3570 5383 εὑ-

2001 5408 2339 5481 ρεθήσονται,
2388 5409 2675 5473 δοκοῦντες
2735 5415 2860 5476 τοὺς
2902 5415 3202 5479 ἐναντίους.
3229 5418 3351 5472 Ὀτι
3402 5418 3456 5472 δὲ
3495 5422 3562 5474 οὐ

2000 5503 2159 5574 μόνον
2187 5503 2246 5556 τὸ
2275 5503 2529 5570 λέγεσθαι
2560 5505 2620 5557 τὸ
2651 5505 2878 5574 Πνεῦμα
2909 5507 3039 5561 ῐδιον
3068 5508 3162 5562 τοῦ
3192 5509 3326 5562 Υίοῦ
3361 5513 3442 5574 είς
3465 5512 3571 5580 τὴν

1998 5593 2165 5661 αὐτὴν
2201 5594 2408 5646 ἔννοιαν
2453 5595 2607 5662 φέρει
2647 5596 2725 5666 τῷ
2760 5599 2822 5649 ὲκ
2863 5597 3081 5669 [ἰατρὸς
3131 5601 3564 5672 ἐκπορεύεσθαι,

2001 5687 2112 5742 ἀλλ’
2149 5686 2298 5739 οὐδὲν
2328 5683 2485 5756 ἧττον
2527 5689 2620 5740 καὶ
2649 5688 2708 5740 τὸ
2734 5687 3036 5758 λαμϐάνειν
3065 5693 3128 5746 ὲκ
3159 5693 3254 5748 τοῦ
3287 5694 3441 5763 res,
3465 5697 3570 5752 καὶ
