3966 6218
391 383 502 451 265

1358 397 1747 462 APOLOGIA
1788 404 1869 463 ΙΝ
1877 405 2283 471 SCRIPTJON
2296 413 2406 473 ΗΜ
2443 414 2678 478 VECCI.

3529 427 3642 490 366

393 499 554 552 τοῦτο
585 497 747 552 πᾶλιν
781 500 918 570 πρὸς
984 501 1194 568 πολλοῖς
1228 505 1406 573 ἄλλοις
1436 511 1706 582 Κύριλλος
1761 533 1964 587 μαρτυ-

2091 521 2199 589 |uia
2253 523 2418 577 etiam
2469 527 2612 581 istud
2666 528 2906 584 nominis
2959 530 3220 599 Spiritus,
3251 547 3376 596 cum
3407 535 3479 590 sit
3504 537 3646 595 rela-

397 590 576 658 ρήσει.
614 589 703 652 Ὠς
749 590 859 661 γὰρ
894 594 1080 663 προϊὸν
1115 594 1185 648 δι’
1218 597 1386 652 αὐτοῦ
1450 605 1720 670 φυσικῶς,
1758 601 1846 661 οἵα
1899 609 1964 675 δὴ

396 677 526 732 ἴδιον
561 679 732 731 αὐτοῦ
790 697 947 750 φησι,
1003 685 1143 752 μετὰ
1197 687 1410 742 πάντων
1435 685 1511 744 ὧν
1567 693 1704 763 ἔχει,
1744 697 1967 762 τελείως

390 770 691 839 λαμϐάνειν
725 770 946 840 λέγεται
983 775 1050 828 τὰ
1074 777 1266 833 αὐτοῦ.

2077 611 2272 674 tivum,
2329 615 2396 667 ad
2448 617 2748 684 spirantem
2780 620 3072 687 referatur,
3101 631 3156 677 et
3189 623 3257 679 ab
3289 639 3356 678 eo
3379 626 3646 692 spiretur,

2076 705 2234 772 cujus
2284 707 2452 760 etiam
2515 725 2637 764 esse
2669 711 2893 767 dicitur.
2924 715 3102 784 Atque
3133 716 3208 770 ita
3231 733 3356 771 cum
3390 717 3650 773 adversa-

2079 793 2190 848 rios
2218 805 2405 864 petere
2431 798 2745 881 videantur,
2773 818 2831 858 se
2867 804 3014 873 ipsos
3045 806 3211 862 ferire
3242 809 3647 879 reperirentur.

393 866 547 972 Quod
608 877 796 923 autem
851 886 959 926 non
1225 875 1358 932 illud
1423 876 1536 936 dici
1599 882 1866 953 Spiritum
1935 889 2218 958 preprium
2272 891 2419 958 Filii,
2473 895 2569 950 sed
2618 873 2787 952 etiam
2853 866 2990 954 illud
3026 902 3228 957 aFilio
3269 866 3522 972 accipere
3579 906 3646 960 ad

394 960 640 1015 eamdem
691 973 940 1060 spectent
984 960 1418 1039 intelligentiam,
1471 977 1539 1029 ad
1595 992 1760 1046 quam
1828 979 1995 1034 etiam
2038 983 2279 1051 pertinet
2312 985 2448 1041 illud
2480 1002 2546 1042 ex
2603 989 2766 1045 Patre
2812 992 3144 1060 procedere;
3188 995 3290 1048 hoc
3314 960 3479 1050 etiam
3521 1011 3648 1050 rur-

394 1069 488 1109 sus
537 1071 660 1158 cum
715 1059 909 1158 multis
957 1061 1080 1116 aliis
1128 1063 1366 1134 Cyrillus
1393 1069 1705 1125 testabitur.
1739 1071 1976 1139 Etenim,
2019 1086 2298 1148 tanquam,
2341 1082 2543 1151 inquit,
2586 1099 2688 1153 per
2757 1085 2938 1156 ipsum
2989 1085 3239 1158 (Filium)
3319 1089 3646 1144 naturaliter

393 1150 702 1255 procedens
741 1152 1008 1225 (Spiritus
1080 1165 1328 1234 sanctus)
1373 1173 1565 1235 utpote
1628 1159 1885 1240 proprius
1919 1171 2040 1244 ejus
2079 1189 2188 1230 una
2241 1191 2368 1232 cum
2425 1150 2685 1236 omnibus
2736 1150 2858 1252 quae
2897 1150 3090 1249 habet,
3121 1150 3367 1254 periecte
3393 1185 3650 1255 accipere

392 1261 493 1301 sua
519 1247 746 1304 dicitur.

810 1370 920 1426 Τοῦ
955 1371 1181 1431 Βόκχου
1215 1378 1300 1443 εἰς
1325 1378 1441 1447 τὴν
1465 1380 1540 1444 ς’.

481 1482 703 1556 Ἐπειδὴ
734 1486 842 1540 eici
871 1506 1021 1554 τινες
1046 1491 1302 1560 λέγοντες
1331 1496 1616 1567 διαφέρειν
1643 1502 1888 1573 ἀλλήλων
1910 1505 1970 1558 τὸ

397 1573 642 1638 πρόεισι
680 1579 773 1630 καὶ
795 1580 1106 1648 προχεῖται
1157 1585 1254 1638 καὶ
1281 1585 1972 1662 ἐκπορεύεται,,ὲξελέγηο

399 1678 503 1714 σαν
565 1666 645 1725 είς
713 1665 1108 1740 ἀναντίρρητον
1161 1673 1439 1740 ἀπόδειξιν
1496 1679 1589 1732 τοῦ
1646 1681 1971 1750 ίσοδυνάμου

397 1755 580 1808 αὐτῶν
609 1758 666 1810 ai
698 1760 1058 1831 προκείμεναι
1092 1765 1283 1836 ῥήσεις
1336 1768 1432 1822 τοῦ
1464 1769 1621 1838 ἁγίου
1677 1773 1970 1842 Κυρίλλου,

396 1848 494 1901 καὶ
535 1849 657 1918 μετ’
693 1851 867 1915 αὐτὰς
917 1854 974 1906 αἱ
1028 1855 1469 1928 ὑποτεταγμέναι
1536 1862 1730 1925 αὑταῖς
1787 1865 1974 1935 ἕτεραι

399 1937 588 2005 ῥήσεις
618 1940 730 1992 τῶν
789 1943 967 1996 ἄλλων
1012 1947 1276 2016 Πατέρων
1321 1950 1430 2003 τῶν
1480 1951 1876 2019 Θεολογούντων
1910 1957 1974 2008 ἐκ

399 2028 614 2098 [ἰατρὸς
641 2034 892 2101 προϊέναι
928 2053 986 2088 τε
1047 2041 1143 2092 καὶ
1169 2040 1555 2110 ἐκπέμπεσθαι
1609 2046 1704 2096 καὶ
1757 2049 1975 2116 προχεῖ-

402 2118 526 2174 σθαι
559 2123 618 2175 τὸ
674 2124 923 2196 Πνεῦμα,
954 2131 1012 2182 ἐν
1045 2131 1290 2196 ἐκείναις
1338 2136 1460 2196 ταῖς
1513 2138 1866 2204 περικοπαίς,
1918 2138 1974 2188 έν

400 2205 490 2273 αἷς
537 2210 767 2284 ἔμελλον
799 2218 982 2287 λέγειν
1035 2222 1099 2274 ὲκ
1127 2225 1342 2294 Πατρδς
1373 2225 1508 2280 αὐτὸ
1551 2226 1972 2298 ἐκπορεύεσθαι.

973 2339 1092 2394 Τοῦ
1136 2341 1416 2412 Παλαμᾶ.

472 2452 584 2522 Τῆς
601 2452 956 2522 ἀναισθησίας
979 2456 991 2507 !
1021 2455 1104 2517 τίς
1134 2458 1243 2527 γὰρ
1269 2459 1365 2510 ούκ
1389 2455 1528 2512 οἶδεν
1554 2461 1635 2514 ὅτι
1659 2460 1718 2514 τὸ
1739 2465 1978 2530 πρόεισι

401 2543 625 2612 λέγεται
680 2547 776 2598 καὶ
827 2547 920 2598 ἐπὶ
952 2544 1047 2599 τοῦ
1099 2547 1266 2600 Υίοῦο
1297 2552 1356 2603 τὸ
1408 2551 1464 2603 δὲ
1493 2551 1907 2620 ἐκπορεύεται,
1943 2555 1974 2625 ἢ

401 2636 713 2704 ¹προχεῖται
742 2637 1032 2704 omittere;
1091 2641 1345 2710 καθάπερ
1402 2645 1499 2696 καὶ
1547 2645 1608 2697 τὸ
1665 2647 1977 2713 προχεῖται

407 2727 616 2795 κυρίως
645 2729 737 2780 ἐπὶ
769 2730 866 2798 τῆς
912 2731 1204 2801 χορηγίας,
1235 2733 1349 2786 ἔστι
1380 2735 1428 2786 δ’
1465 2736 1554 2788 ὅτε
1586 2737 1682 2790 καὶ
1719 2740 1846 2809 περὶ
1877 2739 1978 2809 τῆς

403 2819 791 2889 ἑκπορεύσεως
840 2822 1084 2892 λέγεται.
1120 2827 1326 2892 Βέκκος
1357 2829 1414 2882 δὲ
1462 2823 1620 2895 οὗτος
1648 2833 1743 2887 καὶ
1772 2835 1821 2887 ot
1856 2835 1977 2887 κατ’

404 2911 569 2966 αὐτὸν
599 2915 764 2984 μηδὲν
798 2916 1080 2987 διαφέρειν
1122 2919 1370 2991 ἀλλήλων
1410 2921 1768 2978 διατείνονται
1801 2925 1978 2980 ταῦτα

401 3003 680 3069 δυσσεϐῶς
729 3008 867 3077 ὁμοῦ
917 3011 1013 3063 καὶ
1043 3011 1301 3076 ἀναιδῶς.
1353 3015 1420 3066 Δί
1488 3016 1599 3083 γὰρ
1634 3015 1980 3084 συλλεγεῖσαι

404 3098 514 3153 τῶν
567 3099 743 3166 ἁγίων
769 3102 1009 3157 ἐνταῦθα
1041 3106 1254 3174 ῥήσεις,
1285 3107 1374 3177 ἐφ’
1401 3104 1476 3162 ὧν
1528 3107 1641 3162 ἔσθ’
1684 3109 1776 3162 ὅτε
1807 3110 1982 3166 ταῦτα

2622 1392 2771 1447 νεεσὶ
2810 1393 2864 1446 in
2895 1400 3124 1447 sextam.

2151 1507 2422 1573 Quoniam
2479 1515 2610 1562 sunt
2689 1507 2781 1576 qui
2842 1507 3057 1573 dicant,
3116 1506 3338 1562 differre
3392 1506 3537 1562 inter
3593 1520 3652 1560 se

2076 1595 2180 1651 ista
2204 1600 2449 1665 nomina,
2476 1597 2851 1666 proﬁciscitur,
2910 1600 3151 1667 proﬂuit,
3187 1609 3353 1668 atque
3381 1597 3640 1666 procedit,

2077 1688 2145 1742 ad
2176 1687 2410 1743 ﬁrmiter
2445 1689 2932 1744 demonstrandam
2978 1691 3175 1744 horum
3221 1691 3486 1760 aequalem
3543 1688 3652 1741 vim

2075 1787 2240 1846 atque
2271 1788 2554 1842 naturam,
2586 1779 2882 1848 selegimus
2937 1781 3215 1851 subjectas
3245 1781 3424 1834 sancti
3458 1778 3648 1850 Cyrilli

2077 1870 2406 1934 sententias,
2466 1880 2592 1938 post
2645 1886 2783 1940 quas
2809 1871 3199 1941 subiungimus
3229 1871 3337 1924 illis
3360 1871 3463 1924 alia
3498 1871 3641 1925 dicta

2076 1961 2310 2016 aliorum
2369 1963 2612 2027 Patrum,
2675 1963 2770 2032 qui
2864 1963 2918 2015 in
2992 1962 3060 2016 iis
3134 1961 3512 2016 decisionibus
3597 1969 3651 2014 et

2077 2055 2436 2124 περικοπαῖς,
2495 2055 2552 2107 ἱη
2601 2053 2807 2123 quibus
2840 2053 3044 2108 dicturi
3078 2063 3256 2118 erant,
3289 2051 3558 2122 Spiritum
3584 2066 3651 2106 ex

2078 2145 2240 2198 Patre
2267 2144 2592 2212 procedere,
2619 2161 2648 2198 a
2679 2145 2842 2199 Patre
2872 2144 3051 2213 ipsum
3086 2145 3389 2214 proficisci,
3414 2144 3650 2208 etmitti,

2078 2244 2242 2305 atque
2271 2236 2570 2305 proﬂuere,
2603 2228 2914 2305 theologice
2947 2245 3401 2291 commemorant.

2734 2348 3002 2404 Palamw.

2149 2463 2194 2520 Ο
2225 2462 2583 2519 stoliditatem
2617 2461 2892 2516 hominist
2945 2461 3070 2531 quis
3095 2462 3243 2516 enim
3275 2462 3487 2516 nesciat
3513 2461 3650 2516 illud

2080 2549 2344 2619 proﬁcisci
2399 2549 2566 2604 etiam
2634 2548 2690 2602 in
2740 2547 2877 2602 Filio
2930 2548 3039 2603 dici
3095 2549 3423 2618 :procedere
3465 2557 3650 2603 autem

2081 2641 2165 2695 vel
2224 2644 2488 2711 proﬂuere
2546 2643 2876 2710 nunquam?
2943 2642 3088 2696 sicut
3157 2641 3322 2696 etiam
3389 2643 3650 2712 proﬂuere

2082 2735 2304 2804 proprie
2334 2735 2388 2788 in
2414 2735 2710 2805 largitione
2730 2735 3002 2788 donorum
3029 2772 3043 2796 ,
3066 2734 3399 2803 quandoque
3431 2746 3561 2786 vero
3593 2741 3652 2786 et

2081 2825 2151 2879 de
2185 2825 2545 2894 processione
2563 2824 2790 2880 dicitur.
2823 2827 2934 2879 Iste
2967 2833 3155 2878 autem
3187 2822 3422 2886 Veeeus,
3454 2821 3650 2890 suique

2081 2915 2311 2981 similes,
2375 2915 2512 2970 nihil
2558 2915 2664 2971 ista
2718 2916 2868 2969 inter
2923 2929 2984 2970 se
3032 2913 3260 2970 differre
3301 2913 3469 2983 impie
3489 2911 3655 2968 simul

2081 3014 2247 3076 atque
2298 3007 2652 3077 impudenter
2699 3007 3066 3063 contendunt.
3124 3006 3363 3069 Etenim,
3413 3019 3535 3074 quae
3564 3002 3659 3056 hic

2083 3103 2216 3150 sunt
2261 3096 2508 3152 collectae
2534 3106 2854 3152 sanctorum
2903 3096 3286 3158 auctoritates,
3323 3108 3447 3147 cum
3475 3100 3660 3148 osten-

409 3191 762 3261 συντρέχουσι
813 3192 1114 3258 δεικνῦσαι,
1173 3196 1274 3269 τὴν
1329 3198 1466 3268 πρὸς
1519 3198 1724 3270 ᾶλληὶα.
1770 3198 1976 3254 τούτων

2091 3187 2242 3253 dunt,
2284 3185 2340 3242 in
2379 3187 2582 3258 quibus
2613 3189 2910 3257 aliquando
2933 3189 3034 3243 ista
3053 3183 3654 3248 concurrantnomina,

405 3279 673 3350 διαφορὰν
699 3284 1017 3356 ἀναιροῦσιν
1051 3287 1326 3358 οὐδαμῶς.

869 3397 986 3453 Τοῦ
1017 3401 1216 3470 σοφοῦ
1248 3403 1522 3473 Νικαίας.

490 3506 634 3560 Ἀλλ’
671 3509 721 3562 εἱ
770 3510 951 3574 καλῶς
983 3513 1211 3582 ἐφίστας
1256 3517 1510 3586 Κυρίλλῳ
1568 3517 1646 3588 τῷ
1701 3519 1979 3591 μακαρίῳ,

408 3595 566 3669 εὗρες
594 3600 659 3655 ἃν
693 3603 870 3656 καὶτὸ
905 3605 1302 3674 ἐκπορεύεσθαι
1337 3611 1432 3662 ἐπὶ
1469 3608 1562 3663 τοῦ
1592 3608 1724 3663 Υίοῦ
1751 3611 1984 3679 λέγοντα

409 3691 470 3741 ἐν
500 3693 568 3760 τῇ
616 3692 698 3755 εἰς
745 3693 806 3745 τδ
836 3695 975 3748 κατὰ
1009 3696 1265 3768 Ἰωάννην
1295 3699 1464 3753 αὐτοῦ
1515 3701 1873 3772 πραγματείᾳ
1903 3705 1984 3765 είς

409 3780 472 3834 τὸ
503 3783 667 3852 ῥητὸν
698 3785 779 3848 τὸ,
805 3787 984 3840 Ὅταν
1007 3785 1120 3843 οὖν
1141 3790 1291 3860 ἔλθῃ
1318 3795 1349 3845 ὀ
1372 3794 1781 3863 Παράλλητος·
1807 3796 1855 3848 εί
1873 3797 1982 3865 γὰρ

410 3875 510 3925 ούκ
542 3877 604 3926 ὲκ
633 3877 726 3929 τοῦ
783 3880 1016 3948 Πατρδς,
1051 3883 1237 3950 φησὶν,
1269 3883 1656 3952 ἐκπορεύεται,
1697 3887 1984 3940 τουτέστιν

409 3966 476 4016 ἐκ
523 3965 622 4036 τῆς
680 3967 869 4032 οὐσίας
916 3970 1080 4024 αὐτοῦ
1129 3972 1462 4044 καθ’ἡμᾶςο
1507 3977 1602 4029 καὶ
1655 3979 1762 4046 πρδ
1791 3979 1982 4030 τούτου

409 4053 575 4106 αὐτὸν
603 4047 694 4109 τὸν
730 4059 958 4129 Σωτῆρα
991 4063 1119 4132 περὶ
1171 4064 1367 4116 ἑαυτοῦ
1409 4064 1637 4131 λέγοντα
1663 4083 1679 4098 ο
1723 4065 1872 4135 Ἐγὼ
1915 4068 1986 4121 ἐκ

410 4145 518 4200 τοῦ
540 4150 772 4216 Πατρός
792 4151 1080 4220 ἐξῆλθον,
1107 4153 1207 4208 καὶ
1231 4155 1377 4222 ἥκω.
1401 4155 1568 4209 Ὅθεν
1595 4158 1690 4209 καὶ⁵
1714 4157 1984 4226 Κύριλλος

410 4237 704 4307 διδαχθεὶς,
759 4241 821 4292 ὲκ
850 4241 944 4292 τοῦ
972 4241 1186 4311 Πατρός
1229 4261 1364 4312 φησι
1401 4244 1493 4297 τὸν
1528 4245 1656 4298 Υίὸν
1686 4247 1989 4317 ἐκπορεύε-

413 4330 559 4384 σοαι.
598 4333 661 4384 Εἰ
693 4331 751 4384 δὲ
796 4333 871 4403 μὴ
901 4335 996 4386 καὶ
1029 4335 1089 4387 τὸ
1121 4337 1450 4405 προχεῖσθαι
1475 4338 1714 4403 λέγεται,
1755 4339 1988 4408 λεγόμε-

415 4439 506 4475 νον
539 4423 635 4476 ἐπὶ
665 4423 758 4476 τοῦ
810 4424 1152 4494 Πνεύματος,
1195 4427 1350 4480 οὐδὲν
1381 4427 1720 4497 θαυμαστὸν,
1773 4429 1851 4498 τῷ
1889 4429 1989 4500 μὲν

2086 3277 2283 3333 horum
2317 3277 2464 3334 inter
2490 3293 2549 3335 se
2579 3275 2879 3334 discrimen
2911 3277 3138 3332 minime
3166 3275 3388 3331 tollunt.

2599 3392 2870 3464 Sapientis
2911 3390 3142 3446 Niemni.

2158 3515 2383 3576 Verum,
2440 3511 2487 3566 si
2543 3510 2859 3570 accusatius
2899 3509 3145 3564 animum
3202 3506 3540 3563 intendisses
3589 3508 3660 3562 ad

2086 3607 2309 3662 beatum
2341 3603 2633 3677 Cyrillum,
2670 3602 2982 3664 invenisses
3028 3599 3218 3669 utique
3249 3613 3376 3653 eum
3407 3598 3501 3668 qui
3530 3613 3661 3667 pro-

2087 3697 2288 3754 cedere
2345 3697 2510 3751 etiam
2567 3695 2622 3749 in
2667 3693 2809 3748 Filio
2854 3692 3114 3762 ponit,l_in
3146 3689 3572 3754 Commentariis
3604 3690 3660 3744 in

2086 3789 2374 3854 Joannem,
2405 3788 2461 3842 in
2498 3785 2634 3840 illud
2682 3785 2892 3840 dictum
2926 3803 2940 3839 :
2977 3783 3116 3838 Cum
3139 3785 3302 3854 igitur
3335 3783 3532 3836 venerit
3557 3781 3664 3836 Pa-

2089 3882 2339 3936 racletus.
2389 3878 2445 3934 Si
2504 3876 2653 3932 enim
2705 3892 2771 3931 ex
2820 3876 3001 3940 Patre,
3034 3874 3235 3944 inquit,
3266 3888 3377 3928 non
3409 3873 3663 3942 procedit

2090 3973 2330 4044 (Filius),
2365 3972 2470 4026 ltoc
2523 3978 2610 4024 est
2651 3985 2718 4023 ex
2771 3966 3084 4022 substantia
3147 3967 3324 4035 ipsius
3351 3966 3660 4021 secundum

2089 4081 2212 4120 nos.
2269 4065 2335 4118 Et
2378 4071 2503 4116 ante
2528 4060 2816 4132 Cyrillum,
2847 4058 3211 4119 Salvatorem,
3239 4057 3333 4126 qui
3357 4057 3424 4111 de
3454 4072 3512 4111 se
3543 4057 3662 4125 ipso

2090 4156 2208 4212 ait:
2246 4158 2358 4226 Ego
2399 4170 2463 4208 ex
2500 4154 2663 4206 Patre
2689 4151 2937 4220 processi,
2970 4158 3018 4202 et
3043 4150 3180 4202 veni.
3220 4148 3378 4203 Unde
3409 4157 3466 4202 et
3492 4147 3665 4218 Cyril-

2091 4243 2177 4298 lus
2208 4243 2460 4307 edoctus,
2491 4256 2557 4296 ex
2593 4240 2754 4294 Patre
2787 4239 2866 4293 ait
2914 4238 3113 4292 Filium
3145 4236 3469 4307 procedere.
3504 4237 3664 4303 Quod

2092 4336 2140 4391 si
2199 4335 2498 4404 proﬂuere,
2552 4333 2702 4402 quod
2755 4332 2823 4386 de
2853 4331 3066 4400 Spiritu
3094 4332 3328 4396 dicitur,
3359 4347 3468 4386 non
3495 4330 3661 4386 etiam

2092 4428 2161 4483 de
2197 4428 2863 4488 Filiocommemoratur,
2900 4441 3008 4479 non
3045 4434 3131 4480 est
3162 4424 3384 4488 mirum,
3412 4439 3537 4478 cum
3562 4423 3665 4478 ista

417 4516 788 4585 σχηματισμῴ
824 4515 921 4570 τοῦ
973 4507 1293 4588 Πνεύματος
1323 4520 1591 4591 ὀνόματος
1636 4522 1979 4592 ἁρμοζούσης

2093 4534 2198 4575 rox
2253 4521 2485 4589 ﬁgurato
2556 4517 2764 4571 nomini
2824 4517 3090 4586 Spiritus,
3155 4533 3266 4570 non
3335 4525 3518 4570 autem
3544 4516 3663 4570 Filii

415 4609 620 4678 ταύτης
644 4609 741 4677 τῆς
769 4607 987 4676 λέξεως,
1018 4611 1079 4662 ού
1113 4612 1298 4680 μέντοι
1329 4614 1423 4666 καὶ
1477 4615 1572 4666 τοῦ
1605 4614 1760 4679 Υἱοΰ,
1795 4613 1982 4684 ὥσπερ

416 4695 592 4767 οἶμαι,
625 4700 722 4754 καὶ
752 4701 829 4770 τῷ
861 4701 960 4770 μὲν
987 4701 1082 4754 τοῦ
1105 4701 1237 4755 Υἱοῦ
1260 4704 1357 4774 τῆς
1380 4705 1687 4773 γεννήσεως
1718 4710 1811 4760 καὶ
1839 4705 1986 4775 μάλα

416 4793 757 4865 πρεπούσης,
794 4794 870 4864 τῷ
901 4794 958 4848 δὲ
996 4794 1090 4848 τοῦ
1119 4796 1439 4866 Πνεύματος
1467 4799 1526 4850 οὐ
1554 4799 1983 4870 συμϐαινούσης.

418 4888 490 4939 Ού
526 4887 616 4940 διὰ
673 4885 834 4940 τοῦτο
867 4886 1049 4956 μέντοι
1081 4887 1309 4951 δικαίως
1359 4889 1480 4957 ἐρεῖ
1507 4890 1720 4960 nati);
1769 4891 1889 4942 ἐπεὶ
1923 4889 1985 4942 τὸ

417 4980 711 5046 γεννᾶσθαι
742 4979 803 5032 τὸ
832 4979 890 5043 ἐξ
911 4980 1088 5032 αἰτίου
1109 4973 1248 5035 εἶναι
1279 4979 1558 5051 σημαίνει,
1588 4981 1729 5050 τὸδὲ
1760 4981 1984 5051 Πνεῦμα

416 5067 477 5118 οὐ
502 5069 760 5135 γεννᾶται
820 5069 885 5121 ἐκ
906 5067 999 5120 τοῦ
1034 5069 1269 5140 Πατρὺς,
1331 5069 1452 5135 ἀλλ’
1500 5073 1885 5141 ἐκπορεύεται,
1927 5073 1986 5126 τὸ

419 5160 816 5231 ἐκπορεύεσθαι
843 5159 906 5212 ού
936 5161 1192 5235 σημαίνει
1223 5161 1284 5214 τὸ
1312 5160 1371 5228 ἐξ
1405 5163 1578 5226 αἰτίου
1611 5165 1899 5232 ὑπάρχειν,
1923 5158 1985 5217 οὗ

417 5251 798 5321 ἐκπορεύεται.
825 5249 997 5304 Τοῦτο
1028 5251 1134 5321 γὰρ
1159 5250 1454 5321 ἀδιανόητα
1501 5253 1774 5318 λεγόντων
1810 5254 1980 5310 ἐστίν.

421 5344 582 5400 Ὥστε
614 5363 698 5399 σοι
739 5343 1110 5410 διασέσεισται
1139 5344 1201 5397 τό
1225 5361 1300 5413 γε,
1334 5343 1584 5398 ἐντεῦθεν
1623 5347 1898 5402 δεικνύναι
1923 5349 1982 5402 τὸ

414 5443 518 5494 τῶν
545 5441 745 5506 λέξεων
780 5438 984 5504 τούτων
1022 5437 1302 5508 διάφορον.
1347 5437 1500 5490 Ἐπε)⁸
1549 5437 1593 5489 δ’
1625 5439 1718 5491 ἐπὶ
1755 5438 1888 5492 Υίοῦ
1919 5457 1978 5492 τε

414 5535 506 5586 καὶ
535 5534 859 5599 Πνεὺματος
909 5529 1109 5600 ὁμοίως
1138 5529 1359 5598 λέγεται
1395 5527 1587 5596 ταῦτα,
1623 5531 1719 5584 καὶ
1755 5531 1981 5599 προσέτι

412 5629 445 5694 ἡ
467 5627 562 5678 τεῦ
596 5626 916 5694 [Ῑνεύματος
947 5625 1172 5694 πρόοδος
1210 5624 1307 5676 καὶ
1335 5623 1660 5693 ὲκπόρευτις
1707 5623 1979 5689 καλεῖται,

413 5717 505 5770 καὶ
532 5716 821 5785 πρὲχυσις,
866 5717 958 5768 καὶ
986 5714 1230 5785 πρόοδος,
1263 5714 1338 5776 ὡς
1388 5713 1585 5764 ταυτὸν
1635 5713 1844 5766 τούτων
1889 5714 1982 5766 δυ-

415 5809 664 5874 ναμένων
721 5810 997 5872 ἁπάντων,
1031 5807 1182 5870 οὐδὲν
1233 5806 1377 5859 ἔοικε
1426 5805 1702 5872 διαφέρειν
1736 5805 1980 5868 ἀλλήλων

2098 4615 2384 4678 congruat.
2435 4606 2909 4672 Quemadmodum
2988 4606 3128 4660 Filio
3199 4623 3417 4676 quoque
3465 4621 3665 4662 nomen

2097 4699 2468 4770 generationis
2492 4698 2645 4752 valde
2673 4697 2988 4764 convenire,
3019 4697 3252 4768 Spiritui
3279 4715 3408 4754 vero
3433 4699 3663 4752 minime

2100 4793 2370 4863 quadrare
2394 4791 2674 4846 existimo.
2700 4790 2818 4844 Non
2849 4800 3028 4844 tamen
3072 4798 3359 4860 propterea
3382 4790 3530 4845 dicet
3563 4790 3669 4843 ali-

2101 4885 2248 4955 quis,
2289 4882 2549 4952 quoniam
2606 4882 2750 4952 gigni
2781 4897 2810 4935 a
2853 4896 3018 4936 causa
3052 4895 3174 4937 esse
3219 4880 3512 4952 signiﬁcat,
3547 4881 3670 4950 Spi-

2097 4978 2239 5032 ritus
2273 4987 2457 5031 autem
2508 4991 2538 5028 a
2594 4975 2756 5028 Patre
2813 4990 2922 5028 non
2955 4973 3221 5044 gignitur,
3261 4973 3356 5028 sed
3393 4973 3663 5042 procedit,

2096 5069 2396 5139 procedere
2444 5083 2552 5120 non
2594 5081 2624 5119 a
2649 5080 2812 5120 causa
2843 5079 2966 5119 esse
3013 5065 3239 5127 indicat,
3271 5079 3302 5119 a
3335 5080 3445 5134 quo
3474 5080 3664 5135 procc-

2095 5162 2199 5216 dit.
2267 5159 2380 5213 lloc
2429 5158 2575 5214 enim
2638 5165 2724 5214 est
2779 5156 2984 5220 dicere,
3013 5171 3135 5225 quae
3157 5156 3488 5227 cogitatione
3518 5172 3670 5212 com-

2098 5250 2437 5322 prehendere
2492 5263 2754 5320 nequeas.
2802 5246 2982 5312 Quare
3042 5245 3174 5301 illud
3227 5247 3347 5312 tibi,
3379 5263 3449 5302 ne
3472 5247 3666 5301 harum

2096 5357 2292 5401 vocum
2324 5341 2623 5397 discrimen
2660 5339 2787 5393 hinc
2820 5340 3054 5408 probes,
3088 5339 3493 5394 concussimus.
3523 5337 3669 5403 Quo-

2095 5436 2248 5491 niam
2295 5450 2424 5489 vero
2476 5444 2585 5488 tam
2640 5431 2708 5486 de
2760 5432 2914 5496 Filio,
2965 5447 3127 5499 quam
3172 5431 3238 5485 de
3273 5431 3474 5499 Spiritu
3511 5446 3668 5501 aeque

2099 5528 2198 5582 ista
2228 5534 2756 5583 commemorantur.
2813 5532 2868 5576 et
2900 5533 3164 5593 praeterea
3200 5523 3440 5591 Spiritus
3487 5522 3668 5582 sancti

2094 5621 2374 5691 processio
2431 5617 2737 5687 appellatur
2787 5616 2952 5670 etiam
3003 5617 3302 5686 processio,
3353 5624 3409 5670 et
3449 5615 3666 5679 eﬂttsio.

2093 5724 2258 5782 atque
2315 5725 2626 5781 processus,
2695 5720 2948 5778 tanquam
3016 5710 3116 5764 ista
3170 5709 3350 5772 omnia
3390 5708 3530 5770 idem
3565 5706 3668 5772 sibi

2095 5805 2285 5866 vrlint,
2319 5802 2450 5857 nihil
2477 5801 2576 5869 ista
2611 5799 2832 5868 nomina
2865 5800 3007 5865 intvr
3053 5815 3108 5853 sc
3139 5799 3360 5864 dilTerrc
3387 5800 3666 5858 videntur;
