  <div class='ocr_page' id='page_1' title='image "/cluster/home/n/w/nwhite01/storage/ocr_20150623/161/hvd.32044073502700/237.png"; bbox 0 0 3966 6218; ppageno 0'>
   <div class='ocr_carea' id='block_1_1' title="bbox 381 410 485 482">
    <p class='ocr_par' dir='ltr' id='par_1_1' title="bbox 381 410 485 482">
     <span class='ocr_line' id='line_1_1' title="bbox 381 410 485 482; baseline -0.029 -1"><span class='ocrx_word' id='word_1_1' title='bbox 381 410 485 482; x_wconf 73' lang='grc'><strong>271</strong></span> 
     </span>
    </p>
   </div>
   <div class='ocr_carea' id='block_1_2' title="bbox 1041 523 1302 588">
    <p class='ocr_par' dir='ltr' id='par_1_2' title="bbox 1041 523 1302 588">
     <span class='ocr_line' id='line_1_2' title="bbox 1041 523 1302 588; baseline 0 -11"><span class='ocrx_word' id='word_1_2' title='bbox 1041 523 1175 588; x_wconf 77' lang='lat' dir='ltr'><strong>Palu</strong></span> <span class='ocrx_word' id='word_1_3' title='bbox 1185 540 1302 578; x_wconf 68' lang='lat' dir='ltr'><strong>mea.</strong></span> 
     </span>
    </p>
   </div>
   <div class='ocr_carea' id='block_1_3' title="bbox 449 630 1950 704">
    <p class='ocr_par' dir='ltr' id='par_1_3' title="bbox 449 630 1950 704">
     <span class='ocr_line' id='line_1_3' title="bbox 449 630 1950 704; baseline 0.005 -19"><span class='ocrx_word' id='word_1_4' title='bbox 449 630 756 687; x_wconf 67' lang='lat' dir='ltr'><strong>Praesentes</strong></span> <span class='ocrx_word' id='word_1_5' title='bbox 787 632 992 703; x_wconf 88' lang='lat' dir='ltr'><strong>scripto</strong></span> <span class='ocrx_word' id='word_1_6' title='bbox 1049 636 1445 692; x_wconf 59' lang='lat' dir='ltr'><strong>commendatae</strong></span> <span class='ocrx_word' id='word_1_7' title='bbox 1476 638 1781 704; x_wconf 85' lang='lat' dir='ltr'><strong>sententiae,</strong></span> <span class='ocrx_word' id='word_1_8' title='bbox 1819 654 1950 696; x_wconf 84' lang='lat' dir='ltr'><strong>con-</strong></span> 
     </span>
    </p>
   </div>
   <div class='ocr_carea' id='block_1_4' title="bbox 377 719 1948 797">
    <p class='ocr_par' dir='ltr' id='par_1_4' title="bbox 377 719 1948 797">
     <span class='ocr_line' id='line_1_4' title="bbox 377 719 1948 797; baseline 0.004 -21"><span class='ocrx_word' id='word_1_9' title='bbox 377 719 892 777; x_wconf 84' lang='lat' dir='ltr'><strong>substantialitatem</strong></span> <span class='ocrx_word' id='word_1_10' title='bbox 939 722 1199 794; x_wconf 89' lang='lat' dir='ltr'><strong>Spiritus,</strong></span> <span class='ocrx_word' id='word_1_11' title='bbox 1229 742 1396 797; x_wconf 88' lang='lat' dir='ltr'><strong>quam</strong></span> <span class='ocrx_word' id='word_1_12' title='bbox 1439 728 1604 783; x_wconf 87' lang='lat' dir='ltr'><strong>habet</strong></span> <span class='ocrx_word' id='word_1_13' title='bbox 1639 727 1704 782; x_wconf 92' lang='lat' dir='ltr'><strong>ad</strong></span> <span class='ocrx_word' id='word_1_14' title='bbox 1735 730 1948 784; x_wconf 86' lang='lat' dir='ltr'><strong>Patrem</strong></span> 
     </span>
    </p>
   </div>
   <div class='ocr_carea' id='block_1_5' title="bbox 375 809 1953 890">
    <p class='ocr_par' dir='ltr' id='par_1_5' title="bbox 375 809 1953 890">
     <span class='ocr_line' id='line_1_5' title="bbox 375 809 1953 890; baseline 0.005 -24"><span class='ocrx_word' id='word_1_15' title='bbox 375 819 427 866; x_wconf 92' lang='lat' dir='ltr'><strong>et</strong></span> <span class='ocrx_word' id='word_1_16' title='bbox 453 809 673 873; x_wconf 87' lang='lat' dir='ltr'><strong>Filium,</strong></span> <span class='ocrx_word' id='word_1_17' title='bbox 705 814 887 884; x_wconf 85' lang='lat' dir='ltr'><strong>quoad</strong></span> <span class='ocrx_word' id='word_1_18' title='bbox 921 815 1042 884; x_wconf 83' lang='lat' dir='ltr'><strong>ejus</strong></span> <span class='ocrx_word' id='word_1_19' title='bbox 1079 817 1199 872; x_wconf 88' lang='lat' dir='ltr'><strong>iieri</strong></span> <span class='ocrx_word' id='word_1_20' title='bbox 1235 821 1413 888; x_wconf 79' lang='lat' dir='ltr'><strong>possit</strong></span> <span class='ocrx_word' id='word_1_21' title='bbox 1459 820 1729 890; x_wconf 80' lang='lat' dir='ltr'><strong>exemplis</strong></span> <span class='ocrx_word' id='word_1_22' title='bbox 1775 820 1953 876; x_wconf 87' lang='lat' dir='ltr'><strong>mani-</strong></span> 
     </span>
    </p>
   </div>
   <div class='ocr_carea' id='block_1_6' title="bbox 286 902 1950 984">
    <p class='ocr_par' dir='ltr' id='par_1_6' title="bbox 286 902 1950 984">
     <span class='ocr_line' id='line_1_6' title="bbox 286 902 1950 984; baseline 0.007 -28"><span class='ocrx_word' id='word_1_23' title='bbox 286 941 292 984; x_wconf 36' lang='lat'><strong>.2</strong></span> <span class='ocrx_word' id='word_1_24' title='bbox 378 902 603 958; x_wconf 70' lang='lat' dir='ltr'><strong>restant.</strong></span> <span class='ocrx_word' id='word_1_25' title='bbox 637 903 761 959; x_wconf 87' lang='lat' dir='ltr'><strong>Non</strong></span> <span class='ocrx_word' id='word_1_26' title='bbox 809 905 956 960; x_wconf 88' lang='lat' dir='ltr'><strong>enim</strong></span> <span class='ocrx_word' id='word_1_27' title='bbox 1018 907 1254 964; x_wconf 81' lang='lat' dir='ltr'><strong>inveniri</strong></span> <span class='ocrx_word' id='word_1_28' title='bbox 1309 918 1493 978; x_wconf 88' lang='lat' dir='ltr'><strong>potest</strong></span> <span class='ocrx_word' id='word_1_29' title='bbox 1531 910 1842 979; x_wconf 82' lang='lat' dir='ltr'><strong>exemplum</strong></span> <span class='ocrx_word' id='word_1_30' title='bbox 1895 911 1950 968; x_wconf 89' lang='lat' dir='ltr'><strong>in</strong></span> 
     </span>
    </p>
   </div>
   <div class='ocr_carea' id='block_1_7' title="bbox 287 994 1952 1082">
    <p class='ocr_par' dir='ltr' id='par_1_7' title="bbox 287 994 1952 1082">
     <span class='ocr_line' id='line_1_7' title="bbox 287 994 1952 1082; baseline 0.004 -32"><span class='ocrx_word' id='word_1_31' title='bbox 287 1065 292 1082; x_wconf 28' lang='grc' dir='ltr'><em>ἲ</em></span> <span class='ocrx_word' id='word_1_32' title='bbox 379 995 497 1051; x_wconf 89' lang='lat' dir='ltr'><strong>Deo</strong></span> <span class='ocrx_word' id='word_1_33' title='bbox 522 994 770 1066; x_wconf 90' lang='lat' dir='ltr'><strong>undique</strong></span> <span class='ocrx_word' id='word_1_34' title='bbox 807 1006 1015 1067; x_wconf 91' lang='lat' dir='ltr'><strong>aptum,</strong></span> <span class='ocrx_word' id='word_1_35' title='bbox 1044 1008 1101 1056; x_wconf 83' lang='lat' dir='ltr'><strong>et</strong></span> <span class='ocrx_word' id='word_1_36' title='bbox 1151 1015 1485 1071; x_wconf 79' lang='lat' dir='ltr'><strong>congruens.</strong></span> <span class='ocrx_word' id='word_1_37' title='bbox 1517 1000 1788 1068; x_wconf 86' lang='lat' dir='ltr'><strong>Quoniam</strong></span> <span class='ocrx_word' id='word_1_38' title='bbox 1819 1017 1952 1058; x_wconf 85' lang='lat' dir='ltr'><strong>vero</strong></span> 
     </span>
    </p>
   </div>
   <div class='ocr_carea' id='block_1_8' title="bbox 288 1083 1950 1162">
    <p class='ocr_par' dir='ltr' id='par_1_8' title="bbox 288 1083 1950 1162">
     <span class='ocr_line' id='line_1_8' title="bbox 288 1083 1950 1162; baseline 0.005 -22"><span class='ocrx_word' id='word_1_39' title='bbox 288 1083 290 1086; x_wconf 74' lang='grc'><em>’</em></span> <span class='ocrx_word' id='word_1_40' title='bbox 374 1094 430 1142; x_wconf 88' lang='lat' dir='ltr'><strong>et</strong></span> <span class='ocrx_word' id='word_1_41' title='bbox 483 1103 624 1158; x_wconf 90' lang='lat' dir='ltr'><strong>aqua</strong></span> <span class='ocrx_word' id='word_1_42' title='bbox 660 1089 780 1143; x_wconf 81' lang='lat' dir='ltr'><strong>viva</strong></span> <span class='ocrx_word' id='word_1_43' title='bbox 815 1089 1117 1145; x_wconf 89' lang='lat' dir='ltr'><strong>secundum</strong></span> <span class='ocrx_word' id='word_1_44' title='bbox 1153 1093 1406 1162; x_wconf 77' lang='lat' dir='ltr'><strong>gratiam,</strong></span> <span class='ocrx_word' id='word_1_45' title='bbox 1462 1099 1517 1148; x_wconf 89' lang='lat' dir='ltr'><strong>et</strong></span> <span class='ocrx_word' id='word_1_46' title='bbox 1573 1094 1950 1162; x_wconf 79' lang='lat' dir='ltr'><strong>operationem</strong></span> 
     </span>
    </p>
   </div>
   <div class='ocr_carea' id='block_1_9' title="bbox 374 1179 1954 1252">
    <p class='ocr_par' dir='ltr' id='par_1_9' title="bbox 374 1179 1954 1252">
     <span class='ocr_line' id='line_1_9' title="bbox 374 1179 1954 1252; baseline 0.005 -20"><span class='ocrx_word' id='word_1_47' title='bbox 374 1179 716 1250; x_wconf 79' lang='lat' dir='ltr'><strong>appellatur.</strong></span> <span class='ocrx_word' id='word_1_48' title='bbox 755 1179 994 1251; x_wconf 86' lang='lat' dir='ltr'><strong>Spiritus</strong></span> <span class='ocrx_word' id='word_1_49' title='bbox 1043 1191 1286 1248; x_wconf 86' lang='lat' dir='ltr'><strong>sanctus,</strong></span> <span class='ocrx_word' id='word_1_50' title='bbox 1332 1182 1498 1252; x_wconf 82' lang='lat' dir='ltr'><strong>hujus</strong></span> <span class='ocrx_word' id='word_1_51' title='bbox 1551 1199 1707 1249; x_wconf 76' lang='lat' dir='ltr'><strong>aquae</strong></span> <span class='ocrx_word' id='word_1_52' title='bbox 1753 1185 1954 1240; x_wconf 88' lang='lat' dir='ltr'><strong>dicitur</strong></span> 
     </span>
    </p>
   </div>
   <div class='ocr_carea' id='block_1_10' title="bbox 373 1267 1956 1345">
    <p class='ocr_par' dir='ltr' id='par_1_10' title="bbox 373 1267 1956 1345">
     <span class='ocr_line' id='line_1_10' title="bbox 373 1267 1956 1345; baseline 0.004 -23"><span class='ocrx_word' id='word_1_53' title='bbox 373 1267 500 1325; x_wconf 77' lang='lat' dir='ltr'><strong>fons</strong></span> <span class='ocrx_word' id='word_1_54' title='bbox 530 1280 586 1325; x_wconf 92' lang='lat' dir='ltr'><strong>et</strong></span> <span class='ocrx_word' id='word_1_55' title='bbox 609 1271 785 1341; x_wconf 77' lang='lat' dir='ltr'><strong>Pater,</strong></span> <span class='ocrx_word' id='word_1_56' title='bbox 807 1280 863 1326; x_wconf 87' lang='lat' dir='ltr'><strong>et</strong></span> <span class='ocrx_word' id='word_1_57' title='bbox 886 1271 1075 1334; x_wconf 84' lang='lat' dir='ltr'><strong>Filius,</strong></span> <span class='ocrx_word' id='word_1_58' title='bbox 1101 1273 1431 1342; x_wconf 85' lang='lat' dir='ltr'><strong>quandoque</strong></span> <span class='ocrx_word' id='word_1_59' title='bbox 1455 1289 1586 1329; x_wconf 88' lang='lat' dir='ltr'><strong>vero</strong></span> <span class='ocrx_word' id='word_1_60' title='bbox 1614 1281 1670 1329; x_wconf 90' lang='lat' dir='ltr'><strong>et</strong></span> <span class='ocrx_word' id='word_1_61' title='bbox 1693 1273 1808 1342; x_wconf 88' lang='lat' dir='ltr'><strong>ipse</strong></span> <span class='ocrx_word' id='word_1_62' title='bbox 1831 1273 1956 1345; x_wconf 84' lang='lat' dir='ltr'><strong>Spi-</strong></span> 
     </span>
    </p>
   </div>
   <div class='ocr_carea' id='block_1_11' title="bbox 376 1358 1952 1431">
    <p class='ocr_par' dir='ltr' id='par_1_11' title="bbox 376 1358 1952 1431">
     <span class='ocr_line' id='line_1_11' title="bbox 376 1358 1952 1431; baseline 0.004 -19"><span class='ocrx_word' id='word_1_63' title='bbox 376 1358 516 1413; x_wconf 87' lang='lat' dir='ltr'><strong>ritus</strong></span> <span class='ocrx_word' id='word_1_64' title='bbox 545 1368 791 1420; x_wconf 88' lang='lat' dir='ltr'><strong>sanctus.</strong></span> <span class='ocrx_word' id='word_1_65' title='bbox 808 1361 912 1426; x_wconf 87' lang='lat' dir='ltr'><strong>Qui</strong></span> <span class='ocrx_word' id='word_1_66' title='bbox 935 1370 1117 1417; x_wconf 91' lang='lat' dir='ltr'><strong>autem</strong></span> <span class='ocrx_word' id='word_1_67' title='bbox 1139 1363 1238 1418; x_wconf 89' lang='lat' dir='ltr'><strong>ista</strong></span> <span class='ocrx_word' id='word_1_68' title='bbox 1265 1362 1410 1417; x_wconf 92' lang='lat' dir='ltr'><strong>dicta</strong></span> <span class='ocrx_word' id='word_1_69' title='bbox 1434 1361 1524 1416; x_wconf 87' lang='lat' dir='ltr'><strong>hic</strong></span> <span class='ocrx_word' id='word_1_70' title='bbox 1541 1362 1952 1431; x_wconf 75' lang='lat' dir='ltr'><strong>protulit,qu:e-</strong></span> 
     </span>
    </p>
   </div>
   <div class='ocr_carea' id='block_1_12' title="bbox 373 1437 1953 1519">
    <p class='ocr_par' dir='ltr' id='par_1_12' title="bbox 373 1437 1953 1519">
     <span class='ocr_line' id='line_1_12' title="bbox 373 1437 1953 1519; baseline 0.001 -16"><span class='ocrx_word' id='word_1_71' title='bbox 373 1449 498 1504; x_wconf 90' lang='lat' dir='ltr'><strong>dam</strong></span> <span class='ocrx_word' id='word_1_72' title='bbox 523 1449 688 1506; x_wconf 89' lang='lat' dir='ltr'><strong>missa</strong></span> <span class='ocrx_word' id='word_1_73' title='bbox 709 1449 855 1515; x_wconf 72' lang='lat' dir='ltr'><strong>fecit,</strong></span> <span class='ocrx_word' id='word_1_74' title='bbox 876 1449 1203 1519; x_wconf 91' lang='lat' dir='ltr'><strong>quibusdam</strong></span> <span class='ocrx_word' id='word_1_75' title='bbox 1227 1465 1358 1506; x_wconf 87' lang='lat' dir='ltr'><strong>vero</strong></span> <span class='ocrx_word' id='word_1_76' title='bbox 1381 1450 1646 1505; x_wconf 86' lang='lat' dir='ltr'><strong>abutitur.</strong></span> <span class='ocrx_word' id='word_1_77' title='bbox 1673 1437 1851 1519; x_wconf 68' lang='lat' dir='ltr'><strong>Atque</strong></span> <span class='ocrx_word' id='word_1_78' title='bbox 1878 1448 1953 1504; x_wconf 91' lang='lat' dir='ltr'><strong>ita</strong></span> 
     </span>
    </p>
   </div>
   <div class='ocr_carea' id='block_1_13' title="bbox 373 1539 1949 1610">
    <p class='ocr_par' dir='ltr' id='par_1_13' title="bbox 373 1539 1949 1610">
     <span class='ocr_line' id='line_1_13' title="bbox 373 1539 1949 1610; baseline -0.001 -16"><span class='ocrx_word' id='word_1_79' title='bbox 373 1553 468 1595; x_wconf 89' lang='lat' dir='ltr'><strong>eos</strong></span> <span class='ocrx_word' id='word_1_80' title='bbox 486 1539 577 1608; x_wconf 90' lang='lat' dir='ltr'><strong>qui</strong></span> <span class='ocrx_word' id='word_1_81' title='bbox 606 1541 660 1594; x_wconf 93' lang='lat' dir='ltr'><strong>in</strong></span> <span class='ocrx_word' id='word_1_82' title='bbox 695 1541 810 1596; x_wconf 73' lang='lat' dir='ltr'><strong>haec</strong></span> <span class='ocrx_word' id='word_1_83' title='bbox 855 1542 1170 1606; x_wconf 85' lang='lat' dir='ltr'><strong>inciderint,</strong></span> <span class='ocrx_word' id='word_1_84' title='bbox 1219 1542 1356 1596; x_wconf 89' lang='lat' dir='ltr'><strong>clam</strong></span> <span class='ocrx_word' id='word_1_85' title='bbox 1406 1541 1473 1594; x_wconf 91' lang='lat' dir='ltr'><strong>ad</strong></span> <span class='ocrx_word' id='word_1_86' title='bbox 1513 1554 1667 1595; x_wconf 90' lang='lat' dir='ltr'><strong>suam</strong></span> <span class='ocrx_word' id='word_1_87' title='bbox 1727 1555 1949 1610; x_wconf 86' lang='lat' dir='ltr'><strong>pravam</strong></span> 
     </span>
    </p>
   </div>
   <div class='ocr_carea' id='block_1_14' title="bbox 373 1628 1948 1699">
    <p class='ocr_par' dir='ltr' id='par_1_14' title="bbox 373 1628 1948 1699">
     <span class='ocr_line' id='line_1_14' title="bbox 373 1628 1948 1699; baseline -0.002 -16"><span class='ocrx_word' id='word_1_88' title='bbox 373 1637 428 1683; x_wconf 89' lang='lat' dir='ltr'><strong>et</strong></span> <span class='ocrx_word' id='word_1_89' title='bbox 467 1642 776 1696; x_wconf 83' lang='lat' dir='ltr'><strong>perversam</strong></span> <span class='ocrx_word' id='word_1_90' title='bbox 807 1633 1136 1686; x_wconf 89' lang='lat' dir='ltr'><strong>sententiam</strong></span> <span class='ocrx_word' id='word_1_91' title='bbox 1168 1629 1454 1685; x_wconf 83' lang='lat' dir='ltr'><strong>traducere</strong></span> <span class='ocrx_word' id='word_1_92' title='bbox 1469 1643 1632 1699; x_wconf 87' lang='lat' dir='ltr'><strong>posse</strong></span> <span class='ocrx_word' id='word_1_93' title='bbox 1652 1628 1948 1684; x_wconf 80' lang='lat' dir='ltr'><strong>existimat.</strong></span> 
     </span>
    </p>
   </div>
   <div class='ocr_carea' id='block_1_15' title="bbox 1038 1767 1260 1824">
    <p class='ocr_par' dir='ltr' id='par_1_15' title="bbox 1038 1767 1260 1824">
     <span class='ocr_line' id='line_1_15' title="bbox 1038 1767 1260 1824; baseline -0.009 0"><span class='ocrx_word' id='word_1_94' title='bbox 1038 1767 1260 1824; x_wconf 74' lang='lat' dir='ltr'><strong>Nica&#39;ni.</strong></span> 
     </span>
    </p>
   </div>
   <div class='ocr_carea' id='block_1_16' title="bbox 1335 411 2677 482">
    <p class='ocr_par' dir='ltr' id='par_1_16' title="bbox 1335 411 2677 482">
     <span class='ocr_line' id='line_1_16' title="bbox 1335 411 2677 482; baseline -0.001 -9"><span class='ocrx_word' id='word_1_95' title='bbox 1335 413 1838 482; x_wconf 78' lang='lat' dir='ltr'><strong>BESSARIONIS</strong></span> <span class='ocrx_word' id='word_1_96' title='bbox 1881 413 1942 474; x_wconf 93' lang='lat' dir='ltr'><strong>S.</strong></span> <span class='ocrx_word' id='word_1_97' title='bbox 1988 412 2058 477; x_wconf 77' lang='grc' dir='ltr'><strong>Β.</strong></span> <span class='ocrx_word' id='word_1_98' title='bbox 2093 413 2158 472; x_wconf 90' lang='grc' dir='ltr'><strong>Ε.</strong></span> <span class='ocrx_word' id='word_1_99' title='bbox 2215 411 2677 475; x_wconf 83' lang='lat' dir='ltr'><strong>CARDINALIS</strong></span> 
     </span>
    </p>
   </div>
   <div class='ocr_carea' id='block_1_17' title="bbox 1983 533 2032 585">
    <p class='ocr_par' dir='ltr' id='par_1_17' title="bbox 1983 533 2032 585">
     <span class='ocr_line' id='line_1_17' title="bbox 1983 533 2032 585; baseline 0 0"><span class='ocrx_word' id='word_1_100' title='bbox 1983 533 2032 585; x_wconf 77' lang='grc' dir='ltr'><strong>Δ</strong></span> 
     </span>
    </p>
   </div>
   <div class='ocr_carea' id='block_1_18' title="bbox 3523 419 3634 484">
    <p class='ocr_par' dir='ltr' id='par_1_18' title="bbox 3523 419 3634 484">
     <span class='ocr_line' id='line_1_18' title="bbox 3523 419 3634 484; baseline 0 0"><span class='ocrx_word' id='word_1_101' title='bbox 3523 419 3634 484; x_wconf 77' lang='lat'><strong>272</strong></span> 
     </span>
    </p>
   </div>
   <div class='ocr_carea' id='block_1_19' title="bbox 2659 527 3071 602">
    <p class='ocr_par' dir='ltr' id='par_1_19' title="bbox 2659 527 3071 602">
     <span class='ocr_line' id='line_1_19' title="bbox 2659 527 3071 602; baseline 0.01 -19"><span class='ocrx_word' id='word_1_102' title='bbox 2659 527 2769 583; x_wconf 85' lang='grc' dir='ltr'><strong>Τοῦ</strong></span> <span class='ocrx_word' id='word_1_103' title='bbox 2796 527 3071 602; x_wconf 55' lang='lat' dir='ltr'><strong>Halani.</strong></span> 
     </span>
    </p>
   </div>
   <div class='ocr_carea' id='block_1_20' title="bbox 2063 642 3628 715">
    <p class='ocr_par' dir='ltr' id='par_1_20' title="bbox 2063 642 3628 715">
     <span class='ocr_line' id='line_1_20' title="bbox 2063 642 3628 715; baseline 0.003 -20"><span class='ocrx_word' id='word_1_104' title='bbox 2063 644 2067 650; x_wconf 86' lang='grc'><em>’</em></span> <span class='ocrx_word' id='word_1_105' title='bbox 2118 644 2183 696; x_wconf 80' lang='grc' dir='ltr'>Δί</span> <span class='ocrx_word' id='word_1_106' title='bbox 2212 643 2628 712; x_wconf 78' lang='grc' dir='ltr'><strong>συνειλεγμέναι</strong></span> <span class='ocrx_word' id='word_1_107' title='bbox 2658 642 2935 712; x_wconf 75' lang='grc' dir='ltr'><strong>παροῦσαι</strong></span> <span class='ocrx_word' id='word_1_108' title='bbox 2963 645 3154 714; x_wconf 76' lang='grc' dir='ltr'>ῥήσεις</span> <span class='ocrx_word' id='word_1_109' title='bbox 3189 643 3277 698; x_wconf 74' lang='grc' dir='ltr'><strong>διὰ</strong></span> <span class='ocrx_word' id='word_1_110' title='bbox 3317 645 3628 715; x_wconf 82' lang='grc' dir='ltr'>παραδειγ-</span> 
     </span>
    </p>
   </div>
   <div class='ocr_carea' id='block_1_21' title="bbox 2052 736 3628 808">
    <p class='ocr_par' dir='ltr' id='par_1_21' title="bbox 2052 736 3628 808">
     <span class='ocr_line' id='line_1_21' title="bbox 2052 736 3628 808; baseline 0.002 -18"><span class='ocrx_word' id='word_1_111' title='bbox 2052 736 2237 801; x_wconf 82' lang='grc' dir='ltr'><strong>μάτων</strong></span> <span class='ocrx_word' id='word_1_112' title='bbox 2273 736 2336 789; x_wconf 78' lang='grc' dir='ltr'>τδ</span> <span class='ocrx_word' id='word_1_113' title='bbox 2362 736 2499 806; x_wconf 71' lang='grc' dir='ltr'>πρδς</span> <span class='ocrx_word' id='word_1_114' title='bbox 2529 736 2622 789; x_wconf 77' lang='grc' dir='ltr'><strong>τὸν</strong></span> <span class='ocrx_word' id='word_1_115' title='bbox 2643 737 2864 806; x_wconf 81' lang='grc' dir='ltr'><strong>Πατέρα</strong></span> <span class='ocrx_word' id='word_1_116' title='bbox 2893 740 2986 792; x_wconf 77' lang='grc' dir='ltr'>καὶ</span> <span class='ocrx_word' id='word_1_117' title='bbox 3039 736 3133 792; x_wconf 72' lang='grc' dir='ltr'>τὸν</span> <span class='ocrx_word' id='word_1_118' title='bbox 3161 738 3294 792; x_wconf 74' lang='grc' dir='ltr'>Υίδν</span> <span class='ocrx_word' id='word_1_119' title='bbox 3337 739 3628 808; x_wconf 78' lang='grc' dir='ltr'>ὁμοοῠσιον</span> 
     </span>
    </p>
   </div>
   <div class='ocr_carea' id='block_1_22' title="bbox 2050 830 3624 902">
    <p class='ocr_par' dir='ltr' id='par_1_22' title="bbox 2050 830 3624 902">
     <span class='ocr_line' id='line_1_22' title="bbox 2050 830 3624 902; baseline 0.001 -19"><span class='ocrx_word' id='word_1_120' title='bbox 2050 831 2361 901; x_wconf 85' lang='grc' dir='ltr'>παριστῶσι</span> <span class='ocrx_word' id='word_1_121' title='bbox 2395 831 2488 884; x_wconf 87' lang='grc' dir='ltr'><strong>τοῦ</strong></span> <span class='ocrx_word' id='word_1_122' title='bbox 2513 831 2670 899; x_wconf 83' lang='grc' dir='ltr'>ἁγίου</span> <span class='ocrx_word' id='word_1_123' title='bbox 2697 830 3015 901; x_wconf 76' lang='grc' dir='ltr'>Πνεῦματος</span> <span class='ocrx_word' id='word_1_124' title='bbox 3043 832 3188 885; x_wconf 78' lang='grc' dir='ltr'>κατὰ</span> <span class='ocrx_word' id='word_1_125' title='bbox 3224 830 3284 884; x_wconf 85' lang='grc' dir='ltr'>τὸ</span> <span class='ocrx_word' id='word_1_126' title='bbox 3317 831 3624 902; x_wconf 73' lang='grc' dir='ltr'><strong>ἐγχωροῦν.</strong></span> 
     </span>
    </p>
   </div>
   <div class='ocr_carea' id='block_1_23' title="bbox 2051 921 3626 992">
    <p class='ocr_par' dir='ltr' id='par_1_23' title="bbox 2051 921 3626 992">
     <span class='ocr_line' id='line_1_23' title="bbox 2051 921 3626 992; baseline 0 -18"><span class='ocrx_word' id='word_1_127' title='bbox 2051 921 2125 974; x_wconf 82' lang='grc' dir='ltr'><strong>Οὐ</strong></span> <span class='ocrx_word' id='word_1_128' title='bbox 2159 923 2268 990; x_wconf 81' lang='grc' dir='ltr'>γὰρ</span> <span class='ocrx_word' id='word_1_129' title='bbox 2303 921 2450 976; x_wconf 79' lang='grc' dir='ltr'>ἔστιν</span> <span class='ocrx_word' id='word_1_130' title='bbox 2476 923 2570 974; x_wconf 72' lang='grc' dir='ltr'>ἐπὶ</span> <span class='ocrx_word' id='word_1_131' title='bbox 2608 922 2744 974; x_wconf 88' lang='grc' dir='ltr'>Θεοῦ</span> <span class='ocrx_word' id='word_1_132' title='bbox 2793 923 2975 990; x_wconf 79' lang='grc' dir='ltr'>εὑρεῖν</span> <span class='ocrx_word' id='word_1_133' title='bbox 3021 922 3389 992; x_wconf 85' lang='grc' dir='ltr'>παράδειγμα</span> <span class='ocrx_word' id='word_1_134' title='bbox 3449 923 3626 991; x_wconf 76' lang='grc' dir='ltr'>πάντη</span> 
     </span>
    </p>
   </div>
   <div class='ocr_carea' id='block_1_24' title="bbox 2052 1011 3630 1082">
    <p class='ocr_par' dir='ltr' id='par_1_24' title="bbox 2052 1011 3630 1082">
     <span class='ocr_line' id='line_1_24' title="bbox 2052 1011 3630 1082; baseline 0.001 -18"><span class='ocrx_word' id='word_1_135' title='bbox 2052 1013 2408 1082; x_wconf 82' lang='grc' dir='ltr'>κατάλληλον.</span> <span class='ocrx_word' id='word_1_136' title='bbox 2479 1012 2630 1064; x_wconf 73' lang='grc' dir='ltr'>Ἐπεὶ</span> <span class='ocrx_word' id='word_1_137' title='bbox 2656 1013 2712 1066; x_wconf 80' lang='grc' dir='ltr'>δὲ</span> <span class='ocrx_word' id='word_1_138' title='bbox 2774 1014 2869 1076; x_wconf 72' lang='grc' dir='ltr'><strong>καὶ</strong></span> <span class='ocrx_word' id='word_1_139' title='bbox 2923 1011 3068 1081; x_wconf 78' lang='grc' dir='ltr'>ὕδωρ</span> <span class='ocrx_word' id='word_1_140' title='bbox 3126 1013 3234 1077; x_wconf 80' lang='grc' dir='ltr'><strong>ζῶν</strong></span> <span class='ocrx_word' id='word_1_141' title='bbox 3293 1013 3539 1065; x_wconf 78' lang='grc' dir='ltr'>καὶεῖται</span> <span class='ocrx_word' id='word_1_142' title='bbox 3571 1015 3630 1066; x_wconf 73' lang='grc' dir='ltr'>τὸ</span> 
     </span>
    </p>
   </div>
   <div class='ocr_carea' id='block_1_25' title="bbox 2051 1103 3631 1176">
    <p class='ocr_par' dir='ltr' id='par_1_25' title="bbox 2051 1103 3631 1176">
     <span class='ocr_line' id='line_1_25' title="bbox 2051 1103 3631 1176; baseline -0.003 -16"><span class='ocrx_word' id='word_1_143' title='bbox 2051 1103 2277 1174; x_wconf 78' lang='grc' dir='ltr'>Πνεῦμα</span> <span class='ocrx_word' id='word_1_144' title='bbox 2304 1104 2365 1158; x_wconf 82' lang='grc' dir='ltr'>τὸ</span> <span class='ocrx_word' id='word_1_145' title='bbox 2393 1105 2550 1171; x_wconf 73' lang='grc' dir='ltr'>ἅγιον</span> <span class='ocrx_word' id='word_1_146' title='bbox 2583 1106 2724 1167; x_wconf 79' lang='grc' dir='ltr'>κατὰ</span> <span class='ocrx_word' id='word_1_147' title='bbox 2755 1106 2857 1176; x_wconf 83' lang='grc' dir='ltr'>τὴν</span> <span class='ocrx_word' id='word_1_148' title='bbox 2883 1105 3041 1176; x_wconf 83' lang='grc' dir='ltr'>χάριν</span> <span class='ocrx_word' id='word_1_149' title='bbox 3073 1106 3167 1158; x_wconf 66' lang='grc' dir='ltr'>καὶ</span> <span class='ocrx_word' id='word_1_150' title='bbox 3193 1106 3292 1174; x_wconf 79' lang='grc' dir='ltr'><strong>τὴν</strong></span> <span class='ocrx_word' id='word_1_151' title='bbox 3321 1106 3631 1173; x_wconf 79' lang='grc' dir='ltr'>ἐνέργειαν,</span> 
     </span>
    </p>
   </div>
   <div class='ocr_carea' id='block_1_26' title="bbox 2051 1189 3632 1265">
    <p class='ocr_par' dir='ltr' id='par_1_26' title="bbox 2051 1189 3632 1265">
     <span class='ocr_line' id='line_1_26' title="bbox 2051 1189 3632 1265; baseline -0.002 -17"><span class='ocrx_word' id='word_1_152' title='bbox 2051 1196 2241 1248; x_wconf 76' lang='grc' dir='ltr'>τούτου</span> <span class='ocrx_word' id='word_1_153' title='bbox 2275 1196 2369 1249; x_wconf 88' lang='grc' dir='ltr'><strong>τοῦ</strong></span> <span class='ocrx_word' id='word_1_154' title='bbox 2408 1189 2597 1260; x_wconf 73' lang='grc' dir='ltr'>ὓδατος</span> <span class='ocrx_word' id='word_1_155' title='bbox 2628 1195 2875 1257; x_wconf 81' lang='grc' dir='ltr'>καλεῖται</span> <span class='ocrx_word' id='word_1_156' title='bbox 2922 1195 3074 1265; x_wconf 81' lang='grc' dir='ltr'>πηγὴ</span> <span class='ocrx_word' id='word_1_157' title='bbox 3139 1197 3233 1250; x_wconf 71' lang='grc' dir='ltr'><strong>καὶ</strong></span> <span class='ocrx_word' id='word_1_158' title='bbox 3261 1196 3288 1247; x_wconf 84' lang='grc' dir='ltr'>ὁ</span> <span class='ocrx_word' id='word_1_159' title='bbox 3313 1193 3498 1262; x_wconf 82' lang='grc' dir='ltr'>Πατὴρ</span> <span class='ocrx_word' id='word_1_160' title='bbox 3536 1196 3632 1246; x_wconf 75' lang='grc' dir='ltr'>καὶ</span> 
     </span>
    </p>
   </div>
   <div class='ocr_carea' id='block_1_27' title="bbox 2052 1285 3631 1356">
    <p class='ocr_par' dir='ltr' id='par_1_27' title="bbox 2052 1285 3631 1356">
     <span class='ocr_line' id='line_1_27' title="bbox 2052 1285 3631 1356; baseline -0.001 -16"><span class='ocrx_word' id='word_1_161' title='bbox 2052 1288 2080 1340; x_wconf 85' lang='grc' dir='ltr'>ὁ</span> <span class='ocrx_word' id='word_1_162' title='bbox 2105 1287 2256 1352; x_wconf 75' lang='grc' dir='ltr'>Υἱὸς,</span> <span class='ocrx_word' id='word_1_163' title='bbox 2285 1289 2402 1342; x_wconf 73' lang='grc' dir='ltr'>ἔστι</span> <span class='ocrx_word' id='word_1_164' title='bbox 2430 1289 2476 1342; x_wconf 84' lang='grc' dir='ltr'><strong>δ’</strong></span> <span class='ocrx_word' id='word_1_165' title='bbox 2501 1289 2588 1342; x_wconf 82' lang='grc' dir='ltr'><strong>ὅτε</strong></span> <span class='ocrx_word' id='word_1_166' title='bbox 2619 1289 2714 1341; x_wconf 76' lang='grc' dir='ltr'><strong>καὶ</strong></span> <span class='ocrx_word' id='word_1_167' title='bbox 2740 1287 2873 1341; x_wconf 78' lang='grc' dir='ltr'>αὐτὸ</span> <span class='ocrx_word' id='word_1_168' title='bbox 2911 1287 2970 1341; x_wconf 75' lang='grc' dir='ltr'>τὸ</span> <span class='ocrx_word' id='word_1_169' title='bbox 3001 1288 3156 1356; x_wconf 74' lang='grc' dir='ltr'>ᾇγιον</span> <span class='ocrx_word' id='word_1_170' title='bbox 3186 1285 3432 1356; x_wconf 81' lang='grc' dir='ltr'><strong>Πνεῦμα.</strong></span> <span class='ocrx_word' id='word_1_171' title='bbox 3480 1286 3542 1339; x_wconf 87' lang='lat'><strong>&#39;0</strong></span> <span class='ocrx_word' id='word_1_172' title='bbox 3573 1287 3631 1338; x_wconf 70' lang='grc' dir='ltr'><strong>δὲ</strong></span> 
     </span>
    </p>
   </div>
   <div class='ocr_carea' id='block_1_28' title="bbox 2015 1376 3632 1450">
    <p class='ocr_par' dir='ltr' id='par_1_28' title="bbox 2015 1376 3632 1450">
     <span class='ocr_line' id='line_1_28' title="bbox 2015 1376 3632 1450; baseline -0.002 -20"><span class='ocrx_word' id='word_1_173' title='bbox 2015 1379 2151 1441; x_wconf 81' lang='grc' dir='ltr'>,τὰς</span> <span class='ocrx_word' id='word_1_174' title='bbox 2180 1381 2370 1450; x_wconf 81' lang='grc' dir='ltr'><strong>ῥήσεις</strong></span> <span class='ocrx_word' id='word_1_175' title='bbox 2417 1381 2622 1444; x_wconf 83' lang='grc' dir='ltr'>ταύτας</span> <span class='ocrx_word' id='word_1_176' title='bbox 2659 1379 2896 1434; x_wconf 76' lang='grc' dir='ltr'>ἐνταῦθα</span> <span class='ocrx_word' id='word_1_177' title='bbox 2953 1376 3328 1450; x_wconf 82' lang='grc' dir='ltr'>προενεγκὼν,</span> <span class='ocrx_word' id='word_1_178' title='bbox 3383 1377 3479 1438; x_wconf 75' lang='grc' dir='ltr'>τὰς</span> <span class='ocrx_word' id='word_1_179' title='bbox 3527 1377 3632 1442; x_wconf 82' lang='grc' dir='ltr'>μὲν</span> 
     </span>
    </p>
   </div>
   <div class='ocr_carea' id='block_1_29' title="bbox 2053 1466 3631 1543">
    <p class='ocr_par' dir='ltr' id='par_1_29' title="bbox 2053 1466 3631 1543">
     <span class='ocr_line' id='line_1_29' title="bbox 2053 1466 3631 1543; baseline -0.005 -16"><span class='ocrx_word' id='word_1_180' title='bbox 2053 1472 2271 1543; x_wconf 80' lang='grc' dir='ltr'><strong>παρῆκε</strong></span> <span class='ocrx_word' id='word_1_181' title='bbox 2315 1471 2541 1538; x_wconf 83' lang='grc' dir='ltr'>τούτων,</span> <span class='ocrx_word' id='word_1_182' title='bbox 2589 1475 2709 1536; x_wconf 84' lang='grc' dir='ltr'>ταῖς</span> <span class='ocrx_word' id='word_1_183' title='bbox 2763 1472 2821 1536; x_wconf 73' lang='grc' dir='ltr'><strong>δὲ</strong></span> <span class='ocrx_word' id='word_1_184' title='bbox 2892 1472 3270 1542; x_wconf 75' lang='grc' dir='ltr'>παραχρῆται.</span> <span class='ocrx_word' id='word_1_185' title='bbox 3321 1467 3432 1520; x_wconf 71' lang='grc' dir='ltr'>Καὶ</span> <span class='ocrx_word' id='word_1_186' title='bbox 3486 1466 3631 1519; x_wconf 70' lang='grc' dir='ltr'>οὓτω</span> 
     </span>
    </p>
   </div>
   <div class='ocr_carea' id='block_1_30' title="bbox 2059 1557 3632 1635">
    <p class='ocr_par' dir='ltr' id='par_1_30' title="bbox 2059 1557 3632 1635">
     <span class='ocr_line' id='line_1_30' title="bbox 2059 1557 3632 1635; baseline -0.002 -20"><span class='ocrx_word' id='word_1_187' title='bbox 2059 1563 2106 1615; x_wconf 84' lang='grc' dir='ltr'><strong>δ’</strong></span> <span class='ocrx_word' id='word_1_188' title='bbox 2125 1563 2316 1624; x_wconf 75' lang='grc' dir='ltr'>αὑταῖς</span> <span class='ocrx_word' id='word_1_189' title='bbox 2354 1562 2532 1615; x_wconf 74' lang='grc' dir='ltr'>οἴεται</span> <span class='ocrx_word' id='word_1_190' title='bbox 2557 1562 2815 1616; x_wconf 78' lang='grc' dir='ltr'>κλέπτειν</span> <span class='ocrx_word' id='word_1_191' title='bbox 2847 1565 2986 1635; x_wconf 75' lang='grc' dir='ltr'>πρὸς</span> <span class='ocrx_word' id='word_1_192' title='bbox 3036 1563 3133 1635; x_wconf 80' lang='grc' dir='ltr'><strong>τὴν</strong></span> <span class='ocrx_word' id='word_1_193' title='bbox 3185 1557 3399 1612; x_wconf 72' lang='grc' dir='ltr'>οἰκείαν</span> <span class='ocrx_word' id='word_1_194' title='bbox 3459 1557 3632 1612; x_wconf 64' lang='grc' dir='ltr'><strong>κακόι</strong></span> 
     </span>
    </p>
   </div>
   <div class='ocr_carea' id='block_1_31' title="bbox 2052 1653 2840 1724">
    <p class='ocr_par' dir='ltr' id='par_1_31' title="bbox 2052 1653 2840 1724">
     <span class='ocr_line' id='line_1_31' title="bbox 2052 1653 2840 1724; baseline 0.005 -18"><span class='ocrx_word' id='word_1_195' title='bbox 2052 1670 2202 1722; x_wconf 76' lang='grc' dir='ltr'>νοιαν</span> <span class='ocrx_word' id='word_1_196' title='bbox 2239 1653 2364 1720; x_wconf 74' lang='grc' dir='ltr'>τοὺς</span> <span class='ocrx_word' id='word_1_197' title='bbox 2395 1653 2840 1724; x_wconf 73' lang='grc' dir='ltr'>ἐντυγχάνοντας,</span> 
     </span>
    </p>
   </div>
   <div class='ocr_carea' id='block_1_32' title="bbox 2635 1768 3066 1836">
    <p class='ocr_par' dir='ltr' id='par_1_32' title="bbox 2635 1768 3066 1836">
     <span class='ocr_line' id='line_1_32' title="bbox 2635 1768 3066 1836; baseline 0.005 -14"><span class='ocrx_word' id='word_1_198' title='bbox 2635 1768 2748 1822; x_wconf 85' lang='grc' dir='ltr'>Τοῦ</span> <span class='ocrx_word' id='word_1_199' title='bbox 2790 1770 3066 1836; x_wconf 76' lang='grc' dir='ltr'>Νικαίας.</span> 
     </span>
    </p>
   </div>
   <div class='ocr_carea' id='block_1_33' title="bbox 445 1867 1956 1953">
    <p class='ocr_par' dir='ltr' id='par_1_33' title="bbox 445 1877 1956 1953">
     <span class='ocr_line' id='line_1_33' title="bbox 445 1877 1956 1953; baseline -0.003 -18"><span class='ocrx_word' id='word_1_200' title='bbox 445 1879 591 1937; x_wconf 85' lang='lat' dir='ltr'><strong>Sane</strong></span> <span class='ocrx_word' id='word_1_201' title='bbox 616 1882 840 1950; x_wconf 83' lang='lat' dir='ltr'><strong>quidem</strong></span> <span class='ocrx_word' id='word_1_202' title='bbox 865 1881 1177 1953; x_wconf 76' lang='lat' dir='ltr'><strong>signiﬁcant</strong></span> <span class='ocrx_word' id='word_1_203' title='bbox 1193 1880 1818 1936; x_wconf 82' lang='lat' dir='ltr'><strong>consubstantialitatcm</strong></span> <span class='ocrx_word' id='word_1_204' title='bbox 1839 1877 1956 1947; x_wconf 89' lang='lat' dir='ltr'><strong>Spi-</strong></span> 
     </span>
    </p>
   </div>
   <div class='ocr_carea' id='block_1_34' title="bbox 2060 1867 3640 1953">
    <p class='ocr_par' dir='ltr' id='par_1_34' title="bbox 2133 1876 3640 1952">
     <span class='ocr_line' id='line_1_34' title="bbox 2133 1876 3640 1952; baseline 0 -21"><span class='ocrx_word' id='word_1_205' title='bbox 2133 1879 2368 1950; x_wconf 82' lang='grc' dir='ltr'>Δηλοῦσι</span> <span class='ocrx_word' id='word_1_206' title='bbox 2415 1881 2515 1950; x_wconf 76' lang='grc' dir='ltr'>μὲν</span> <span class='ocrx_word' id='word_1_207' title='bbox 2575 1883 2670 1935; x_wconf 75' lang='grc' dir='ltr'>καὶ</span> <span class='ocrx_word' id='word_1_208' title='bbox 2701 1883 2800 1951; x_wconf 78' lang='grc' dir='ltr'><strong>τὴν</strong></span> <span class='ocrx_word' id='word_1_209' title='bbox 2857 1876 3259 1952; x_wconf 77' lang='grc' dir='ltr'>ὀμοουσιότητα</span> <span class='ocrx_word' id='word_1_210' title='bbox 3319 1883 3458 1951; x_wconf 63' lang='grc' dir='ltr'>πρὸς</span> <span class='ocrx_word' id='word_1_211' title='bbox 3505 1882 3640 1934; x_wconf 62' lang='grc' dir='ltr'>Υἱδν</span> 
     </span>
    </p>
   </div>
   <div class='ocr_carea' id='block_1_35' title="bbox 372 1971 1956 2042">
    <p class='ocr_par' dir='ltr' id='par_1_35' title="bbox 372 1971 1956 2042">
     <span class='ocr_line' id='line_1_35' title="bbox 372 1971 1956 2042; baseline -0.001 -17"><span class='ocrx_word' id='word_1_212' title='bbox 372 1971 516 2028; x_wconf 84' lang='lat' dir='ltr'><strong>ritus</strong></span> <span class='ocrx_word' id='word_1_213' title='bbox 550 1974 618 2029; x_wconf 92' lang='lat' dir='ltr'><strong>ad</strong></span> <span class='ocrx_word' id='word_1_214' title='bbox 648 1975 886 2042; x_wconf 83' lang='lat' dir='ltr'><strong>Patrem,</strong></span> <span class='ocrx_word' id='word_1_215' title='bbox 907 1973 1174 2030; x_wconf 89' lang='lat' dir='ltr'><strong>etFilium</strong></span> <span class='ocrx_word' id='word_1_216' title='bbox 1199 1974 1282 2029; x_wconf 72' lang='lat' dir='ltr'><strong>hae</strong></span> <span class='ocrx_word' id='word_1_217' title='bbox 1306 1973 1610 2038; x_wconf 83' lang='lat' dir='ltr'><strong>sententiae,</strong></span> <span class='ocrx_word' id='word_1_218' title='bbox 1634 1987 1746 2026; x_wconf 94' lang='lat' dir='ltr'><strong>non</strong></span> <span class='ocrx_word' id='word_1_219' title='bbox 1777 1979 1956 2024; x_wconf 87' lang='lat' dir='ltr'><strong>tamen</strong></span> 
     </span>
    </p>
   </div>
   <div class='ocr_carea' id='block_1_36' title="bbox 369 2064 1961 2139">
    <p class='ocr_par' dir='ltr' id='par_1_36' title="bbox 369 2064 1961 2139">
     <span class='ocr_line' id='line_1_36' title="bbox 369 2064 1961 2139; baseline -0.001 -20"><span class='ocrx_word' id='word_1_220' title='bbox 369 2064 479 2121; x_wconf 82' lang='lat' dir='ltr'><strong>hoc</strong></span> <span class='ocrx_word' id='word_1_221' title='bbox 505 2067 684 2123; x_wconf 85' lang='lat' dir='ltr'><strong>solum</strong></span> <span class='ocrx_word' id='word_1_222' title='bbox 708 2084 724 2134; x_wconf 88' lang='lat'><strong>;</strong></span> <span class='ocrx_word' id='word_1_223' title='bbox 746 2085 941 2125; x_wconf 83' lang='lat' dir='ltr'><strong>verum</strong></span> <span class='ocrx_word' id='word_1_224' title='bbox 963 2069 1104 2125; x_wconf 91' lang='lat' dir='ltr'><strong>etab</strong></span> <span class='ocrx_word' id='word_1_225' title='bbox 1123 2070 1256 2139; x_wconf 87' lang='lat' dir='ltr'><strong>ipsis</strong></span> <span class='ocrx_word' id='word_1_226' title='bbox 1272 2082 1415 2131; x_wconf 91' lang='lat' dir='ltr'><strong>esse,</strong></span> <span class='ocrx_word' id='word_1_227' title='bbox 1439 2077 1494 2123; x_wconf 92' lang='lat' dir='ltr'><strong>et</strong></span> <span class='ocrx_word' id='word_1_228' title='bbox 1519 2066 1815 2136; x_wconf 87' lang='lat' dir='ltr'><strong>procedere</strong></span> <span class='ocrx_word' id='word_1_229' title='bbox 1838 2065 1961 2134; x_wconf 92' lang='lat' dir='ltr'><strong>Spi-</strong></span> 
     </span>
    </p>
   </div>
   <div class='ocr_carea' id='block_1_37' title="bbox 371 2157 1962 2227">
    <p class='ocr_par' dir='ltr' id='par_1_37' title="bbox 371 2157 1962 2227">
     <span class='ocr_line' id='line_1_37' title="bbox 371 2157 1962 2227; baseline -0.001 -14"><span class='ocrx_word' id='word_1_230' title='bbox 371 2158 537 2213; x_wconf 87' lang='lat' dir='ltr'><strong>ritum</strong></span> <span class='ocrx_word' id='word_1_231' title='bbox 559 2169 830 2217; x_wconf 86' lang='lat' dir='ltr'><strong>sanctum.</strong></span> <span class='ocrx_word' id='word_1_232' title='bbox 851 2159 1008 2227; x_wconf 87' lang='lat' dir='ltr'><strong>Quod</strong></span> <span class='ocrx_word' id='word_1_233' title='bbox 1030 2162 1178 2216; x_wconf 89' lang='lat' dir='ltr'><strong>enim</strong></span> <span class='ocrx_word' id='word_1_234' title='bbox 1198 2161 1386 2217; x_wconf 86' lang='lat' dir='ltr'><strong>saltem</strong></span> <span class='ocrx_word' id='word_1_235' title='bbox 1411 2176 1478 2216; x_wconf 81' lang='lat' dir='ltr'><strong>ex</strong></span> <span class='ocrx_word' id='word_1_236' title='bbox 1501 2160 1658 2216; x_wconf 86' lang='lat' dir='ltr'><strong>Patre</strong></span> <span class='ocrx_word' id='word_1_237' title='bbox 1676 2174 1797 2215; x_wconf 86' lang='lat' dir='ltr'><strong>esse</strong></span> <span class='ocrx_word' id='word_1_238' title='bbox 1823 2157 1962 2212; x_wconf 87' lang='lat' dir='ltr'><strong>indi-</strong></span> 
     </span>
    </p>
   </div>
   <div class='ocr_carea' id='block_1_38' title="bbox 369 2247 1954 2322">
    <p class='ocr_par' dir='ltr' id='par_1_38' title="bbox 369 2247 1954 2322">
     <span class='ocr_line' id='line_1_38' title="bbox 369 2247 1954 2322; baseline -0.001 -18"><span class='ocrx_word' id='word_1_239' title='bbox 369 2257 519 2315; x_wconf 88' lang='lat' dir='ltr'><strong>cent,</strong></span> <span class='ocrx_word' id='word_1_240' title='bbox 541 2257 597 2304; x_wconf 94' lang='lat' dir='ltr'><strong>tu</strong></span> <span class='ocrx_word' id='word_1_241' title='bbox 616 2264 833 2322; x_wconf 85' lang='lat' dir='ltr'><strong>quoque</strong></span> <span class='ocrx_word' id='word_1_242' title='bbox 856 2249 953 2305; x_wconf 84' lang='lat' dir='ltr'><strong>das</strong></span> <span class='ocrx_word' id='word_1_243' title='bbox 979 2259 1143 2320; x_wconf 86' lang='lat' dir='ltr'><strong>atque</strong></span> <span class='ocrx_word' id='word_1_244' title='bbox 1161 2250 1439 2306; x_wconf 86' lang='lat' dir='ltr'><strong>concedis.</strong></span> <span class='ocrx_word' id='word_1_245' title='bbox 1454 2248 1568 2305; x_wconf 82' lang='grc' dir='ltr'><strong>Ποο</strong></span> <span class='ocrx_word' id='word_1_246' title='bbox 1587 2259 1768 2304; x_wconf 88' lang='lat' dir='ltr'><strong>autem</strong></span> <span class='ocrx_word' id='word_1_247' title='bbox 1804 2247 1954 2303; x_wconf 73' lang='lat' dir='ltr'><strong>dato.</strong></span> 
     </span>
    </p>
   </div>
   <div class='ocr_carea' id='block_1_39' title="bbox 367 2341 1960 2414">
    <p class='ocr_par' dir='ltr' id='par_1_39' title="bbox 367 2341 1960 2414">
     <span class='ocr_line' id='line_1_39' title="bbox 367 2341 1960 2414; baseline -0.002 -15"><span class='ocrx_word' id='word_1_248' title='bbox 367 2343 553 2399; x_wconf 87' lang='lat' dir='ltr'><strong>dicere</strong></span> <span class='ocrx_word' id='word_1_249' title='bbox 584 2359 694 2398; x_wconf 92' lang='lat' dir='ltr'><strong>non</strong></span> <span class='ocrx_word' id='word_1_250' title='bbox 738 2342 947 2413; x_wconf 86' lang='lat' dir='ltr'><strong>poteris</strong></span> <span class='ocrx_word' id='word_1_251' title='bbox 992 2343 1125 2414; x_wconf 88' lang='lat' dir='ltr'><strong>quid</strong></span> <span class='ocrx_word' id='word_1_252' title='bbox 1176 2343 1249 2398; x_wconf 88' lang='lat' dir='ltr'><strong>sit</strong></span> <span class='ocrx_word' id='word_1_253' title='bbox 1293 2357 1473 2399; x_wconf 86' lang='lat' dir='ltr'><strong>causae</strong></span> <span class='ocrx_word' id='word_1_254' title='bbox 1510 2357 1612 2398; x_wconf 91' lang='lat' dir='ltr'><strong>cur</strong></span> <span class='ocrx_word' id='word_1_255' title='bbox 1653 2341 1843 2397; x_wconf 90' lang='lat' dir='ltr'><strong>eadem</strong></span> <span class='ocrx_word' id='word_1_256' title='bbox 1891 2341 1960 2396; x_wconf 85' lang='lat' dir='ltr'><strong>ad</strong></span> 
     </span>
    </p>
   </div>
   <div class='ocr_carea' id='block_1_40' title="bbox 367 2435 1960 2499">
    <p class='ocr_par' dir='ltr' id='par_1_40' title="bbox 367 2435 1960 2499">
     <span class='ocr_line' id='line_1_40' title="bbox 367 2435 1960 2499; baseline -0.003 -7"><span class='ocrx_word' id='word_1_257' title='bbox 367 2436 583 2492; x_wconf 89' lang='lat' dir='ltr'><strong>Patrem</strong></span> <span class='ocrx_word' id='word_1_258' title='bbox 601 2450 712 2491; x_wconf 93' lang='lat' dir='ltr'><strong>non</strong></span> <span class='ocrx_word' id='word_1_259' title='bbox 731 2435 896 2492; x_wconf 91' lang='lat' dir='ltr'><strong>modo</strong></span> <span class='ocrx_word' id='word_1_260' title='bbox 925 2435 1776 2499; x_wconf 81' lang='lat' dir='ltr'><strong>consubstantialitatem,verum</strong></span> <span class='ocrx_word' id='word_1_261' title='bbox 1795 2435 1960 2488; x_wconf 88' lang='lat' dir='ltr'><strong>etiam</strong></span> 
     </span>
    </p>
   </div>
   <div class='ocr_carea' id='block_1_41' title="bbox 367 2525 1959 2598">
    <p class='ocr_par' dir='ltr' id='par_1_41' title="bbox 367 2525 1959 2598">
     <span class='ocr_line' id='line_1_41' title="bbox 367 2525 1959 2598; baseline 0 -17"><span class='ocrx_word' id='word_1_262' title='bbox 367 2527 569 2598; x_wconf 85' lang='lat' dir='ltr'><strong>abipso</strong></span> <span class='ocrx_word' id='word_1_263' title='bbox 589 2541 714 2584; x_wconf 86' lang='lat' dir='ltr'><strong>esse</strong></span> <span class='ocrx_word' id='word_1_264' title='bbox 739 2527 1004 2585; x_wconf 88' lang='lat' dir='ltr'><strong>denotent</strong></span> <span class='ocrx_word' id='word_1_265' title='bbox 1022 2546 1036 2594; x_wconf 91' lang='lat'><strong>;</strong></span> <span class='ocrx_word' id='word_1_266' title='bbox 1055 2529 1123 2584; x_wconf 89' lang='lat' dir='ltr'><strong>ad</strong></span> <span class='ocrx_word' id='word_1_267' title='bbox 1147 2529 1415 2584; x_wconf 91' lang='lat' dir='ltr'><strong>rationem</strong></span> <span class='ocrx_word' id='word_1_268' title='bbox 1441 2536 1623 2582; x_wconf 89' lang='lat' dir='ltr'><strong>autem</strong></span> <span class='ocrx_word' id='word_1_269' title='bbox 1647 2525 1772 2582; x_wconf 80' lang='lat' dir='ltr'><strong>Filii</strong></span> <span class='ocrx_word' id='word_1_270' title='bbox 1790 2527 1959 2581; x_wconf 88' lang='lat' dir='ltr'><strong>solam</strong></span> 
     </span>
    </p>
   </div>
   <div class='ocr_carea' id='block_1_42' title="bbox 367 2619 1963 2689">
    <p class='ocr_par' dir='ltr' id='par_1_42' title="bbox 367 2619 1963 2689">
     <span class='ocr_line' id='line_1_42' title="bbox 367 2619 1963 2689; baseline -0.002 -13"><span class='ocrx_word' id='word_1_271' title='bbox 367 2619 995 2679; x_wconf 85' lang='lat' dir='ltr'><strong>consubstantialitatem</strong></span> <span class='ocrx_word' id='word_1_272' title='bbox 1027 2619 1312 2676; x_wconf 90' lang='lat' dir='ltr'><strong>declarent</strong></span> <span class='ocrx_word' id='word_1_273' title='bbox 1337 2637 1353 2676; x_wconf 90' lang='lat'><strong>:</strong></span> <span class='ocrx_word' id='word_1_274' title='bbox 1390 2619 1692 2689; x_wconf 74' lang='lat' dir='ltr'><strong>praesertim</strong></span> <span class='ocrx_word' id='word_1_275' title='bbox 1719 2634 1845 2675; x_wconf 92' lang='lat' dir='ltr'><strong>cum</strong></span> <span class='ocrx_word' id='word_1_276' title='bbox 1868 2633 1963 2674; x_wconf 87' lang='lat' dir='ltr'><strong>ne-</strong></span> 
     </span>
    </p>
   </div>
   <div class='ocr_carea' id='block_1_43' title="bbox 367 2710 1963 2780">
    <p class='ocr_par' dir='ltr' id='par_1_43' title="bbox 367 2710 1963 2780">
     <span class='ocr_line' id='line_1_43' title="bbox 367 2710 1963 2780; baseline 0.001 -16"><span class='ocrx_word' id='word_1_277' title='bbox 367 2725 478 2780; x_wconf 86' lang='lat' dir='ltr'><strong>que</strong></span> <span class='ocrx_word' id='word_1_278' title='bbox 495 2710 907 2780; x_wconf 88' lang='lat' dir='ltr'><strong>reciprocentur</strong></span> <span class='ocrx_word' id='word_1_279' title='bbox 950 2712 1054 2768; x_wconf 88' lang='lat' dir='ltr'><strong>ista</strong></span> <span class='ocrx_word' id='word_1_280' title='bbox 1091 2712 1339 2769; x_wconf 88' lang='lat' dir='ltr'><strong>nomina.</strong></span> <span class='ocrx_word' id='word_1_281' title='bbox 1371 2714 1571 2768; x_wconf 73' lang='lat' dir='ltr'><strong>Verum</strong></span> <span class='ocrx_word' id='word_1_282' title='bbox 1595 2720 1963 2768; x_wconf 86' lang='lat' dir='ltr'><strong>constetsane</strong></span> 
     </span>
    </p>
   </div>
   <div class='ocr_carea' id='block_1_44' title="bbox 369 2800 1961 2876">
    <p class='ocr_par' dir='ltr' id='par_1_44' title="bbox 369 2800 1961 2876">
     <span class='ocr_line' id='line_1_44' title="bbox 369 2800 1961 2876; baseline 0.001 -20"><span class='ocrx_word' id='word_1_283' title='bbox 369 2800 545 2857; x_wconf 88' lang='lat' dir='ltr'><strong>Filius</strong></span> <span class='ocrx_word' id='word_1_284' title='bbox 569 2803 1055 2860; x_wconf 87' lang='lat' dir='ltr'><strong>consubstantialis</strong></span> <span class='ocrx_word' id='word_1_285' title='bbox 1075 2805 1327 2876; x_wconf 89' lang='lat' dir='ltr'><strong>Spiritui,</strong></span> <span class='ocrx_word' id='word_1_286' title='bbox 1362 2806 1532 2861; x_wconf 83' lang='lat' dir='ltr'><strong>forma</strong></span> <span class='ocrx_word' id='word_1_287' title='bbox 1556 2819 1707 2870; x_wconf 86' lang='lat' dir='ltr'><strong>vero,</strong></span> <span class='ocrx_word' id='word_1_288' title='bbox 1731 2819 1829 2860; x_wconf 91' lang='lat' dir='ltr'><strong>seu</strong></span> <span class='ocrx_word' id='word_1_289' title='bbox 1850 2804 1961 2858; x_wconf 80' lang='lat' dir='ltr'><strong>t‘ra-</strong></span> 
     </span>
    </p>
   </div>
   <div class='ocr_carea' id='block_1_45' title="bbox 370 2895 1963 2967">
    <p class='ocr_par' dir='ltr' id='par_1_45' title="bbox 370 2895 1963 2967">
     <span class='ocr_line' id='line_1_45' title="bbox 370 2895 1963 2967; baseline 0.004 -18"><span class='ocrx_word' id='word_1_290' title='bbox 370 2895 608 2966; x_wconf 77' lang='lat' dir='ltr'><strong>grantia,</strong></span> <span class='ocrx_word' id='word_1_291' title='bbox 632 2910 729 2956; x_wconf 84' lang='lat' dir='ltr'><strong>seu</strong></span> <span class='ocrx_word' id='word_1_292' title='bbox 772 2896 935 2954; x_wconf 79' lang='lat' dir='ltr'><strong>ﬂatus</strong></span> <span class='ocrx_word' id='word_1_293' title='bbox 958 2899 1130 2967; x_wconf 89' lang='lat' dir='ltr'><strong>ipsius</strong></span> <span class='ocrx_word' id='word_1_294' title='bbox 1153 2899 1379 2955; x_wconf 90' lang='lat' dir='ltr'><strong>minime</strong></span> <span class='ocrx_word' id='word_1_295' title='bbox 1409 2900 1644 2956; x_wconf 89' lang='lat' dir='ltr'><strong>dicatur.</strong></span> <span class='ocrx_word' id='word_1_296' title='bbox 1687 2896 1963 2964; x_wconf 88' lang='lat' dir='ltr'><strong>Quemad-</strong></span> 
     </span>
    </p>
   </div>
   <div class='ocr_carea' id='block_1_46' title="bbox 370 2987 1961 3061">
    <p class='ocr_par' dir='ltr' id='par_1_46' title="bbox 370 2987 1961 3061">
     <span class='ocr_line' id='line_1_46' title="bbox 370 2987 1961 3061; baseline 0.002 -18"><span class='ocrx_word' id='word_1_297' title='bbox 370 2987 593 3048; x_wconf 89' lang='lat' dir='ltr'><strong>modum</strong></span> <span class='ocrx_word' id='word_1_298' title='bbox 619 2990 811 3060; x_wconf 84' lang='lat' dir='ltr'><strong>igitur,</strong></span> <span class='ocrx_word' id='word_1_299' title='bbox 831 3005 955 3061; x_wconf 88' lang='lat' dir='ltr'><strong>cum</strong></span> <span class='ocrx_word' id='word_1_300' title='bbox 975 2990 1230 3048; x_wconf 90' lang='lat' dir='ltr'><strong>audimus</strong></span> <span class='ocrx_word' id='word_1_301' title='bbox 1255 2992 1454 3048; x_wconf 80' lang='lat' dir='ltr'><strong>Filium</strong></span> <span class='ocrx_word' id='word_1_302' title='bbox 1477 2991 1586 3048; x_wconf 92' lang='lat' dir='ltr'><strong>dici</strong></span> <span class='ocrx_word' id='word_1_303' title='bbox 1609 2992 1838 3048; x_wconf 82' lang='lat' dir='ltr'><strong>formam</strong></span> <span class='ocrx_word' id='word_1_304' title='bbox 1855 2993 1961 3047; x_wconf 89' lang='lat' dir='ltr'><strong>Pa-</strong></span> 
     </span>
    </p>
   </div>
   <div class='ocr_carea' id='block_1_47' title="bbox 322 3081 1962 3157">
    <p class='ocr_par' dir='ltr' id='par_1_47' title="bbox 322 3081 1962 3157">
     <span class='ocr_line' id='line_1_47' title="bbox 322 3081 1962 3157; baseline 0.001 -19"><span class='ocrx_word' id='word_1_305' title='bbox 322 3103 325 3105; x_wconf 94' lang='grc'>·</span> <span class='ocrx_word' id='word_1_306' title='bbox 374 3081 502 3149; x_wconf 89' lang='lat' dir='ltr'><strong>tris,</strong></span> <span class='ocrx_word' id='word_1_307' title='bbox 527 3083 617 3137; x_wconf 78' lang='lat' dir='ltr'><strong>vel</strong></span> <span class='ocrx_word' id='word_1_308' title='bbox 648 3085 1102 3154; x_wconf 85' lang='lat' dir='ltr'><strong>suaveolentiam,</strong></span> <span class='ocrx_word' id='word_1_309' title='bbox 1125 3099 1223 3142; x_wconf 82' lang='lat' dir='ltr'><strong>seu</strong></span> <span class='ocrx_word' id='word_1_310' title='bbox 1276 3085 1614 3157; x_wconf 88' lang='lat' dir='ltr'><strong>qualitatem,</strong></span> <span class='ocrx_word' id='word_1_311' title='bbox 1645 3101 1754 3140; x_wconf 92' lang='lat' dir='ltr'><strong>non</strong></span> <span class='ocrx_word' id='word_1_312' title='bbox 1782 3085 1962 3141; x_wconf 88' lang='lat' dir='ltr'><strong>solum</strong></span> 
     </span>
    </p>
   </div>
   <div class='ocr_carea' id='block_1_48' title="bbox 371 3177 1960 3250">
    <p class='ocr_par' dir='ltr' id='par_1_48' title="bbox 371 3177 1960 3250">
     <span class='ocr_line' id='line_1_48' title="bbox 371 3177 1960 3250; baseline 0.003 -22"><span class='ocrx_word' id='word_1_313' title='bbox 371 3188 500 3228; x_wconf 91' lang='lat' dir='ltr'><strong>eum</strong></span> <span class='ocrx_word' id='word_1_314' title='bbox 545 3190 667 3232; x_wconf 82' lang='lat' dir='ltr'><strong>esse</strong></span> <span class='ocrx_word' id='word_1_315' title='bbox 698 3178 1222 3233; x_wconf 85' lang='lat' dir='ltr'><strong>consubstantialem</strong></span> <span class='ocrx_word' id='word_1_316' title='bbox 1267 3177 1392 3249; x_wconf 86' lang='lat' dir='ltr'><strong>ipsi,</strong></span> <span class='ocrx_word' id='word_1_317' title='bbox 1425 3193 1618 3233; x_wconf 83' lang='lat' dir='ltr'><strong>verum</strong></span> <span class='ocrx_word' id='word_1_318' title='bbox 1648 3186 1704 3250; x_wconf 85' lang='lat' dir='ltr'><strong>et</strong></span> <span class='ocrx_word' id='word_1_319' title='bbox 1747 3178 1815 3232; x_wconf 92' lang='lat' dir='ltr'><strong>ab</strong></span> <span class='ocrx_word' id='word_1_320' title='bbox 1839 3178 1960 3245; x_wconf 88' lang='lat' dir='ltr'><strong>ipso</strong></span> 
     </span>
    </p>
   </div>
   <div class='ocr_carea' id='block_1_49' title="bbox 2062 1968 3637 2043">
    <p class='ocr_par' dir='ltr' id='par_1_49' title="bbox 2062 1968 3637 2043">
     <span class='ocr_line' id='line_1_49' title="bbox 2062 1968 3637 2043; baseline -0.001 -19"><span class='ocrx_word' id='word_1_321' title='bbox 2062 1973 2155 2024; x_wconf 73' lang='grc' dir='ltr'>καὶ</span> <span class='ocrx_word' id='word_1_322' title='bbox 2187 1971 2406 2042; x_wconf 79' lang='grc' dir='ltr'>Πατέρα</span> <span class='ocrx_word' id='word_1_323' title='bbox 2464 1972 2558 2025; x_wconf 79' lang='grc' dir='ltr'><strong>τοῦ</strong></span> <span class='ocrx_word' id='word_1_324' title='bbox 2607 1972 2926 2042; x_wconf 85' lang='grc' dir='ltr'>[Ινεύματος</span> <span class='ocrx_word' id='word_1_325' title='bbox 2987 1968 3148 2027; x_wconf 79' lang='grc' dir='ltr'>αὗται</span> <span class='ocrx_word' id='word_1_326' title='bbox 3198 1975 3254 2027; x_wconf 81' lang='grc' dir='ltr'><strong>αί</strong></span> <span class='ocrx_word' id='word_1_327' title='bbox 3313 1975 3520 2043; x_wconf 79' lang='grc' dir='ltr'>ῥήσεις·</span> <span class='ocrx_word' id='word_1_328' title='bbox 3569 1972 3637 2023; x_wconf 80' lang='grc' dir='ltr'><strong>οὐ</strong></span> 
     </span>
    </p>
   </div>
   <div class='ocr_carea' id='block_1_50' title="bbox 2059 2060 3640 2132">
    <p class='ocr_par' dir='ltr' id='par_1_50' title="bbox 2059 2060 3640 2132">
     <span class='ocr_line' id='line_1_50' title="bbox 2059 2060 3640 2132; baseline -0.001 -17"><span class='ocrx_word' id='word_1_329' title='bbox 2059 2060 2217 2115; x_wconf 85' lang='grc' dir='ltr'>τοῦτο</span> <span class='ocrx_word' id='word_1_330' title='bbox 2241 2061 2425 2131; x_wconf 78' lang='grc' dir='ltr'>μέντοι</span> <span class='ocrx_word' id='word_1_331' title='bbox 2454 2078 2519 2130; x_wconf 87' lang='grc' dir='ltr'><strong>γε</strong></span> <span class='ocrx_word' id='word_1_332' title='bbox 2553 2062 2736 2132; x_wconf 83' lang='grc' dir='ltr'>μόνον,</span> <span class='ocrx_word' id='word_1_333' title='bbox 2762 2063 2902 2117; x_wconf 78' lang='grc' dir='ltr'><strong>ἀλλὰ</strong></span> <span class='ocrx_word' id='word_1_334' title='bbox 2927 2065 3022 2117; x_wconf 74' lang='grc' dir='ltr'><strong>καὶ</strong></span> <span class='ocrx_word' id='word_1_335' title='bbox 3052 2064 3113 2117; x_wconf 84' lang='grc' dir='ltr'>τδ</span> <span class='ocrx_word' id='word_1_336' title='bbox 3150 2064 3209 2128; x_wconf 69' lang='grc' dir='ltr'><strong>ἐξ</strong></span> <span class='ocrx_word' id='word_1_337' title='bbox 3247 2063 3427 2116; x_wconf 80' lang='grc' dir='ltr'>αὐτῶν</span> <span class='ocrx_word' id='word_1_338' title='bbox 3459 2062 3640 2130; x_wconf 75' lang='grc' dir='ltr'>ὑπάρ-</span> 
     </span>
    </p>
   </div>
   <div class='ocr_carea' id='block_1_51' title="bbox 2061 2152 3639 2223">
    <p class='ocr_par' dir='ltr' id='par_1_51' title="bbox 2061 2152 3639 2223">
     <span class='ocr_line' id='line_1_51' title="bbox 2061 2152 3639 2223; baseline -0.001 -18"><span class='ocrx_word' id='word_1_339' title='bbox 2061 2161 2197 2221; x_wconf 79' lang='grc' dir='ltr'>χειν,</span> <span class='ocrx_word' id='word_1_340' title='bbox 2247 2152 2340 2206; x_wconf 63' lang='grc' dir='ltr'><strong>κα)⁸</strong></span> <span class='ocrx_word' id='word_1_341' title='bbox 2378 2153 2651 2222; x_wconf 79' lang='grc' dir='ltr'>προϊέναι.</span> <span class='ocrx_word' id='word_1_342' title='bbox 2709 2154 2782 2206; x_wconf 85' lang='grc' dir='ltr'><strong>Τὸ</strong></span> <span class='ocrx_word' id='word_1_343' title='bbox 2818 2156 2924 2223; x_wconf 87' lang='grc' dir='ltr'><strong>γὰρ</strong></span> <span class='ocrx_word' id='word_1_344' title='bbox 2972 2157 3034 2207; x_wconf 80' lang='grc' dir='ltr'>ἐκ</span> <span class='ocrx_word' id='word_1_345' title='bbox 3085 2153 3181 2208; x_wconf 84' lang='grc' dir='ltr'><strong>τοῦ</strong></span> <span class='ocrx_word' id='word_1_346' title='bbox 3242 2154 3450 2223; x_wconf 73' lang='grc' dir='ltr'>Πατρὸς</span> <span class='ocrx_word' id='word_1_347' title='bbox 3505 2152 3639 2220; x_wconf 76' lang='grc' dir='ltr'>γοῦν</span> 
     </span>
    </p>
   </div>
   <div class='ocr_carea' id='block_1_52' title="bbox 2061 2243 3632 2317">
    <p class='ocr_par' dir='ltr' id='par_1_52' title="bbox 2061 2243 3632 2317">
     <span class='ocr_line' id='line_1_52' title="bbox 2061 2243 3632 2317; baseline 0.001 -21"><span class='ocrx_word' id='word_1_348' title='bbox 2061 2243 2327 2314; x_wconf 77' lang='grc' dir='ltr'>ὑπάρχειν</span> <span class='ocrx_word' id='word_1_349' title='bbox 2355 2245 2448 2297; x_wconf 76' lang='grc' dir='ltr'><strong>καὶ</strong></span> <span class='ocrx_word' id='word_1_350' title='bbox 2479 2245 2642 2308; x_wconf 82' lang='grc' dir='ltr'>αὐτὸς</span> <span class='ocrx_word' id='word_1_351' title='bbox 2674 2249 2981 2317; x_wconf 77' lang='grc' dir='ltr'><strong>συγχωρεῖς</strong></span> <span class='ocrx_word' id='word_1_352' title='bbox 3025 2249 3336 2316; x_wconf 81' lang='grc' dir='ltr'>σημαίνειν.</span> <span class='ocrx_word' id='word_1_353' title='bbox 3365 2245 3541 2298; x_wconf 81' lang='grc' dir='ltr'>Τοῦτο</span> <span class='ocrx_word' id='word_1_354' title='bbox 3572 2246 3632 2298; x_wconf 77' lang='grc' dir='ltr'><strong>δὲ</strong></span> 
     </span>
    </p>
   </div>
   <div class='ocr_carea' id='block_1_53' title="bbox 2061 2334 3640 2406">
    <p class='ocr_par' dir='ltr' id='par_1_53' title="bbox 2061 2334 3640 2406">
     <span class='ocr_line' id='line_1_53' title="bbox 2061 2334 3640 2406; baseline 0 -19"><span class='ocrx_word' id='word_1_355' title='bbox 2061 2334 2204 2398; x_wconf 73' lang='grc' dir='ltr'>δοὺς,</span> <span class='ocrx_word' id='word_1_356' title='bbox 2241 2335 2341 2404; x_wconf 81' lang='grc' dir='ltr'>οὐχ</span> <span class='ocrx_word' id='word_1_357' title='bbox 2359 2334 2502 2400; x_wconf 73' lang='grc' dir='ltr'>ἕξεις</span> <span class='ocrx_word' id='word_1_358' title='bbox 2530 2337 2729 2402; x_wconf 79' lang='grc' dir='ltr'>εἰπεῖν,</span> <span class='ocrx_word' id='word_1_359' title='bbox 2757 2337 2902 2390; x_wconf 80' lang='grc' dir='ltr'>διατι</span> <span class='ocrx_word' id='word_1_360' title='bbox 2948 2337 3016 2391; x_wconf 82' lang='grc' dir='ltr'>τὰ</span> <span class='ocrx_word' id='word_1_361' title='bbox 3047 2338 3184 2390; x_wconf 77' lang='grc' dir='ltr'>αὐτὰ</span> <span class='ocrx_word' id='word_1_362' title='bbox 3214 2339 3349 2406; x_wconf 77' lang='grc' dir='ltr'>πρὸς</span> <span class='ocrx_word' id='word_1_363' title='bbox 3403 2337 3504 2406; x_wconf 79' lang='grc' dir='ltr'><strong>μὲν</strong></span> <span class='ocrx_word' id='word_1_364' title='bbox 3545 2338 3640 2388; x_wconf 68' lang='grc' dir='ltr'><strong>τὶν</strong></span> 
     </span>
    </p>
   </div>
   <div class='ocr_carea' id='block_1_54' title="bbox 2065 2426 3642 2500">
    <p class='ocr_par' dir='ltr' id='par_1_54' title="bbox 2065 2426 3642 2500">
     <span class='ocr_line' id='line_1_54' title="bbox 2065 2426 3642 2500; baseline 0.001 -21"><span class='ocrx_word' id='word_1_365' title='bbox 2065 2426 2287 2498; x_wconf 81' lang='grc' dir='ltr'>Πατέρα</span> <span class='ocrx_word' id='word_1_366' title='bbox 2319 2427 2381 2480; x_wconf 85' lang='grc' dir='ltr'>οὐ</span> <span class='ocrx_word' id='word_1_367' title='bbox 2403 2429 2504 2499; x_wconf 81' lang='grc' dir='ltr'><strong>τὴν</strong></span> <span class='ocrx_word' id='word_1_368' title='bbox 2531 2428 2933 2499; x_wconf 80' lang='grc' dir='ltr'>ὀμοουσιὸτητα</span> <span class='ocrx_word' id='word_1_369' title='bbox 2973 2430 3158 2500; x_wconf 85' lang='grc' dir='ltr'>μόνον,</span> <span class='ocrx_word' id='word_1_370' title='bbox 3203 2430 3338 2483; x_wconf 72' lang='grc' dir='ltr'><strong>ἀλλὰ</strong></span> <span class='ocrx_word' id='word_1_371' title='bbox 3370 2432 3466 2483; x_wconf 71' lang='grc' dir='ltr'>καὶ</span> <span class='ocrx_word' id='word_1_372' title='bbox 3488 2430 3550 2481; x_wconf 79' lang='grc' dir='ltr'>τὸ</span> <span class='ocrx_word' id='word_1_373' title='bbox 3581 2429 3642 2494; x_wconf 80' lang='grc' dir='ltr'><strong>ἐξ</strong></span> 
     </span>
    </p>
   </div>
   <div class='ocr_carea' id='block_1_55' title="bbox 2063 2517 3640 2591">
    <p class='ocr_par' dir='ltr' id='par_1_55' title="bbox 2063 2517 3640 2591">
     <span class='ocr_line' id='line_1_55' title="bbox 2063 2517 3640 2591; baseline 0.001 -20"><span class='ocrx_word' id='word_1_374' title='bbox 2063 2518 2228 2572; x_wconf 83' lang='grc' dir='ltr'>αὐτοῦ</span> <span class='ocrx_word' id='word_1_375' title='bbox 2251 2517 2388 2573; x_wconf 83' lang='grc' dir='ltr'>εἶναι</span> <span class='ocrx_word' id='word_1_376' title='bbox 2418 2519 2739 2590; x_wconf 74' lang='grc' dir='ltr'><strong>παρίστησι,</strong></span> <span class='ocrx_word' id='word_1_377' title='bbox 2771 2521 2908 2591; x_wconf 81' lang='grc' dir='ltr'>πρὸς</span> <span class='ocrx_word' id='word_1_378' title='bbox 2938 2522 2994 2574; x_wconf 85' lang='grc' dir='ltr'><strong>δὲ</strong></span> <span class='ocrx_word' id='word_1_379' title='bbox 3025 2522 3119 2575; x_wconf 82' lang='grc' dir='ltr'><strong>τὸν</strong></span> <span class='ocrx_word' id='word_1_380' title='bbox 3152 2522 3286 2574; x_wconf 77' lang='grc' dir='ltr'>Υίὸν</span> <span class='ocrx_word' id='word_1_381' title='bbox 3315 2520 3417 2589; x_wconf 81' lang='grc' dir='ltr'>τὴν</span> <span class='ocrx_word' id='word_1_382' title='bbox 3439 2524 3640 2588; x_wconf 68' lang='grc' dir='ltr'>ὁμοθυ-</span> 
     </span>
    </p>
   </div>
   <div class='ocr_carea' id='block_1_56' title="bbox 2065 2611 3642 2684">
    <p class='ocr_par' dir='ltr' id='par_1_56' title="bbox 2065 2611 3642 2684">
     <span class='ocr_line' id='line_1_56' title="bbox 2065 2611 3642 2684; baseline 0.002 -22"><span class='ocrx_word' id='word_1_383' title='bbox 2065 2611 2292 2680; x_wconf 82' lang='grc' dir='ltr'>σιότητα</span> <span class='ocrx_word' id='word_1_384' title='bbox 2321 2612 2513 2682; x_wconf 76' lang='grc' dir='ltr'>μόνηνο</span> <span class='ocrx_word' id='word_1_385' title='bbox 2542 2614 2835 2667; x_wconf 77' lang='grc' dir='ltr'>καὶταῦτα</span> <span class='ocrx_word' id='word_1_386' title='bbox 2871 2613 2994 2684; x_wconf 79' lang='grc' dir='ltr'>μηδ’</span> <span class='ocrx_word' id='word_1_387' title='bbox 3018 2613 3490 2684; x_wconf 77' lang='grc' dir='ltr'>ἀντιστρεφόντων</span> <span class='ocrx_word' id='word_1_388' title='bbox 3517 2611 3642 2666; x_wconf 72' lang='grc' dir='ltr'>τοῦ·</span> 
     </span>
    </p>
   </div>
   <div class='ocr_carea' id='block_1_57' title="bbox 2061 2703 3641 2778">
    <p class='ocr_par' dir='ltr' id='par_1_57' title="bbox 2061 2703 3641 2778">
     <span class='ocr_line' id='line_1_57' title="bbox 2061 2703 3641 2778; baseline 0.001 -24"><span class='ocrx_word' id='word_1_389' title='bbox 2061 2720 2171 2756; x_wconf 78' lang='grc' dir='ltr'><strong>των</strong></span> <span class='ocrx_word' id='word_1_390' title='bbox 2192 2703 2299 2756; x_wconf 84' lang='grc' dir='ltr'><strong>τῶν</strong></span> <span class='ocrx_word' id='word_1_391' title='bbox 2331 2703 2636 2773; x_wconf 80' lang='grc' dir='ltr'><strong>ὀνομάτων,</strong></span> <span class='ocrx_word' id='word_1_392' title='bbox 2694 2706 2809 2759; x_wconf 82' lang='grc' dir='ltr'><strong>ἀλλ’</strong></span> <span class='ocrx_word' id='word_1_393' title='bbox 2835 2706 2988 2769; x_wconf 77' lang='grc' dir='ltr'>ὄντος</span> <span class='ocrx_word' id='word_1_394' title='bbox 3054 2707 3152 2778; x_wconf 82' lang='grc' dir='ltr'>μὲν</span> <span class='ocrx_word' id='word_1_395' title='bbox 3199 2711 3292 2759; x_wconf 77' lang='grc' dir='ltr'><strong>καὶ</strong></span> <span class='ocrx_word' id='word_1_396' title='bbox 3346 2706 3439 2759; x_wconf 81' lang='grc' dir='ltr'><strong>τοῦ</strong></span> <span class='ocrx_word' id='word_1_397' title='bbox 3505 2704 3641 2758; x_wconf 81' lang='grc' dir='ltr'>Υἱοῦ</span> 
     </span>
    </p>
   </div>
   <div class='ocr_carea' id='block_1_58' title="bbox 2062 2794 3640 2869">
    <p class='ocr_par' dir='ltr' id='par_1_58' title="bbox 2062 2794 3640 2869">
     <span class='ocr_line' id='line_1_58' title="bbox 2062 2794 3640 2869; baseline 0.01 -23"><span class='ocrx_word' id='word_1_398' title='bbox 2062 2794 2354 2864; x_wconf 79' lang='grc' dir='ltr'>ὀμοουσίου</span> <span class='ocrx_word' id='word_1_399' title='bbox 2375 2795 2454 2867; x_wconf 79' lang='grc' dir='ltr'>τῷ</span> <span class='ocrx_word' id='word_1_400' title='bbox 2499 2797 2803 2867; x_wconf 87' lang='grc' dir='ltr'>Πνεύματι,</span> <span class='ocrx_word' id='word_1_401' title='bbox 2855 2800 3070 2869; x_wconf 78' lang='grc' dir='ltr'>μορφῆς</span> <span class='ocrx_word' id='word_1_402' title='bbox 3117 2797 3174 2851; x_wconf 77' lang='grc' dir='ltr'><strong>δὲ</strong></span> <span class='ocrx_word' id='word_1_403' title='bbox 3219 2800 3252 2868; x_wconf 81' lang='grc' dir='ltr'><strong>ἢ</strong></span> <span class='ocrx_word' id='word_1_404' title='bbox 3314 2798 3563 2861; x_wconf 66' lang='grc' dir='ltr'>εὐωδίας,</span> <span class='ocrx_word' id='word_1_405' title='bbox 3608 2797 3640 2868; x_wconf 76' lang='grc' dir='ltr'>ἢ</span> 
     </span>
    </p>
   </div>
   <div class='ocr_carea' id='block_1_59' title="bbox 2063 2886 3640 2960">
    <p class='ocr_par' dir='ltr' id='par_1_59' title="bbox 2063 2886 3640 2960">
     <span class='ocr_line' id='line_1_59' title="bbox 2063 2886 3640 2960; baseline 0.002 -21"><span class='ocrx_word' id='word_1_406' title='bbox 2063 2887 2235 2956; x_wconf 76' lang='grc' dir='ltr'>πνοῆς</span> <span class='ocrx_word' id='word_1_407' title='bbox 2265 2887 2432 2943; x_wconf 80' lang='grc' dir='ltr'>αὑτοῦ</span> <span class='ocrx_word' id='word_1_408' title='bbox 2465 2889 2735 2960; x_wconf 80' lang='grc' dir='ltr'>μηδαμῶς</span> <span class='ocrx_word' id='word_1_409' title='bbox 2760 2890 3084 2960; x_wconf 81' lang='grc' dir='ltr'>λεγομένου.</span> <span class='ocrx_word' id='word_1_410' title='bbox 3139 2892 3354 2960; x_wconf 82' lang='grc' dir='ltr'>Ὠσπερ</span> <span class='ocrx_word' id='word_1_411' title='bbox 3411 2886 3505 2942; x_wconf 82' lang='grc' dir='ltr'><strong>οὖν</strong></span> <span class='ocrx_word' id='word_1_412' title='bbox 3548 2890 3640 2942; x_wconf 74' lang='grc' dir='ltr'>τὸν</span> 
     </span>
    </p>
   </div>
   <div class='ocr_carea' id='block_1_60' title="bbox 2065 2980 3640 3057">
    <p class='ocr_par' dir='ltr' id='par_1_60' title="bbox 2065 2980 3640 3057">
     <span class='ocr_line' id='line_1_60' title="bbox 2065 2980 3640 3057; baseline 0.001 -25"><span class='ocrx_word' id='word_1_413' title='bbox 2065 2980 2196 3034; x_wconf 83' lang='grc' dir='ltr'>Υίὸν</span> <span class='ocrx_word' id='word_1_414' title='bbox 2255 2982 2470 3052; x_wconf 81' lang='grc' dir='ltr'>μορφὴν</span> <span class='ocrx_word' id='word_1_415' title='bbox 2522 2982 2615 3035; x_wconf 86' lang='grc' dir='ltr'><strong>τοῦ</strong></span> <span class='ocrx_word' id='word_1_416' title='bbox 2671 2983 2907 3052; x_wconf 83' lang='grc' dir='ltr'>Πατρδς,</span> <span class='ocrx_word' id='word_1_417' title='bbox 2958 2985 2992 3057; x_wconf 71' lang='grc' dir='ltr'><strong>ἢ</strong></span> <span class='ocrx_word' id='word_1_418' title='bbox 3033 2983 3283 3046; x_wconf 82' lang='grc' dir='ltr'>εὐωδίαν,</span> <span class='ocrx_word' id='word_1_419' title='bbox 3313 2984 3345 3054; x_wconf 81' lang='grc' dir='ltr'><strong>ἢ</strong></span> <span class='ocrx_word' id='word_1_420' title='bbox 3378 2983 3640 3052; x_wconf 76' lang='grc' dir='ltr'>ποιότητα</span> 
     </span>
    </p>
   </div>
   <div class='ocr_carea' id='block_1_61' title="bbox 2063 3072 3629 3146">
    <p class='ocr_par' dir='ltr' id='par_1_61' title="bbox 2063 3072 3629 3146">
     <span class='ocr_line' id='line_1_61' title="bbox 2063 3072 3629 3146; baseline 0 -20"><span class='ocrx_word' id='word_1_421' title='bbox 2063 3072 2375 3143; x_wconf 61' lang='grc' dir='ltr'><strong>ἀκούοντες⁸</strong></span> <span class='ocrx_word' id='word_1_422' title='bbox 2417 3073 2516 3144; x_wconf 84' lang='grc' dir='ltr'>οὐχ</span> <span class='ocrx_word' id='word_1_423' title='bbox 2547 3073 2839 3144; x_wconf 81' lang='grc' dir='ltr'>ὁμοούσιον</span> <span class='ocrx_word' id='word_1_424' title='bbox 2876 3076 3039 3146; x_wconf 83' lang='grc' dir='ltr'>μόνον</span> <span class='ocrx_word' id='word_1_425' title='bbox 3099 3075 3248 3145; x_wconf 81' lang='grc' dir='ltr'>αὑτῴ</span> <span class='ocrx_word' id='word_1_426' title='bbox 3274 3078 3502 3145; x_wconf 80' lang='grc' dir='ltr'>νοοῦμεν</span> <span class='ocrx_word' id='word_1_427' title='bbox 3543 3075 3629 3128; x_wconf 79' lang='grc' dir='ltr'><strong>αὖ·</strong></span> 
     </span>
    </p>
   </div>
   <div class='ocr_carea' id='block_1_62' title="bbox 2063 3165 3640 3236">
    <p class='ocr_par' dir='ltr' id='par_1_62' title="bbox 2063 3165 3640 3236">
     <span class='ocr_line' id='line_1_62' title="bbox 2063 3165 3640 3236; baseline 0.001 -20"><span class='ocrx_word' id='word_1_428' title='bbox 2063 3165 2177 3230; x_wconf 79' lang='grc' dir='ltr'>τὸν,</span> <span class='ocrx_word' id='word_1_429' title='bbox 2230 3165 2366 3219; x_wconf 79' lang='grc' dir='ltr'><strong>ἀλλὰ</strong></span> <span class='ocrx_word' id='word_1_430' title='bbox 2397 3165 2493 3219; x_wconf 74' lang='grc' dir='ltr'><strong>καὶ</strong></span> <span class='ocrx_word' id='word_1_431' title='bbox 2555 3166 2616 3231; x_wconf 78' lang='grc' dir='ltr'><strong>ἐξ</strong></span> <span class='ocrx_word' id='word_1_432' title='bbox 2683 3167 2850 3221; x_wconf 82' lang='grc' dir='ltr'>αὐτοῦ</span> <span class='ocrx_word' id='word_1_433' title='bbox 2897 3168 3177 3236; x_wconf 79' lang='grc' dir='ltr'>προῖόνταο</span> <span class='ocrx_word' id='word_1_434' title='bbox 3239 3166 3382 3222; x_wconf 79' lang='grc' dir='ltr'>οὕτω</span> <span class='ocrx_word' id='word_1_435' title='bbox 3441 3168 3534 3220; x_wconf 67' lang='grc' dir='ltr'><strong>καὶ</strong></span> <span class='ocrx_word' id='word_1_436' title='bbox 3578 3165 3640 3218; x_wconf 60' lang='grc' dir='ltr'>τὺ</span> 
     </span>
    </p>
   </div>
   <div class='ocr_carea' id='block_1_63' title="bbox 373 3233 1956 3342">
    <p class='ocr_par' dir='ltr' id='par_1_63' title="bbox 373 3268 1940 3342">
     <span class='ocr_line' id='line_1_63' title="bbox 373 3268 1940 3342; baseline 0.004 -22"><span class='ocrx_word' id='word_1_437' title='bbox 373 3269 670 3342; x_wconf 81' lang='lat' dir='ltr'><strong>provenire</strong></span> <span class='ocrx_word' id='word_1_438' title='bbox 725 3268 1115 3339; x_wconf 81' lang='lat' dir='ltr'><strong>intelligimus:</strong></span> <span class='ocrx_word' id='word_1_439' title='bbox 1150 3270 1224 3326; x_wconf 87' lang='lat' dir='ltr'><strong>ita</strong></span> <span class='ocrx_word' id='word_1_440' title='bbox 1280 3279 1337 3325; x_wconf 91' lang='lat' dir='ltr'><strong>et</strong></span> <span class='ocrx_word' id='word_1_441' title='bbox 1365 3270 1631 3341; x_wconf 88' lang='lat' dir='ltr'><strong>Spiritum</strong></span> <span class='ocrx_word' id='word_1_442' title='bbox 1688 3281 1940 3328; x_wconf 79' lang='lat' dir='ltr'><strong>sanctum</strong></span> 
     </span>
    </p>
   </div>
   <div class='ocr_carea' id='block_1_64' title="bbox 2060 3233 3639 3342">
    <p class='ocr_par' dir='ltr' id='par_1_64' title="bbox 2063 3233 3639 3329">
     <span class='ocr_line' id='line_1_64' title="bbox 2063 3233 3639 3329; baseline 0.002 -21"><span class='ocrx_word' id='word_1_443' title='bbox 2063 3256 2290 3326; x_wconf 84' lang='grc' dir='ltr'>Πνεῦμα</span> <span class='ocrx_word' id='word_1_444' title='bbox 2327 3257 2496 3327; x_wconf 77' lang='grc' dir='ltr'>πνοὴν</span> <span class='ocrx_word' id='word_1_445' title='bbox 2525 3259 2622 3311; x_wconf 75' lang='grc' dir='ltr'><strong>καὶ</strong></span> <span class='ocrx_word' id='word_1_446' title='bbox 2657 3259 2892 3329; x_wconf 85' lang='grc' dir='ltr'>μορφὴν,</span> <span class='ocrx_word' id='word_1_447' title='bbox 2944 3233 3180 3312; x_wconf 78' lang='grc' dir='ltr'>εὐωδίαν</span> <span class='ocrx_word' id='word_1_448' title='bbox 3216 3275 3276 3312; x_wconf 81' lang='grc' dir='ltr'><strong>τε</strong></span> <span class='ocrx_word' id='word_1_449' title='bbox 3336 3260 3432 3312; x_wconf 79' lang='grc' dir='ltr'><strong>καὶ</strong></span> <span class='ocrx_word' id='word_1_450' title='bbox 3481 3258 3639 3327; x_wconf 81' lang='grc' dir='ltr'><strong>ἐνέρ-</strong></span> 
     </span>
    </p>
   </div>
   <div class='ocr_carea' id='block_1_65' title="bbox 375 3353 1946 3434">
    <p class='ocr_par' dir='ltr' id='par_1_65' title="bbox 375 3353 1946 3434">
     <span class='ocr_line' id='line_1_65' title="bbox 375 3353 1946 3434; baseline 0.006 -22"><span class='ocrx_word' id='word_1_451' title='bbox 375 3359 586 3424; x_wconf 78' lang='lat' dir='ltr'><strong>ﬂatum,</strong></span> <span class='ocrx_word' id='word_1_452' title='bbox 618 3359 868 3427; x_wconf 74' lang='lat' dir='ltr'><strong>formam,</strong></span> <span class='ocrx_word' id='word_1_453' title='bbox 911 3361 1294 3429; x_wconf 90' lang='lat' dir='ltr'><strong>redolentiam,</strong></span> <span class='ocrx_word' id='word_1_454' title='bbox 1320 3371 1376 3419; x_wconf 91' lang='lat' dir='ltr'><strong>et</strong></span> <span class='ocrx_word' id='word_1_455' title='bbox 1399 3353 1776 3434; x_wconf 69' lang='lat' dir='ltr'><strong>operationem</strong></span> <span class='ocrx_word' id='word_1_456' title='bbox 1817 3365 1946 3422; x_wconf 89' lang='lat' dir='ltr'><strong>Filii</strong></span> 
     </span>
    </p>
   </div>
   <div class='ocr_carea' id='block_1_66' title="bbox 376 3442 1943 3526">
    <p class='ocr_par' dir='ltr' id='par_1_66' title="bbox 376 3442 1943 3526">
     <span class='ocr_line' id='line_1_66' title="bbox 376 3442 1943 3526; baseline 0.003 -20"><span class='ocrx_word' id='word_1_457' title='bbox 376 3450 582 3506; x_wconf 88' lang='lat' dir='ltr'><strong>dictum</strong></span> <span class='ocrx_word' id='word_1_458' title='bbox 633 3465 754 3517; x_wconf 83' lang='lat' dir='ltr'><strong>esse</strong></span> <span class='ocrx_word' id='word_1_459' title='bbox 782 3461 1008 3522; x_wconf 88' lang='lat' dir='ltr'><strong>propter</strong></span> <span class='ocrx_word' id='word_1_460' title='bbox 1064 3451 1180 3508; x_wconf 79' lang='lat' dir='ltr'><strong>haec</strong></span> <span class='ocrx_word' id='word_1_461' title='bbox 1216 3442 1452 3526; x_wconf 86' lang='lat' dir='ltr'><strong>utraque</strong></span> <span class='ocrx_word' id='word_1_462' title='bbox 1484 3455 1943 3514; x_wconf 86' lang='lat' dir='ltr'><strong>existimabimus.</strong></span> 
     </span>
    </p>
   </div>
   <div class='ocr_carea' id='block_1_67' title="bbox 373 3541 1948 3616">
    <p class='ocr_par' dir='ltr' id='par_1_67' title="bbox 373 3541 1948 3616">
     <span class='ocr_line' id='line_1_67' title="bbox 373 3541 1948 3616; baseline 0.004 -18"><span class='ocrx_word' id='word_1_463' title='bbox 373 3542 516 3608; x_wconf 86' lang='lat' dir='ltr'><strong>Quid</strong></span> <span class='ocrx_word' id='word_1_464' title='bbox 543 3544 691 3598; x_wconf 90' lang='lat' dir='ltr'><strong>enim</strong></span> <span class='ocrx_word' id='word_1_465' title='bbox 725 3552 830 3610; x_wconf 88' lang='lat' dir='ltr'><strong>est,</strong></span> <span class='ocrx_word' id='word_1_466' title='bbox 859 3545 1216 3616; x_wconf 85' lang='lat' dir='ltr'><strong>quamobrem</strong></span> <span class='ocrx_word' id='word_1_467' title='bbox 1265 3541 1458 3601; x_wconf 84' lang='lat' dir='ltr'><strong>eadem</strong></span> <span class='ocrx_word' id='word_1_468' title='bbox 1488 3545 1650 3601; x_wconf 84' lang='lat' dir='ltr'><strong>aliter</strong></span> <span class='ocrx_word' id='word_1_469' title='bbox 1680 3546 1736 3602; x_wconf 84' lang='lat' dir='ltr'><strong>in</strong></span> <span class='ocrx_word' id='word_1_470' title='bbox 1786 3546 1948 3604; x_wconf 85' lang='lat' dir='ltr'><strong>Patre</strong></span> 
     </span>
    </p>
   </div>
   <div class='ocr_carea' id='block_1_68' title="bbox 369 3631 1940 3707">
    <p class='ocr_par' dir='ltr' id='par_1_68' title="bbox 369 3631 1940 3707">
     <span class='ocr_line' id='line_1_68' title="bbox 369 3631 1940 3707; baseline 0.004 -22"><span class='ocrx_word' id='word_1_471' title='bbox 369 3631 438 3685; x_wconf 91' lang='lat' dir='ltr'><strong>ad</strong></span> <span class='ocrx_word' id='word_1_472' title='bbox 463 3631 663 3687; x_wconf 86' lang='lat' dir='ltr'><strong>Filium</strong></span> <span class='ocrx_word' id='word_1_473' title='bbox 694 3644 748 3688; x_wconf 91' lang='lat' dir='ltr'><strong>et</strong></span> <span class='ocrx_word' id='word_1_474' title='bbox 773 3632 1062 3702; x_wconf 84' lang='lat' dir='ltr'><strong>Spiritum,</strong></span> <span class='ocrx_word' id='word_1_475' title='bbox 1106 3633 1266 3689; x_wconf 87' lang='lat' dir='ltr'><strong>aliter</strong></span> <span class='ocrx_word' id='word_1_476' title='bbox 1301 3635 1358 3690; x_wconf 90' lang='lat' dir='ltr'><strong>in</strong></span> <span class='ocrx_word' id='word_1_477' title='bbox 1403 3635 1545 3691; x_wconf 80' lang='lat' dir='ltr'><strong>Filio</strong></span> <span class='ocrx_word' id='word_1_478' title='bbox 1577 3637 1646 3693; x_wconf 89' lang='lat' dir='ltr'><strong>ad</strong></span> <span class='ocrx_word' id='word_1_479' title='bbox 1672 3636 1940 3707; x_wconf 88' lang='lat' dir='ltr'><strong>Spiritum</strong></span> 
     </span>
    </p>
   </div>
   <div class='ocr_carea' id='block_1_69' title="bbox 372 3723 1952 3800">
    <p class='ocr_par' dir='ltr' id='par_1_69' title="bbox 372 3723 1952 3800">
     <span class='ocr_line' id='line_1_69' title="bbox 372 3723 1952 3800; baseline 0.006 -23"><span class='ocrx_word' id='word_1_480' title='bbox 372 3723 751 3795; x_wconf 77' lang='lat' dir='ltr'><strong>intelligantur</strong></span> <span class='ocrx_word' id='word_1_481' title='bbox 779 3725 892 3796; x_wconf 87' lang='lat' dir='ltr'><strong>(l)?</strong></span> <span class='ocrx_word' id='word_1_482' title='bbox 925 3735 985 3778; x_wconf 87' lang='lat' dir='ltr'><strong>tu</strong></span> <span class='ocrx_word' id='word_1_483' title='bbox 1014 3739 1145 3780; x_wconf 91' lang='lat' dir='ltr'><strong>vero</strong></span> <span class='ocrx_word' id='word_1_484' title='bbox 1168 3733 1223 3781; x_wconf 92' lang='lat' dir='ltr'><strong>ct</strong></span> <span class='ocrx_word' id='word_1_485' title='bbox 1269 3742 1461 3783; x_wconf 90' lang='lat' dir='ltr'><strong>eorum</strong></span> <span class='ocrx_word' id='word_1_486' title='bbox 1487 3743 1610 3800; x_wconf 78' lang='lat' dir='ltr'><strong>quae</strong></span> <span class='ocrx_word' id='word_1_487' title='bbox 1633 3739 1790 3786; x_wconf 88' lang='lat' dir='ltr'><strong>antea</strong></span> <span class='ocrx_word' id='word_1_488' title='bbox 1814 3746 1952 3786; x_wconf 82' lang='lat' dir='ltr'><strong>con-</strong></span> 
     </span>
    </p>
   </div>
   <div class='ocr_carea' id='block_1_70' title="bbox 373 3815 1947 3888">
    <p class='ocr_par' dir='ltr' id='par_1_70' title="bbox 373 3815 1947 3888">
     <span class='ocr_line' id='line_1_70' title="bbox 373 3815 1947 3888; baseline 0.004 -17"><span class='ocrx_word' id='word_1_489' title='bbox 373 3831 640 3880; x_wconf 81' lang='lat' dir='ltr'><strong>aesseras,</strong></span> <span class='ocrx_word' id='word_1_490' title='bbox 706 3815 938 3881; x_wconf 86' lang='lat' dir='ltr'><strong>oblitus,</strong></span> <span class='ocrx_word' id='word_1_491' title='bbox 965 3831 1158 3872; x_wconf 84' lang='lat' dir='ltr'><strong>rursus</strong></span> <span class='ocrx_word' id='word_1_492' title='bbox 1215 3817 1484 3888; x_wconf 92' lang='lat' dir='ltr'><strong>Spiritum</strong></span> <span class='ocrx_word' id='word_1_493' title='bbox 1535 3821 1617 3876; x_wconf 89' lang='lat' dir='ltr'><strong>ais</strong></span> <span class='ocrx_word' id='word_1_494' title='bbox 1640 3823 1947 3877; x_wconf 86' lang='lat' dir='ltr'><strong>secundum</strong></span> 
     </span>
    </p>
   </div>
   <div class='ocr_carea' id='block_1_71' title="bbox 373 3901 1951 3985">
    <p class='ocr_par' dir='ltr' id='par_1_71' title="bbox 373 3901 1951 3985">
     <span class='ocr_line' id='line_1_71' title="bbox 373 3901 1951 3985; baseline 0.006 -24"><span class='ocrx_word' id='word_1_495' title='bbox 373 3908 605 3978; x_wconf 85' lang='lat' dir='ltr'><strong>gratiam</strong></span> <span class='ocrx_word' id='word_1_496' title='bbox 646 3923 843 3983; x_wconf 86' lang='lat' dir='ltr'><strong>aquam</strong></span> <span class='ocrx_word' id='word_1_497' title='bbox 884 3901 1081 3963; x_wconf 36' lang='lat' dir='ltr'><strong>vivam-</strong></span> <span class='ocrx_word' id='word_1_498' title='bbox 1125 3909 1416 3980; x_wconf 90' lang='lat' dir='ltr'><strong>appellari,</strong></span> <span class='ocrx_word' id='word_1_499' title='bbox 1471 3923 1527 3969; x_wconf 92' lang='lat' dir='ltr'><strong>et</strong></span> <span class='ocrx_word' id='word_1_500' title='bbox 1581 3913 1749 3982; x_wconf 84' lang='lat' dir='ltr'><strong>hujus</strong></span> <span class='ocrx_word' id='word_1_501' title='bbox 1795 3931 1951 3985; x_wconf 71' lang='lat' dir='ltr'><strong>aqua:</strong></span> 
     </span>
    </p>
   </div>
   <div class='ocr_carea' id='block_1_72' title="bbox 375 3995 1952 4076">
    <p class='ocr_par' dir='ltr' id='par_1_72' title="bbox 375 3995 1952 4076">
     <span class='ocr_line' id='line_1_72' title="bbox 375 3995 1952 4076; baseline 0.007 -25"><span class='ocrx_word' id='word_1_502' title='bbox 375 3995 575 4075; x_wconf 82' lang='lat' dir='ltr'><strong>Filium</strong></span> <span class='ocrx_word' id='word_1_503' title='bbox 598 4013 718 4055; x_wconf 81' lang='lat' dir='ltr'><strong>esse</strong></span> <span class='ocrx_word' id='word_1_504' title='bbox 755 3999 981 4076; x_wconf 80' lang='lat' dir='ltr'><strong>fontem.</strong></span> <span class='ocrx_word' id='word_1_505' title='bbox 1018 4001 1215 4056; x_wconf 76' lang='lat' dir='ltr'><strong>Verum</strong></span> <span class='ocrx_word' id='word_1_506' title='bbox 1273 4003 1319 4057; x_wconf 92' lang='lat' dir='ltr'><strong>si</strong></span> <span class='ocrx_word' id='word_1_507' title='bbox 1351 4003 1452 4058; x_wconf 88' lang='lat' dir='ltr'><strong>ista</strong></span> <span class='ocrx_word' id='word_1_508' title='bbox 1498 4006 1671 4075; x_wconf 86' lang='lat' dir='ltr'><strong>gratia</strong></span> <span class='ocrx_word' id='word_1_509' title='bbox 1703 4022 1812 4061; x_wconf 89' lang='lat' dir='ltr'><strong>non</strong></span> <span class='ocrx_word' id='word_1_510' title='bbox 1863 4017 1952 4063; x_wconf 88' lang='lat' dir='ltr'><strong>est</strong></span> 
     </span>
    </p>
   </div>
   <div class='ocr_carea' id='block_1_73' title="bbox 376 4093 1950 4167">
    <p class='ocr_par' dir='ltr' id='par_1_73' title="bbox 376 4093 1950 4167">
     <span class='ocr_line' id='line_1_73' title="bbox 376 4093 1950 4167; baseline 0.002 -19"><span class='ocrx_word' id='word_1_511' title='bbox 376 4093 609 4156; x_wconf 84' lang='lat' dir='ltr'><strong>divulsa,</strong></span> <span class='ocrx_word' id='word_1_512' title='bbox 667 4107 848 4162; x_wconf 88' lang='lat' dir='ltr'><strong>neque</strong></span> <span class='ocrx_word' id='word_1_513' title='bbox 922 4093 1177 4164; x_wconf 82' lang='lat' dir='ltr'><strong>scjuncta</strong></span> <span class='ocrx_word' id='word_1_514' title='bbox 1231 4094 1300 4148; x_wconf 90' lang='lat' dir='ltr'><strong>ab</strong></span> <span class='ocrx_word' id='word_1_515' title='bbox 1361 4097 1602 4151; x_wconf 89' lang='lat' dir='ltr'><strong>essentia</strong></span> <span class='ocrx_word' id='word_1_516' title='bbox 1631 4105 1686 4151; x_wconf 89' lang='lat' dir='ltr'><strong>et</strong></span> <span class='ocrx_word' id='word_1_517' title='bbox 1713 4113 1950 4167; x_wconf 85' lang='lat' dir='ltr'><strong>persona</strong></span> 
     </span>
    </p>
   </div>
   <div class='ocr_carea' id='block_1_74' title="bbox 376 4184 1950 4258">
    <p class='ocr_par' dir='ltr' id='par_1_74' title="bbox 376 4184 1950 4258">
     <span class='ocr_line' id='line_1_74' title="bbox 376 4184 1950 4258; baseline 0.002 -16"><span class='ocrx_word' id='word_1_518' title='bbox 376 4185 648 4256; x_wconf 89' lang='lat' dir='ltr'><strong>Spiritus,</strong></span> <span class='ocrx_word' id='word_1_519' title='bbox 688 4184 742 4240; x_wconf 92' lang='lat' dir='ltr'><strong>id</strong></span> <span class='ocrx_word' id='word_1_520' title='bbox 799 4184 948 4239; x_wconf 88' lang='lat' dir='ltr'><strong>enim</strong></span> <span class='ocrx_word' id='word_1_521' title='bbox 1015 4187 1373 4254; x_wconf 81' lang='lat' dir='ltr'><strong>concessisti;</strong></span> <span class='ocrx_word' id='word_1_522' title='bbox 1426 4203 1664 4258; x_wconf 90' lang='lat' dir='ltr'><strong>quonam</strong></span> <span class='ocrx_word' id='word_1_523' title='bbox 1731 4190 1950 4245; x_wconf 88' lang='lat' dir='ltr'><strong>tandem</strong></span> 
     </span>
    </p>
   </div>
   <div class='ocr_carea' id='block_1_75' title="bbox 379 4276 1951 4358">
    <p class='ocr_par' dir='ltr' id='par_1_75' title="bbox 379 4276 1951 4358">
     <span class='ocr_line' id='line_1_75' title="bbox 379 4276 1951 4358; baseline 0.004 -27"><span class='ocrx_word' id='word_1_524' title='bbox 379 4286 538 4346; x_wconf 88' lang='lat' dir='ltr'><strong>pacto</strong></span> <span class='ocrx_word' id='word_1_525' title='bbox 566 4277 754 4333; x_wconf 82' lang='lat' dir='ltr'><strong>divina</strong></span> <span class='ocrx_word' id='word_1_526' title='bbox 777 4291 1010 4347; x_wconf 87' lang='lat' dir='ltr'><strong>persona</strong></span> <span class='ocrx_word' id='word_1_527' title='bbox 1042 4276 1282 4348; x_wconf 92' lang='lat' dir='ltr'><strong>Spiritus</strong></span> <span class='ocrx_word' id='word_1_528' title='bbox 1314 4295 1419 4333; x_wconf 90' lang='lat' dir='ltr'><strong>una</strong></span> <span class='ocrx_word' id='word_1_529' title='bbox 1479 4295 1603 4356; x_wconf 87' lang='lat' dir='ltr'><strong>cum</strong></span> <span class='ocrx_word' id='word_1_530' title='bbox 1662 4282 1833 4358; x_wconf 81' lang='lat' dir='ltr'><strong>gratia</strong></span> <span class='ocrx_word' id='word_1_531' title='bbox 1883 4297 1951 4356; x_wconf 82' lang='lat' dir='ltr'><strong>ex</strong></span> 
     </span>
    </p>
   </div>
   <div class='ocr_carea' id='block_1_76' title="bbox 380 4368 1006 4426">
    <p class='ocr_par' dir='ltr' id='par_1_76' title="bbox 380 4368 1006 4426">
     <span class='ocr_line' id='line_1_76' title="bbox 380 4368 1006 4426; baseline -0.003 -2"><span class='ocrx_word' id='word_1_532' title='bbox 380 4370 518 4425; x_wconf 83' lang='lat' dir='ltr'><strong>Filio</strong></span> <span class='ocrx_word' id='word_1_533' title='bbox 541 4384 652 4426; x_wconf 91' lang='lat' dir='ltr'><strong>non</strong></span> <span class='ocrx_word' id='word_1_534' title='bbox 686 4368 1006 4424; x_wconf 83' lang='lat' dir='ltr'><strong>cmanabit?</strong></span> 
     </span>
    </p>
   </div>
   <div class='ocr_carea' id='block_1_77' title="bbox 919 4479 1418 4548">
    <p class='ocr_par' dir='ltr' id='par_1_77' title="bbox 919 4479 1418 4548">
     <span class='ocr_line' id='line_1_77' title="bbox 919 4479 1418 4548; baseline 0.008 -14"><span class='ocrx_word' id='word_1_535' title='bbox 919 4479 1067 4548; x_wconf 63' lang='grc' dir='ltr'><strong>γε’οεὶ</strong></span> <span class='ocrx_word' id='word_1_536' title='bbox 1100 4482 1154 4535; x_wconf 81' lang='lat' dir='ltr'><strong>in</strong></span> <span class='ocrx_word' id='word_1_537' title='bbox 1204 4499 1418 4546; x_wconf 73' lang='lat' dir='ltr'><strong>nonam.</strong></span> 
     </span>
    </p>
   </div>
   <div class='ocr_carea' id='block_1_78' title="bbox 2065 3349 3648 3422">
    <p class='ocr_par' dir='ltr' id='par_1_78' title="bbox 2065 3349 3648 3422">
     <span class='ocr_line' id='line_1_78' title="bbox 2065 3349 3648 3422; baseline 0.002 -22"><span class='ocrx_word' id='word_1_538' title='bbox 2065 3364 2224 3416; x_wconf 84' lang='grc' dir='ltr'>γειαν</span> <span class='ocrx_word' id='word_1_539' title='bbox 2254 3349 2350 3402; x_wconf 87' lang='grc' dir='ltr'><strong>τοῦ</strong></span> <span class='ocrx_word' id='word_1_540' title='bbox 2374 3349 2530 3413; x_wconf 85' lang='grc' dir='ltr'>Υίοῦ,</span> <span class='ocrx_word' id='word_1_541' title='bbox 2585 3350 2682 3404; x_wconf 67' lang='grc' dir='ltr'>καὶ</span> <span class='ocrx_word' id='word_1_542' title='bbox 2713 3351 2782 3405; x_wconf 83' lang='grc' dir='ltr'><strong>δι’</strong></span> <span class='ocrx_word' id='word_1_543' title='bbox 2809 3351 2979 3422; x_wconf 78' lang='grc' dir='ltr'>ἄμφω</span> <span class='ocrx_word' id='word_1_544' title='bbox 3006 3352 3179 3405; x_wconf 81' lang='grc' dir='ltr'>ταῦτα</span> <span class='ocrx_word' id='word_1_545' title='bbox 3235 3350 3532 3420; x_wconf 76' lang='grc' dir='ltr'>νομιοῦμεν</span> <span class='ocrx_word' id='word_1_546' title='bbox 3565 3352 3648 3403; x_wconf 61' lang='grc' dir='ltr'><strong>εἰσ</strong></span> 
     </span>
    </p>
   </div>
   <div class='ocr_carea' id='block_1_79' title="bbox 2066 3441 3646 3516">
    <p class='ocr_par' dir='ltr' id='par_1_79' title="bbox 2066 3441 3646 3516">
     <span class='ocr_line' id='line_1_79' title="bbox 2066 3441 3646 3516; baseline -0.009 -8"><span class='ocrx_word' id='word_1_547' title='bbox 2066 3441 2287 3509; x_wconf 78' lang='grc' dir='ltr'>ρῆσθαιο</span> <span class='ocrx_word' id='word_1_548' title='bbox 2319 3442 2416 3516; x_wconf 78' lang='grc' dir='ltr'>Τίς</span> <span class='ocrx_word' id='word_1_549' title='bbox 2439 3442 2548 3512; x_wconf 81' lang='grc' dir='ltr'>γὰρ</span> <span class='ocrx_word' id='word_1_550' title='bbox 2581 3445 2614 3513; x_wconf 77' lang='grc' dir='ltr'><strong>ἡ</strong></span> <span class='ocrx_word' id='word_1_551' title='bbox 2639 3443 3052 3514; x_wconf 80' lang='grc' dir='ltr'>ἀποκλήρωσις,</span> <span class='ocrx_word' id='word_1_552' title='bbox 3079 3443 3254 3506; x_wconf 75' lang='grc' dir='ltr'>ἄλλως</span> <span class='ocrx_word' id='word_1_553' title='bbox 3291 3443 3390 3513; x_wconf 77' lang='grc' dir='ltr'>μὲν</span> <span class='ocrx_word' id='word_1_554' title='bbox 3416 3444 3506 3496; x_wconf 76' lang='grc' dir='ltr'><strong>ἐπὶ</strong></span> <span class='ocrx_word' id='word_1_555' title='bbox 3533 3444 3646 3495; x_wconf 84' lang='grc' dir='ltr'>Πα-</span> 
     </span>
    </p>
   </div>
   <div class='ocr_carea' id='block_1_80' title="bbox 2055 3533 3640 3604">
    <p class='ocr_par' dir='ltr' id='par_1_80' title="bbox 2055 3533 3640 3604">
     <span class='ocr_line' id='line_1_80' title="bbox 2055 3533 3640 3604; baseline 0.001 -20"><span class='ocrx_word' id='word_1_556' title='bbox 2055 3533 2181 3602; x_wconf 59' lang='lat' dir='ltr'><strong>apo;</strong></span> <span class='ocrx_word' id='word_1_557' title='bbox 2207 3533 2342 3604; x_wconf 76' lang='grc' dir='ltr'>πρὸς</span> <span class='ocrx_word' id='word_1_558' title='bbox 2364 3533 2455 3587; x_wconf 79' lang='grc' dir='ltr'><strong>τὸν</strong></span> <span class='ocrx_word' id='word_1_559' title='bbox 2487 3533 2616 3588; x_wconf 81' lang='grc' dir='ltr'>Υἱδν</span> <span class='ocrx_word' id='word_1_560' title='bbox 2644 3536 2742 3589; x_wconf 70' lang='grc' dir='ltr'><strong>καὶ</strong></span> <span class='ocrx_word' id='word_1_561' title='bbox 2764 3535 2823 3588; x_wconf 82' lang='grc' dir='ltr'>τὸ</span> <span class='ocrx_word' id='word_1_562' title='bbox 2855 3534 3102 3603; x_wconf 85' lang='grc' dir='ltr'>Πνεῦμα,</span> <span class='ocrx_word' id='word_1_563' title='bbox 3133 3536 3306 3600; x_wconf 80' lang='grc' dir='ltr'>ἄλλως</span> <span class='ocrx_word' id='word_1_564' title='bbox 3334 3535 3490 3589; x_wconf 75' lang='lat' dir='ltr'><strong>6&#39;é1rl</strong></span> <span class='ocrx_word' id='word_1_565' title='bbox 3513 3535 3640 3587; x_wconf 67' lang='lat' dir='ltr'><strong>Pio-3</strong></span> 
     </span>
    </p>
   </div>
   <div class='ocr_carea' id='block_1_81' title="bbox 2063 3625 3642 3696">
    <p class='ocr_par' dir='ltr' id='par_1_81' title="bbox 2063 3625 3642 3696">
     <span class='ocr_line' id='line_1_81' title="bbox 2063 3625 3642 3696; baseline 0.001 -19"><span class='ocrx_word' id='word_1_566' title='bbox 2063 3627 2201 3695; x_wconf 84' lang='grc' dir='ltr'>πρὸς</span> <span class='ocrx_word' id='word_1_567' title='bbox 2229 3625 2289 3677; x_wconf 84' lang='grc' dir='ltr'><strong>τὸ</strong></span> <span class='ocrx_word' id='word_1_568' title='bbox 2317 3625 2545 3696; x_wconf 78' lang='grc' dir='ltr'>Πνεῦμα</span> <span class='ocrx_word' id='word_1_569' title='bbox 2577 3625 2749 3680; x_wconf 85' lang='grc' dir='ltr'>ταῦτα</span> <span class='ocrx_word' id='word_1_570' title='bbox 2780 3629 2960 3691; x_wconf 80' lang='grc' dir='ltr'>νοείν;</span> <span class='ocrx_word' id='word_1_571' title='bbox 2995 3629 3066 3680; x_wconf 73' lang='grc' dir='ltr'><strong>Σὺ</strong></span> <span class='ocrx_word' id='word_1_572' title='bbox 3117 3627 3173 3680; x_wconf 80' lang='grc' dir='ltr'><strong>δὲ</strong></span> <span class='ocrx_word' id='word_1_573' title='bbox 3208 3629 3303 3681; x_wconf 78' lang='grc' dir='ltr'><strong>καὶ</strong></span> <span class='ocrx_word' id='word_1_574' title='bbox 3363 3627 3473 3680; x_wconf 83' lang='grc' dir='ltr'><strong>τῶν</strong></span> <span class='ocrx_word' id='word_1_575' title='bbox 3502 3629 3642 3693; x_wconf 75' lang='grc' dir='ltr'>πρὸς</span> 
     </span>
    </p>
   </div>
   <div class='ocr_carea' id='block_1_82' title="bbox 2062 3718 3267 3790">
    <p class='ocr_par' dir='ltr' id='par_1_82' title="bbox 2062 3718 3267 3790">
     <span class='ocr_line' id='line_1_82' title="bbox 2062 3718 3267 3790; baseline 0.001 -18"><span class='ocrx_word' id='word_1_576' title='bbox 2062 3718 2257 3772; x_wconf 78' lang='grc' dir='ltr'>τούτου</span> <span class='ocrx_word' id='word_1_577' title='bbox 2325 3719 2768 3790; x_wconf 81' lang='grc' dir='ltr'>ὡμολογημένων</span> <span class='ocrx_word' id='word_1_578' title='bbox 2844 3721 3073 3774; x_wconf 75' lang='grc' dir='ltr'>ἐπιλαθό</span> <span class='ocrx_word' id='word_1_579' title='bbox 3081 3738 3267 3789; x_wconf 81' lang='grc' dir='ltr'>μενος,</span> 
     </span>
    </p>
   </div>
   <div class='ocr_carea' id='block_1_83' title="bbox 2062 3812 3640 3883">
    <p class='ocr_par' dir='ltr' id='par_1_83' title="bbox 2062 3812 3640 3883">
     <span class='ocr_line' id='line_1_83' title="bbox 2062 3812 3640 3883; baseline -0.002 -18"><span class='ocrx_word' id='word_1_580' title='bbox 2062 3812 2285 3882; x_wconf 84' lang='grc' dir='ltr'>Πνεῦμα</span> <span class='ocrx_word' id='word_1_581' title='bbox 2313 3813 2419 3883; x_wconf 76' lang='grc' dir='ltr'><strong>φῂς</strong></span> <span class='ocrx_word' id='word_1_582' title='bbox 2443 3813 2582 3866; x_wconf 84' lang='grc' dir='ltr'>κατὰ</span> <span class='ocrx_word' id='word_1_583' title='bbox 2608 3813 2709 3883; x_wconf 79' lang='grc' dir='ltr'>τὴν</span> <span class='ocrx_word' id='word_1_584' title='bbox 2747 3813 2909 3883; x_wconf 79' lang='grc' dir='ltr'>χάριν</span> <span class='ocrx_word' id='word_1_585' title='bbox 2965 3813 3076 3876; x_wconf 75' lang='grc' dir='ltr'><strong>ζῶν</strong></span> <span class='ocrx_word' id='word_1_586' title='bbox 3122 3813 3268 3883; x_wconf 76' lang='grc' dir='ltr'>ὕδωρ</span> <span class='ocrx_word' id='word_1_587' title='bbox 3297 3877 3299 3880; x_wconf 5' lang='grc' dir='ltr'><strong>ρ</strong></span> <span class='ocrx_word' id='word_1_588' title='bbox 3326 3812 3640 3875; x_wconf 81' lang='grc' dir='ltr'>καλεῖσθαι,</span> 
     </span>
    </p>
   </div>
   <div class='ocr_carea' id='block_1_84' title="bbox 2061 3901 3639 3975">
    <p class='ocr_par' dir='ltr' id='par_1_84' title="bbox 2061 3901 3639 3975">
     <span class='ocr_line' id='line_1_84' title="bbox 2061 3901 3639 3975; baseline 0 -21"><span class='ocrx_word' id='word_1_589' title='bbox 2061 3903 2158 3955; x_wconf 73' lang='grc' dir='ltr'><strong>καὶ</strong></span> <span class='ocrx_word' id='word_1_590' title='bbox 2201 3903 2391 3957; x_wconf 82' lang='grc' dir='ltr'>τούτου</span> <span class='ocrx_word' id='word_1_591' title='bbox 2421 3903 2513 3957; x_wconf 76' lang='grc' dir='ltr'><strong>τὸν</strong></span> <span class='ocrx_word' id='word_1_592' title='bbox 2565 3904 2696 3957; x_wconf 84' lang='grc' dir='ltr'>Υἱδν</span> <span class='ocrx_word' id='word_1_593' title='bbox 2731 3901 2872 3958; x_wconf 70' lang='grc' dir='ltr'>εἶναι</span> <span class='ocrx_word' id='word_1_594' title='bbox 2905 3906 3110 3975; x_wconf 84' lang='grc' dir='ltr'>πηγήν.</span> <span class='ocrx_word' id='word_1_595' title='bbox 3157 3905 3297 3957; x_wconf 78' lang='grc' dir='ltr'>Ἀλλ’</span> <span class='ocrx_word' id='word_1_596' title='bbox 3323 3904 3370 3957; x_wconf 85' lang='grc' dir='ltr'><strong>εί</strong></span> <span class='ocrx_word' id='word_1_597' title='bbox 3411 3905 3442 3972; x_wconf 78' lang='grc' dir='ltr'><strong>ἡ</strong></span> <span class='ocrx_word' id='word_1_598' title='bbox 3476 3907 3639 3972; x_wconf 75' lang='grc' dir='ltr'>χάρις</span> 
     </span>
    </p>
   </div>
   <div class='ocr_carea' id='block_1_85' title="bbox 2062 3993 3638 4065">
    <p class='ocr_par' dir='ltr' id='par_1_85' title="bbox 2062 3993 3638 4065">
     <span class='ocr_line' id='line_1_85' title="bbox 2062 3993 3638 4065; baseline 0.001 -21"><span class='ocrx_word' id='word_1_599' title='bbox 2062 3993 2200 4064; x_wconf 82' lang='grc' dir='ltr'>αῦτη</span> <span class='ocrx_word' id='word_1_600' title='bbox 2233 3994 2307 4065; x_wconf 81' lang='grc' dir='ltr'>μὴ</span> <span class='ocrx_word' id='word_1_601' title='bbox 2341 3995 2662 4050; x_wconf 81' lang='grc' dir='ltr'>διέσπασται</span> <span class='ocrx_word' id='word_1_602' title='bbox 2707 3997 2805 4064; x_wconf 78' lang='grc' dir='ltr'>τῆς</span> <span class='ocrx_word' id='word_1_603' title='bbox 2838 3996 3054 4062; x_wconf 85' lang='grc' dir='ltr'>οὐσίας,</span> <span class='ocrx_word' id='word_1_604' title='bbox 3110 3997 3203 4050; x_wconf 80' lang='grc' dir='ltr'>καὶ</span> <span class='ocrx_word' id='word_1_605' title='bbox 3261 3995 3638 4057; x_wconf 74' lang='grc' dir='ltr'>ὑποστάσεως,</span> 
     </span>
    </p>
   </div>
   <div class='ocr_carea' id='block_1_86' title="bbox 2063 4083 3640 4156">
    <p class='ocr_par' dir='ltr' id='par_1_86' title="bbox 2063 4083 3640 4156">
     <span class='ocr_line' id='line_1_86' title="bbox 2063 4083 3640 4156; baseline 0.001 -22"><span class='ocrx_word' id='word_1_606' title='bbox 2063 4083 2223 4137; x_wconf 83' lang='grc' dir='ltr'>τοῦτο</span> <span class='ocrx_word' id='word_1_607' title='bbox 2269 4085 2376 4155; x_wconf 76' lang='grc' dir='ltr'>γὰρ</span> <span class='ocrx_word' id='word_1_608' title='bbox 2429 4086 2836 4156; x_wconf 74' lang='grc' dir='ltr'>συνεχώρησας,</span> <span class='ocrx_word' id='word_1_609' title='bbox 2881 4087 2996 4149; x_wconf 72' lang='grc' dir='ltr'><strong>πῶς</strong></span> <span class='ocrx_word' id='word_1_610' title='bbox 3076 4087 3197 4156; x_wconf 79' lang='grc' dir='ltr'>οὐχὶ</span> <span class='ocrx_word' id='word_1_611' title='bbox 3255 4088 3351 4139; x_wconf 78' lang='grc' dir='ltr'><strong>καὶ</strong></span> <span class='ocrx_word' id='word_1_612' title='bbox 3397 4085 3496 4155; x_wconf 77' lang='grc' dir='ltr'>τὴν</span> <span class='ocrx_word' id='word_1_613' title='bbox 3542 4085 3640 4137; x_wconf 67' lang='grc' dir='ltr'><strong>τοῦ</strong></span> 
     </span>
    </p>
   </div>
   <div class='ocr_carea' id='block_1_87' title="bbox 2067 4173 3642 4250">
    <p class='ocr_par' dir='ltr' id='par_1_87' title="bbox 2067 4173 3642 4250">
     <span class='ocr_line' id='line_1_87' title="bbox 2067 4173 3642 4250; baseline 0.003 -25"><span class='ocrx_word' id='word_1_614' title='bbox 2067 4173 2380 4243; x_wconf 76' lang='grc' dir='ltr'>Πνεῦματος</span> <span class='ocrx_word' id='word_1_615' title='bbox 2418 4177 2566 4229; x_wconf 71' lang='grc' dir='ltr'>Θείαν</span> <span class='ocrx_word' id='word_1_616' title='bbox 2593 4178 2896 4231; x_wconf 72' lang='grc' dir='ltr'>ὑπόστασιν</span> <span class='ocrx_word' id='word_1_617' title='bbox 2925 4179 3068 4249; x_wconf 82' lang='grc' dir='ltr'>μετὰ</span> <span class='ocrx_word' id='word_1_618' title='bbox 3103 4178 3201 4250; x_wconf 79' lang='grc' dir='ltr'>τῆς</span> <span class='ocrx_word' id='word_1_619' title='bbox 3250 4179 3472 4247; x_wconf 76' lang='grc' dir='ltr'>χάριτος</span> <span class='ocrx_word' id='word_1_620' title='bbox 3507 4177 3642 4229; x_wconf 71' lang='grc' dir='ltr'><strong>ταὺ-</strong></span> 
     </span>
    </p>
   </div>
   <div class='ocr_carea' id='block_1_88' title="bbox 2067 4257 2936 4354">
    <p class='ocr_par' dir='ltr' id='par_1_88' title="bbox 2067 4270 2840 4345">
     <span class='ocr_line' id='line_1_88' title="bbox 2067 4270 2840 4345; baseline 0.004 -25"><span class='ocrx_word' id='word_1_621' title='bbox 2067 4283 2164 4336; x_wconf 78' lang='grc' dir='ltr'>της</span> <span class='ocrx_word' id='word_1_622' title='bbox 2197 4270 2494 4337; x_wconf 67' lang='grc' dir='ltr'>πηγασειεν</span> <span class='ocrx_word' id='word_1_623' title='bbox 2530 4270 2594 4345; x_wconf 54' lang='lat' dir='ltr'><strong>av</strong></span> <span class='ocrx_word' id='word_1_624' title='bbox 2623 4272 2653 4340; x_wconf 65' lang='lat'><strong>6</strong></span> <span class='ocrx_word' id='word_1_625' title='bbox 2675 4270 2840 4338; x_wconf 79' lang='grc' dir='ltr'><strong>Υἱὸ;;</strong></span> 
     </span>
    </p>
   </div>
   <div class='ocr_carea' id='block_1_89' title="bbox 3359 3719 3642 3772">
    <p class='ocr_par' dir='ltr' id='par_1_89' title="bbox 3359 3719 3642 3772">
     <span class='ocr_line' id='line_1_89' title="bbox 3359 3719 3642 3772; baseline -0.004 -1"><span class='ocrx_word' id='word_1_626' title='bbox 3359 3720 3523 3772; x_wconf 74' lang='grc' dir='ltr'>πάλιν</span> <span class='ocrx_word' id='word_1_627' title='bbox 3580 3719 3642 3770; x_wconf 79' lang='grc' dir='ltr'>τὸ</span> 
     </span>
    </p>
   </div>
   <div class='ocr_carea' id='block_1_90' title="bbox 2498 4475 3212 4545">
    <p class='ocr_par' dir='ltr' id='par_1_90' title="bbox 2498 4475 3212 4545">
     <span class='ocr_line' id='line_1_90' title="bbox 2498 4475 3212 4545; baseline -0.003 -15"><span class='ocrx_word' id='word_1_628' title='bbox 2498 4476 2606 4530; x_wconf 69' lang='grc' dir='ltr'>Τοῦ</span> <span class='ocrx_word' id='word_1_629' title='bbox 2635 4475 2863 4534; x_wconf 72' lang='grc' dir='ltr'><strong>Βέκκου</strong></span> <span class='ocrx_word' id='word_1_630' title='bbox 2892 4478 2979 4544; x_wconf 75' lang='grc' dir='ltr'>εἰς</span> <span class='ocrx_word' id='word_1_631' title='bbox 3005 4476 3115 4545; x_wconf 74' lang='grc' dir='ltr'>τὴν</span> <span class='ocrx_word' id='word_1_632' title='bbox 3143 4479 3177 4531; x_wconf 87' lang='grc' dir='ltr'>θ</span> <span class='ocrx_word' id='word_1_633' title='bbox 3197 4513 3212 4528; x_wconf 93' lang='grc'><strong>.</strong></span> 
     </span>
    </p>
   </div>
   <div class='ocr_carea' id='block_1_91' title="bbox 454 4587 1956 4669">
    <p class='ocr_par' dir='ltr' id='par_1_91' title="bbox 454 4596 1956 4669">
     <span class='ocr_line' id='line_1_91' title="bbox 454 4596 1956 4669; baseline 0 -15"><span class='ocrx_word' id='word_1_634' title='bbox 454 4600 762 4654; x_wconf 63' lang='grc' dir='ltr'>Ρταξεεηιεε</span> <span class='ocrx_word' id='word_1_635' title='bbox 792 4597 996 4654; x_wconf 90' lang='lat' dir='ltr'><strong>litteris</strong></span> <span class='ocrx_word' id='word_1_636' title='bbox 1022 4597 1294 4652; x_wconf 86' lang='lat' dir='ltr'><strong>mandatae</strong></span> <span class='ocrx_word' id='word_1_637' title='bbox 1324 4596 1633 4662; x_wconf 71' lang='lat' dir='ltr'><strong>sentcntiae,</strong></span> <span class='ocrx_word' id='word_1_638' title='bbox 1669 4598 1724 4653; x_wconf 90' lang='lat' dir='ltr'><strong>in</strong></span> <span class='ocrx_word' id='word_1_639' title='bbox 1756 4599 1956 4669; x_wconf 88' lang='lat' dir='ltr'><strong>quibus</strong></span> 
     </span>
    </p>
   </div>
   <div class='ocr_carea' id='block_1_92' title="bbox 2060 4587 3647 4669">
    <p class='ocr_par' dir='ltr' id='par_1_92' title="bbox 2135 4591 3647 4663">
     <span class='ocr_line' id='line_1_92' title="bbox 2135 4591 3647 4663; baseline -0.001 -19"><span class='ocrx_word' id='word_1_640' title='bbox 2135 4593 2200 4644; x_wconf 82' lang='grc' dir='ltr'><strong>Αἰ</strong></span> <span class='ocrx_word' id='word_1_641' title='bbox 2251 4591 2520 4662; x_wconf 83' lang='grc' dir='ltr'>παροῦσαι</span> <span class='ocrx_word' id='word_1_642' title='bbox 2549 4593 2814 4663; x_wconf 76' lang='grc' dir='ltr'>γραφικαὶ</span> <span class='ocrx_word' id='word_1_643' title='bbox 2852 4593 3063 4663; x_wconf 75' lang='grc' dir='ltr'>ῥήσεις,</span> <span class='ocrx_word' id='word_1_644' title='bbox 3097 4595 3153 4645; x_wconf 80' lang='grc' dir='ltr'>ὲν</span> <span class='ocrx_word' id='word_1_645' title='bbox 3183 4608 3269 4654; x_wconf 84' lang='grc' dir='ltr'><strong>αις</strong></span> <span class='ocrx_word' id='word_1_646' title='bbox 3298 4593 3347 4644; x_wconf 82' lang='lat' dir='ltr'><strong>oi</strong></span> <span class='ocrx_word' id='word_1_647' title='bbox 3399 4592 3647 4660; x_wconf 77' lang='grc' dir='ltr'>Πατὲρες</span> 
     </span>
    </p>
   </div>
   <div class='ocr_carea' id='block_1_93' title="bbox 385 4691 1957 4761">
    <p class='ocr_par' dir='ltr' id='par_1_93' title="bbox 385 4691 1957 4761">
     <span class='ocr_line' id='line_1_93' title="bbox 385 4691 1957 4761; baseline 0.001 -16"><span class='ocrx_word' id='word_1_648' title='bbox 385 4692 574 4745; x_wconf 82' lang='lat' dir='ltr'><strong>Patres</strong></span> <span class='ocrx_word' id='word_1_649' title='bbox 622 4691 927 4760; x_wconf 83' lang='lat' dir='ltr'><strong>theologice</strong></span> <span class='ocrx_word' id='word_1_650' title='bbox 989 4699 1268 4756; x_wconf 87' lang='lat' dir='ltr'><strong>asserunt,</strong></span> <span class='ocrx_word' id='word_1_651' title='bbox 1297 4698 1529 4760; x_wconf 76' lang='lat' dir='ltr'><strong>cunctas</strong></span> <span class='ocrx_word' id='word_1_652' title='bbox 1589 4691 1957 4761; x_wconf 84' lang='lat' dir='ltr'><strong>pmprietates</strong></span> 
     </span>
    </p>
   </div>
   <div class='ocr_carea' id='block_1_94' title="bbox 381 4780 1954 4850">
    <p class='ocr_par' dir='ltr' id='par_1_94' title="bbox 381 4780 1954 4850">
     <span class='ocr_line' id='line_1_94' title="bbox 381 4780 1954 4850; baseline 0.001 -14"><span class='ocrx_word' id='word_1_653' title='bbox 381 4783 560 4850; x_wconf 79' lang='lat' dir='ltr'><strong>Patris</strong></span> <span class='ocrx_word' id='word_1_654' title='bbox 585 4782 911 4838; x_wconf 87' lang='lat' dir='ltr'><strong>naturaliter</strong></span> <span class='ocrx_word' id='word_1_655' title='bbox 953 4781 1186 4836; x_wconf 82' lang='lat' dir='ltr'><strong>transire</strong></span> <span class='ocrx_word' id='word_1_656' title='bbox 1215 4780 1281 4835; x_wconf 91' lang='lat' dir='ltr'><strong>ad</strong></span> <span class='ocrx_word' id='word_1_657' title='bbox 1317 4780 1517 4835; x_wconf 87' lang='lat' dir='ltr'><strong>Filium</strong></span> <span class='ocrx_word' id='word_1_658' title='bbox 1550 4796 1617 4834; x_wconf 84' lang='lat' dir='ltr'><strong>ex</strong></span> <span class='ocrx_word' id='word_1_659' title='bbox 1645 4796 1712 4835; x_wconf 93' lang='lat' dir='ltr'><strong>eo</strong></span> <span class='ocrx_word' id='word_1_660' title='bbox 1745 4791 1954 4850; x_wconf 85' lang='lat' dir='ltr'><strong>natum,</strong></span> 
     </span>
    </p>
   </div>
   <div class='ocr_carea' id='block_1_95' title="bbox 381 4871 1958 4944">
    <p class='ocr_par' dir='ltr' id='par_1_95' title="bbox 381 4871 1958 4944">
     <span class='ocr_line' id='line_1_95' title="bbox 381 4871 1958 4944; baseline -0.001 -15"><span class='ocrx_word' id='word_1_661' title='bbox 381 4876 631 4934; x_wconf 70' lang='lat' dir='ltr'><strong>collectae</strong></span> <span class='ocrx_word' id='word_1_662' title='bbox 668 4880 800 4936; x_wconf 83' lang='lat' dir='ltr'><strong>sunt</strong></span> <span class='ocrx_word' id='word_1_663' title='bbox 830 4872 922 4926; x_wconf 87' lang='lat' dir='ltr'><strong>hic</strong></span> <span class='ocrx_word' id='word_1_664' title='bbox 983 4871 1039 4926; x_wconf 91' lang='lat' dir='ltr'><strong>in</strong></span> <span class='ocrx_word' id='word_1_665' title='bbox 1071 4872 1525 4944; x_wconf 86' lang='lat' dir='ltr'><strong>approbationem</strong></span> <span class='ocrx_word' id='word_1_666' title='bbox 1576 4873 1760 4941; x_wconf 86' lang='lat' dir='ltr'><strong>hujus,</strong></span> <span class='ocrx_word' id='word_1_667' title='bbox 1811 4874 1958 4943; x_wconf 83' lang='lat' dir='ltr'><strong>quod</strong></span> 
     </span>
    </p>
   </div>
   <div class='ocr_carea' id='block_1_96' title="bbox 381 4945 1955 5038">
    <p class='ocr_par' dir='ltr' id='par_1_96' title="bbox 381 4945 1955 5038">
     <span class='ocr_line' id='line_1_96' title="bbox 381 4945 1955 5038; baseline -0.001 -20"><span class='ocrx_word' id='word_1_668' title='bbox 381 4965 623 5038; x_wconf 85' lang='lat' dir='ltr'><strong>Spiritus</strong></span> <span class='ocrx_word' id='word_1_669' title='bbox 658 4963 754 5028; x_wconf 82' lang='lat' dir='ltr'><strong>sit,</strong></span> <span class='ocrx_word' id='word_1_670' title='bbox 785 4945 1196 5038; x_wconf 76' lang='lat' dir='ltr'><strong>proficiscatur,</strong></span> <span class='ocrx_word' id='word_1_671' title='bbox 1267 4971 1429 5031; x_wconf 91' lang='lat' dir='ltr'><strong>atque</strong></span> <span class='ocrx_word' id='word_1_672' title='bbox 1497 4961 1736 5033; x_wconf 84' lang='lat' dir='ltr'><strong>proﬂuat</strong></span> <span class='ocrx_word' id='word_1_673' title='bbox 1789 4963 1955 5016; x_wconf 90' lang='lat' dir='ltr'><strong>etiam</strong></span> 
     </span>
    </p>
   </div>
   <div class='ocr_carea' id='block_1_97' title="bbox 381 5054 1959 5130">
    <p class='ocr_par' dir='ltr' id='par_1_97' title="bbox 381 5054 1959 5130">
     <span class='ocr_line' id='line_1_97' title="bbox 381 5054 1959 5130; baseline -0.001 -20"><span class='ocrx_word' id='word_1_674' title='bbox 381 5073 450 5112; x_wconf 80' lang='lat' dir='ltr'><strong>ex</strong></span> <span class='ocrx_word' id='word_1_675' title='bbox 496 5057 661 5125; x_wconf 79' lang='lat' dir='ltr'><strong>Filio,</strong></span> <span class='ocrx_word' id='word_1_676' title='bbox 699 5054 1166 5130; x_wconf 82' lang='lat' dir='ltr'><strong>quemadmodum</strong></span> <span class='ocrx_word' id='word_1_677' title='bbox 1254 5069 1390 5108; x_wconf 84' lang='lat' dir='ltr'><strong>sane</strong></span> <span class='ocrx_word' id='word_1_678' title='bbox 1423 5063 1537 5124; x_wconf 83' lang='lat' dir='ltr'><strong>eta</strong></span> <span class='ocrx_word' id='word_1_679' title='bbox 1594 5054 1755 5109; x_wconf 82' lang='lat' dir='ltr'><strong>Patre</strong></span> <span class='ocrx_word' id='word_1_680' title='bbox 1801 5054 1959 5122; x_wconf 76' lang='lat' dir='ltr'><strong>juxta</strong></span> 
     </span>
    </p>
   </div>
   <div class='ocr_carea' id='block_1_98' title="bbox 381 5131 1963 5223">
    <p class='ocr_par' dir='ltr' id='par_1_98' title="bbox 381 5131 1963 5223">
     <span class='ocr_line' id='line_1_98' title="bbox 381 5131 1963 5223; baseline -0.003 -18"><span class='ocrx_word' id='word_1_681' title='bbox 381 5131 728 5223; x_wconf 21' lang='lat' dir='ltr'><strong>sententiam.</strong></span> <span class='ocrx_word' id='word_1_682' title='bbox 749 5148 924 5205; x_wconf 89' lang='lat' dir='ltr'><strong>sancti</strong></span> <span class='ocrx_word' id='word_1_683' title='bbox 948 5147 1158 5222; x_wconf 82' lang='lat' dir='ltr'><strong>Cyrilli.</strong></span> <span class='ocrx_word' id='word_1_684' title='bbox 1185 5146 1240 5202; x_wconf 86' lang='lat' dir='ltr'><strong>Si</strong></span> <span class='ocrx_word' id='word_1_685' title='bbox 1271 5147 1420 5206; x_wconf 78' lang='lat' dir='ltr'><strong>enim</strong></span> <span class='ocrx_word' id='word_1_686' title='bbox 1448 5145 1805 5203; x_wconf 85' lang='lat' dir='ltr'><strong>dicendarum</strong></span> <span class='ocrx_word' id='word_1_687' title='bbox 1833 5163 1963 5202; x_wconf 85' lang='lat' dir='ltr'><strong>sen-</strong></span> 
     </span>
    </p>
   </div>
   <div class='ocr_carea' id='block_1_99' title="bbox 383 5239 1963 5316">
    <p class='ocr_par' dir='ltr' id='par_1_99' title="bbox 383 5239 1963 5316">
     <span class='ocr_line' id='line_1_99' title="bbox 383 5239 1963 5316; baseline -0.003 -18"><span class='ocrx_word' id='word_1_688' title='bbox 383 5242 679 5310; x_wconf 86' lang='lat' dir='ltr'><strong>tentiarum</strong></span> <span class='ocrx_word' id='word_1_689' title='bbox 714 5241 1032 5316; x_wconf 73' lang='lat' dir='ltr'><strong>przescripta</strong></span> <span class='ocrx_word' id='word_1_690' title='bbox 1071 5239 1452 5310; x_wconf 81' lang='lat' dir='ltr'><strong>paternitatem</strong></span> <span class='ocrx_word' id='word_1_691' title='bbox 1509 5247 1742 5309; x_wconf 86' lang='lat' dir='ltr'><strong>tantum,</strong></span> <span class='ocrx_word' id='word_1_692' title='bbox 1793 5249 1847 5294; x_wconf 91' lang='lat' dir='ltr'><strong>ct</strong></span> <span class='ocrx_word' id='word_1_693' title='bbox 1881 5241 1963 5311; x_wconf 78' lang='lat' dir='ltr'><strong>gi-</strong></span> 
     </span>
    </p>
   </div>
   <div class='ocr_carea' id='block_1_100' title="bbox 383 5332 1963 5412">
    <p class='ocr_par' dir='ltr' id='par_1_100' title="bbox 383 5332 1963 5412">
     <span class='ocr_line' id='line_1_100' title="bbox 383 5332 1963 5412; baseline -0.004 -22"><span class='ocrx_word' id='word_1_694' title='bbox 383 5351 551 5405; x_wconf 81' lang='lat' dir='ltr'><strong>gnere</strong></span> <span class='ocrx_word' id='word_1_695' title='bbox 571 5350 602 5389; x_wconf 92' lang='lat' dir='ltr'><strong>a</strong></span> <span class='ocrx_word' id='word_1_696' title='bbox 634 5335 772 5390; x_wconf 87' lang='lat' dir='ltr'><strong>Filio</strong></span> <span class='ocrx_word' id='word_1_697' title='bbox 799 5333 1099 5404; x_wconf 79' lang='lat' dir='ltr'><strong>excipiunt,</strong></span> <span class='ocrx_word' id='word_1_698' title='bbox 1133 5332 1492 5412; x_wconf 86' lang='lat' dir='ltr'><strong>perspicuum</strong></span> <span class='ocrx_word' id='word_1_699' title='bbox 1517 5341 1602 5386; x_wconf 89' lang='lat' dir='ltr'><strong>est</strong></span> <span class='ocrx_word' id='word_1_700' title='bbox 1625 5342 1789 5401; x_wconf 78' lang='lat' dir='ltr'><strong>atque</strong></span> <span class='ocrx_word' id='word_1_701' title='bbox 1815 5340 1963 5402; x_wconf 84' lang='lat' dir='ltr'><strong>patet</strong></span> 
     </span>
    </p>
   </div>
   <div class='ocr_carea' id='block_1_101' title="bbox 384 5423 1963 5496">
    <p class='ocr_par' dir='ltr' id='par_1_101' title="bbox 384 5423 1963 5496">
     <span class='ocr_line' id='line_1_101' title="bbox 384 5423 1963 5496; baseline -0.004 -14"><span class='ocrx_word' id='word_1_702' title='bbox 384 5428 588 5490; x_wconf 82' lang='lat' dir='ltr'><strong>Filium</strong></span> <span class='ocrx_word' id='word_1_703' title='bbox 616 5443 728 5483; x_wconf 92' lang='lat' dir='ltr'><strong>non</strong></span> <span class='ocrx_word' id='word_1_704' title='bbox 767 5442 896 5483; x_wconf 82' lang='lat' dir='ltr'><strong>esse</strong></span> <span class='ocrx_word' id='word_1_705' title='bbox 965 5423 1188 5496; x_wconf 89' lang='lat' dir='ltr'><strong>quidem</strong></span> <span class='ocrx_word' id='word_1_706' title='bbox 1214 5424 1381 5479; x_wconf 88' lang='lat' dir='ltr'><strong>veluti</strong></span> <span class='ocrx_word' id='word_1_707' title='bbox 1455 5424 1696 5490; x_wconf 86' lang='lat' dir='ltr'><strong>Patrem,</strong></span> <span class='ocrx_word' id='word_1_708' title='bbox 1726 5434 1782 5479; x_wconf 85' lang='lat' dir='ltr'><strong>et</strong></span> <span class='ocrx_word' id='word_1_709' title='bbox 1811 5425 1963 5495; x_wconf 81' lang='lat' dir='ltr'><strong>geni.</strong></span> 
     </span>
    </p>
   </div>
   <div class='ocr_carea' id='block_1_102' title="bbox 458 5583 1964 5662">
    <p class='ocr_par' dir='ltr' id='par_1_102' title="bbox 458 5583 1964 5662">
     <span class='ocr_line' id='line_1_102' title="bbox 458 5583 1964 5662; baseline -0.006 -18"><span class='ocrx_word' id='word_1_710' title='bbox 458 5589 536 5662; x_wconf 87' lang='lat' dir='ltr'><strong>(l)</strong></span> <span class='ocrx_word' id='word_1_711' title='bbox 585 5587 782 5662; x_wconf 66' lang='lat' dir='ltr'><strong>Graece</strong></span> <span class='ocrx_word' id='word_1_712' title='bbox 812 5586 898 5650; x_wconf 86' lang='grc' dir='ltr'><strong>τίς</strong></span> <span class='ocrx_word' id='word_1_713' title='bbox 928 5586 961 5657; x_wconf 89' lang='grc' dir='ltr'><strong>ή</strong></span> <span class='ocrx_word' id='word_1_714' title='bbox 990 5584 1398 5662; x_wconf 75' lang='grc' dir='ltr'>ἀποκλήρωσις,</span> <span class='ocrx_word' id='word_1_715' title='bbox 1438 5583 1701 5662; x_wconf 76' lang='lat' dir='ltr'><strong>qnae_ista</strong></span> <span class='ocrx_word' id='word_1_716' title='bbox 1749 5590 1835 5662; x_wconf 65' lang='lat' dir='ltr'><strong>est</strong></span> <span class='ocrx_word' id='word_1_717' title='bbox 1872 5599 1964 5662; x_wconf 60' lang='lat' dir='ltr'><strong>cit-</strong></span> 
     </span>
    </p>
   </div>
   <div class='ocr_carea' id='block_1_103' title="bbox 392 5653 1967 5726">
    <p class='ocr_par' dir='ltr' id='par_1_103' title="bbox 392 5653 1967 5726">
     <span class='ocr_line' id='line_1_103' title="bbox 392 5653 1967 5726; baseline -0.004 -15"><span class='ocrx_word' id='word_1_718' title='bbox 392 5653 758 5719; x_wconf 60' lang='lat' dir='ltr'><strong>har&#39;reditatio,</strong></span> <span class='ocrx_word' id='word_1_719' title='bbox 791 5672 886 5712; x_wconf 86' lang='lat' dir='ltr'><strong>seu</strong></span> <span class='ocrx_word' id='word_1_720' title='bbox 907 5653 1073 5710; x_wconf 75' lang='lat' dir='ltr'><strong>sortis</strong></span> <span class='ocrx_word' id='word_1_721' title='bbox 1098 5653 1333 5726; x_wconf 82' lang='lat' dir='ltr'><strong>privatio</strong></span> <span class='ocrx_word' id='word_1_722' title='bbox 1367 5664 1426 5707; x_wconf 91' lang='lat' dir='ltr'><strong>ut</strong></span> <span class='ocrx_word' id='word_1_723' title='bbox 1486 5653 1673 5726; x_wconf 82' lang='lat' dir='ltr'><strong>eadem</strong></span> <span class='ocrx_word' id='word_1_724' title='bbox 1716 5653 1875 5726; x_wconf 85' lang='lat' dir='ltr'><strong>aliter</strong></span> <span class='ocrx_word' id='word_1_725' title='bbox 1910 5655 1967 5726; x_wconf 79' lang='lat' dir='ltr'><strong>in</strong></span> 
     </span>
    </p>
   </div>
   <div class='ocr_carea' id='block_1_104' title="bbox 396 5725 1963 5792">
    <p class='ocr_par' dir='ltr' id='par_1_104' title="bbox 396 5725 1963 5792">
     <span class='ocr_line' id='line_1_104' title="bbox 396 5725 1963 5792; baseline -0.005 -11"><span class='ocrx_word' id='word_1_726' title='bbox 396 5731 577 5789; x_wconf 85' lang='lat' dir='ltr'><strong>Patre,</strong></span> <span class='ocrx_word' id='word_1_727' title='bbox 642 5728 802 5780; x_wconf 81' lang='lat' dir='ltr'><strong>aliter</strong></span> <span class='ocrx_word' id='word_1_728' title='bbox 862 5728 918 5780; x_wconf 86' lang='lat' dir='ltr'><strong>in</strong></span> <span class='ocrx_word' id='word_1_729' title='bbox 953 5726 1089 5778; x_wconf 85' lang='lat' dir='ltr'><strong>Filio</strong></span> <span class='ocrx_word' id='word_1_730' title='bbox 1128 5725 1522 5792; x_wconf 84' lang='lat' dir='ltr'><strong>intelligantur.</strong></span> <span class='ocrx_word' id='word_1_731' title='bbox 1594 5725 1758 5788; x_wconf 80' lang='lat' dir='ltr'><strong>Quasi</strong></span> <span class='ocrx_word' id='word_1_732' title='bbox 1793 5725 1963 5783; x_wconf 84' lang='lat' dir='ltr'><strong>dicat,</strong></span> 
     </span>
    </p>
   </div>
   <div class='ocr_carea' id='block_1_105' title="bbox 391 5793 1968 5864">
    <p class='ocr_par' dir='ltr' id='par_1_105' title="bbox 391 5793 1968 5864">
     <span class='ocr_line' id='line_1_105' title="bbox 391 5793 1968 5864; baseline -0.005 -12"><span class='ocrx_word' id='word_1_733' title='bbox 391 5799 573 5863; x_wconf 80' lang='lat' dir='ltr'><strong>Quare</strong></span> <span class='ocrx_word' id='word_1_734' title='bbox 607 5796 834 5864; x_wconf 79' lang='lat' dir='ltr'><strong>privatis</strong></span> <span class='ocrx_word' id='word_1_735' title='bbox 871 5804 927 5847; x_wconf 88' lang='lat' dir='ltr'><strong>et</strong></span> <span class='ocrx_word' id='word_1_736' title='bbox 962 5793 1322 5864; x_wconf 59' lang='lat' dir='ltr'><strong>exheredatis</strong></span> <span class='ocrx_word' id='word_1_737' title='bbox 1368 5794 1660 5864; x_wconf 68' lang='lat' dir='ltr'><strong>Filimnea</strong></span> <span class='ocrx_word' id='word_1_738' title='bbox 1699 5802 1874 5864; x_wconf 59' lang='lat' dir='ltr'><strong>sorte,</strong></span> <span class='ocrx_word' id='word_1_739' title='bbox 1909 5801 1968 5845; x_wconf 91' lang='lat' dir='ltr'><strong>ut</strong></span> 
     </span>
    </p>
   </div>
   <div class='ocr_carea' id='block_1_106' title="bbox 388 5861 1968 5947">
    <p class='ocr_par' dir='ltr' id='par_1_106' title="bbox 388 5861 1968 5947">
     <span class='ocr_line' id='line_1_106' title="bbox 388 5861 1968 5947; baseline -0.006 -21"><span class='ocrx_word' id='word_1_740' title='bbox 388 5861 512 5947; x_wconf 64' lang='lat' dir='ltr'><strong>qua</strong></span> <span class='ocrx_word' id='word_1_741' title='bbox 545 5861 622 5922; x_wconf 52' lang='lat' dir='ltr'><strong>de&#39;</strong></span> <span class='ocrx_word' id='word_1_742' title='bbox 646 5864 938 5936; x_wconf 79' lang='lat' dir='ltr'><strong>ambobus,</strong></span> <span class='ocrx_word' id='word_1_743' title='bbox 963 5864 1140 5929; x_wconf 88' lang='lat' dir='ltr'><strong>Patre,</strong></span> <span class='ocrx_word' id='word_1_744' title='bbox 1170 5863 1414 5932; x_wconf 87' lang='lat' dir='ltr'><strong>inquam,</strong></span> <span class='ocrx_word' id='word_1_745' title='bbox 1448 5871 1498 5918; x_wconf 84' lang='lat' dir='ltr'><strong>et</strong></span> <span class='ocrx_word' id='word_1_746' title='bbox 1523 5861 1680 5933; x_wconf 76' lang='lat' dir='ltr'><strong>Pilio,</strong></span> <span class='ocrx_word' id='word_1_747' title='bbox 1713 5862 1968 5918; x_wconf 78' lang='lat' dir='ltr'><strong>similiter</strong></span> 
     </span>
    </p>
   </div>
   <div class='ocr_carea' id='block_1_107' title="bbox 2062 4683 3646 4752">
    <p class='ocr_par' dir='ltr' id='par_1_107' title="bbox 2062 4683 3646 4752">
     <span class='ocr_line' id='line_1_107' title="bbox 2062 4683 3646 4752; baseline -0.003 -15"><span class='ocrx_word' id='word_1_748' title='bbox 2062 4683 2443 4751; x_wconf 64' lang='lat' dir='ltr'><strong>EOsoMmoav,</strong></span> <span class='ocrx_word' id='word_1_749' title='bbox 2469 4685 2644 4738; x_wconf 81' lang='grc' dir='ltr'>πάντα</span> <span class='ocrx_word' id='word_1_750' title='bbox 2665 4684 2735 4738; x_wconf 75' lang='grc' dir='ltr'>τὰ</span> <span class='ocrx_word' id='word_1_751' title='bbox 2761 4684 2855 4738; x_wconf 78' lang='grc' dir='ltr'><strong>τοῦ</strong></span> <span class='ocrx_word' id='word_1_752' title='bbox 2889 4684 3103 4752; x_wconf 81' lang='grc' dir='ltr'>Πατρδς</span> <span class='ocrx_word' id='word_1_753' title='bbox 3128 4683 3236 4738; x_wconf 82' lang='grc' dir='ltr'>ῐδια</span> <span class='ocrx_word' id='word_1_754' title='bbox 3263 4683 3503 4752; x_wconf 70' lang='grc' dir='ltr'>φυσικῶς</span> <span class='ocrx_word' id='word_1_755' title='bbox 3531 4686 3646 4734; x_wconf 73' lang='grc' dir='ltr'>δια-</span> 
     </span>
    </p>
   </div>
   <div class='ocr_carea' id='block_1_108' title="bbox 2061 4773 3646 4844">
    <p class='ocr_par' dir='ltr' id='par_1_108' title="bbox 2061 4773 3646 4844">
     <span class='ocr_line' id='line_1_108' title="bbox 2061 4773 3646 4844; baseline -0.002 -17"><span class='ocrx_word' id='word_1_756' title='bbox 2061 4774 2266 4827; x_wconf 74' lang='grc' dir='ltr'>ϐαίνειν</span> <span class='ocrx_word' id='word_1_757' title='bbox 2279 4775 2370 4827; x_wconf 74' lang='grc' dir='ltr'><strong>ἐπὶ</strong></span> <span class='ocrx_word' id='word_1_758' title='bbox 2385 4775 2478 4828; x_wconf 64' lang='grc' dir='ltr'>τὸν</span> <span class='ocrx_word' id='word_1_759' title='bbox 2497 4775 2554 4841; x_wconf 78' lang='grc' dir='ltr'><strong>ἐξ</strong></span> <span class='ocrx_word' id='word_1_760' title='bbox 2575 4775 2737 4828; x_wconf 80' lang='grc' dir='ltr'>αὐτοῦ</span> <span class='ocrx_word' id='word_1_761' title='bbox 2753 4775 3078 4844; x_wconf 76' lang='grc' dir='ltr'>γεννηθέντα</span> <span class='ocrx_word' id='word_1_762' title='bbox 3097 4775 3246 4839; x_wconf 68' lang='grc' dir='ltr'>Υίδν,</span> <span class='ocrx_word' id='word_1_763' title='bbox 3263 4773 3646 4843; x_wconf 51' lang='grc' dir='ltr'>κατεστρώθη.</span> 
     </span>
    </p>
   </div>
   <div class='ocr_carea' id='block_1_109' title="bbox 2065 4864 3643 4936">
    <p class='ocr_par' dir='ltr' id='par_1_109' title="bbox 2065 4864 3643 4936">
     <span class='ocr_line' id='line_1_109' title="bbox 2065 4864 3643 4936; baseline -0.003 -16"><span class='ocrx_word' id='word_1_764' title='bbox 2065 4884 2162 4920; x_wconf 91' lang='grc' dir='ltr'><strong>σαν</strong></span> <span class='ocrx_word' id='word_1_765' title='bbox 2181 4865 2415 4920; x_wconf 75' lang='grc' dir='ltr'>ἐνταῦθα</span> <span class='ocrx_word' id='word_1_766' title='bbox 2435 4867 2514 4929; x_wconf 82' lang='grc' dir='ltr'><strong>είς</strong></span> <span class='ocrx_word' id='word_1_767' title='bbox 2539 4866 2812 4930; x_wconf 77' lang='grc' dir='ltr'>ἀπόδειξιν</span> <span class='ocrx_word' id='word_1_768' title='bbox 2834 4866 2928 4919; x_wconf 85' lang='grc' dir='ltr'><strong>τοῦ</strong></span> <span class='ocrx_word' id='word_1_769' title='bbox 2956 4867 3240 4936; x_wconf 86' lang='grc' dir='ltr'>ὑπάρχειν.</span> <span class='ocrx_word' id='word_1_770' title='bbox 3260 4866 3353 4919; x_wconf 75' lang='grc' dir='ltr'>καὶ</span> <span class='ocrx_word' id='word_1_771' title='bbox 3372 4864 3643 4933; x_wconf 74' lang='grc' dir='ltr'>προϊέναι,</span> 
     </span>
    </p>
   </div>
   <div class='ocr_carea' id='block_1_110' title="bbox 2062 4955 3646 5026">
    <p class='ocr_par' dir='ltr' id='par_1_110' title="bbox 2062 4955 3646 5026">
     <span class='ocr_line' id='line_1_110' title="bbox 2062 4955 3646 5026; baseline -0.003 -15"><span class='ocrx_word' id='word_1_772' title='bbox 2062 4961 2157 5011; x_wconf 75' lang='grc' dir='ltr'><strong>καὶ</strong></span> <span class='ocrx_word' id='word_1_773' title='bbox 2187 4957 2456 5026; x_wconf 75' lang='grc' dir='ltr'>πηγάζειν</span> <span class='ocrx_word' id='word_1_774' title='bbox 2489 4959 2550 5011; x_wconf 85' lang='grc' dir='ltr'><strong>τὸ</strong></span> <span class='ocrx_word' id='word_1_775' title='bbox 2583 4955 2802 5026; x_wconf 87' lang='grc' dir='ltr'>Πνεῦμα</span> <span class='ocrx_word' id='word_1_776' title='bbox 2835 4958 2930 5017; x_wconf 79' lang='grc' dir='ltr'>καὶ</span> <span class='ocrx_word' id='word_1_777' title='bbox 2979 4961 3042 5010; x_wconf 84' lang='grc' dir='ltr'><strong>ἐκ</strong></span> <span class='ocrx_word' id='word_1_778' title='bbox 3071 4958 3166 5009; x_wconf 82' lang='grc' dir='ltr'><strong>τοῦ</strong></span> <span class='ocrx_word' id='word_1_779' title='bbox 3200 4956 3352 5020; x_wconf 83' lang='grc' dir='ltr'>Υίοῦ,</span> <span class='ocrx_word' id='word_1_780' title='bbox 3388 4955 3646 5024; x_wconf 73' lang='grc' dir='ltr'>καθάπερ</span> 
     </span>
    </p>
   </div>
   <div class='ocr_carea' id='block_1_111' title="bbox 2062 5047 3646 5122">
    <p class='ocr_par' dir='ltr' id='par_1_111' title="bbox 2062 5047 3646 5122">
     <span class='ocr_line' id='line_1_111' title="bbox 2062 5047 3646 5122; baseline -0.005 -17"><span class='ocrx_word' id='word_1_781' title='bbox 2062 5053 2253 5122; x_wconf 82' lang='grc' dir='ltr'>ἀμέλει</span> <span class='ocrx_word' id='word_1_782' title='bbox 2283 5052 2380 5105; x_wconf 79' lang='grc' dir='ltr'><strong>καὶ</strong></span> <span class='ocrx_word' id='word_1_783' title='bbox 2405 5053 2469 5104; x_wconf 77' lang='grc' dir='ltr'><strong>ἐκ</strong></span> <span class='ocrx_word' id='word_1_784' title='bbox 2490 5051 2582 5104; x_wconf 87' lang='grc' dir='ltr'><strong>τοῦ</strong></span> <span class='ocrx_word' id='word_1_785' title='bbox 2606 5051 2814 5120; x_wconf 78' lang='grc' dir='ltr'>[Ιατρὸς</span> <span class='ocrx_word' id='word_1_786' title='bbox 2836 5051 2973 5103; x_wconf 75' lang='grc' dir='ltr'>κατὰ</span> <span class='ocrx_word' id='word_1_787' title='bbox 2989 5049 3079 5103; x_wconf 79' lang='grc' dir='ltr'><strong>τὸν</strong></span> <span class='ocrx_word' id='word_1_788' title='bbox 3101 5051 3256 5116; x_wconf 73' lang='grc' dir='ltr'>ἅγιον</span> <span class='ocrx_word' id='word_1_789' title='bbox 3273 5047 3562 5117; x_wconf 74' lang='grc' dir='ltr'>Κύριλλον.</span> <span class='ocrx_word' id='word_1_790' title='bbox 3585 5047 3646 5099; x_wconf 81' lang='grc' dir='ltr'><strong>Εἰ</strong></span> 
     </span>
    </p>
   </div>
   <div class='ocr_carea' id='block_1_112' title="bbox 2065 5140 3646 5217">
    <p class='ocr_par' dir='ltr' id='par_1_112' title="bbox 2065 5140 3646 5217">
     <span class='ocr_line' id='line_1_112' title="bbox 2065 5140 3646 5217; baseline -0.003 -21"><span class='ocrx_word' id='word_1_791' title='bbox 2065 5147 2173 5217; x_wconf 77' lang='grc' dir='ltr'><strong>γὰρ</strong></span> <span class='ocrx_word' id='word_1_792' title='bbox 2199 5144 2296 5214; x_wconf 74' lang='grc' dir='ltr'><strong>τὴν</strong></span> <span class='ocrx_word' id='word_1_793' title='bbox 2332 5145 2645 5212; x_wconf 78' lang='grc' dir='ltr'>πατρότητα</span> <span class='ocrx_word' id='word_1_794' title='bbox 2669 5143 2762 5195; x_wconf 75' lang='grc' dir='ltr'><strong>καὶ</strong></span> <span class='ocrx_word' id='word_1_795' title='bbox 2788 5143 2848 5196; x_wconf 82' lang='grc' dir='ltr'><strong>τὸ</strong></span> <span class='ocrx_word' id='word_1_796' title='bbox 2875 5144 3068 5210; x_wconf 79' lang='grc' dir='ltr'>γεννᾷν</span> <span class='ocrx_word' id='word_1_797' title='bbox 3095 5145 3253 5212; x_wconf 78' lang='grc' dir='ltr'>μόνον</span> <span class='ocrx_word' id='word_1_798' title='bbox 3280 5140 3646 5210; x_wconf 71' lang='grc' dir='ltr'>ᾁφαιροῦνται</span> 
     </span>
    </p>
   </div>
   <div class='ocr_carea' id='block_1_113' title="bbox 2067 5223 3647 5305">
    <p class='ocr_par' dir='ltr' id='par_1_113' title="bbox 2067 5223 3647 5305">
     <span class='ocr_line' id='line_1_113' title="bbox 2067 5223 3647 5305; baseline -0.004 -16"><span class='ocrx_word' id='word_1_799' title='bbox 2067 5223 2175 5289; x_wconf 73' lang='grc' dir='ltr'><strong>απὸ</strong></span> <span class='ocrx_word' id='word_1_800' title='bbox 2187 5236 2280 5290; x_wconf 81' lang='grc' dir='ltr'><strong>τοῦ</strong></span> <span class='ocrx_word' id='word_1_801' title='bbox 2301 5235 2431 5288; x_wconf 83' lang='grc' dir='ltr'>Υίοῦ</span> <span class='ocrx_word' id='word_1_802' title='bbox 2450 5236 2499 5288; x_wconf 73' lang='grc' dir='ltr'><strong>οἱ</strong></span> <span class='ocrx_word' id='word_1_803' title='bbox 2522 5236 2626 5289; x_wconf 86' lang='grc' dir='ltr'><strong>τῶν</strong></span> <span class='ocrx_word' id='word_1_804' title='bbox 2657 5234 3046 5305; x_wconf 70' lang='grc' dir='ltr'>ῥηθησομένων</span> <span class='ocrx_word' id='word_1_805' title='bbox 3079 5235 3296 5304; x_wconf 78' lang='grc' dir='ltr'>ῥήσεων</span> <span class='ocrx_word' id='word_1_806' title='bbox 3319 5233 3647 5302; x_wconf 82' lang='grc' dir='ltr'>προσδιωρι-</span> 
     </span>
    </p>
   </div>
   <div class='ocr_carea' id='block_1_114' title="bbox 2069 5326 3649 5398">
    <p class='ocr_par' dir='ltr' id='par_1_114' title="bbox 2069 5326 3649 5398">
     <span class='ocr_line' id='line_1_114' title="bbox 2069 5326 3649 5398; baseline -0.004 -17"><span class='ocrx_word' id='word_1_807' title='bbox 2069 5329 2218 5398; x_wconf 68' lang='grc' dir='ltr'>σμοὶ,</span> <span class='ocrx_word' id='word_1_808' title='bbox 2247 5327 2466 5398; x_wconf 73' lang='grc' dir='ltr'>εὔδηλον</span> <span class='ocrx_word' id='word_1_809' title='bbox 2497 5329 2572 5390; x_wconf 82' lang='grc' dir='ltr'>ὡς</span> <span class='ocrx_word' id='word_1_810' title='bbox 2603 5328 2631 5380; x_wconf 80' lang='grc' dir='ltr'>ὁ</span> <span class='ocrx_word' id='word_1_811' title='bbox 2663 5328 2790 5390; x_wconf 65' lang='grc' dir='ltr'>Υἱὸς</span> <span class='ocrx_word' id='word_1_812' title='bbox 2823 5327 2920 5398; x_wconf 80' lang='grc' dir='ltr'>μὲν</span> <span class='ocrx_word' id='word_1_813' title='bbox 2949 5327 3022 5390; x_wconf 84' lang='grc' dir='ltr'>ὡς</span> <span class='ocrx_word' id='word_1_814' title='bbox 3046 5327 3230 5396; x_wconf 75' lang='grc' dir='ltr'>Πατὴρ</span> <span class='ocrx_word' id='word_1_815' title='bbox 3255 5327 3349 5380; x_wconf 70' lang='grc' dir='ltr'>καὶ</span> <span class='ocrx_word' id='word_1_816' title='bbox 3365 5326 3649 5393; x_wconf 83' lang='grc' dir='ltr'>γεννήτωρ</span> 
     </span>
    </p>
   </div>
   <div class='ocr_carea' id='block_1_115' title="bbox 2068 5413 3645 5495">
    <p class='ocr_par' dir='ltr' id='par_1_115' title="bbox 2068 5413 3645 5495">
     <span class='ocr_line' id='line_1_115' title="bbox 2068 5413 3645 5495; baseline -0.03 14"><span class='ocrx_word' id='word_1_817' title='bbox 2068 5422 2169 5493; x_wconf 47' lang='grc' dir='ltr'>οὐκ</span> <span class='ocrx_word' id='word_1_818' title='bbox 2193 5421 2365 5488; x_wconf 63' lang='grc' dir='ltr'><strong>έπαιν</strong></span> <span class='ocrx_word' id='word_1_819' title='bbox 2386 5418 2612 5495; x_wconf 49' lang='grc' dir='ltr'>Πνεῦμα</span> <span class='ocrx_word' id='word_1_820' title='bbox 2633 5420 2690 5472; x_wconf 65' lang='grc' dir='ltr'>δὲ</span> <span class='ocrx_word' id='word_1_821' title='bbox 2720 5420 2784 5494; x_wconf 66' lang='grc' dir='ltr'><strong>τδ,</strong></span> <span class='ocrx_word' id='word_1_822' title='bbox 2810 5420 2874 5472; x_wconf 70' lang='grc' dir='ltr'><strong>ἐκ</strong></span> <span class='ocrx_word' id='word_1_823' title='bbox 2904 5419 3002 5488; x_wconf 74' lang='grc' dir='ltr'><strong>τῆς</strong></span> <span class='ocrx_word' id='word_1_824' title='bbox 3039 5418 3313 5488; x_wconf 80' lang='grc' dir='ltr'>πατρικῆς</span> <span class='ocrx_word' id='word_1_825' title='bbox 3342 5413 3645 5484; x_wconf 70' lang='grc' dir='ltr'>ἀναϐλύζον</span> 
     </span>
    </p>
   </div>
   <div class='ocr_carea' id='block_1_116' title="bbox 2067 5568 3646 5648">
    <p class='ocr_par' dir='ltr' id='par_1_116' title="bbox 2067 5568 3646 5648">
     <span class='ocr_line' id='line_1_116' title="bbox 2067 5568 3646 5648; baseline -0.01 -12"><span class='ocrx_word' id='word_1_826' title='bbox 2067 5584 2132 5636; x_wconf 87' lang='lat' dir='ltr'><strong>ad</strong></span> <span class='ocrx_word' id='word_1_827' title='bbox 2163 5582 2428 5635; x_wconf 83' lang='lat' dir='ltr'><strong>rationem</strong></span> <span class='ocrx_word' id='word_1_828' title='bbox 2480 5579 2718 5647; x_wconf 87' lang='lat' dir='ltr'><strong>Spiritus</strong></span> <span class='ocrx_word' id='word_1_829' title='bbox 2746 5576 2914 5633; x_wconf 87' lang='lat' dir='ltr'><strong>sancti</strong></span> <span class='ocrx_word' id='word_1_830' title='bbox 2947 5574 3243 5648; x_wconf 75' lang='lat' dir='ltr'><strong>dicuntur:</strong></span> <span class='ocrx_word' id='word_1_831' title='bbox 3306 5585 3420 5648; x_wconf 76' lang='lat' dir='ltr'><strong>non</strong></span> <span class='ocrx_word' id='word_1_832' title='bbox 3477 5568 3646 5648; x_wconf 78' lang='lat' dir='ltr'><strong>etiam</strong></span> 
     </span>
    </p>
   </div>
   <div class='ocr_carea' id='block_1_117' title="bbox 2068 5640 3656 5722">
    <p class='ocr_par' dir='ltr' id='par_1_117' title="bbox 2068 5640 3656 5722">
     <span class='ocr_line' id='line_1_117' title="bbox 2068 5640 3656 5722; baseline -0.009 -16"><span class='ocrx_word' id='word_1_833' title='bbox 2068 5640 2756 5722; x_wconf 63' lang='lat' dir='ltr'><strong>similitcrintelligantur:</strong></span> <span class='ocrx_word' id='word_1_834' title='bbox 2796 5660 2907 5722; x_wconf 84' lang='lat' dir='ltr'><strong>quo</strong></span> <span class='ocrx_word' id='word_1_835' title='bbox 2952 5643 3147 5722; x_wconf 74' lang='lat' dir='ltr'><strong>eodem</strong></span> <span class='ocrx_word' id='word_1_836' title='bbox 3176 5640 3445 5722; x_wconf 64' lang='lat' dir='ltr'><strong>vocabulp</strong></span> <span class='ocrx_word' id='word_1_837' title='bbox 3478 5640 3656 5718; x_wconf 76' lang='lat' dir='ltr'><strong>utitur</strong></span> 
     </span>
    </p>
   </div>
   <div class='ocr_carea' id='block_1_118' title="bbox 2068 5708 3650 5788">
    <p class='ocr_par' dir='ltr' id='par_1_118' title="bbox 2068 5708 3650 5788">
     <span class='ocr_line' id='line_1_118' title="bbox 2068 5708 3650 5788; baseline -0.009 -12"><span class='ocrx_word' id='word_1_838' title='bbox 2068 5721 2355 5776; x_wconf 82' lang='lat' dir='ltr'><strong>Bessarion</strong></span> <span class='ocrx_word' id='word_1_839' title='bbox 2394 5721 2448 5774; x_wconf 91' lang='lat' dir='ltr'><strong>in</strong></span> <span class='ocrx_word' id='word_1_840' title='bbox 2488 5708 2924 5788; x_wconf 46' lang='lat' dir='ltr'><strong>pr&#39;Opugnatibne</strong></span> <span class='ocrx_word' id='word_1_841' title='bbox 2957 5729 3020 5769; x_wconf 91' lang='lat' dir='ltr'><strong>ac</strong></span> <span class='ocrx_word' id='word_1_842' title='bbox 3052 5710 3377 5788; x_wconf 73' lang='lat' dir='ltr'><strong>defensione</strong></span> <span class='ocrx_word' id='word_1_843' title='bbox 3412 5708 3650 5787; x_wconf 72' lang='lat' dir='ltr'><strong>decima:</strong></span> 
     </span>
    </p>
   </div>
   <div class='ocr_carea' id='block_1_119' title="bbox 2073 5779 3652 5858">
    <p class='ocr_par' dir='ltr' id='par_1_119' title="bbox 2073 5779 3652 5858">
     <span class='ocr_line' id='line_1_119' title="bbox 2073 5779 3652 5858; baseline -0.01 -13"><span class='ocrx_word' id='word_1_844' title='bbox 2073 5792 2444 5858; x_wconf 88' lang='lat' dir='ltr'><strong>inscriptionis</strong></span> <span class='ocrx_word' id='word_1_845' title='bbox 2490 5779 2695 5858; x_wconf 45' lang='lat' dir='ltr'><strong>&#39;Vec&#39;ci:</strong></span> <span class='ocrx_word' id='word_1_846' title='bbox 2715 5785 2821 5840; x_wconf 88' lang='lat' dir='ltr'><strong>Nos</strong></span> <span class='ocrx_word' id='word_1_847' title='bbox 2869 5795 3049 5839; x_wconf 89' lang='lat' dir='ltr'><strong>tamen</strong></span> <span class='ocrx_word' id='word_1_848' title='bbox 3102 5779 3392 5858; x_wconf 73' lang='lat' dir='ltr'><strong>utrobique</strong></span> <span class='ocrx_word' id='word_1_849' title='bbox 3430 5779 3483 5830; x_wconf 87' lang='lat' dir='ltr'><strong>in</strong></span> <span class='ocrx_word' id='word_1_850' title='bbox 3525 5793 3652 5836; x_wconf 74' lang='lat' dir='ltr'><strong>vero</strong></span> 
     </span>
    </p>
   </div>
   <div class='ocr_carea' id='block_1_120' title="bbox 2073 5853 3408 5926">
    <p class='ocr_par' dir='ltr' id='par_1_120' title="bbox 2073 5853 3408 5926">
     <span class='ocr_line' id='line_1_120' title="bbox 2073 5853 3408 5926; baseline -0.013 -7"><span class='ocrx_word' id='word_1_851' title='bbox 2073 5862 2223 5919; x_wconf 85' lang='lat' dir='ltr'><strong>sione</strong></span> <span class='ocrx_word' id='word_1_852' title='bbox 2243 5853 2360 5915; x_wconf 81' lang='lat' dir='ltr'><strong>non</strong></span> <span class='ocrx_word' id='word_1_853' title='bbox 2388 5859 2570 5926; x_wconf 79' lang='lat' dir='ltr'><strong>verba,</strong></span> <span class='ocrx_word' id='word_1_854' title='bbox 2610 5857 2702 5924; x_wconf 83' lang='lat' dir='ltr'><strong>sed</strong></span> <span class='ocrx_word' id='word_1_855' title='bbox 2735 5870 2956 5914; x_wconf 79' lang='lat' dir='ltr'><strong>sensum</strong></span> <span class='ocrx_word' id='word_1_856' title='bbox 2985 5853 3156 5910; x_wconf 71' lang='lat' dir='ltr'><strong>secuti</strong></span> <span class='ocrx_word' id='word_1_857' title='bbox 3197 5865 3408 5911; x_wconf 80' lang='lat' dir='ltr'><strong>Sumus.</strong></span> 
     </span>
    </p>
   </div>
  </div>
