  <div class='ocr_page' id='page_1' title='image "/cluster/home/n/w/nwhite01/storage/ocr_20150623/161/hvd.32044073502700/238.png"; bbox 0 0 3966 6218; ppageno 0'>
   <div class='ocr_carea' id='block_1_1' title="bbox 404 360 510 423">
    <p class='ocr_par' dir='ltr' id='par_1_1' title="bbox 404 360 510 423">
     <span class='ocr_line' id='line_1_1' title="bbox 404 360 510 423; baseline -0.028 0"><span class='ocrx_word' id='word_1_1' title='bbox 404 360 510 423; x_wconf 78' lang='grc' dir='ltr'><strong>2Ἰ3</strong></span> 
     </span>
    </p>
   </div>
   <div class='ocr_carea' id='block_1_2' title="bbox 1366 361 2688 436">
    <p class='ocr_par' dir='ltr' id='par_1_2' title="bbox 1366 361 2688 436">
     <span class='ocr_line' id='line_1_2' title="bbox 1366 361 2688 436; baseline 0.009 -14"><span class='ocrx_word' id='word_1_2' title='bbox 1366 365 1408 422; x_wconf 83' lang='grc' dir='ltr'><strong>Α</strong></span> <span class='ocrx_word' id='word_1_3' title='bbox 1421 361 1745 424; x_wconf 79' lang='grc' dir='ltr'><strong>ΡΟΙ.ΟΟΙΛ</strong></span> <span class='ocrx_word' id='word_1_4' title='bbox 1791 363 2407 432; x_wconf 69' lang='grc' dir='ltr'><strong>ΙΝΞΟΗΙΡΊῚΟΝΠΜ</strong></span> <span class='ocrx_word' id='word_1_5' title='bbox 2453 372 2688 436; x_wconf 80' lang='lat' dir='ltr'><strong>VECCL</strong></span> 
     </span>
    </p>
   </div>
   <div class='ocr_carea' id='block_1_3' title="bbox 3546 375 3658 437">
    <p class='ocr_par' dir='ltr' id='par_1_3' title="bbox 3546 375 3658 437">
     <span class='ocr_line' id='line_1_3' title="bbox 3546 375 3658 437; baseline 0 -1"><span class='ocrx_word' id='word_1_6' title='bbox 3546 375 3658 437; x_wconf 68' lang='lat'><strong>2&#39;”</strong></span> 
     </span>
    </p>
   </div>
   <div class='ocr_carea' id='block_1_4' title="bbox 407 472 1973 558">
    <p class='ocr_par' dir='ltr' id='par_1_4' title="bbox 407 472 1973 548">
     <span class='ocr_line' id='line_1_4' title="bbox 407 472 1973 548; baseline 0.006 -24"><span class='ocrx_word' id='word_1_7' title='bbox 407 472 732 533; x_wconf 71' lang='grc' dir='ltr'><strong>ούσίας,καὶ</strong></span> <span class='ocrx_word' id='word_1_8' title='bbox 763 472 827 525; x_wconf 80' lang='grc' dir='ltr'><strong>ὲκ</strong></span> <span class='ocrx_word' id='word_1_9' title='bbox 873 473 968 542; x_wconf 79' lang='grc' dir='ltr'><strong>τῆς</strong></span> <span class='ocrx_word' id='word_1_10' title='bbox 1001 474 1076 544; x_wconf 82' lang='grc' dir='ltr'><strong>μὴ</strong></span> <span class='ocrx_word' id='word_1_11' title='bbox 1139 475 1417 548; x_wconf 73' lang='grc' dir='ltr'><strong>γεννώσης</strong></span> <span class='ocrx_word' id='word_1_12' title='bbox 1457 480 1644 543; x_wconf 79' lang='grc' dir='ltr'><strong>οὐσίας</strong></span> <span class='ocrx_word' id='word_1_13' title='bbox 1702 481 1797 534; x_wconf 89' lang='grc' dir='ltr'><strong>τοῦ</strong></span> <span class='ocrx_word' id='word_1_14' title='bbox 1854 479 1973 534; x_wconf 81' lang='grc' dir='ltr'><strong>Υίοῐ</strong></span> 
     </span>
    </p>
   </div>
   <div class='ocr_carea' id='block_1_5' title="bbox 2079 472 3657 558">
    <p class='ocr_par' dir='ltr' id='par_1_5' title="bbox 2092 488 3657 558">
     <span class='ocr_line' id='line_1_5' title="bbox 2092 488 3657 558; baseline 0.004 -21"><span class='ocrx_word' id='word_1_15' title='bbox 2092 494 2290 552; x_wconf 90' lang='lat' dir='ltr'><strong>torem,</strong></span> <span class='ocrx_word' id='word_1_16' title='bbox 2320 503 2375 542; x_wconf 87' lang='lat' dir='ltr'><strong>at</strong></span> <span class='ocrx_word' id='word_1_17' title='bbox 2407 488 2672 558; x_wconf 90' lang='lat' dir='ltr'><strong>Spiritum</strong></span> <span class='ocrx_word' id='word_1_18' title='bbox 2700 504 2765 543; x_wconf 83' lang='lat' dir='ltr'><strong>ex</strong></span> <span class='ocrx_word' id='word_1_19' title='bbox 2801 497 3025 558; x_wconf 91' lang='lat' dir='ltr'><strong>paterna</strong></span> <span class='ocrx_word' id='word_1_20' title='bbox 3067 489 3370 544; x_wconf 90' lang='lat' dir='ltr'><strong>substantia</strong></span> <span class='ocrx_word' id='word_1_21' title='bbox 3400 503 3657 544; x_wconf 78' lang='lat' dir='ltr'><strong>emanan-</strong></span> 
     </span>
    </p>
   </div>
   <div class='ocr_carea' id='block_1_6' title="bbox 407 562 1492 640">
    <p class='ocr_par' dir='ltr' id='par_1_6' title="bbox 407 562 1492 640">
     <span class='ocr_line' id='line_1_6' title="bbox 407 562 1492 640; baseline 0.009 -26"><span class='ocrx_word' id='word_1_22' title='bbox 407 562 709 628; x_wconf 74' lang='grc' dir='ltr'><strong>ἀναϐλύζον</strong></span> <span class='ocrx_word' id='word_1_23' title='bbox 755 564 930 631; x_wconf 79' lang='grc' dir='ltr'><strong>ἔσται,</strong></span> <span class='ocrx_word' id='word_1_24' title='bbox 963 566 1057 618; x_wconf 61' lang='grc' dir='ltr'><strong>καὶ⁵</strong></span> <span class='ocrx_word' id='word_1_25' title='bbox 1101 569 1492 640; x_wconf 60' lang='grc' dir='ltr'><strong>προχεόμενοι).</strong></span> 
     </span>
    </p>
   </div>
   <div class='ocr_carea' id='block_1_7' title="bbox 978 751 1416 822">
    <p class='ocr_par' dir='ltr' id='par_1_7' title="bbox 978 751 1416 822">
     <span class='ocr_line' id='line_1_7' title="bbox 978 751 1416 822; baseline 0.009 -19"><span class='ocrx_word' id='word_1_26' title='bbox 978 751 1088 804; x_wconf 83' lang='grc' dir='ltr'><strong>Τοῦ</strong></span> <span class='ocrx_word' id='word_1_27' title='bbox 1139 753 1416 822; x_wconf 72' lang='grc' dir='ltr'><strong>Παλαμᾶ.</strong></span> 
     </span>
    </p>
   </div>
   <div class='ocr_carea' id='block_1_8' title="bbox 481 838 1982 919">
    <p class='ocr_par' dir='ltr' id='par_1_8' title="bbox 481 838 1982 919">
     <span class='ocr_line' id='line_1_8' title="bbox 481 838 1982 919; baseline 0.009 -29"><span class='ocrx_word' id='word_1_28' title='bbox 481 839 691 902; x_wconf 79' lang='grc' dir='ltr'><strong>Ὄντως</strong></span> <span class='ocrx_word' id='word_1_29' title='bbox 720 838 1112 908; x_wconf 74' lang='grc' dir='ltr'><strong>ἀσυλλόγιστον</strong></span> <span class='ocrx_word' id='word_1_30' title='bbox 1141 845 1173 912; x_wconf 78' lang='grc' dir='ltr'>ἡ</span> <span class='ocrx_word' id='word_1_31' title='bbox 1199 843 1510 899; x_wconf 79' lang='grc' dir='ltr'><strong>δυσσέϐεια.</strong></span> <span class='ocrx_word' id='word_1_32' title='bbox 1542 848 1852 901; x_wconf 80' lang='grc' dir='ltr'><strong>Διαϐαίνειν</strong></span> <span class='ocrx_word' id='word_1_33' title='bbox 1879 851 1982 919; x_wconf 77' lang='grc' dir='ltr'><strong>γὰρ</strong></span> 
     </span>
    </p>
   </div>
   <div class='ocr_carea' id='block_1_9' title="bbox 410 928 1983 1010">
    <p class='ocr_par' dir='ltr' id='par_1_9' title="bbox 410 928 1983 1010">
     <span class='ocr_line' id='line_1_9' title="bbox 410 928 1983 1010; baseline 0.009 -29"><span class='ocrx_word' id='word_1_34' title='bbox 410 929 622 984; x_wconf 77' lang='grc' dir='ltr'><strong>ἀκούων</strong></span> <span class='ocrx_word' id='word_1_35' title='bbox 647 933 676 984; x_wconf 80' lang='grc' dir='ltr'><em>ὀ</em></span> <span class='ocrx_word' id='word_1_36' title='bbox 709 931 914 997; x_wconf 80' lang='grc' dir='ltr'><strong>Βέκκος</strong></span> <span class='ocrx_word' id='word_1_37' title='bbox 943 928 1100 999; x_wconf 69' lang='grc' dir='ltr'><strong>οὗτος</strong></span> <span class='ocrx_word' id='word_1_38' title='bbox 1129 937 1222 989; x_wconf 77' lang='grc' dir='ltr'><strong>ἐπὶ</strong></span> <span class='ocrx_word' id='word_1_39' title='bbox 1255 939 1346 990; x_wconf 82' lang='grc' dir='ltr'><strong>τὸν</strong></span> <span class='ocrx_word' id='word_1_40' title='bbox 1381 939 1508 992; x_wconf 81' lang='grc' dir='ltr'><strong>Υἰὺν</strong></span> <span class='ocrx_word' id='word_1_41' title='bbox 1540 940 1608 993; x_wconf 83' lang='grc' dir='ltr'><strong>τὰ</strong></span> <span class='ocrx_word' id='word_1_42' title='bbox 1642 941 1735 993; x_wconf 89' lang='grc' dir='ltr'><strong>τοῦ</strong></span> <span class='ocrx_word' id='word_1_43' title='bbox 1768 943 1983 1010; x_wconf 85' lang='grc' dir='ltr'><strong>Πατρὸς</strong></span> 
     </span>
    </p>
   </div>
   <div class='ocr_carea' id='block_1_10' title="bbox 410 1021 1984 1104">
    <p class='ocr_par' dir='ltr' id='par_1_10' title="bbox 410 1021 1984 1104">
     <span class='ocr_line' id='line_1_10' title="bbox 410 1021 1984 1104; baseline 0.009 -31"><span class='ocrx_word' id='word_1_44' title='bbox 410 1021 514 1074; x_wconf 77' lang='grc' dir='ltr'><strong>ίδια</strong></span> <span class='ocrx_word' id='word_1_45' title='bbox 559 1025 808 1091; x_wconf 81' lang='grc' dir='ltr'><strong>φυσικῶς</strong></span> <span class='ocrx_word' id='word_1_46' title='bbox 847 1023 905 1078; x_wconf 72' lang='grc' dir='ltr'>τί</span> <span class='ocrx_word' id='word_1_47' title='bbox 960 1029 1054 1081; x_wconf 77' lang='grc' dir='ltr'><strong>καὶ</strong></span> <span class='ocrx_word' id='word_1_48' title='bbox 1101 1028 1398 1093; x_wconf 76' lang='grc' dir='ltr'><strong>ούσιωδῶς,</strong></span> <span class='ocrx_word' id='word_1_49' title='bbox 1443 1032 1512 1084; x_wconf 76' lang='grc' dir='ltr'><strong>τὰ</strong></span> <span class='ocrx_word' id='word_1_50' title='bbox 1557 1033 1657 1101; x_wconf 81' lang='grc' dir='ltr'><strong>τῆς</strong></span> <span class='ocrx_word' id='word_1_51' title='bbox 1710 1035 1984 1104; x_wconf 77' lang='grc' dir='ltr'><strong>πατρικῆς</strong></span> 
     </span>
    </p>
   </div>
   <div class='ocr_carea' id='block_1_11' title="bbox 410 1113 1980 1194">
    <p class='ocr_par' dir='ltr' id='par_1_11' title="bbox 410 1113 1980 1194">
     <span class='ocr_line' id='line_1_11' title="bbox 410 1113 1980 1194; baseline 0.01 -30"><span class='ocrx_word' id='word_1_52' title='bbox 410 1113 757 1178; x_wconf 78' lang='grc' dir='ltr'><strong>ὑποστάσεως</strong></span> <span class='ocrx_word' id='word_1_53' title='bbox 788 1117 1038 1186; x_wconf 79' lang='grc' dir='ltr'><strong>ἐνόμισεν</strong></span> <span class='ocrx_word' id='word_1_54' title='bbox 1071 1119 1200 1183; x_wconf 81' lang='grc' dir='ltr'><strong>ῐδια,</strong></span> <span class='ocrx_word' id='word_1_55' title='bbox 1227 1119 1342 1173; x_wconf 78' lang='grc' dir='ltr'><strong>ἀλλ’</strong></span> <span class='ocrx_word' id='word_1_56' title='bbox 1372 1121 1491 1191; x_wconf 69' lang='grc' dir='ltr'><strong>οὐχὶ</strong></span> <span class='ocrx_word' id='word_1_57' title='bbox 1519 1120 1586 1176; x_wconf 79' lang='grc' dir='ltr'><strong>τά</strong></span> <span class='ocrx_word' id='word_1_58' title='bbox 1611 1125 1708 1194; x_wconf 82' lang='grc' dir='ltr'><strong>τῆς</strong></span> <span class='ocrx_word' id='word_1_59' title='bbox 1744 1125 1980 1192; x_wconf 85' lang='grc' dir='ltr'><strong>φύσεως.</strong></span> 
     </span>
    </p>
   </div>
   <div class='ocr_carea' id='block_1_12' title="bbox 409 1205 1982 1284">
    <p class='ocr_par' dir='ltr' id='par_1_12' title="bbox 409 1205 1982 1284">
     <span class='ocr_line' id='line_1_12' title="bbox 409 1205 1982 1284; baseline 0.008 -27"><span class='ocrx_word' id='word_1_60' title='bbox 409 1205 616 1259; x_wconf 81' lang='grc' dir='ltr'><strong>Οὐκοῦν</strong></span> <span class='ocrx_word' id='word_1_61' title='bbox 647 1209 789 1263; x_wconf 76' lang='grc' dir='ltr'><strong>κατὰ</strong></span> <span class='ocrx_word' id='word_1_62' title='bbox 837 1208 939 1279; x_wconf 79' lang='grc' dir='ltr'><strong>τὴν</strong></span> <span class='ocrx_word' id='word_1_63' title='bbox 979 1209 1146 1266; x_wconf 85' lang='grc' dir='ltr'><strong>αὐτοῦ</strong></span> <span class='ocrx_word' id='word_1_64' title='bbox 1184 1212 1420 1277; x_wconf 87' lang='grc' dir='ltr'><strong>σύνεσιν,</strong></span> <span class='ocrx_word' id='word_1_65' title='bbox 1476 1213 1545 1284; x_wconf 73' lang='grc' dir='ltr'><strong>ἢν</strong></span> <span class='ocrx_word' id='word_1_66' title='bbox 1597 1215 1655 1268; x_wconf 79' lang='grc' dir='ltr'><strong>ἐν</strong></span> <span class='ocrx_word' id='word_1_67' title='bbox 1702 1219 1820 1279; x_wconf 77' lang='grc' dir='ltr'><strong>ταῖς</strong></span> <span class='ocrx_word' id='word_1_68' title='bbox 1873 1217 1982 1270; x_wconf 86' lang='grc' dir='ltr'><strong>τῶν</strong></span> 
     </span>
    </p>
   </div>
   <div class='ocr_carea' id='block_1_13' title="bbox 411 1297 1981 1380">
    <p class='ocr_par' dir='ltr' id='par_1_13' title="bbox 411 1297 1981 1380">
     <span class='ocr_line' id='line_1_13' title="bbox 411 1297 1981 1380; baseline 0.009 -31"><span class='ocrx_word' id='word_1_69' title='bbox 411 1297 986 1371; x_wconf 73' lang='grc' dir='ltr'><strong>θεοφόρων⁶κέκτηται</strong></span> <span class='ocrx_word' id='word_1_70' title='bbox 1017 1303 1338 1372; x_wconf 78' lang='grc' dir='ltr'><strong>θεολογίαις,</strong></span> <span class='ocrx_word' id='word_1_71' title='bbox 1376 1305 1470 1359; x_wconf 85' lang='grc' dir='ltr'><strong>τοῦ</strong></span> <span class='ocrx_word' id='word_1_72' title='bbox 1505 1306 1652 1362; x_wconf 77' lang='grc' dir='ltr'><strong>θείου</strong></span> <span class='ocrx_word' id='word_1_73' title='bbox 1709 1310 1981 1380; x_wconf 83' lang='grc' dir='ltr'><strong>Κυρίλλου</strong></span> 
     </span>
    </p>
   </div>
   <div class='ocr_carea' id='block_1_14' title="bbox 409 1389 1984 1463">
    <p class='ocr_par' dir='ltr' id='par_1_14' title="bbox 409 1389 1984 1463">
     <span class='ocr_line' id='line_1_14' title="bbox 409 1389 1984 1463; baseline 0.008 -23"><span class='ocrx_word' id='word_1_74' title='bbox 409 1389 709 1459; x_wconf 77' lang='grc' dir='ltr'><strong>γράφοντος</strong></span> <span class='ocrx_word' id='word_1_75' title='bbox 735 1391 794 1443; x_wconf 69' lang='grc' dir='ltr'><strong>δν</strong></span> <span class='ocrx_word' id='word_1_76' title='bbox 826 1393 940 1455; x_wconf 86' lang='grc' dir='ltr'><strong>τοῖς</strong></span> <span class='ocrx_word' id='word_1_77' title='bbox 970 1393 1331 1463; x_wconf 82' lang='grc' dir='ltr'><strong>Θησαυροῒς,</strong></span> <span class='ocrx_word' id='word_1_78' title='bbox 1383 1395 1506 1459; x_wconf 76' lang='grc' dir='ltr'><strong>Πῶς</strong></span> <span class='ocrx_word' id='word_1_79' title='bbox 1527 1397 1626 1449; x_wconf 82' lang='grc' dir='ltr'><strong>οὒκ</strong></span> <span class='ocrx_word' id='word_1_80' title='bbox 1655 1397 1808 1451; x_wconf 78' lang='grc' dir='ltr'><strong>ἔσται</strong></span> <span class='ocrx_word' id='word_1_81' title='bbox 1849 1398 1984 1462; x_wconf 77' lang='grc' dir='ltr'><strong>Θεὸς</strong></span> 
     </span>
    </p>
   </div>
   <div class='ocr_carea' id='block_1_15' title="bbox 408 1481 1980 1557">
    <p class='ocr_par' dir='ltr' id='par_1_15' title="bbox 408 1481 1980 1557">
     <span class='ocr_line' id='line_1_15' title="bbox 408 1481 1980 1557; baseline 0.007 -25"><span class='ocrx_word' id='word_1_82' title='bbox 408 1481 472 1532; x_wconf 80' lang='grc' dir='ltr'><strong>τὸ</strong></span> <span class='ocrx_word' id='word_1_83' title='bbox 504 1481 748 1551; x_wconf 79' lang='grc' dir='ltr'><strong>Πνεῦμα,</strong></span> <span class='ocrx_word' id='word_1_84' title='bbox 775 1483 901 1553; x_wconf 79' lang='grc' dir='ltr'><strong>ὅλην</strong></span> <span class='ocrx_word' id='word_1_85' title='bbox 919 1485 1042 1554; x_wconf 80' lang='grc' dir='ltr'><strong>ἔχον</strong></span> <span class='ocrx_word' id='word_1_86' title='bbox 1065 1486 1300 1557; x_wconf 84' lang='grc' dir='ltr'><strong>οὐσιώδη</strong></span> <span class='ocrx_word' id='word_1_87' title='bbox 1336 1488 1436 1556; x_wconf 75' lang='grc' dir='ltr'><strong>τὴν</strong></span> <span class='ocrx_word' id='word_1_88' title='bbox 1460 1487 1698 1555; x_wconf 73' lang='grc' dir='ltr'><strong>ἰδιότητα</strong></span> <span class='ocrx_word' id='word_1_89' title='bbox 1748 1489 1840 1542; x_wconf 84' lang='grc' dir='ltr'><strong>τοῦ</strong></span> <span class='ocrx_word' id='word_1_90' title='bbox 1869 1492 1980 1542; x_wconf 87' lang='grc' dir='ltr'><strong>Πα-</strong></span> 
     </span>
    </p>
   </div>
   <div class='ocr_carea' id='block_1_16' title="bbox 407 1571 1981 1648">
    <p class='ocr_par' dir='ltr' id='par_1_16' title="bbox 407 1571 1981 1648">
     <span class='ocr_line' id='line_1_16' title="bbox 407 1571 1981 1648; baseline 0.008 -27"><span class='ocrx_word' id='word_1_91' title='bbox 407 1571 538 1638; x_wconf 69' lang='grc' dir='ltr'><strong>τρος</strong></span> <span class='ocrx_word' id='word_1_92' title='bbox 562 1573 655 1624; x_wconf 69' lang='grc' dir='ltr'><strong>καὶ</strong></span> <span class='ocrx_word' id='word_1_93' title='bbox 689 1574 782 1626; x_wconf 86' lang='grc' dir='ltr'><strong>τοῦ</strong></span> <span class='ocrx_word' id='word_1_94' title='bbox 809 1573 964 1639; x_wconf 85' lang='grc' dir='ltr'><strong>Υίοῦ,</strong></span> <span class='ocrx_word' id='word_1_95' title='bbox 995 1575 1096 1646; x_wconf 80' lang='grc' dir='ltr'><strong>τὴν</strong></span> <span class='ocrx_word' id='word_1_96' title='bbox 1125 1577 1363 1646; x_wconf 80' lang='grc' dir='ltr'><strong>ίδιότητα</strong></span> <span class='ocrx_word' id='word_1_97' title='bbox 1387 1575 1480 1629; x_wconf 89' lang='grc' dir='ltr'><strong>τοῦ</strong></span> <span class='ocrx_word' id='word_1_98' title='bbox 1515 1578 1728 1648; x_wconf 78' lang='grc' dir='ltr'><strong>Πατρὸς</strong></span> <span class='ocrx_word' id='word_1_99' title='bbox 1761 1580 1856 1632; x_wconf 77' lang='grc' dir='ltr'><strong>καὶ</strong></span> <span class='ocrx_word' id='word_1_100' title='bbox 1887 1579 1981 1633; x_wconf 85' lang='grc' dir='ltr'><strong>τοῦ</strong></span> 
     </span>
    </p>
   </div>
   <div class='ocr_carea' id='block_1_17' title="bbox 409 1661 1982 1738">
    <p class='ocr_par' dir='ltr' id='par_1_17' title="bbox 409 1661 1982 1738">
     <span class='ocr_line' id='line_1_17' title="bbox 409 1661 1982 1738; baseline 0.006 -25"><span class='ocrx_word' id='word_1_101' title='bbox 409 1661 540 1715; x_wconf 88' lang='grc' dir='ltr'><strong>Υῐοῦ</strong></span> <span class='ocrx_word' id='word_1_102' title='bbox 563 1663 622 1716; x_wconf 80' lang='grc' dir='ltr'><strong>τὸ</strong></span> <span class='ocrx_word' id='word_1_103' title='bbox 652 1663 874 1735; x_wconf 81' lang='grc' dir='ltr'><strong>Πνεῦμα</strong></span> <span class='ocrx_word' id='word_1_104' title='bbox 897 1666 1030 1732; x_wconf 77' lang='grc' dir='ltr'><strong>ἕξει,</strong></span> <span class='ocrx_word' id='word_1_105' title='bbox 1051 1666 1214 1736; x_wconf 81' lang='grc' dir='ltr'><strong>γέννη</strong></span> <span class='ocrx_word' id='word_1_106' title='bbox 1225 1668 1300 1734; x_wconf 86' lang='grc' dir='ltr'><strong>μά</strong></span> <span class='ocrx_word' id='word_1_107' title='bbox 1329 1685 1388 1720; x_wconf 87' lang='grc' dir='ltr'><strong>τε</strong></span> <span class='ocrx_word' id='word_1_108' title='bbox 1419 1670 1512 1721; x_wconf 76' lang='grc' dir='ltr'><strong>καὶ</strong></span> <span class='ocrx_word' id='word_1_109' title='bbox 1535 1670 1808 1738; x_wconf 79' lang='grc' dir='ltr'><strong>γεννήτωρ</strong></span> <span class='ocrx_word' id='word_1_110' title='bbox 1833 1670 1982 1724; x_wconf 73' lang='grc' dir='ltr'><strong>ἔσται</strong></span> 
     </span>
    </p>
   </div>
   <div class='ocr_carea' id='block_1_18' title="bbox 409 1751 1982 1832">
    <p class='ocr_par' dir='ltr' id='par_1_18' title="bbox 409 1751 1982 1832">
     <span class='ocr_line' id='line_1_18' title="bbox 409 1751 1982 1832; baseline 0.006 -28"><span class='ocrx_word' id='word_1_111' title='bbox 409 1754 501 1805; x_wconf 73' lang='grc' dir='ltr'><strong>καὶ</strong></span> <span class='ocrx_word' id='word_1_112' title='bbox 527 1751 709 1824; x_wconf 80' lang='grc' dir='ltr'><strong>πατὴρ</strong></span> <span class='ocrx_word' id='word_1_113' title='bbox 737 1755 845 1808; x_wconf 81' lang='grc' dir='ltr'><strong>τῶν</strong></span> <span class='ocrx_word' id='word_1_114' title='bbox 889 1754 1109 1824; x_wconf 78' lang='grc' dir='ltr'><strong>φώτων,</strong></span> <span class='ocrx_word' id='word_1_115' title='bbox 1158 1758 1217 1808; x_wconf 82' lang='grc' dir='ltr'><strong>τὸ</strong></span> <span class='ocrx_word' id='word_1_116' title='bbox 1266 1760 1461 1828; x_wconf 77' lang='grc' dir='ltr'><strong>γεννᾷν</strong></span> <span class='ocrx_word' id='word_1_117' title='bbox 1510 1761 1605 1812; x_wconf 86' lang='grc' dir='ltr'><strong>καί</strong></span> <span class='ocrx_word' id='word_1_118' title='bbox 1659 1761 1982 1832; x_wconf 78' lang='grc' dir='ltr'><strong>ἐκπορεύειν</strong></span> 
     </span>
    </p>
   </div>
   <div class='ocr_carea' id='block_1_19' title="bbox 409 1839 2056 1925">
    <p class='ocr_par' dir='ltr' id='par_1_19' title="bbox 409 1839 2056 1925">
     <span class='ocr_line' id='line_1_19' title="bbox 409 1839 2056 1925; baseline 0.005 -28"><span class='ocrx_word' id='word_1_119' title='bbox 409 1843 554 1914; x_wconf 71' lang='grc' dir='ltr'><strong>ἔχον,</strong></span> <span class='ocrx_word' id='word_1_120' title='bbox 577 1841 637 1902; x_wconf 75' lang='grc' dir='ltr'><strong>οὗ</strong></span> <span class='ocrx_word' id='word_1_121' title='bbox 667 1849 718 1902; x_wconf 90' lang='grc' dir='ltr'><strong>τί</strong></span> <span class='ocrx_word' id='word_1_122' title='bbox 744 1849 811 1901; x_wconf 81' lang='grc' dir='ltr'><strong>ἂν</strong></span> <span class='ocrx_word' id='word_1_123' title='bbox 842 1849 1137 1920; x_wconf 83' lang='grc' dir='ltr'><strong>ἀκουσθείη</strong></span> <span class='ocrx_word' id='word_1_124' title='bbox 1182 1850 1611 1921; x_wconf 75' lang='grc' dir='ltr'><strong>δυσσεϐέστερόν</strong></span> <span class='ocrx_word' id='word_1_125' title='bbox 1642 1871 1698 1906; x_wconf 90' lang='grc' dir='ltr'><strong>τε</strong></span> <span class='ocrx_word' id='word_1_126' title='bbox 1737 1856 1830 1925; x_wconf 72' lang='grc' dir='ltr'><strong>καὶ</strong></span> <span class='ocrx_word' id='word_1_127' title='bbox 1863 1871 1983 1908; x_wconf 75' lang='grc' dir='ltr'><strong>και-</strong></span> <span class='ocrx_word' id='word_1_128' title='bbox 2016 1839 2056 1892; x_wconf 73' lang='grc' dir='ltr'>Β</span> 
     </span>
    </p>
   </div>
   <div class='ocr_carea' id='block_1_20' title="bbox 405 1937 1981 2016">
    <p class='ocr_par' dir='ltr' id='par_1_20' title="bbox 405 1937 1981 2016">
     <span class='ocr_line' id='line_1_20' title="bbox 405 1937 1981 2016; baseline 0.006 -27"><span class='ocrx_word' id='word_1_129' title='bbox 405 1937 624 2008; x_wconf 83' lang='grc' dir='ltr'><strong>νότερον</strong></span> <span class='ocrx_word' id='word_1_130' title='bbox 652 1956 666 2004; x_wconf 89' lang='grc'><strong>;</strong></span> <span class='ocrx_word' id='word_1_131' title='bbox 705 1939 777 1992; x_wconf 82' lang='grc' dir='ltr'><strong>Τὸ</strong></span> <span class='ocrx_word' id='word_1_132' title='bbox 802 1941 934 1995; x_wconf 74' lang='grc' dir='ltr'><strong>αὐτὸ</strong></span> <span class='ocrx_word' id='word_1_133' title='bbox 962 1943 1017 1995; x_wconf 82' lang='grc' dir='ltr'><strong>δὲ</strong></span> <span class='ocrx_word' id='word_1_134' title='bbox 1042 1942 1293 1997; x_wconf 82' lang='grc' dir='ltr'><strong>πείσεται</strong></span> <span class='ocrx_word' id='word_1_135' title='bbox 1324 1945 1488 1997; x_wconf 79' lang='grc' dir='ltr'><strong>πάλιν</strong></span> <span class='ocrx_word' id='word_1_136' title='bbox 1514 1945 1542 1996; x_wconf 81' lang='grc' dir='ltr'><strong>ὁ</strong></span> <span class='ocrx_word' id='word_1_137' title='bbox 1571 1945 1732 2008; x_wconf 81' lang='grc' dir='ltr'><strong>αὐτὸς</strong></span> <span class='ocrx_word' id='word_1_138' title='bbox 1773 1947 1981 2016; x_wconf 78' lang='grc' dir='ltr'><strong>σχεδὸν,</strong></span> 
     </span>
    </p>
   </div>
   <div class='ocr_carea' id='block_1_21' title="bbox 403 2029 1984 2107">
    <p class='ocr_par' dir='ltr' id='par_1_21' title="bbox 403 2029 1984 2107">
     <span class='ocr_line' id='line_1_21' title="bbox 403 2029 1984 2107; baseline 0.007 -27"><span class='ocrx_word' id='word_1_139' title='bbox 403 2029 501 2082; x_wconf 73' lang='grc' dir='ltr'><strong>καὶ</strong></span> <span class='ocrx_word' id='word_1_140' title='bbox 539 2031 670 2085; x_wconf 76' lang='grc' dir='ltr'><strong>ὅταν</strong></span> <span class='ocrx_word' id='word_1_141' title='bbox 699 2032 909 2103; x_wconf 78' lang='grc' dir='ltr'><strong>ἀκούσῃ</strong></span> <span class='ocrx_word' id='word_1_142' title='bbox 945 2034 1038 2087; x_wconf 90' lang='grc' dir='ltr'><strong>τοῦ</strong></span> <span class='ocrx_word' id='word_1_143' title='bbox 1076 2035 1176 2104; x_wconf 83' lang='grc' dir='ltr'><strong>μὲν</strong></span> <span class='ocrx_word' id='word_1_144' title='bbox 1214 2036 1360 2106; x_wconf 88' lang='grc' dir='ltr'><strong>ίεροῦ</strong></span> <span class='ocrx_word' id='word_1_145' title='bbox 1399 2038 1761 2106; x_wconf 78' lang='grc' dir='ltr'><strong>Δαμασκηνοῦ</strong></span> <span class='ocrx_word' id='word_1_146' title='bbox 1799 2039 1984 2107; x_wconf 72' lang='grc' dir='ltr'><strong>λέγονο</strong></span> 
     </span>
    </p>
   </div>
   <div class='ocr_carea' id='block_1_22' title="bbox 401 2125 1983 2201">
    <p class='ocr_par' dir='ltr' id='par_1_22' title="bbox 401 2125 1983 2201">
     <span class='ocr_line' id='line_1_22' title="bbox 401 2125 1983 2201; baseline 0.006 -26"><span class='ocrx_word' id='word_1_147' title='bbox 401 2139 494 2186; x_wconf 88' lang='grc' dir='ltr'><strong>τος</strong></span> <span class='ocrx_word' id='word_1_148' title='bbox 533 2125 590 2177; x_wconf 84' lang='grc' dir='ltr'><strong>ὲν</strong></span> <span class='ocrx_word' id='word_1_149' title='bbox 629 2125 708 2195; x_wconf 81' lang='grc' dir='ltr'><strong>τῷ</strong></span> <span class='ocrx_word' id='word_1_150' title='bbox 759 2129 806 2196; x_wconf 87' lang='grc' dir='ltr'><strong>η’</strong></span> <span class='ocrx_word' id='word_1_151' title='bbox 845 2126 956 2180; x_wconf 87' lang='grc' dir='ltr'><strong>τῶν</strong></span> <span class='ocrx_word' id='word_1_152' title='bbox 987 2128 1366 2198; x_wconf 76' lang='grc' dir='ltr'><strong>Δογματικῶν</strong></span> <span class='ocrx_word' id='word_1_153' title='bbox 1403 2144 1418 2160; x_wconf 90' lang='grc'><strong>·</strong></span> <span class='ocrx_word' id='word_1_154' title='bbox 1453 2130 1639 2184; x_wconf 80' lang='grc' dir='ltr'><strong>Πάντα</strong></span> <span class='ocrx_word' id='word_1_155' title='bbox 1670 2133 1770 2184; x_wconf 71' lang='grc' dir='ltr'><strong>ὅσα</strong></span> <span class='ocrx_word' id='word_1_156' title='bbox 1799 2131 1909 2201; x_wconf 73' lang='grc' dir='ltr'><strong>ἔχει</strong></span> <span class='ocrx_word' id='word_1_157' title='bbox 1954 2133 1983 2184; x_wconf 82' lang='grc' dir='ltr'><strong>ὁ</strong></span> 
     </span>
    </p>
   </div>
   <div class='ocr_carea' id='block_1_23' title="bbox 404 2215 1983 2293">
    <p class='ocr_par' dir='ltr' id='par_1_23' title="bbox 404 2215 1983 2293">
     <span class='ocr_line' id='line_1_23' title="bbox 404 2215 1983 2293; baseline 0.003 -24"><span class='ocrx_word' id='word_1_158' title='bbox 404 2215 595 2286; x_wconf 76' lang='grc' dir='ltr'><strong>Πατὴρ</strong></span> <span class='ocrx_word' id='word_1_159' title='bbox 621 2217 827 2271; x_wconf 74' lang='grc' dir='ltr'><strong>καὶτοῦ</strong></span> <span class='ocrx_word' id='word_1_160' title='bbox 864 2221 1185 2288; x_wconf 80' lang='grc' dir='ltr'><strong>Πνεύματός</strong></span> <span class='ocrx_word' id='word_1_161' title='bbox 1215 2223 1355 2287; x_wconf 77' lang='grc' dir='ltr'><strong>ἐστι,</strong></span> <span class='ocrx_word' id='word_1_162' title='bbox 1407 2221 1546 2292; x_wconf 78' lang='grc' dir='ltr'><strong>πλὴν</strong></span> <span class='ocrx_word' id='word_1_163' title='bbox 1603 2222 1702 2291; x_wconf 83' lang='grc' dir='ltr'><strong>τῆς</strong></span> <span class='ocrx_word' id='word_1_164' title='bbox 1755 2223 1983 2293; x_wconf 82' lang='grc' dir='ltr'><strong>ἀγεννη-</strong></span> 
     </span>
    </p>
   </div>
   <div class='ocr_carea' id='block_1_24' title="bbox 402 2307 1979 2384">
    <p class='ocr_par' dir='ltr' id='par_1_24' title="bbox 402 2307 1979 2384">
     <span class='ocr_line' id='line_1_24' title="bbox 402 2307 1979 2384; baseline 0.004 -27"><span class='ocrx_word' id='word_1_165' title='bbox 402 2307 525 2370; x_wconf 89' lang='grc' dir='ltr'><strong>σίας</strong></span> <span class='ocrx_word' id='word_1_166' title='bbox 565 2322 583 2340; x_wconf 85' lang='grc'>⁶</span> <span class='ocrx_word' id='word_1_167' title='bbox 614 2309 830 2363; x_wconf 74' lang='grc' dir='ltr'><strong>καὶτοῦ</strong></span> <span class='ocrx_word' id='word_1_168' title='bbox 855 2310 956 2379; x_wconf 83' lang='grc' dir='ltr'><strong>τῆς</strong></span> <span class='ocrx_word' id='word_1_169' title='bbox 993 2311 1274 2380; x_wconf 74' lang='grc' dir='ltr'><strong>θεολογίας</strong></span> <span class='ocrx_word' id='word_1_170' title='bbox 1326 2311 1621 2379; x_wconf 80' lang='grc' dir='ltr'><strong>ἐπωνύμου</strong></span> <span class='ocrx_word' id='word_1_171' title='bbox 1676 2312 1979 2384; x_wconf 82' lang='grc' dir='ltr'><strong>Γρηγορίου</strong></span> 
     </span>
    </p>
   </div>
   <div class='ocr_carea' id='block_1_25' title="bbox 399 2402 1982 2474">
    <p class='ocr_par' dir='ltr' id='par_1_25' title="bbox 399 2402 1982 2474">
     <span class='ocr_line' id='line_1_25' title="bbox 399 2402 1982 2474; baseline 0.003 -21"><span class='ocrx_word' id='word_1_172' title='bbox 399 2402 707 2470; x_wconf 82' lang='grc' dir='ltr'><strong>γράφοντος</strong></span> <span class='ocrx_word' id='word_1_173' title='bbox 739 2404 796 2454; x_wconf 77' lang='grc' dir='ltr'><strong>ἐν</strong></span> <span class='ocrx_word' id='word_1_174' title='bbox 825 2403 901 2472; x_wconf 83' lang='grc' dir='ltr'><strong>τῷ</strong></span> <span class='ocrx_word' id='word_1_175' title='bbox 921 2403 1056 2474; x_wconf 79' lang='grc' dir='ltr'><strong>πρὸς</strong></span> <span class='ocrx_word' id='word_1_176' title='bbox 1082 2407 1210 2467; x_wconf 75' lang='grc' dir='ltr'><strong>τοὺς</strong></span> <span class='ocrx_word' id='word_1_177' title='bbox 1271 2405 1358 2457; x_wconf 73' lang='grc' dir='ltr'><strong>ἐπ’</strong></span> <span class='ocrx_word' id='word_1_178' title='bbox 1385 2404 1666 2471; x_wconf 83' lang='grc' dir='ltr'><strong>Δίγύπτου</strong></span> <span class='ocrx_word' id='word_1_179' title='bbox 1720 2404 1982 2457; x_wconf 82' lang='grc' dir='ltr'><strong>πλεύσαν-</strong></span> 
     </span>
    </p>
   </div>
   <div class='ocr_carea' id='block_1_26' title="bbox 397 2494 1980 2566">
    <p class='ocr_par' dir='ltr' id='par_1_26' title="bbox 397 2494 1980 2566">
     <span class='ocr_line' id='line_1_26' title="bbox 397 2494 1980 2566; baseline 0.005 -24"><span class='ocrx_word' id='word_1_180' title='bbox 397 2508 522 2555; x_wconf 83' lang='grc' dir='ltr'><strong>τας,</strong></span> <span class='ocrx_word' id='word_1_181' title='bbox 550 2494 736 2547; x_wconf 77' lang='grc' dir='ltr'><strong>Πάντα</strong></span> <span class='ocrx_word' id='word_1_182' title='bbox 771 2495 872 2548; x_wconf 74' lang='grc' dir='ltr'><strong>ὅσα</strong></span> <span class='ocrx_word' id='word_1_183' title='bbox 905 2496 1000 2548; x_wconf 89' lang='grc' dir='ltr'><strong>τοῦ</strong></span> <span class='ocrx_word' id='word_1_184' title='bbox 1033 2495 1163 2548; x_wconf 81' lang='grc' dir='ltr'><strong>Υίοῦ</strong></span> <span class='ocrx_word' id='word_1_185' title='bbox 1185 2495 1398 2548; x_wconf 77' lang='grc' dir='ltr'><strong>καὶτοῦ</strong></span> <span class='ocrx_word' id='word_1_186' title='bbox 1455 2497 1794 2564; x_wconf 66' lang='grc' dir='ltr'><strong>Πνεῦματος,</strong></span> <span class='ocrx_word' id='word_1_187' title='bbox 1841 2497 1980 2566; x_wconf 74' lang='grc' dir='ltr'><strong>πλὴν</strong></span> 
     </span>
    </p>
   </div>
   <div class='ocr_carea' id='block_1_27' title="bbox 397 2583 1979 2658">
    <p class='ocr_par' dir='ltr' id='par_1_27' title="bbox 397 2583 1979 2658">
     <span class='ocr_line' id='line_1_27' title="bbox 397 2583 1979 2658; baseline 0.004 -22"><span class='ocrx_word' id='word_1_188' title='bbox 397 2583 500 2652; x_wconf 80' lang='grc' dir='ltr'><strong>τῆς</strong></span> <span class='ocrx_word' id='word_1_189' title='bbox 537 2586 801 2654; x_wconf 83' lang='grc' dir='ltr'><strong>υἱότητος.</strong></span> <span class='ocrx_word' id='word_1_190' title='bbox 833 2588 1010 2656; x_wconf 81' lang='grc' dir='ltr'><strong>Πὸσης</strong></span> <span class='ocrx_word' id='word_1_191' title='bbox 1037 2588 1093 2641; x_wconf 81' lang='grc' dir='ltr'><strong>δὲ</strong></span> <span class='ocrx_word' id='word_1_192' title='bbox 1127 2589 1314 2651; x_wconf 77' lang='grc' dir='ltr'><strong>ἀνοίας</strong></span> <span class='ocrx_word' id='word_1_193' title='bbox 1348 2588 1515 2642; x_wconf 79' lang='grc' dir='ltr'><strong>πάλιν</strong></span> <span class='ocrx_word' id='word_1_194' title='bbox 1543 2589 1603 2642; x_wconf 83' lang='grc' dir='ltr'><strong>τὸ</strong></span> <span class='ocrx_word' id='word_1_195' title='bbox 1641 2590 1705 2641; x_wconf 79' lang='grc' dir='ltr'><strong>ἐκ</strong></span> <span class='ocrx_word' id='word_1_196' title='bbox 1740 2589 1843 2658; x_wconf 79' lang='grc' dir='ltr'><strong>τῆς</strong></span> <span class='ocrx_word' id='word_1_197' title='bbox 1885 2590 1979 2643; x_wconf 85' lang='grc' dir='ltr'><strong>ού-</strong></span> 
     </span>
    </p>
   </div>
   <div class='ocr_carea' id='block_1_28' title="bbox 401 2677 1978 2746">
    <p class='ocr_par' dir='ltr' id='par_1_28' title="bbox 401 2677 1978 2746">
     <span class='ocr_line' id='line_1_28' title="bbox 401 2677 1978 2746; baseline 0.005 -18"><span class='ocrx_word' id='word_1_198' title='bbox 401 2677 525 2739; x_wconf 86' lang='grc' dir='ltr'><strong>σίας</strong></span> <span class='ocrx_word' id='word_1_199' title='bbox 555 2677 796 2744; x_wconf 78' lang='grc' dir='ltr'><strong>ἀκούειν,</strong></span> <span class='ocrx_word' id='word_1_200' title='bbox 835 2682 928 2733; x_wconf 72' lang='grc' dir='ltr'><strong>καὶ</strong></span> <span class='ocrx_word' id='word_1_201' title='bbox 959 2682 1024 2733; x_wconf 78' lang='grc' dir='ltr'><strong>ὲκ</strong></span> <span class='ocrx_word' id='word_1_202' title='bbox 1049 2681 1149 2746; x_wconf 87' lang='grc' dir='ltr'><strong>τῆς</strong></span> <span class='ocrx_word' id='word_1_203' title='bbox 1199 2681 1292 2733; x_wconf 88' lang='grc' dir='ltr'><strong>τοῦ</strong></span> <span class='ocrx_word' id='word_1_204' title='bbox 1325 2680 1454 2732; x_wconf 81' lang='grc' dir='ltr'><strong>Υίοῦ</strong></span> <span class='ocrx_word' id='word_1_205' title='bbox 1502 2681 1850 2745; x_wconf 74' lang='grc' dir='ltr'><strong>ὑποστάσεως</strong></span> <span class='ocrx_word' id='word_1_206' title='bbox 1892 2683 1978 2736; x_wconf 84' lang='grc' dir='ltr'><strong>δο-</strong></span> 
     </span>
    </p>
   </div>
   <div class='ocr_carea' id='block_1_29' title="bbox 399 2767 1982 2842">
    <p class='ocr_par' dir='ltr' id='par_1_29' title="bbox 399 2767 1982 2842">
     <span class='ocr_line' id='line_1_29' title="bbox 399 2767 1982 2842; baseline 0.003 -23"><span class='ocrx_word' id='word_1_207' title='bbox 399 2767 592 2831; x_wconf 80' lang='grc' dir='ltr'><strong>ξάζειν</strong></span> <span class='ocrx_word' id='word_1_208' title='bbox 625 2785 640 2835; x_wconf 90' lang='grc'><strong>;</strong></span> <span class='ocrx_word' id='word_1_209' title='bbox 670 2770 861 2842; x_wconf 82' lang='grc' dir='ltr'><strong>ὤσπερ</strong></span> <span class='ocrx_word' id='word_1_210' title='bbox 893 2773 942 2824; x_wconf 80' lang='grc' dir='ltr'><strong>εί</strong></span> <span class='ocrx_word' id='word_1_211' title='bbox 975 2772 1072 2840; x_wconf 88' lang='grc' dir='ltr'><strong>μία</strong></span> <span class='ocrx_word' id='word_1_212' title='bbox 1105 2767 1175 2842; x_wconf 82' lang='grc' dir='ltr'><strong>ἦν</strong></span> <span class='ocrx_word' id='word_1_213' title='bbox 1211 2771 1470 2842; x_wconf 84' lang='grc' dir='ltr'><strong>καθάπερ</strong></span> <span class='ocrx_word' id='word_1_214' title='bbox 1495 2773 1673 2836; x_wconf 76' lang='grc' dir='ltr'><strong>οὐσία,</strong></span> <span class='ocrx_word' id='word_1_215' title='bbox 1706 2773 1848 2826; x_wconf 71' lang='grc' dir='ltr'><strong>οὕτω</strong></span> <span class='ocrx_word' id='word_1_216' title='bbox 1888 2775 1982 2826; x_wconf 81' lang='grc' dir='ltr'><strong>καὶ</strong></span> 
     </span>
    </p>
   </div>
   <div class='ocr_carea' id='block_1_30' title="bbox 394 2861 1981 2934">
    <p class='ocr_par' dir='ltr' id='par_1_30' title="bbox 394 2861 1981 2934">
     <span class='ocr_line' id='line_1_30' title="bbox 394 2861 1981 2934; baseline 0.003 -22"><span class='ocrx_word' id='word_1_217' title='bbox 394 2861 702 2924; x_wconf 75' lang='grc' dir='ltr'><strong>ὑπόστασις</strong></span> <span class='ocrx_word' id='word_1_218' title='bbox 731 2864 820 2916; x_wconf 72' lang='grc' dir='ltr'><strong>ἐπὶ</strong></span> <span class='ocrx_word' id='word_1_219' title='bbox 847 2863 1017 2916; x_wconf 86' lang='grc' dir='ltr'><strong>Θεοῦ·</strong></span> <span class='ocrx_word' id='word_1_220' title='bbox 1041 2864 1178 2932; x_wconf 81' lang='grc' dir='ltr'><strong>πρὸς</strong></span> <span class='ocrx_word' id='word_1_221' title='bbox 1213 2865 1267 2917; x_wconf 73' lang='grc' dir='ltr'><strong>δὲ</strong></span> <span class='ocrx_word' id='word_1_222' title='bbox 1300 2869 1393 2918; x_wconf 73' lang='grc' dir='ltr'><strong>καὶ</strong></span> <span class='ocrx_word' id='word_1_223' title='bbox 1420 2863 1481 2916; x_wconf 82' lang='grc' dir='ltr'><strong>τὸ</strong></span> <span class='ocrx_word' id='word_1_224' title='bbox 1515 2865 1587 2933; x_wconf 86' lang='grc' dir='ltr'><strong>μὴ</strong></span> <span class='ocrx_word' id='word_1_225' title='bbox 1645 2866 1876 2934; x_wconf 77' lang='grc' dir='ltr'><strong>συνορᾷν</strong></span> <span class='ocrx_word' id='word_1_226' title='bbox 1905 2865 1981 2927; x_wconf 85' lang='grc' dir='ltr'><strong>ὡς</strong></span> 
     </span>
    </p>
   </div>
   <div class='ocr_carea' id='block_1_31' title="bbox 392 2954 1978 3028">
    <p class='ocr_par' dir='ltr' id='par_1_31' title="bbox 392 2954 1978 3028">
     <span class='ocr_line' id='line_1_31' title="bbox 392 2954 1978 3028; baseline 0.003 -22"><span class='ocrx_word' id='word_1_227' title='bbox 392 2954 525 3006; x_wconf 70' lang='grc' dir='ltr'><strong>ἐπεὶ</strong></span> <span class='ocrx_word' id='word_1_228' title='bbox 560 2955 774 3024; x_wconf 76' lang='grc' dir='ltr'><strong>Πατρὸς</strong></span> <span class='ocrx_word' id='word_1_229' title='bbox 800 2957 894 3009; x_wconf 78' lang='grc' dir='ltr'><strong>καὶ</strong></span> <span class='ocrx_word' id='word_1_230' title='bbox 927 2957 989 3008; x_wconf 80' lang='grc' dir='ltr'><strong>ὲκ</strong></span> <span class='ocrx_word' id='word_1_231' title='bbox 1038 2957 1250 3028; x_wconf 79' lang='grc' dir='ltr'><strong>Πατρὸς</strong></span> <span class='ocrx_word' id='word_1_232' title='bbox 1280 2957 1501 3024; x_wconf 76' lang='grc' dir='ltr'><strong>λέγεται</strong></span> <span class='ocrx_word' id='word_1_233' title='bbox 1553 2957 1612 3009; x_wconf 75' lang='grc' dir='ltr'><strong>τὸ</strong></span> <span class='ocrx_word' id='word_1_234' title='bbox 1639 2957 1887 3025; x_wconf 81' lang='grc' dir='ltr'><strong>Πνεῦμα,</strong></span> <span class='ocrx_word' id='word_1_235' title='bbox 1931 2959 1978 3010; x_wconf 89' lang='grc' dir='ltr'><strong>οί</strong></span> 
     </span>
    </p>
   </div>
   <div class='ocr_carea' id='block_1_32' title="bbox 395 3043 1983 3119">
    <p class='ocr_par' dir='ltr' id='par_1_32' title="bbox 395 3043 1983 3119">
     <span class='ocr_line' id='line_1_32' title="bbox 395 3043 1983 3119; baseline 0.003 -21"><span class='ocrx_word' id='word_1_236' title='bbox 395 3046 623 3115; x_wconf 78' lang='grc' dir='ltr'><strong>Πατέρα</strong></span> <span class='ocrx_word' id='word_1_237' title='bbox 673 3043 816 3101; x_wconf 78' lang='grc' dir='ltr'><strong>εἶναι</strong></span> <span class='ocrx_word' id='word_1_238' title='bbox 858 3049 951 3101; x_wconf 84' lang='grc' dir='ltr'><strong>τὸν</strong></span> <span class='ocrx_word' id='word_1_239' title='bbox 1000 3047 1130 3100; x_wconf 74' lang='grc' dir='ltr'><strong>Υίὸν</strong></span> <span class='ocrx_word' id='word_1_240' title='bbox 1181 3049 1619 3119; x_wconf 77' lang='grc' dir='ltr'><strong>ἀπαγορεύοντες</strong></span> <span class='ocrx_word' id='word_1_241' title='bbox 1674 3065 1983 3118; x_wconf 73' lang='grc' dir='ltr'><strong>σννατιαγο-</strong></span> 
     </span>
    </p>
   </div>
   <div class='ocr_carea' id='block_1_33' title="bbox 399 3139 1977 3213">
    <p class='ocr_par' dir='ltr' id='par_1_33' title="bbox 399 3139 1977 3213">
     <span class='ocr_line' id='line_1_33' title="bbox 399 3139 1977 3213; baseline 0.004 -21"><span class='ocrx_word' id='word_1_242' title='bbox 399 3139 625 3208; x_wconf 84' lang='grc' dir='ltr'><strong>ρεύουσι</strong></span> <span class='ocrx_word' id='word_1_243' title='bbox 646 3141 744 3194; x_wconf 77' lang='grc' dir='ltr'><strong>καὶ</strong></span> <span class='ocrx_word' id='word_1_244' title='bbox 767 3141 864 3212; x_wconf 79' lang='grc' dir='ltr'><strong>τὴν</strong></span> <span class='ocrx_word' id='word_1_245' title='bbox 889 3142 983 3195; x_wconf 84' lang='grc' dir='ltr'><strong>τοῦ</strong></span> <span class='ocrx_word' id='word_1_246' title='bbox 1016 3141 1146 3195; x_wconf 88' lang='grc' dir='ltr'><strong>Υἱοῦ</strong></span> <span class='ocrx_word' id='word_1_247' title='bbox 1171 3143 1310 3212; x_wconf 76' lang='grc' dir='ltr'><strong>πρὸς</strong></span> <span class='ocrx_word' id='word_1_248' title='bbox 1359 3143 1456 3196; x_wconf 64' lang='grc' dir='ltr'><strong>τὸν</strong></span> <span class='ocrx_word' id='word_1_249' title='bbox 1504 3144 1726 3213; x_wconf 72' lang='grc' dir='ltr'><strong>Πατέρα</strong></span> <span class='ocrx_word' id='word_1_250' title='bbox 1784 3160 1977 3198; x_wconf 79' lang='grc' dir='ltr'><strong>κοινω-</strong></span> 
     </span>
    </p>
   </div>
   <div class='ocr_carea' id='block_1_34' title="bbox 393 3231 1618 3308">
    <p class='ocr_par' dir='ltr' id='par_1_34' title="bbox 393 3231 1618 3308">
     <span class='ocr_line' id='line_1_34' title="bbox 393 3231 1618 3308; baseline -0.001 -18"><span class='ocrx_word' id='word_1_251' title='bbox 393 3231 543 3298; x_wconf 81' lang='grc' dir='ltr'><strong>νίαν,</strong></span> <span class='ocrx_word' id='word_1_252' title='bbox 583 3235 726 3289; x_wconf 82' lang='grc' dir='ltr'><strong>κατὰ</strong></span> <span class='ocrx_word' id='word_1_253' title='bbox 761 3235 862 3305; x_wconf 70' lang='grc' dir='ltr'><strong>τὴν</strong></span> <span class='ocrx_word' id='word_1_254' title='bbox 897 3236 1299 3308; x_wconf 75' lang='grc' dir='ltr'><strong>ἑκπορευτικὴν</strong></span> <span class='ocrx_word' id='word_1_255' title='bbox 1359 3235 1618 3306; x_wconf 73' lang='grc' dir='ltr'><strong>ἰδιότητα.</strong></span> 
     </span>
    </p>
   </div>
   <div class='ocr_carea' id='block_1_35' title="bbox 970 3417 1402 3480">
    <p class='ocr_par' dir='ltr' id='par_1_35' title="bbox 970 3417 1402 3480">
     <span class='ocr_line' id='line_1_35' title="bbox 970 3417 1402 3480; baseline -0.005 -8"><span class='ocrx_word' id='word_1_256' title='bbox 970 3417 1084 3472; x_wconf 86' lang='grc' dir='ltr'><strong>Τοῦ</strong></span> <span class='ocrx_word' id='word_1_257' title='bbox 1132 3418 1402 3480; x_wconf 77' lang='grc' dir='ltr'><strong>Νικαίας.</strong></span> 
     </span>
    </p>
   </div>
   <div class='ocr_carea' id='block_1_36' title="bbox 463 3509 1971 3586">
    <p class='ocr_par' dir='ltr' id='par_1_36' title="bbox 463 3509 1971 3586">
     <span class='ocr_line' id='line_1_36' title="bbox 463 3509 1971 3586; baseline -0.007 -12"><span class='ocrx_word' id='word_1_258' title='bbox 463 3518 562 3586; x_wconf 76' lang='grc' dir='ltr'><strong>Μὴ</strong></span> <span class='ocrx_word' id='word_1_259' title='bbox 590 3517 764 3580; x_wconf 77' lang='grc' dir='ltr'><strong>οὕτως</strong></span> <span class='ocrx_word' id='word_1_260' title='bbox 799 3515 1009 3568; x_wconf 76' lang='grc' dir='ltr'><strong>ἐκεῖνον</strong></span> <span class='ocrx_word' id='word_1_261' title='bbox 1039 3513 1153 3566; x_wconf 79' lang='grc' dir='ltr'><strong>οἴου</strong></span> <span class='ocrx_word' id='word_1_262' title='bbox 1183 3509 1277 3565; x_wconf 82' lang='grc' dir='ltr'><strong>τδν</strong></span> <span class='ocrx_word' id='word_1_263' title='bbox 1310 3511 1473 3580; x_wconf 72' lang='grc' dir='ltr'><strong>σοφὶν</strong></span> <span class='ocrx_word' id='word_1_264' title='bbox 1511 3511 1680 3580; x_wconf 78' lang='grc' dir='ltr'><strong>ἄνδρα</strong></span> <span class='ocrx_word' id='word_1_265' title='bbox 1736 3511 1865 3579; x_wconf 75' lang='grc' dir='ltr'><strong>περὶ</strong></span> <span class='ocrx_word' id='word_1_266' title='bbox 1904 3510 1971 3563; x_wconf 66' lang='grc' dir='ltr'><strong>τᾶ</strong></span> 
     </span>
    </p>
   </div>
   <div class='ocr_carea' id='block_1_37' title="bbox 390 3601 1973 3676">
    <p class='ocr_par' dir='ltr' id='par_1_37' title="bbox 390 3601 1973 3676">
     <span class='ocr_line' id='line_1_37' title="bbox 390 3601 1973 3676; baseline -0.008 -10"><span class='ocrx_word' id='word_1_267' title='bbox 390 3609 686 3676; x_wconf 67' lang='grc' dir='ltr'><strong>θεοὶογικὰ</strong></span> <span class='ocrx_word' id='word_1_268' title='bbox 721 3606 1066 3675; x_wconf 80' lang='grc' dir='ltr'><strong>ἀμαθαίνειν,</strong></span> <span class='ocrx_word' id='word_1_269' title='bbox 1099 3605 1173 3665; x_wconf 77' lang='grc' dir='ltr'><strong>ὡς</strong></span> <span class='ocrx_word' id='word_1_270' title='bbox 1229 3603 1295 3656; x_wconf 75' lang='grc' dir='ltr'><strong>τὰ</strong></span> <span class='ocrx_word' id='word_1_271' title='bbox 1329 3603 1422 3656; x_wconf 91' lang='grc' dir='ltr'><strong>τοῦ</strong></span> <span class='ocrx_word' id='word_1_272' title='bbox 1465 3602 1673 3670; x_wconf 78' lang='grc' dir='ltr'><strong>[ἰατρὸς</strong></span> <span class='ocrx_word' id='word_1_273' title='bbox 1733 3601 1973 3654; x_wconf 82' lang='grc' dir='ltr'><strong>ὑποστα-</strong></span> 
     </span>
    </p>
   </div>
   <div class='ocr_carea' id='block_1_38' title="bbox 387 3691 1970 3760">
    <p class='ocr_par' dir='ltr' id='par_1_38' title="bbox 387 3691 1970 3760">
     <span class='ocr_line' id='line_1_38' title="bbox 387 3691 1970 3760; baseline -0.009 -3"><span class='ocrx_word' id='word_1_274' title='bbox 387 3703 525 3756; x_wconf 86' lang='grc' dir='ltr'><strong>τικά</strong></span> <span class='ocrx_word' id='word_1_275' title='bbox 553 3699 854 3753; x_wconf 80' lang='grc' dir='ltr'><strong>διαϐαίνειν</strong></span> <span class='ocrx_word' id='word_1_276' title='bbox 880 3696 1022 3750; x_wconf 72' lang='grc' dir='ltr'><strong>κάπὶ</strong></span> <span class='ocrx_word' id='word_1_277' title='bbox 1042 3695 1139 3748; x_wconf 77' lang='grc' dir='ltr'><strong>τὸν</strong></span> <span class='ocrx_word' id='word_1_278' title='bbox 1182 3695 1312 3746; x_wconf 78' lang='grc' dir='ltr'><strong>Υίδν</strong></span> <span class='ocrx_word' id='word_1_279' title='bbox 1367 3693 1598 3745; x_wconf 85' lang='grc' dir='ltr'><strong>οἴεσθαι.</strong></span> <span class='ocrx_word' id='word_1_280' title='bbox 1634 3691 1710 3743; x_wconf 77' lang='grc' dir='ltr'><strong>Τὸ</strong></span> <span class='ocrx_word' id='word_1_281' title='bbox 1788 3693 1970 3760; x_wconf 80' lang='grc' dir='ltr'><strong>μέντοι</strong></span> 
     </span>
    </p>
   </div>
   <div class='ocr_carea' id='block_1_39' title="bbox 386 3776 1972 3858">
    <p class='ocr_par' dir='ltr' id='par_1_39' title="bbox 386 3776 1972 3858">
     <span class='ocr_line' id='line_1_39' title="bbox 386 3776 1972 3858; baseline -0.008 -12"><span class='ocrx_word' id='word_1_282' title='bbox 386 3796 450 3847; x_wconf 73' lang='grc' dir='ltr'><strong>τὸ</strong></span> <span class='ocrx_word' id='word_1_283' title='bbox 493 3791 720 3858; x_wconf 80' lang='grc' dir='ltr'><strong>Πνεῦμα</strong></span> <span class='ocrx_word' id='word_1_284' title='bbox 773 3789 834 3841; x_wconf 80' lang='grc' dir='ltr'><strong>τὸ</strong></span> <span class='ocrx_word' id='word_1_285' title='bbox 889 3788 1047 3854; x_wconf 78' lang='grc' dir='ltr'><strong>ἆγιον</strong></span> <span class='ocrx_word' id='word_1_286' title='bbox 1118 3783 1460 3855; x_wconf 81' lang='grc' dir='ltr'><strong>ὲκπορεύειν,</strong></span> <span class='ocrx_word' id='word_1_287' title='bbox 1512 3776 1676 3855; x_wconf 82' lang='grc' dir='ltr'><strong>οὑχῇ</strong></span> <span class='ocrx_word' id='word_1_288' title='bbox 1727 3783 1908 3850; x_wconf 75' lang='grc' dir='ltr'><strong>πατὴρ</strong></span> <span class='ocrx_word' id='word_1_289' title='bbox 1946 3785 1972 3834; x_wconf 82' lang='grc' dir='ltr'><strong>ὁ</strong></span> 
     </span>
    </p>
   </div>
   <div class='ocr_carea' id='block_1_40' title="bbox 387 3872 1969 3954">
    <p class='ocr_par' dir='ltr' id='par_1_40' title="bbox 387 3872 1969 3954">
     <span class='ocr_line' id='line_1_40' title="bbox 387 3872 1969 3954; baseline -0.009 -15"><span class='ocrx_word' id='word_1_290' title='bbox 387 3884 588 3954; x_wconf 77' lang='grc' dir='ltr'><strong>Πατὴρ</strong></span> <span class='ocrx_word' id='word_1_291' title='bbox 623 3882 735 3951; x_wconf 70' lang='grc' dir='ltr'><strong>ἔχει</strong></span> <span class='ocrx_word' id='word_1_292' title='bbox 762 3920 779 3946; x_wconf 95' lang='grc'><strong>,</strong></span> <span class='ocrx_word' id='word_1_293' title='bbox 817 3872 986 3953; x_wconf 77' lang='grc' dir='ltr'><strong>ᾖγάρ</strong></span> <span class='ocrx_word' id='word_1_294' title='bbox 1024 3877 1267 3937; x_wconf 87' lang='grc' dir='ltr'><strong>τοιοῦτος</strong></span> <span class='ocrx_word' id='word_1_295' title='bbox 1301 3875 1435 3946; x_wconf 78' lang='grc' dir='ltr'><strong>πρὸς</strong></span> <span class='ocrx_word' id='word_1_296' title='bbox 1465 3875 1559 3926; x_wconf 65' lang='grc' dir='ltr'><strong>τὸν</strong></span> <span class='ocrx_word' id='word_1_297' title='bbox 1602 3874 1732 3926; x_wconf 81' lang='grc' dir='ltr'><strong>Υίὸν</strong></span> <span class='ocrx_word' id='word_1_298' title='bbox 1768 3873 1969 3940; x_wconf 82' lang='grc' dir='ltr'><strong>ἀναφέ-</strong></span> 
     </span>
    </p>
   </div>
   <div class='ocr_carea' id='block_1_41' title="bbox 385 3969 1971 4051">
    <p class='ocr_par' dir='ltr' id='par_1_41' title="bbox 385 3969 1971 4051">
     <span class='ocr_line' id='line_1_41' title="bbox 385 3969 1971 4051; baseline -0.007 -18"><span class='ocrx_word' id='word_1_299' title='bbox 385 3996 576 4051; x_wconf 83' lang='grc' dir='ltr'><strong>ρεται,</strong></span> <span class='ocrx_word' id='word_1_300' title='bbox 610 3977 724 4031; x_wconf 82' lang='grc' dir='ltr'><strong>ἀλλ’</strong></span> <span class='ocrx_word' id='word_1_301' title='bbox 831 3972 1154 4044; x_wconf 80' lang='grc' dir='ltr'><strong>προϐολεύς.</strong></span> <span class='ocrx_word' id='word_1_302' title='bbox 1190 3972 1262 4023; x_wconf 75' lang='grc' dir='ltr'><strong>Τὸ</strong></span> <span class='ocrx_word' id='word_1_303' title='bbox 1291 3971 1347 4023; x_wconf 81' lang='grc' dir='ltr'><strong>δὲ</strong></span> <span class='ocrx_word' id='word_1_304' title='bbox 1379 3969 1680 4040; x_wconf 76' lang='grc' dir='ltr'><strong>προϐολεὺς</strong></span> <span class='ocrx_word' id='word_1_305' title='bbox 1732 3969 1806 4038; x_wconf 78' lang='grc' dir='ltr'><strong>μὴ</strong></span> <span class='ocrx_word' id='word_1_306' title='bbox 1839 3969 1971 4022; x_wconf 84' lang='grc' dir='ltr'><strong>ὐπο-</strong></span> 
     </span>
    </p>
   </div>
   <div class='ocr_carea' id='block_1_42' title="bbox 386 4057 1969 4135">
    <p class='ocr_par' dir='ltr' id='par_1_42' title="bbox 386 4057 1969 4135">
     <span class='ocr_line' id='line_1_42' title="bbox 386 4057 1969 4135; baseline -0.009 -9"><span class='ocrx_word' id='word_1_307' title='bbox 386 4071 653 4126; x_wconf 77' lang='grc' dir='ltr'><strong>στατικδν</strong></span> <span class='ocrx_word' id='word_1_308' title='bbox 673 4067 767 4121; x_wconf 87' lang='grc' dir='ltr'><strong>τοῦ</strong></span> <span class='ocrx_word' id='word_1_309' title='bbox 801 4066 1013 4135; x_wconf 69' lang='grc' dir='ltr'><strong>Πατρός</strong></span> <span class='ocrx_word' id='word_1_310' title='bbox 1049 4064 1220 4132; x_wconf 72' lang='grc' dir='ltr'><strong>ὄνομα</strong></span> <span class='ocrx_word' id='word_1_311' title='bbox 1263 4057 1431 4125; x_wconf 73' lang='grc' dir='ltr'><strong>εἶναι,</strong></span> <span class='ocrx_word' id='word_1_312' title='bbox 1465 4063 1562 4114; x_wconf 72' lang='grc' dir='ltr'><strong>καὶ</strong></span> <span class='ocrx_word' id='word_1_313' title='bbox 1587 4061 1674 4114; x_wconf 81' lang='grc' dir='ltr'><strong>διὰ</strong></span> <span class='ocrx_word' id='word_1_314' title='bbox 1702 4061 1860 4114; x_wconf 87' lang='grc' dir='ltr'><strong>τοῦτο</strong></span> <span class='ocrx_word' id='word_1_315' title='bbox 1895 4061 1969 4132; x_wconf 83' lang='grc' dir='ltr'><strong>μὴ</strong></span> 
     </span>
    </p>
   </div>
   <div class='ocr_carea' id='block_1_43' title="bbox 386 4153 1969 4226">
    <p class='ocr_par' dir='ltr' id='par_1_43' title="bbox 386 4153 1969 4226">
     <span class='ocr_line' id='line_1_43' title="bbox 386 4153 1969 4226; baseline -0.003 -8"><span class='ocrx_word' id='word_1_316' title='bbox 386 4167 661 4218; x_wconf 83' lang='grc' dir='ltr'><strong>ἀδύνατον</strong></span> <span class='ocrx_word' id='word_1_317' title='bbox 691 4159 832 4214; x_wconf 86' lang='grc' dir='ltr'><strong>εἶναι</strong></span> <span class='ocrx_word' id='word_1_318' title='bbox 861 4159 955 4212; x_wconf 76' lang='grc' dir='ltr'><strong>καὶ</strong></span> <span class='ocrx_word' id='word_1_319' title='bbox 985 4156 1062 4226; x_wconf 78' lang='grc' dir='ltr'><strong>τῷ</strong></span> <span class='ocrx_word' id='word_1_320' title='bbox 1112 4155 1226 4224; x_wconf 75' lang='grc' dir='ltr'><strong>Υἱῷ</strong></span> <span class='ocrx_word' id='word_1_321' title='bbox 1263 4153 1530 4207; x_wconf 78' lang='grc' dir='ltr'><strong>συνελθεῖν</strong></span> <span class='ocrx_word' id='word_1_322' title='bbox 1566 4170 1581 4185; x_wconf 82' lang='grc'><strong>⁸</strong></span> <span class='ocrx_word' id='word_1_323' title='bbox 1645 4153 1804 4222; x_wconf 76' lang='grc' dir='ltr'><strong>εἴπερ</strong></span> <span class='ocrx_word' id='word_1_324' title='bbox 1853 4154 1969 4205; x_wconf 74' lang='grc' dir='ltr'><strong>Κν·</strong></span> 
     </span>
    </p>
   </div>
   <div class='ocr_carea' id='block_1_44' title="bbox 387 4245 1964 4328">
    <p class='ocr_par' dir='ltr' id='par_1_44' title="bbox 387 4245 1964 4328">
     <span class='ocr_line' id='line_1_44' title="bbox 387 4245 1964 4328; baseline -0.006 -20"><span class='ocrx_word' id='word_1_325' title='bbox 387 4256 558 4328; x_wconf 75' lang='grc' dir='ltr'><strong>ρελλῳ</strong></span> <span class='ocrx_word' id='word_1_326' title='bbox 593 4253 844 4304; x_wconf 79' lang='grc' dir='ltr'><strong>πειστέον</strong></span> <span class='ocrx_word' id='word_1_327' title='bbox 875 4249 1082 4318; x_wconf 79' lang='grc' dir='ltr'><strong>βέλτιον</strong></span> <span class='ocrx_word' id='word_1_328' title='bbox 1116 4247 1148 4318; x_wconf 78' lang='grc' dir='ltr'>ἦ</span> <span class='ocrx_word' id='word_1_329' title='bbox 1187 4246 1310 4300; x_wconf 81' lang='grc' dir='ltr'><strong>καθ’</strong></span> <span class='ocrx_word' id='word_1_330' title='bbox 1344 4247 1492 4314; x_wconf 79' lang='grc' dir='ltr'><strong>ἡμᾶς</strong></span> <span class='ocrx_word' id='word_1_331' title='bbox 1520 4245 1964 4314; x_wconf 81' lang='grc' dir='ltr'><strong>τεθεο).ογηκότι·</strong></span> 
     </span>
    </p>
   </div>
   <div class='ocr_carea' id='block_1_45' title="bbox 389 4336 1966 4414">
    <p class='ocr_par' dir='ltr' id='par_1_45' title="bbox 389 4336 1966 4414">
     <span class='ocr_line' id='line_1_45' title="bbox 389 4336 1966 4414; baseline -0.01 -11"><span class='ocrx_word' id='word_1_332' title='bbox 389 4367 408 4403; x_wconf 78' lang='lat' dir='ltr'><strong>t</strong></span> <span class='ocrx_word' id='word_1_333' title='bbox 448 4348 638 4402; x_wconf 88' lang='grc' dir='ltr'><strong>Πάντα</strong></span> <span class='ocrx_word' id='word_1_334' title='bbox 685 4344 796 4414; x_wconf 86' lang='grc' dir='ltr'><strong>γάρ</strong></span> <span class='ocrx_word' id='word_1_335' title='bbox 827 4344 994 4404; x_wconf 69' lang='grc' dir='ltr'><strong>ἐστιν,</strong></span> <span class='ocrx_word' id='word_1_336' title='bbox 1023 4339 1213 4406; x_wconf 77' lang='grc' dir='ltr'><strong>εἰπὼν,</strong></span> <span class='ocrx_word' id='word_1_337' title='bbox 1247 4341 1274 4391; x_wconf 82' lang='grc' dir='ltr'>ὁ</span> <span class='ocrx_word' id='word_1_338' title='bbox 1309 4338 1434 4402; x_wconf 79' lang='grc' dir='ltr'><strong>Υἱὸς</strong></span> <span class='ocrx_word' id='word_1_339' title='bbox 1459 4337 1560 4391; x_wconf 78' lang='grc' dir='ltr'><strong>ὅσα</strong></span> <span class='ocrx_word' id='word_1_340' title='bbox 1586 4337 1679 4390; x_wconf 76' lang='grc' dir='ltr'><strong>καὶ</strong></span> <span class='ocrx_word' id='word_1_341' title='bbox 1709 4339 1735 4390; x_wconf 83' lang='grc'>6</span> <span class='ocrx_word' id='word_1_342' title='bbox 1760 4336 1966 4407; x_wconf 63' lang='grc' dir='ltr'><strong>Πατὴρ,</strong></span> 
     </span>
    </p>
   </div>
   <div class='ocr_carea' id='block_1_46' title="bbox 377 4423 1966 4516">
    <p class='ocr_par' dir='ltr' id='par_1_46' title="bbox 377 4423 1966 4516">
     <span class='ocr_line' id='line_1_46' title="bbox 377 4423 1966 4516; baseline -0.008 -24"><span class='ocrx_word' id='word_1_343' title='bbox 377 4443 509 4516; x_wconf 82' lang='grc' dir='ltr'><strong>δίχα</strong></span> <span class='ocrx_word' id='word_1_344' title='bbox 537 4437 704 4507; x_wconf 79' lang='grc' dir='ltr'><strong>μόνον</strong></span> <span class='ocrx_word' id='word_1_345' title='bbox 730 4435 826 4488; x_wconf 81' lang='grc' dir='ltr'><strong>τοῦ</strong></span> <span class='ocrx_word' id='word_1_346' title='bbox 860 4430 1002 4487; x_wconf 69' lang='grc' dir='ltr'><strong>εἶναι</strong></span> <span class='ocrx_word' id='word_1_347' title='bbox 1036 4432 1246 4501; x_wconf 81' lang='grc' dir='ltr'><strong>Πατήρ·</strong></span> <span class='ocrx_word' id='word_1_348' title='bbox 1281 4449 1299 4482; x_wconf 77' lang='grc' dir='ltr'><strong><em>ι</em></strong></span> <span class='ocrx_word' id='word_1_349' title='bbox 1343 4423 1465 4482; x_wconf 75' lang='grc' dir='ltr'><strong>εἶτα</strong></span> <span class='ocrx_word' id='word_1_350' title='bbox 1495 4429 1713 4497; x_wconf 77' lang='grc' dir='ltr'><strong>ἐπάγει,</strong></span> <span class='ocrx_word' id='word_1_351' title='bbox 1745 4447 1765 4481; x_wconf 73' lang='grc' dir='ltr'><strong>ε</strong></span> <span class='ocrx_word' id='word_1_352' title='bbox 1806 4429 1966 4482; x_wconf 84' lang='grc' dir='ltr'><strong>Ἰδιον</strong></span> 
     </span>
    </p>
   </div>
   <div class='ocr_carea' id='block_1_47' title="bbox 2094 577 3653 648">
    <p class='ocr_par' dir='ltr' id='par_1_47' title="bbox 2094 577 3653 648">
     <span class='ocr_line' id='line_1_47' title="bbox 2094 577 3653 648; baseline 0.003 -22"><span class='ocrx_word' id='word_1_353' title='bbox 2094 584 2224 638; x_wconf 91' lang='lat' dir='ltr'><strong>tem,</strong></span> <span class='ocrx_word' id='word_1_354' title='bbox 2253 578 2418 630; x_wconf 90' lang='lat' dir='ltr'><strong>etiam</strong></span> <span class='ocrx_word' id='word_1_355' title='bbox 2455 593 2522 632; x_wconf 78' lang='lat' dir='ltr'><strong>ex</strong></span> <span class='ocrx_word' id='word_1_356' title='bbox 2557 594 2664 632; x_wconf 93' lang='lat' dir='ltr'><strong>non</strong></span> <span class='ocrx_word' id='word_1_357' title='bbox 2694 584 2993 648; x_wconf 75' lang='lat' dir='ltr'><strong>generante</strong></span> <span class='ocrx_word' id='word_1_358' title='bbox 3026 577 3332 632; x_wconf 74' lang='lat' dir='ltr'><strong>substantia</strong></span> <span class='ocrx_word' id='word_1_359' title='bbox 3367 577 3486 631; x_wconf 82' lang='lat' dir='ltr'><strong>Filii</strong></span> <span class='ocrx_word' id='word_1_360' title='bbox 3515 593 3653 632; x_wconf 83' lang='lat' dir='ltr'><strong>ema-</strong></span> 
     </span>
    </p>
   </div>
   <div class='ocr_carea' id='block_1_48' title="bbox 2090 669 2762 738">
    <p class='ocr_par' dir='ltr' id='par_1_48' title="bbox 2090 669 2762 738">
     <span class='ocr_line' id='line_1_48' title="bbox 2090 669 2762 738; baseline 0.007 -19"><span class='ocrx_word' id='word_1_361' title='bbox 2090 681 2220 721; x_wconf 84' lang='lat' dir='ltr'><strong>nare</strong></span> <span class='ocrx_word' id='word_1_362' title='bbox 2252 678 2416 736; x_wconf 89' lang='lat' dir='ltr'><strong>atque</strong></span> <span class='ocrx_word' id='word_1_363' title='bbox 2468 669 2762 738; x_wconf 83' lang='lat' dir='ltr'><strong>proﬂuere.</strong></span> 
     </span>
    </p>
   </div>
   <div class='ocr_carea' id='block_1_49' title="bbox 2745 765 3008 820">
    <p class='ocr_par' dir='ltr' id='par_1_49' title="bbox 2745 765 3008 820">
     <span class='ocr_line' id='line_1_49' title="bbox 2745 765 3008 820; baseline -0.004 0"><span class='ocrx_word' id='word_1_364' title='bbox 2745 765 3008 820; x_wconf 69' lang='lat' dir='ltr'><strong>Palamw.</strong></span> 
     </span>
    </p>
   </div>
   <div class='ocr_carea' id='block_1_50' title="bbox 2164 853 3659 928">
    <p class='ocr_par' dir='ltr' id='par_1_50' title="bbox 2164 853 3659 928">
     <span class='ocr_line' id='line_1_50' title="bbox 2164 853 3659 928; baseline -0.003 -16"><span class='ocrx_word' id='word_1_365' title='bbox 2164 859 2377 915; x_wconf 75' lang='lat' dir='ltr'><strong>Revera</strong></span> <span class='ocrx_word' id='word_1_366' title='bbox 2410 873 2608 928; x_wconf 82' lang='lat' dir='ltr'><strong>expers</strong></span> <span class='ocrx_word' id='word_1_367' title='bbox 2641 859 2872 913; x_wconf 84' lang='lat' dir='ltr'><strong>rationis</strong></span> <span class='ocrx_word' id='word_1_368' title='bbox 2918 867 2974 912; x_wconf 93' lang='lat' dir='ltr'><strong>et</strong></span> <span class='ocrx_word' id='word_1_369' title='bbox 2997 855 3320 926; x_wconf 88' lang='lat' dir='ltr'><strong>imprudens</strong></span> <span class='ocrx_word' id='word_1_370' title='bbox 3357 864 3442 908; x_wconf 91' lang='lat' dir='ltr'><strong>est</strong></span> <span class='ocrx_word' id='word_1_371' title='bbox 3472 853 3659 922; x_wconf 29' lang='lat' dir='ltr'><strong>impie;</strong></span> 
     </span>
    </p>
   </div>
   <div class='ocr_carea' id='block_1_51' title="bbox 2093 944 3661 1017">
    <p class='ocr_par' dir='ltr' id='par_1_51' title="bbox 2093 944 3661 1017">
     <span class='ocr_line' id='line_1_51' title="bbox 2093 944 3661 1017; baseline -0.004 -12"><span class='ocrx_word' id='word_1_372' title='bbox 2093 961 2196 1006; x_wconf 88' lang='lat' dir='ltr'><strong>tas.</strong></span> <span class='ocrx_word' id='word_1_373' title='bbox 2227 950 2362 1005; x_wconf 87' lang='lat' dir='ltr'><strong>Cum</strong></span> <span class='ocrx_word' id='word_1_374' title='bbox 2399 951 2542 1004; x_wconf 83' lang='lat' dir='ltr'><strong>enim</strong></span> <span class='ocrx_word' id='word_1_375' title='bbox 2577 952 2679 1006; x_wconf 88' lang='lat' dir='ltr'><strong>iste</strong></span> <span class='ocrx_word' id='word_1_376' title='bbox 2707 949 2916 1005; x_wconf 82' lang='lat' dir='ltr'><strong>Veceus</strong></span> <span class='ocrx_word' id='word_1_377' title='bbox 2937 949 3090 1003; x_wconf 85' lang='lat' dir='ltr'><strong>audit</strong></span> <span class='ocrx_word' id='word_1_378' title='bbox 3139 947 3504 1017; x_wconf 85' lang='lat' dir='ltr'><strong>proprietates</strong></span> <span class='ocrx_word' id='word_1_379' title='bbox 3563 944 3661 998; x_wconf 87' lang='lat' dir='ltr'><strong>Pa-</strong></span> 
     </span>
    </p>
   </div>
   <div class='ocr_carea' id='block_1_52' title="bbox 2093 1035 3661 1098">
    <p class='ocr_par' dir='ltr' id='par_1_52' title="bbox 2093 1035 3661 1098">
     <span class='ocr_line' id='line_1_52' title="bbox 2093 1035 3661 1098; baseline -0.006 -2"><span class='ocrx_word' id='word_1_380' title='bbox 2093 1043 2190 1096; x_wconf 88' lang='lat' dir='ltr'><strong>tris</strong></span> <span class='ocrx_word' id='word_1_381' title='bbox 2240 1042 2562 1096; x_wconf 87' lang='lat' dir='ltr'><strong>naturaliter</strong></span> <span class='ocrx_word' id='word_1_382' title='bbox 2591 1050 2647 1095; x_wconf 90' lang='lat' dir='ltr'><strong>et</strong></span> <span class='ocrx_word' id='word_1_383' title='bbox 2677 1040 3048 1095; x_wconf 82' lang='lat' dir='ltr'><strong>essentialiter</strong></span> <span class='ocrx_word' id='word_1_384' title='bbox 3081 1038 3318 1092; x_wconf 90' lang='lat' dir='ltr'><strong>transire</strong></span> <span class='ocrx_word' id='word_1_385' title='bbox 3341 1036 3407 1090; x_wconf 89' lang='lat' dir='ltr'><strong>ad</strong></span> <span class='ocrx_word' id='word_1_386' title='bbox 3440 1035 3661 1098; x_wconf 84' lang='lat' dir='ltr'><strong>Filium,</strong></span> 
     </span>
    </p>
   </div>
   <div class='ocr_carea' id='block_1_53' title="bbox 2092 1129 3662 1199">
    <p class='ocr_par' dir='ltr' id='par_1_53' title="bbox 2092 1129 3662 1199">
     <span class='ocr_line' id='line_1_53' title="bbox 2092 1129 3662 1199; baseline -0.001 -18"><span class='ocrx_word' id='word_1_387' title='bbox 2092 1129 2455 1197; x_wconf 84' lang='lat' dir='ltr'><strong>proprietates</strong></span> <span class='ocrx_word' id='word_1_388' title='bbox 2488 1139 2730 1198; x_wconf 67' lang='lat' dir='ltr'><strong>paterna:</strong></span> <span class='ocrx_word' id='word_1_389' title='bbox 2783 1129 3165 1199; x_wconf 83' lang='lat' dir='ltr'><strong>hypostaseos,</strong></span> <span class='ocrx_word' id='word_1_390' title='bbox 3201 1141 3310 1180; x_wconf 86' lang='lat' dir='ltr'><strong>non</strong></span> <span class='ocrx_word' id='word_1_391' title='bbox 3345 1136 3527 1180; x_wconf 87' lang='lat' dir='ltr'><strong>autem</strong></span> <span class='ocrx_word' id='word_1_392' title='bbox 3562 1143 3662 1180; x_wconf 81' lang='lat' dir='ltr'><strong>na—</strong></span> 
     </span>
    </p>
   </div>
   <div class='ocr_carea' id='block_1_54' title="bbox 2092 1216 3662 1288">
    <p class='ocr_par' dir='ltr' id='par_1_54' title="bbox 2092 1216 3662 1288">
     <span class='ocr_line' id='line_1_54' title="bbox 2092 1216 3662 1288; baseline 0.001 -18"><span class='ocrx_word' id='word_1_393' title='bbox 2092 1226 2228 1272; x_wconf 64' lang='lat' dir='ltr'><strong>tura-</strong></span> <span class='ocrx_word' id='word_1_394' title='bbox 2257 1219 2535 1288; x_wconf 78' lang='lat' dir='ltr'><strong>apinatur.</strong></span> <span class='ocrx_word' id='word_1_395' title='bbox 2574 1219 2716 1288; x_wconf 78' lang='lat' dir='ltr'><strong>Ergo</strong></span> <span class='ocrx_word' id='word_1_396' title='bbox 2745 1216 3045 1272; x_wconf 92' lang='lat' dir='ltr'><strong>secundum</strong></span> <span class='ocrx_word' id='word_1_397' title='bbox 3105 1232 3257 1270; x_wconf 89' lang='lat' dir='ltr'><strong>suam</strong></span> <span class='ocrx_word' id='word_1_398' title='bbox 3291 1218 3662 1286; x_wconf 66' lang='lat' dir='ltr'><strong>prudentiam,</strong></span> 
     </span>
    </p>
   </div>
   <div class='ocr_carea' id='block_1_55' title="bbox 2094 1306 3663 1377">
    <p class='ocr_par' dir='ltr' id='par_1_55' title="bbox 2094 1306 3663 1377">
     <span class='ocr_line' id='line_1_55' title="bbox 2094 1306 3663 1377; baseline 0.001 -17"><span class='ocrx_word' id='word_1_399' title='bbox 2094 1323 2257 1377; x_wconf 90' lang='lat' dir='ltr'><strong>quam</strong></span> <span class='ocrx_word' id='word_1_400' title='bbox 2291 1308 2344 1361; x_wconf 92' lang='lat' dir='ltr'><strong>in</strong></span> <span class='ocrx_word' id='word_1_401' title='bbox 2390 1308 2711 1377; x_wconf 80' lang='lat' dir='ltr'><strong>tlreologicis</strong></span> <span class='ocrx_word' id='word_1_402' title='bbox 2743 1306 3141 1377; x_wconf 87' lang='lat' dir='ltr'><strong>scriptionibus</strong></span> <span class='ocrx_word' id='word_1_403' title='bbox 3198 1306 3530 1360; x_wconf 80' lang='lat' dir='ltr'><strong>deiferorum</strong></span> <span class='ocrx_word' id='word_1_404' title='bbox 3564 1309 3663 1362; x_wconf 81' lang='lat' dir='ltr'><strong>Pa-</strong></span> 
     </span>
    </p>
   </div>
   <div class='ocr_carea' id='block_1_56' title="bbox 2098 1396 3664 1468">
    <p class='ocr_par' dir='ltr' id='par_1_56' title="bbox 2098 1396 3664 1468">
     <span class='ocr_line' id='line_1_56' title="bbox 2098 1396 3664 1468; baseline 0.001 -18"><span class='ocrx_word' id='word_1_405' title='bbox 2098 1407 2242 1451; x_wconf 87' lang='lat' dir='ltr'><strong>trum</strong></span> <span class='ocrx_word' id='word_1_406' title='bbox 2279 1409 2427 1453; x_wconf 87' lang='lat' dir='ltr'><strong>teuet</strong></span> <span class='ocrx_word' id='word_1_407' title='bbox 2479 1414 2542 1453; x_wconf 91' lang='lat' dir='ltr'><strong>ac</strong></span> <span class='ocrx_word' id='word_1_408' title='bbox 2597 1398 2863 1468; x_wconf 88' lang='lat' dir='ltr'><strong>possidet,</strong></span> <span class='ocrx_word' id='word_1_409' title='bbox 2892 1413 3017 1452; x_wconf 90' lang='lat' dir='ltr'><strong>cum</strong></span> <span class='ocrx_word' id='word_1_410' title='bbox 3105 1397 3167 1451; x_wconf 92' lang='lat' dir='ltr'><strong>D.</strong></span> <span class='ocrx_word' id='word_1_411' title='bbox 3196 1396 3428 1468; x_wconf 84' lang='lat' dir='ltr'><strong>Cyrillus</strong></span> <span class='ocrx_word' id='word_1_412' title='bbox 3460 1399 3664 1453; x_wconf 84' lang='lat' dir='ltr'><strong>scribat</strong></span> 
     </span>
    </p>
   </div>
   <div class='ocr_carea' id='block_1_57' title="bbox 2091 1487 3661 1557">
    <p class='ocr_par' dir='ltr' id='par_1_57' title="bbox 2091 1487 3661 1557">
     <span class='ocr_line' id='line_1_57' title="bbox 2091 1487 3661 1557; baseline 0 -14"><span class='ocrx_word' id='word_1_413' title='bbox 2091 1489 2146 1543; x_wconf 89' lang='lat' dir='ltr'><strong>in</strong></span> <span class='ocrx_word' id='word_1_414' title='bbox 2177 1489 2454 1542; x_wconf 71' lang='lat' dir='ltr'><strong>Thesauri:</strong></span> <span class='ocrx_word' id='word_1_415' title='bbox 2483 1505 2500 1542; x_wconf 93' lang='lat'><strong><em>:</em></strong></span> <span class='ocrx_word' id='word_1_416' title='bbox 2535 1487 2821 1554; x_wconf 85' lang='lat' dir='ltr'><strong>Quomodo</strong></span> <span class='ocrx_word' id='word_1_417' title='bbox 2845 1488 3104 1557; x_wconf 88' lang='lat' dir='ltr'><strong>Spiiritus</strong></span> <span class='ocrx_word' id='word_1_418' title='bbox 3164 1502 3270 1541; x_wconf 93' lang='lat' dir='ltr'><strong>non</strong></span> <span class='ocrx_word' id='word_1_419' title='bbox 3327 1488 3432 1542; x_wconf 90' lang='lat' dir='ltr'><strong>crit</strong></span> <span class='ocrx_word' id='word_1_420' title='bbox 3497 1489 3661 1552; x_wconf 86' lang='lat' dir='ltr'><strong>Deus,</strong></span> 
     </span>
    </p>
   </div>
   <div class='ocr_carea' id='block_1_58' title="bbox 2091 1579 3662 1650">
    <p class='ocr_par' dir='ltr' id='par_1_58' title="bbox 2091 1579 3662 1650">
     <span class='ocr_line' id='line_1_58' title="bbox 2091 1579 3662 1650; baseline 0.001 -17"><span class='ocrx_word' id='word_1_421' title='bbox 2091 1588 2259 1634; x_wconf 85' lang='lat' dir='ltr'><strong>totam</strong></span> <span class='ocrx_word' id='word_1_422' title='bbox 2298 1580 2508 1635; x_wconf 86' lang='lat' dir='ltr'><strong>habens</strong></span> <span class='ocrx_word' id='word_1_423' title='bbox 2535 1580 2882 1635; x_wconf 85' lang='lat' dir='ltr'><strong>essentialem</strong></span> <span class='ocrx_word' id='word_1_424' title='bbox 2922 1581 3310 1650; x_wconf 86' lang='lat' dir='ltr'><strong>proprietatem</strong></span> <span class='ocrx_word' id='word_1_425' title='bbox 3362 1579 3540 1634; x_wconf 87' lang='lat' dir='ltr'><strong>Patris</strong></span> <span class='ocrx_word' id='word_1_426' title='bbox 3599 1597 3662 1636; x_wconf 88' lang='lat' dir='ltr'><strong>ac</strong></span> 
     </span>
    </p>
   </div>
   <div class='ocr_carea' id='block_1_59' title="bbox 2090 1671 3656 1742">
    <p class='ocr_par' dir='ltr' id='par_1_59' title="bbox 2090 1671 3656 1742">
     <span class='ocr_line' id='line_1_59' title="bbox 2090 1671 3656 1742; baseline -0.001 -15"><span class='ocrx_word' id='word_1_427' title='bbox 2090 1672 2254 1727; x_wconf 83' lang='lat' dir='ltr'><strong>Filii?</strong></span> <span class='ocrx_word' id='word_1_428' title='bbox 2286 1672 2680 1741; x_wconf 88' lang='lat' dir='ltr'><strong>Proprietatem</strong></span> <span class='ocrx_word' id='word_1_429' title='bbox 2709 1673 2883 1726; x_wconf 83' lang='lat' dir='ltr'><strong>Patris</strong></span> <span class='ocrx_word' id='word_1_430' title='bbox 2910 1689 2974 1727; x_wconf 92' lang='lat' dir='ltr'><strong>ac</strong></span> <span class='ocrx_word' id='word_1_431' title='bbox 3029 1671 3148 1725; x_wconf 79' lang='lat' dir='ltr'><strong>Filii</strong></span> <span class='ocrx_word' id='word_1_432' title='bbox 3207 1672 3429 1727; x_wconf 83' lang='lat' dir='ltr'><strong>habebit</strong></span> <span class='ocrx_word' id='word_1_433' title='bbox 3486 1672 3656 1742; x_wconf 88' lang='lat' dir='ltr'><strong>Spiri-</strong></span> 
     </span>
    </p>
   </div>
   <div class='ocr_carea' id='block_1_60' title="bbox 2093 1763 3659 1835">
    <p class='ocr_par' dir='ltr' id='par_1_60' title="bbox 2093 1763 3659 1835">
     <span class='ocr_line' id='line_1_60' title="bbox 2093 1763 3659 1835; baseline -0.003 -15"><span class='ocrx_word' id='word_1_434' title='bbox 2093 1773 2200 1829; x_wconf 84' lang='lat' dir='ltr'><strong>tus,</strong></span> <span class='ocrx_word' id='word_1_435' title='bbox 2233 1763 2448 1835; x_wconf 87' lang='lat' dir='ltr'><strong>eritque</strong></span> <span class='ocrx_word' id='word_1_436' title='bbox 2482 1764 2652 1819; x_wconf 80' lang='lat' dir='ltr'><strong>Filius</strong></span> <span class='ocrx_word' id='word_1_437' title='bbox 2681 1765 3004 1827; x_wconf 86' lang='lat' dir='ltr'><strong>etGenitor,</strong></span> <span class='ocrx_word' id='word_1_438' title='bbox 3037 1766 3306 1834; x_wconf 85' lang='lat' dir='ltr'><strong>Paterque</strong></span> <span class='ocrx_word' id='word_1_439' title='bbox 3360 1765 3659 1827; x_wconf 83' lang='lat' dir='ltr'><strong>luminum,</strong></span> 
     </span>
    </p>
   </div>
   <div class='ocr_carea' id='block_1_61' title="bbox 2085 1852 3659 1923">
    <p class='ocr_par' dir='ltr' id='par_1_61' title="bbox 2085 1852 3659 1923">
     <span class='ocr_line' id='line_1_61' title="bbox 2085 1852 3659 1923; baseline 0.001 -18"><span class='ocrx_word' id='word_1_440' title='bbox 2085 1852 2327 1922; x_wconf 74' lang='lat' dir='ltr'><strong>gignere,</strong></span> <span class='ocrx_word' id='word_1_441' title='bbox 2359 1861 2413 1906; x_wconf 92' lang='lat' dir='ltr'><strong>et</strong></span> <span class='ocrx_word' id='word_1_442' title='bbox 2443 1855 2748 1922; x_wconf 85' lang='lat' dir='ltr'><strong>producere</strong></span> <span class='ocrx_word' id='word_1_443' title='bbox 2793 1854 3024 1916; x_wconf 82' lang='lat' dir='ltr'><strong>habens,</strong></span> <span class='ocrx_word' id='word_1_444' title='bbox 3061 1868 3170 1922; x_wconf 89' lang='lat' dir='ltr'><strong>quo</strong></span> <span class='ocrx_word' id='word_1_445' title='bbox 3196 1854 3323 1921; x_wconf 84' lang='lat' dir='ltr'><strong>quid</strong></span> <span class='ocrx_word' id='word_1_446' title='bbox 3357 1856 3525 1923; x_wconf 71' lang='lat' dir='ltr'><strong>magis</strong></span> <span class='ocrx_word' id='word_1_447' title='bbox 3552 1855 3659 1906; x_wconf 89' lang='lat' dir='ltr'><strong>im-</strong></span> 
     </span>
    </p>
   </div>
   <div class='ocr_carea' id='block_1_62' title="bbox 2085 1943 3652 2013">
    <p class='ocr_par' dir='ltr' id='par_1_62' title="bbox 2085 1943 3652 2013">
     <span class='ocr_line' id='line_1_62' title="bbox 2085 1943 3652 2013; baseline 0 -17"><span class='ocrx_word' id='word_1_448' title='bbox 2085 1943 2236 2012; x_wconf 89' lang='lat' dir='ltr'><strong>pium</strong></span> <span class='ocrx_word' id='word_1_449' title='bbox 2271 1952 2435 2012; x_wconf 89' lang='lat' dir='ltr'><strong>atque</strong></span> <span class='ocrx_word' id='word_1_450' title='bbox 2485 1945 2779 1999; x_wconf 88' lang='lat' dir='ltr'><strong>absurdius</strong></span> <span class='ocrx_word' id='word_1_451' title='bbox 2828 1944 3010 1999; x_wconf 91' lang='lat' dir='ltr'><strong>audiri</strong></span> <span class='ocrx_word' id='word_1_452' title='bbox 3074 1944 3294 2013; x_wconf 86' lang='lat' dir='ltr'><strong>potest?</strong></span> <span class='ocrx_word' id='word_1_453' title='bbox 3325 1943 3480 2010; x_wconf 83' lang='lat' dir='ltr'><strong>Quod</strong></span> <span class='ocrx_word' id='word_1_454' title='bbox 3508 1945 3652 1998; x_wconf 84' lang='lat' dir='ltr'><strong>idem</strong></span> 
     </span>
    </p>
   </div>
   <div class='ocr_carea' id='block_1_63' title="bbox 2085 2035 3658 2105">
    <p class='ocr_par' dir='ltr' id='par_1_63' title="bbox 2085 2035 3658 2105">
     <span class='ocr_line' id='line_1_63' title="bbox 2085 2035 3658 2105; baseline -0.001 -15"><span class='ocrx_word' id='word_1_455' title='bbox 2085 2035 2200 2091; x_wconf 83' lang='lat' dir='ltr'><strong>fere</strong></span> <span class='ocrx_word' id='word_1_456' title='bbox 2225 2037 2440 2092; x_wconf 90' lang='lat' dir='ltr'><strong>accidet</strong></span> <span class='ocrx_word' id='word_1_457' title='bbox 2471 2039 2574 2105; x_wconf 85' lang='lat' dir='ltr'><strong>ipsi</strong></span> <span class='ocrx_word' id='word_1_458' title='bbox 2597 2037 2783 2102; x_wconf 86' lang='lat' dir='ltr'><strong>etiam,</strong></span> <span class='ocrx_word' id='word_1_459' title='bbox 2822 2052 2946 2091; x_wconf 91' lang='lat' dir='ltr'><strong>cum</strong></span> <span class='ocrx_word' id='word_1_460' title='bbox 3001 2036 3240 2091; x_wconf 87' lang='lat' dir='ltr'><strong>audierit</strong></span> <span class='ocrx_word' id='word_1_461' title='bbox 3274 2052 3490 2090; x_wconf 76' lang='lat' dir='ltr'><strong>sarrum</strong></span> <span class='ocrx_word' id='word_1_462' title='bbox 3553 2037 3658 2088; x_wconf 84' lang='lat' dir='ltr'><strong>Da-</strong></span> 
     </span>
    </p>
   </div>
   <div class='ocr_carea' id='block_1_64' title="bbox 2087 2127 3654 2197">
    <p class='ocr_par' dir='ltr' id='par_1_64' title="bbox 2087 2127 3654 2197">
     <span class='ocr_line' id='line_1_64' title="bbox 2087 2127 3654 2197; baseline -0.001 -17"><span class='ocrx_word' id='word_1_463' title='bbox 2087 2143 2429 2191; x_wconf 88' lang='lat' dir='ltr'><strong>mascenum,</strong></span> <span class='ocrx_word' id='word_1_464' title='bbox 2468 2127 2828 2182; x_wconf 80' lang='lat' dir='ltr'><strong>atiirmantcm</strong></span> <span class='ocrx_word' id='word_1_465' title='bbox 2873 2129 2924 2182; x_wconf 90' lang='lat' dir='ltr'><strong>in</strong></span> <span class='ocrx_word' id='word_1_466' title='bbox 2952 2137 3149 2182; x_wconf 76' lang='lat' dir='ltr'><strong>octavo</strong></span> <span class='ocrx_word' id='word_1_467' title='bbox 3205 2127 3654 2197; x_wconf 81' lang='lat' dir='ltr'><strong>Dogmalicorum,</strong></span> 
     </span>
    </p>
   </div>
   <div class='ocr_carea' id='block_1_65' title="bbox 2083 2218 3654 2287">
    <p class='ocr_par' dir='ltr' id='par_1_65' title="bbox 2083 2218 3654 2287">
     <span class='ocr_line' id='line_1_65' title="bbox 2083 2218 3654 2287; baseline -0.003 -13"><span class='ocrx_word' id='word_1_468' title='bbox 2083 2220 2278 2275; x_wconf 90' lang='lat' dir='ltr'><strong>Omnia</strong></span> <span class='ocrx_word' id='word_1_469' title='bbox 2334 2234 2674 2287; x_wconf 68' lang='lat' dir='ltr'><strong>quaecunque</strong></span> <span class='ocrx_word' id='word_1_470' title='bbox 2706 2220 2872 2273; x_wconf 75' lang='lat' dir='ltr'><strong>liabet</strong></span> <span class='ocrx_word' id='word_1_471' title='bbox 2911 2219 3093 2282; x_wconf 87' lang='lat' dir='ltr'><strong>Pater,</strong></span> <span class='ocrx_word' id='word_1_472' title='bbox 3126 2219 3329 2272; x_wconf 86' lang='lat' dir='ltr'><strong>habere</strong></span> <span class='ocrx_word' id='word_1_473' title='bbox 3391 2227 3446 2272; x_wconf 91' lang='lat' dir='ltr'><strong>et</strong></span> <span class='ocrx_word' id='word_1_474' title='bbox 3478 2218 3654 2286; x_wconf 81' lang='lat' dir='ltr'><strong>Spiri-</strong></span> 
     </span>
    </p>
   </div>
   <div class='ocr_carea' id='block_1_66' title="bbox 2085 2310 3653 2380">
    <p class='ocr_par' dir='ltr' id='par_1_66' title="bbox 2085 2310 3653 2380">
     <span class='ocr_line' id='line_1_66' title="bbox 2085 2310 3653 2380; baseline -0.004 -12"><span class='ocrx_word' id='word_1_475' title='bbox 2085 2323 2222 2378; x_wconf 85' lang='lat' dir='ltr'><strong>tum,</strong></span> <span class='ocrx_word' id='word_1_476' title='bbox 2252 2323 2477 2380; x_wconf 74' lang='lat' dir='ltr'><strong>excepta</strong></span> <span class='ocrx_word' id='word_1_477' title='bbox 2508 2313 2717 2366; x_wconf 84' lang='lat' dir='ltr'><strong>ratione</strong></span> <span class='ocrx_word' id='word_1_478' title='bbox 2757 2310 3024 2379; x_wconf 81' lang='lat' dir='ltr'><strong>ingeniti;</strong></span> <span class='ocrx_word' id='word_1_479' title='bbox 3066 2320 3122 2364; x_wconf 91' lang='lat' dir='ltr'><strong>et</strong></span> <span class='ocrx_word' id='word_1_480' title='bbox 3168 2310 3494 2379; x_wconf 73' lang='lat' dir='ltr'><strong>Gregorium</strong></span> <span class='ocrx_word' id='word_1_481' title='bbox 3557 2325 3653 2363; x_wconf 86' lang='lat' dir='ltr'><strong>co-</strong></span> 
     </span>
    </p>
   </div>
   <div class='ocr_carea' id='block_1_67' title="bbox 2079 2401 3653 2475">
    <p class='ocr_par' dir='ltr' id='par_1_67' title="bbox 2079 2401 3653 2475">
     <span class='ocr_line' id='line_1_67' title="bbox 2079 2401 3653 2475; baseline -0.004 -18"><span class='ocrx_word' id='word_1_482' title='bbox 2079 2415 2375 2475; x_wconf 71' lang='lat' dir='ltr'><strong>gnomento</strong></span> <span class='ocrx_word' id='word_1_483' title='bbox 2414 2403 2774 2471; x_wconf 82' lang='lat' dir='ltr'><strong>&#39;l‘ltcologum,</strong></span> <span class='ocrx_word' id='word_1_484' title='bbox 2832 2403 3160 2455; x_wconf 67' lang='lat' dir='ltr'><strong>scril&#39;eutem</strong></span> <span class='ocrx_word' id='word_1_485' title='bbox 3203 2401 3258 2454; x_wconf 91' lang='lat' dir='ltr'><strong>in</strong></span> <span class='ocrx_word' id='word_1_486' title='bbox 3289 2401 3536 2454; x_wconf 86' lang='lat' dir='ltr'><strong>oratione</strong></span> <span class='ocrx_word' id='word_1_487' title='bbox 3588 2401 3653 2452; x_wconf 87' lang='lat' dir='ltr'><strong>ad</strong></span> 
     </span>
    </p>
   </div>
   <div class='ocr_carea' id='block_1_68' title="bbox 2081 2491 3655 2565">
    <p class='ocr_par' dir='ltr' id='par_1_68' title="bbox 2081 2491 3655 2565">
     <span class='ocr_line' id='line_1_68' title="bbox 2081 2491 3655 2565; baseline -0.004 -14"><span class='ocrx_word' id='word_1_488' title='bbox 2081 2512 2177 2551; x_wconf 93' lang='lat' dir='ltr'><strong>eos</strong></span> <span class='ocrx_word' id='word_1_489' title='bbox 2210 2497 2300 2565; x_wconf 90' lang='lat' dir='ltr'><strong>qui</strong></span> <span class='ocrx_word' id='word_1_490' title='bbox 2349 2496 2418 2549; x_wconf 89' lang='lat' dir='ltr'><strong>ab</strong></span> <span class='ocrx_word' id='word_1_491' title='bbox 2453 2493 2685 2565; x_wconf 59' lang='lat' dir='ltr'><strong>[Egypto</strong></span> <span class='ocrx_word' id='word_1_492' title='bbox 2753 2493 3094 2563; x_wconf 79' lang='lat' dir='ltr'><strong>navigarant,</strong></span> <span class='ocrx_word' id='word_1_493' title='bbox 3147 2491 3343 2546; x_wconf 85' lang='lat' dir='ltr'><strong>Omnia</strong></span> <span class='ocrx_word' id='word_1_494' title='bbox 3376 2508 3495 2560; x_wconf 71' lang='lat' dir='ltr'><strong>quzr</strong></span> <span class='ocrx_word' id='word_1_495' title='bbox 3528 2501 3655 2545; x_wconf 89' lang='lat' dir='ltr'><strong>sunt</strong></span> 
     </span>
    </p>
   </div>
   <div class='ocr_carea' id='block_1_69' title="bbox 2080 2583 3654 2654">
    <p class='ocr_par' dir='ltr' id='par_1_69' title="bbox 2080 2583 3654 2654">
     <span class='ocr_line' id='line_1_69' title="bbox 2080 2583 3654 2654; baseline -0.004 -13"><span class='ocrx_word' id='word_1_496' title='bbox 2080 2588 2375 2650; x_wconf 80' lang='lat' dir='ltr'><strong>Filii,esse</strong></span> <span class='ocrx_word' id='word_1_497' title='bbox 2399 2601 2618 2654; x_wconf 87' lang='lat' dir='ltr'><strong>quoque</strong></span> <span class='ocrx_word' id='word_1_498' title='bbox 2670 2583 2912 2654; x_wconf 89' lang='lat' dir='ltr'><strong>Spiritus</strong></span> <span class='ocrx_word' id='word_1_499' title='bbox 2969 2583 3166 2644; x_wconf 86' lang='lat' dir='ltr'><strong>sancti,</strong></span> <span class='ocrx_word' id='word_1_500' title='bbox 3207 2594 3457 2651; x_wconf 81' lang='lat' dir='ltr'><strong>exet-pta</strong></span> <span class='ocrx_word' id='word_1_501' title='bbox 3515 2584 3654 2636; x_wconf 79' lang='lat' dir='ltr'><strong>lilia-</strong></span> 
     </span>
    </p>
   </div>
   <div class='ocr_carea' id='block_1_70' title="bbox 2082 2673 3654 2746">
    <p class='ocr_par' dir='ltr' id='par_1_70' title="bbox 2082 2673 3654 2746">
     <span class='ocr_line' id='line_1_70' title="bbox 2082 2673 3654 2746; baseline -0.004 -14"><span class='ocrx_word' id='word_1_502' title='bbox 2082 2681 2252 2733; x_wconf 88' lang='lat' dir='ltr'><strong>tione.</strong></span> <span class='ocrx_word' id='word_1_503' title='bbox 2292 2678 2502 2732; x_wconf 82' lang='lat' dir='ltr'><strong>Rursus</strong></span> <span class='ocrx_word' id='word_1_504' title='bbox 2524 2693 2678 2741; x_wconf 85' lang='lat' dir='ltr'><strong>vero,</strong></span> <span class='ocrx_word' id='word_1_505' title='bbox 2706 2684 2926 2746; x_wconf 66' lang='lat' dir='ltr'><strong>quantae</strong></span> <span class='ocrx_word' id='word_1_506' title='bbox 2975 2685 3059 2728; x_wconf 89' lang='lat' dir='ltr'><strong>est</strong></span> <span class='ocrx_word' id='word_1_507' title='bbox 3093 2673 3366 2738; x_wconf 64' lang='lat' dir='ltr'><strong>stultitiae,</strong></span> <span class='ocrx_word' id='word_1_508' title='bbox 3399 2688 3465 2726; x_wconf 76' lang='lat' dir='ltr'><strong>ex</strong></span> <span class='ocrx_word' id='word_1_509' title='bbox 3520 2674 3654 2728; x_wconf 83' lang='lat' dir='ltr'><strong>sub-</strong></span> 
     </span>
    </p>
   </div>
   <div class='ocr_carea' id='block_1_71' title="bbox 2081 2765 3653 2836">
    <p class='ocr_par' dir='ltr' id='par_1_71' title="bbox 2081 2765 3653 2836">
     <span class='ocr_line' id='line_1_71' title="bbox 2081 2765 3653 2836; baseline -0.006 -9"><span class='ocrx_word' id='word_1_510' title='bbox 2081 2769 2276 2827; x_wconf 76' lang='lat' dir='ltr'><strong>Stantia</strong></span> <span class='ocrx_word' id='word_1_511' title='bbox 2311 2769 2524 2833; x_wconf 89' lang='lat' dir='ltr'><strong>audire,</strong></span> <span class='ocrx_word' id='word_1_512' title='bbox 2552 2778 2608 2823; x_wconf 90' lang='lat' dir='ltr'><strong>et</strong></span> <span class='ocrx_word' id='word_1_513' title='bbox 2634 2784 2701 2822; x_wconf 79' lang='lat' dir='ltr'><strong>ex</strong></span> <span class='ocrx_word' id='word_1_514' title='bbox 2735 2767 2859 2821; x_wconf 81' lang='lat' dir='ltr'><strong>Filii</strong></span> <span class='ocrx_word' id='word_1_515' title='bbox 2905 2781 3142 2836; x_wconf 81' lang='lat' dir='ltr'><strong>persona</strong></span> <span class='ocrx_word' id='word_1_516' title='bbox 3203 2765 3412 2833; x_wconf 84' lang='lat' dir='ltr'><strong>epinari</strong></span> <span class='ocrx_word' id='word_1_517' title='bbox 3442 2766 3464 2818; x_wconf 86' lang='lat'><strong>?</strong></span> <span class='ocrx_word' id='word_1_518' title='bbox 3499 2766 3653 2833; x_wconf 88' lang='lat' dir='ltr'><strong>quasi</strong></span> 
     </span>
    </p>
   </div>
   <div class='ocr_carea' id='block_1_72' title="bbox 2079 2854 3654 2926">
    <p class='ocr_par' dir='ltr' id='par_1_72' title="bbox 2079 2854 3654 2926">
     <span class='ocr_line' id='line_1_72' title="bbox 2079 2854 3654 2926; baseline -0.005 -12"><span class='ocrx_word' id='word_1_519' title='bbox 2079 2875 2214 2916; x_wconf 66' lang='lat' dir='ltr'><strong>vero</strong></span> <span class='ocrx_word' id='word_1_520' title='bbox 2254 2877 2360 2914; x_wconf 92' lang='lat' dir='ltr'><strong>una</strong></span> <span class='ocrx_word' id='word_1_521' title='bbox 2390 2860 2459 2914; x_wconf 90' lang='lat' dir='ltr'><strong>sit</strong></span> <span class='ocrx_word' id='word_1_522' title='bbox 2494 2860 2546 2912; x_wconf 91' lang='lat' dir='ltr'><strong>in</strong></span> <span class='ocrx_word' id='word_1_523' title='bbox 2586 2858 2692 2913; x_wconf 86' lang='lat' dir='ltr'><strong>Deo</strong></span> <span class='ocrx_word' id='word_1_524' title='bbox 2747 2868 3004 2926; x_wconf 86' lang='lat' dir='ltr'><strong>tanquam</strong></span> <span class='ocrx_word' id='word_1_525' title='bbox 3044 2855 3311 2917; x_wconf 80' lang='lat' dir='ltr'><strong>essentia,</strong></span> <span class='ocrx_word' id='word_1_526' title='bbox 3347 2854 3419 2909; x_wconf 90' lang='lat' dir='ltr'><strong>ita</strong></span> <span class='ocrx_word' id='word_1_527' title='bbox 3448 2865 3505 2909; x_wconf 91' lang='lat' dir='ltr'><strong>et</strong></span> <span class='ocrx_word' id='word_1_528' title='bbox 3558 2855 3654 2924; x_wconf 81' lang='lat' dir='ltr'><strong>hy-</strong></span> 
     </span>
    </p>
   </div>
   <div class='ocr_carea' id='block_1_73' title="bbox 2079 2946 3652 3020">
    <p class='ocr_par' dir='ltr' id='par_1_73' title="bbox 2079 2946 3652 3020">
     <span class='ocr_line' id='line_1_73' title="bbox 2079 2946 3652 3020; baseline -0.004 -15"><span class='ocrx_word' id='word_1_529' title='bbox 2079 2951 2334 3020; x_wconf 84' lang='lat' dir='ltr'><strong>postasis.</strong></span> <span class='ocrx_word' id='word_1_530' title='bbox 2360 2951 2728 3018; x_wconf 74' lang='lat' dir='ltr'><strong>Praeterquam</strong></span> <span class='ocrx_word' id='word_1_531' title='bbox 2746 2946 2891 3017; x_wconf 86' lang='lat' dir='ltr'><strong>quod</strong></span> <span class='ocrx_word' id='word_1_532' title='bbox 2909 2948 3075 3000; x_wconf 91' lang='lat' dir='ltr'><strong>etiam</strong></span> <span class='ocrx_word' id='word_1_533' title='bbox 3101 2961 3209 3000; x_wconf 94' lang='lat' dir='ltr'><strong>non</strong></span> <span class='ocrx_word' id='word_1_534' title='bbox 3229 2946 3652 3009; x_wconf 73' lang='lat' dir='ltr'><strong>animadvertat,</strong></span> 
     </span>
    </p>
   </div>
   <div class='ocr_carea' id='block_1_74' title="bbox 2079 3037 3652 3113">
    <p class='ocr_par' dir='ltr' id='par_1_74' title="bbox 2079 3037 3652 3113">
     <span class='ocr_line' id='line_1_74' title="bbox 2079 3037 3652 3113; baseline -0.001 -17"><span class='ocrx_word' id='word_1_535' title='bbox 2079 3042 2224 3113; x_wconf 88' lang='lat' dir='ltr'><strong>quod</strong></span> <span class='ocrx_word' id='word_1_536' title='bbox 2259 3057 2383 3096; x_wconf 91' lang='lat' dir='ltr'><strong>cum</strong></span> <span class='ocrx_word' id='word_1_537' title='bbox 2425 3040 2664 3112; x_wconf 80' lang='lat' dir='ltr'><strong>Spiritus</strong></span> <span class='ocrx_word' id='word_1_538' title='bbox 2692 3039 2871 3095; x_wconf 85' lang='lat' dir='ltr'><strong>Patris</strong></span> <span class='ocrx_word' id='word_1_539' title='bbox 2903 3054 3048 3101; x_wconf 83' lang='lat' dir='ltr'><strong>esse.</strong></span> <span class='ocrx_word' id='word_1_540' title='bbox 3081 3048 3138 3094; x_wconf 89' lang='lat' dir='ltr'><strong>et</strong></span> <span class='ocrx_word' id='word_1_541' title='bbox 3193 3055 3258 3096; x_wconf 81' lang='lat' dir='ltr'><strong>ex</strong></span> <span class='ocrx_word' id='word_1_542' title='bbox 3296 3039 3458 3094; x_wconf 83' lang='lat' dir='ltr'><strong>Patre</strong></span> <span class='ocrx_word' id='word_1_543' title='bbox 3505 3037 3652 3094; x_wconf 88' lang='lat' dir='ltr'><strong>dica-</strong></span> 
     </span>
    </p>
   </div>
   <div class='ocr_carea' id='block_1_75' title="bbox 2082 3130 3651 3203">
    <p class='ocr_par' dir='ltr' id='par_1_75' title="bbox 2082 3130 3651 3203">
     <span class='ocr_line' id='line_1_75' title="bbox 2082 3130 3651 3203; baseline -0.004 -15"><span class='ocrx_word' id='word_1_544' title='bbox 2082 3143 2193 3198; x_wconf 91' lang='lat' dir='ltr'><strong>tur,</strong></span> <span class='ocrx_word' id='word_1_545' title='bbox 2228 3134 2321 3202; x_wconf 91' lang='lat' dir='ltr'><strong>qui</strong></span> <span class='ocrx_word' id='word_1_546' title='bbox 2371 3142 2574 3203; x_wconf 77' lang='lat' dir='ltr'><strong>negant</strong></span> <span class='ocrx_word' id='word_1_547' title='bbox 2606 3131 2804 3188; x_wconf 83' lang='lat' dir='ltr'><strong>Filium</strong></span> <span class='ocrx_word' id='word_1_548' title='bbox 2834 3147 2960 3186; x_wconf 85' lang='lat' dir='ltr'><strong>esse</strong></span> <span class='ocrx_word' id='word_1_549' title='bbox 3009 3132 3250 3196; x_wconf 87' lang='lat' dir='ltr'><strong>Patrem,</strong></span> <span class='ocrx_word' id='word_1_550' title='bbox 3294 3130 3456 3185; x_wconf 83' lang='lat' dir='ltr'><strong>simul</strong></span> <span class='ocrx_word' id='word_1_551' title='bbox 3487 3131 3651 3184; x_wconf 89' lang='lat' dir='ltr'><strong>etiam</strong></span> 
     </span>
    </p>
   </div>
   <div class='ocr_carea' id='block_1_76' title="bbox 2082 3219 3650 3296">
    <p class='ocr_par' dir='ltr' id='par_1_76' title="bbox 2082 3219 3650 3296">
     <span class='ocr_line' id='line_1_76' title="bbox 2082 3219 3650 3296; baseline -0.005 -16"><span class='ocrx_word' id='word_1_552' title='bbox 2082 3235 2282 3296; x_wconf 80' lang='lat' dir='ltr'><strong>negant</strong></span> <span class='ocrx_word' id='word_1_553' title='bbox 2314 3238 2665 3279; x_wconf 85' lang='lat' dir='ltr'><strong>communem</strong></span> <span class='ocrx_word' id='word_1_554' title='bbox 2697 3237 2820 3279; x_wconf 83' lang='lat' dir='ltr'><strong>esse</strong></span> <span class='ocrx_word' id='word_1_555' title='bbox 2847 3221 2986 3278; x_wconf 83' lang='lat' dir='ltr'><strong>Filio</strong></span> <span class='ocrx_word' id='word_1_556' title='bbox 3010 3237 3134 3278; x_wconf 88' lang='lat' dir='ltr'><strong>cum</strong></span> <span class='ocrx_word' id='word_1_557' title='bbox 3163 3223 3319 3276; x_wconf 86' lang='lat' dir='ltr'><strong>Patre</strong></span> <span class='ocrx_word' id='word_1_558' title='bbox 3349 3219 3650 3292; x_wconf 85' lang='lat' dir='ltr'><strong>proprieta-</strong></span> 
     </span>
    </p>
   </div>
   <div class='ocr_carea' id='block_1_77' title="bbox 2079 3315 2636 3387">
    <p class='ocr_par' dir='ltr' id='par_1_77' title="bbox 2079 3315 2636 3387">
     <span class='ocr_line' id='line_1_77' title="bbox 2079 3315 2636 3387; baseline -0.002 -16"><span class='ocrx_word' id='word_1_559' title='bbox 2079 3326 2184 3373; x_wconf 86' lang='lat' dir='ltr'><strong>tem</strong></span> <span class='ocrx_word' id='word_1_560' title='bbox 2233 3315 2636 3387; x_wconf 86' lang='lat' dir='ltr'><strong>productivam.</strong></span> 
     </span>
    </p>
   </div>
   <div class='ocr_carea' id='block_1_78' title="bbox 2743 3407 2969 3461">
    <p class='ocr_par' dir='ltr' id='par_1_78' title="bbox 2743 3407 2969 3461">
     <span class='ocr_line' id='line_1_78' title="bbox 2743 3407 2969 3461; baseline 0.009 -3"><span class='ocrx_word' id='word_1_561' title='bbox 2743 3407 2969 3461; x_wconf 71' lang='lat' dir='ltr'><strong>A’icwni.</strong></span> 
     </span>
    </p>
   </div>
   <div class='ocr_carea' id='block_1_79' title="bbox 2145 3497 3650 3569">
    <p class='ocr_par' dir='ltr' id='par_1_79' title="bbox 2145 3497 3650 3569">
     <span class='ocr_line' id='line_1_79' title="bbox 2145 3497 3650 3569; baseline 0 -16"><span class='ocrx_word' id='word_1_562' title='bbox 2145 3499 2223 3553; x_wconf 84' lang='lat' dir='ltr'><strong>Ne</strong></span> <span class='ocrx_word' id='word_1_563' title='bbox 2255 3507 2416 3568; x_wconf 89' lang='lat' dir='ltr'><strong>putes</strong></span> <span class='ocrx_word' id='word_1_564' title='bbox 2443 3499 2596 3553; x_wconf 93' lang='lat' dir='ltr'><strong>illum</strong></span> <span class='ocrx_word' id='word_1_565' title='bbox 2623 3499 2804 3554; x_wconf 80' lang='lat' dir='ltr'><strong>virum</strong></span> <span class='ocrx_word' id='word_1_566' title='bbox 2827 3500 3072 3562; x_wconf 83' lang='lat' dir='ltr'><strong>doctum,</strong></span> <span class='ocrx_word' id='word_1_567' title='bbox 3103 3513 3288 3554; x_wconf 88' lang='lat' dir='ltr'><strong>rerum</strong></span> <span class='ocrx_word' id='word_1_568' title='bbox 3321 3497 3650 3569; x_wconf 77' lang='lat' dir='ltr'><strong>theologica-</strong></span> 
     </span>
    </p>
   </div>
   <div class='ocr_carea' id='block_1_80' title="bbox 2075 3589 3651 3660">
    <p class='ocr_par' dir='ltr' id='par_1_80' title="bbox 2075 3589 3651 3660">
     <span class='ocr_line' id='line_1_80' title="bbox 2075 3589 3651 3660; baseline -0.001 -16"><span class='ocrx_word' id='word_1_569' title='bbox 2075 3606 2194 3644; x_wconf 92' lang='lat' dir='ltr'><strong>rum</strong></span> <span class='ocrx_word' id='word_1_570' title='bbox 2215 3591 2294 3645; x_wconf 92' lang='lat' dir='ltr'><strong>sic</strong></span> <span class='ocrx_word' id='word_1_571' title='bbox 2311 3591 2500 3645; x_wconf 87' lang='lat' dir='ltr'><strong>rudem</strong></span> <span class='ocrx_word' id='word_1_572' title='bbox 2521 3599 2577 3644; x_wconf 93' lang='lat' dir='ltr'><strong>et</strong></span> <span class='ocrx_word' id='word_1_573' title='bbox 2600 3591 2914 3660; x_wconf 89' lang='lat' dir='ltr'><strong>imperitum</strong></span> <span class='ocrx_word' id='word_1_574' title='bbox 2935 3605 3073 3652; x_wconf 89' lang='lat' dir='ltr'><strong>esse,</strong></span> <span class='ocrx_word' id='word_1_575' title='bbox 3095 3599 3154 3644; x_wconf 88' lang='lat' dir='ltr'><strong>ut</strong></span> <span class='ocrx_word' id='word_1_576' title='bbox 3173 3591 3534 3659; x_wconf 80' lang='lat' dir='ltr'><strong>proprietates</strong></span> <span class='ocrx_word' id='word_1_577' title='bbox 3551 3589 3651 3659; x_wconf 81' lang='lat' dir='ltr'><strong>by-</strong></span> 
     </span>
    </p>
   </div>
   <div class='ocr_carea' id='block_1_81' title="bbox 2074 3679 3644 3752">
    <p class='ocr_par' dir='ltr' id='par_1_81' title="bbox 2074 3679 3644 3752">
     <span class='ocr_line' id='line_1_81' title="bbox 2074 3679 3644 3752; baseline -0.001 -18"><span class='ocrx_word' id='word_1_578' title='bbox 2074 3681 2370 3752; x_wconf 86' lang='lat' dir='ltr'><strong>postaticas</strong></span> <span class='ocrx_word' id='word_1_579' title='bbox 2395 3681 2592 3747; x_wconf 87' lang='lat' dir='ltr'><strong>Patris,</strong></span> <span class='ocrx_word' id='word_1_580' title='bbox 2615 3683 2781 3737; x_wconf 89' lang='lat' dir='ltr'><strong>etiam</strong></span> <span class='ocrx_word' id='word_1_581' title='bbox 2803 3683 3036 3736; x_wconf 88' lang='lat' dir='ltr'><strong>transire</strong></span> <span class='ocrx_word' id='word_1_582' title='bbox 3057 3681 3123 3734; x_wconf 88' lang='lat' dir='ltr'><strong>ad</strong></span> <span class='ocrx_word' id='word_1_583' title='bbox 3149 3679 3343 3734; x_wconf 77' lang='lat' dir='ltr'><strong>Filium</strong></span> <span class='ocrx_word' id='word_1_584' title='bbox 3369 3680 3644 3749; x_wconf 88' lang='lat' dir='ltr'><strong>opinetur.</strong></span> 
     </span>
    </p>
   </div>
   <div class='ocr_carea' id='block_1_82' title="bbox 2072 3769 3644 3842">
    <p class='ocr_par' dir='ltr' id='par_1_82' title="bbox 2072 3769 3644 3842">
     <span class='ocr_line' id='line_1_82' title="bbox 2072 3769 3644 3842; baseline -0.003 -17"><span class='ocrx_word' id='word_1_585' title='bbox 2072 3775 2324 3826; x_wconf 80' lang='lat' dir='ltr'><strong>Attamen</strong></span> <span class='ocrx_word' id='word_1_586' title='bbox 2358 3773 2665 3841; x_wconf 90' lang='lat' dir='ltr'><strong>producere</strong></span> <span class='ocrx_word' id='word_1_587' title='bbox 2690 3773 2954 3842; x_wconf 89' lang='lat' dir='ltr'><strong>Spiritum</strong></span> <span class='ocrx_word' id='word_1_588' title='bbox 2987 3781 3233 3826; x_wconf 89' lang='lat' dir='ltr'><strong>sanctum</strong></span> <span class='ocrx_word' id='word_1_589' title='bbox 3257 3771 3416 3824; x_wconf 88' lang='lat' dir='ltr'><strong>Pater</strong></span> <span class='ocrx_word' id='word_1_590' title='bbox 3460 3769 3644 3827; x_wconf 88' lang='lat' dir='ltr'><strong>habet,</strong></span> 
     </span>
    </p>
   </div>
   <div class='ocr_carea' id='block_1_83' title="bbox 2071 3860 3643 3931">
    <p class='ocr_par' dir='ltr' id='par_1_83' title="bbox 2071 3860 3643 3931">
     <span class='ocr_line' id='line_1_83' title="bbox 2071 3860 3643 3931; baseline -0.003 -15"><span class='ocrx_word' id='word_1_591' title='bbox 2071 3877 2179 3916; x_wconf 89' lang='lat' dir='ltr'><strong>non</strong></span> <span class='ocrx_word' id='word_1_592' title='bbox 2201 3872 2475 3930; x_wconf 85' lang='lat' dir='ltr'><strong>quatenus</strong></span> <span class='ocrx_word' id='word_1_593' title='bbox 2504 3862 2664 3916; x_wconf 87' lang='lat' dir='ltr'><strong>Pater</strong></span> <span class='ocrx_word' id='word_1_594' title='bbox 2686 3873 2790 3927; x_wconf 87' lang='lat' dir='ltr'><strong>est,</strong></span> <span class='ocrx_word' id='word_1_595' title='bbox 2817 3879 2921 3931; x_wconf 90' lang='lat' dir='ltr'><strong>qua</strong></span> <span class='ocrx_word' id='word_1_596' title='bbox 2954 3862 3100 3916; x_wconf 87' lang='lat' dir='ltr'><strong>enim</strong></span> <span class='ocrx_word' id='word_1_597' title='bbox 3130 3862 3274 3923; x_wconf 89' lang='lat' dir='ltr'><strong>talis,</strong></span> <span class='ocrx_word' id='word_1_598' title='bbox 3309 3860 3548 3914; x_wconf 81' lang='lat' dir='ltr'><strong>refertur</strong></span> <span class='ocrx_word' id='word_1_599' title='bbox 3579 3861 3643 3912; x_wconf 84' lang='lat' dir='ltr'><strong>ad</strong></span> 
     </span>
    </p>
   </div>
   <div class='ocr_carea' id='block_1_84' title="bbox 2075 3951 3645 4023">
    <p class='ocr_par' dir='ltr' id='par_1_84' title="bbox 2075 3951 3645 4023">
     <span class='ocr_line' id='line_1_84' title="bbox 2075 3951 3645 4023; baseline -0.003 -17"><span class='ocrx_word' id='word_1_600' title='bbox 2075 3953 2294 4017; x_wconf 87' lang='lat' dir='ltr'><strong>Filium,</strong></span> <span class='ocrx_word' id='word_1_601' title='bbox 2332 3954 2427 4007; x_wconf 85' lang='lat' dir='ltr'><strong>sed</strong></span> <span class='ocrx_word' id='word_1_602' title='bbox 2477 3969 2582 4023; x_wconf 91' lang='lat' dir='ltr'><strong>qua</strong></span> <span class='ocrx_word' id='word_1_603' title='bbox 2639 3954 2955 4022; x_wconf 88' lang='lat' dir='ltr'><strong>productor.</strong></span> <span class='ocrx_word' id='word_1_604' title='bbox 3006 3954 3212 4007; x_wconf 79' lang='lat' dir='ltr'><strong>Nomen</strong></span> <span class='ocrx_word' id='word_1_605' title='bbox 3239 3962 3421 4005; x_wconf 88' lang='lat' dir='ltr'><strong>autem</strong></span> <span class='ocrx_word' id='word_1_606' title='bbox 3447 3951 3645 4021; x_wconf 86' lang='lat' dir='ltr'><strong>produ-</strong></span> 
     </span>
    </p>
   </div>
   <div class='ocr_carea' id='block_1_85' title="bbox 2071 4044 3643 4116">
    <p class='ocr_par' dir='ltr' id='par_1_85' title="bbox 2071 4044 3643 4116">
     <span class='ocr_line' id='line_1_85' title="bbox 2071 4044 3643 4116; baseline -0.001 -18"><span class='ocrx_word' id='word_1_607' title='bbox 2071 4045 2239 4098; x_wconf 91' lang='lat' dir='ltr'><strong>ctoris</strong></span> <span class='ocrx_word' id='word_1_608' title='bbox 2293 4060 2402 4099; x_wconf 88' lang='lat' dir='ltr'><strong>non</strong></span> <span class='ocrx_word' id='word_1_609' title='bbox 2444 4056 2528 4100; x_wconf 85' lang='lat' dir='ltr'><strong>est</strong></span> <span class='ocrx_word' id='word_1_610' title='bbox 2571 4047 2972 4116; x_wconf 75' lang='lat' dir='ltr'><strong>ltypostaticum</strong></span> <span class='ocrx_word' id='word_1_611' title='bbox 3011 4044 3186 4098; x_wconf 87' lang='lat' dir='ltr'><strong>Patris</strong></span> <span class='ocrx_word' id='word_1_612' title='bbox 3218 4053 3310 4098; x_wconf 89' lang='lat' dir='ltr'><strong>:ct</strong></span> <span class='ocrx_word' id='word_1_613' title='bbox 3362 4055 3643 4113; x_wconf 77' lang='lat' dir='ltr'><strong>propterea</strong></span> 
     </span>
    </p>
   </div>
   <div class='ocr_carea' id='block_1_86' title="bbox 2072 4136 3642 4207">
    <p class='ocr_par' dir='ltr' id='par_1_86' title="bbox 2072 4136 3642 4207">
     <span class='ocr_line' id='line_1_86' title="bbox 2072 4136 3642 4207; baseline -0.001 -18"><span class='ocrx_word' id='word_1_614' title='bbox 2072 4136 2185 4190; x_wconf 81' lang='lat' dir='ltr'><strong>ﬁeri</strong></span> <span class='ocrx_word' id='word_1_615' title='bbox 2209 4147 2404 4206; x_wconf 89' lang='lat' dir='ltr'><strong>potest,</strong></span> <span class='ocrx_word' id='word_1_616' title='bbox 2423 4147 2480 4193; x_wconf 92' lang='lat' dir='ltr'><strong>ut</strong></span> <span class='ocrx_word' id='word_1_617' title='bbox 2506 4138 2644 4194; x_wconf 81' lang='lat' dir='ltr'><strong>Filio</strong></span> <span class='ocrx_word' id='word_1_618' title='bbox 2662 4137 3028 4202; x_wconf 82' lang='lat' dir='ltr'><strong>conveniat,si</strong></span> <span class='ocrx_word' id='word_1_619' title='bbox 3059 4137 3278 4206; x_wconf 89' lang='lat' dir='ltr'><strong>quidem</strong></span> <span class='ocrx_word' id='word_1_620' title='bbox 3295 4137 3498 4207; x_wconf 74' lang='lat' dir='ltr'><strong>Cyrillo</strong></span> <span class='ocrx_word' id='word_1_621' title='bbox 3523 4153 3642 4190; x_wconf 82' lang='lat' dir='ltr'><strong>cre-</strong></span> 
     </span>
    </p>
   </div>
   <div class='ocr_carea' id='block_1_87' title="bbox 2070 4228 3642 4302">
    <p class='ocr_par' dir='ltr' id='par_1_87' title="bbox 2070 4228 3642 4302">
     <span class='ocr_line' id='line_1_87' title="bbox 2070 4228 3642 4302; baseline -0.003 -18"><span class='ocrx_word' id='word_1_622' title='bbox 2070 4230 2312 4286; x_wconf 88' lang='lat' dir='ltr'><strong>dendum</strong></span> <span class='ocrx_word' id='word_1_623' title='bbox 2342 4244 2448 4292; x_wconf 87' lang='lat' dir='ltr'><strong>est.</strong></span> <span class='ocrx_word' id='word_1_624' title='bbox 2473 4233 2566 4302; x_wconf 87' lang='lat' dir='ltr'><strong>qui</strong></span> <span class='ocrx_word' id='word_1_625' title='bbox 2587 4233 2654 4287; x_wconf 92' lang='lat' dir='ltr'><strong>de</strong></span> <span class='ocrx_word' id='word_1_626' title='bbox 2687 4233 2851 4286; x_wconf 74' lang='lat' dir='ltr'><strong>rebus</strong></span> <span class='ocrx_word' id='word_1_627' title='bbox 2911 4229 3232 4298; x_wconf 79' lang='lat' dir='ltr'><strong>tbeologicis</strong></span> <span class='ocrx_word' id='word_1_628' title='bbox 3259 4228 3456 4282; x_wconf 84' lang='lat' dir='ltr'><strong>melius</strong></span> <span class='ocrx_word' id='word_1_629' title='bbox 3479 4244 3642 4296; x_wconf 87' lang='lat' dir='ltr'><strong>quam</strong></span> 
     </span>
    </p>
   </div>
   <div class='ocr_carea' id='block_1_88' title="bbox 2069 4319 3739 4381">
    <p class='ocr_par' dir='ltr' id='par_1_88' title="bbox 2069 4319 3739 4381">
     <span class='ocr_line' id='line_1_88' title="bbox 2069 4319 3739 4381; baseline -0.002 -4"><span class='ocrx_word' id='word_1_630' title='bbox 2069 4338 2169 4377; x_wconf 90' lang='lat' dir='ltr'><strong>nos</strong></span> <span class='ocrx_word' id='word_1_631' title='bbox 2191 4323 2472 4379; x_wconf 88' lang='lat' dir='ltr'><strong>disseruit.</strong></span> <span class='ocrx_word' id='word_1_632' title='bbox 2493 4324 2628 4378; x_wconf 89' lang='lat' dir='ltr'><strong>Cum</strong></span> <span class='ocrx_word' id='word_1_633' title='bbox 2655 4325 2802 4378; x_wconf 89' lang='lat' dir='ltr'><strong>enim</strong></span> <span class='ocrx_word' id='word_1_634' title='bbox 2823 4323 3084 4376; x_wconf 81' lang='lat' dir='ltr'><strong>dixisset:</strong></span> <span class='ocrx_word' id='word_1_635' title='bbox 3110 4319 3331 4375; x_wconf 71' lang='lat' dir='ltr'><strong>«Omnia</strong></span> <span class='ocrx_word' id='word_1_636' title='bbox 3350 4329 3433 4373; x_wconf 89' lang='lat' dir='ltr'><strong>est</strong></span> <span class='ocrx_word' id='word_1_637' title='bbox 3451 4319 3643 4381; x_wconf 84' lang='lat' dir='ltr'><strong>Filius,</strong></span> <span class='ocrx_word' id='word_1_638' title='bbox 3734 4369 3739 4374; x_wconf 87' lang='lat'><strong>.</strong></span> 
     </span>
    </p>
   </div>
   <div class='ocr_carea' id='block_1_89' title="bbox 2068 4411 3640 4486">
    <p class='ocr_par' dir='ltr' id='par_1_89' title="bbox 2068 4411 3640 4486">
     <span class='ocr_line' id='line_1_89' title="bbox 2068 4411 3640 4486; baseline -0.005 -16"><span class='ocrx_word' id='word_1_639' title='bbox 2068 4431 2188 4486; x_wconf 67' lang='lat' dir='ltr'><strong>quae</strong></span> <span class='ocrx_word' id='word_1_640' title='bbox 2214 4425 2270 4471; x_wconf 91' lang='lat' dir='ltr'><strong>et</strong></span> <span class='ocrx_word' id='word_1_641' title='bbox 2299 4417 2480 4482; x_wconf 84' lang='lat' dir='ltr'><strong>Pater,</strong></span> <span class='ocrx_word' id='word_1_642' title='bbox 2510 4430 2578 4470; x_wconf 90' lang='lat' dir='ltr'><strong>eo</strong></span> <span class='ocrx_word' id='word_1_643' title='bbox 2601 4416 2716 4471; x_wconf 83' lang='lat' dir='ltr'><strong>solo</strong></span> <span class='ocrx_word' id='word_1_644' title='bbox 2739 4424 2964 4483; x_wconf 77' lang='lat' dir='ltr'><strong>excepto</strong></span> <span class='ocrx_word' id='word_1_645' title='bbox 2983 4415 3125 4482; x_wconf 91' lang='lat' dir='ltr'><strong>quod</strong></span> <span class='ocrx_word' id='word_1_646' title='bbox 3151 4415 3221 4467; x_wconf 90' lang='lat' dir='ltr'><strong>sit</strong></span> <span class='ocrx_word' id='word_1_647' title='bbox 3249 4411 3430 4476; x_wconf 89' lang='lat' dir='ltr'><strong>Pater,</strong></span> <span class='ocrx_word' id='word_1_648' title='bbox 3457 4430 3474 4462; x_wconf 72' lang='grc' dir='ltr'><strong>ι</strong></span> <span class='ocrx_word' id='word_1_649' title='bbox 3502 4421 3640 4480; x_wconf 54' lang='grc' dir='ltr'><strong>νομι-</strong></span> 
     </span>
    </p>
   </div>
   <div class='ocr_carea' id='block_1_90' title="bbox 378 4506 1973 4603">
    <p class='ocr_par' dir='ltr' id='par_1_90' title="bbox 378 4506 1960 4603">
     <span class='ocr_line' id='line_1_90' title="bbox 378 4506 1960 4603; baseline -0.009 -17"><span class='ocrx_word' id='word_1_650' title='bbox 378 4506 618 4603; x_wconf 61' lang='grc' dir='ltr'><strong>ἕλξωντδ</strong></span> <span class='ocrx_word' id='word_1_651' title='bbox 656 4528 716 4596; x_wconf 74' lang='grc' dir='ltr'><strong>ἐξ</strong></span> <span class='ocrx_word' id='word_1_652' title='bbox 773 4525 940 4580; x_wconf 81' lang='grc' dir='ltr'><strong>αὑτοῦ</strong></span> <span class='ocrx_word' id='word_1_653' title='bbox 997 4526 1092 4579; x_wconf 80' lang='grc' dir='ltr'><strong>καὶ</strong></span> <span class='ocrx_word' id='word_1_654' title='bbox 1142 4526 1198 4578; x_wconf 82' lang='grc' dir='ltr'><strong>ὲν</strong></span> <span class='ocrx_word' id='word_1_655' title='bbox 1236 4521 1386 4592; x_wconf 86' lang='grc' dir='ltr'><strong>αῦτῷ</strong></span> <span class='ocrx_word' id='word_1_656' title='bbox 1428 4522 1748 4590; x_wconf 75' lang='grc' dir='ltr'><strong>ἐμπεφυκὸς</strong></span> <span class='ocrx_word' id='word_1_657' title='bbox 1804 4521 1960 4588; x_wconf 77' lang='grc' dir='ltr'><strong>ἆγιον</strong></span> 
     </span>
    </p>
   </div>
   <div class='ocr_carea' id='block_1_91' title="bbox 2079 4506 3640 4603">
    <p class='ocr_par' dir='ltr' id='par_1_91' title="bbox 2079 4506 3640 4578">
     <span class='ocr_line' id='line_1_91' title="bbox 2079 4506 3640 4578; baseline -0.004 -17"><span class='ocrx_word' id='word_1_658' title='bbox 2079 4523 2127 4561; x_wconf 68' lang='lat' dir='ltr'><strong>2a</strong></span> <span class='ocrx_word' id='word_1_659' title='bbox 2152 4507 2465 4578; x_wconf 77' lang='lat' dir='ltr'><strong>subjungit:</strong></span> <span class='ocrx_word' id='word_1_660' title='bbox 2492 4507 2812 4577; x_wconf 63' lang='lat' dir='ltr'><strong>«Proprium</strong></span> <span class='ocrx_word' id='word_1_661' title='bbox 2837 4507 3053 4560; x_wconf 82' lang='lat' dir='ltr'><strong>habens</strong></span> <span class='ocrx_word' id='word_1_662' title='bbox 3083 4506 3347 4574; x_wconf 86' lang='lat' dir='ltr'><strong>Spiritum</strong></span> <span class='ocrx_word' id='word_1_663' title='bbox 3373 4513 3640 4564; x_wconf 70' lang='lat' dir='ltr'><strong>sanctum,</strong></span> 
     </span>
    </p>
   </div>
   <div class='ocr_carea' id='block_1_92' title="bbox 381 4613 1964 4692">
    <p class='ocr_par' dir='ltr' id='par_1_92' title="bbox 381 4613 1964 4692">
     <span class='ocr_line' id='line_1_92' title="bbox 381 4613 1964 4692; baseline -0.009 -14"><span class='ocrx_word' id='word_1_664' title='bbox 381 4623 639 4692; x_wconf 78' lang='grc' dir='ltr'><strong>Πνεῦμα.</strong></span> <span class='ocrx_word' id='word_1_665' title='bbox 683 4640 700 4671; x_wconf 76' lang='grc' dir='ltr'><strong>ι</strong></span> <span class='ocrx_word' id='word_1_666' title='bbox 733 4619 842 4672; x_wconf 76' lang='grc' dir='ltr'><strong>Καὶ</strong></span> <span class='ocrx_word' id='word_1_667' title='bbox 870 4619 972 4671; x_wconf 77' lang='grc' dir='ltr'><strong>οὐκ</strong></span> <span class='ocrx_word' id='word_1_668' title='bbox 1002 4617 1219 4685; x_wconf 78' lang='grc' dir='ltr'><strong>ἐνόμισε</strong></span> <span class='ocrx_word' id='word_1_669' title='bbox 1259 4614 1530 4685; x_wconf 85' lang='grc' dir='ltr'><strong>μάχεσθαι</strong></span> <span class='ocrx_word' id='word_1_670' title='bbox 1558 4613 1618 4664; x_wconf 78' lang='grc' dir='ltr'><strong>τὸ</strong></span> <span class='ocrx_word' id='word_1_671' title='bbox 1653 4615 1790 4682; x_wconf 82' lang='grc' dir='ltr'><strong>μήτε</strong></span> <span class='ocrx_word' id='word_1_672' title='bbox 1849 4614 1964 4664; x_wconf 86' lang='grc' dir='ltr'><strong>Πα-</strong></span> 
     </span>
    </p>
   </div>
   <div class='ocr_carea' id='block_1_93' title="bbox 377 4701 1962 4784">
    <p class='ocr_par' dir='ltr' id='par_1_93' title="bbox 377 4701 1962 4784">
     <span class='ocr_line' id='line_1_93' title="bbox 377 4701 1962 4784; baseline -0.009 -16"><span class='ocrx_word' id='word_1_673' title='bbox 377 4716 519 4784; x_wconf 76' lang='grc' dir='ltr'><strong>τέρα</strong></span> <span class='ocrx_word' id='word_1_674' title='bbox 547 4714 641 4764; x_wconf 82' lang='grc' dir='ltr'><strong>τὸν</strong></span> <span class='ocrx_word' id='word_1_675' title='bbox 668 4712 796 4764; x_wconf 79' lang='grc' dir='ltr'><strong>Υιὸν</strong></span> <span class='ocrx_word' id='word_1_676' title='bbox 835 4708 999 4771; x_wconf 75' lang='grc' dir='ltr'><strong>εἶναι,</strong></span> <span class='ocrx_word' id='word_1_677' title='bbox 1029 4709 1123 4761; x_wconf 72' lang='grc' dir='ltr'><strong>καὶ</strong></span> <span class='ocrx_word' id='word_1_678' title='bbox 1158 4705 1216 4771; x_wconf 78' lang='grc' dir='ltr'><strong>ἐξ</strong></span> <span class='ocrx_word' id='word_1_679' title='bbox 1250 4705 1418 4758; x_wconf 86' lang='grc' dir='ltr'><strong>αὐτοῦ</strong></span> <span class='ocrx_word' id='word_1_680' title='bbox 1455 4701 1596 4757; x_wconf 75' lang='grc' dir='ltr'><strong>εἷναι</strong></span> <span class='ocrx_word' id='word_1_681' title='bbox 1623 4703 1682 4758; x_wconf 78' lang='grc' dir='ltr'><strong>τὸ</strong></span> <span class='ocrx_word' id='word_1_682' title='bbox 1716 4703 1962 4770; x_wconf 84' lang='grc' dir='ltr'><strong>Πνεῦμα,</strong></span> 
     </span>
    </p>
   </div>
   <div class='ocr_carea' id='block_1_94' title="bbox 377 4793 1965 4874">
    <p class='ocr_par' dir='ltr' id='par_1_94' title="bbox 377 4793 1965 4874">
     <span class='ocr_line' id='line_1_94' title="bbox 377 4793 1965 4874; baseline -0.009 -18"><span class='ocrx_word' id='word_1_683' title='bbox 377 4804 629 4874; x_wconf 53' lang='lat' dir='ltr'><strong>meum</strong></span> <span class='ocrx_word' id='word_1_684' title='bbox 679 4802 868 4870; x_wconf 79' lang='grc' dir='ltr'><strong>ἕτερον</strong></span> <span class='ocrx_word' id='word_1_685' title='bbox 905 4795 1046 4852; x_wconf 74' lang='grc' dir='ltr'><strong>εἰναι</strong></span> <span class='ocrx_word' id='word_1_686' title='bbox 1076 4793 1338 4865; x_wconf 74' lang='grc' dir='ltr'><strong>νομίζων,</strong></span> <span class='ocrx_word' id='word_1_687' title='bbox 1373 4794 1510 4847; x_wconf 70' lang='grc' dir='ltr'><strong>καθο</strong></span> <span class='ocrx_word' id='word_1_688' title='bbox 1541 4795 1733 4862; x_wconf 81' lang='grc' dir='ltr'><strong>Πατήρ</strong></span> <span class='ocrx_word' id='word_1_689' title='bbox 1767 4793 1914 4844; x_wconf 75' lang='grc' dir='ltr'><strong>ἐστιν</strong></span> <span class='ocrx_word' id='word_1_690' title='bbox 1936 4793 1965 4843; x_wconf 85' lang='grc' dir='ltr'>ὀ</span> 
     </span>
    </p>
   </div>
   <div class='ocr_carea' id='block_1_95' title="bbox 378 4880 1963 4966">
    <p class='ocr_par' dir='ltr' id='par_1_95' title="bbox 378 4880 1963 4966">
     <span class='ocr_line' id='line_1_95' title="bbox 378 4880 1963 4966; baseline -0.01 -18"><span class='ocrx_word' id='word_1_691' title='bbox 378 4894 596 4966; x_wconf 78' lang='grc' dir='ltr'><strong>Πατὴρ,</strong></span> <span class='ocrx_word' id='word_1_692' title='bbox 623 4894 718 4946; x_wconf 70' lang='grc' dir='ltr'><strong>καὶ</strong></span> <span class='ocrx_word' id='word_1_693' title='bbox 741 4892 869 4950; x_wconf 73' lang='grc' dir='ltr'><strong>ἄλλο</strong></span> <span class='ocrx_word' id='word_1_694' title='bbox 905 4889 1040 4943; x_wconf 82' lang='grc' dir='ltr'><strong>καθὸ</strong></span> <span class='ocrx_word' id='word_1_695' title='bbox 1073 4885 1396 4959; x_wconf 77' lang='grc' dir='ltr'><strong>προϐολεῦς,</strong></span> <span class='ocrx_word' id='word_1_696' title='bbox 1457 4884 1676 4937; x_wconf 78' lang='grc' dir='ltr'><strong>κάκεῖνο</strong></span> <span class='ocrx_word' id='word_1_697' title='bbox 1739 4881 1838 4952; x_wconf 78' lang='grc' dir='ltr'><strong>μὲν</strong></span> <span class='ocrx_word' id='word_1_698' title='bbox 1886 4880 1963 4949; x_wconf 85' lang='grc' dir='ltr'><strong>τῷ</strong></span> 
     </span>
    </p>
   </div>
   <div class='ocr_carea' id='block_1_96' title="bbox 378 4973 1962 5056">
    <p class='ocr_par' dir='ltr' id='par_1_96' title="bbox 378 4973 1962 5056">
     <span class='ocr_line' id='line_1_96' title="bbox 378 4973 1962 5056; baseline -0.009 -17"><span class='ocrx_word' id='word_1_699' title='bbox 378 4985 494 5056; x_wconf 47' lang='lat' dir='ltr'><strong>Titi)</strong></span> <span class='ocrx_word' id='word_1_700' title='bbox 522 4985 892 5054; x_wconf 72' lang='grc' dir='ltr'><strong>ἀκοινώνητον</strong></span> <span class='ocrx_word' id='word_1_701' title='bbox 925 4977 1084 5045; x_wconf 72' lang='grc' dir='ltr'><strong>εῖναι,</strong></span> <span class='ocrx_word' id='word_1_702' title='bbox 1129 4981 1288 5033; x_wconf 88' lang='grc' dir='ltr'><strong>τοῦτο</strong></span> <span class='ocrx_word' id='word_1_703' title='bbox 1318 4978 1373 5032; x_wconf 79' lang='grc' dir='ltr'><strong>δὲ</strong></span> <span class='ocrx_word' id='word_1_704' title='bbox 1415 4978 1509 5031; x_wconf 67' lang='grc' dir='ltr'><strong>καὶ</strong></span> <span class='ocrx_word' id='word_1_705' title='bbox 1535 4975 1680 5046; x_wconf 76' lang='grc' dir='ltr'><strong>μάλα</strong></span> <span class='ocrx_word' id='word_1_706' title='bbox 1731 4973 1962 5044; x_wconf 77' lang='grc' dir='ltr'><strong>συμϐαί-</strong></span> 
     </span>
    </p>
   </div>
   <div class='ocr_carea' id='block_1_97' title="bbox 378 5063 1958 5146">
    <p class='ocr_par' dir='ltr' id='par_1_97' title="bbox 378 5063 1958 5146">
     <span class='ocr_line' id='line_1_97' title="bbox 378 5063 1958 5146; baseline -0.008 -17"><span class='ocrx_word' id='word_1_707' title='bbox 378 5063 516 5131; x_wconf 79' lang='grc' dir='ltr'><strong>νειν.</strong></span> <span class='ocrx_word' id='word_1_708' title='bbox 577 5075 843 5146; x_wconf 71' lang='grc' dir='ltr'><strong>Ἀλλαχοῦ</strong></span> <span class='ocrx_word' id='word_1_709' title='bbox 900 5076 955 5128; x_wconf 72' lang='grc' dir='ltr'><strong>δὲ</strong></span> <span class='ocrx_word' id='word_1_710' title='bbox 1003 5075 1102 5127; x_wconf 61' lang='grc' dir='ltr'><strong>καὶ¹</strong></span> <span class='ocrx_word' id='word_1_711' title='bbox 1161 5072 1497 5140; x_wconf 82' lang='grc' dir='ltr'><strong>σαφέστερον</strong></span> <span class='ocrx_word' id='word_1_712' title='bbox 1549 5067 1707 5120; x_wconf 89' lang='grc' dir='ltr'><strong>τοῦτο</strong></span> <span class='ocrx_word' id='word_1_713' title='bbox 1765 5067 1958 5132; x_wconf 81' lang='grc' dir='ltr'><strong>ποιῶν,</strong></span> 
     </span>
    </p>
   </div>
   <div class='ocr_carea' id='block_1_98' title="bbox 377 5159 1961 5240">
    <p class='ocr_par' dir='ltr' id='par_1_98' title="bbox 377 5159 1961 5240">
     <span class='ocr_line' id='line_1_98' title="bbox 377 5159 1961 5240; baseline -0.006 -18"><span class='ocrx_word' id='word_1_714' title='bbox 377 5170 440 5222; x_wconf 81' lang='grc' dir='ltr'><strong>οῦ</strong></span> <span class='ocrx_word' id='word_1_715' title='bbox 464 5170 588 5240; x_wconf 83' lang='grc' dir='ltr'><strong>δίχα</strong></span> <span class='ocrx_word' id='word_1_716' title='bbox 619 5169 784 5239; x_wconf 82' lang='grc' dir='ltr'><strong>μόνου</strong></span> <span class='ocrx_word' id='word_1_717' title='bbox 824 5166 920 5220; x_wconf 91' lang='grc' dir='ltr'><strong>τοῦ</strong></span> <span class='ocrx_word' id='word_1_718' title='bbox 969 5163 1112 5220; x_wconf 71' lang='grc' dir='ltr'><strong>εἶναι</strong></span> <span class='ocrx_word' id='word_1_719' title='bbox 1169 5163 1356 5234; x_wconf 73' lang='grc' dir='ltr'><strong>Πατὴρ</strong></span> <span class='ocrx_word' id='word_1_720' title='bbox 1403 5161 1578 5228; x_wconf 78' lang='grc' dir='ltr'><strong>λέγει,</strong></span> <span class='ocrx_word' id='word_1_721' title='bbox 1643 5159 1780 5212; x_wconf 71' lang='grc' dir='ltr'><strong>ἀλλὰ</strong></span> <span class='ocrx_word' id='word_1_722' title='bbox 1837 5159 1961 5228; x_wconf 85' lang='grc' dir='ltr'><strong>δίχα</strong></span> 
     </span>
    </p>
   </div>
   <div class='ocr_carea' id='block_1_99' title="bbox 381 5250 1958 5329">
    <p class='ocr_par' dir='ltr' id='par_1_99' title="bbox 381 5250 1958 5329">
     <span class='ocr_line' id='line_1_99' title="bbox 381 5250 1958 5329; baseline -0.007 -16"><span class='ocrx_word' id='word_1_723' title='bbox 381 5261 548 5329; x_wconf 78' lang='grc' dir='ltr'><strong>μόνου</strong></span> <span class='ocrx_word' id='word_1_724' title='bbox 580 5261 674 5314; x_wconf 80' lang='grc' dir='ltr'><strong>τοῦ</strong></span> <span class='ocrx_word' id='word_1_725' title='bbox 707 5262 911 5326; x_wconf 84' lang='grc' dir='ltr'><strong>τεκεῖν,</strong></span> <span class='ocrx_word' id='word_1_726' title='bbox 935 5259 1094 5326; x_wconf 72' lang='grc' dir='ltr'><strong>δῆλον</strong></span> <span class='ocrx_word' id='word_1_727' title='bbox 1127 5256 1200 5319; x_wconf 81' lang='grc' dir='ltr'><strong>ὡς</strong></span> <span class='ocrx_word' id='word_1_728' title='bbox 1232 5257 1294 5309; x_wconf 77' lang='grc' dir='ltr'><strong>τὸ</strong></span> <span class='ocrx_word' id='word_1_729' title='bbox 1323 5257 1509 5307; x_wconf 89' lang='grc' dir='ltr'><strong>τεκεῖν</strong></span> <span class='ocrx_word' id='word_1_730' title='bbox 1556 5253 1719 5323; x_wconf 84' lang='grc' dir='ltr'><strong>μόνον</strong></span> <span class='ocrx_word' id='word_1_731' title='bbox 1768 5250 1958 5316; x_wconf 86' lang='grc' dir='ltr'><strong>αὑτοῦ,</strong></span> 
     </span>
    </p>
   </div>
   <div class='ocr_carea' id='block_1_100' title="bbox 379 5343 1959 5423">
    <p class='ocr_par' dir='ltr' id='par_1_100' title="bbox 379 5343 1959 5423">
     <span class='ocr_line' id='line_1_100' title="bbox 379 5343 1959 5423; baseline -0.008 -20"><span class='ocrx_word' id='word_1_732' title='bbox 379 5353 479 5403; x_wconf 71' lang='grc' dir='ltr'><strong>καὶ</strong></span> <span class='ocrx_word' id='word_1_733' title='bbox 507 5352 605 5423; x_wconf 82' lang='grc' dir='ltr'><strong>τὴν</strong></span> <span class='ocrx_word' id='word_1_734' title='bbox 643 5351 962 5421; x_wconf 81' lang='grc' dir='ltr'><strong>πατρότητα</strong></span> <span class='ocrx_word' id='word_1_735' title='bbox 989 5347 1264 5416; x_wconf 72' lang='grc' dir='ltr'><strong>ἀφαιρῶν,</strong></span> <span class='ocrx_word' id='word_1_736' title='bbox 1298 5346 1357 5398; x_wconf 80' lang='grc' dir='ltr'><strong>ού</strong></span> <span class='ocrx_word' id='word_1_737' title='bbox 1395 5345 1578 5413; x_wconf 85' lang='grc' dir='ltr'><strong>μέντοι</strong></span> <span class='ocrx_word' id='word_1_738' title='bbox 1616 5359 1678 5412; x_wconf 88' lang='grc' dir='ltr'><strong>γε</strong></span> <span class='ocrx_word' id='word_1_739' title='bbox 1732 5343 1793 5394; x_wconf 77' lang='grc' dir='ltr'><strong>τὸ</strong></span> <span class='ocrx_word' id='word_1_740' title='bbox 1826 5355 1959 5408; x_wconf 73' lang='grc' dir='ltr'><strong>προ·</strong></span> 
     </span>
    </p>
   </div>
   <div class='ocr_carea' id='block_1_101' title="bbox 380 5431 1958 5511">
    <p class='ocr_par' dir='ltr' id='par_1_101' title="bbox 380 5431 1958 5511">
     <span class='ocr_line' id='line_1_101' title="bbox 380 5431 1958 5511; baseline -0.006 -16"><span class='ocrx_word' id='word_1_741' title='bbox 380 5443 620 5498; x_wconf 59' lang='grc' dir='ltr'><strong>ϐάλλειν.</strong></span> <span class='ocrx_word' id='word_1_742' title='bbox 662 5445 733 5496; x_wconf 71' lang='grc' dir='ltr'><strong>Σὺ</strong></span> <span class='ocrx_word' id='word_1_743' title='bbox 758 5443 928 5496; x_wconf 75' lang='grc' dir='ltr'><strong>δὲκαὶ</strong></span> <span class='ocrx_word' id='word_1_744' title='bbox 960 5441 1127 5511; x_wconf 82' lang='grc' dir='ltr'><strong>πειρᾷ</strong></span> <span class='ocrx_word' id='word_1_745' title='bbox 1188 5436 1656 5508; x_wconf 76' lang='grc' dir='ltr'><strong>παραλογίζεσθαι</strong></span> <span class='ocrx_word' id='word_1_746' title='bbox 1717 5437 1815 5489; x_wconf 76' lang='grc' dir='ltr'><strong>οὐκ</strong></span> <span class='ocrx_word' id='word_1_747' title='bbox 1860 5431 1958 5488; x_wconf 76' lang='grc' dir='ltr'><strong>οἷδ’</strong></span> 
     </span>
    </p>
   </div>
   <div class='ocr_carea' id='block_1_102' title="bbox 379 5527 1956 5600">
    <p class='ocr_par' dir='ltr' id='par_1_102' title="bbox 379 5527 1956 5600">
     <span class='ocr_line' id='line_1_102' title="bbox 379 5527 1956 5600; baseline -0.007 -12"><span class='ocrx_word' id='word_1_748' title='bbox 379 5535 530 5600; x_wconf 74' lang='grc' dir='ltr'><strong>ἡμᾶς</strong></span> <span class='ocrx_word' id='word_1_749' title='bbox 558 5535 668 5586; x_wconf 77' lang='grc' dir='ltr'><strong>εἴτε</strong></span> <span class='ocrx_word' id='word_1_750' title='bbox 697 5533 894 5587; x_wconf 78' lang='grc' dir='ltr'><strong>σαυτὸν</strong></span> <span class='ocrx_word' id='word_1_751' title='bbox 923 5533 1008 5585; x_wconf 81' lang='grc' dir='ltr'><strong>διά</strong></span> <span class='ocrx_word' id='word_1_752' title='bbox 1037 5548 1179 5591; x_wconf 74' lang='grc' dir='ltr'><strong>τινος</strong></span> <span class='ocrx_word' id='word_1_753' title='bbox 1221 5529 1387 5600; x_wconf 72' lang='grc' dir='ltr'><strong>ῥητοῦ</strong></span> <span class='ocrx_word' id='word_1_754' title='bbox 1445 5527 1540 5580; x_wconf 83' lang='grc' dir='ltr'><strong>τοῦ</strong></span> <span class='ocrx_word' id='word_1_755' title='bbox 1573 5528 1716 5580; x_wconf 81' lang='grc' dir='ltr'><strong>θείου</strong></span> <span class='ocrx_word' id='word_1_756' title='bbox 1757 5527 1956 5596; x_wconf 81' lang='grc' dir='ltr'><strong>Κυρίλ-</strong></span> 
     </span>
    </p>
   </div>
   <div class='ocr_carea' id='block_1_103' title="bbox 378 5620 1953 5694">
    <p class='ocr_par' dir='ltr' id='par_1_103' title="bbox 378 5620 1953 5694">
     <span class='ocr_line' id='line_1_103' title="bbox 378 5620 1953 5694; baseline -0.003 -19"><span class='ocrx_word' id='word_1_757' title='bbox 378 5625 804 5688; x_wconf 77' lang='grc' dir='ltr'><strong>).ου,δοκοῦντος</strong></span> <span class='ocrx_word' id='word_1_758' title='bbox 840 5625 939 5694; x_wconf 82' lang='grc' dir='ltr'><strong>μέν</strong></span> <span class='ocrx_word' id='word_1_759' title='bbox 973 5641 1026 5677; x_wconf 86' lang='grc' dir='ltr'><strong>τι</strong></span> <span class='ocrx_word' id='word_1_760' title='bbox 1087 5624 1272 5692; x_wconf 83' lang='grc' dir='ltr'><strong>ὅμοιον</strong></span> <span class='ocrx_word' id='word_1_761' title='bbox 1323 5620 1468 5690; x_wconf 79' lang='grc' dir='ltr'><strong>ἔχειν</strong></span> <span class='ocrx_word' id='word_1_762' title='bbox 1522 5621 1631 5682; x_wconf 83' lang='grc' dir='ltr'><strong>τοῖς</strong></span> <span class='ocrx_word' id='word_1_763' title='bbox 1660 5621 1953 5689; x_wconf 73' lang='grc' dir='ltr'><strong>προκειμέ-</strong></span> 
     </span>
    </p>
   </div>
   <div class='ocr_carea' id='block_1_104' title="bbox 379 5709 1951 5784">
    <p class='ocr_par' dir='ltr' id='par_1_104' title="bbox 379 5709 1951 5784">
     <span class='ocr_line' id='line_1_104' title="bbox 379 5709 1951 5784; baseline -0.004 -18"><span class='ocrx_word' id='word_1_764' title='bbox 379 5730 518 5778; x_wconf 75' lang='grc' dir='ltr'><strong>νοις,</strong></span> <span class='ocrx_word' id='word_1_765' title='bbox 542 5716 676 5769; x_wconf 79' lang='grc' dir='ltr'><strong>πολὺ</strong></span> <span class='ocrx_word' id='word_1_766' title='bbox 709 5715 765 5780; x_wconf 76' lang='grc' dir='ltr'><strong>δὲ</strong></span> <span class='ocrx_word' id='word_1_767' title='bbox 787 5717 937 5784; x_wconf 82' lang='grc' dir='ltr'><strong>ὅμως</strong></span> <span class='ocrx_word' id='word_1_768' title='bbox 962 5714 1024 5768; x_wconf 80' lang='grc' dir='ltr'><strong>τὸ</strong></span> <span class='ocrx_word' id='word_1_769' title='bbox 1056 5714 1311 5782; x_wconf 73' lang='grc' dir='ltr'><strong>ἀνόμοιον</strong></span> <span class='ocrx_word' id='word_1_770' title='bbox 1344 5709 1756 5780; x_wconf 70' lang='grc' dir='ltr'><strong>περιερὲροντος.</strong></span> <span class='ocrx_word' id='word_1_771' title='bbox 1798 5710 1951 5778; x_wconf 75' lang='grc' dir='ltr'><strong>Πάμ-</strong></span> 
     </span>
    </p>
   </div>
   <div class='ocr_carea' id='block_1_105' title="bbox 378 5798 1996 5878">
    <p class='ocr_par' dir='ltr' id='par_1_105' title="bbox 378 5798 1996 5878">
     <span class='ocr_line' id='line_1_105' title="bbox 378 5798 1996 5878; baseline -0.007 -19"><span class='ocrx_word' id='word_1_772' title='bbox 378 5804 516 5859; x_wconf 73' lang='grc' dir='ltr'><strong>πο).υ</strong></span> <span class='ocrx_word' id='word_1_773' title='bbox 541 5806 649 5878; x_wconf 73' lang='grc' dir='ltr'><strong>γὰρ</strong></span> <span class='ocrx_word' id='word_1_774' title='bbox 680 5806 926 5878; x_wconf 75' lang='grc' dir='ltr'><strong>διαφέρει</strong></span> <span class='ocrx_word' id='word_1_775' title='bbox 955 5805 1053 5876; x_wconf 72' lang='grc' dir='ltr'><strong>τὴν</strong></span> <span class='ocrx_word' id='word_1_776' title='bbox 1082 5803 1318 5873; x_wconf 63' lang='grc' dir='ltr'><strong>φνςίκὴν</strong></span> <span class='ocrx_word' id='word_1_777' title='bbox 1354 5801 1592 5871; x_wconf 68' lang='grc' dir='ltr'><strong>ἰδιότητα</strong></span> <span class='ocrx_word' id='word_1_778' title='bbox 1625 5798 1776 5852; x_wconf 84' lang='grc' dir='ltr'><strong>τοῦδέ</strong></span> <span class='ocrx_word' id='word_1_779' title='bbox 1805 5815 1947 5863; x_wconf 73' lang='grc' dir='ltr'><strong>τινος</strong></span> <span class='ocrx_word' id='word_1_780' title='bbox 1988 5839 1996 5847; x_wconf 92' lang='grc'><em>.</em></span> 
     </span>
    </p>
   </div>
   <div class='ocr_carea' id='block_1_106' title="bbox 2069 4595 3639 4668">
    <p class='ocr_par' dir='ltr' id='par_1_106' title="bbox 2069 4595 3639 4668">
     <span class='ocr_line' id='line_1_106' title="bbox 2069 4595 3639 4668; baseline -0.003 -16"><span class='ocrx_word' id='word_1_781' title='bbox 2069 4600 2162 4668; x_wconf 92' lang='lat' dir='ltr'><strong>qui</strong></span> <span class='ocrx_word' id='word_1_782' title='bbox 2194 4615 2260 4653; x_wconf 83' lang='lat' dir='ltr'><strong>ex</strong></span> <span class='ocrx_word' id='word_1_783' title='bbox 2287 4599 2427 4668; x_wconf 84' lang='lat' dir='ltr'><strong>ipso,</strong></span> <span class='ocrx_word' id='word_1_784' title='bbox 2453 4609 2509 4653; x_wconf 90' lang='lat' dir='ltr'><strong>et</strong></span> <span class='ocrx_word' id='word_1_785' title='bbox 2534 4602 2585 4654; x_wconf 91' lang='lat' dir='ltr'><strong>in</strong></span> <span class='ocrx_word' id='word_1_786' title='bbox 2605 4599 2724 4668; x_wconf 87' lang='lat' dir='ltr'><strong>ipso</strong></span> <span class='ocrx_word' id='word_1_787' title='bbox 2751 4598 2950 4652; x_wconf 87' lang='lat' dir='ltr'><strong>insitus</strong></span> <span class='ocrx_word' id='word_1_788' title='bbox 2972 4608 3136 4664; x_wconf 86' lang='lat' dir='ltr'><strong>atque</strong></span> <span class='ocrx_word' id='word_1_789' title='bbox 3166 4597 3388 4649; x_wconf 86' lang='lat' dir='ltr'><strong>innatus</strong></span> <span class='ocrx_word' id='word_1_790' title='bbox 3410 4605 3512 4649; x_wconf 90' lang='lat' dir='ltr'><strong>est.</strong></span> <span class='ocrx_word' id='word_1_791' title='bbox 3543 4595 3639 4648; x_wconf 72' lang='lat' dir='ltr'><strong>Ne-</strong></span> 
     </span>
    </p>
   </div>
   <div class='ocr_carea' id='block_1_107' title="bbox 2065 4688 3644 4760">
    <p class='ocr_par' dir='ltr' id='par_1_107' title="bbox 2065 4688 3644 4760">
     <span class='ocr_line' id='line_1_107' title="bbox 2065 4688 3644 4760; baseline -0.004 -17"><span class='ocrx_word' id='word_1_792' title='bbox 2065 4706 2174 4759; x_wconf 90' lang='lat' dir='ltr'><strong>que</strong></span> <span class='ocrx_word' id='word_1_793' title='bbox 2199 4690 2301 4744; x_wconf 89' lang='lat' dir='ltr'><strong>ista</strong></span> <span class='ocrx_word' id='word_1_794' title='bbox 2322 4691 2734 4758; x_wconf 85' lang='lat' dir='ltr'><strong>putavitsecum</strong></span> <span class='ocrx_word' id='word_1_795' title='bbox 2761 4707 3023 4760; x_wconf 77' lang='lat' dir='ltr'><strong>pugnare,</strong></span> <span class='ocrx_word' id='word_1_796' title='bbox 3047 4688 3246 4742; x_wconf 90' lang='lat' dir='ltr'><strong>Filium</strong></span> <span class='ocrx_word' id='word_1_797' title='bbox 3274 4703 3381 4742; x_wconf 87' lang='lat' dir='ltr'><strong>non</strong></span> <span class='ocrx_word' id='word_1_798' title='bbox 3403 4703 3523 4742; x_wconf 84' lang='lat' dir='ltr'><strong>esse</strong></span> <span class='ocrx_word' id='word_1_799' title='bbox 3550 4688 3644 4739; x_wconf 75' lang='lat' dir='ltr'><strong>Pn-</strong></span> 
     </span>
    </p>
   </div>
   <div class='ocr_carea' id='block_1_108' title="bbox 2068 4778 3638 4852">
    <p class='ocr_par' dir='ltr' id='par_1_108' title="bbox 2068 4778 3638 4852">
     <span class='ocr_line' id='line_1_108' title="bbox 2068 4778 3638 4852; baseline -0.004 -19"><span class='ocrx_word' id='word_1_800' title='bbox 2068 4790 2228 4847; x_wconf 90' lang='lat' dir='ltr'><strong>trem,</strong></span> <span class='ocrx_word' id='word_1_801' title='bbox 2256 4783 2398 4837; x_wconf 89' lang='lat' dir='ltr'><strong>etab</strong></span> <span class='ocrx_word' id='word_1_802' title='bbox 2425 4783 2544 4852; x_wconf 92' lang='lat' dir='ltr'><strong>ipso</strong></span> <span class='ocrx_word' id='word_1_803' title='bbox 2582 4799 2702 4837; x_wconf 85' lang='lat' dir='ltr'><strong>esse</strong></span> <span class='ocrx_word' id='word_1_804' title='bbox 2724 4783 3011 4850; x_wconf 85' lang='lat' dir='ltr'><strong>Spiritum,</strong></span> <span class='ocrx_word' id='word_1_805' title='bbox 3062 4780 3318 4833; x_wconf 59' lang='lat' dir='ltr'><strong>nin‘tirum</strong></span> <span class='ocrx_word' id='word_1_806' title='bbox 3337 4778 3483 4832; x_wconf 86' lang='lat' dir='ltr'><strong>aliud</strong></span> <span class='ocrx_word' id='word_1_807' title='bbox 3526 4794 3638 4830; x_wconf 65' lang='lat' dir='ltr'><strong>vssr</strong></span> 
     </span>
    </p>
   </div>
   <div class='ocr_carea' id='block_1_109' title="bbox 2066 4872 3639 4944">
    <p class='ocr_par' dir='ltr' id='par_1_109' title="bbox 2066 4872 3639 4944">
     <span class='ocr_line' id='line_1_109' title="bbox 2066 4872 3639 4944; baseline -0.003 -18"><span class='ocrx_word' id='word_1_808' title='bbox 2066 4873 2386 4929; x_wconf 81' lang='lat' dir='ltr'><strong>existimans</strong></span> <span class='ocrx_word' id='word_1_809' title='bbox 2407 4874 2624 4928; x_wconf 89' lang='lat' dir='ltr'><strong>Patrem</strong></span> <span class='ocrx_word' id='word_1_810' title='bbox 2643 4891 2747 4944; x_wconf 89' lang='lat' dir='ltr'><strong>qua</strong></span> <span class='ocrx_word' id='word_1_811' title='bbox 2774 4875 2932 4929; x_wconf 82' lang='lat' dir='ltr'><strong>Pater</strong></span> <span class='ocrx_word' id='word_1_812' title='bbox 2950 4883 3053 4937; x_wconf 88' lang='lat' dir='ltr'><strong>est,</strong></span> <span class='ocrx_word' id='word_1_813' title='bbox 3073 4880 3128 4928; x_wconf 83' lang='lat' dir='ltr'><strong>et</strong></span> <span class='ocrx_word' id='word_1_814' title='bbox 3153 4872 3301 4926; x_wconf 90' lang='lat' dir='ltr'><strong>aliud</strong></span> <span class='ocrx_word' id='word_1_815' title='bbox 3323 4889 3426 4941; x_wconf 82' lang='lat' dir='ltr'><strong>qua</strong></span> <span class='ocrx_word' id='word_1_816' title='bbox 3446 4872 3639 4940; x_wconf 78' lang='lat' dir='ltr'><strong>produ-</strong></span> 
     </span>
    </p>
   </div>
   <div class='ocr_carea' id='block_1_110' title="bbox 2064 4964 3626 5036">
    <p class='ocr_par' dir='ltr' id='par_1_110' title="bbox 2064 4964 3626 5036">
     <span class='ocr_line' id='line_1_110' title="bbox 2064 4964 3626 5036; baseline -0.003 -17"><span class='ocrx_word' id='word_1_817' title='bbox 2064 4974 2204 5019; x_wconf 88' lang='lat' dir='ltr'><strong>ctor.</strong></span> <span class='ocrx_word' id='word_1_818' title='bbox 2243 4964 2491 5036; x_wconf 82' lang='lat' dir='ltr'><strong>llludque</strong></span> <span class='ocrx_word' id='word_1_819' title='bbox 2515 4981 2808 5021; x_wconf 90' lang='lat' dir='ltr'><strong>commune</strong></span> <span class='ocrx_word' id='word_1_820' title='bbox 2837 4982 2958 5021; x_wconf 89' lang='lat' dir='ltr'><strong>esse</strong></span> <span class='ocrx_word' id='word_1_821' title='bbox 3003 4965 3142 5020; x_wconf 85' lang='lat' dir='ltr'><strong>Filio</strong></span> <span class='ocrx_word' id='word_1_822' title='bbox 3170 4979 3295 5018; x_wconf 91' lang='lat' dir='ltr'><strong>cum</strong></span> <span class='ocrx_word' id='word_1_823' title='bbox 3330 4964 3485 5017; x_wconf 83' lang='lat' dir='ltr'><strong>Patre</strong></span> <span class='ocrx_word' id='word_1_824' title='bbox 3527 4967 3626 5015; x_wconf 82' lang='lat' dir='ltr'><strong>mi-</strong></span> 
     </span>
    </p>
   </div>
   <div class='ocr_carea' id='block_1_111' title="bbox 2061 5056 3640 5128">
    <p class='ocr_par' dir='ltr' id='par_1_111' title="bbox 2061 5056 3640 5128">
     <span class='ocr_line' id='line_1_111' title="bbox 2061 5056 3640 5128; baseline -0.004 -16"><span class='ocrx_word' id='word_1_825' title='bbox 2061 5058 2208 5114; x_wconf 88' lang='lat' dir='ltr'><strong>nime</strong></span> <span class='ocrx_word' id='word_1_826' title='bbox 2234 5073 2394 5128; x_wconf 87' lang='lat' dir='ltr'><strong>posse</strong></span> <span class='ocrx_word' id='word_1_827' title='bbox 2421 5076 2433 5112; x_wconf 89' lang='lat'>:</span> <span class='ocrx_word' id='word_1_828' title='bbox 2471 5060 2573 5114; x_wconf 86' lang='lat' dir='ltr'><strong>hoc</strong></span> <span class='ocrx_word' id='word_1_829' title='bbox 2600 5076 2729 5114; x_wconf 81' lang='lat' dir='ltr'><strong>vero</strong></span> <span class='ocrx_word' id='word_1_830' title='bbox 2751 5060 2983 5112; x_wconf 79' lang='lat' dir='ltr'><strong>maxime</strong></span> <span class='ocrx_word' id='word_1_831' title='bbox 3008 5058 3084 5111; x_wconf 88' lang='lat' dir='ltr'><strong>illi</strong></span> <span class='ocrx_word' id='word_1_832' title='bbox 3117 5057 3432 5111; x_wconf 75' lang='lat' dir='ltr'><strong>convenire.</strong></span> <span class='ocrx_word' id='word_1_833' title='bbox 3471 5056 3640 5109; x_wconf 75' lang='lat' dir='ltr'><strong>Porro</strong></span> 
     </span>
    </p>
   </div>
   <div class='ocr_carea' id='block_1_112' title="bbox 2060 5147 3638 5220">
    <p class='ocr_par' dir='ltr' id='par_1_112' title="bbox 2060 5147 3638 5220">
     <span class='ocr_line' id='line_1_112' title="bbox 2060 5147 3638 5220; baseline -0.003 -19"><span class='ocrx_word' id='word_1_834' title='bbox 2060 5158 2244 5204; x_wconf 82' lang='lat' dir='ltr'><strong>autem</strong></span> <span class='ocrx_word' id='word_1_835' title='bbox 2270 5149 2399 5205; x_wconf 89' lang='lat' dir='ltr'><strong>alibi</strong></span> <span class='ocrx_word' id='word_1_836' title='bbox 2419 5160 2474 5206; x_wconf 90' lang='lat' dir='ltr'><strong>et</strong></span> <span class='ocrx_word' id='word_1_837' title='bbox 2493 5152 2664 5220; x_wconf 84' lang='lat' dir='ltr'><strong>magis</strong></span> <span class='ocrx_word' id='word_1_838' title='bbox 2683 5151 2890 5217; x_wconf 80' lang='lat' dir='ltr'><strong>clarum</strong></span> <span class='ocrx_word' id='word_1_839' title='bbox 2917 5151 3017 5204; x_wconf 84' lang='lat' dir='ltr'><strong>hoc</strong></span> <span class='ocrx_word' id='word_1_840' title='bbox 3038 5149 3266 5215; x_wconf 81' lang='lat' dir='ltr'><strong>faciens,</strong></span> <span class='ocrx_word' id='word_1_841' title='bbox 3288 5163 3397 5202; x_wconf 91' lang='lat' dir='ltr'><strong>non</strong></span> <span class='ocrx_word' id='word_1_842' title='bbox 3421 5147 3553 5201; x_wconf 85' lang='lat' dir='ltr'><strong>dicit</strong></span> <span class='ocrx_word' id='word_1_843' title='bbox 3576 5165 3638 5198; x_wconf 73' lang='lat' dir='ltr'><strong>en</strong></span> 
     </span>
    </p>
   </div>
   <div class='ocr_carea' id='block_1_113' title="bbox 2059 5239 3634 5312">
    <p class='ocr_par' dir='ltr' id='par_1_113' title="bbox 2059 5239 3634 5312">
     <span class='ocr_line' id='line_1_113' title="bbox 2059 5239 3634 5312; baseline -0.004 -15"><span class='ocrx_word' id='word_1_844' title='bbox 2059 5242 2176 5297; x_wconf 84' lang='lat' dir='ltr'><strong>Solo</strong></span> <span class='ocrx_word' id='word_1_845' title='bbox 2191 5252 2442 5312; x_wconf 77' lang='lat' dir='ltr'><strong>excepto,</strong></span> <span class='ocrx_word' id='word_1_846' title='bbox 2459 5242 2603 5312; x_wconf 83' lang='lat' dir='ltr'><strong>quod</strong></span> <span class='ocrx_word' id='word_1_847' title='bbox 2622 5243 2692 5297; x_wconf 91' lang='lat' dir='ltr'><strong>sit</strong></span> <span class='ocrx_word' id='word_1_848' title='bbox 2711 5243 2891 5303; x_wconf 79' lang='lat' dir='ltr'><strong>Pater,</strong></span> <span class='ocrx_word' id='word_1_849' title='bbox 2905 5241 2998 5295; x_wconf 90' lang='lat' dir='ltr'><strong>sed</strong></span> <span class='ocrx_word' id='word_1_850' title='bbox 3015 5250 3242 5308; x_wconf 75' lang='lat' dir='ltr'><strong>excepto</strong></span> <span class='ocrx_word' id='word_1_851' title='bbox 3259 5240 3374 5294; x_wconf 93' lang='lat' dir='ltr'><strong>solo</strong></span> <span class='ocrx_word' id='word_1_852' title='bbox 3393 5239 3634 5308; x_wconf 61' lang='lat' dir='ltr'><strong>gignere;</strong></span> 
     </span>
    </p>
   </div>
   <div class='ocr_carea' id='block_1_114' title="bbox 2060 5333 3635 5404">
    <p class='ocr_par' dir='ltr' id='par_1_114' title="bbox 2060 5333 3635 5404">
     <span class='ocr_line' id='line_1_114' title="bbox 2060 5333 3635 5404; baseline -0.002 -17"><span class='ocrx_word' id='word_1_853' title='bbox 2060 5334 2339 5398; x_wconf 74' lang='lat' dir='ltr'><strong>videlicet,</strong></span> <span class='ocrx_word' id='word_1_854' title='bbox 2364 5337 2540 5390; x_wconf 91' lang='lat' dir='ltr'><strong>solum</strong></span> <span class='ocrx_word' id='word_1_855' title='bbox 2569 5350 2852 5404; x_wconf 81' lang='lat' dir='ltr'><strong>generare,</strong></span> <span class='ocrx_word' id='word_1_856' title='bbox 2885 5350 2948 5387; x_wconf 92' lang='lat' dir='ltr'><strong>ac</strong></span> <span class='ocrx_word' id='word_1_857' title='bbox 2974 5333 3384 5400; x_wconf 86' lang='lat' dir='ltr'><strong>paternitatem,</strong></span> <span class='ocrx_word' id='word_1_858' title='bbox 3417 5347 3524 5384; x_wconf 85' lang='lat' dir='ltr'><strong>non</strong></span> <span class='ocrx_word' id='word_1_859' title='bbox 3559 5343 3635 5384; x_wconf 82' lang='lat' dir='ltr'><strong>ta-</strong></span> 
     </span>
    </p>
   </div>
   <div class='ocr_carea' id='block_1_115' title="bbox 2058 5423 3628 5497">
    <p class='ocr_par' dir='ltr' id='par_1_115' title="bbox 2058 5423 3628 5497">
     <span class='ocr_line' id='line_1_115' title="bbox 2058 5423 3628 5497; baseline -0.003 -17"><span class='ocrx_word' id='word_1_860' title='bbox 2058 5443 2182 5480; x_wconf 90' lang='lat' dir='ltr'><strong>men</strong></span> <span class='ocrx_word' id='word_1_861' title='bbox 2221 5427 2528 5496; x_wconf 78' lang='lat' dir='ltr'><strong>producere</strong></span> <span class='ocrx_word' id='word_1_862' title='bbox 2560 5426 2863 5497; x_wconf 79' lang='lat' dir='ltr'><strong>excipiens.</strong></span> <span class='ocrx_word' id='word_1_863' title='bbox 2906 5426 2988 5479; x_wconf 90' lang='lat' dir='ltr'><strong>Tn</strong></span> <span class='ocrx_word' id='word_1_864' title='bbox 3043 5440 3175 5480; x_wconf 80' lang='lat' dir='ltr'><strong>vero</strong></span> <span class='ocrx_word' id='word_1_865' title='bbox 3205 5434 3262 5478; x_wconf 88' lang='lat' dir='ltr'><strong>et</strong></span> <span class='ocrx_word' id='word_1_866' title='bbox 3298 5424 3514 5478; x_wconf 84' lang='lat' dir='ltr'><strong>conaris</strong></span> <span class='ocrx_word' id='word_1_867' title='bbox 3539 5423 3628 5476; x_wconf 76' lang='lat' dir='ltr'><strong>tle-</strong></span> 
     </span>
    </p>
   </div>
   <div class='ocr_carea' id='block_1_116' title="bbox 2057 5516 3625 5588">
    <p class='ocr_par' dir='ltr' id='par_1_116' title="bbox 2057 5516 3625 5588">
     <span class='ocr_line' id='line_1_116' title="bbox 2057 5516 3625 5588; baseline -0.003 -16"><span class='ocrx_word' id='word_1_868' title='bbox 2057 5520 2239 5588; x_wconf 88' lang='lat' dir='ltr'><strong>cipere</strong></span> <span class='ocrx_word' id='word_1_869' title='bbox 2265 5533 2476 5582; x_wconf 89' lang='lat' dir='ltr'><strong>nosne,</strong></span> <span class='ocrx_word' id='word_1_870' title='bbox 2510 5534 2577 5573; x_wconf 92' lang='lat' dir='ltr'><strong>an</strong></span> <span class='ocrx_word' id='word_1_871' title='bbox 2607 5520 2865 5587; x_wconf 87' lang='lat' dir='ltr'><strong>teipsum,</strong></span> <span class='ocrx_word' id='word_1_872' title='bbox 2897 5518 3108 5579; x_wconf 85' lang='lat' dir='ltr'><strong>nescio,</strong></span> <span class='ocrx_word' id='word_1_873' title='bbox 3158 5516 3431 5571; x_wconf 86' lang='lat' dir='ltr'><strong>sententia</strong></span> <span class='ocrx_word' id='word_1_874' title='bbox 3494 5533 3625 5586; x_wconf 83' lang='lat' dir='ltr'><strong>qna-</strong></span> 
     </span>
    </p>
   </div>
   <div class='ocr_carea' id='block_1_117' title="bbox 2055 5609 3624 5682">
    <p class='ocr_par' dir='ltr' id='par_1_117' title="bbox 2055 5609 3624 5682">
     <span class='ocr_line' id='line_1_117' title="bbox 2055 5609 3624 5682; baseline -0.003 -16"><span class='ocrx_word' id='word_1_875' title='bbox 2055 5613 2178 5666; x_wconf 85' lang='lat' dir='ltr'><strong>dam</strong></span> <span class='ocrx_word' id='word_1_876' title='bbox 2205 5613 2267 5666; x_wconf 92' lang='lat' dir='ltr'><strong>D.</strong></span> <span class='ocrx_word' id='word_1_877' title='bbox 2320 5610 2528 5682; x_wconf 87' lang='lat' dir='ltr'><strong>Cyrilli,</strong></span> <span class='ocrx_word' id='word_1_878' title='bbox 2593 5628 2715 5681; x_wconf 73' lang='lat' dir='ltr'><strong>qua:</strong></span> <span class='ocrx_word' id='word_1_879' title='bbox 2744 5611 2967 5678; x_wconf 82' lang='lat' dir='ltr'><strong>quidem</strong></span> <span class='ocrx_word' id='word_1_880' title='bbox 3031 5611 3248 5665; x_wconf 79' lang='lat' dir='ltr'><strong>videtur</strong></span> <span class='ocrx_word' id='word_1_881' title='bbox 3282 5609 3463 5664; x_wconf 84' lang='lat' dir='ltr'><strong>simile</strong></span> <span class='ocrx_word' id='word_1_882' title='bbox 3493 5610 3624 5677; x_wconf 83' lang='lat' dir='ltr'><strong>quid</strong></span> 
     </span>
    </p>
   </div>
   <div class='ocr_carea' id='block_1_118' title="bbox 2055 5704 3621 5774">
    <p class='ocr_par' dir='ltr' id='par_1_118' title="bbox 2055 5704 3621 5774">
     <span class='ocr_line' id='line_1_118' title="bbox 2055 5704 3621 5774; baseline -0.003 -15"><span class='ocrx_word' id='word_1_883' title='bbox 2055 5706 2259 5759; x_wconf 82' lang='lat' dir='ltr'><strong>habere</strong></span> <span class='ocrx_word' id='word_1_884' title='bbox 2294 5707 2370 5759; x_wconf 83' lang='lat' dir='ltr'><strong>rei</strong></span> <span class='ocrx_word' id='word_1_885' title='bbox 2409 5705 2722 5774; x_wconf 52' lang='lat' dir='ltr'><strong>propositae,</strong></span> <span class='ocrx_word' id='word_1_886' title='bbox 2752 5705 2983 5757; x_wconf 84' lang='lat' dir='ltr'><strong>multum</strong></span> <span class='ocrx_word' id='word_1_887' title='bbox 3011 5711 3191 5758; x_wconf 84' lang='lat' dir='ltr'><strong>tamen</strong></span> <span class='ocrx_word' id='word_1_888' title='bbox 3221 5704 3621 5758; x_wconf 75' lang='lat' dir='ltr'><strong>dissimilitudi-</strong></span> 
     </span>
    </p>
   </div>
   <div class='ocr_carea' id='block_1_119' title="bbox 2055 5796 3620 5860">
    <p class='ocr_par' dir='ltr' id='par_1_119' title="bbox 2055 5796 3620 5860">
     <span class='ocr_line' id='line_1_119' title="bbox 2055 5796 3620 5860; baseline -0.003 -10"><span class='ocrx_word' id='word_1_889' title='bbox 2055 5813 2140 5850; x_wconf 83' lang='lat' dir='ltr'><strong>ms</strong></span> <span class='ocrx_word' id='word_1_890' title='bbox 2182 5797 2236 5851; x_wconf 90' lang='lat' dir='ltr'><strong>in</strong></span> <span class='ocrx_word' id='word_1_891' title='bbox 2272 5812 2327 5852; x_wconf 87' lang='lat' dir='ltr'><strong>sc</strong></span> <span class='ocrx_word' id='word_1_892' title='bbox 2361 5796 2628 5851; x_wconf 82' lang='lat' dir='ltr'><strong>continet.</strong></span> <span class='ocrx_word' id='word_1_893' title='bbox 2664 5799 2963 5853; x_wconf 82' lang='lat' dir='ltr'><strong>Plurimum</strong></span> <span class='ocrx_word' id='word_1_894' title='bbox 2992 5797 3381 5852; x_wconf 58' lang='lat' dir='ltr'><strong>euimiulerem</strong></span> <span class='ocrx_word' id='word_1_895' title='bbox 3417 5797 3620 5860; x_wconf 70' lang='lat' dir='ltr'><strong>diu-re,</strong></span> 
     </span>
    </p>
   </div>
  </div>
