3966 6218
261 363 369 430 275
1246 366 1744 435 nnssanroms
1777 368 1836 430 s.

1999 368 2063 428 Ε.
2099 370 2556 430 CARDINALIS
3400 364 3509 427 276

265 475 658 545 proprietatem
703 475 1016 530 naturalem
1054 475 1287 546 alicujus
1318 478 1517 532 habere
1565 478 1826 547 aliquem,

1959 479 2115 545 ,ἐγειν
2145 494 2292 549 εχειν
2313 480 2404 533 τὸν
2425 481 2595 542 δεῖνα,
2647 479 2679 543 ἦ
2707 476 2775 529 τὰ
2806 474 2976 528 αὐτοῦ
3034 470 3299 541 ἰδιώματα
3351 487 3512 538 φυσι-

263 575 321 621 et
353 566 474 635 ejus
512 565 875 634 proprietates
903 566 1222 620 naturaliter
1249 584 1262 632 ;
1285 566 1416 620 illud
1445 568 1591 621 enim
1621 569 1830 622 solum-

1959 572 2065 633 ιῶς.
2091 571 2164 623 Τὸ
2199 571 2297 639 μὲν
2324 571 2432 639 γὰρ
2461 570 2595 639 πρὸς
2627 567 2724 638 τὴν
2756 567 2854 636 τῆς
2894 566 3083 626 οὐσίας
3143 563 3305 633 μόνον
3348 562 3509 631 φέρει

270 654 433 709 modo
460 650 528 708 ad
562 655 908 709 identitatem
929 655 1250 710 snlistantia:
1281 657 1538 725 pertinet,
1570 658 1672 713 hoc
1702 673 1833 713 vero

268 743 536 809 quasdam
565 744 815 797 notiones
836 746 1150 813 personales
1170 762 1492 803 communes
1512 763 1632 803 esse
1660 750 1833 817 signi-

273 834 434 896 tieat;
468 836 790 890 naturaliter
815 846 996 893 tamen
1024 856 1146 910 quae
1196 842 1330 907 sint,
1354 852 1411 899 et
1443 838 1831 908 essentialiter,

264 939 338 978 ue
363 925 654 992 accidenti,
680 935 737 980 et
762 929 909 997 quod
934 939 1016 985 est
1038 945 1135 998 per
1156 932 1647 1002 participationem,
1674 933 1835 988 detur

276 1017 456 1072 locus.
492 1018 625 1072 Illud
685 1028 867 1075 autem
921 1022 1102 1076 omnia
1163 1036 1283 1091 quas
1325 1033 1454 1081 sunt
1483 1024 1680 1087 Patris.
1711 1039 1835 1079 esse

264 1107 436 1162 etiam
494 1109 752 1178 Spiritus,
783 1123 983 1180 praeter
1008 1114 1277 1169 rationem
1323 1114 1573 1186 ingeniti,
1617 1126 1671 1172 et
1703 1116 1835 1171 illud

268 1199 454 1253 omnia
489 1197 610 1255 Filii
630 1216 753 1257 esse
775 1219 994 1274 quoque
1019 1205 1274 1275 Spiritus,
1298 1218 1525 1278 excepta
1548 1207 1835 1274 ﬁliatione,

270 1294 462 1349 nescio
526 1310 625 1349 cur
680 1306 884 1352 temere
914 1298 1331 1368 disputationi:
1370 1309 1422 1357 te
1474 1301 1671 1370 injecta
1705 1301 1837 1356 sint.

275 1384 492 1441 Etenim
538 1403 640 1442 nos
671 1391 759 1457 pie
795 1389 1018 1458 quidem
1066 1390 1165 1447 ista
1201 1392 1597 1462 intelligimus:
1626 1394 1670 1448 si
1703 1408 1838 1449 vero

275 1476 472 1544 aliquis
512 1492 620 1531 non
650 1486 794 1533 recte
820 1481 1021 1536 sentiat
1043 1482 1111 1536 dc
1144 1492 1326 1537 mente
1361 1492 1702 1549 sanctorum,
1752 1484 1837 1540 vel

276 1567 413 1620 alios
443 1567 831 1636 calumnietur,
861 1570 980 1640 ipse
1014 1573 1086 1627 sit
1108 1573 1161 1627 in
1195 1574 1375 1642 culpa.
1426 1572 1484 1630 Si
1530 1575 1656 1644 quis
1690 1577 1841 1632 enim

278 1655 483 1712 adimat
508 1659 739 1728 Spiritui
771 1664 1159 1731 proprietatem
1191 1665 1486 1735 ingenitam
1515 1666 1713 1731 Patris,
1738 1668 1842 1725 hoc

278 1758 461 1802 autem
496 1758 581 1804 est
609 1766 733 1805 eum
756 1752 851 1829 qui
879 1752 999 1808 sine
1046 1769 1208 1810 causa
1234 1757 1328 1818 sit.
1357 1772 1583 1811 causam
1610 1758 1839 1813 aliarum

278 1853 637 1907 personarum
669 1843 934 1898 exsistere
961 1860 975 1910 ;
1002 1844 1220 1912 qualem
1284 1849 1519 1917 amplius
1540 1848 1838 1919 liypostati-

278 1944 397 1983 cam
449 1932 837 1999 proprietatem
891 1934 1072 1989 Patris
1127 1936 1229 2004 ipsi
1256 1937 1570 2007 relinquet?
1603 1942 1843 2009 itemque

278 2021 323 2074 si
349 2024 473 2089 quis
505 2021 704 2075 Filium
742 2038 865 2077 cum
921 2023 1128 2092 Spiritu
1162 2021 1473 2090 conferens,
1504 2038 1669 2098 atque
1706 2031 1843 2085 alte-

276 2126 401 2165 rum
426 2127 553 2167 cum
582 2114 783 2179 altero,
838 2118 1017 2171 solum
1050 2133 1176 2172 eum
1205 2120 1323 2173 solo
1349 2136 1694 2190 comparans,
1726 2122 1846 2188 Spi-

280 2202 451 2256 ritum
518 2219 640 2260 esse
699 2206 895 2261 Filium
946 2219 1128 2277 neget,
1209 2210 1265 2263 in
1330 2213 1540 2267 caeteris
1588 2214 1846 2269 omnibus

278 2310 458 2363 aeque,
486 2304 651 2364 atque
683 2297 879 2352 Filium
917 2315 1044 2353 eum
1096 2315 1218 2354 esse
1248 2304 1517 2368 credens;
1555 2318 1844 2372 quemnam

277 2390 512 2459 amplius
533 2389 635 2459 ipsi
664 2382 1055 2460 proprietatem
1118 2391 1511 2461 bypostatieam
1542 2393 1850 2463 impertiet?

280 2481 549 2550 siquidem
580 2492 864 2551 paternam
894 2500 1000 2540 non
1025 2484 1306 2553 impertiet
1328 2485 1350 2538 7
1376 2486 1565 2554 Neque
1604 2486 1748 2539 enim
1781 2485 1848 2542 de

283 2572 442 2627 Patre
472 2575 759 2643 agebatur,
811 2591 991 2645 neque
1022 2591 1147 2630 cum
1190 2576 1312 2646 ipso
1336 2578 1673 2646 comparatio
1709 2577 1848 2632 facta

282 2673 369 2718 est
401 2681 415 2718 :
443 2664 530 2719 fac
562 2676 743 2723 tamen
772 2680 897 2720 cum
922 2682 988 2720 eo
1021 2666 1218 2721 factam
1249 2681 1406 2731 esse;
1439 2684 1617 2737 neque
1648 2669 1848 2737 sicipsi

285 2757 394 2810 ulla
424 2756 730 2824 proprietas
763 2756 940 2812 Patris
970 2759 1336 2829 relinquetur,
1362 2776 1486 2816 cum
1516 2760 1569 2815 in
1594 2762 1852 2816 omnibus

245 2921 249 2924 _
286 2846 524 2917 sitjuxta
546 2847 766 2910 Filium.
792 2862 858 2901 eo
906 2858 1155 2918 excepto,
1178 2851 1324 2919 quod
1352 2853 1423 2906 sit
1452 2852 1645 2908 Filius.
1674 2851 1848 2921 Atque

284 2940 517 3008 proinde
567 2950 878 2997 causatusa
927 2942 1089 2997 Patre
1119 2959 1349 3011 prorsus
1398 2946 1647 3008 exsistat,
1706 2944 1852 2998 sicut

284 3038 343 3084 et
375 3028 571 3085 Filius.
606 3031 676 3084 At
743 3046 924 3102 neque
952 3033 1115 3088 ultam
1150 3037 1540 3103 proprietatem
1590 3034 1716 3091 Filii
1744 3035 1847 3105 ipsi

1933 662 2237 730 ταυτότητα
2258 679 2273 693 ’
2304 662 2364 714 τὸ
2398 661 2454 713 δὲ
2494 661 2591 729 τὴν
2628 659 2790 712 τινῶν
2826 657 2924 727 μὲν
2961 652 3335 725 προσωπικῶν
3364 669 3510 717 γνωο

1939 753 2220 823 ριομάτων
2248 753 2538 807 κοινωνίαν
2573 749 2828 820 σημαίνει
2868 765 2883 782 ·
2923 746 3171 818 φυσικῶς
3212 744 3394 815 μέντοι
3446 759 3506 811 γε

1935 844 2140 912 ταύτην
2162 844 2253 899 καὶ
2276 843 2548 906 οῦσιωδῶς
2574 841 2759 905 οὖσαν,
2784 841 2870 893 ἵνα
2905 839 2979 908 μὴ
3009 837 3085 905 τῷ
3109 833 3500 904 συμϐεϐηκότι,

1938 939 2033 991 καὶ
2044 936 2121 1004 τῷ
2141 936 2281 990 κατὰ
2299 935 2532 1004 μετοχὴν
2552 935 2704 1003 χώρα
2730 932 2932 999 δοθείη.
2958 930 3033 983 Τὸ
3052 929 3108 983 δὲ
3123 927 3303 982 πάντα
3324 926 3394 979 τὰ
3412 922 3506 978 τοῦ

1938 1026 2153 1096 Πατρδς
2198 1027 2292 1080 καὶ
2322 1027 2416 1079 τοῦ
2455 1024 2791 1094 Πνεῦματος,
2825 1021 2968 1093 πλὴν
3029 1020 3127 1089 τῆς
3159 1016 3509 1086 ἀγεννησὶας,

1937 1120 1971 1188 ἢ
2001 1120 2175 1174 πάντα
2205 1120 2271 1172 τὰ
2292 1117 2385 1171 τοῦ
2415 1117 2544 1170 Υἰοῦ
2581 1117 2675 1170 καὶ
2707 1114 2804 1167 τοῦ
2851 1113 3170 1182 Πνεῦματος
3205 1105 3347 1164 εἶναι
3373 1107 3514 1175 πλὴν

1938 1210 2032 1276 τῆς
2069 1207 2335 1276 υἱὸτητος,
2364 1206 2463 1259 οὐκ
2498 1203 2592 1259 οἷδ’
2614 1207 2739 1259 ὅτου
2773 1205 2933 1273 χάριν
2964 1201 3042 1272 τῷ
3099 1202 3247 1269 λόγῳ
3301 1197 3513 1267 παρέρ-

1944 1300 2135 1367 ριπται
2165 1313 2179 1326 θ
2210 1298 2373 1365 ἡμεῖς
2415 1297 2513 1365 μὲν
2545 1296 2654 1366 γὰρ
2703 1293 2948 1356 εὐσεϐῶς
2998 1290 3172 1345 ταῦτα
3220 1288 3463 1356 νοοῦμεν
3494 1301 3511 1318 ⁸

1941 1386 2006 1439 ἂν
2026 1387 2082 1439 δέ
2110 1403 2194 1446 τις
2219 1385 2251 1454 ἢ
2279 1385 2354 1455 μὴ
2382 1386 2542 1448 αὐτὸς
2568 1384 2790 1457 ὑγιαίνῃ
2846 1387 2974 1453 περὶ
3026 1382 3126 1453 τὴν
3184 1380 3291 1436 τῶν
3346 1378 3516 1448 ἁγίων

1942 1478 2200 1537 διάνοιαν,
2239 1476 2270 1543 ἢ
2304 1474 2530 1546 ἐτέρους
2563 1477 2899 1544 συκοφαντῇ,
2934 1474 3146 1528 ἐκείνου
3202 1471 3264 1525 τὸ
3322 1468 3518 1538 ἔγκλη-

1948 1586 2043 1633 μα.
2089 1565 2327 1635 Ἀφελὼν
2352 1566 2463 1635 γάρ
2495 1584 2579 1629 τις
2608 1566 2703 1619 τοῦ
2751 1565 3069 1634 Πνεῦματος
3111 1564 3173 1616 τὸ
3220 1562 3520 1631 ἀγέννητον

1948 1660 2143 1726 ἰδίωμα
2177 1658 2272 1712 τοῦ
2304 1659 2537 1727 Πατρδς,
2565 1658 2724 1713 τοῦτο
2750 1658 2806 1711 δέ
2839 1660 2954 1710 ἐστι
2979 1657 3041 1711 τὸ
3079 1655 3320 1709 ἀναίτιον
3349 1645 3519 1714 εἶναι,

1947 1750 2108 1802 αὑτὸν
2137 1749 2191 1802 δὲ
2222 1747 2398 1802 αἴτιον
2433 1744 2707 1802 εἶναιτῶν
2767 1748 2943 1802 ἄλλων
3000 1744 3329 1817 προσώπων,
3366 1745 3522 1796 ποῖον

1953 1841 2033 1894 ἔτι
2063 1841 2422 1894 ὑποστατικὸν
2456 1841 2653 1910 ἰδίωμα
2686 1840 2779 1893 τοῦ
2831 1838 3042 1910 Πατρδς
3081 1836 3232 1906 αῦτῷ
3274 1833 3525 1890 καταλεί-

1950 1931 2087 1998 ψειὶ
2128 1922 2369 2000 ’Ὁμοίως
2422 1931 2487 1985 ἄν
2523 1948 2608 1995 τις
2668 1930 2758 1984 τδν
2808 1930 2940 1983 Υἰὸν
2993 1929 3127 1997 πρὸς
3186 1927 3248 1980 τὸ
3295 1924 3526 1992 Πνεῦμα.

1956 2021 2283 2090 συγκρίνων,
2310 2023 2404 2074 καὶ
2446 2020 2620 2073 ταῦτα
2658 2020 2798 2087 μόνα
2826 2019 2964 2088 πρὸς
2999 2016 3205 2086 ἄλληλα
3235 2013 3526 2084 παραϐάλ-

1953 2114 2178 2177 low,th
2205 2114 2333 2168 Yitv
2363 2112 2500 2168 εἶναι
2522 2116 2582 2166 τδ
2612 2112 2840 2181 Πνεῦμα
2870 2113 3109 2183 ἀρνοῖτο,
3145 2109 3317 2164 τᾶλλα
3345 2107 3527 2161 πάντα

1954 2205 2095 2259 κατὰ
2115 2205 2207 2257 τὸν
2238 2205 2365 2259 Υἰὸν
2398 2204 2537 2259 εἶναι
2562 2198 2835 2259 πιστεύων
2882 2203 3017 2257 αὐτό
3043 2219 3056 2234 ο
3090 2201 3236 2263 τίνος
3267 2198 3351 2253 ἔτι
3375 2196 3528 2265 αῦτῷ

1957 2297 2258 2366 μεταδώσει
2295 2296 2660 2351 ὑποστατικοῦ
2725 2294 3015 2364 ἰδιώματος
3049 2311 3064 2357 ;
3098 2289 3369 2361 πατρικοῦ
3424 2288 3527 2358 μὲν

1956 2392 2063 2457 γὰρ
2086 2389 2184 2441 οὐκ
2204 2387 2270 2441 ἂν
2305 2388 2583 2457 μεταδοίη.
2608 2387 2747 2441 Οῦτε
2795 2388 2902 2456 γὰρ
2945 2384 3074 2454 περὶ
3116 2382 3329 2452 lla-:95;
3390 2374 3458 2450 ἦν
3498 2381 3531 2432 ὸ

1955 2481 2134 2549 λόγος,
2159 2480 2277 2534 οὐδὲ
2312 2480 2447 2549 πρὸς
2478 2478 2670 2532 τοῦτον
2699 2480 2732 2549 ἠ
2758 2475 3045 2548 παραϐολή
3072 2489 3085 2503 ³
3138 2470 3265 2527 οὔτε
3322 2471 3418 2526 καὶ
3477 2469 3530 2522 εἰ

1957 2575 2093 2644 πρὸς
2122 2575 2311 2628 τοῦτον
2347 2570 2437 2645 ἦν,
2471 2574 2582 2627 οὐδ’
2610 2572 2784 2635 οὓτως
2824 2569 2973 2640 αὐτῷ
3003 2568 3154 2622 οὐδὲν
3183 2565 3383 2636 ἰδίωμα
3415 2564 3528 2615 λει-

1958 2671 2227 2738 φθήσεται
2253 2666 2349 2720 τοῦ
2381 2668 2619 2734 Πατρδς,
2652 2664 2792 2732 πλὴν
2825 2661 2919 2716 τοῦ
2979 2661 3107 2723 Υἱὸς
3158 2654 3319 2721 εἶναι,
3361 2653 3529 2711 τᾶλλα

1957 2761 2137 2813 πάντα
2174 2758 2317 2811 κατὰ
2355 2756 2446 2808 τὸν
2482 2756 2611 2809 Υἰὴν
2641 2754 2776 2819 ὄντι,
2806 2755 2900 2807 καὶ
2930 2749 3160 2819 αἰτιατῷ
3189 2748 3285 2801 τοῦ
3319 2744 3531 2814 Πατρδς

1957 2850 2273 2912 πάντωςὼς
2311 2849 2427 2910 re;
2461 2847 2575 2901 ὄντι
2597 2861 2613 2878 ο
2644 2844 2782 2899 ἀλλὰ
2832 2843 2939 2914 μὴν
2978 2841 3099 2896 οὐδὲ
3149 2835 3346 2902 υἰικοῦ,
3384 2836 3531 2896 τίνος

1956 2945 2108 3015 γάρς
2151 2943 2311 3010 εἰπερ
2361 2938 2507 2993 τοῦτ’
2559 2938 2680 2991 ἐστὶ
2742 2937 2820 3007 τῷ
2869 2935 2984 3005 Υἰῷ
3027 2929 3405 2990 ὑποστατικδν,
3470 2926 3535 2979 τὸ

1958 3033 2101 3089 εἶναι
2129 3034 2255 3099 Υἰὸς
2280 3052 2294 3065 ο
2324 3034 2353 3087 ὃ
2383 3033 2692 3101 φθάσαντες
2746 3027 3093 3097 ἀφαιροῦμεν
3124 3021 3218 3077 τοῦ
3277 3019 3531 3086 Πνεῦμα-

285 3121 497 3177 tribuet
524 3141 538 3174 :
572 3122 749 3189 Quam
775 3125 921 3180 enim
944 3127 966 3180 Ἰ
990 3127 1262 3196 siquidem
1296 3128 1413 3183 haec
1438 3138 1520 3183 est
1545 3128 1851 3197 proprietas

1962 3148 2067 3192 τος.
2097 3129 2241 3198 Πρὸς
2257 3128 2314 3180 δὲ
2346 3127 2407 3179 τὺ
2439 3127 2504 3179 ὲκ
2551 3124 2652 3192 τῆς
2692 3121 2878 3181 οὐσίας
2924 3117 3017 3172 τοῦ
3063 3114 3193 3170 Υίοῦ
3233 3111 3533 3173 ἀκούοντας

289 3215 635 3286 hypostatica
668 3216 817 3279 Filii,
878 3227 938 3271 ut
969 3218 1041 3274 sit
1069 3218 1261 3274 Filius.
1317 3221 1488 3284 Quam
1541 3220 1765 3288 quidem
1823 3236 1854 3274 α

286 3304 495 3374 Spiritu
543 3307 947 3376 prmvenientes
1001 3308 1333 3377 excipimus.
1393 3308 1474 3363 Ad
1505 3308 1639 3362 illud
1671 3319 1853 3362 autem

287 3412 416 3450 cum
448 3398 727 3461 audimus,
784 3414 847 3452 ex
877 3399 1191 3456 substantia
1220 3415 1371 3471 esse
1410 3398 1556 3463 Filii,
1615 3415 1678 3453 cx
1712 3400 1860 3454 illius

285 3502 508 3557 quoque
541 3503 776 3558 persona
807 3490 1142 3559 intelligere,
1174 3507 1282 3546 non
1311 3506 1433 3546 esse
1468 3492 1689 3555 mirum,
1725 3491 1859 3546 satis

287 3591 453 3634 antea
482 3579 696 3634 dictum
731 3589 838 3634 eat.
875 3581 1032 3646 Quod
1059 3596 1191 3637 vero
1219 3582 1298 3636 ait
1342 3598 1550 3652 magna:
1579 3597 1705 3638 esse
1765 3583 1860 3638 de-

286 3672 679 3747 mentizemon
732 3673 1197 3736 animadvertere,
1267 3675 1414 3744 quod
1465 3689 1589 3728 cum
1622 3676 1861 3745 Spiritus

296 3762 480 3818 Patris
504 3777 649 3828 esse,
681 3770 737 3819 et
765 3778 833 3818 ex
867 3763 1028 3819 Patre
1075 3763 1313 3829 dicatur,
1341 3765 1436 3835 qui
1500 3764 1714 3821 Patrem
1741 3780 1862 3823 esse

290 3855 494 3910 Filium
523 3865 745 3927 negant,
778 3858 940 3912 simul
963 3859 1125 3913 etiam
1182 3869 1380 3930 negant
1429 3859 1534 3930 ipsi
1573 3875 1862 3917 commune

292 3964 416 4003 esse
450 3965 574 4003 cum
598 3950 759 4004 Patre
779 3950 1085 4016 producere
1112 3968 1127 4016 ;
1161 3951 1416 4009 fortassis
1443 3952 1529 4007 vel
1557 3952 1722 4007 etiam
1754 3951 1862 4006 sibi

192 4032 195 4035 “
289 4042 863 4112 aequalem'amcntiam
884 4045 1093 4114 objicit,
1115 4044 1300 4100 forsan
1318 4045 1481 4099 etiam
1507 4046 1863 4115 etmajorem,

292 4149 406 4203 quo
440 4134 753 4203 intelligens
777 4135 1196 4199 absurditatem,
1222 4144 1405 4188 tamen
1437 4149 1553 4187 eam
1583 4134 1862 4188 admittit:

290 4236 609 4296 propterea,
648 4226 796 4297 quod
828 4226 1071 4295 Spiritus
1105 4224 1226 4279 Filii
1262 4225 1500 4295 Spiritus
1548 4239 1668 4280 esse
1711 4223 1864 4279 dica-

288 4302 407 4379 ,tur.
442 4318 499 4373 Si
535 4318 681 4374 enim
714 4318 956 4388 Spiritus
989 4317 1145 4388 juxta
1178 4332 1333 4372 suam
1365 4316 1696 4371 sententiam
1757 4315 1863 4371 Pa-

1958 3223 2021 3273 ὲκ
2049 3219 2155 3288 τῆς,
2180 3217 2532 3276 ὑποστάσεως
2557 3211 2719 3269 αὑτοῦ
2746 3213 2884 3264 νοεῖν
2914 3210 2992 3278 μὴ
3018 3204 3329 3274 Θαυμαστὸν
3371 3199 3531 3266 εἶναι,

1959 3311 2160 3374 ἱκανῶς
2189 3311 2406 3380 εἴρηται
2446 3308 2734 3378 πρότερον.
2778 3303 2837 3355 '0
2870 3301 2925 3354 δὲ
2976 3300 3070 3353 καὶ
3111 3296 3310 3365 πολλῆς
3343 3292 3536 3355 ἀνοίας

1958 3402 2098 3458 εἶναί
2130 3420 2264 3473 φησι
2286 3402 2346 3455 τὸ
2374 3400 2448 3471 μὴ
2484 3398 2741 3467 συνορᾷν,
2775 3394 2854 3458 ὡς
2898 3391 3024 3446 ἐπεὶ
3067 3387 3280 3458 Πατρδς
3344 3387 3436 3438 καὶ
3472 3383 3539 3437 ἐκ

1961 3494 2175 3563 Πατρὸς
2204 3493 2423 3560 λέγεται
2462 3488 2524 3543 τὸ
2572 3486 2823 3555 Πνεῦμα,
2876 3485 2925 3537 οἰ
2956 3482 3205 3550 ¹Πατέρα
3256 3474 3401 3569 εἰναι
3442 3474 3539 3527 τὸν

1962 3589 2089 3641 Υἰὸν
2115 3581 2550 3652 ἁπαγορεῦοντες
2585 3576 3099 3648 συναπαγορεῦουσι
3128 3574 3221 3628 καί
3270 3571 3370 3644 τὴν
3396 3570 3541 3624 κατὰ

1961 3683 2021 3734 τὸ
2057 3678 2388 3748 προϐάλλειν
2413 3674 2493 3743 τῷ
2523 3671 2635 3741 Υἰῷ
2668 3669 2957 3724 κοινωνίαν
2990 3667 3127 3737 πρὸς
3151 3668 3245 3719 τὸν
3290 3662 3537 3731 Πατέρα,

1965 3770 2093 3831 ῐσως
2120 3769 2154 3837 ἢ
2188 3767 2284 3820 καὶ
2311 3762 2489 3833 ἑαυτῷ
2526 3762 2626 3832 τὴν
2654 3762 2778 3830 ῐσην
2838 3758 3088 3827 ἐγκαλῶν
3137 3757 3342 3817 ἄνοιαν,
3395 3751 3540 3823 τάχα

1963 3862 2021 3914 δὲ
2062 3859 2158 3912 καὶ
2208 3855 2460 3926 μείζονα,
2506 3855 2631 3906 ὅσον
2689 3849 2893 3912 συνιεὶς
2946 3849 3007 3902 τὸ
3067 3846 3268 3902 ἄτοπον
3322 3845 3539 3917 δέχεται
3598 3916 3609 3923 _

1964 3954 2139 4022 ὅμως,
2168 3952 2255 4004 διὰ
2300 3950 2361 4002 τὸ
2394 3946 2623 4016 Πνεῦμα
2674 3944 2901 4014 Πνεῦμα
2960 3942 3217 4013 λέγεσθαι
3288 3939 3441 3994 Υίοῦ.
3478 3939 3540 3992 Εἰ

1964 4044 2072 4111 γὰρ
2102 4039 2310 4106 [ἰατρὸς
2343 4038 2436 4091 καὶ
2469 4038 2534 4089 ὲκ
2594 4032 2809 4105 Πατρδς
2856 4030 2975 4086 κατ’
3026 4028 3188 4083 αὐτὸν
3236 4027 3453 4094 λέγεται
3480 4024 3544 4078 τὸ

1966 4133 2212 4200 Πνεῦμα,
2245 4130 2297 4182 οἱ
2321 4127 2539 4195 Πατέρα
2584 4120 2726 4177 εἶναι
2778 4123 2871 4175 τὸν
2914 4120 3043 4173 Υἰδν
3098 4119 3540 4187 ἀπαγορεύοντες

1966 4229 2027 4281 οὐ
2053 4204 2153 4296 τὴν
2175 4224 2319 4277 κατὰ
2350 4220 2411 4272 τὸ
2448 4216 2774 4289 προϐάλλειν
2793 4215 2871 4283 τῷ
2898 4212 3011 4282 Υἰῷ
3041 4211 3176 4283 πρὸς
3197 4212 3288 4262 τὸν
3320 4207 3539 4277 Πατέρα

1968 4316 2254 4374 κοινωνίαν
2308 4307 2817 4377 συναπαγορεῦουσι
2881 4305 3078 4373 μόνον,
3135 4301 3271 4354 ἀλλὰ
3328 4301 3423 4353 καὶ
3482 4301 3544 4352 τ’)

288 4409 418 4474 tris,
452 4419 509 4464 et
570 4423 636 4462 ex
663 4409 827 4463 Patre
877 4423 1000 4464 esse
1042 4407 1268 4471 dicitur,
1332 4400 1426 4476 qui
1476 4407 1689 4463 Patrem
1742 4421 1851 4463 esst

1972 4406 2198 4476 Πνεῦμα
2254 4403 2386 4458 Υἱοῦ
2438 4399 2714 4476 λέγεσθαι.
2783 4396 2850 4450 Ἢ
2907 4394 3112 4463 ταύτην
3169 4391 3386 4460 φεύγων
3442 4388 3545 4459 τὴν

293 4499 494 4555 Filium
526 4509 748 4570 negant,
783 4514 890 4555 non
930 4506 1143 4554 tantum
1179 4498 1345 4554 simul
1378 4507 1579 4567 negant
1608 4511 1851 4551 eommu«

1969 4467 2175 4560 ἄνοιαν,
2207 4497 2287 4557 εἰς
2322 4467 2521 4562 ἑτέραν
2556 4470 2732 4558 πολλῷ
2786 4487 3011 4557 μείζονα
3057 4486 3402 4554 ἐμπεσεῖται,
3468 4481 3546 4550 μὴ

294 4605 423 4643 nem
473 4604 595 4645 esse
651 4588 791 4645 Filio
856 4606 983 4646 cum
1039 4590 1199 4645 Patre
1229 4590 1338 4645 vim
1374 4589 1734 4660 producendi.
1767 4587 1851 4643 sed

1972 4591 2176 4658 λέγειν,
2200 4586 2333 4658 μηδὲ
2383 4584 2598 4652 φρονεῖν
2626 4583 2688 4635 τὸ
2736 4579 2958 4648 Πνεῦμα
3004 4576 3228 4647 Πνεῦμα
3261 4573 3549 4629 Υἰοῦ.Καὶ

295 4683 461 4738 etiam
486 4692 684 4755 negant
711 4684 975 4758 Spiritum
1005 4685 1115 4740 dici
1133 4684 1277 4739 Filii.
1318 4682 1412 4741 Vel
1438 4683 1482 4738 si
1513 4684 1655 4739 lianc
1683 4695 1851 4737 amen-

1975 4681 2145 4743 οῦτως
2176 4679 2366 4748 ἁπάσῃ
2381 4663 2573 4749 Γραφῇ
2606 4673 2866 4727 τάναντία
2888 4674 3025 4742 ἐρεῖ.
3064 4670 3222 4723 Οῦτω
3245 4670 3337 4725 καὶ
3352 4667 3549 4728 οὖτοςὸ

298 4778 432 4835 tiam
466 4778 640 4833 vitare
680 4777 940 4846 voluerit,
979 4780 1035 4833 in
1061 4778 1223 4833 aliam
1284 4778 1444 4846 longe
1485 4776 1747 4845 majorem
1779 4773 1851 4829 in-

1976 4771 2132 4839 λόγος
2165 4770 2488 4840 ἰλήλεγκται
2526 4766 2659 4819 πολὺ
2707 4764 2770 4817 τὸ
2802 4762 3163 4817 ἀνεπίστατον
3208 4759 3547 4828 περιφέρων.

298 4870 477 4938 cidet;
531 4880 743 4924 ut.non
777 4871 922 4925 dicat
958 4849 1139 4940 neque
1164 4870 1365 4926 sentiat
1411 4868 1675 4939 Spiritum
1706 4880 1828 4922 esse
1870 4863 1989 4919 Filii
2028 4863 2321 4932 Spiritum.
2354 4860 2529 4930 Atque
2585 4858 2660 4911 ita
2690 4856 2978 4910 aﬂirmabit
3009 4871 3073 4909 ea
3098 4868 3218 4922 quae
3242 4851 3341 4905 toti
3381 4850 3538 4905 Scri-

298 4974 474 5049 ptura:
503 4979 672 5020 sacra:
696 4966 975 5021 contraria
1013 4966 1143 5021 sint.
1175 4966 1331 5022 Hunc
1365 4966 1419 5019 in
1456 4961 1680 5017 modum
1721 4960 1879 5016 istam
1910 4972 2128 5031 quoque
2161 4955 2425 5012 rationem
2450 4949 2871 5012 eonfutavimus,
2911 4961 3036 5003 cum
3073 4947 3304 4999 multum
3341 4944 3540 4999 incon-

302 5062 618 5118 siderantite
659 5063 713 5117 in
749 5077 807 5120 se
836 5063 1129 5123 contineat.

821 5208 965 5262 Vacci
1014 5211 1067 5263 in
1108 5207 1390 5263 decimam.

377 5329 706 5392 Praesentes,
763 5338 903 5395 quas
961 5323 1154 5380 Patres
1206 5321 1415 5391 scripto
1491 5306 1873 5390 prodiderunt,

307 5420 634 5485 sententias,
668 5418 725 5473 in
770 5414 972 5486 quibus
999 5413 1304 5484 theologice
1376 5421 1738 5468 asserucrunt
1791 5410 1877 5464 Fi-

310 5512 444 5571 lium
481 5524 603 5567 esse
626 5507 913 5580 preprium
964 5506 1168 5573 Patris,
1224 5511 1439 5575 utpote,
1462 5503 1557 5573 qui
1598 5518 1664 5557 ex
1705 5500 1880 5570 ipsius

308 5603 553 5662 essentia
580 5602 673 5668 sit,
698 5609 755 5656 et
774 5617 841 5658 ex
871 5601 994 5670 ipso
1022 5614 1167 5665 esse,
1194 5599 1396 5669 quippe
1426 5594 1683 5665 proprius
1711 5592 1881 5661 ipsius

315 5694 572 5749 essentia:
596 5694 847 5759 exsistat,
902 5691 995 5747 hic
1042 5690 1409 5761 subiecimus;
1445 5687 1662 5741 utliine
1721 5684 1881 5738 liccat

315 5782 527 5842 volenti
602 5798 894 5853 agnoscere
954 5782 1243 5853 Spiritum,
1271 5781 1343 5837 ob
1373 5793 1496 5835 eam
1530 5791 1748 5835 causam
1774 5775 1882 5832 dici

2372 5192 2488 5247 Tov
2518 5191 2749 5246 Βέκκου
2794 5192 2881 5254 εἰς
2910 5188 3025 5254 τὴν
3076 5185 3128 5241 ι’.

2055 5312 2122 5367 Αἰ
2147 5307 2418 5380 παροῦσαι
2447 5306 2722 5378 γραφικαὶ
2749 5304 2959 5375 ῥήσεις,
2990 5303 3047 5354 ὲν
3086 5293 3175 5364 αἷς
3202 5300 3251 5353 οἰ
3317 5300 3561 5371 Πατέρες

1986 5404 2349 5473 ὲθεολόγησαν
2375 5400 2507 5454 ίδιον
2530 5397 2624 5452 τοῦ
2652 5396 2865 5464 [lat-pb;
2887 5394 2976 5447 τὸν
2999 5394 3129 5447 Υἰδν
3174 5388 3339 5460 εῖναι,
3369 5392 3444 5457 ὥς
3496 5394 3563 5446 ἐκ

1988 5498 2086 5567 τῆς
2110 5494 2303 5558 οὐσίας
2339 5490 2507 5546 αὐτοῦ
2535 5490 2687 5552 ὄντα,
2722 5487 2816 5542 διαὶ
2853 5488 2914 5553 ἐξ
2941 5486 3110 5540 αὐτοῦ
3150 5480 3291 5540 εἶναι
3329 5485 3402 5549 ὡς
3430 5484 3565 5537 ἴδιον

1990 5590 2118 5642 ὄντα
2169 5588 2268 5657 τῆς
2317 5584 2505 5647 οὐσίας
2570 5582 2759 5648 αὐτοῦ,
2822 5580 3278 5652 κατεστρώθησαν
3325 5576 3564 5630 ἐνταῦθα

1995 5682 2059 5735 ἵν’
2116 5681 2203 5748 εἴη
2246 5678 2322 5748 τῷ
2374 5675 2684 5747 βουλομένῳ
2743 5673 2994 5727 ἐντεῦθεν
3037 5673 3441 5740 διαγινώσκειν,
3486 5668 3562 5728 ὡς

1994 5777 2087 5831 καὶ
2114 5774 2175 5828 τὸ
2224 5770 2446 5842 Πνεῦμα
2482 5768 2579 5847 ἴδια
2623 5769 2781 5824 τοῦτο
2833 5770 2962 5825 [διον
3007 5766 3100 5823 τοῦ
3159 5764 3286 5819 Υἰοῦ
3345 5763 3567 5839 λάγεται
