3966 6218
329 370 433 435 2η

1298 369 1683 431 APOLOGIA
1726 367 2347 432 INSCRIPTIONUM
2394 370 2633 436 VECCI.

3490 369 3601 436 278

335 481 498 546 εἶναι,
522 478 612 533 διὰ
638 478 698 532 τὸ
733 480 797 532 ἐκ
818 481 915 548 τῆς
942 479 1128 542 οὐσίας
1159 481 1324 533 αὐτοῦ
1355 479 1516 536 εἶναι.
1567 484 1677 536 Καὶ
1704 479 1770 537 αὖ
1830 483 1917 536 διὰ

2031 485 2303 553 proprium
2330 499 2451 541 csse
2475 485 2622 547 Filii,
2649 493 2937 554 propterea
2962 484 3109 554 quod
3132 485 3200 541 ab
3218 486 3390 556 ipsius
3409 500 3603 541 essen-

334 574 498 628 :05:0
528 576 593 626 ἐκ
640 570 740 642 τῆς
769 573 961 636 οὐσίας
1026 573 1118 625 τοῦ
1173 573 1301 627 Υίοῦ
1348 575 1568 642 λέγεται
1619 573 1780 642 εἶναι,
1833 576 1922 630 διὰ

334 664 398 721 :0
436 665 538 727 τῆς
584 662 845 730 τοιαύτης
891 662 1081 726 οὐσίας
1132 662 1261 715 ίδιον
1309 665 1516 733 ἀγαθὸν
1572 662 1713 720 εἶναι
1766 666 1919 722 αὐτό.

340 758 524 817 Ὅπερ
562 756 818 825 ἐμφαίνει
848 756 943 808 καὶ
975 754 1077 824 τὴν
1118 755 1254 825 πρὸς
1299 756 1391 811 τὸν
1439 756 1568 811 Υίὺν
1619 758 1712 812 τοῦ
1757 760 1925 812 Πνεύ-

339 863 510 915 ματο;
541 845 962 914 ὀμοουσιότητα.
995 846 1057 899 Ei
1090 846 1201 918 γὰρ
1226 848 1349 900 κατ’
1374 846 1535 901 ἄλλον
1578 850 1699 901 τινὰ
1763 848 1922 914 λόγον

335 935 778 1011 ὀμσουσιότητος,
832 936 1019 1003 ὁποῖός
1051 937 1198 990 ἐστιν
1228 941 1255 990 0
1304 938 1430 1007 περὶ
1464 938 1558 992 δύο
1600 940 1762 993 τινῶν
1790 940 1921 1008 ὀμο-

336 1026 536 1079 ουσίων
562 1025 877 1096 λεγόμενος,
907 1028 965 1080 ὲν
986 1022 1069 1091 οἷς
1100 1031 1199 1082 οὐκ
1236 1030 1354 1082 ἔστι
1380 1030 1469 1084 διὰ
1493 1030 1587 1083 τοῦ
1632 1030 1821 1099 ἑτέρου
1858 1030 1918 1083 :0

336 1118 546 1188 ἕτερον,
584 1114 652 1187 ἦν
683 1119 747 1172 ἂν
773 1117 832 1171 :0
854 1119 1078 1189 Πνεῦμα
1116 1120 1247 1175 ίδιον
1276 1123 1372 1175 τοῦ
1410 1122 1541 1175 Υίοῦ
1575 1124 1667 1176 καὶ
1701 1126 1767 1176 ὲκ
1818 1123 1918 1190 τῆς

337 1210 528 1273 οὐσίας
549 1209 645 1264 τοῦ
681 1210 834 1278 Υἰοῦ,
863 1207 932 1282 ἦν
973 1213 1041 1267 ἂν
1072 1214 1163 1267 καὶ
1196 1215 1223 1266 ὀ
1251 1214 1379 1276 Υἱὸς
1419 1214 1547 1277 ἴδιος
1599 1215 1690 1269 τοῦ
1747 1214 1920 1268 Πνεύ-

342 1318 532 1370 ματος,
556 1302 655 1355 καί⁵
683 1303 748 1356 ὲκ
784 1304 881 1371 τῆς
908 1306 1100 1368 οὐσίας
1121 1305 1215 1359 τοῦ
1243 1305 1588 1376 Πνεύματος,
1616 1307 1704 1360 διὰ
1737 1307 1797 1359 :0
1827 1310 1919 1362 ἁν-

338 1394 634 1463 τίστροφον
664 1394 767 1463 τῆς
806 1395 1065 1465 τοιαύτης
1099 1400 1536 1469 ὀμοουσιὸτητος.
1575 1400 1749 1469 Ὅπερ
1789 1398 1916 1452 οὔτε

337 1483 543 1553 ἐρρέθη
575 1485 725 1553 παρά
750 1502 893 1548 τινος
917 1487 1024 1539 τῶν
1049 1488 1243 1556 ἁγίων,
1281 1488 1402 1544 οὔτε
1447 1490 1744 1559 ῥηθήσεται
1784 1506 1916 1543 ποτε

340 1577 500 1645 παρὰ
534 1594 625 1628 του
656 1576 761 1629 τῶν
785 1578 1032 1631 εὐσεϐεῖν
1064 1582 1160 1634 καὶ
1198 1581 1499 1651 ὀρθοδοξεῖν
1547 1582 1912 1651 αἱρουμένων.

356 1669 424 1723 Ἦ
450 1668 508 1722 δὲ
550 1671 771 1739 τοιαύτη
801 1672 1159 1741 ὁμοουσιότης
1188 1673 1307 1727 οὐδὲ
1362 1675 1567 1743 κυρίως
1625 1675 1915 1745 ὁμοουσιό·

2027 577 2098 630 tia
2119 577 2208 631 sit.
2234 577 2301 630 Et
2318 593 2530 640 rursus,
2554 576 2763 633 idcirco
2781 574 2889 630 dici
2906 592 2971 630 ex
2992 576 3299 632 substantia
3321 576 3440 631 Filii
3458 592 3605 641 esse,

2024 668 2152 734 quia
2175 666 2295 723 talis
2334 668 2653 722 substantia:
2677 666 2960 736 proprium
2985 666 3189 720 bonum
3227 667 3349 735 ipse
3367 674 3603 720 constat.

2023 758 2153 825 Quae
2174 774 2263 813 res
2295 758 2500 814 indicat
2524 759 2686 812 etiam
2711 756 3340 811 consubstantialitalem
3366 756 3607 824 Spiritus

2024 848 2091 903 ad
2108 847 2390 905 Filium.Si
2403 848 2548 903 enim
2568 847 2868 904 secundum
2883 846 3176 916 quamdam
3195 846 3356 901 aliam
3372 847 3606 902 consub—

2022 938 2394 995 stantialitatis
2416 941 2708 1003 rationem,
2745 938 2925 1007 qualis
2944 946 3027 992 est
3058 936 3204 993 inter
3230 937 3341 992 duo
3364 938 3607 993 consul)-

2021 1030 2318 1087 stantialia.
2359 1031 2414 1086 in
2449 1032 2647 1102 quibus
2671 1047 2781 1085 non
2827 1038 2912 1086 est
2955 1030 3184 1086 alterum
3218 1046 3316 1100 per
3346 1030 3603 1095 alterum,

2022 1127 2258 1197 Spiritus
2286 1136 2431 1181 esset
2451 1124 2703 1195 pr0prius
2729 1120 2867 1184 Filii.
2925 1133 2980 1178 et
3002 1136 3071 1177 ex
3118 1121 3425 1177 substantia
3482 1121 3605 1176 Filii

2020 1221 2186 1277 etiam
2216 1219 2360 1273 [ilius
2381 1228 2527 1273 esset
2548 1217 2807 1289 proprius
2829 1215 3065 1286 Spiritus
3088 1214 3289 1277 sancti,
3318 1222 3371 1269 et
3394 1230 3459 1268 ex
3480 1213 3609 1267 sub-

2020 1312 2217 1366 stantia
2244 1310 2517 1380 Spiritus:
2548 1308 2814 1379 siquidem
2848 1306 3113 1378 ejusmodi
3133 1304 3609 1361 consubstantiali-

2024 1413 2108 1460 tas
2131 1405 2528 1474 reciprocatur.
2555 1400 2701 1471 quod
2723 1416 2885 1456 nemo
2910 1408 3227 1456 sanctorum
3251 1398 3407 1462 dixit,
3429 1413 3610 1467 neque

2019 1497 2221 1565 aliquis
2251 1510 2494 1564 unquam
2533 1494 2699 1557 dicet,
2742 1492 2837 1562 qui
2870 1493 3013 1548 inter
3032 1492 3154 1561 pios
3194 1499 3252 1547 et
3276 1489 3612 1546 ortltodoxos

2020 1589 2221 1644 ascribi
2252 1586 2514 1642 voluerit.
2557 1585 2847 1655 Ejusmodi.
2884 1592 3066 1640 autem
3125 1582 3612 1640 consubstantiali-

2021 1695 2103 1740 tas
2137 1696 2317 1750 neque
2340 1678 2561 1749 proprie
2595 1686 2677 1734 est
2703 1678 3263 1743 consubstantialitas,
3290 1676 3383 1737 sed
3408 1692 3472 1732 ea
3491 1691 3614 1745 quae

338 1776 441 1829 της
462 1762 631 1827 ἐστὶν,
662 1761 824 1832 ἀλλ’ἢ
859 1764 1210 1818 συνάπτουσα
1238 1766 1299 1819 :0
1356 1766 1544 1837 ἕτερον
1596 1766 1676 1837 τῷ
1717 1767 1914 1838 ἐτέρῳν

2031 1776 2260 1830 alterum
2295 1788 2419 1828 cum
2453 1772 2627 1827 altero
2679 1771 2995 1840 conjungat,
3051 1779 3240 1840 utpote
3289 1769 3437 1839 quod
3514 1783 3611 1837 per

340 1851 413 1914 ὡς
448 1851 517 1903 δι’
544 1853 713 1906 αὐτοῦ
742 1853 776 1923 ἥ
810 1854 866 1920 ἐξ
897 1855 1061 1909 αὐτοῦ
1088 1857 1334 1928 ὑπάρχον
1360 1859 1604 1927 φυσικῶς
1634 1878 1692 1914 τε
1719 1861 1813 1914 καὶ
1838 1861 1928 1914 οὐ·

343 1944 571 2006 σιωδῶς.
605 1944 714 1999 Καὶ
745 1947 1087 2016 μαρτυρήσει
1112 1947 1271 2003 τοῦτο
1300 1951 1333 2020 ἡ
1360 1949 1594 2003 ἐνταῦθα
1618 1967 1926 2019 κατεστρωδ

346 2035 485 2104 μένη
519 2035 614 2088 τοῦ
650 2037 895 2106 μεγάλου
957 2040 1245 2095 Βασιλείου
1312 2042 1493 2112 ῥῆσις,
1558 2042 1591 2109 ἡ
1642 2042 1924 2111 προδήλως

340 2127 578 2195 λέγουσα
617 2130 694 2198 μὴ
727 2130 797 2184 τὰ
836 2131 1044 2201 ἀδελφὰ
1069 2133 1325 2203 ἀλλήλοις
1349 2136 1613 2203 ὁμοούσια
1643 2135 1923 2203 λέγεσθαι.

342 2221 735 2291 ΠροστίΘενται
766 2224 823 2275 δὲ
860 2227 982 2287 ταῖς
1025 2227 1309 2287 τοιαύταις
1365 2228 1555 2298 ρήσεσι
1597 2231 1695 2283 καὶ
1735 2229 1923 2298 ἕτεραι

345 2312 556 2381 ῥήσεις,
584 2313 641 2364 αἱ
673 2313 937 2381 δηλοῦσαν,
971 2316 1057 2371 διὰ
1090 2318 1247 2371 τοῦτο
1279 2316 1416 2373 εῖναι
1448 2320 1541 2374 τὸν
1570 2321 1700 2375 Υίὺν
1725 2321 1926 2391 ὁμοσύ-

345 2420 462 2456 σιον
492 2404 569 2472 τῷ
592 2406 791 2476 Πατρὶ,
815 2407 907 2460 διὰ
934 2409 995 2461 :0
1034 2411 1097 2462 ἐκ
1145 2410 1245 2480 τῆς
1307 2412 1496 2475 οὐσίας
1543 2412 1710 2466 αὐτοῦ
1757 2408 1920 2473 εἶναι,

345 2495 414 2548 ἶν’
448 2496 531 2566 εἴη
590 2496 669 2567 τῷ
724 2500 1038 2569 βουλομένῳ
1090 2492 1345 2557 ἐντεῦθεν
1390 2504 1790 2570 διαγινώσκειν,
1847 2504 1922 2566 ὼς

343 2591 439 2643 καὶ
470 2590 531 2642 :0
562 2591 787 2659 Πνεῦμα
816 2591 905 2644 διὰ
940 2592 1101 2646 τοῦτό
1154 2596 1274 2651 ἐστι
1317 2596 1395 2663 τῷ
1454 2596 1568 2664 Υἱῴ
1610 2596 1916 2665 ὁμοούσιον,

343 2684 421 2735 ὅτι
462 2684 525 2737 ὲκ
560 2684 659 2751 τῆς
692 2682 858 2757 αὐτοῦ
891 2685 1083 2748 οὐσίας
1122 2686 1290 2741 ἐστίν.
1325 2688 1446 2740 Ἔτι
1470 2688 1526 2740 δὲ
1559 2689 1918 2756 προσεπενεί-

347 2792 529 2843 ρονται
558 2776 783 2841 ταύταις
823 2780 915 2831 καὶ
959 2778 1143 2850 ἕτεραι
1196 2782 1484 2851 ρήσεις,αί
1544 2781 1804 2850 δηλοῦσαι
1860 2782 1921 2834 τὸ

344 2867 440 2920 τοῦ
493 2868 815 2938 Πνεύματος
873 2872 1014 2940 πρὸς
1078 2872 1172 2924 τὸν
1231 2873 1451 2942 Πατέρα
1506 2874 1601 2927 καὶ
1644 2874 1736 2926 τὸν
1792 2873 1921 2927 Υίὸν

343 2958 651 3029 ὁμοούσιον,
684 2960 772 3014 διὰ
802 2961 862 3015 :0
891 2962 956 3014 ἐκ
981 2960 1076 3015 τοῦ
1104 2964 1316 3034 Πατρξς
1344 2962 1409 3017 δι’
1444 2962 1568 3017 Υίοῦ
1597 2961 1739 3018 εῖναι
1764 2963 1916 3018 αὐτό.

913 3076 1026 3131 Τοῦ
1071 3077 1343 3146 Παλαμᾶ.

419 3186 576 3250 ἰδιύς
598 3188 749 3241 ἐστιν
774 3188 802 3240 ὁ
827 3188 956 3250 Υίὶς
982 3188 1077 3242 τοῦ
1124 3190 1336 3259 Πατρδς
1370 3190 1444 3254 ὡς
1483 3191 1542 3259 ἐξ
1577 3192 1743 3247 αὐτοῦ
1802 3210 1923 3262 γεν-

344 3280 530 3351 νηθείς
559 3298 573 3312 ·
609 3282 684 3345 ὡς
712 3282 758 3336 δ’
791 3280 973 3346 αῦτως
1014 3285 1109 3337 καὶ
1140 3284 1199 3337 τί)
1230 3285 1458 3354 Πνεῦμα
1517 3286 1574 3339 :0
1615 3289 1791 3355 ἆγιον,
1853 3288 1928 3352 ὡς

346 3374 408 3439 ἐξ
435 3373 602 3426 αὐτοῦ
631 3375 724 3429 τοῦ
779 3374 991 3441 Πατρδς
1045 3377 1505 3447 ἐκπορευόμενον,
1564 3379 1707 3432 καθὰ
1749 3382 1844 3434 καὶ
1901 3381 1929 3432 ὁ

350 3466 526 3537 μέγας
576 3465 860 3531 Βασίλειος
900 3470 957 3520 ἐν
1005 3471 1121 3533 τοῖς
1173 3471 1310 3540 πρὸς
1375 3472 1743 3541 Εὐνομιανούς
1795 3492 1928 3544 φησι

345 3560 687 3625 κεσαλαίοις,
726 3560 975 3631 γράφων,
1014 3563 1128 3630 Τὴν
1166 3564 1303 3632 πρὸς
1348 3563 1439 3616 τὸν
1476 3565 1698 3634 Πατέρα
1734 3569 1930 3620 οἰκειπξ-

345 3668 486 3717 τητα
516 3651 622 3704 νοῶ
657 3651 751 3705 τοῦ
783 3650 1124 3721 Πνεύματος,
1148 3655 1343 3725 ἐπειδὴ
1396 3659 1545 3724 παρὰ
1594 3657 1686 3709 τοῦ
1721 3659 1927 3727 [imp-0.;

346 3743 729 3813 ἐκπορεύεται.
768 3742 1000 3809 Λέγεται
1030 3743 1085 3796 δὲ
1131 3743 1222 3798 τοῦ
1281 3744 1412 3798 Υἱοῦ
1461 3748 1705 3817 Πνεῦμα.
1755 3750 1927 3801 καῢά-

346 3851 455 3903 περ
486 3836 514 3887 ὁ
544 3834 706 3897 αὐτὸς
736 3837 796 3887 ἐν
833 3834 883 3903 η’
931 3836 1213 3908 κξφλ).ατῳ
1247 3839 1355 3891 τῶν
1409 3840 1541 3911 πρὸς
1582 3841 1931 3911 ’Λμιριλὸχιὸν

347 3942 540 3993 φησιν.
568 3925 645 3987 ὡς
676 3924 1002 3994 κατὰφύσιν
1050 3924 1397 3995 ᾠκειωμένον
1460 3927 1628 3997 αὐτῷ.
1667 3929 1821 3982 Ἔστι
1874 3930 1930 3981 δὲ

344 4021 455 4073 τῶν
498 4017 779 4070 ἀδυνάτων
817 4019 882 4071 τὰ
911 4022 975 4088 τῇ
1011 4019 1173 4085 φύσει
1198 4021 1373 4072 ταυτὰ
1413 4020 1487 4091 μὴ
1536 4021 1631 4074 καὶ
1678 4022 1929 4091 ἀλλήλοις

345 4111 524 4164 οἰκεῖα
554 4105 715 4166 εἶναι.
749 4112 823 4163 Οὐ
861 4110 1087 4178 λέγεται
1136 4111 1190 4164 δὲ
1222 4116 1251 4165 ὁ
1291 4113 1420 4174 Υίδς
1454 4113 1549 4166 τοῦ
1588 4115 1927 4182 Πνεύματος,

346 4203 439 4255 ῐνα
474 4201 549 4271 μὴ
580 4202 705 4272 δόξῃ
734 4201 923 4272 Πατὴρ
960 4201 1020 4254 :0
1051 4204 1273 4272 Πνεῦμα
1340 4206 1398 4258 :0
1445 4205 1625 4273 ἅγιον,
1675 4206 1770 4259 an
1836 4206 1929 4259 :05

347 4292 479 4347 Υίοῦ
512 4293 737 4361 Πατέρα
759 4293 1067 4354 δεικνύντος
1098 4296 1188 4348 τὸν
1209 4288 1341 4349 οὗτε
1351 4316 1381 4366 ρ
1406 4297 1472 4349 ἂν
1493 4297 1705 4366 λέγοιτο
1735 4304 1759 4353 ὁ
1780 4302 1928 4364 Υἱός.

359 4386 498 4439 Ὁδὲ
529 4385 740 4447 Βέκκος
796 4380 951 4450 οὗτος
993 4388 1054 4439 ἐκ
1089 4388 1201 4440 τῶν
1251 4388 1422 4456 ὐγιῶς
1476 4390 1708 4446 ἐνταῦθα
1770 4411 1931 4447 κατε-

2029 1868 2229 1937 ipsum,
2254 1866 2342 1921 vel
2369 1880 2434 1919 ex
2463 1864 2581 1934 ipso
2641 1862 2967 1917 naturaliter
2994 1870 3159 1931 atque
3178 1860 3614 1916 substantialiter

2028 1959 2276 2013 exsistat.
2304 1955 2474 2025 quue
2504 1952 2818 2015 testabitur,
2849 1965 2972 2021 quae
2999 1950 3091 2006 hic
3129 1949 3424 2019 subjicitur
3456 1948 3614 2004 Basi-

2026 2052 2088 2107 lii
2147 2050 2325 2120 Μεικηί
2375 2049 2669 2111 sententia,
2727 2061 2852 2117 quas
2892 2052 3082 2114 aperte
3130 2044 3363 2107 indicat,
3397 2058 3461 2099 ea
3491 2057 3614 2112 quze

2027 2159 2308 2215 germana,
2340 2142 2695 2211 fraternaque
2743 2147 2900 2203 sunt,
2962 2137 3189 2192 minime
3247 2136 3615 2191 consubstan-

2030 2238 2141 2294 tiali
2181 2233 2347 2290 adici.
2389 2234 2470 2288 Ad
2502 2235 2619 2288 haec
2661 2232 2806 2287 dicta
2855 2229 3343 2286 sanetnrum‘alias
3389 2236 3612 2305 prater-

2026 2342 2090 2397 ea
2118 2324 2374 2379 addimus
2411 2320 2735 2385 sententias,
2793 2333 2916 2388 quae
2950 2316 3266 2388 signiﬁcant
3322 2325 3610 2386 propterea

2027 2438 2148 2481 esse
2176 2420 2373 2475 Filium
2409 2413 2941 2473 consubstantialem
2984 2413 3159 2476 Patri,
3186 2411 3317 2481 quia
3345 2426 3414 2466 ex
3440 2410 3612 2479 ipsius

2027 2507 2334 2566 substantia
2375 2506 2475 2562 sit.
2528 2503 2601 2557 Ut
2629 2503 2759 2558 hinc
2806 2501 2972 2557 liceat
3034 2500 3240 2554 volenti
3288 2513 3608 2570 agnoscere,

2028 2601 2295 2672 Spiritum
2332 2611 2552 2667 quoque
2611 2594 2684 2651 ob
2725 2608 2850 2649 eam
2912 2606 3139 2647 causam
3188 2605 3313 2646 esse
3374 2589 3612 2645 consub-

2023 2692 2341 2751 stantialem
2390 2689 2551 2748 Filio.
2612 2687 2745 2759 quia
2792 2701 2861 2741 ex
2907 2684 3083 2755 ipsius
3148 2684 3453 2737 substantia
3504 2692 3609 2738 est.

2023 2789 2298 2843 Praeterea
2356 2798 2479 2838 cum
2529 2780 2618 2836 bis
2665 2779 2788 2833 alite
2834 2776 3126 2834 sententia:
3183 2784 3609 2836 connectuntur.

2022 2892 2146 2949 quae
2183 2873 2470 2929 declarant
2499 2865 3129 2925 consubstantialitatem
3156 2864 3397 2933 Spiritus
3420 2865 3487 2918 ad
3507 2862 3612 2918 Pa-

2023 2972 2185 3032 trem,
2215 2973 2271 3022 et
2299 2962 2528 3025 Filium,
2567 2958 2696 3029 quia
2725 2973 2794 3014 ex
2826 2958 2989 3025 Patre
3019 2971 3117 3026 per
3150 2955 3345 3011 Filium
3374 2955 3490 3026 ipse
3513 2956 3608 3011 sit-

2681 3069 2949 3125 Palamw.

2104 3191 2375 3262 Propriae
2428 3197 2510 3244 est
2566 3185 2739 3241 Filius
2798 3183 2999 3247 Patris,
3056 3191 3316 3251 tauquam
3371 3180 3438 3234 ab
3491 3179 3608 3249 ipso

2033 3288 2292 3359 genitus;
2335 3283 2588 3339 similiter
2613 3290 2669 3335 et
2698 3278 2938 3349 Spiritus
2957 3286 3178 3330 sanctus
3203 3285 3286 3329 est
3323 3274 3603 3345 proprius,

2032 3380 2237 3450 quippe
2269 3378 2361 3447 qui
2402 3376 2469 3429 ab
2497 3376 2615 3441 ipso
2671 3369 2953 3439 procedit;
2989 3367 3132 3422 sicut
3163 3376 3218 3420 et
3253 3381 3482 3436 magnus
3508 3365 3609 3420 Ba-

2032 3473 2190 3528 silius
2245 3471 2301 3524 in
2349 3460 2623 3536 capitibus
2657 3464 2937 3528 adversus
2968 3457 3314 3517 Eunomium
3362 3459 3608 3512 scribens;

2032 3564 2110 3619 ait
2143 3581 2157 3617 :
2199 3580 2219 3614 ί
2252 3559 2651 3629 Proprietatem
2705 3554 2945 3623 Spiritus
2984 3552 3048 3607 ad
3084 3552 3300 3606 Patrcm
3340 3550 3605 3619 intelligo,

2032 3652 2295 3725 quoniam
2327 3665 2391 3704 ex
2430 3649 2596 3703 Patre
2642 3644 2914 3717 procedit.
2956 3663 2975 3694 ι
3006 3644 3219 3697 Dicitur
3255 3648 3440 3695 autem
3490 3637 3611 3706 Spi-

2033 3748 2176 3801 ritus
2206 3743 2353 3807 Filii,
2396 3738 2864 3811 quemadmodum
2911 3736 3053 3790 idem
3110 3735 3225 3802 ipse
3265 3732 3519 3796 Basilius,
3555 3732 3608 3783 in

2033 3847 2228 3895 octavo
2252 3836 2435 3905 capite
2467 3834 2531 3888 ad
2566 3829 3038 3901 Amphilochium,
3090 3827 3365 3892 allirmat;
3407 3824 3609 3893 quippe

2034 3932 2138 4003 ipsi
2171 3938 2372 3985 natura
2401 3927 2730 3998 conjunctus
2760 3924 2855 3977 sit.
2891 3922 3054 3977 Nullo
3080 3918 3462 3981 autcmmodo
3492 3917 3607 3970 ﬁeri

2033 4033 2239 4096 potest.
2270 4031 2330 4077 ut
2355 4036 2476 4091 qua:
2509 4027 2700 4073 natura
2733 4014 2922 4069 eadem
2956 4020 3107 4075 sunt,
3138 4026 3245 4064 non
3273 4010 3435 4064 etiam
3467 4009 3612 4063 inter

2033 4132 2092 4171 se
2124 4115 2421 4184 conjuncta
2459 4110 2748 4164 exsistant.
2807 4106 3110 4167 Caeterum,
3156 4102 3333 4157 Filius
3369 4101 3610 4172 Spiritus

2036 4207 2213 4263 sancti
2239 4222 2358 4260 esse
2394 4221 2497 4258 non
2535 4202 2762 4266 dicitur,
2802 4215 2869 4254 ne
2910 4197 3152 4268 Spiritus
3193 4205 3419 4250 sanctus
3451 4195 3611 4248 Pater

2034 4314 2156 4353 esse
2195 4298 2484 4360 videatur;
2533 4294 2737 4362 quippe
2774 4291 2945 4344 Filius
2993 4290 3217 4345 Patrem
3261 4303 3386 4341 eum
3428 4296 3607 4339 osten-

2036 4390 2214 4448 deret.
2259 4388 2421 4456 cujus
2461 4384 2747 4437 diceretur
2793 4380 2989 4434 Filius.
3029 4378 3229 4433 Verum
3262 4377 3364 4431 iste
3397 4372 3609 4429 Veccus

350 4477 686 4546 στρωμένων
718 4476 931 4547 ῥήσεων
957 4479 1109 4532 οὐδὲν
1165 4480 1391 4547 συνάγει
1447 4481 1623 4549 ὐγιές.
1679 4484 1923 4551 Ἐξελέγ-

2034 4497 2102 4536 ex
2133 4481 2199 4533 iis
2233 4495 2372 4551 quas
2395 4477 2487 4532 hic
2509 4474 2767 4545 subjecit,
2800 4474 3003 4527 litteris
3029 4469 3362 4539 conscriptis
3389 4478 3611 4528 sentcn-

347 4585 503 4637 χεται
541 4570 726 4637 μέντοι
758 4570 850 4621 καὶ
884 4570 1016 4639 παρ’
1046 4571 1211 4623 αὐτοῦ
1266 4571 1458 4639 λέγων,
1507 4573 1595 4626 διὰ
1639 4575 1695 4625 :0
1734 4575 1928 4643 ὁμοσύ-

351 4678 465 4713 σιον
494 4662 560 4712 ἐκ
596 4660 698 4729 τῆς
753 4661 942 4723 οὐσίας
980 4662 1075 4714 τοῦ
1118 4662 1251 4715 Υίοῦ
1295 4663 1549 4731 λέγεσθαι
1584 4668 1643 4719 :0
1684 4666 1926 4736 Πνεῦμα.

352 4752 427 4803 Οὐ
460 4750 570 4820 γὰρ
609 4750 760 4803 ἔσται
794 4750 886 4803 διὰ
928 4750 1087 4804 τοῦτο
1140 4752 1232 4805 καὶ
1288 4753 1350 4804 ἐκ
1395 4754 1496 4822 τῆς
1554 4758 1923 4820 ὑποστάσεως.

352 4841 697 4911 Συμσήσεται
726 4842 838 4912 γὰρ
877 4842 936 4905 ἐξ
965 4842 1211 4913 ἀλλήλων
1243 4839 1386 4896 εῖναι
1418 4846 1616 4901 ταῦτα.
1682 4848 1773 4900 Διὸ
1835 4850 1927 4901 οὐ-

349 4933 460 4995 δεὶς
492 4933 757 4986 οὐδέποτε
790 4933 899 4988 τῶν
946 4935 1202 4988 ἁπάντων
1268 4937 1327 4987 :0
1370 4938 1594 5006 Πνεῦμα
1653 4940 1712 4991 :0
1772 4940 1925 5008 ἅγιον

350 5024 572 5094 εἴρηκεν
599 5027 664 5078 ἐκ
697 5027 795 5095 τῆς
836 5027 1190 5090 ὑποστάσεως
1252 5025 1393 5083 εἶναι
1449 5030 1542 5083 τοῦ
1597 5030 1751 5097 Υίοῦ,
1812 5033 1927 5085 ἀλλ’

351 5112 413 5163 ὲκ
442 5113 535 5167 τοῦ
557 5115 796 5185 Πατρός.

918 5231 1032 5286 Τοῦ
1084 5235 1354 5299 Νικαίας.

419 5341 532 5396 Οὐκ
572 5345 738 5413 ἀρκεῖ
771 5346 935 5414 μόνον
964 5347 1024 5397 :0
1057 5346 1222 5415 φάναι
1245 5362 1258 5375 '
1286 5348 1368 5400 δεῖ
1404 5348 1459 5401 δὲ
1502 5350 1593 5401 καὶ
1621 5351 1715 5421 τὴν
1756 5353 1924 5419 ἀνάγ-

352 5447 454 5500 κην
478 5431 820 5501 προσθεῖναι.
852 5431 949 5495 Τίς
990 5434 1103 5500 γὰρ
1150 5435 1184 5502 ἡ
1224 5434 1635 5503 ἀποκλήρωσις,
1664 5436 1792 5490 ίδιον
1822 5438 1923 5506 μὲν

348 5519 443 5572 τοῦ
467 5520 674 5591 Πατρδς
702 5521 963 5588 λέγοντας
994 5522 1053 5575 :0
1081 5521 1324 5592 Πνεῦμα.
1356 5526 1453 5577 καὶ
1490 5525 1555 5577 ὲκ
1579 5526 1673 5577 τοῦ
1708 5526 1921 5593 Πατρὺς

350 5605 486 5665 εἶναι
518 5612 652 5666 αὐτὸ
702 5613 945 5679 ἀκούειν,
991 5614 1122 5668 ἴδιον
1165 5616 1221 5667 δὲ
1266 5615 1360 5668 τοῦ
1407 5617 1539 5670 Υίοῦ
1586 5620 1646 5669 :0
1695 5620 1921 5688 Πνεῦμα

347 5703 665 5768 ἀκούοντας,
716 5703 790 5774 μὴ
838 5705 929 5759 τὸν
969 5706 1128 5759 αὐτὸν
1169 5710 1310 5761 νοεῖν
1339 5709 1561 5778 τρόπον,
1592 5709 1665 5772 ὡς
1700 5710 1757 5775 ἐξ
1791 5711 1918 5763 Υίοῦ

347 5792 543 5868 δηλαδὴ
566 5797 689 5868 ἕχον
720 5796 780 5851 :0
809 5791 973 5864 εἶναι,
1004 5799 1117 5854 ἀλλ¹
1141 5800 1201 5855 ὃν
1237 5799 1400 5863 αὐτὸς
1429 5800 1615 5873 ἕτερον
1645 5802 1920 5859 ἀναπλάτ-

2038 4574 2151 4631 tiis.
2180 4571 2317 4625 nihil
2344 4569 2461 4623 veri
2496 4568 2726 4637 colligit.
2760 4566 3013 4620 Attamen
3059 4562 3378 4631 coarguitur
3409 4569 3464 4615 et
3486 4574 3515 4613 a
3551 4573 3609 4613 se

2035 4669 2178 4738 ipso,
2229 4679 2351 4719 cum
2396 4661 2545 4740 dicat
2576 4669 2800 4729 propter
2827 4653 3456 4713 consubstantialitatem
3488 4650 3610 4720 Spi-

2036 4759 2205 4812 ritum
2260 4754 2369 4809 dici
2420 4752 2583 4816 Filii;
2619 4753 2697 4805 sic
2737 4750 2884 4803 enim
2926 4763 3034 4801 non
3092 4746 3198 4799 erit
3234 4754 3290 4799 et
3325 4758 3392 4797 cx
3440 4743 3610 4811 hypo-

2036 4849 2207 4910 stasi;
2246 4843 2532 4911 continget
2565 4841 2711 4894 enim
2757 4847 2817 4891 ut
2858 4840 3008 4912 alto.
3030 4838 3097 4892 ab
3142 4837 3317 4890 altero
3355 4834 3606 4887 exsistat.

2033 4937 2277 4993 Proinde
2321 4950 2486 4990 nemo
2533 4947 2777 5001 unquam
2838 4932 3084 4985 omnium
3124 4929 3284 4990 dixit,
3339 4925 3607 4995 Spiritum

2033 5043 2289 5087 sanctum
2325 5045 2394 5085 ex
2424 5026 2708 5101 hypostasi
2744 5040 2865 5081 csse
2899 5024 3047 5091 Filii,
3074 5022 3174 5092 sed
3199 5021 3392 5075 Patris.

2704 5225 2906 5279 Nicazni
2915 5264 2928 5278 .

2103 5344 2223 5398 Non
2254 5350 2343 5398 est
2376 5340 2511 5395 satis
2548 5347 2760 5394 tantum
2789 5336 3083 5403 aﬂirmare,
3123 5350 3313 5389 verum
3348 5351 3487 5405 opus
3522 5345 3607 5392 est

2031 5433 2423 5489 necessitatem
2448 5445 2669 5501 quoque
2704 5428 2949 5495 addere;
2976 5426 3110 5497 quid
3140 5427 3287 5481 enim
3316 5437 3402 5481 est
3422 5438 3633 5482 causaz'

2031 5543 2151 5591 cur,
2191 5540 2318 5581 cum
2341 5524 2583 5579 dicimus
2614 5521 2884 5591 Spiritum
2916 5519 3207 5590 preprium
3240 5535 3362 5576 esse
3401 5520 3600 5584 Patris,

2030 5618 2197 5672 etiam
2229 5632 2295 5672 ex
2335 5617 2495 5670 Patre
2538 5629 2659 5669 esse
2692 5612 3115 5684 intelligamus?
3156 5611 3293 5666 Cum
3326 5626 3458 5666 vero
3505 5628 3601 5666 au.

2030 5710 2215 5764 dimus
2260 5708 2527 5778 Spiritum
2571 5707 2861 5775 propriqu
2902 5720 3022 5759 esse
3052 5704 3199 5769 Filii,
3251 5720 3360 5759 nou
3405 5706 3606 5765 eodem

2030 5802 2194 5857 modo
2236 5800 2688 5871 interpretemur,
2725 5808 2982 5868 tanquam
3006 5808 3152 5859 cLex
3178 5796 3317 5853 Filio
3343 5797 3607 5861 videlicet
