3966 6218
348 368 454 434 279
1327 374 1827 443 BESSARIONIS
1862 384 1923 449 S.
1963 387 2035 448 R.
2073 388 2144 450 Ε.
2179 388 2646 455 CARDINALIS
3485 403 3588 464 280

347 479 546 534 habeat
575 493 696 535 esse
724 497 739 545 ;
772 481 867 536 sed
901 484 1207 538 secundum
1247 487 1408 541 aliam
1451 491 1720 547 rationem
1752 509 1915 564 quam

2026 516 2133 564 τεις
2163 499 2239 564 ὡς
2267 502 2324 554 ἐν
2352 501 2582 574 ὀνείροις
2615 503 2734 556 κατ’
2775 501 3044 567 ἐξουσίαν.
3087 504 3152 557 Ὃ
3197 503 3306 574 γάρ
3345 504 3440 558 τοῦ
3490 526 3586 576 μευ

346 568 471 638 ipse
513 570 667 624 velut
706 570 760 625 in
794 573 1004 628 somnis
1038 574 1104 628 ad
1137 575 1434 633 arbitrium
1473 581 1654 651 lingis.
1697 583 1916 639 Dictum

2026 591 2186 658 γάλου
2232 568 2514 646 Βασιλείου
2573 593 2798 661 ἐπάγεις
2840 594 2980 663 ὑπὲρ
3026 594 3183 664 ήμῶν
3209 568 3454 664 ᾑμάλλον.
3490 568 3588 650 ’καὶ

343 663 496 716 cnim
526 668 709 733 magni
746 665 959 729 Basilii,
996 669 1143 737 quod
1182 670 1434 737 adducis,
1487 675 1778 732 nobiscum
1818 694 1917 746 po-

346 753 458 807 tius
488 754 614 809 facit
640 773 654 821 ;
681 765 735 810 et
767 756 1092 826 imprudens
1119 771 1308 817 contra
1335 773 1384 820 te
1417 747 1549 820 illud
1570 767 1752 823 aﬂ’ers.
1780 768 1917 825 Cum

347 844 494 896 enim
547 845 712 899 unius
755 857 920 916 atque
971 851 1216 921 ejusdem
1267 856 1368 920 rei,
1408 858 1669 913 nimirum
1721 861 1914 931 hujus,

349 936 491 1002 quod
523 947 608 990 est
641 936 907 1007 Spiritum
951 952 1199 998 sanctum
1242 955 1440 1004 natura
1478 967 1602 1006 cum
1639 952 1797 1008 Patre
1829 955 1918 1010 Fi-

343 1025 529 1094 lioque
555 1029 841 1100 conjungi,
882 1032 1385 1094 demonstrationes
1417 1043 1661 1110 requirat
1701 1044 1917 1110 doctor,

345 1115 478 1169 illud
502 1119 647 1186 quod
693 1130 774 1174 est
803 1136 870 1174 ex
901 1123 1063 1180 Patre
1087 1127 1389 1195 procedere
1421 1141 1476 1185 et
1503 1132 1636 1187 illud
1664 1134 1787 1188 Filii
1811 1138 1918 1192 dici

345 1214 512 1273 atque
566 1223 712 1273 esse,
750 1211 1032 1278 producit,
1089 1215 1154 1268 ad
1210 1219 1354 1272 idem
1403 1223 1705 1289 pertinere,
1753 1235 1920 1296 atque

346 1296 495 1350 idem
529 1300 735 1367 valere,
775 1314 830 1357 et
863 1306 1026 1360 ambo
1059 1309 1423 1368 existimans:
1462 1317 1618 1386 cujus
1643 1319 1792 1373 enim
1834 1320 1920 1375 di-

348 1390 495 1443 citur
535 1393 796 1461 Spiritus,
841 1398 911 1452 ab
956 1415 1023 1454 eo
1071 1416 1202 1456 sane
1250 1414 1305 1458 et
1347 1407 1610 1475 Spiratur.
1652 1410 1731 1465 Tu
1788 1429 1919 1469 vero

347 1480 673 1546 absurdum,
709 1486 853 1553 quod
880 1490 1150 1558 sequitur,
1179 1502 1236 1547 et
1267 1494 1401 1548 illud
1423 1499 1564 1564 quod
1607 1506 1921 1560 necessario

349 1570 750 1639 reciprocatur,
773 1587 970 1647 estque
991 1581 1100 1635 tuis
1127 1581 1292 1639 dictis
1316 1598 1775 1659 consentaneum,
1794 1610 1919 1650 cum

347 1661 729 1734 subterfugere
769 1669 1013 1732 coneris,
1055 1672 1275 1729 etiamsi
1301 1677 1459 1733 valde
1505 1682 1672 1743 nolis,
1721 1685 1921 1740 adver-

346 1752 509 1808 sariis
561 1759 950 1824 patrocinaris.
990 1761 1112 1817 Non
1155 1765 1328 1836 enim,
1369 1770 1576 1840 inquis,
1614 1773 1787 1830 Filius
1837 1778 1922 1832 di-

347 1844 493 1898 citur
525 1846 766 1916 Spiritus
801 1855 998 1920 sancti,
1030 1871 1096 1910 ne
1123 1856 1364 1926 Spiritus
1395 1861 1557 1916 Pater
1583 1865 1756 1934 ipsius
1797 1884 1919 1925 esse

347 1935 645 1993 videatur:
673 1941 840 1996 etiam
885 1955 942 1999 tu
981 1946 1097 2016 ipse
1139 1953 1453 2009 concedens
1504 1956 1732 2012 relativa
1777 1961 1920 2016 reei-

349 2030 566 2093 procari
605 2052 615 2084 ;
648 2035 1117 2099 quemadmodum
1152 2051 1208 2096 et
1251 2058 1451 2098 nomen
1497 2045 1760 2115 Spiritus,
1794 2066 1920 2107 cum

347 2116 421 2170 sit
453 2119 767 2188 relativum,
795 2129 1042 2182 utetiam
1084 2140 1138 2185 tu
1179 2134 1314 2188 velis
1352 2137 1496 2191 nolis
1537 2138 1825 2206 fateberis,
1852 2145 1918 2198 ad

350 2209 656 2276 spirantem
699 2215 956 2285 inlertur,
1011 2223 1080 2277 ab
1118 2238 1300 2294 eoque
1355 2228 1623 2296 spiratur,
1671 2232 1828 2302 cujus
1865 2243 1922 2288 et

350 2301 553 2355 dicitur
588 2303 846 2373 Spiritus.
885 2311 1179 2370 Existimas
1206 2327 1387 2373 autem
1415 2335 1538 2375 cum
1564 2339 1630 2377 ex
1661 2301 1918 2381 substan-

348 2390 420 2442 tia
455 2391 577 2447 Filii
610 2409 732 2450 esse
765 2397 1035 2466 Spiritum
1067 2403 1329 2472 dicimus,
1363 2411 1528 2465 etiam
1579 2429 1646 2468 ex
1684 2431 1921 2484 persona

348 2482 500 2538 illius
535 2500 655 2542 esse
687 2492 913 2546 minimc
955 2493 1113 2550 fateri
1151 2513 1251 2552 nos
1279 2501 1398 2570 cogi
1435 2519 1450 2555 :
1478 2513 1532 2557 et
1563 2506 1630 2559 ad
1665 2482 1767 2562 hoc
1795 2525 1923 2578 pro-

350 2574 615 2640 bandum,
668 2583 856 2635 nescio
896 2585 1042 2640 unde
1097 2588 1398 2645 absurdum
1441 2594 1667 2663 aliquod
1716 2574 1922 2657 videris

348 2665 636 2736 colligere.
672 2669 775 2726 Sie-
801 2676 946 2728 enim
995 2676 1179 2747 inquis
1207 2681 1401 2736 :Alter
1449 2686 1518 2739 ab
1565 2687 1739 2742 altero
1775 2693 1916 2755 erit;

350 2769 611 2828 tanquam
643 2763 900 2820 videlicet
935 2767 1052 2823 ﬁeri
1078 2773 1276 2839 possit,
1313 2783 1372 2829 ut
1399 2785 1455 2830 et
1481 2777 1654 2834 Filius
1688 2797 1754 2836 ex
1790 2786 1920 2840 sub-

349 2851 553 2905 stantia
578 2852 843 2921 Spiritus,
875 2867 932 2912 et
980 2871 1277 2929 propterea
1309 2865 1477 2920 etiam
1508 2884 1576 2924 ex
1616 2869 1793 2939 ipsius
1823 2873 1923 2945 hy-

349 2942 552 3008 postasi
585 2943 834 3012 dicatur;
862 2957 1128 3016 quantum
1152 2966 1254 3024 ego
1284 2956 1598 3027 conjectura
1623 2942 1919 3030 perspicio,

349 3043 406 3088 et
434 3049 501 3088 ex
531 3043 624 3090 tua
659 3046 843 3093 mente
866 3039 1146 3113 intelligo;
1175 3045 1314 3099 nihil
1341 3047 1490 3101 enim
1511 3049 1631 3120 ipse
1653 3050 1918 3108 declaras.

2020 685 2161 736 κατὰ
2205 684 2686 756 σαυτοῦλέληθας
2730 684 3105 756 προκομίζων.
3154 687 3304 750 Ἐνδς
3348 688 3457 757 γάρ
3496 689 3589 743 τοῦ

2020 775 2183 828 αὐτοῦ
2211 777 2305 831 τοῦ
2369 778 2510 832 κατά
2560 779 2723 849 φύσιν
2779 779 3089 848 ᾠκειῶσθαι
3115 780 3293 850 Πατρὶ
3337 784 3430 834 καὶ
3472 781 3588 851 Υίῷ

2017 867 2079 918 τὸ
2113 868 2335 939 Πνεῦμα
2358 870 2419 922 τὸ
2448 870 2601 938 ἆγιον
2631 870 2938 936 ἀποδείξεις
2981 869 3162 940 ζητῶν
3192 872 3220 924 ὁ
3247 872 3590 936 διδάσκαλος,

2019 962 2080 1012 τό
2114 976 2174 1012 τε
2215 962 2278 1014 ἐκ
2321 960 2415 1015 τοῦ
2457 962 2672 1033 Πατρδς
2713 961 3139 1030 ἐκπορεύεσθαι,
3185 962 3283 1015 καὶ
3316 961 3410 1015 τοῦ
3460 962 3590 1015 Υίοῦ

2019 1049 2276 1116 λέγεσθαί
2319 1069 2380 1105 τε
2435 1055 2531 1107 καὶ
2583 1049 2742 1120 εἶναι,
2769 1054 3026 1126 προάγει,
3063 1053 3145 1116 είς
3187 1054 3351 1107 ταυτδ
3380 1055 3589 1124 φέρειν,

2023 1141 2116 1194 καὶ
2145 1141 2312 1195 ταυτδ
2351 1142 2615 1197 δύνασθαι
2649 1144 2748 1197 καί⁸
2779 1143 2947 1214 ἄμφω
2974 1144 3244 1214 οἰόμενος.
3269 1144 3343 1197 Οὐ
3375 1147 3484 1213 γάρ
3507 1145 3592 1196 λέο

2020 1249 2180 1300 γεται
2208 1234 2453 1305 Πνεῦμα,
2478 1235 2537 1302 ἐξ
2568 1237 2779 1290 ἐκείνου
2825 1235 2996 1305 δήπου
3025 1236 3122 1290 καὶ
3151 1238 3390 1292 πνεῖται.
3427 1237 3500 1289 Σύ
3535 1237 3592 1288 δὲ

2021 1323 2082 1376 τὸ
2109 1325 2378 1394 ἑπόμενον
2405 1327 2610 1380 ἄτοπον
2643 1328 2736 1380 καὶ
2758 1326 2858 1396 τὴν
2886 1327 3194 1394 ἀναγκαίαν
3223 1327 3593 1398 ἀντιστροφὴν

2022 1415 2136 1478 τοῖς
2173 1417 2284 1478 σοῖς
2323 1416 2506 1484 λόγοις
2549 1417 2954 1470 ἀκολουθοῦσαν
2988 1418 3281 1485 ἐκφεύγειν
3315 1419 3592 1487 πειρώμε-

2023 1524 2131 1570 νος,
2155 1508 2250 1561 καὶ
2287 1509 2360 1577 μὴ
2395 1510 2601 1578 σφόδρα
2631 1509 2955 1579 βουλόμενος
2984 1512 3098 1573 τοῖς
3127 1510 3396 1574 ἐναντίοις
3431 1528 3593 1580 συνη-

2022 1603 2228 1670 γορεϊς.
2257 1601 2333 1653 Οὐ
2364 1600 2474 1670 γὰρ
2499 1600 2736 1669 λέγεται,
2757 1603 2884 1672 φῂς,
2919 1601 3012 1655 τοῦ
3048 1603 3365 1672 Πνεῦματος
3391 1605 3419 1656 ό
3441 1603 3592 1666 Υἱὸς,

2024 1690 2112 1743 ’ίνα
2146 1691 2222 1761 μὴ
2252 1691 2441 1761 Πατὴρ
2467 1692 2634 1745 αὐτοῦ
2663 1692 2792 1764 δόξῃ
2817 1692 2878 1745 τὸ
2907 1694 3157 1762 Πνεῦμα,
3186 1694 3466 1762 ὁμολογῶν
3501 1694 3596 1747 καὶ

2027 1781 2193 1843 αὐτὸς
2221 1780 2292 1833 τά
2323 1782 2631 1851 ἀναφορικά
2673 1781 2810 1849 πρὸς
2853 1782 3280 1852 ἀντιστρέφοντα
3311 1782 3594 1851 λέγεσθαι,

2023 1871 2100 1935 ὡς
2131 1872 2225 1924 καὶ
2257 1871 2318 1925 τὸ
2340 1871 2435 1926 τοῦ
2469 1872 2786 1941 Πνεῦματος
2815 1872 2985 1942 ὄνομα
3027 1875 3358 1943 ἁναφορικδν
3398 1874 3477 1939 δν,
3518 1875 3596 1938 ὡς

2024 1965 2118 2017 καὶ
2149 1963 2375 2034 αὑτδςῆ
2426 1962 2567 2018 ἐκὼν
2615 1965 2648 2035 ἢ
2693 1963 2844 2018 άκων
2897 1965 3275 2035 ὁμολογήσεις,
3317 1965 3454 2036 πρὸς
3501 1966 3597 2018 τὸν

2023 2055 2252 2108 πνέοντα
2305 2054 2696 2124 ἀναφέρεσθαι,
2767 2056 3016 2109 πνεῖσθαί
3055 2074 3114 2110 τε
3156 2055 3215 2120 ἐξ
3262 2056 3490 2119 ἐκείνου,
3535 2049 3597 2110 οὑ

2023 2147 2118 2199 mi.
2151 2145 2366 2213 λέγεται
2413 2137 2663 2217 Πνεῦμα.
2705 2148 2780 2201 Tb
2802 2149 2845 2202 δ’
2880 2151 2943 2202 ἐκ
2981 2149 3081 2218 τῆς
3115 2148 3304 2210 οὐσίας
3334 2149 3427 2202 τοῦ
3461 2148 3596 2202 Υίοῦ

2023 2237 2202 2303 λέγειν
2231 2233 2370 2291 εἶναι
2416 2239 2476 2290 τὺ
2505 2240 2730 2309 Πνεῦμα
2769 2241 2843 2310 μὴ
2873 2241 3205 2309 ἀναγκάζειν
3232 2241 3472 2309 οἰόμενος
3503 2242 3600 2295 καλ⁸

2025 2328 2089 2380 ἐκ
2122 2327 2224 2395 τῆς
2250 2327 2600 2390 ὑποστάσεως
2621 2326 2763 2382 εἶναι
2791 2330 2977 2388 αὐτοῦ.
3002 2331 3094 2383 καὶ
3129 2330 3329 2383 ἄτοπόν
3355 2348 3406 2383 τι
3434 2332 3600 2385 συνά-

2024 2436 2142 2486 γειν
2171 2421 2368 2487 δοκεῖς,
2397 2423 2499 2474 οὐκ
2517 2417 2612 2474 οἷδ’
2638 2421 2762 2475 ὅθεν
2793 2423 2874 2484 εἰς
2895 2421 2992 2490 τὴν
3012 2421 3199 2475 τούτου
3224 2422 3596 2490 παράστασιν

2024 2513 2165 2566 οὕτω
2207 2513 2316 2584 γὰρ
2365 2513 2604 2574 ἔσονται,
2637 2515 2764 2586 φῂς,
2798 2514 2856 2578 ἐξ
2901 2513 3168 2586 ἀλλήλων,
3207 2515 3281 2577 ὡς
3317 2514 3600 2584 ἐγχωροῦν

2022 2603 2222 2673 δηλαδὴ
2257 2606 2350 2656 καὶ
2398 2605 2490 2658 τὸν
2519 2605 2649 2658 Υίὺν
2677 2607 2740 2656 ἐκ
2768 2605 2870 2674 τῆς
2900 2603 2996 2656 τοῦ
3046 2604 3363 2673 Πνεὺματος
3407 2605 3598 2666 οὐσίας

2023 2695 2300 2763 λέγεσθαι,
2333 2697 2427 2749 καὶ
2474 2696 2560 2748 διά
2591 2694 2749 2748 τοῦτο
2780 2694 2877 2747 καὶ
2919 2695 2983 2748 ἐκ
3011 2693 3114 2764 τῆς
3147 2693 3311 2747 αὑτοῦ
3354 2693 3597 2746 ὑποστά-

2026 2802 2185 2852 σεως,
2218 2788 2271 2840 εί
2291 2804 2344 2840 τι
2370 2788 2468 2856 τῆς
2500 2788 2597 2860 σῆς
2628 2786 2868 2848 διανοίας
2901 2786 3011 2855 ἐγὼ
3043 2785 3396 2856 στοχάζομαι.
3425 2785 3600 2839 Οὐδὲν

2023 2878 2132 2947 γὰρ
2162 2877 2326 2941 αὐτὸς
2355 2879 2680 2947 ἀποσαφεῖς.
2724 2877 2922 2933 Καίτοι
2948 2875 3094 2930 τοῦτ’
3120 2877 3253 2932 αὑτύ
3276 2877 3369 2931 τοῦ
3395 2879 3598 2948 ἡμετέ-

2025 2985 2120 3039 ρου
2154 2968 2316 3037 λόγου
2355 2969 2497 3039 μέγα
2531 2967 2852 3039 μαρτύριον.
2891 2968 3161 3023 Οὐδέποτε
3197 2968 3329 3036 γοῦν
3354 2969 3595 3038 οὐδαμοῦ

2023 3059 2116 3112 τὸν
2143 3058 2271 3113 Υίδν
2292 3060 2324 3131 ἢ
2349 3060 2440 3113 τὸν
2473 3060 2691 3126 Πατέρα
2721 3059 2999 3130 εὑρήσεις,
3021 3059 3082 3112 οὐ
3107 3058 3259 3129 παρά
3283 3061 3350 3129 τῇ
3377 3059 3596 3128 Γραφῇ,

347 3128 516 3197 Atqui
549 3129 652 3184 hoc
684 3130 826 3185 idem
869 3141 1073 3190 nostra:
1101 3137 1395 3193 sententia:
1431 3155 1686 3211 magnum
1718 3154 1804 3200 est
1832 3161 1920 3200 ar-

2026 3151 2081 3203 οὐ
2115 3150 2268 3220 παρὰ
2295 3153 2408 3213 τοῖς
2427 3150 2768 3215 διδασκάλοις
2792 3154 2856 3205 ἐκ
2885 3152 2984 3222 τῆς
3019 3152 3114 3205 τοῦ
3148 3153 3470 3220 Πνεῦματος
3499 3152 3595 3204 οὑ-

185 3250 187 3252 -
259 3285 264 3293 ί
345 3228 674 3287 gumentum
719 3223 1039 3292 :siquidem
1083 3242 1367 3298 nunquam
1406 3233 1618 3302 uspiam
1651 3238 1918 3305 reperies,

353 3326 463 3365 non
501 3311 554 3366 in
578 3312 752 3369 sacris
790 3313 1046 3380 Litteris,
1085 3332 1193 3372 non
1225 3320 1370 3390 apud
1399 3322 1675 3388 doctores,
1697 3326 1920 3392 Filium,

351 3401 438 3454 vel
461 3402 706 3469 Patrem,
745 3407 840 3474 qui
875 3421 944 3461 ex
992 3405 1303 3466 substantia
1345 3412 1585 3485 Spiritus
1617 3416 1873 3473 dicantur
1903 3437 1920 3477 :

352 3496 482 3560 quia
517 3497 776 3553 nimirum
803 3515 980 3569 neque
1007 3517 1071 3557 ex
1113 3505 1394 3575 hypostasi
1433 3508 1583 3564 illius
1606 3510 1736 3564 sint.
1769 3512 1839 3566 At
1871 3512 1916 3566 si

355 3586 525 3640 solam
555 3590 1210 3659 consubstantialitatem,
1234 3605 1294 3650 ut
1311 3611 1410 3652 vos
1439 3598 1630 3664 vultis,
1655 3599 1770 3654 haec
1789 3617 1916 3669 vox,

353 3682 433 3737 Ex
468 3683 796 3746 substantia,
820 3685 1223 3753 inquam,.esse
1245 3688 1393 3751 Filii,
1422 3691 1506 3744 vel
1537 3691 1714 3748 Patris
1747 3695 1923 3764 signi-

351 3774 573 3837 ﬁearet;
618 3775 694 3830 nil
728 3776 999 3841 obstaret,
1034 3779 1337 3848 quominus
1362 3781 1464 3844 hoc
1493 3785 1656 3838 etiam
1699 3786 1767 3840 de
1809 3787 1922 3841 illis

348 3864 650 3920 diceretur.
685 3867 840 3932 Quod
889 3869 932 3921 si
976 3858 1137 3924 nemo
1183 3881 1505 3927 sanctorum
1539 3891 1605 3929 ex
1640 3876 1920 3946 hypostasi

350 3958 473 4013 Filii
510 3973 632 4013 esse
661 3958 930 4029 Spiritum
972 3962 1130 4027 dixit,
1164 3974 1218 4018 at
1243 3981 1306 4019 ex
1341 3966 1480 4022 Filio
1502 3982 1622 4022 esse
1651 3978 1706 4023 et
1730 3986 1757 4022 a
1784 3970 1920 4025 Filio

347 4049 616 4102 exsistere
640 4049 764 4103 fassi
789 4059 936 4104 sunt.
955 4051 1085 4117 Quae.
1105 4053 1266 4108 verba
1287 4055 1522 4110 maxime
1541 4058 1920 4131 exsistcutiam

349 4140 589 4211 Spiritus
619 4141 950 4211 signiﬁcant.
983 4143 1361 4200 Occidentales
1411 4158 1593 4202 autem
1623 4150 1812 4205 Patres
1841 4161 1924 4205 at-

350 4247 458 4300 que
484 4234 737 4288 doctores
759 4235 922 4288 etiam
949 4249 1016 4289 ex
1039 4233 1178 4288 Filio
1201 4237 1502 4304 procedere
1527 4239 1818 4295 aﬂirmant.
1844 4243 1922 4296 Ex

351 4327 488 4387 Filio
513 4336 697 4382 autem
721 4343 844 4384 cum
866 4327 1046 4391 audis,
1075 4328 1129 4382 ni
1165 4345 1456 4397 personam
1479 4331 1601 4387 Filii
1640 4334 1923 4390 intellexe-

349 4420 448 4480 ris,
477 4421 677 4473 mirum
699 4435 829 4475 sane
865 4420 954 4474 sit.
978 4419 1238 4489 Alioquin
1272 4430 1328 4476 tu
1352 4438 1533 4493 neque
1551 4441 1618 4478 ex
1640 4425 1922 4497 hypostasi

2025 3240 2148 3304 σίας
2165 3235 2306 3294 εἶναι
2327 3240 2644 3311 λεγόμενον,
2671 3241 2760 3295 διά
2778 3242 2837 3295 τὸ
2868 3242 2994 3312 μηδ’
3020 3243 3085 3295 ἐκ
3105 3242 3207 3310 τῆς
3237 3242 3597 3304 ὑποστάσεως

2024 3333 2189 3387 αὐτοῦ
2225 3332 2494 3399 δήπουθεν
2520 3329 2680 3389 εἶναι.
2707 3333 2902 3388 Καίτοι
2929 3333 2979 3385 εί
3007 3333 3071 3386 τὸ
3093 3334 3379 3402 όμοούσιον
3409 3333 3594 3401 μόνον,

2022 3423 2098 3488 ὡς
2131 3424 2290 3495 ὑμεῖς
2330 3424 2607 3494 βούλεσθε,
2643 3423 2783 3494 αὕτη
2815 3427 2848 3494 ἠ
2880 3423 3045 3490 λέξις,
3074 3424 3135 3476 τὸ
3187 3425 3249 3477 ἐκ
3284 3425 3378 3491 τῆς
3409 3423 3598 3486 οὐσίας

2026 3510 2164 3569 εἶναι
2192 3515 2287 3569 τοῦ
2319 3516 2449 3568 Υίοῦ
2484 3516 2516 3587 ἦ
2552 3517 2646 3569 τοῦ
2688 3516 2902 3584 Πατρὺς
2934 3515 3098 3584 λέγω.
3143 3517 3462 3586 ἐσήμαινεν,
3507 3514 3602 3566 οὑ-

2024 3606 2135 3669 δέν,
2160 3607 2226 3660 ἂν
2255 3607 2461 3660 ἐκώλυε
2490 3608 2584 3659 καὶ
2612 3607 2773 3660 τοῦτο
2800 3606 3056 3677 ῥηθῆναι.
3084 3607 3146 3658 Et
3173 3607 3229 3659 δὲ
3260 3607 3451 3676 μηδεὶς
3487 3605 3600 3657 τῶν

2026 3697 2197 3759 ἁγίων
2227 3699 2290 3750 ἐκ
2314 3697 2410 3766 τῆς
2437 3698 2782 3762 ὑποστάσεως
2817 3696 2911 3750 τοῦ
2945 3697 3076 3750 Υίοῦ
3107 3691 3246 3749 εἶναι
3279 3697 3336 3749 τὸ
3370 3697 3601 3765 Πνεῦμα

2025 3787 2311 3858 ἐκήρυξεν,
2333 3787 2448 3840 ἀλλ’
2471 3783 2624 3841 εἷπον
2647 3790 2713 3841 ἐκ
2738 3786 2831 3840 τοῦ
2859 3787 2990 3840 Υίοῦ
3018 3783 3180 3854 εἶναι,
3207 3790 3299 3839 καὶ
3328 3777 3602 3857 ὑπάρχειν

2025 3881 2088 3932 ἐκ
2117 3878 2210 3932 τοῦ
2245 3878 2374 3932 Υἱοῦ
2397 3894 2410 3911 ³
2435 3878 2470 3932 ἃ
2501 3879 2735 3947 μάλιστα
2760 3879 2868 3931 τῶν
2896 3879 3160 3949 ῥημάτων
3185 3881 3284 3948 τὴν
3307 3880 3402 3932 τοῦ
3430 3881 3605 3934 Ilvati-

2027 3988 2197 4040 ματος
2241 3970 2599 4039 σημαίνουσιν
2634 3969 2890 4039 ὓπαρξιν.
2925 3971 2986 4024 Οἱ
3037 3969 3094 4022 δὲ
3123 3969 3331 4023 δυτικοὶ
3360 3972 3603 4041 Πατέρες

2023 4080 2083 4114 τε
2119 4063 2212 4115 καὶ
2243 4061 2580 4129 διδάσκαλοι,
2605 4063 2700 4115 καὶ
2731 4058 2795 4115 ἐκ
2853 4061 2948 4114 τοῦ
2985 4060 3118 4114 Υίοῦ
3165 4061 3599 4130 ἐκπορεύεσθαι.

2037 4156 2130 4206 Ἐκ
2164 4155 2256 4208 τοῦ
2280 4153 2411 4207 Υἱοῦ
2444 4155 2488 4207 δ’
2513 4153 2578 4208 ἂν
2612 4154 2849 4224 ἀκορων,
2876 4153 2924 4205 εί
2959 4153 3034 4222 μὴ
3063 4152 3160 4221 τὴν
3190 4152 3286 4205 τοῦ
3312 4151 3442 4204 Υἰοῦ
3471 4154 3603 4223 νοή-

2027 4263 2147 4308 σαις
2180 4246 2497 4311 ὑπόστασιν,
2533 4243 2719 4314 Θαῦμα
2750 4245 2817 4299 ἂν
2847 4244 2954 4313 εἴη.
2989 4245 3060 4298 Ἢ
3091 4244 3152 4295 σύ
3188 4260 3248 4310 γε
3281 4243 3390 4295 οὐδ’
3415 4244 3480 4296 ἐκ
3499 4245 3604 4313 τῆς

2023 4337 2120 4388 τοῦ
2170 4337 2384 4406 [ἰατρὸς
2417 4337 2773 4401 ὑποστάσεως
2803 4331 2957 4397 εἶπες
2991 4335 3056 4388 ἂν
3088 4332 3223 4388 εἶναι
3259 4336 3320 4390 τὸ
3350 4335 3600 4403 Πνεῦμα,

2027 4429 2075 4480 εί
2109 4429 2183 4498 μὴ
2210 4432 2238 4482 ό
2266 4428 2485 4499 Νύσσης
2531 4427 2833 4498 Γρηγόριος
2879 4427 3062 4496 μόνος,
3107 4427 3202 4478 καὶ
3247 4421 3400 4490 οὗτος
3451 4425 3605 4492 ama

352 4511 552 4578 Patris,
588 4513 804 4567 diceres
837 4528 961 4567 esse
993 4513 1286 4582 Spiritum,
1315 4516 1419 4570 nisi
1458 4515 1759 4588 Gregorius
1784 4519 1920 4588 Nys-

2030 4539 2134 4575 που
2167 4523 2276 4575 τῶν
2324 4521 2518 4576 ἐαυτοῦ
2550 4521 2748 4588 λόγων,
2792 4519 3019 4589 Πνεῦμα
3068 4519 3128 4571 τὸ
3176 4520 3274 4587 τῆς
3323 4520 3605 4587 πατρικῆς

351 4620 539 4666 sonus,
582 4613 636 4656 et
657 4605 702 4659 is
740 4605 856 4660 fere
885 4608 1076 4671 semel,
1109 4608 1161 4661 in
1183 4611 1298 4662 suis
1321 4609 1669 4666 orationibus
1695 4611 1926 4668 dixisset

354 4697 622 4766 Spiritum
663 4713 727 4750 ex
767 4709 994 4768 paterna
1025 4700 1303 4772 bypostasi
1341 4702 1662 4771 procedere.
1715 4704 1919 4759 Verum

353 4810 368 4841 ι
392 4806 418 4842 x
451 4790 611 4845 Patre
637 4791 890 4858 audiens,
942 4793 1209 4864 cujus-"rei
1240 4794 1399 4864 plena
1433 4804 1518 4848 est
1571 4796 1750 4850 onmis
1778 4795 1924 4851 Scri-

358 4891 542 4948 ptura,
589 4893 784 4936 cuncta
825 4882 930 4937 alia
967 4855 1125 4952 prius
1155 4901 1320 4954 quam
1366 4884 1706 4956 hypostasim
1748 4886 1924 4942 Patris

349 4973 718 5043 intelligeres,
747 4989 910 5044 quam
937 4975 1099 5044 plane
1130 4977 1362 5044 puerilis
1386 4987 1517 5031 sunt
1555 4977 1658 5032 ista
1697 4979 1923 5034 mentis.

356 5064 489 5121 Uter
522 5067 686 5135 igitur
725 5077 994 5132 vestrum,
1038 5077 1191 5132 tune,
1228 5085 1296 5122 an
1341 5069 1578 5135 Veccus,
1627 5068 1764 5123 nihil
1803 5069 1923 5125 sani

355 5159 581 5231 colligat
601 5201 615 5225 ,
648 5163 864 5218 ratione
896 5163 1012 5232 ipsa
1035 5162 1168 5217 satis
1198 5161 1636 5219 demonstratum
1673 5172 1777 5218 est.

816 5300 959 5354 Vecci
994 5301 1049 5354 in
1086 5301 1438 5356 undecimam.

423 5439 694 5505 Quoniam
737 5440 982 5510 quidam,
1017 5455 1141 5495 cum
1187 5440 1444 5507 audiunt,
1479 5439 1748 5510 Spiritum
1797 5455 1924 5495 san-

357 5541 507 5586 etum
535 5548 598 5586 ex
627 5531 932 5588 substantia
991 5549 1112 5588 esse
1151 5533 1302 5595 Filii.
1343 5532 1493 5588 aliud
1525 5533 1682 5588 aiunt
1707 5548 1828 5588 esse
1859 5550 1922 5588 ex

355 5625 694 5689 substantia,
729 5633 786 5680 et
839 5626 986 5681 aliud
1027 5642 1095 5680 ex
1129 5642 1386 5696 persona,
1435 5641 1562 5680 cum
1612 5625 1925 5696 perspicere

357 5729 467 5766 non
497 5715 695 5775 valeat,
726 5731 922 5769 nomen
956 5715 1080 5768 Filii
1117 5717 1521 5785 hypostaticum
1555 5732 1675 5771 csse
1704 5731 1923 5778 nomen,

351 5815 411 5862 et
460 5803 558 5866 qui
589 5803 746 5872 dicit,
802 5819 866 5859 ex
902 5805 1212 5862 substantia
1249 5807 1394 5875 Filii,
1437 5817 1610 5863 totum
1655 5807 1926 5877 signiﬁcat

2027 4613 2460 4683 ἐκπορευόμενον
2515 4612 2870 4674 ὑποστάσεως
2918 4611 3163 4681 εἴρηκεν.
3206 4610 3370 4663 Ἀλλά
3419 4613 3481 4663 τό
3515 4616 3604 4664 ἐκ

2028 4706 2239 4773 Πατρδς
2281 4705 2514 4769 άκοὺων,
2548 4703 2608 4757 οῦ
2646 4703 2864 4774 πλήρης
2898 4704 3051 4756 πᾶσα
3081 4701 3295 4771 Γραφὴ,
3324 4701 3501 4755 πάντα
3533 4702 3603 4754 ἂν

2030 4797 2231 4863 μᾶλλον
2261 4795 2293 4866 ἢ
2325 4799 2424 4866 τὴν
2451 4795 2546 4849 τοῦ
2573 4797 2786 4863 Πατρδς
2813 4795 2982 4857 ἐνόεις
3017 4795 3338 4855 ὑπόστασιν,
3361 4792 3436 4855 ὡς
3469 4793 3604 4860 σφό-

2024 4889 2127 4960 δρα
2160 4906 2222 4958 γε
2255 4888 2414 4942 ταυτὶ
2451 4888 2703 4952 παιδικῆς
2742 4887 3003 4947 διανοίας.
3039 4884 3274 4953 Πότερος
3313 4883 3407 4936 οὖν
3441 4883 3600 4953 ὑμῶν

2025 4981 2179 5033 οὐδὲν
2210 4979 2359 5046 ὑγιὲς
2384 4979 2609 5046 συνάγει
2640 4979 2751 5033 εἴτε
2775 4977 2958 5040 αὐτὸς.
2989 4976 3100 5030 εἴτε
3130 4976 3356 5040 Βέκκος,
3385 4978 3414 5029 ό
3438 4975 3600 5042 λόγος

2025 5074 2189 5143 ὀρκεῖ
2222 5073 2593 5144 παραστῆσαι.

2443 5290 2559 5346 Τοῦ
2591 5290 2821 5346 Βέκκου
2864 5292 2950 5355 εἰς
2979 5288 3094 5354 τὴν
3123 5294 3216 5340 ια’.

2112 5431 2333 5501 Ἐπειδὴ
2361 5429 2653 5490 ἀκούοντές
2681 5445 2825 5490 τινες
2849 5427 2910 5480 τὸ
2943 5426 3170 5494 Πνεῦμα
3204 5427 3267 5478 ἐκ
3294 5427 3386 5494 τῆς
3409 5426 3601 5488 οὐσίας

2026 5525 2122 5578 τοῦ
2159 5524 2310 5588 Υίοῦ,
2343 5524 2593 5589 λέγουσιν
2628 5521 2757 5574 ἄλλο
2784 5515 2926 5573 εἶναι
2959 5519 3020 5570 τὸ
3055 5519 3118 5570 ἐκ
3144 5520 3242 5585 τῆς
3270 5517 3478 5582 οὐσίας,
3503 5518 3601 5571 καὶ

2027 5617 2154 5670 ἄλλο
2180 5615 2242 5668 τὸ
2276 5619 2340 5668 ἐκ
2369 5614 2469 5681 τῆς
2507 5612 2880 5677 ὑποστάσεως,
2936 5610 3010 5680 μὴ
3040 5609 3332 5678 δυνάμενοι
3364 5607 3600 5660 συνιδεῖν

2029 5711 2101 5771 ὡς
2132 5709 2193 5761 τὸ
2246 5709 2372 5770 Υἱὸς
2425 5707 2597 5776 δνομα
2646 5701 3015 5757 ὑποστατικὸν
3043 5703 3191 5754 ἐστιν
3220 5701 3412 5768 ὄνομα,
3446 5699 3540 5750 καὶ
3571 5699 3600 5749 δ

2029 5803 2200 5872 λέγων
2249 5803 2308 5854 ἐκ
2343 5801 2438 5870 τῆς
2475 5799 2661 5864 οὐσίας
2695 5796 2787 5850 τοῦ
2825 5794 2976 5860 Υίοῦ,
3006 5795 3124 5848 ὅλον
3149 5794 3300 5865 δηλοῖ
3325 5791 3414 5849 τὸν
3447 5790 3596 5856 Υίύν,
