3966 6218
392 244 492 311 εει

1347 246 1727 306 APOLOGIA
1778 245 2388 308 INSCRIPTIO'NUM
2431 248 2663 310 VECCI.

3526 252 3634 314 ρξιὲ

395 361 588 416 οὐσίαν
624 359 826 429 δηλαδὴ
878 357 1262 422 ἐνυπόστατον,
1310 358 1390 421 τίς
1442 358 1694 428 λαμπρὸν
1740 357 1960 428 ἔλεγχον

2084 359 2294 424 t‘ilium;
2324 360 2584 413 nimirum
2608 358 2972 414 substantiam
2992 359 3408 416 subsistentiam
3433 362 3639 419 baben-

396 451 492 518 τῆς
522 449 726 503 ἀτόπου
758 448 939 502 αὐτῶν
971 447 1236 512 ἐπινοίας,
1267 448 1635 516 συνελέγησαν
1672 451 1728 500 αἱ
1760 447 1964 515 παροῦ-

400 558 489 593 σαι
523 539 800 610 Γραφικαὶ
828 540 1040 610 ῥήσεις,
1061 540 1117 592 αί
1145 539 1400 608 δηλοῦσαι
1432 543 1494 593 ἐκ
1529 540 1627 608 τῆς
1655 541 1842 603 οὐσίας
1866 538 1961 592 τοῦ

400 633 610 700 Πατρος
631 632 720 683 τὸν
745 630 872 683 Υίον
893 632 1204 698 γεννᾶσθαι.
1238 631 1676 701 Ὤμολογημὲνου
1698 635 1808 704 γὰρ
1834 633 1962 703 μίαν

400 719 537 775 εἶναι
582 723 680 792 τὴν
720 723 784 774 ἐκ
829 721 1042 792 [ἰατρὸς
1103 724 1358 793 γέννησιν
1385 722 1479 776 τοῦ
1516 723 1668 788 Υίοῦ,
1700 726 1817 788 πῶς
1847 725 1964 778 ἐστι

395 814 672 884 διαφέρειν
707 815 768 865 τὸ
798 813 861 866 ἐκ
901 816 1002 882 τῆς
1033 814 1241 877 οὐσίας,
1279 815 1373 868 καὶ
1404 816 1464 868 τὺ
1495 817 1558 868 ἐκ
1592 817 1688 885 τῆς
1723 816 1965 869 ὑποστάσ-

398 922 571 970 σεως;
603 907 650 958 εί
684 907 760 974 μή
789 922 873 967 τις
901 904 1237 974 βλασφημῶν
1263 906 1543 976 προδήλως
1576 907 1752 959 ἐθέλοι
1783 906 1964 974 λέγειν

399 997 563 1065 ἄλλην
617 997 718 1065 μὲν
756 1000 820 1049 ἐκ
864 998 962 1066 τῆς
991 996 1176 1058 οὐσίας
1207 997 1301 1050 τοῦ
1339 999 1550 1066 Πατρός
1581 998 1835 1068 γέννησιν
1869 997 1965 1051 τοῦ

401 1088 547 1151 Υἱοῦ,
572 1088 742 1159 ἄλλην
771 1089 814 1142 δ’
847 1091 910 1142 ἐκ
941 1089 1041 1157 τῆς
1082 1089 1454 1151 ὑποστάσεως.
1487 1089 1875 1158 Προστίθενται
1907 1088 1964 1142 δὲ

395 1180 511 1240 ταῖς
542 1178 822 1240 τοιαύταις
859 1179 1087 1246 ρἡεσιν
1117 1178 1196 1240 είς
1229 1177 1594 1246 συγκρότησιν
1643 1177 1744 1244 τῆς
1785 1173 1968 1228 τοιαύ-

401 1285 496 1336 της
530 1268 742 1330 ἐννοίας
773 1268 865 1319 καὶ
891 1269 1077 1337 ῥήσεις
1107 1267 1313 1335 ἕτεραι,
1346 1265 1605 1336 δηλοῦσαι
1627 1265 1842 1319 τελείαν
1874 1266 1966 1319 οὐ·

399 1362 542 1422 σίαν,
592 1362 686 1412 καὶ
736 1360 942 1411 τέλειον
981 1359 1112 1411 Θεὸν
1166 1360 1425 1426 λέγεσθαι
1470 1358 1562 1410 τὸν
1596 1359 1840 1426 Πατέρα,
1874 1359 1968 1410 καὶ

397 1450 610 1506 τελείαν
662 1453 850 1506 οὐσίαν
897 1451 991 1503 τὸν
1046 1450 1214 1517 rem,
1262 1451 1354 1504 xui.
1405 1449 1618 1504 τελείαν
1671 1451 1860 1502 οὐσίαν
1904 1448 1966 1501 τὸ

406 1539 633 1610 Πνεῦμα
666 1541 724 1595 τὸ
750 1541 924 1610 ἅγιον.

973 1739 1082 1792 Τοῦ
1129 1738 1400 1808 Halano}.

477 1852 646 1904 Ὅταν
695 1869 748 1904 τι
798 1854 924 1921 μιᾶς
979 1851 1170 1915 οὐσίας
1271 1855 1363 1906 καὶ
1407 1855 1780 1919 ὑποστάσεως,
1809 1857 1868 1910 τὸ
1903 1857 1969 1912 ἐκ

399 1945 497 2012 τῆς
523 1943 711 2005 οὐσίας
741 1942 957 2013 ἐκείνης
995 1948 1240 2012 φυσικῶς
1290 1945 1414 2017 ἔχον
1461 1949 1609 2011 ὅπως
1635 1949 1833 2018 δήποτε
1867 1949 1970 2020 τὴν

402 2031 661 2104 ὓπαρξιν,
710 2035 806 2087 καὶ
854 2036 916 2088 ἐκ
957 2035 1058 2104 τῆς
1109 2037 1461 2100 ὑποστάσεως
1506 2039 1719 2107 ἐκείνης
1763 2039 1970 2109 ταύτην

405 2126 542 2195 ἔχει.
567 2127 676 2178 Καὶ
701 2128 1073 2198 ἀντιστρόφως
1101 2130 1264 2183 πάλιν
1289 2144 1301 2158 ·
1327 2129 1355 2182 ὃ
1380 2130 1490 2198 γὰρ
1517 2129 1585 2182 ἂν
1619 2132 1682 2182 ἐκ
1717 2131 1814 2198 τῆς
1843 2131 1972 2183 ὑπο-

406 2216 648 2280 στάσεως
675 2219 893 2286 ἐκείνης
917 2214 975 2292 ᾖ,
997 2221 1092 2271 καὶ
1121 2221 1184 2272 ἐκ
1211 2219 1309 2289 τῆς
1337 2220 1526 2281 οὐσίας
1555 2221 1773 2292 ἐκείνης
1798 2222 1969 2276 ἐστίν.

404 2307 576 2359 Ὅταν
599 2307 658 2361 δὲ
687 2308 818 2376 μιᾶς
843 2308 942 2377 μὲν
963 2307 1150 2372 οὐσίας
1168 2304 1225 2382 ᾗ,
1242 2310 1500 2380 οὐδεμιᾶς
1518 2310 1574 2364 δέ
1594 2311 1970 2378 ὑποστάσεως,

402 2398 541 2452 ἀλλὰ
583 2397 872 2461 πλειόνων,
904 2399 965 2451 τὺ
993 2400 1060 2451 ἐκ
1087 2399 1188 2470 τῆς
1227 2403 1360 2471 μιᾶς
1403 2402 1617 2472 ἐκείνης
1647 2403 1837 2467 οὐσίας
1872 2404 1973 2457 οὐκ

402 2496 470 2545 ἐκ
491 2493 602 2545 τῶν
631 2491 832 2544 λοιπῶν
865 2492 1216 2547 ὑποστάσεὼν
1246 2496 1418 2558 ἐστιν,
1445 2495 1560 2548 ἀλλ’
1582 2497 1648 2548 ἐκ
1679 2498 1807 2566 μιᾶς
1829 2514 1974 2560 τινος

403 2584 610 2640 αὐτῶν.
647 2583 798 2636 Ἐπεὶ
825 2582 916 2636 οὑν
943 2586 979 2655 η
1007 2586 1258 2655 ἀνωτάτη
1291 2585 1388 2640 καὶ
1421 2588 1776 2659 προσκυνητὴ
1803 2588 1976 2659 Τριὰς

401 2675 566 2744 ὴμῶν
603 2675 699 2744 μία
730 2676 891 2744 φύσις
920 2677 1070 2730 ἐστὶν
1103 2680 1162 2731 ἐν
1193 2679 1524 2732 ὑποστάσεσι
1552 2682 1753 2751 τρισὶν,
1778 2681 1841 2734 οὐ
1868 2683 1977 2736 πᾶν

403 2767 469 2818 τὸ
494 2769 561 2818 ἐκ
590 2767 692 2837 τῆς
723 2767 910 2832 οὐσίας
936 2769 1036 2840 τὴν
1067 2769 1371 2824 ὑπόστασιν
1393 2770 1514 2840 ἐχον
1543 2771 1607 2823 ἐκ
1636 2770 1742 2824 τῶν
1769 2772 1976 2827 λοιπῶν

407 2858 766 2912 ὑποστάσεῶν
796 2861 962 2924 ἐστιν,
986 2859 1104 2913 ἀλλ’
1125 2863 1190 2913 ἐκ
1215 2863 1346 2930 μιᾶς
1375 2877 1520 2923 τινος
1545 2861 1747 2924 αὐτῶν,
1774 2860 1976 2931 δηλαδὴ

404 2951 509 3021 τῆς
543 2951 817 3021 πατρικῆς
841 2968 856 2983 ο
891 2955 956 3006 ἐκ
985 2969 1193 3020 ταυτης
1220 2953 1326 3023 γὰρ
1354 2952 1429 3022 μὴ
1459 2947 1599 3005 εἷναι
1629 2953 1729 3005 οὐκ
1763 2952 1974 3022 ἐνδέχε-

403 3061 520 3099 ται.
558 3044 770 3098 Οὐκοῦν
799 3043 918 3114 οὐχὶ
940 3046 1032 3097 καὶ
1054 3044 1115 3108 ἐξ
1137 3045 1352 3112 ἐτέρας,
1382 3044 1498 3098 ἀλλ’
1521 3047 1585 3098 ἐκ
1608 3045 1797 3116 μόνης,
1818 3045 1975 3115 εἴπερ

407 3136 474 3187 ἐκ
514 3136 664 3204 μιᾶς.
697 3135 808 3189 Καὶ
847 3135 1004 3187 τοῦτο
1039 3134 1197 3202 δῆλον
1223 3135 1450 3187 ἐπὶτῶν
1473 3133 1778 3205 ἀνθρώπων
1802 3149 1818 3164 ·
1847 3135 1978 3188 ἐκα-

409 3245 542 3291 στος
578 3228 685 3297 γὰρ
711 3228 868 3297 ἡμῶν
911 3231 974 3281 ἐκ
1004 3227 1102 3297 τῆς
1128 3229 1316 3290 οὐσίας
1352 3227 1444 3282 τοῦ
1489 3228 1678 3298 Ἀδάμ,
1710 3229 1894 3281 οὐκέτι
1924 3227 1980 3280 δὲ

409 3321 510 3372 καὶ
541 3321 607 3372 ὲκ
647 3320 747 3388 τῆς
779 3321 1129 3382 ὑποστάσεως
1155 3318 1322 3373 αὐτοῦ
1345 3334 1360 3349 ο
1391 3319 1527 3372 διότι
1562 3319 1658 3387 μία
1697 3318 1796 3387 μὲν
1829 3317 1982 3370 οὐσία

408 3417 441 3483 ἡ
469 3413 584 3466 τῶν
615 3413 914 3482 ἀνθρώπων
945 3408 1035 3482 ἦν,
1070 3411 1262 3464 πολλαὶ
1287 3411 1345 3463 δὲ
1369 3410 1713 3472 ὑποστάσεις.
1749 3408 1985 3476 Ἀνθρω-

408 3508 580 3577 πίνης
609 3507 664 3559 δὲ
690 3507 787 3576 τὴν
831 3509 1004 3577 ἀρχὴν
1042 3508 1172 3575 μιᾶς
1198 3505 1363 3575 οὔσης
1395 3506 1584 3568 οὐσίας
1622 3521 1680 3556 τε
1720 3505 1814 3556 καὶ
1853 3504 1983 3555 ὑποο

405 3601 682 3663 στάσεως,
727 3601 789 3652 ἐκ
843 3600 971 3667 μιᾶς
1007 3599 1102 3649 καὶ
1150 3600 1249 3665 τῆς
1284 3597 1450 3664 αὐτῆς
1481 3597 1508 3646 ὁ
1537 3597 1674 3650 Κάῐν
1720 3595 1983 3665 ἀνδρικῆς

405 3693 600 3752 οὐσίας
633 3707 690 3742 τε
722 3692 814 3744 καὶ
843 3691 1197 3751 ὑποστάσεως
1224 3691 1439 3759 ὑπῆρχε
1470 3687 1566 3740 τοῦ
1603 3689 1794 3752 Ἄδαρ..
1828 3690 1985 3740 Δυοίν

404 3784 467 3838 δὲ
503 3783 718 3853 ἀνδρῶν
751 3783 851 3854 ἢδη
898 3782 1023 3835 καθ’
1071 3782 1371 3835 ὑπόστασιν
1404 3780 1726 3843 τελούντων,
1751 3779 1779 3829 ὁ
1813 3777 1983 3847 Ἑνὼχ

405 3883 475 3932 ἐκ
511 3879 613 3947 τῆς
639 3877 827 3940 οὐσίας
859 3877 960 3946 μὲν
993 3875 1208 3945 ὑπῆρχε
1239 3875 1332 3928 τοῦ
1383 3874 1573 3942 ’Λδέιμ,
1597 3872 1713 3926 ἀλλ’
1739 3872 1859 3941 οὐχὶ
1890 3873 1985 3925 καὶ

408 3976 477 4026 ἐκ
514 3974 612 4042 τῆς
667 3970 1017 4032 ὑποστάσεως
1044 3968 1235 4030 αὑτοῦ,
1259 3965 1375 4020 ἀλλ’
1401 3969 1463 4018 ἐκ
1495 3966 1664 4035 μόνης
1696 3963 1790 4016 τοῦ
1821 3965 1981 4017 Κάῖν.

373 4067 376 4072 ’
425 4066 488 4119 Ὁ
520 4064 617 4117 οὖν
651 4063 854 4124 Βέκκος
897 4057 1051 4124 οὗτος
1078 4061 1479 4129 διατεινόμενος
1515 4056 1749 4112 ἐνταῦθα
1797 4059 1891 4110 καὶ
1921 4058 1986 4109 ὲκ

405 4159 516 4227 τῆς
567 4157 920 4218 ὑποστάσεως
954 4149 1095 4207 εἶναι
1130 4153 1225 4207 τοῦ
1262 4151 1391 4204 Υίοῦ
1442 4153 1504 4203 τὸ
1540 4149 1777 4220 Πνεῦμα,
1827 4149 1986 4216 εἴπερ

409 4246 562 4301 εἶναι
587 4246 920 4314 θεολογεῖται
943 4247 1006 4297 ἐκ
1031 4244 1127 4313 τῆς
1154 4242 1390 4312 φύσεως,
1422 4242 1550 4312 μίαν
1583 4235 1722 4293 εῖναι
1745 4240 1987 4294 δείκνυσι

410 4337 641 4409 φρονῶν
666 4337 814 4389 ῶσπε
823 4354 856 4402 ρ
886 4335 1074 4388 οὐσίαν
1100 4334 1242 4388 οὑτω
1267 4336 1361 4387 καὶ
1385 4334 1682 4385 ὑπόστασιν
1715 4331 1809 4383 ἐπὶ
1830 4329 1985 4394 Θεοῦ,

408 4405 508 4484 τόν
573 4427 693 4480 Υίδν
729 4429 760 4496 ἢ
808 4429 897 4479 τον
944 4427 1165 4498 Πατέρα
1219 4426 1442 4486 τελείως
1473 4424 1683 4476 ἀθετῶν
1719 4426 1745 4475 ὁ
1777 4425 1942 4485 τάλας
1970 4440 1984 4455 ·
2021 4405 2065 4461 D

409 4521 560 4590 πρὸς
593 4520 651 4572 δὲ
681 4521 860 4586 τούτῳ
915 4519 1010 4570 καὶ
1041 4519 1104 4570 ἐκ
1136 4518 1297 4584 μόνου
1332 4513 1425 4567 τοῦ
1461 4514 1589 4566 Υίοῦ
1619 4517 1717 4583 τὴν
1758 4513 1991 4583 ὕπαρξιν

414 4611 563 4666 εἶναι
597 4610 693 4664 τοῦ
725 4611 870 4664 θείου
917 4608 1234 4678 Πνεύματος
1278 4606 1515 4668 δεικνύς.
1563 4606 1722 4658 Ἀλλὰ
1757 4608 1848 4657 καὶ
1885 4605 1992 4656 απὸ

416 4705 533 4756 τῶν
566 4702 768 4772 ῥητῶν,
795 4699 830 4756 ἃ
859 4701 1068 4754 τελείαν
1105 4699 1448 4766 θεολογοῦσιν
1480 4700 1668 4750 οὐσίαν
1718 4695 1858 4750 εἶναι
1902 4701 1992 4749 τὸν

422 4797 672 4864 Πατέρα,
709 4795 802 4846 καὶ
828 4793 1038 4846 τελείαν
1073 4793 1260 4845 οὐσίαν
1305 4792 1394 4845 τὸν
1427 4791 1574 4855 Υἱὺν,
1599 4792 1859 4854 ὡσαύτως
1899 4791 1994 4842 καὶ

415 4890 484 4940 τὸ
522 4886 747 4954 Πνεῦμα
781 4885 841 4937 τὸ
873 4886 1049 4953 ἅγιον,
1088 4885 1148 4936 οὐ
1187 4884 1247 4936 τὸ
1299 4885 1496 4937 ἐνιαῖον
1544 4887 1638 4936 καὶ
1679 4883 1998 4952 ἀπαράλλα-

416 4997 556 5032 κτον
578 4980 676 5049 τῆς
704 4979 888 5041 οὐσίας
917 4975 1271 5046 ἐπιγινώσκει
1300 4976 1407 5028 τῶν
1433 4975 1621 5044 τριῶν,
1650 4976 1766 5029 ἀλλ’
1796 4973 1994 5026 ὲνΘεω·

422 5073 548 5140 ρεῖν
588 5070 848 5140 πειρᾶται
897 5068 1212 5138 πληθνσμόν
1245 5085 1385 5132 τινα,
1417 5066 1510 5119 καὶ
1557 5067 1822 5136 διαφορὰν
1872 5065 1994 5118 κατ’

421 5162 600 5230 αὐτὴν
629 5162 900 5230 ἀφρόνως.

897 5457 1005 5512 Τοῦ
1035 5457 1230 5526 σοφοῦ
1271 5457 1539 5522 Νικαίας.

513 5571 607 5635 Ὠς
641 5573 842 5642 σφόδρα
865 5589 926 5637 γε
963 5572 1175 5625 ἐοικότα
1201 5571 1280 5633 είς
1311 5571 1406 5639 τὴν
1439 5568 1719 5638 θεολογίαν
1749 5571 1996 5639 είσάγετε

432 5664 886 5734 παραδείγματαί
915 5662 1084 5715 Τοῦτο
1109 5647 1238 5730 ὑμῖν
1264 5660 1712 5730 ὁμολογουμένως
1739 5660 1834 5728 τῆς
1863 5661 1998 5728 πλά-

2069 458 2212 513 tem;
2245 449 2311 504 ad
2339 465 2494 504 suam
2529 449 2822 505 absurdam
2853 451 3169 520 opinionem
3218 453 3436 522 egregie
3477 469 3638 508 coar-

2067 538 2336 608 guendam
2363 548 2419 593 et
2467 539 2860 610 confutandam
2888 541 3132 595 collecta:
3172 551 3303 596 sunt
3342 553 3638 611 praesentes

2069 646 2099 685 a
2131 633 2340 687 sanctis
2363 634 2417 686 in
2445 634 2666 702 scriptis
2687 635 2889 688 relictae
2917 635 3224 697 sententiae,
3246 651 3368 704 quae
3392 635 3643 690 iudicant

2072 737 2140 776 ex
2173 722 2482 778 substantia
2524 726 2702 779 Patris
2731 723 2932 779 Filium
2967 725 3153 794 gigni;
3193 741 3458 780 concesso
3493 729 3641 780 enim

2072 828 2236 867 unam
2293 828 2416 868 esse
2447 817 2862 884 generationem
2897 817 3021 872 Filii
3048 833 3115 870 es
3169 817 3364 880 Patre;
3391 818 3486 886 qui
3526 820 3642 872 ﬁeri

2071 912 2269 973 potest,
2298 916 2357 960 ut
2395 906 2529 960 illud
2563 923 2628 962 ex
2656 907 2980 972 substantia,
3012 917 3068 962 et
3100 906 3236 961 illud
3265 924 3330 961 ex
3363 908 3643 978 liypOstasi

2069 995 2214 1050 inter
2245 1012 2304 1052 se
2330 996 2627 1053 diﬂerant?
2663 999 2766 1052 nisi
2791 1000 2913 1070 quis
2936 999 3226 1054 manifeste
3257 999 3644 1068 blasphemaus

2071 1087 2260 1142 dicere
2297 1088 2448 1153 velit,
2483 1090 2646 1143 aliam
2673 1105 2791 1143 esse
2817 1090 3228 1158 generationem
3267 1090 3390 1144 Filii
3421 1106 3487 1144 ex
3515 1091 3646 1144 sub-

2070 1178 2277 1231 stantia
2303 1177 2506 1243 Patris,
2549 1180 2710 1233 aliam
2747 1195 2813 1233 ex
2859 1179 3163 1248 hypostasi.
3205 1179 3283 1233 Ad
3339 1180 3454 1234 litec
3497 1180 3642 1234 dicta

2072 1266 2126 1320 iu
2152 1268 2604 1337 approbationem
2637 1271 2798 1340 hujus
2826 1271 3204 1340 intelligentiae
3231 1269 3486 1324 addimus
3535 1271 3644 1323 alia

2071 1374 2194 1428 qua:
2231 1359 2497 1413 denotant
2542 1361 2846 1430 perfectam
2878 1360 3270 1424 substantiam,
3310 1362 3645 1430 perfectum-

2075 1465 2183 1519 que
2216 1450 2384 1505 Deum
2429 1451 2537 1506 dici
2571 1453 2818 1518 Patrem,
2852 1462 2906 1508 et
2938 1454 3239 1522 perfectam
3273 1452 3642 1506 substantiam

2075 1536 2294 1603 Filium,
2348 1547 2512 1607 atque
2583 1540 2882 1608 perfectam
2945 1541 3311 1596 substantiam
3375 1541 3642 1611 Spiritum

2069 1639 2342 1685 sanctum.

2729 1745 2989 1801 Palama’.

2141 1853 2277 1910 Cum
2340 1856 2551 1926 aliquid
2598 1872 2664 1911 ex
2715 1873 2822 1911 una
2873 1857 3203 1934 substantia,
3256 1871 3312 1914 et
3365 1861 3642 1931 hypostasi

2071 1957 2309 2014 consmt,
2350 1949 2499 2018 quod
2536 1948 2605 2002 ab
2661 1949 2752 2002 illa
2795 1950 3105 2004 substantia
3150 1952 3479 2006 naturaliter
3513 1970 3648 2022 quu~

2074 2039 2458 2108 modocunque
2489 2026 2885 2094 exsistentiam
2943 2040 3129 2102 habet,
3175 2055 3243 2094 ex
3289 2041 3380 2094 illa
3427 2057 3648 2111 quoque

2074 2131 2351 2201 hypostasi
2408 2145 2527 2184 eam
2571 2130 2764 2186 habet.
2814 2130 2881 2184 Et
2917 2141 3106 2184 contra
3137 2146 3150 2183 :
3179 2131 3332 2196 Quod
3381 2133 3527 2186 enim
3581 2150 3649 2186 cx

2074 2222 2164 2276 illa
2199 2221 2480 2292 hypostasi
2503 2229 2609 2285 est,
2645 2221 2809 2274 etiam
2839 2236 2906 2273 ex
2934 2221 3026 2274 illa
3062 2221 3370 2276 substantia
3401 2225 3637 2276 exsistit.

2074 2316 2143 2366 At
2171 2326 2323 2374 vero,
2347 2324 2473 2364 cum
2503 2309 2710 2378 aliquid
2743 2309 2906 2363 unius
2923 2310 3145 2378 quidem
3173 2319 3258 2364 est
3292 2312 3642 2372 substantiae.

2076 2401 2284 2457 nullius
2311 2412 2495 2457 autem
2525 2402 2905 2472 bypostaseos,
2947 2401 3044 2455 sed
3087 2401 3350 2469 plurium.
3395 2403 3539 2471 quod
3582 2419 3649 2456 rx

2078 2496 2165 2550 illa
2187 2510 2292 2548 una
2320 2494 2653 2558 substantia,
2684 2507 2795 2547 non
2818 2493 2984 2547 etiam
3011 2508 3076 2548 ex
3111 2492 3339 2562 reliquis
3362 2497 3638 2562 personis,

2078 2584 2174 2640 sed
2219 2600 2286 2640 ex
2313 2599 2419 2639 una
2451 2584 2634 2654 aliqua
2666 2583 2885 2638 illarum
2919 2591 3024 2638 est.
3058 2582 3330 2648 Quoniam
3363 2585 3530 2654 igitur
3556 2599 3650 2640 sn—

2077 2693 2269 2748 prema
2306 2686 2473 2747 atque
2511 2677 2744 2730 colenda
2783 2685 2970 2731 nostra
3003 2674 3246 2730 Trinitas
3295 2692 3402 2730 una
3435 2687 3652 2732 constat

2079 2779 2276 2824 natura
2317 2771 2374 2825 in
2421 2771 2596 2825 tribus
2629 2769 3042 2842 hypostasibus,
3077 2784 3186 2824 non
3211 2785 3374 2824 omne
3397 2771 3542 2840 quod
3579 2788 3646 2824 es

2080 2862 2386 2918 substantia
2422 2865 2756 2932 ltypostasim
2792 2861 2979 2925 habet,
3015 2877 3082 2916 ex
3132 2862 3362 2931 reliquis
3400 2864 3652 2932 personis

2081 2952 2318 3017 exsistit,
2348 2952 2446 3007 sed
2474 2968 2540 3006 ex
2565 2968 2673 3005 una
2699 2953 2878 3022 aliqua
2921 2953 3162 3018 illarum,
3201 2963 3426 3021 paterna
3459 2955 3650 3008 videi:-

2008 3064 2050 3126 ρ
2081 3055 2192 3100 cet.
2221 3045 2288 3100 Ut
2317 3045 2466 3099 enim
2495 3046 2563 3096 ab
2602 3045 2690 3098 illa
2722 3059 2830 3098 non
2865 3047 2956 3109 sit,
2992 3045 3110 3099 ﬁeri
3134 3061 3242 3100 non
3291 3055 3490 3116 potest.
3534 3046 3650 3100 Non

2082 3139 2249 3211 igitur
2289 3149 2344 3193 et
2372 3153 2439 3193 ex
2471 3138 2597 3200 alia,
2630 3139 2725 3192 sed
2754 3151 2784 3190 a
2815 3138 2952 3202 sola,
2991 3138 3264 3207 siquidem
3287 3154 3354 3192 ex
3388 3155 3492 3192 una
3525 3157 3539 3194 :
3571 3139 3654 3192 id-

2082 3249 2189 3304 que
2237 3240 2390 3302 patet
2431 3232 2486 3285 in
2530 3230 2890 3284 hominibus:
2931 3231 3308 3300 unusquisque
3351 3232 3495 3286 enim
3552 3247 3652 3302 no-

2083 3339 2258 3384 strum
2289 3345 2356 3383 ex
2385 3328 2574 3382 Adami
2601 3327 2906 3382 substantia
2930 3335 3033 3392 est,
3069 3342 3172 3379 non
3203 3327 3435 3395 amplius
3467 3335 3652 3379 autem

2083 3432 2140 3477 et
2181 3439 2247 3476 ex
2281 3436 2512 3490 persona
2551 3419 2732 3483 illius;
2768 3417 2898 3488 quia
2934 3432 3038 3470 una
3067 3424 3152 3471 est
3197 3415 3479 3469 hominum
3518 3417 3652 3468 sub.

2085 3515 2308 3575 stantia,
2361 3513 2544 3567 multa:
2583 3525 2852 3580 personae.
2893 3511 3030 3566 Cum
3080 3518 3262 3563 autem
3304 3523 3335 3561 a
3382 3507 3652 3576 principio

2087 3615 2191 3653 una
2222 3600 2532 3652 substantia
2572 3609 2630 3651 et
2676 3612 2909 3666 persona
2960 3597 3198 3650 humana
3229 3605 3548 3660 constaret;
3585 3613 3653 3651 cx

2088 3705 2193 3744 una
2225 3689 2530 3758 eademque
2564 3689 2708 3742 virili
2745 3689 3056 3744 substantia
3091 3695 3147 3741 et
3179 3703 3414 3757 persona
3457 3688 3651 3742 Adami

2087 3781 2391 3850 productus
2432 3789 2516 3834 est
2548 3781 2705 3835 Cain.
2753 3785 2822 3834 At
2853 3796 2983 3834 vero
3038 3780 3257 3834 duobus
3315 3779 3652 3844 hominibus,

2088 3877 2387 3930 secundum
2411 3874 2740 3943 personasin
2759 3889 2943 3927 rerum
2968 3882 3162 3927 natura
3179 3873 3290 3943 jam
3316 3871 3654 3937 constitutis,

2091 3968 2276 4022 Enocb
2302 3983 2366 4020 ex
2397 3960 2704 4021 substantia
2735 3965 2958 4034 quidem
2997 3963 3215 4029 Adami,
3254 3981 3364 4019 non
3395 3973 3573 4018 autem
3604 3975 3658 4019 et

2089 4076 2154 4114 ex
2189 4075 2287 4114 sua
2322 4074 2575 4128 persona,
2599 4057 2696 4112 sed
2729 4072 2797 4111 ex
2828 4071 3062 4126 persona
3090 4057 3262 4112 solius
3277 4057 3410 4112 Cain
3434 4067 3656 4113 consta-

2090 4154 2200 4206 bat.
2232 4151 2421 4220 itaque
2454 4153 2554 4203 iste
2581 4149 2789 4204 Veccns
2821 4149 2927 4203 hoc
2958 4148 3079 4202 loco
3107 4163 3455 4213 asseverans,
3489 4149 3656 4202 etiam

2090 4259 2156 4298 ex
2181 4257 2417 4314 persona
2463 4240 2588 4295 Filii
2621 4256 2746 4296 esse
2776 4240 3064 4310 Spiritum,
3096 4240 3388 4310 siquidem,
3417 4251 3476 4294 ut
3508 4256 3660 4293 asse.

2094 4346 2222 4390 runt
2251 4335 2513 4403 theologi,
2541 4345 2629 4412 est
2658 4350 2724 4389 ex
2751 4343 2982 4398 natura;
3010 4331 3330 4387 ostenditse
3365 4332 3417 4384 in
3445 4347 3508 4384 ea
3536 4347 3657 4386 esse

2095 4427 2388 4492 sententia,
2413 4435 2475 4480 ut
2496 4426 2770 4494 opinetur,
2806 4439 2966 4478 unam
3007 4439 3129 4478 esse
3155 4423 3208 4476 in
3235 4423 3368 4484 Deo,
3399 4431 3656 4491 tanquam

2097 4519 2485 4580 substantiam,
2527 4519 2608 4571 sic
2645 4527 2698 4571 et
2735 4529 3046 4586 personam,
3087 4513 3282 4567 Filium
3316 4513 3400 4566 vel
3440 4514 3660 4566 Patrem

2099 4611 2319 4680 penitus
2361 4609 2619 4679 rejiciens
2649 4607 2837 4670 miser,
2868 4614 2923 4660 et
2965 4615 3227 4674 praaterea
3255 4619 3323 4659 ex
3367 4606 3483 4661 solo
3525 4605 3662 4660 Filio

2099 4704 2368 4759 exsistere
2393 4700 2642 4754 divinum
2677 4698 2941 4768 Spiritum
2967 4697 3192 4751 docens.
3223 4697 3363 4762 Quin
3387 4699 3550 4752 etiam
3595 4713 3666 4750 ex

2099 4791 2387 4848 sententiis
2430 4791 2629 4860 quibus
2669 4788 2968 4858 perfectam
3009 4788 3368 4842 substantiam
3405 4803 3524 4843 esse
3567 4787 3666 4842 Pa-

2103 4898 2260 4948 tretu,
2296 4893 2351 4937 et
2381 4881 2685 4951 perfectam
2731 4880 3095 4936 substantiam
3128 4879 3350 4944 Filium,
3390 4887 3554 4948 atque
3585 4879 3665 4932 si-

2101 4977 2304 5030 militer
2328 4973 2589 5042 Spiritum
2617 4982 2868 5026 sanctum
2897 4971 3037 5025 sacri
3066 4971 3304 5039 theologi
3329 4968 3662 5032 ostendunt;

2102 5083 2211 5122 non
2267 5065 2482 5119 unicam
2531 5071 2586 5118 et
2631 5063 3039 5119 indiﬂ'erentem
3098 5063 3262 5116 trium
3309 5074 3664 5131 personarum

2102 5159 2348 5227 agnoscit
2377 5155 2764 5219 substantiam,
2794 5155 2890 5209 sed
2921 5153 3332 5209 multitudinem
3375 5152 3665 5222 quamdam

2105 5251 2312 5320 ipsius,
2375 5264 2438 5302 ac
2496 5248 2866 5303 dillerenliam
2930 5248 3310 5318 imprudenter
3376 5245 3670 5300 observare

2105 5351 2359 5394 conatur.

2623 5452 2886 5522 Sapientis
2932 5450 3154 5505 Nicazm'.

2177 5570 2352 5634 Quam
2385 5567 2542 5621 valde
2566 5566 2953 5621 convenientia
2982 5565 3235 5635 exempla
3263 5565 3318 5619 in
3340 5564 3672 5635 theologiam
3741 5552 3760 5563 ”

2109 5661 2500 5714 introducitist
2554 5658 2612 5712 1d
2639 5659 2884 5728 profecto
2913 5659 3069 5716 vobis
3111 5674 3274 5715 causa
3309 5668 3490 5716 exstat
3521 5672 3676 5730 erro:
