3966 6218
339 275 449 339 283

1291 259 1793 319 BESSARIONIS
1821 259 1878 318 s.
1924 259 1969 316 Β
2040 232 2104 319 Ε,
2150 256 2616 340 CARDINALIS

3479 262 3586 326 284

344 382 443 445 ris,
487 373 755 445 quoniam
792 371 860 426 de
892 370 1094 425 divinis
1130 370 1386 439 ,humana
1432 370 1643 437 sapitis,
1690 377 1746 421 et
1787 379 1907 437 qua:

2022 386 2105 435 φης
2136 367 2197 420 τὸ
2226 369 2416 429 αἴτιον,
2451 367 2533 419 δτι
2569 368 2699 437 περὶ
2754 368 2861 421 τῶν
2896 370 3055 423 οείων
3088 373 3342 440 φρονεῖτε
3377 375 3586 448 ἀνθρώ-

345 467 435 519 hic
473 472 600 518 sunt
638 464 790 531 juxta
833 461 884 515 id
924 474 1109 520 omne,
1143 458 1291 526 quod
1330 459 1567 527 intelligi
1613 465 1814 526 potest,
1844 472 1911 510 eo

343 556 670 612 transfertis.
702 554 772 608 At
803 554 950 607 enim
1015 551 1315 604 cavendum
1362 567 1429 604 ne
1479 550 1553 603 sit
1591 550 1742 604 nefas
1784 550 1911 603 talia

344 649 415 702 de
461 648 549 699 illa
603 643 864 698 ineffabili
903 642 1172 696 Trinitatc
1224 643 1712 711 sentirc;oportet
1763 644 1909 697 enim

341 739 509 793 etiam
556 738 839 801 unitatem,
894 745 1058 804 atque
1099 734 1374 803 singulare
1443 734 1671 788 Deitatis
1714 745 1913 804 praeter

348 829 669 881 Trinitatem
710 839 1070 892 personarum
1122 824 1223 892 ipsi
1261 839 1515 889 servare;
1564 840 1673 878 non
1728 834 1911 879 autem

347 923 403 975 in
437 920 616 971 triuos
634 919 763 971 deos
796 919 1100 971 incurrere.
1133 917 1291 981 Quod
1326 932 1425 969 vos
1452 916 1571 971 istis
1607 904 1913 970 rationibus

344 1010 606 1064 astruitis.
653 1008 773 1062 Non
809 1008 957 1062 enim
987 1009 1154 1062 veluti
1200 1020 1307 1063 tres
1350 1010 1621 1072 homines,
1669 1023 1916 1062 commu—

348 1118 469 1155 nem
503 1117 655 1155 suam
686 1100 1072 1163 substantiam,
1102 1101 1499 1154 humanitatem
1523 1099 1667 1153 inter
1688 1116 1745 1154 se
1764 1115 1912 1153 com-

347 1193 649 1258 municant,
680 1192 759 1245 sic
786 1191 948 1245 etiam
989 1191 1186 1244 divinm
1225 1207 1474 1261 persona
1510 1191 1801 1245 Trinitatis
1831 1191 1913 1245 di-

344 1286 525 1337 vinam
557 1284 854 1337 essentiam
892 1283 1259 1351 participant;
1296 1282 1391 1335 sed
1430 1282 1649 1335 illorum
1682 1282 1908 1350 quidem

345 1374 536 1430 eadem
578 1381 662 1426 est
713 1364 822 1426 non
875 1386 1130 1436 numero,
1178 1372 1273 1426 sed
1324 1372 1505 1440 specie
1563 1372 1911 1436 humanitas;

348 1465 556 1518 idcirco
586 1463 752 1518 etiam
788 1472 899 1518 tres
934 1479 1162 1517 numero
1202 1470 1456 1518 constant
1502 1462 1773 1518 homines.
1816 1462 1915 1518 Sa-

349 1562 648 1609 crosancta:
682 1562 869 1607 autem
912 1552 1171 1606 Trinitati
1223 1553 1410 1607 eadem
1447 1569 1677 1627 nngnero
1711 1562 1791 1607 est
1824 1553 1911 1607 di-

348 1646 474 1699 vina
502 1645 762 1708 essentia,
797 1652 851 1698 et
882 1660 1023 1697 unus
1062 1654 1190 1696 sunt
1227 1659 1456 1697 numero
1496 1645 1674 1706 Deus;
1712 1652 1766 1697 et
1795 1644 1912 1713 ipsa

2015 475 2167 520 πινα,
2196 459 2356 509 κάκεῖ
2389 458 2455 511 τά
2498 458 2735 512 ἐνταῦθα
2795 461 2936 514 κατὰ
2976 463 3082 515 πᾶν
3121 463 3310 517 ἕλκετε
3347 467 3408 519 τὸ
3436 468 3586 521 νοού-

2017 565 2198 616 μενον.
2254 548 2413 601 Ἀλλά
2464 549 2538 617 μὴ
2592 550 2655 601 οὐ
2705 551 2930 619 υεμιτδν
3031 554 3255 608 τοιαῦτα
3310 560 3444 628 περὶ
3486 562 3586 628 τῆς

2014 638 2330 709 ἀπορῥὴτου
2373 638 2599 707 Τριάδος
2645 642 2863 711 ἐκείνης
2908 646 3148 713 φρονεῖν.
3190 649 3281 700 Δεῖ
3304 649 3415 719 γὰρ
3445 651 3583 720 αὐτῇ

2015 730 2108 781 καὶ
2139 732 2236 799 τὴν
2273 732 2477 798 μονάδα
2507 733 2826 800 φυλάττειν,
2860 737 2955 788 καὶ
2979 739 3039 788 τὸ
3067 738 3248 790 ἑνικὸν
3274 740 3370 805 τῆς
3397 741 3585 811 056:1;-

2014 839 2103 883 τος
2137 822 2274 892 πρὸς
2320 827 2386 892 τῇ
2440 824 2550 875 τῶν
2607 825 2917 894 προσώπων
2975 828 3191 898 Τριάδι,
3226 828 3362 883 ἀλλὰ
3397 830 3470 899 μὴ
3504 833 3584 894 είς

2014 912 2255 981 aptet-ﬂow
2287 915 2580 968 ἐκπίπτειν
2602 931 2615 945 ·
2648 915 2676 967 ὃ
2705 915 2920 980 τούτοις
2960 918 3120 988 ὑμεῖς
3146 922 3258 981 τοῖς
3282 921 3462 989 λόγοις
3486 940 3584 976 κα-

2012 1004 2399 1066 τασκευάζετε.
2432 1005 2506 1057 Οὐ
2540 1006 2648 1074 γὰρ
2684 1005 2876 1076 ὥσπερ
2909 1007 2959 1059 οί
2987 1011 3138 1078 τρεῖς
3175 1009 3453 1079 ἄνθρωποι
3484 1012 3584 1078 τῆς

2017 1079 2201 1162 ἆοινῆς
2251 1094 2433 1148 αὐτῶν
2481 1095 2668 1157 οὐσίας
2700 1096 2798 1165 τῆς
2830 1097 3255 1169 ἀνθρωπότητος
3296 1101 3583 1153 κοινωνοὺ-

2017 1201 2100 1236 σιν
2132 1184 2404 1252 ἀλλήλοις,
2447 1183 2591 1237 οὑτω
2648 1187 2742 1238 καὶ
2771 1188 2838 1239 τά
2869 1188 2986 1240 θεία
3016 1189 3116 1256 τῆς
3147 1190 3376 1259 Τριάδσς
3409 1194 3583 1260 πρόσ-

2017 1290 2143 1326 ωπα
2170 1273 2272 1343 τῆς
2315 1274 2467 1335 θείας
2515 1275 2700 1336 οὐσίας
2724 1291 2738 1304 ·
2765 1276 2878 1328 ἀλλ’
2901 1278 3125 1331 ἐκεῖνων
3172 1278 3271 1346 μὲν
3311 1278 3457 1338 εἴδει,
3482 1281 3584 1333 οὐκ

2016 1365 2237 1434 ἀριθμῷ
2266 1367 2296 1435 ἡ
2333 1365 2472 1435 αὑτὴ
2506 1365 2863 1436 ἀνθρωπότης
2894 1369 3041 1419 ἐστί·
3076 1368 3154 1420 διὸ
3171 1360 3278 1421 ’καὶ
3306 1372 3453 1439 τρεῖς
3474 1371 3584 1422 είσι

2015 1456 2094 1526 τῷ
2141 1456 2358 1528 ἀριθμῷ
2389 1458 2710 1527 ἄνθρωποι*
2763 1462 2829 1528 τῇ
2882 1459 2940 1511 δὲ
2986 1460 3109 1530 θείᾳ
3156 1460 3349 1531 Τριάδι
3380 1462 3411 1531 ή
3444 1462 3582 1532 αὐτὴ

2017 1546 2235 1615 ἀριθμῷ
2283 1549 2432 1600 ἐστιν
2462 1550 2495 1617 ἡ
2526 1548 2644 1600 Θεία
2692 1549 2852 1601 οὐσία
2895 1550 3070 1603 εἴτουν
3105 1548 3331 1619 Θεότης⁹
3366 1552 3459 1602 καὶ
3494 1548 3585 1603 διὰ

2016 1636 2174 1689 τοῦτο
2205 1637 2299 1690 καὶ
2328 1640 2426 1708 μία
2450 1638 2611 1691 οὐσία
2646 1639 2740 1691 καὶ
2762 1639 2896 1701 Θεός
2930 1640 3070 1692 εἰσιν
3096 1635 3182 1702 εἷς
3212 1640 3451 1710 ἀριθμῷ.
3477 1642 3587 1693 Καὶ

349 1736 572 1805 quidem
596 1738 651 1789 in
683 1735 886 1789 divinis
921 1734 1171 1802 personis
1202 1734 1477 1798 subsistit,
1514 1745 1708 1802 estque
1737 1749 1909 1787 unum

2022 1726 2160 1796 αὐτη
2198 1728 2296 1793 μὲν
2336 1728 2623 1797 ὑφεστῶσα
2652 1731 2709 1782 ἐν
2738 1732 2856 1792 ταῖς
2901 1730 3075 1795 θείαις
3105 1733 3252 1784 ἐστὶν
3283 1731 3588 1791 ὑποστάσε-

349 1829 658 1883 subsistens
684 1842 807 1881 cum
831 1825 1062 1894 singulis
1086 1826 1354 1893 personis.
1383 1823 1707 1878 Humanitas
1731 1833 1915 1878 autem

349 1934 529 1987 neque
555 1927 639 1971 est
686 1916 993 1971 subsistens
1021 1916 1075 1969 in
1111 1915 1537 1985 particularibus
1575 1915 1913 1979 hominibus,

350 2026 530 2078 neque
584 2023 753 2062 unum
808 2008 1115 2062 subsistens
1157 2023 1281 2062 eum
1337 2008 1572 2078 singulis
1618 2006 1915 2062 individuis

350 2102 654 2155 constituit.
678 2101 757 2154 Ex
774 2115 884 2169 quo
935 2100 993 2152 lit
1047 2109 1106 2155 ut
1133 2098 1279 2169 quod
1311 2114 1378 2154 ex
1398 2100 1698 2155 substantia
1720 2100 1914 2153 horum

348 2202 454 2257 est,
508 2194 817 2247 nonetiam
862 2208 926 2244 ex
972 2206 1207 2260 persona
1260 2190 1504 2245 onmium
1552 2191 1644 2245 sit.
1700 2191 1915 2246 Etenim

347 2285 504 2349 Cain,
535 2298 657 2338 cum
682 2299 746 2337 ex
780 2282 1107 2349 substantia,
1135 2297 1232 2335 seu
1259 2293 1457 2335 natura
1485 2282 1559 2335 sit
1580 2281 1797 2346 Adatni,
1822 2291 1908 2336 at-

348 2389 456 2443 que
498 2372 703 2435 Abelis,
757 2386 825 2424 ex
868 2370 1063 2424 Adami
1120 2371 1343 2439 quidem
1390 2381 1588 2426 natura
1656 2387 1778 2425 cum
1820 2371 1913 2437 sit,

346 2464 509 2518 etiam
542 2478 606 2517 ex
649 2462 797 2516 illius
819 2475 1053 2530 persona
1090 2460 1233 2514 foret
1278 2477 1292 2514 :
1334 2476 1443 2515 non
1480 2462 1607 2530 quia
1640 2480 1703 2518 ex
1740 2463 1916 2532 ipsius

346 2556 654 2611 substantia
685 2554 776 2617 sit,
812 2552 908 2607 sed
929 2551 1188 2621 quoniam
1212 2554 1438 2606 omnino
1471 2568 1538 2606 ex
1570 2553 1746 2622 ipsius
1775 2570 1914 2623 per—

347 2663 481 2703 sona
516 2657 619 2709 est,
663 2660 789 2698 cum
836 2645 1015 2713 ipsum
1054 2652 1249 2698 nactus
1285 2643 1453 2698 fuerit
1485 2659 1638 2699 suam
1670 2660 1912 2701 causam.

348 2740 426 2793 Ex
459 2737 766 2792 substantia
797 2750 926 2790 vero
966 2734 1151 2790 Abelis
1194 2744 1475 2801 constans,
1500 2752 1607 2790 non
1638 2738 1803 2792 etiam
1848 2754 1916 2792 ex

350 2830 523 2899 ipsius
563 2841 801 2898 persona
842 2835 959 2891 est;
989 2824 1263 2895 siquidem
1301 2825 1489 2881 Abelis
1532 2841 1774 2896 persona
1803 2842 1915 2881 non

350 2937 603 2987 numero,
642 2919 738 2975 sed
773 2918 1118 2974 solummodo
1150 2918 1334 2989 specie
1374 2919 1740 2974 substantiam
1771 2933 1916 2987 cum

352 3014 559 3067 Adamo
600 3012 911 3082 participat.
942 3011 1133 3081 Neque
1164 3026 1295 3066 vero
1336 3011 1731 3066 subsistentem
1770 3011 1825 3066 in
1857 3027 1916 3069 se

352 3103 517 3157 habet
548 3116 701 3155 suam
748 3099 1151 3165 substantiam,
1190 3115 1367 3169 neque
1394 3115 1564 3155 unum
1604 3101 1917 3157 subsistens

350 3210 473 3248 cum
506 3209 605 3246 sua
637 3207 868 3261 persona
897 3191 1206 3246 constituit.
1234 3190 1388 3257 Quod
1408 3200 1592 3246 autem
1642 3208 1709 3247 ex
1743 3193 1917 3248 Patris

333 3275 407 3339 et
440 3284 563 3337 Filii
601 3293 685 3337 est
745 3282 1073 3347 substantia,
1120 3282 1257 3336 nihil
1297 3281 1478 3336 obstat
1524 3285 1822 3353 quominus
1862 3295 1919 3342 et

349 3392 416 3429 ex
451 3389 683 3444 persona
713 3374 930 3429 illorum
959 3373 1054 3428 sit.
1080 3373 1223 3439 Quin
1244 3374 1410 3429 etiam
1433 3377 1670 3431 maxime
1700 3388 1784 3433 est
1820 3394 1916 3434 ne-

351 3470 674 3531 cessarium,
707 3480 833 3519 cum
864 3465 979 3519 hate
1009 3464 1487 3525 substantiaPatri
1519 3481 1583 3520 ac
1613 3467 1771 3535 Filio,
1808 3485 1918 3524 non

352 3568 563 3614 tantum
594 3557 779 3627 specie
802 3556 1105 3612 secundum
1141 3555 1425 3610 hominum
1459 3559 1793 3627 exemplum,
1820 3560 1914 3615 sed

348 3651 542 3705 cadent
586 3663 837 3713 numero,
883 3657 1047 3717 atque
1090 3649 1401 3704 communis
1446 3650 1693 3705 exsistat.
1740 3652 1804 3705 Et
1860 3652 1916 3705 in

352 3745 485 3813 ipsis
539 3740 1052 3812 pra‘terea‘divinis
1093 3740 1506 3810 bypostasibus,
1564 3742 1915 3810 paternitate,

354 3837 600 3902 inquam,
635 3841 689 3887 et
728 3831 992 3885 liliatione
1039 3830 1327 3886 subsistat.
1371 3832 1568 3887 Nescio
1592 3833 1758 3903 igitur
1783 3834 1915 3902 quid

349 3926 455 3979 sibi
488 3925 660 3978 velint
695 3923 943 3993 exempla
975 3923 1078 3975 ista
1115 3922 1524 3993 discrepantia;
1552 3924 1641 3977 vel
1679 3923 1809 3994 quid
1851 3939 1918 3978 ex

353 4019 486 4088 ipsis
520 4018 720 4086 aliquis
768 4015 1100 4070 concludere
1139 4016 1356 4084 queat?
1399 4019 1468 4070 At
1504 4016 1755 4071 fortassis
1800 4016 1921 4071 talis

351 4120 435 4163 est
470 4110 706 4170 animus,
734 4107 830 4178 qui
864 4108 1032 4161 semel
1061 4118 1383 4162 concertare
1427 4107 1815 4171 constituerit;
1864 4116 1920 4161 et

353 4199 660 4269 perspicuis
702 4197 1163 4266 evidentibusque
1195 4196 1362 4251 rebus
1416 4196 1760 4261 adversatur.
1796 4205 1852 4251 et
1889 4213 1920 4252 a

355 4293 580 4346 veritate
615 4290 915 4353 abhorret;
953 4299 1014 4344 ut
1040 4288 1204 4342 etiam
1232 4289 1285 4341 in
1312 4297 1589 4358 prazrupta
1616 4288 1917 4342 horrenda-

2025 1834 2133 1881 σιν,
2162 1822 2251 1870 καὶ
2278 1817 2334 1872 ἓν
2369 1820 2616 1888 ὑφεστὼς
2651 1820 2770 1889 μεθ’
2797 1821 3034 1892 ἑκάστης
3062 1822 3170 1876 τῶν
3201 1822 3585 1879 ὑποστάσεων·

2023 1911 2055 1981 ἡ
2090 1910 2145 1963 δὲ
2180 1911 2537 1982 ὰνθρωπότης
2586 1913 2712 1966 οὐτε
2760 1915 3051 1982 ὑφεστῶσα
3080 1917 3137 1967 ὲν
3171 1917 3285 1979 τοῖς
3319 1920 3461 1969 κατὰ
3488 1918 3587 1986 μέ-

2027 2018 2118 2071 ρος
2147 2003 2478 2073 ἀνορώποις,
2512 2005 2635 2058 οὐτε
2670 2006 2726 2059 ἓν
2768 2007 3016 2076 ὑφεστὼς
3047 2011 3166 2063 ἐστι
3205 2009 3328 2077 μεθ’
3353 2009 3588 2063 ἑκάστου

2022 2093 2250 2162 ἀτόμου.
2290 2096 2450 2150 ὌΟεν
2480 2098 2540 2149 τὸ
2565 2099 2627 2152 ἐκ
2653 2099 2750 2165 τῆς
2782 2100 2971 2161 οὐσίας
3001 2101 3183 2155 αὐτῶν
3212 2103 3274 2157 ὃν
3302 2104 3364 2155 οὐ
3401 2103 3497 2155 καὶ
3525 2104 3590 2155 ὲκ

2021 2181 2123 2251 τῆς
2177 2185 2394 2239 πάντων
2445 2188 2594 2239 ἐστὶν
2647 2189 3036 2253 ὑποστάσεως·
3077 2193 3217 2246 Κάῖν
3253 2193 3361 2262 γὰρ
3393 2193 3457 2246 ἐκ
3489 2191 3591 2260 τῆς

2022 2272 2117 2326 τοῦ
2158 2273 2333 2346 Ἀδὰμ
2373 2277 2592 2331 καὶτοῦ
2639 2280 2808 2335 Ἅϐελ
2859 2282 3049 2345 οὐσίας
3084 2282 3112 2353 ἢ
3144 2282 3361 2352 φύσεως
3414 2283 3492 2336 ὢν
3523 2285 3591 2339 ἐκ

2027 2368 2123 2435 μὲν
2155 2366 2247 2419 τοῦ
2293 2366 2468 2437 Ἀδὰμ
2501 2368 2586 2439 εἴη
2621 2370 2689 2425 ἂν
2720 2372 2817 2424 καὶ
2840 2371 2940 2441 τῆς
2968 2374 3343 2440 ὑποστάσεως,
3372 2375 3469 2446 οὐχ
3507 2376 3591 2429 ὃτι

2023 2458 2087 2510 ἐκ
2117 2461 2216 2528 τῆς
2247 2459 2413 2513 αὐτοῦ
2444 2460 2655 2525 οὐσίας,
2685 2462 2803 2516 ἀλλ’
2831 2463 2915 2517 ὅτι
2962 2466 3100 2529 ὅλως
3153 2467 3220 2520 ἐκ
3266 2465 3369 2535 τῆς
3421 2464 3591 2519 αὐτοῦ

2024 2551 2170 2603 ἐστιν
2202 2552 2572 2616 ὑποστάσεως,
2606 2553 2766 2607 αὑτὸν
2793 2553 3043 2624 ἐσχηκὼς
3070 2556 3246 2611 αἴτιον
3267 2571 3282 2586 '
3304 2558 3369 2611 ἐκ
3396 2557 3454 2610 δὲ
3497 2555 3590 2609 τοῦ

2031 2640 2196 2694 ’Ἅϐελ
2218 2643 2314 2713 τῆς
2335 2644 2525 2708 οὐσίας
2556 2641 2632 2697 ὣν
2653 2645 2753 2699 οὐκ
2782 2646 2895 2699 ἔστι
2927 2647 3019 2699 καὶ
3042 2647 3108 2701 ἐκ
3133 2648 3235 2715 τῆς
3265 2647 3431 2702 αὐτοῦ
3458 2649 3590 2702 ὑπο-

2027 2730 2296 2796 στάσεως,
2318 2730 2476 2803 εἴπερ
2506 2734 2539 2803 ἡ
2570 2733 2666 2787 τοῦ
2697 2734 2864 2787 ’Ἅϐελ
2893 2735 3193 2801 ὑπόστασις
3223 2737 3337 2791 οὔτ’
3370 2738 3591 2809 ἄριομῷ

2025 2818 2142 2872 ἀλλ’
2171 2821 2306 2875 εἴδει
2339 2823 2503 2893 μόνον
2534 2824 2628 2894 τῆς
2665 2826 2838 2897 αὐτῆς
2876 2831 3128 2882 κοινωνεῖ
3171 2829 3248 2895 τῷ
3288 2830 3460 2901 Ἀδὰμ
3500 2831 3595 2885 οὐ·

2028 2911 2171 2976 σίας.
2203 2911 2340 2967 Οὑτε
2368 2913 2426 2969 δὲ
2460 2915 2788 2984 ὑφεστῶσαν
2816 2918 2932 2988 ἔχει
2967 2923 3025 2974 ἑν
3056 2922 3234 2990 ἑαυτῷ
3271 2920 3373 2992 τὴν
3399 2923 3592 2977 οὐσίαν

1944 3051 1989 3110 c
2024 3004 2358 3071 αὑτοῦ,οὑτε
2391 3007 2450 3061 ἓν
2480 3008 2727 3077 ὑφεστὼς
2763 3012 2903 3079 μετά
2953 3013 3051 3083 τῆς
3104 3013 3301 3068 ἑαυτοῦ
3351 3014 3593 3069 ὑποστά-

2025 3112 2185 3159 σεως.
2215 3097 2289 3149 Τὸ
2310 3097 2367 3151 δὲ
2391 3099 2455 3152 ὲκ
2482 3100 2581 3168 τῆς
2606 3102 2700 3153 τοῦ
2730 3102 2947 3172 Πατρδς
2977 3105 3071 3158 καὶ
3100 3105 3197 3158 τοῦ
3223 3106 3352 3160 Υίοῦ
3378 3107 3592 3171 οὐσίας,

2023 3189 2120 3241 καὶ
2148 3190 2212 3241 ἐκ
2254 3190 2351 3258 τῆς
2382 3189 2563 3244 αὐτῶν
2594 3192 2972 3258 ὑποστάσεως,
3002 3195 3155 3249 οὐδὲν
3181 3197 3404 3251 κωλύει.
3442 3197 3593 3251 Μᾶλ-

2019 3278 2113 3330 λον
2155 3277 2212 3330 δὲ
2254 3278 2348 3332 καὶ
2378 3281 2528 3333 πᾶσα
2573 3281 2790 3354 ἀνάγκη
2826 3278 2990 3351 εἶναι,
3030 3286 3239 3356 ταύτης
3268 3287 3368 3356 τῆς
3396 3288 3594 3352 οὐσίας

2021 3368 2246 3440 ἀριθμῷ
2277 3370 2373 3437 τῆς
2424 3372 2594 3441 αὐτῆς
2630 3374 2726 3429 καὶ
2760 3375 2951 3445 κοινῆς
2979 3376 3146 3449 οὑσης
3176 3379 3254 3449 τῷ
3285 3381 3460 3449 Harp!
3495 3382 3592 3434 καὶ

2020 3459 2099 3529 τῷ
2135 3460 2266 3531 Υίῷ,
2291 3461 2408 3515 ἀλλ’
2428 3464 2525 3516 οὐκ
2550 3463 2684 3517 είδει
2712 3467 2876 3534 μόνον
2901 3468 3044 3522 κατὰ
3067 3468 3127 3520 τὸ
3147 3469 3257 3522 τῶν
3282 3469 3594 3541 ἀνθρώπων

2023 3555 2399 3624 παράδειγμα,
2430 3556 2526 3609 καὶ
2576 3557 2657 3610 ἔτι
2706 3559 3079 3627 ὑφεστηκυίας
3134 3562 3194 3615 ἐν
3244 3564 3364 3625 ταῖς
3413 3564 3592 3626 θείαις

2023 3645 2358 3701 ὑποστάσεσι
2378 3647 2623 3714 ταύταις,
2644 3652 2712 3719 τῇ
2739 3652 3043 3721 πατρότητι
3067 3652 3158 3704 καὶ
3180 3654 3407 3724 νεότητι,
3426 3654 3593 3723 λέγω.

2023 3737 2177 3790 Ἵλατ’
2202 3737 2268 3791 ἂν
2295 3738 2390 3791 καὶ
2415 3740 2479 3791 ὲκ
2505 3739 2605 3807 τῆς
2644 3740 2843 3794 ἑαυτοῦ
2887 3742 3077 3806 οὐσίας
3108 3743 3203 3795 καὶ
3236 3744 3595 3810 ὑποστάσεως

2022 3825 2091 3900 ἦν
2122 3830 2182 3883 τὸ
2215 3831 2439 3900 Πνεῦμα
2465 3833 2526 3884 τὸ
2554 3832 2732 3901 ἅγιον,
2765 3834 2815 3885 εί
2844 3834 2920 3905 μὴ
2949 3839 3013 3906 τῇ
3043 3837 3237 3892 τούτου
3263 3839 3596 3893 ἀντέπιπτεν

2027 3922 2271 3993 ἰδιότητι,
2297 3924 2400 3994 τῆς
2431 3925 2603 3995 αὐτῆς
2649 3928 2909 3997 τάριθμῷ
2943 3931 3037 3982 καὶ
3091 3931 3234 3984 κατά
3266 3932 3457 3985 τούτου
3493 3935 3596 4002 τῆς

2022 4014 2212 4077 οὐσίας
2263 4005 2751 4088 κατηγορουμένης
2827 4020 3069 4090 ἐκείνης,
3120 4024 3213 4075 καὶ
3271 4023 3596 4095 ὑφεστώσης

2021 4104 2222 4171 ὁμοίιος
2246 4105 2347 4159 κάν
2373 4105 2569 4176 τούτῳ.
2596 4107 2711 4161 Οὐκ
2734 4108 2852 4164 οἶδα
2875 4105 2969 4162 οὖν
2991 4111 3043 4165 τί
3065 4112 3135 4165 τὰ
3156 4113 3389 4184 ἀνόμοια
3413 4115 3591 4169 ταῦτα
3626 4133 3639 4183 τ

2024 4196 2450 4267 παραδείγματα
2503 4198 2800 4269 βούλεται·
2855 4202 2887 4271 ἢ
2927 4204 2981 4255 τί
3027 4204 3252 4258 δυνατὸν
3285 4209 3595 4278 συμπεραί-
3632 4202 3635 4257 Ϊ

2024 4304 2134 4341 νειν
2187 4291 2251 4341 ὲκ
2305 4289 2552 4357 τούτων;
2598 4292 2738 4345 Ἀλλ’
2787 4294 2917 4358 ἴσως
2964 4298 3206 4351 τοιοῦτόν
3260 4300 3409 4352 ἐστιν
3445 4299 3599 4364 ἅπαξ

352 4399 461 4453 que
498 4398 629 4437 saxa
670 4381 1013 4452 praecipitare
1055 4397 1174 4435 sese
1216 4396 1323 4436 non
1375 4382 1718 4448 extimescat,
1757 4381 1917 4436 dum-

2024 4380 2229 4450 ἐρίςειν
2257 4384 2573 4453 ττροοεμένη
2604 4383 2750 4456 ψυχή
2779 4402 2794 4418 '
2825 4388 2917 4440 καὶ
2949 4388 3085 4457 πρὸς
3114 4389 3181 4442 τὰ
3215 4389 3349 4458 δῆλα
3378 4391 3599 4446 ἐνίστα-

356 4476 516 4528 modo
548 4477 617 4529 iis
654 4489 852 4529 nocere
890 4488 948 4527 se
979 4473 1190 4536 credat,
1234 4488 1374 4542 quos
1422 4473 1525 4528 sibi
1578 4473 1923 4528 adversarios

354 4567 697 4632 arbitratur;
748 4565 927 4635 qualis
965 4573 1045 4619 est
1094 4574 1150 4618 et
1195 4580 1438 4635 prtescns
1492 4565 1920 4634 argumentatio,

354 4659 556 4727 quibus
590 4658 695 4710 hoc
738 4658 791 4711 in
824 4657 947 4712 loco
983 4658 1115 4731 agit,
1158 4668 1344 4727 aperte
1395 4658 1448 4711 in
1484 4659 1783 4713 ternarium
1817 4674 1925 4711 nu-

357 4765 566 4803 merum
599 4752 828 4802 deorum
862 4748 1146 4803 decidens.
1187 4750 1237 4802 Is
1260 4760 1442 4801 autem
1482 4760 1534 4802 et
1563 4764 1723 4802 suum
1750 4749 1925 4818 ipsius

355 4842 566 4895 crimen
601 4841 723 4894 aliis
756 4840 1037 4894 ascribere
1069 4854 1179 4892 nou
1219 4840 1518 4895 erubescit.
1561 4839 1629 4895 Et
1664 4841 1742 4895 illi
1770 4856 1921 4906 sane,

356 4934 449 5000 qui
492 4942 650 4985 antea
678 4930 944 5000 Spiritum
969 4942 1218 4983 sanctum
1247 4932 1659 5002 impugnabant,
1688 4947 1813 4987 cum
1856 4948 1926 4987 ex

358 5022 519 5076 Patre
546 5023 631 5077 vel
680 5022 817 5075 Filio
855 5023 1032 5091 ipsum
1062 5035 1185 5077 esse
1210 5022 1486 5087 audirent,
1523 5024 1658 5079 illud
1701 5026 1924 5094 quidem

358 5131 423 5167 ex
461 5115 736 5185 ltypOStasi
780 5113 1184 5168 admittebant:
1222 5122 1277 5168 at
1326 5130 1393 5169 ex
1436 5127 1631 5169 natura
1679 5117 1922 5187 ipsorum

361 5223 500 5271 esse,
539 5208 641 5261 hoc
670 5222 797 5261 vero
831 5205 1294 5276 aspernabantur.
1325 5206 1481 5261 Nunc
1518 5208 1746 5263 alterum
1781 5212 1926 5265 istud

360 5298 561 5353 bellum
592 5315 716 5352 eum
752 5314 817 5352 eo
857 5306 1073 5367 gerunt,
1110 5313 1233 5351 cum
1259 5299 1394 5353 illud
1426 5315 1557 5354 sane
1588 5316 1653 5354 ex
1678 5303 1929 5355 substan-

362 5386 434 5440 tia
457 5387 702 5451 laudent,
721 5403 788 5442 ac
812 5388 1064 5455 probent,
1089 5387 1219 5441 illud
1249 5404 1317 5442 ex
1340 5388 1616 5458 bypostasi
1647 5402 1927 5459 respuant.

363 5479 442 5531 lla
473 5495 752 5547 nunquam
796 5468 1122 5534 intermittit
1162 5478 1334 5535 hostis
1368 5480 1623 5535 Ecclesia:
1672 5468 1931 5536 scandala

363 5571 606 5624 excitare
647 5587 816 5640 :quze
848 5572 1070 5641 quidem
1117 5586 1343 5628 necesse
1386 5579 1470 5627 est
1524 5572 1771 5636 evenire,
1819 5574 1928 5626 heu

313 5695 322 5699 -
365 5670 550 5714 tamen
597 5660 774 5726 illum,
817 5678 881 5717 cx
914 5678 1024 5732 quo
1062 5661 1411 5731 proveniunt!
1456 5660 1775 5731 Quanquam
1825 5662 1931 5719 illis

2025 4488 2136 4536 ται,
2166 4472 2261 4525 καὶ
2288 4475 2385 4543 τὴν
2418 4474 2679 4543 ἀλήθειαν
2704 4477 3084 4548 δυσχεραίνει,
3107 4481 3208 4533 οὐκ
3231 4481 3470 4536 ὀκνοῦσα
3498 4486 3598 4539 καὶ

2026 4565 2165 4614 κατά
2197 4564 2450 4632 μεγάλων
2472 4570 2736 4636 κρημνῶν
2762 4569 3047 4639 κυδιστᾷν,
3080 4570 3144 4624 ἃν
3178 4573 3340 4641 μόνον
3371 4589 3425 4626 τι
3456 4574 3596 4644 δρᾷν

2029 4655 2208 4721 οἴηται
2239 4658 2358 4708 κατ’
2385 4659 2634 4724 ἐκείνων,
2660 4659 2755 4724 οὓς
2785 4662 2922 4733 αὐτῇ
2957 4665 3304 4734 μαχομένους
3331 4667 3550 4738 ἡγεῖται
3574 4683 3591 4700 ’

2025 4741 2135 4809 οἶός
2160 4750 2280 4800 ἐστι
2310 4750 2403 4802 καὶ
2436 4750 2463 4801 ὁ
2494 4749 2686 4820 παρὼν
2722 4752 2903 4821 λόγος,
2934 4756 3015 4816 είς
3040 4754 3282 4824 τριθεΐαν
3312 4758 3598 4828 προδήλως

2026 4841 2310 4896 ἐκπίπτων
2335 4837 2414 4905 οἷς
2442 4845 2679 4899 ἐνταῦθα
2706 4864 2894 4918 φησιν.
2929 4848 2988 4900 '0
3019 4848 3077 4901 δὲ
3109 4850 3201 4902 καὶ
3229 4850 3358 4905 ἄνευ
3384 4852 3480 4904 τοῦ
3508 4855 3601 4906 al-

2029 4928 2321 4999 σχύνεσθαι
2375 4930 2583 5001 ἑτέροις
2639 4934 2702 4985 τὸ
2749 4936 2879 4987 ίδιον
2923 4937 3174 5007 ἔγκλημα
3224 4939 3595 5009 ιπιγράφεται

2022 5023 2234 5091 δαέρων.
2266 5022 2375 5074 Καὶ
2402 5024 2450 5075 oi
2480 5026 2577 5092 μὲν
2612 5029 2741 5095 πρὶν
2777 5028 3079 5097 μαχόμενοι
3111 5027 3186 5098 τῷ
3209 5029 3487 5098 Πνεύματι
3518 5032 3598 5102 τῷ

2030 5116 2189 5184 ἁγίῳ,
2235 5116 2299 5167 ὲκ
2328 5116 2420 5168 τοῦ
2456 5116 2668 5186 Πατρὸς
2718 5119 2852 5171 αὐτὸ
2885 5119 3198 5185 ἀκούοντες,
3231 5122 3263 5191 ἢ
3316 5122 3411 5174 τοῦ
3441 5124 3596 5188 Υίοῦ,

2029 5206 2088 5259 τὸ
2121 5206 2219 5275 μὲν
2247 5208 2310 5259 ἐκ
2340 5208 2438 5276 τῆς
2470 5207 2825 5272 ὑποστάσεως
2852 5212 3196 5282 ἀπεδέχοντο,
3224 5216 3285 5266 τὸ
3321 5217 3377 5270 δὲ
3403 5217 3466 5267 ὲκ
3495 5215 3595 5286 τῆς

2031 5297 2245 5363 φύσεως
2279 5297 2478 5360 αὐτῶν,
2510 5295 2667 5349 τοῦτο
2702 5296 2759 5349 δὲ
2795 5300 3174 5369 ἀπηρνοῦντο·
3210 5303 3307 5355 νῦν
3338 5305 3394 5357 δὲ
3440 5305 3595 5357 πόλε·
3626 5359 3632 5365 ,

2036 5406 2135 5456 μον
2184 5389 2370 5441 τοῦτον
2419 5389 2605 5459 ἓτερον
2646 5391 2797 5463 αὑτῷ
2827 5393 3227 5464 πολεμοῦσι,.τὸ
3263 5398 3363 5466 μὲν
3392 5398 3455 5449 ἐκ
3492 5397 3594 5462 τῆς

2031 5478 2216 5542 οὐσίας
2252 5480 2551 5549 δεχόμενοι,
2586 5484 2914 5554 ἀρνούμενοι
2949 5486 3003 5538 δὲ
3066 5488 3126 5540 τὸ
3176 5489 3240 5540 ὲκ
3280 5489 3378 5556 τῇς
3412 5488 3594 5541 αὐτῶν

2034 5570 2405 5632 ὑποστάσεως.
2439 5572 2629 5636 Οὑτως
2697 5576 2952 5631 οὐδέποτε
3001 5579 3269 5633 διαλείπει
3318 5576 3593 5632 σκάνδαλα

2033 5665 2061 5715 ὁ
2093 5661 2288 5730 ἐχθρὸς
2318 5667 2382 5732 τῇ
2426 5665 2723 5732 Ἐκκλησία
2776 5670 3003 5734 ἐγείρων
3025 5688 3037 5702 ο
3064 5671 3100 5726 ἃ
3131 5670 3344 5731 ἀιάγκη
3379 5670 3477 5725 υοὲν
3504 5669 3593 5722 ti.-
