3966 6218
399 256 514 331 285

1379 268 1767 330 APOLOGIA
1808 269 2431 332 INSCRII’TIONUM
2470 271 2713 334 VECCI.

3526 279 3667 361 ess

401 391 537 465 θεῖν,
573 388 695 442 οὐαὶ
741 388 797 442 δὲ
842 387 994 460 ὅμως
1024 390 1093 443 δι’
1138 386 1201 444 οῦ
1237 390 1490 462 ἐρχεταιί
1527 396 1725 448 Καίτοι
1755 394 1975 458 ἐκείνοις

2095 394 2320 464 quidem
2370 395 2520 450 dicta
2575 395 2845 462 quaedam,
2890 408 3011 462 quae
3051 408 3119 448 ex
3164 394 3366 453 divinis
3413 400 3666 465 personis

405 482 506 552 μὶν
533 485 632 536 καί
654 496 738 545 τις
765 482 981 552 ὑπῆρχε
1016 482 1149 547 ῖσως
1180 483 1507 556 συγγνώμη,
1543 487 1746 553 μᾶλλον
1768 485 1814 538 δ’
1841 486 1975 555 ἴχνος

2091 487 2350 550 habeant,
2382 501 2491 540 non
2528 496 2736 551 tamen,
2772 493 2828 540 et
2858 500 2925 540 ex
2955 486 3263 543 substantia
3313 489 3369 542 in
3413 493 3667 547 testimo-

403 573 760 643 συγγνώμης,
789 572 979 643 ἔχουσί
1002 590 1125 627 τινα
1153 576 1421 643 προάγειν
1447 578 1529 640 εἰς
1565 579 1897 648 μαρτυρίαν,
1922 579 1983 629 ἐκ

406 666 506 733 μὲν
552 666 665 718 τῶν
715 665 884 720 θείων
933 667 1296 721 ὕποστάσεων
1326 667 1482 734 ὄντα,
1523 668 1599 739 μὴ
1657 668 1843 738 μέντοι
1884 666 1981 721 xui

402 753 502 825 τῆς
530 755 759 818 οὐσίας’
798 756 1010 822 τούτοις
1052 757 1109 810 δὲ
1152 758 1282 812 ποία
1334 760 1486 813 ἐσται
1526 760 1883 830 παραίτησις,
1918 761 1983 811 ἐκ

406 848 506 917 μὲν
552 850 655 917 τῆς
701 848 894 909 οὐσίας
934 849 1313 918 ὁμολογοῦσιν,
1346 852 1711 923 ἀρνουμένοις
1741 853 1799 906 δὲ
1827 852 1888 906 ab
1918 854 1983 905 ἐκ

399 940 497 1006 τῆς
519 939 877 1003 ὑποστάσεως
904 937 1071 1007 εἶναι,
1097 939 1172 996 ὧν
1195 945 1296 1013 τὴν
1312 944 1489 1015 αὐτὴν
1512 943 1768 1016 τάριθμῷ
1793 945 1982 997 οὐσίαν

403 1030 781 1097 συντίθενται;
832 1030 1023 1096 Οὕτως
1074 1034 1374 1105 ἁσύμὸατα
1410 1037 1507 1090 xui
1535 1037 1749 1099 ἑαυτοῖς
1783 1038 1877 1090 καὶ
1909 1039 1978 1107 τῇ

398 1122 629 1195 ἀληθείᾳ
658 1125 814 1193 φασί.

797 1239 909 1293 Τοῦ
946 1243 1179 1296 Βέκκου
1214 1245 1301 1309 εις
1342 1242 1460 1311 τὴν
1489 1244 1588 1308 ιβ’.

481 1329 703 1403 ἴΕπειδή
753 1333 860 1386 εἰσί
893 1350 1044 1398 τινες
1078 1336 1499 1404 ἀποτολμῶντες
1529 1336 1732 1405 λέγειν,
1758 1338 1820 1389 τδ
1848 1339 1980 1391 ἀνα-

394 1423 640 1489 ϐλύζειν,
672 1426 770 1478 xui
799 1428 1072 1497 προϊέναι,
1127 1430 1221 1483 xui
1254 1429 1586 1501 ἐκλάμπειν,
1613 1428 1709 1485 xui
1737 1432 1979 1500 πεφηνέο

393 1536 489 1572 νιι
522 1518 591 1571 ἐκ
611 1514 705 1571 τοῦ
729 1518 863 1572 Υίοῦ
893 1520 957 1572 τὸ
989 1520 1236 1591 Πνεῦμα,
1270 1522 1346 1593 μὴ
1377 1520 1577 1592 δηλοῦν
1604 1523 1666 1575 τὺ
1699 1520 1981 1585 ούσιωδῶς

398 1612 498 1664 xui
539 1609 922 1674 ἐνυποστάτως
959 1610 1230 1681 ὑπάρχειν
1264 1613 1396 1667 αὐτὸ
1425 1614 1489 1665 ἐκ
1529 1611 1621 1666 τοῦ
1652 1611 1807 1679 Υίοῦ,
1842 1611 1980 1666 ἀλλὰ

391 1698 497 1769 τὴν
529 1698 589 1763 ἐξ
626 1700 787 1753 αὐτοῦ
826 1701 935 1755 τῶν
972 1704 1771 1775 Πνευματικῶνχαρισμάτων
1801 1703 1979 1756 διανο-

397 1791 511 1862 μὴν
534 1792 615 1855 είς
641 1793 867 1863 ἔλεγχον
909 1794 1011 1859 τῆς
1043 1796 1304 1861 τοιαύτης
1337 1798 1524 1861 ἀνοίας
1556 1795 1893 1868 ἐξελέγησαν
1921 1796 1977 1850 αῖ

392 1884 673 1953 παροῦσαι
700 1890 971 1957 γραφικαὶ
998 1888 1209 1958 ῥήσεις,
1246 1889 1304 1943 αἱ
1331 1887 1594 1960 δηλοῦσαι
1619 1888 1976 1953 ἀναδλύζειν,

394 1976 489 2029 xui
514 1975 827 2047 ἐκλάμπειν
850 1980 945 2032 xui
971 1980 1274 2049 πεφηνέναι
1301 1981 1396 2034 τὸν
1448 1981 1578 2034 Υἱὸν
1611 1982 1679 2035 ἐκ
1711 1980 1929 2051 Πατρός
1961 1997 1977 2011 ·

394 2068 457 2119 οὐ
488 2069 595 2139 γάρ
626 2069 691 2139 δή
740 2087 826 2131 τις
876 2070 1013 2139 ἐρεῖ,
1045 2070 1119 2133 ὡς
1156 2072 1253 2141 οὐχ
1282 2073 1310 2124 ὁ
1347 2069 1472 2134 Υίός
1514 2075 1661 2125 ἐστιν
1691 2074 1719 2125 ὁ
1744 2070 1978 2124 ἀναϐλύ-

399 2160 508 2220 ζων
530 2162 626 2215 καὶ
658 2161 979 2231 ἐκλάμπων,
1016 2163 1109 2216 xui
1140 2162 1401 2232 πεφηνὼς
1434 2166 1496 2216 ἐκ
1522 2164 1616 2216 τοῦ
1651 2164 1861 2233 [ἰατρὸς
1889 2163 1976 2215 ού-

399 2253 605 2317 σιωδῶς
636 2254 730 2307 xui
763 2255 1166 2321 ἐνυποστάτως,
1194 2255 1333 2309 ἀλλὰ
1366 2238 1432 2309 τά
1459 2255 1797 2327 χαρίσματα.

968 2366 1080 2420 Τοῦ
1137 2366 1413 2437 Παλαμᾶ.

469 2456 543 2511 Τὸ
568 2457 846 2527 γιννητῶς
874 2458 938 2511 ἐκ
970 2474 1138 2522 τινος,
1172 2459 1206 2529 ἢ
1236 2460 1587 2531 ἐκπορευτῶς
1613 2462 1712 2531 τὴν
1743 2461 1979 2533 ὕπαρξιν

402 2552 524 2620 ἕχον
561 2549 625 2613 ἐξ
662 2548 828 2603 αὑτοῦ
862 2548 958 2602 xui
986 2549 1234 2620 προϊέναι
1274 2551 1495 2619 λέγεται
1543 2553 1638 2604 xui
1691 2549 1976 2618 ἐκπέμπε-

400 2644 525 2697 σοαι
553 2641 1006 2711 καῖ’ἐκλάμπειν,
1038 2642 1200 2715 εἴπερ
1231 2642 1349 2711 φῶς
1381 2644 1522 2705 ἐστι,
1553 2643 1646 2694 xui
1673 2642 1774 2695 ὅσα
1800 2658 1976 2712 παρα-

398 2735 605 2805 πλήσια
633 2734 866 2797 τούτοις.
897 2734 972 2787 Οὐ
1020 2734 1126 2805 μὴν
1156 2735 1266 2788 πᾶν
1294 2733 1357 2787 τὸ
1384 2734 1597 2804 προῖὺν,
1628 2732 1661 2804 ἢ
1692 2732 1978 2802 ἐκπεμπό-

405 2844 589 2897 μενον,
620 2826 655 2898 ἢ
687 2827 973 2896 ἐκλάμπον
1002 2827 1066 2881 lx
1120 2843 1291 2892 τινος,
1322 2827 1417 2881 xui
1447 2827 1505 2892 ἐξ
1535 2828 1744 2881 ἐκείνου
1782 2844 1976 2897 γεννη-

396 2919 529 2985 τῶς,
561 2919 593 2987 ἢ
627 2901 974 2989 ἐκπορευτῶς
1010 2919 1109 2991 τὴν
1156 2919 1394 2990 ὓπαρξιν
1428 2918 1563 2989 ἔχει,
1614 2921 1707 2973 xui
1756 2922 1815 2973 ἐν
1867 2920 1973 2990 ἰδίᾳ

399 3010 699 3062 ὑποστάσει
731 3009 900 3063 ἐστίν.
933 3008 1106 3073 Οὗτος
1136 3010 1193 3063 δὲ
1227 3013 1255 3065 ὁ
1284 3012 1386 3074 τὰς
1420 3010 1739 3082 ἐπιγραφὰς
1768 3010 1975 3072 ταύτας

2084 578 2238 632 nium
2262 577 2538 632 adducere
2565 577 2895 643 valenti-bus,
2921 577 3063 632 forte
3088 578 3270 650 aliqua
3300 580 3460 636 venia
3484 582 3663 637 danda

2085 679 2223 736 erat,
2257 685 2352 724 seu
2383 670 2565 739 potius
2608 672 2900 742 vestigium
2942 672 3141 728 veniae.
3180 674 3251 729 At
3279 690 3413 730 vero
3445 676 3567 731 istis
3597 692 3663 732 ex

2086 763 2387 817 substantia
2415 763 2635 843 quidem
2667 778 2787 819 esse
2843 764 3301 833 concedentibus,
3322 784 3389 823 ex
3411 770 3669 840 personis

2086 865 2269 909 autem
2298 856 2655 926 negantibus,
2692 872 2927 927 quarum
2972 859 3223 914 eamdem
3270 875 3505 916 numero
3534 862 3662 917 sub-

2084 946 2339 1000 SIantiam
2375 946 2636 1011 fatentur,
2659 962 2907 1017 quaenam
2938 951 3047 1004 erit
3079 951 3405 1007 excusatio?
3432 952 3509 1007 lta
3540 961 3661 1007 tum

2085 1054 2114 1093 a
2140 1054 2200 1093 se
2226 1038 2383 1107 ipsis,
2425 1049 2540 1094 tum
2591 1023 2886 1094 averitate
2911 1041 3209 1110 plurimum
3254 1043 3524 1100 dissident
3577 1053 3660 1100 at-

2085 1145 2192 1200 que
2214 1130 2548 1185 discordant.

2556 1242 2706 1297 Verci
2727 1247 2781 1298 in
2813 1246 3198 1302 duodecimam.

2156 1334 2423 1400 Quoniam
2460 1345 2592 1389 sunt
2640 1336 2917 1402 nonnulli,
2954 1338 3046 1407 qui
3095 1340 3302 1395 temere
3345 1340 3531 1397 dicere
3567 1359 3665 1399 au-

2084 1425 2271 1491 deant,
2327 1441 2583 1481 emanare
2618 1425 2883 1496 Spiritum
2915 1443 2980 1484 ex
3030 1427 3193 1496 Filio,
3230 1444 3294 1486 ac
3334 1434 3659 1507 procedere,

2083 1528 2137 1573 ct
2163 1519 2405 1582 elucere,
2448 1526 2614 1588 atque
2645 1533 2770 1573 esse
2820 1535 2931 1574 non
2991 1522 3445 1589 substantialiter,
3476 1533 3531 1579 et
3562 1541 3660 1595 per

2084 1609 2309 1663 modum
2342 1609 2676 1664 subsistendi
2706 1611 2884 1680 ipsum
2916 1626 3038 1668 esse
3070 1629 3101 1668 a
3130 1614 3300 1683 Filio;
3324 1614 3419 1671 sed
3452 1615 3519 1671 ab
3539 1616 3663 1685 ipso

2081 1701 2349 1756 donorum
2412 1701 2745 1771 spiritalium
2799 1702 3127 1759 divisionem
3199 1707 3530 1778 significare.
3600 1706 3656 1760 In

2082 1790 2514 1846 confutationem
2571 1791 2843 1859 ejusmodi
2914 1796 3168 1851 amentiae
3227 1797 3473 1851 collectae
3528 1809 3659 1852 sunt

2081 1893 2377 1952 prmsentes
2396 1884 2598 1938 litteris
2625 1896 2961 1940 consecratae
2980 1888 3288 1954 sententiw,
3309 1904 3431 1958 quae
3456 1888 3657 1943 Filium

2048 1989 2147 2043 ‘ex
2192 1974 2351 2028 Patre
2404 1989 2685 2037 emanare.
2730 1986 2787 2030 et
2836 1976 3080 2040 elucere,
3114 1988 3279 2046 atque
3329 1992 3452 2033 esse
3495 1979 3659 2048 plane

2079 2065 2400 2118 ostendunt.
2436 2064 2551 2118 Non
2575 2068 2721 2120 enim
2752 2075 2902 2121 certe
2943 2066 3089 2122 dicet
3118 2068 3318 2137 aliquis
3356 2068 3520 2134 dona,
3560 2070 3656 2123 sed

2082 2170 2189 2209 non
2221 2157 2416 2209 Filium
2450 2172 2591 2219 esse,
2624 2157 2716 2225 qui
2740 2157 3179 2211 substantialiter
3209 2172 3239 2210 a
3273 2158 3452 2224 Patre,
3473 2166 3528 2211 et
3558 2173 3658 2227 per

2080 2248 2299 2303 modum
2326 2248 2662 2303 subsistendi
2685 2249 3160 2312 emanet,eluccat
3201 2259 3366 2318 atque
3401 2250 3653 2305 exsistat.

2736 2360 2996 2413 Palamw.

2150 2452 2307 2518 Quod
2338 2468 2437 2524 per
2464 2453 2688 2507 modum
2729 2450 3124 2521 generationis,
3151 2466 3247 2507 seu
3288 2453 3657 2521 proccssionis

2080 2548 2148 2601 ab
2196 2547 2380 2617 aliquo
2424 2545 2658 2607 exsistit,
2703 2544 2771 2598 ab
2816 2558 2882 2597 eo
2944 2559 3165 2614 quoque
3214 2545 3544 2614 procedere,
3590 2562 3656 2601 ac

2080 2640 2246 2703 mitti,
2277 2648 2443 2707 atque
2474 2638 2693 2693 elucere
2724 2636 2948 2703 dicitur,
2981 2637 3431 2707 quandoquidem
3467 2639 3655 2694 lumen

2080 2737 2280 2797 exstat,
2315 2738 2371 2786 et
2412 2745 2751 2801 quaecunque
2785 2729 2889 2784 alia
2936 2730 3021 2784 lllS
3065 2731 3290 2786 similia.
3320 2731 3439 2786 Non
3473 2740 3656 2788 tamen

2080 2824 2406 2896 omnequod
2448 2824 2720 2894 procedit,
2757 2840 2853 2880 seu
2899 2825 3160 2892 mittitur,
3206 2842 3302 2881 seu
3355 2822 3536 2882 elucet
3586 2827 3658 2883 ab

2081 2917 2288 2987 aliquo,
2333 2918 2400 2970 ab
2431 2915 2550 2986 ipso
2597 2932 2817 2986 quoque
2880 2934 2979 2988 per
3029 2917 3248 2973 modum
3289 2918 3660 2990 generationis

2079 3010 2166 3064 vel
2192 3007 2563 3079 processionis
2592 3018 2830 3070 constat,
2862 3020 3025 3080 atque
3066 3009 3120 3065 in
3168 3012 3386 3081 propria
3421 3002 3685 3082 persona.

399 3102 861 3174 συγγραψάμενος
912 3103 1121 3176 τόλμαν
1173 3103 1397 3173 ἐγκαλεῖ
1450 3106 1561 3167 τοῖς
1596 3103 1841 3168 εὐσεϐῶς
1878 3104 1974 3156 xui

2084 3099 2315 3155 exsistit.
2351 3098 2455 3153 lstc
2486 3108 2693 3164 autem,
2722 3100 2815 3169 qui
2858 3100 2957 3155 bas
2989 3100 3374 3171 inscriptiones
3432 3117 3660 3171 compo-

395 3194 667 3266 νουνεχῶς
699 3193 961 3269 φρονοῦσι
995 3196 1297 3266 τολμητίας
1326 3194 1402 3249 ὢν
1429 3196 1558 3266 περὶ
1586 3196 1646 3248 τὸ
1689 3195 1976 3248 δυσσεϐεῑν

396 3287 583 3351 αὐτός.

964 3485 1079 3541 Τοῦ
1135 3487 1409 3553 Νικαίας.

464 3583 601 3640 Φάθι
631 3583 727 3637 xui
750 3579 849 3653 τὴν
881 3580 1153 3650 ἀνάγκην,
1181 3579 1251 3634 δι’
1281 3580 1351 3651 ἣν
1378 3581 1474 3634 ἐπὶ
1511 3582 1611 3652 μὲν
1642 3582 1741 3650 τῆς
1770 3581 1837 3634 ἐκ
1864 3580 1977 3632 Πα-

393 3679 525 3749 τρδς
557 3674 789 3744 προόδου
824 3672 957 3727 Υίοῦ
985 3689 1045 3725 τε
1076 3673 1173 3728 xui
1220 3670 1543 3742 Πνεύματος
1573 3672 1772 3725 ταυτὸν
1802 3668 1975 3724 ταῦτα

392 3769 622 3822 δύναται
652 3766 724 3821 τὰ
753 3767 1019 3834 ὀνόματα,
1042 3765 1102 3819 τό
1134 3779 1195 3818 τε
1238 3765 1519 3834 γεννητῶς
1551 3764 1584 3835 ἢ
1618 3761 1975 3829 ἐκπορευτῶς

394 3864 671 3933 προϊέναι,
704 3861 798 3913 xui
825 3859 887 3912 τὸ
913 3858 1267 3922 ἀναϐλύζειν,
1290 3858 1325 3928 ἢ
1356 3857 1631 3926 πηγάζειν
1660 3859 1756 3910 xui
1777 3855 1971 3908 τᾶλλαο

393 3953 491 4007 ἐπὶ
515 3952 574 4006 δὲ
600 3950 704 4022 τῆς
753 3953 817 4005 ἐκ
848 3949 945 4004 τοῦ
983 3947 1112 4003 Υίοῦ
1144 3949 1239 4002 τοῦ
1276 3950 1598 4019 Πνεύματος
1632 3944 1975 4019 προαγωγῆς

392 4046 455 4099 ού
486 4048 684 4098 ταυτὸν
713 4043 775 4096 τὸ
801 4041 1073 4113 πηγάζειν
1104 4042 1199 4095 xui
1231 4041 1400 4096 τᾶλλα
1430 4038 1511 4109 τῷ
1541 4037 1971 4109 ἐκπορεύεσθαι.

394 4141 466 4192 Ἥ
497 4137 647 4192 διατί
670 4136 731 4189 τὸ
760 4136 861 4204 μὲν
883 4134 1323 4205 ἐκπορευόμενον
1350 4134 1447 4186 xui
1471 4130 1734 4201 πηγάζει,
1759 4131 1822 4183 ού
1852 4127 1976 4198 μὲν-

391 4249 479 4286 τοι
507 4231 607 4283 xui
633 4228 696 4282 τὸ
727 4228 996 4283 ἀνάπαλιν
1023 4245 1037 4295 ;
1097 4226 1261 4281 Ἀλλὰ
1297 4226 1373 4296 μὴ
1407 4225 1581 4289 οὕτως
1609 4225 1798 4287 ἁπλῶς
1832 4241 1974 4293 συμ-

396 4325 625 4392 πέραινε
654 4322 816 4393 χάριν
844 4322 973 4384 τοῦς
1006 4319 1399 4392 ἀκροωμένους
1431 4319 1623 4373 αἰτῶν.
1653 4319 1715 4372 Ei
1738 4318 1781 4371 δ’
1806 4317 1977 4379 αὐτὸς

2081 3191 2210 3257 suit,
2253 3206 2348 3246 eos
2378 3193 2472 3261 qui
2520 3193 2606 3260 pie
2647 3192 3061 3263 prudenterque
3091 3196 3339 3249 sentiunt
3365 3235 3379 3262 ,
3412 3195 3657 3251 audaciae

2082 3295 2248 3354 atque
2290 3285 2613 3339 temeritatis
2674 3292 2917 3350 accusat,
2954 3300 3076 3339 cum
3112 3286 3224 3356 ipse
3268 3289 3340 3342 sit
3378 3289 3555 3344 audax
3589 3288 3659 3344 ad

2082 3379 2443 3450 impietatem.

2755 3491 2982 3547 Nimni.

2148 3588 2548 3643 Necessitatem
2582 3602 2801 3657 quoque
2833 3587 3033 3641 ail'eras
3056 3625 3069 3650 ,
3105 3600 3331 3657 prepter
3387 3604 3551 3659 quam
3599 3591 3657 3647 in

2080 3679 2202 3734 Filii
2242 3688 2298 3733 et
2358 3677 2597 3746 Spiritus
2645 3694 2712 3733 ex
2757 3678 2919 3732 Patre
2971 3693 3232 3748 processu
3281 3680 3383 3734 ista
3433 3684 3658 3739 nomina

2080 3789 2180 3843 per
2202 3771 2421 3826 modum
2438 3772 2811 3842 generationis
2829 3787 2925 3827 seu
2952 3773 3317 3841 processionis
3334 3775 3653 3842 procedere,

2079 3877 2136 3922 et
2157 3880 2440 3930 emanare,
2475 3865 2560 3919 vel
2597 3865 3218 3934 scaturire,ca:teraque
3249 3866 3395 3934 idem
3422 3867 3566 3923 inter
3597 3883 3656 3923 se

2079 3959 2293 4021 valent;
2351 3959 2407 4012 in
2453 3955 2822 4026 productione
2869 3965 3055 4011 autem
3095 3956 3340 4025 Spiritus
3388 3974 3456 4015 ex
3514 3958 3655 4015 Filio

2080 4063 2356 4113 emanare,
2389 4058 2445 4103 et
2482 4048 2536 4102 id
2565 4063 2736 4119 genus
2777 4047 3007 4118 reliqua,
3040 4063 3150 4102 non
3206 4049 3348 4104 idem
3380 4062 3654 4106 suntcum

2079 4141 2403 4212 procedere.
2439 4141 2537 4197 Vel
2568 4155 2811 4210 exponas
2843 4139 3110 4194 rationem
3157 4155 3257 4195 cur
3287 4143 3433 4210 quod
3462 4157 3659 4212 proce-

2081 4236 2181 4302 dit,
2204 4235 2371 4290 etiam
2394 4243 2636 4300 emanat,
2652 4248 2764 4287 non
2793 4241 2975 4287 tamen
3007 4240 3061 4287 et
3084 4235 3308 4288 contra?
3327 4233 3446 4289 Non
3472 4246 3665 4292 autem-

2082 4330 2156 4384 ita
2206 4327 2532 4399 simpliciter
2585 4325 2919 4391 concludas,
2971 4325 3119 4396 quod
3158 4327 3508 4403 probandum
3547 4339 3652 4395 est,

394 4420 522 4472 ἄνευ
548 4413 879 4480 ἀποδείξεως
901 4413 1076 4482 λέγων
1101 4413 1204 4465 οἴει
1234 4430 1285 4465 τι
1306 4414 1563 4480 γενναῖον
1591 4414 1790 4475 ποιεῖν,
1818 4409 1973 4479 ἐροῦ-

2084 4422 2252 4493 gratis
2295 4422 2365 4475 ab
2405 4419 2752 4474 auditoribus
2798 4416 2898 4471 tibi
2937 4418 3167 4473 concedi
3209 4419 3517 4485 postulans.
3559 4420 3658 4476 Sin

395 4526 497 4575 μεν
533 4506 630 4559 xui
670 4506 832 4575 ἡμεῖς
864 4502 1052 4566 ἁπλῶς
1082 4501 1275 4567 οὕτως,
1322 4496 1396 4554 ὧν
1440 4503 1503 4554 σὺ
1540 4501 1643 4570 φῂς
1673 4501 1969 4556 τάναντίαο

395 4603 489 4654 xui
520 4600 657 4663 ἴσως
696 4593 1180 4667 πιστευθησόμεθα
1217 4594 1445 4665 μᾶλλον,
1474 4594 1711 4647 καθόσον
1738 4593 1973 4664 ἐροῦμεν

396 4695 487 4746 xui
537 4690 771 4761 βέλτιον.
827 4689 955 4743 Ἐπὶ
1004 4688 1105 4756 μὲν
1157 4689 1266 4759 γὰρ
1300 4687 1412 4740 τῶν
1465 4687 1782 4755 κτισμάτων
1842 4686 1973 4747 ἴσως

392 4786 540 4839 τοῦθ’
570 4780 957 4854 εὑρεθήσεται,
984 4783 1044 4832 τὸ
1076 4783 1434 4850 πεμπόμενον
1468 4780 1533 4832 ἐκ
1577 4794 1744 4842 τινος,
1774 4778 1807 4847 ἢ
1840 4793 1974 4847 προ-

392 4881 493 4943 ῖὸν,
523 4878 557 4947 ἢ
607 4875 879 4944 πηγάζον,
912 4873 946 4943 ἢ
985 4871 1314 4937 ἁναὸλὺζον,
1361 4870 1439 4941 μὴ
1495 4870 1555 4935 ἐξ
1606 4869 1816 4924 ἐκείνου
1872 4872 1972 4937 τὴν

396 4969 635 5041 ὕπαρξιν
675 4967 853 5038 ἔχειν’
882 4964 969 5035 ἐφ’
1016 4960 1091 5019 ὧν
1119 4964 1250 5018 ἄλλο
1285 4964 1405 5015 ἐστὶ
1441 4962 1679 5036 πρᾶγμα
1711 4961 1774 5015 τὸ
1807 4958 1971 5028 εἶναι,

395 5065 486 5115 xui
513 5062 575 5113 τὸ
603 5055 927 5130 πέμπεσθαι
964 5057 1175 5127 ἕτερον.
1212 5055 1408 5109 Καίτοι
1448 5071 1512 5124 γε
1569 5052 1691 5108 ούδέ
1724 5054 1815 5106 διὰ
1842 5052 1976 5106 πάν-

396 5172 498 5206 των
527 5151 835 5224 ἐφαρμόζει
871 5148 1028 5202 τοῦτο
1060 5147 1168 5201 τῶν
1198 5146 1507 5216 ὀνομάτων.
1532 5144 1607 5198 Τὸ
1641 5148 1751 5215 γὰρ
1783 5144 1846 5197 ἐκ
1873 5160 1969 5197 του

394 5246 662 5318 πηγάζον,
686 5244 720 5314 ἥ
747 5241 1076 5307 άναϐλύζον,
1108 5240 1186 5309 μὴ
1213 5244 1307 5293 xui
1336 5240 1393 5304 ἐξ
1423 5237 1637 5291 ἐκείνου
1676 5237 1967 5307 ὑπάρχειν,

393 5343 489 5393 οὐκ
517 5339 615 5392 οἷδ’
644 5339 793 5400 ὅπως
825 5338 890 5391 ἂν
917 5337 1193 5403 εῖποιμεν.
1233 5333 1358 5385 Ἐπὶ
1390 5332 1447 5385 δέ
1485 5331 1586 5401 τῆς
1622 5331 1773 5394 θείας
1807 5330 1970 5401 Τριάο

392 5433 476 5496 δος
499 5432 582 5495 τίς
615 5434 643 5484 ὁ
671 5431 850 5499 λόγος,
871 5430 935 5482 τὸ
974 5429 1072 5499 μὲν
1104 5427 1229 5496 ἔχον
1254 5426 1316 5479 ἑκ
1343 5442 1487 5488 τινος
1513 5426 1572 5476 τὸ
1603 5419 1745 5475 εἶναι
1783 5428 1878 5476 καὶ
1910 5422 1970 5484 ἐξ

392 5525 600 5576 ἐκείνου
632 5521 925 5592 πηγάζειν,
972 5520 1033 5572 τὸ
1065 5520 1121 5572 δὲ
1158 5515 1409 5586 πηγάζον
1454 5516 1529 5588 μὴ
1560 5519 1655 5571 xui
1681 5517 1743 5569 ἐκ
1774 5516 1965 5568 τούτου

392 5617 691 5689 ύπάρχειν;
746 5616 829 5683 ἐφ’
874 5608 940 5683 ἧς
980 5617 1040 5666 τὸ
1075 5612 1347 5681 πηγάξειν
1397 5609 1495 5661 xui
1552 5608 1826 5677 προϊέναι,
1872 5608 1966 5660 xui

392 5707 813 5780 ικπορεύεσθαι,
842 5706 923 5758 ἔτι
964 5705 1020 5758 δὲ
1062 5707 1154 5759 καὶ
1191 5703 1251 5756 τὸ
1288 5700 1607 5771 πέμπεσθαι
1640 5698 1697 5753 ἓν
1727 5699 1962 5769 πρᾶγμα

2080 4522 2261 4565 autem
2296 4519 2350 4563 tu
2392 4508 2528 4563 nihil
2556 4507 2860 4577 probando.
2895 4515 3106 4560 tantum
3138 4506 3405 4574 dicendo,
3432 4510 3656 4578 pracla-

2078 4616 2201 4655 rum
2235 4597 2443 4669 aliquid
2470 4597 2650 4652 facere
2681 4606 2733 4652 tc
2761 4596 3064 4680 existimas,
3090 4597 3341 4653 dicemus
3358 4602 3524 4654 etiam
3552 4615 3656 4655 nos
3731 4670 3735 4676 Δ

2080 4690 2153 4743 ita
2189 4688 2510 4759 simpliciter
2554 4704 2745 4743 corum
2793 4689 3070 4744 contraria
3103 4730 3117 4753 ,
3178 4704 3298 4760 quae
3328 4700 3387 4745 tu
3434 4692 3655 4747 asseris.
3716 4717 3734 4759 ς

2078 4780 2240 4836 Forte
2293 4782 2458 4835 ctiam
2504 4781 2770 4849 majorem
2828 4780 2991 4836 nobis
3055 4783 3397 4853 praestabunt
3454 4783 3655 4848 tidem,
3712 4772 3725 4803 ⁵

2077 4882 2351 4943 quatenus
2386 4873 2633 4926 dicemus
2678 4881 2733 4928 et
2770 4872 2988 4927 melius.
3024 4871 3237 4927 Etenim
3287 4875 3341 4927 in
3385 4875 3656 4930 creaturis
3715 4876 3723 4909 ~'

2078 4966 2131 5020 id
2174 4966 2359 5019 forsan
2404 4964 2737 5027 invenietur,
2774 4965 2921 5033 quod
2953 4965 3022 5019 ab
3048 4965 3232 5034 aliquo
3269 4965 3525 5031 mittitur,
3569 4965 3658 5022 vel

2076 5057 2350 5129 procedit,
2382 5057 2467 5112 vel
2499 5065 2742 5121 emanat,
2793 5071 2889 5110 seu
2939 5057 3204 5124 scaturit,
3238 5063 3299 5111 ut
3326 5072 3436 5112 non
3489 5057 3657 5114 etiam

2074 5150 2146 5202 ab
2200 5149 2320 5218 ipso
2349 5147 2726 5204 exsistentiam
2774 5146 3006 5213 habeat;
3042 5146 3099 5202 in
3146 5146 3349 5219 quibus
3370 5147 3524 5202 aliud
3570 5154 3656 5202 est

2076 5256 2219 5304 esse,
2248 5247 2305 5295 et
2336 5237 2482 5294 aliud
2515 5237 2683 5292 mitti.
2724 5237 3051 5306 Quanquam
3086 5236 3253 5292 etiam
3301 5251 3480 5306 neque
3524 5235 3658 5305 ipsis

2080 5332 2245 5386 rebus
2275 5330 2474 5386 creatis
2501 5329 2780 5391 universe,
2812 5336 2976 5397 atque
3015 5343 3112 5396 per
3148 5326 3333 5380 omnia
3377 5323 3435 5379 id
3470 5325 3657 5378 nomi-

2076 5439 2207 5476 num
2237 5419 2510 5491 congruit.
2554 5418 2709 5485 Ωιιοά
2736 5418 2881 5473 enim
2910 5432 2975 5472 ex
3007 5418 3191 5487 aliquo
3224 5423 3466 5482 emanat,
3488 5425 3656 5489 atque

2076 5516 2256 5570 instar
2318 5514 2485 5568 fontis
2540 5520 2735 5577 scatet,
2770 5521 2830 5564 ut
2878 5525 2991 5564 non
3045 5510 3212 5565 etiam
3276 5508 3345 5563 ab
3393 5509 3514 5578 ipso
3559 5506 3656 5574 sit,

2075 5607 2263 5661 nescio
2298 5604 2577 5675 quomodo
2620 5601 2875 5658 dixerim.
2918 5603 2987 5655 At
3014 5615 3144 5656 vero
3198 5599 3255 5655 in
3306 5598 3655 5655 sanctissima

2076 5699 2365 5769 Triuitate,
2400 5697 2492 5753 ubi
2524 5695 2815 5764 scaturire,
2856 5703 2909 5752 et
2940 5693 3235 5766 proﬁcisci,
3258 5703 3424 5764 atque
3455 5705 3655 5765 prece:
