3966 6218
279 254 384 320 287
1239 239 1754 304 BESSARIONIS
1804 241 1864 298 S.
1898 241 1968 299 R.
2011 240 2081 299 E.
2113 232 2579 297 CARDINALIS
3435 227 3545 290 283

279 367 436 433 dere,
461 365 640 421 adhuc
666 374 850 422 autem
878 375 934 422 et
963 365 1106 421 mitti
1153 377 1318 416 unam
1361 374 1479 413 rem
1529 356 1862 427 signiﬁcant,
1895 406 1900 417 ,

2006 355 2267 423 ημαίνεις
2306 355 2353 406 εἰ
2402 345 2498 406 itii.
2546 349 2720 405 ἐνίοτε
2770 345 3020 416 διαφέρει
3048 344 3133 456 15;:
3151 343 3324 450 ,λόγῳ
3381 343 3545 456 "(lite

280 459 408 513 licet
431 456 760 526 quandoque
793 457 1005 510 ratione
1042 453 1337 517 diﬂ‘erant;
1403 464 1524 518 qua:
1578 449 1717 502 ratio
1773 454 1856 508 est

2007 445 2084 498 ὑδ⁹
2122 444 2279 508 οὗτος
2305 447 2332 498 ὁ
2358 440 2516 512 λόγὸς
2551 440 2734 503 καλῶς
2779 440 3019 510 εἴρηται,
3043 436 3167 489 οὑδέ
3201 451 3369 544 ςρῖῖῗιν
3396 434 3549 542 ῗῦδὲν

285 561 344 605 ut
371 549 517 618 quod
542 549 610 602 ab
640 549 827 616 aliquo
867 547 1030 600 habet
1073 558 1214 607 esse,
1248 543 1316 596 ab
1349 556 1416 594 eo
1462 554 1681 610 quoque
1739 555 1863 605 pro-
1969 537 2270 634 dvayxe‘t'ov
2326 527 2448 588 οὐδὲ
2473 534 2666 634 byth,
2701 529 3037 634 dicito-dem.
3059 529 3172 634 soi;
3205 526 3456 634 εξδελφξδίς
3489 543 3549 632 τίς.

284 640 432 704 ﬂuat,
474 639 618 707 quod
648 645 832 691 autem
870 635 1115 705 proﬂuit,
1169 649 1278 688 non
1326 633 1491 687 etiam
1524 632 1592 685 ab
1647 645 1712 684 eo
1770 644 1863 682 ex-

2003 627 2070 679 :ai.
2105 626 2368 695 φθάσασι,
2400 626 2495 679 καὶ
2526 622 2824 694 μαρτυρῶν
2853 623 3068 685 ἑαυτοῖς
3096 620 3195 692 τὴν
3222 622 3346 691 ῐσην
3370 621 3550 691 ἑαυτῷ

284 729 481 788 sistat?
521 729 658 798 Ergo
703 742 882 796 neque
912 729 1012 780 ista
1057 726 1197 781 ratio
1241 734 1443 780 rectea
1475 731 1527 777 te
1572 721 1716 775 dicta
1745 728 1862 785 est,

2003 718 2230 772 ιθὲνειάν
2268 735 2327 772 τε
2365 717 2458 771 καὶ
2489 717 2790 770 οὑθένειαν.

287 837 465 887 neque
496 820 702 889 aliquid
721 818 866 888 quod
899 834 1090 874 sanum
1124 829 1289 886 atque
1320 816 1557 871 solidum
1596 815 1687 876 sit,
1714 813 1802 867 vel
1837 814 2209 868 necessarium
2282 811 2458 865 aﬂ‘ert.
2516 809 2786 864 Nimirum
2827 808 2930 863 sibi
2971 808 3265 877 germanis,
3306 815 3362 862 et
3405 817 3553 860 antc-

289 913 608 968 cedentibus
635 912 942 966 rationibus
965 912 1284 980 respondet,
1306 918 1361 964 et
1385 908 1648 978 atqualem
1677 906 1803 968 illis.
1828 914 1990 975 atque
2012 906 2119 961 sibi
2148 906 2250 974 ipsi
2277 904 2707 960 imbecillitatem
2749 917 2810 956 ac
2844 904 3139 956 vanitatem
3187 909 3434 954 testatur.

350 1042 460 1063 ζ...-

2573 1036 3523 1064 1m

1739 1153 2120 1215 MONITUM.
3075 1250 3085 1266 ι

362 1288 653 1346 Bessarion
691 1290 1020 1354 cardinalis,
1079 1290 1213 1346 visis
1263 1290 1717 1362 inscriptionibus
1757 1292 2085 1362 patriarcha:
2115 1293 2277 1348 Vecci
2331 1299 2387 1346 et
2434 1281 2779 1364 ineptissima
2809 1302 2999 1347 contra
3039 1305 3135 1345 eas
3173 1287 3558 1343 conlutatione

293 1381 541 1454 Gregorii
585 1384 836 1446 Palamas,
868 1385 1029 1438 aliam
1075 1384 1190 1454 ipse
1226 1385 1660 1440 confutationem
1688 1383 1952 1441 adversus
1992 1373 2268 1440 Palamam
2317 1387 2520 1443 tuendo
2550 1388 2786 1442 Veccum
2837 1385 3026 1440 Graece
3061 1382 3393 1452 composuit.
3423 1380 3560 1448 Quae

297 1479 502 1542 omnia,
538 1489 599 1534 ut
631 1481 923 1536 manifesta
949 1481 1146 1535 tierent
1175 1481 1376 1548 doctis,
1410 1481 1643 1551 ipsemet
1675 1481 1868 1535 Latina
1904 1481 2168 1537 reddidit.
2225 1482 2542 1538 Orationem
2572 1498 2794 1553 quoque
2819 1479 3082 1543 Graecam,
3120 1490 3283 1544 quam
3334 1474 3561 1528 miserat

299 1569 518 1624 Lascari
547 1570 1006 1642 Philanthropino
1039 1572 1232 1628 Latine
1263 1572 1451 1627 vertit.
1482 1573 1781 1643 Epistulam
1808 1574 1938 1628 item
1981 1573 2448 1639 exhortatoriam,
2487 1585 2704 1631 creatus
2730 1574 2841 1643 jam
2893 1568 3207 1642 patriarcha
3241 1567 3561 1622 Constanti-

301 1661 651 1727 nopolitanus
676 1662 861 1719 Graece
890 1666 1148 1733 scriptam
1177 1664 1244 1718 ad
1264 1679 1457 1719 omnes
1483 1664 1704 1721 Graecos
1727 1667 1782 1719 in
1809 1665 2062 1719 Latinum
2096 1667 2397 1721 transtulit.
2423 1666 2556 1733 Quae
2592 1667 2787 1721 Latina
2809 1663 2990 1720 versio
3016 1677 3141 1718 cum
3180 1659 3405 1714 minime
3433 1667 3561 1712 nota

305 1761 452 1808 esset
487 1755 646 1808 Petro
674 1757 934 1817 Arcudio,
973 1755 1088 1824 ipse
1119 1772 1336 1825 quoque
1377 1755 1570 1811 eadem
1601 1756 1788 1812 Graeca
1812 1755 2158 1812 Bessarionis
2189 1757 2383 1813 Latina
2436 1758 2580 1813 fecit.
2613 1758 2678 1811 Et
2701 1760 2961 1829 quoniam
2991 1755 3182 1808 Latina
3209 1751 3563 1808 Bessarionis

308 1848 440 1902 vitio
485 1849 836 1903 amanuensis
876 1850 1064 1904 multis
1143 1849 1360 1904 mendis
1410 1858 1644 1914 scatent,
1681 1860 1740 1902 ut
1795 1847 1985 1903 videre
2029 1859 2113 1904 est
2174 1851 2230 1904 in
2286 1851 2623 1908 bibliotheca
2680 1851 2986 1914 Vaticana,
3023 1849 3300 1906 Arcudius
3334 1862 3464 1902 vero
3493 1845 3564 1900 ad

308 1944 572 2012 majorem
597 1943 902 1999 claritatem
930 1946 1085 2014 quasi
1113 1946 1381 2000 verbatim
1427 1960 1494 2001 ea
1535 1945 1808 2002 convertit
1838 1964 1850 2010 ;
1885 1946 2106 2016 quidam
2153 1957 2386 2017 utraque
2433 1949 2576 2018 typis
2605 1965 2725 2004 esse
2754 1947 3003 2005 cudenda
3048 1953 3408 2020 censuerunt.
3443 1942 3562 2002 Hoc

307 2035 493 2102 itaque
518 2050 628 2089 non
661 2045 711 2089 te
736 2035 922 2101 lateat,
959 2038 1191 2107 benigne
1218 2038 1435 2094 Lector.

1489 2251 2408 2368 BESSARIONIS
2506 2241 2512 2247 ’

670 2465 1204 2527 DEFENSIONES
1245 2465 1477 2528 RECTI
1525 2465 2121 2544 CATHOLICIQUE
2168 2472 2583 2538 DOGMATIS
2639 2467 3152 2550 LATINORUM,

1813 2589 2146 2637 VIDELICET

313 2697 420 2758 DE
465 2696 994 2760 PROCESSIONE
1045 2697 1400 2761 SPIBITUS
1440 2701 1722 2765 SANCTI
1768 2692 2081 2766 CONTRA
2130 2706 2632 2773 HERETICUM
2677 2712 2909 2774 ILLUD
2975 2713 3569 2777 lMPUGNANTEM

1263 2822 1522 2881 CRISCE
1558 2827 1972 2895 LATINEQUE
2003 2833 2143 2888 PER
2176 2835 2332 2892 EUM
2359 2838 2617 2895 EDITA'S'.

387 2952 515 3014 Post
553 2959 846 3013 concilium
875 2957 1262 3028 Lugdunense,
1288 2973 1534 3033 tempore
1561 2966 1812 3037 Gregorii
1839 2968 1886 3022 X

2003 2964 2144 3005 suam
2203 2951 2560 3010 intentionem
2610 2956 2918 3025 declarans,
2950 2968 3005 3015 et
3049 2962 3434 3017 auctoritatum
3488 2965 3574 3020 in-

315 3053 653 3109 cclebratum
683 3091 696 3115 ,
729 3050 782 3102 in
815 3066 924 3120 quo
956 3068 1050 3120 per
1079 3067 1207 3107 suos
1247 3063 1496 3110 oratores
1535 3058 1709 3114 Graeci
1747 3062 1888 3116 uniti

2003 3041 2353 3113 telligentiam
2382 3047 2588 3131 optime
2620 3048 2725 3104 hoc
2775 3051 2938 3108 modo
2989 3053 3134 3121 quod
3168 3053 3273 3109 sibi
3299 3064 3417 3109 erat
3441 3072 3567 3126 pro-

316 3147 543 3200 fuerunt
575 3143 831 3198 Ecclesia:
863 3143 1160 3200 Romanae:
1199 3144 1579 3218 Spiritumque
1635 3163 1888 3208 sanctum

2003 3135 2234 3203 positum
2264 3138 2619 3195 concludens.
2656 3141 2783 3196 Post
2817 3140 3052 3198 Veccum
3086 3145 3404 3215 praedictum
3433 3164 3574 3204 non-

313 3255 382 3293 ex
411 3236 570 3291 Patre
620 3247 676 3292 et
711 3235 848 3289 Filio
899 3238 1197 3304 procedere
1247 3238 1480 3307 professi
1522 3253 1679 3309 sunt,
1729 3255 1892 3313 prout

320 3331 560 3385 Ecclesia
594 3328 863 3384 catholica
892 3329 1067 3383 credit
1092 3339 1147 3384 et
1169 3331 1457 3400 profitetur
1499 3350 1512 3387 :
1544 3336 1764 3404 quidam
1793 3353 1889 3407 pa-

321 3423 559 3475 triarcha
593 3420 1233 3490 Constantinopolitanus
1261 3426 1481 3478 nomine
1512 3424 1893 3492 Veccus,huic

319 3513 538 3567 veritati
559 3511 843 3566 adhaerens
860 3511 925 3565 ad
948 3511 1412 3581 impugnationem
1430 3514 1892 3584 adversariorum,

318 3619 554 3674 quorum
591 3603 772 3657 adhuc
797 3618 1027 3672 magnus
1057 3603 1304 3658 exstabat
1330 3621 1614 3670 numerus,
1647 3611 1892 3664 omnium

322 3699 636 3754 Graecorum
693 3697 983 3751 doctorum
1021 3697 1301 3750 volumina
1351 3711 1546 3770 magno
1592 3702 1776 3757 studio
1815 3719 1898 3758 re-

323 3791 573 3853 volvens,
603 3797 831 3844 cunctas
868 3803 1058 3843 eorum
1085 3789 1445 3844 auctoritates
1487 3790 1556 3844 ad
1600 3791 1742 3848 hanc
1778 3809 1894 3848 rem

319 3880 589 3936 facientes
633 3883 690 3936 in
747 3895 917 3935 unum
955 3879 1194 3949 collegit,
1235 3888 1292 3935 et
1345 3882 1620 3951 aliquibus
1651 3899 1748 3953 per
1770 3900 1894 3940 eum

321 3973 498 4028 titulis
526 3957 853 4042 prae-positis,
882 3982 1046 4041 prout
1104 3989 1170 4027 ex
1211 3973 1474 4028 continua
1520 3978 1894 4045 contentione,

322 4081 444 4136 qua:
481 4074 611 4119 tunc
644 4065 806 4119 ﬁebat
828 4105 842 4128 ,
873 4066 1165 4120 videbatur
1220 4067 1585 4120 necessarium
1617 4085 1760 4130 esse,
1814 4080 1900 4122 ut-

323 4167 456 4228 puta
495 4157 642 4226 quod
672 4156 912 4227 Spiritus
943 4167 1166 4211 sanctus
1197 4157 1268 4210 sit
1318 4172 1386 4211 ex
1427 4160 1589 4213 Patre
1630 4168 1686 4213 et
1716 4161 1853 4216 Filio
1883 4181 1895 4218 :

327 4250 472 4320 quod
493 4266 559 4304 ex
577 4251 731 4304 Patre
754 4265 849 4318 per
873 4248 1096 4312 Filium,
1114 4248 1261 4317 quod
1289 4249 1606 4304 immediate
1633 4265 1698 4306 ex
1718 4253 1897 4319 Patre,

1997 3221 2163 3282 nullis
2179 3227 2338 3283 annis
2353 3230 2574 3299 quidam
2594 3233 2738 3302 apud
2767 3232 2987 3290 Graecos
3007 3230 3304 3307 Gregorius
3326 3243 3570 3307 nomine,

1955 3320 2320 3388 _cognomine
2379 3320 2647 3390 Palamas,
2705 3325 2773 3381 de
2807 3343 2916 3397 quo
2985 3345 3181 3400 magna
3241 3331 3574 3387 existimatio

1998 3411 2141 3480 apud
2193 3413 2413 3470 Graecos
2451 3414 2573 3480 fuit,
2628 3419 2844 3474 veritati
2886 3421 3173 3478 catholicae
3227 3423 3373 3479 circa
3425 3424 3574 3501 hunc

1997 3503 2291 3559 articulum
2323 3509 2652 3576 contrarius,
2687 3519 2739 3565 et
2775 3511 2950 3567 hostis
2984 3524 3226 3583 apertus,
3260 3517 3453 3586 paucis
3485 3533 3577 3573 vo-

1998 3593 2121 3648 lens
2157 3610 2375 3652 omnem
2406 3599 2563 3654 Vecei
2591 3601 2838 3670 praedicti
2879 3605 3124 3661 laborem
3167 3622 3452 3676 enervare,
3489 3626 3578 3664 ar-

2001 3688 2273 3755 gumentis
2333 3690 2684 3761 prologisque
2735 3696 2856 3766 ejus
2931 3694 3322 3755 contradixit:
3382 3701 3579 3756 volens

2000 3777 2233 3844 probare
2281 3781 2634 3838 auctoritates
2670 3787 3002 3854 propositas,
3053 3804 3162 3844 non
3210 3806 3330 3845 eam
3409 3808 3574 3862 quam

2003 3866 2092 3921 ille
2131 3867 2365 3936 dicebat,
2401 3871 2496 3925 sed
2534 3872 2692 3943 longe
2723 3875 2891 3931 aliam
2948 3878 3313 3938 intentionem
3348 3883 3574 3940 habere.
3619 3925 3626 3939 .

1999 3957 2133 4022 Quae
2156 3961 2202 4014 si
2234 3975 2360 4016 vera
2391 3961 2643 4032 fuissent,
2688 3974 2836 4022 totus
2868 3968 3027 4024 labor
3061 3973 3389 4042 patriarcha:
3431 3993 3579 4048 prte-

2001 4049 2134 4103 dicti
2193 4054 2527 4110 evanuisset.
2596 4062 2670 4113 In.
2713 4059 2815 4113 hac
2866 4070 3047 4116 tamen
3099 4065 3361 4135 opinione
3390 4071 3579 4128 multis

2003 4141 2161 4195 annis
2215 4143 2466 4199 homines
2546 4163 2985 4216 permanserunt.
3029 4154 3166 4210 Cum
3240 4169 3422 4215 autem
3474 4163 3580 4218 hoc

2007 4234 2291 4303 utriusque
2328 4251 2468 4306 opus
2494 4242 2559 4293 ad
2601 4257 2794 4297 manus
2820 4246 2927 4299 mei
2959 4246 3299 4307 Bessarionis
3328 4251 3386 4307 S.
3415 4253 3482 4307 Β.
3514 4256 3578 4310 Ε.

323 4352 382 4396 ct
438 4343 518 4396 sic
593 4343 661 4396 de
727 4341 1023 4395 similibus.
1083 4338 1393 4411 Unicuique
1450 4341 1649 4396 ltorum
1713 4325 2304 4422 titulo-Cffrdina'is
2331 4330 2575 4400 episcopi
2609 4333 2946 4404 Tusculani,
2985 4349 3116 4396 “me
3171 4345 3579 4418 al'Chicpis‘ml'i

328 4449 451 4486 rum
509 4433 688 4487 varias
765 4433 1106 4486 diversorum
1183 4433 1466 4488 doctorum
1548 4439 1904 4495 auctoritates

330 4525 606 4595 adaptavit
636 4541 649 4589 ;
683 4525 923 4594 probans
973 4540 1070 4593 per
1099 4540 1192 4580 eas
1217 4525 1364 4595 quod
1405 4525 1512 4581 sibi
1562 4529 1903 4600 propositum

327 4625 448 4670 erat
475 4633 488 4669 :
515 4615 668 4670 verbi
695 4617 890 4686 gratia,
925 4616 978 4670 in
1001 4616 1178 4686 primo
1207 4617 1446 4687 capitulo
1471 4619 1696 4676 adducit
1717 4633 1906 4678 aucto-

331 4704 543 4768 ritates,
580 4705 779 4772 quibus
819 4705 1086 4775 probatur
1133 4705 1401 4776 Spiritum
1465 4693 1716 4765 sanctum
1783 4727 1904 4768 esse

329 4795 499 4848 etiam
533 4809 599 4848 ex
629 4791 767 4848 Filio
791 4810 804 4857 ;
829 4796 965 4858 alias
977 4795 1181 4850 deinde
1203 4800 1499 4866 probantes
1522 4815 1588 4855 ex
1605 4801 1764 4857 Patre
1785 4817 1905 4857 esse

333 4901 430 4954 per
465 4885 701 4952 Filium;
738 4885 959 4942 demum
987 4887 1053 4941 ad
1089 4889 1573 4947 demonstrandum
1604 4892 1749 4948 idem
1783 4909 1906 4951 esse

329 4977 520 5033 dicere
552 4995 620 5032 cx
670 4978 832 5034 Patre
872 4989 926 5033 et
973 4979 1133 5046 Filio,
1179 4990 1343 5050 atque
1383 4999 1449 5038 ex
1483 4983 1641 5039 Patre
1683 5001 1784 5055 per
1819 4986 1908 5042 Fi-

333 5070 488 5133 lium,
519 5079 578 5123 ut
610 5071 848 5127 instruat
878 5087 999 5138 nos,
1036 5088 1159 5127 cum
1200 5074 1455 5130 audimus
1482 5076 1740 5134 doctores
1757 5079 1907 5135 Grae-

332 5177 429 5216 cos
457 5159 721 5230 Spiritum
753 5174 1002 5218 sanctum
1036 5179 1100 5220 ex
1136 5165 1295 5220 Patre
1336 5182 1434 5236 per
1462 5167 1660 5223 Filium
1697 5172 1910 5226 theolo-

335 5265 526 5324 gantes
552 5255 696 5310 idem
727 5257 1033 5329 intelligere
1055 5274 1156 5313 nos
1177 5259 1402 5326 debere,
1431 5277 1492 5317 ac
1521 5263 1567 5316 si
1587 5264 1907 5320 audiremus

332 5363 403 5402 ex
434 5348 593 5404 Patre
631 5357 685 5404 et
712 5347 849 5403 Filio
918 5365 1015 5404 eos
1059 5350 1342 5417 dicentes;
1382 5353 1518 5410 alias
1554 5359 1909 5413 auctoritates

333 5438 563 5494 adducit
612 5441 1049 5512 atquivalentiam
1083 5442 1308 5497 istarum
1352 5447 1798 5514 praepositionum
1853 5450 1906 5503 in

334 5531 610 5601 theologia
645 5533 1034 5603 signiﬁcantes.
1085 5534 1150 5590 Et
1187 5536 1314 5591 huic
1357 5537 1552 5604 titulo,
1589 5540 1909 5609 creterisque

336 5620 594 5674 omnibus
623 5623 894 5690 quoddam
946 5637 1323 5696 argumentum
1377 5643 1534 5683 suum
1589 5631 1906 5700 prazposuit,

2005 4417 2237 4486 Nicami,
2277 4423 2647 4493 pervenisset,
2703 4442 2814 4482 non
2854 4447 3046 4500 passus
3080 4452 3250 4504 sum,
3279 4455 3382 4494 nec
3418 4417 3582 4512 aequo

2007 4512 2189 4567 animo
2221 4515 2340 4580 tuli,
2376 4524 2434 4570 ut
2477 4528 2533 4573 et
2559 4534 2908 4578 communem
2964 4527 3217 4584 doctores
3248 4532 3579 4589 calumniam

2007 4613 2344 4670 paterentur,
2371 4615 2428 4661 et
2451 4623 2552 4677 pro
2581 4611 2855 4679 convicto,
2912 4624 3078 4686 atque
3115 4620 3403 4692 proﬂigato
3443 4625 3583 4682 falso

2004 4694 2076 4746 ab
2136 4696 2412 4765 aliquibus
2461 4700 2552 4754 hic
2614 4704 3053 4771 sapientissimus
3100 4713 3180 4765 vir
3215 4713 3424 4770 Veccus
3487 4733 3583 4785 pa-

2010 4787 2249 4842 triarcha
2288 4799 2597 4860 putaretur.
2617 4794 2798 4862 Quare
2837 4809 3030 4854 contra
3061 4802 3338 4860 Palamam
3374 4817 3430 4862 et
3461 4811 3586 4880 ejus

2009 4877 2224 4935 fucosas
2246 4893 2298 4937 et
2330 4897 2657 4953 apparentes
2691 4893 3154 4950 contradictiones
3185 4913 3270 4952 me
3325 4877 3580 4970 opposui,

2009 4973 2248 5041 probans
2277 4991 2377 5045 pro
2407 4993 2567 5046 posse
2592 4984 2950 5039 auctoritates
2979 4988 3278 5055 productas
3313 4993 3458 5048 illam
3493 4997 3586 5051 iu-

2012 5065 2311 5121 tentionem
2336 5067 2538 5124 habere
2573 5085 2735 5141 quam
2753 5072 2967 5132 Veccus
2989 5079 3393 5148 sapientissime
3411 5088 3580 5155 dicit;

2010 5174 2120 5212 non
2160 5175 2322 5227 quam
2353 5162 2601 5217 Palamas
2628 5167 2966 5224 calumniosc
3013 5175 3258 5242 exponit.
3286 5177 3405 5242 Quo
3443 5195 3584 5250 prae-

2011 5253 2294 5320 supposito
2345 5269 2538 5312 omnes
2598 5259 2962 5316 auctoritates
3015 5264 3221 5333 Optime
3265 5265 3472 5323 faciunt
3512 5273 3582 5326 ad

2012 5344 2343 5412 propositam
2379 5361 2514 5413 rem,
2555 5356 2609 5401 et
2635 5348 2836 5404 veritas
2877 5366 2973 5418 per
3005 5353 3189 5408 omnia
3229 5356 3352 5413 luce
3377 5359 3585 5416 clarius

2012 5451 2237 5510 apparet
2272 5441 2639 5497 intuentibus.
2678 5443 3068 5514 Proponuntur
3119 5448 3286 5519 igitur
3340 5452 3580 5522 primum

2013 5543 2332 5604 argumenta
2366 5536 2480 5590 sive
2537 5536 2743 5607 prologi
2778 5537 2970 5607 Vecci,
3003 5539 3202 5596 deinde
3251 5543 3480 5598 Palama:
3511 5545 3581 5597 ad

2013 5646 2074 5685 ea
2131 5613 2639 5700 contradictiones,
2682 5631 2902 5686 demum
2952 5643 3154 5690 nostra:
3206 5635 3581 5698 defensiones.
