3966 6218
393 345 499 409 283

1354 303 1731 395 APOLOGIA
1775 326 2390 390 lNSCith'l‘IONUM
2436 298 2675 388 vacet;

3528 293 3640 386 7m

384 458 589 532 quibus
622 455 859 509 Veccum
905 446 1265 503 defendentes
1315 446 1547 500 Palamze
1594 443 1967 499 cavillationes
1997 448 2039 502 Α
2069 450 2233 510 atque
2256 441 2503 511 largitur.
2542 439 2605 493 lli
2643 452 2789 497 vero.
2819 436 2912 506 qui
2949 433 3170 519 Latinos
3199 414 3531 504 sequuntur,
3560 445 3649 489 te-

384 549 679 619 apcrimus.
705 552 762 598 et
794 556 889 597 eas
914 555 1012 609 pro
1046 552 1207 607 posse
1242 550 1594 600 enervamus,
1640 536 1685 589 si
1719 544 1864 589 recte
1910 542 1965 586 et

286 618 297 639 ¹
385 618 718 696 sollicienter
748 634 981 688 aliorum
1010 630 1081 686 sit
1115 628 1402 701 judicium.

776 744 923 799 νεα-ἱ
944 741 1176 813 primunt
1203 748 1595 811 argumentum.

455 862 636 919 Varia:
655 858 1004 915 diversorum
1023 855 1312 909 doctorqu
1334 852 1690 909 auctoritates
1706 854 1966 916 collecte,

386 956 588 1026 quibus
636 951 904 1022 probatur
952 947 1195 1017 Spiritus
1234 955 1459 1000 sanctus
1485 945 1653 1000 etiam
1705 959 1771 998 ex
1827 943 1969 998 Fili'o

388 1062 527 1102 esse.
553 1045 686 1099 Alia:
716 1056 939 1114 quoque
972 1048 1095 1109 post
1126 1052 1221 1093 cas
1259 1038 1366 1092 hoc
1418 1037 1472 1091 in
1501 1036 1779 1091 volumine
1826 1038 1966 1091 inte-

318 1110 367 1204 \
391 1147 584 1193 runtur
606 1139 672 1190 ad
712 1110 1205 1190 demonstrandum
1264 1128 1529 1199 Spiritum
1568 1138 1818 1183 sanctum
1843 1143 1970 1183 esse

384 1222 486 1300 "per
516 1227 716 1283 Filium
746 1242 812 1282 ex
838 1226 1019 1281 Patre.
1044 1223 1292 1292 Cumque
1335 1221 1441 1275 illae
1474 1236 1539 1275 ex
1566 1220 1730 1285 Fiiio,
1755 1221 1840 1275 ita:
1876 1235 1973 1290 per

390 1321 584 1375 Filium
627 1319 884 1375 eumdem
932 1314 1198 1386 Spiritum
1258 1328 1381 1368 esse
1432 1312 1853 1377 demonstrent,
1902 1312 1971 1366 aii

388 1412 836 1485 tequivalentiam
879 1409 1074 1462 Irarum
1108 1405 1557 1477 praepositionum
1607 1403 1968 1473 probandam,

391 1519 487 1574 per
531 1502 740 1558 scilicet
794 1507 851 1554 et
908 1513 1001 1563 ex,
1042 1496 1161 1550 alia
1212 1494 1473 1562 deinceps
1517 1492 1834 1548 inferuntur
1879 1495 1975 1546 du-

393 1604 608 1648 ctormn
630 1591 1003 1651 auctoritates,
1050 1586 1254 1656 quibus
1296 1586 1489 1640 barum
1526 1584 1970 1655 praepositionum

392 1681 778 1753 :equivalentia
816 1680 1244 1736 demonstratur.

854 1793 1103 1850 Palmum
1150 1785 1497 1848 contradictio

464 1913 602 1969 Cum
633 1910 688 1964 in
738 1908 1010 1980 theologia
1042 1908 1279 1963 invicem
1325 1906 1791 1977 tequivaleantete
1837 1918 1972 1977 pne-

395 2003 721 2076 positiones,
768 2016 864 2070 per
913 2010 969 2054 et
1022 2015 1087 2053 ex
1157 2014 1337 2066 neque
1397 1997 1722 2052 divisionem
1783 1995 1972 2069 ullam,

398 2110 577 2167 neque
627 2091 996 2148 diﬂ'erentiam
1052 2102 1253 2147 sanctae
1300 2090 1583 2145 Trinitatis
1642 2087 1971 2159 signiﬁcant,

398 2189 496 2244 sed
527 2191 791 2241 unionem
814 2195 871 2240 et
919 2186 1445 2253 immutabilitatem,
1481 2182 1785 2238 secundum
1811 2191 1976 2237 natu-

401 2293 519 2335 ram
542 2276 886 2332 videlicetet
921 2276 1262 2351 voluntatem
1292 2276 1431 2345 ejus.
1476 2274 1612 2328 llinc
1665 2274 1812 2328 enim
1843 2287 1975 2327 sane
2002 2274 2010 2283 ‘

402 2370 712 2425 ostenditur
766 2370 931 2424 unius
994 2368 1355 2449 ejusdemque
1435 2375 1645 2429 natura:
1695 2366 1975 2434 potentiae,

402 2462 739 2532 operationis
787 2471 844 2516 et
873 2461 1171 2514 voluntatis
1202 2459 1383 2519 Pater,
1421 2468 1475 2511 et
1499 2456 1690 2520 Filius,
1713 2467 1769 2510 et
1799 2455 1976 2525 Spiri-

406 2566 494 2610 tus
546 2564 768 2611 sanctus
820 2567 963 2608 esse.
1000 2538 1103 2618 Qui
1134 2565 1267 2605 vero
1316 2535 1403 2605 iiic
1461 2560 1778 2607 sanctorum
1831 2548 1979 2605 dicta

405 2643 638 2713 sumpsit
677 2650 842 2712 atque
917 2640 1217 2710 inscripsit,
1260 2638 1568 2696 divinarum
1620 2652 1977 2707 personarum

405 2735 774 2793 dill'erentiam
807 2734 948 2788 male
1006 2733 1283 2802 impieque
1332 2746 1429 2800 per
1470 2729 1806 2801 ejuscemodi
1841 2745 1981 2799 pra:-

407 2829 739 2899 positionum
786 2824 1226 2895 arquivalentiam
1271 2834 1503 2877 conatur
1554 2804 1846 2876 Ostenderc
1873 2861 1888 2882 ,
1925 2829 1981 2875 et

407 2924 551 2993 quod
610 2938 641 2975 a
689 2919 902 2975 duabus
954 2920 1246 2990 personis,
1287 2929 1344 2973 et
1391 2919 1459 2973 ab
1511 2926 1743 2985 utraque
1789 2904 1980 2971 earum

377 3050 381 3054 -
410 3030 515 3070 una
535 3017 700 3069 trium
722 3013 1030 3067 divinarum
1051 3025 1430 3080 personarum,
1459 3004 1700 3079 Spiritus
1728 3009 1984 3064 videlicet

407 3099 652 3171 sanctus,
674 3105 994 3159 ditl'erentcr
1033 3102 1326 3157 essentiam
1390 3100 1607 3155 habeat.
1667 3100 1980 3155 Dilucidum

410 3199 576 3268 igitur
601 3206 686 3253 est
730 3205 1045 3250 sanctorum
1097 3193 1400 3248 sententias
1462 3196 1603 3246 bene
1658 3206 1720 3247 ac
1779 3192 1866 3261 pie
1918 3205 1978 3244 se

410 3289 649 3352 habere;
680 3287 777 3341 sed
810 3286 876 3338 ab
904 3299 994 3350 eo,
1040 3282 1134 3352 qui
1170 3283 1288 3335 illas
1320 3280 1400 3335 sic
1455 3280 1772 3351 aggregavit
1814 3290 1979 3348 atque

408 3380 757 3449 conscripsit,
788 3380 925 3432 male
954 3385 1115 3447 atque
1158 3375 1325 3443 impie
1372 3374 1566 3444 accipi.
1597 3372 1753 3439 Quod
1794 3382 1978 3425 autent

409 3472 698 3543 ejusmodi,
720 3487 835 3540 per,
871 3469 1183 3539 praepositio
1210 3468 1466 3521 unionem
1491 3506 1508 3531 ,
1540 3476 1595 3519 et
1620 3465 1845 3541 omnino
1880 3466 1980 3519 im—

410 3564 827 3618 mutabilitatem
876 3560 1167 3628 signiticet,
1220 3557 1439 3628 quando
1487 3555 1696 3612 scilicet
1726 3555 1839 3620 isti,
1894 3571 1978 3621 ex,

411 3655 736 3725 aequivalet,
805 3654 1024 3707 divinus
1091 3650 1355 3708 Maximus
1414 3661 1579 3719 quam
1636 3648 1978 3720 apertissi:e

350 3784 367 3795 ι
410 3745 670 3813 ostendit,
702 3756 827 3799 cum
877 3745 943 3797 ad
978 3742 1247 3804 Marinum
1284 3740 1480 3796 scribit
1531 3742 1597 3793 de
1631 3739 1975 3809 {quibusdam

410 3838 723 3896 dicentibus
744 3846 810 3892 ex
844 3835 983 3889 Filio
1008 3834 1274 3904 Spiritum
1294 3847 1434 3887 esse.
1458 3832 1546 3886 Ait
1577 3831 1801 3896 etenim,
1831 3830 1975 3900 quod

411 3947 519 3985 non
553 3931 797 3984 iacerent
832 3925 1032 3980 Filium
1064 3938 1307 3987 causam,
1328 3938 1495 3979 unam
1529 3923 1676 3978 enint
1709 3930 1977 3976 noverant

412 4016 532 4073 Filii
568 4026 624 4071 et
667 4016 907 4085 Spiritus
952 4015 1125 4067 sancti
1161 4027 1405 4079 causam,
1445 4012 1659 4067 Patrem
1694 4010 1975 4074 videlicet,

409 4127 551 4173 esse;
579 4109 675 4162 sed
709 4118 766 4161 ut
788 4124 881 4176 per
906 4109 1084 4175 ipsum
1124 4103 1343 4174 prodire
1384 4105 1758 4167 ostenderent,
1791 4113 1846 4156 et
1880 4112 1979 4172 per

415 4206 555 4258 banc
587 4182 1027 4271 praepositionem
1051 4195 1496 4265 conjunctionem
1547 4194 1868 4248 substantiae
1920 4201 1977 4246 ct

414 4291 915 4349 inmutabilitatem
980 4287 1296 4360 probarent.
1349 4286 1428 4340 Ex
1483 4286 1549 4340 iis
1605 4285 1769 4355 igitur
1831 4295 1981 4355 patet

415 4378 649 4441 Veccum
701 4383 868 4436 istum
924 4378 1218 4435 inﬁdeliter
1280 4364 1445 4446 atque
1493 4366 1657 4445 impie
1706 4376 1976 4445 ejusmodi

2068 532 2335 586 mulentia
2365 531 2601 600 quadam
2637 545 2732 599 per
2766 527 2959 583 Filium
2995 536 3051 583 'et
3089 542 3156 582 ex
3187 524 3326 583 Filio
3378 523 3646 597 Spiritum

2070 634 2322 700 sanctum
2351 631 2609 693 putantes
2627 619 2922 676 essentiam
2950 619 3176 681 habere,
3198 632 3339 689 opus
3364 631 3493 673 eum
3521 628 3647 673 esse

2069 713 2398 784 benepiaciti
2417 704 2485 791 et
2524 711 2844 776 voluntatis,
2866 720 3028 788 atque
3049 726 3114 764 ex
3149 708 3475 765 necessitate
3491 722 3646 764 crea-

2071 815 2272 869 turam,
2333 804 2432 858 sed
2487 818 2597 857 non
2660 801 2862 857 divinae
2915 809 3127 855 natura:
3182 798 3422 855 fructum
3478 798 3646 867 impie

2069 888 2345 952 asserunt.
2378 891 2545 950 Sacer
2574 893 2723 948 enim
2749 893 3116 948 Damascenus
3143 875 3322 961 inquit
3344 910 3361 948 :
3384 889 3534 960 Opus
3560 890 3649 946 di-

2072 988 2213 1043 Villle
2242 985 2540 1041 voluntatis
2582 992 2831 1039 creatura
2887 991 2998 1045 est,
3032 980 3128 1037 sed
3164 996 3274 1036 non
3316 981 3647 1046 divinitatis,

2070 1076 2235 1131 absit.
2276 1074 2345 1129 Et
2368 1088 2560 1129 rursus
2592 1088 2699 1136 non
2736 1071 3059 1135 voluntatis,
3086 1071 3183 1127 sed
3216 1070 3412 1126 divina:
3437 1079 3646 1126 natura:

2074 1178 2182 1221 tam
2200 1166 2498 1238 generatio,
2517 1181 2679 1245 quam
2701 1156 2984 1236 processio
3001 1175 3103 1231 est,
3140 1179 3263 1234 quae
3290 1172 3419 1219 ante
3448 1161 3646 1219 saecula

2071 1268 2127 1311 et
2163 1257 2497 1327 sempiterna
2532 1266 2639 1313 est.

2627 1386 2834 1449 Nam
2870 1377 3119 1466 defensio.

2146 1532 2418 1589 Strenuus
2470 1533 2571 1589 iste
2621 1536 2704 1591 vir
2749 1535 2817 1589 ad
2869 1550 2962 1591 eas
2991 1534 3215 1605 quidem
3265 1533 3646 1595 auctoritates,

2075 1641 2198 1694 quae
2224 1642 2291 1681 ex
2322 1626 2462 1682 Filio
2481 1642 2603 1683 esse
2638 1635 2697 1683 et
2726 1642 2822 1697 per
2845 1625 3045 1682 Filium
3076 1644 3141 1693 ex
3162 1627 3321 1682 Patre
3349 1625 3646 1696 procedere

2079 1715 2345 1784 Spiritum
2380 1727 2630 1772 sanctum
2657 1716 2952 1775 aﬂirmaut.
2983 1717 3240 1795 quodque
3275 1733 3344 1774 ex
3383 1718 3451 1773 iis
3495 1717 3647 1772 colli-

2004 1800 2049 1859 B
2079 1808 2245 1878 gitur,
2292 1809 2520 1863 minime
2547 1819 2737 1877 contra
2768 1808 2883 1879 ipse
2912 1819 3110 1878 petest.
3149 1809 3270 1880 Quo
3308 1810 3456 1865 enim
3491 1820 3648 1881 pacto

2075 1900 2143 1954 ad
2169 1908 2375 1954 tantam
2410 1911 2518 1955 tam
2553 1901 2853 1956 dilucidam
2885 1902 3215 1956 veritatem?
3251 1902 3651 1972 equivalentim

2078 1994 2209 2050 vero
2238 1995 2433 2051 barum
2469 1996 2942 2069 praepositionum,
2964 2013 3055 2065 per
3083 2007 3140 2053 et
3162 2013 3247 2063 ex,
3280 2013 3459 2067 neque
3490 1998 3653 2060 bene,

2077 2101 2257 2157 neque
2285 2088 2392 2141 ulla
2424 2104 2548 2155 cum
2580 2089 2792 2144 ratione
2826 2089 3080 2156 iungeret,
3128 2099 3185 2146 et
3211 2091 3565 2146 contumeliis
3588 2106 3651 2145 ac

2078 2178 2384 2233 maledictis
2409 2178 2786 2233 adversarium
2812 2180 3187 2250 prosequitur,
3213 2189 3369 2251 putat
3390 2196 3450 2238 se
3474 2196 3653 2252 operte

2078 2270 2312 2339 pretium
2350 2269 2551 2335 facere,
2583 2286 2706 2325 cum
2740 2286 2996 2340 perverse
3030 2280 3196 2342 atque
3239 2273 3406 2343 impie
3432 2283 3624 2330 sancto

2080 2378 2199 2416 rum
2249 2370 2486 2415 mentem
2536 2363 2892 2431 esposuisse,
2923 2378 3225 2434 eorumque
3271 2365 3420 2422 dicta
3466 2381 3655 2439 aggre-

2079 2466 2235 2524 gasse
2270 2454 2447 2507 virum
2477 2453 2623 2508 hunc
2647 2454 2951 2520 sapientem
2968 2455 3360 2523 calumniatur,
3381 2458 3499 2528 ipse
3527 2475 3655 2515 vero

2078 2545 2148 2601 de
2179 2545 2266 2599 his
2318 2545 2586 2601 rationem
2639 2545 2868 2601 reddere
2910 2556 3163 2616 nequeat,
3198 2557 3461 2620 putatque
3513 2551 3653 2607 banc

2081 2636 2524 2706 praepositionem
2552 2652 2665 2709 per,
2685 2638 2792 2692 etsi
2815 2636 3097 2705 unionem,
3130 2637 3652 2705 immutabiiitatem,

2083 2728 2541 2798 identitatemque
2570 2728 2870 2784 voluntatis
2897 2729 2953 2784 in
2976 2742 3163 2786 sancta
3190 2730 3460 2789 Triuitate
3484 2734 3654 2805 signi-

2084 2820 2227 2887 ticet,
2262 2827 2387 2876 cum
2419 2822 2473 2875 in
2507 2821 2775 2892 theologia
2808 2821 2885 2877 illi
2919 2824 3288 2893 prapositioni
3320 2835 3387 2880 ea:
3416 2828 3645 2897 arquiva.

2082 2909 2197 2965 lere
2234 2911 2605 2980 dignoscantur,
2641 2928 2747 2966 non
2779 2927 2940 2982 posse
2987 2917 3302 2987 quempiam
3349 2919 3651 2977 secundum

2084 3005 2186 3059 hoc
2218 3003 2587 3074 signiﬁcatum
2616 3017 2738 3060 eam
2773 3007 3026 3077 accipere
3082 3013 3248 3066 etiam
3294 3012 3363 3070 de
3420 3013 3655 3084 Spiritus

2084 3095 2258 3150 sancti
2302 3097 2653 3165 processione
2704 3113 2770 3152 ex
2824 3099 2982 3155 Patre
3040 3117 3135 3171 per
3175 3088 3507 3173 Filiumhei
3548 3125 3652 3162 non

2087 3186 2194 3243 ista
2222 3188 2435 3243 ratione
2465 3188 2631 3244 etiam
2681 3205 2783 3246 nos
2836 3191 2889 3246 id
2942 3194 3268 3266 intelligere,
3327 3198 3422 3254 sed
3455 3200 3651 3256 distin-

2086 3278 2326 3333 ctionem
2354 3292 2419 3333 ac
2450 3278 2775 3337 divisionem
2826 3282 2998 3353 magis
3041 3284 3328 3354 inducere,
3352 3291 3653 3359 oppositio-

2086 3384 2323 3440 nemque
2362 3378 2420 3425 et
2445 3368 2798 3427 discordiam.
2825 3371 2979 3440 Quod
3010 3387 3077 3427 ex
3110 3375 3386 3443 praedictis
3418 3380 3533 3447 ipse
3577 3383 3655 3433 ii.-

2088 3463 2333 3534 telligere
2348 3463 2593 3531 videtur;
2614 3464 2724 3519 imo
2745 3481 2876 3521 vero
2894 3480 3055 3534 quam
3070 3467 3415 3537 apertissime
3435 3480 3654 3540 asserti,

2087 3570 2185 3623 per
2212 3555 2318 3612 hoc
2340 3567 2535 3611 omnes
2555 3567 2659 3611 nos
2689 3557 2826 3614 Velle
2854 3571 2923 3614 ex
2954 3558 3172 3616 duabus
3211 3566 3463 3633 personis
3487 3563 3645 3620 Patre

2046 3686 2049 3691 .
2087 3644 2335 3715 Filioque
2377 3645 2642 3716 Spiritum
2687 3659 2938 3705 sanctum
2987 3651 3282 3707 essentiam
3332 3653 3652 3712 dili'erentcr

2089 3736 2288 3795 habere
2318 3755 2337 3794 ι
2371 3739 2556 3795 nescio
2591 3740 2737 3795 unde
2781 3742 2867 3797 vel
2897 3754 2926 3797 a
2958 3758 3067 3812 quo
3102 3745 3211 3805 hoc
3235 3747 3463 3803 verbum
3496 3749 3652 3805 dilic-

2089 3838 2273 3884 rentcr
2314 3830 2423 3885 dici
2451 3831 2707 3887 audiens.
2760 3834 2837 3888 Ita
2871 3846 2974 3888 nos
3021 3844 3177 3905 putat
3210 3836 3497 3910 theologia:
3553 3857 3655 3897 ex-

2088 3934 2267 3991 pertes
2293 3937 2308 3975 :
2336 3921 2585 3995 fortassis
2608 3936 2793 3979 autem
2822 3936 2878 3980 et
2916 3926 3032 3995 ipse
3059 3927 3379 3996 hoc-sentit,
3411 3946 3477 3988 ex
3497 3933 3656 3989 Patre

2044 4070 2047 4073 ,
2088 4030 2184 4083 per
2214 4012 2412 4068 Filium
2443 4028 2695 4070 asserens
2727 4017 2992 4072 mundum
3032 4029 3278 4075 creatum
3306 4022 3480 4079 fuisse
3513 4044 3527 4092 ;
3554 4041 3658 4082 nec

2087 4105 2234 4158 enim
2283 4103 2449 4160 ullam
2508 4118 2678 4159 cerno
2727 4108 3114 4164 necessitatem
3152 4126 3253 4165 cur
3302 4113 3371 4167 de
3404 4126 3656 4171 creatura

2087 4194 2328 4263 quidem,
2364 4209 2479 4262 per,
2510 4195 2869 4265 :equivalens,
2903 4213 2965 4252 ea:
3009 4198 3355 4256 identitatetn
3382 4206 3655 4274 signiticet

2089 4301 2449 4363 personarum
2499 4306 2514 4342 :
2551 4298 2731 4344 tatnen
2759 4290 3057 4347 ostendens
3096 4291 3482 4352 diseretionem
3530 4300 3657 4371 (hoc

2086 4377 2235 4451 enim
2261 4393 2438 4448 neque
2463 4378 2581 4449 ipse
2602 4380 2867 4453 negabit),
2889 4382 2956 4437 de
2978 4383 3186 4453 Spiritu
3219 4402 3349 4442 vero
3366 4388 3656 4447 diversita-

413 4479 557 4533 dicta
584 4468 854 4542 accipere.
884 4472 1002 4529 Non
1019 4473 1165 4526 enim
1217 4466 1661 4538 conjunctionem
1700 4480 1752 4523 et
1781 4470 1978 4523 immu-
2012 4497 2059 4554 ι)
2090 4479 2196 4524 tem
2238 4480 2295 4525 et
2323 4460 2548 4525 omnino
2615 4473 3019 4543 discretionem.
3069 4475 3273 4546 Neque.
3305 4494 3433 4535 eum
3488 4487 3656 4550 pudet

415 4572 756 4630 tabulitatem,
776 4558 871 4621 sed
905 4578 1261 4643 personarum
1294 4560 1657 4617 diﬂ'erentiam
1682 4578 1746 4616 et
1780 4563 1846 4616 iis
1875 4562 1976 4615 ad-

414 4668 617 4719 ducere
661 4672 915 4723 conatur,
942 4675 1119 4730 neque
1174 4645 1424 4728 magnum
1483 4652 1744 4709 Basiliqu
1798 4656 1972 4718 audit,

413 4755 754 4826 quiquadam
787 4753 842 4807 in
875 4762 1028 4822 parte
1050 4752 1118 4804 ad
1136 4742 1598 4818 Amphilochium,
1625 4748 1768 4815 quod
1794 4746 1998 4811 i'atcr,.

412 4848 609 4915 inquit,
647 4859 743 4914 per
776 4842 973 4896 Filium
994 4851 1166 4901 creet.
1189 4854 1367 4908 neque
1398 4839 1773 4906 ituperfectam
1799 4836 1977 4889 Patris

410 4936 743 4990 creationem
762 4932 1249 5001 signiﬁcatmeque
1270 4935 1668 4997 supervacdzun
1690 4924 1977 4979 enervem-

411 5045 514 5096 que
534 5022 660 5079 Filii
680 5023 1061 5093 operationem
1083 5016 1345 5085 ostendit,
1370 5021 1465 5072 sed
1489 5021 1747 5071 unionem
1771 5017 1975 5085 signiti-

410 5119 811 5175 catvoluntatis
843 5132 859 5167 :
894 5116 1074 5182 itaque
1115 5127 1216 5166 vos
1267 5113 1367 5165 ista
1414 5127 1512 5180 per
1547 5096 1748 5163 Filium
1784 5112 1973 5179 prima:

411 5213 837 5282 principalisque
867 5220 1045 5260 causae
1070 5203 1471 5258 confessionem
1514 5201 1680 5258 habet
1705 5219 1719 5255 :
1752 5216 1860 5256 non
1881 5217 1980 5279 su-

410 5309 577 5361 mitur
617 5302 686 5356 ad
724 5298 1048 5354 cnicientem
1098 5308 1316 5349 causam
1350 5292 1771 5370 inveniendam.
1821 5291 1981 5360 Quod

408 5399 576 5470 igitur
591 5398 787 5449 asserit
806 5406 904 5461 per
918 5371 1138 5450 Filium,
1163 5395 1218 5439 et
1242 5400 1310 5438 ex
1336 5383 1474 5442 Filio
1493 5370 1757 5455 Spiritum
1779 5401 1978 5443 secun-

407 5478 535 5546 dum
550 5488 909 5556 temporalem
942 5482 1257 5537 missionem
1273 5477 1516 5548 prodire,
1532 5479 1779 5533 eamdem
1796 5476 1976 5533 Patris

405 5594 463 5639 et
501 5582 626 5636 Filii
673 5584 1003 5633 voluntatem
1038 5577 1344 5645 peroptime
1375 5573 1604 5644 probat;
1640 5571 1782 5625 bona
1826 5571 1974 5624 enim

408 5675 585 5728 Patris
614 5681 671 5724 et
698 5670 817 5722 l-‘ilit
848 5668 1148 5731 voluntate,
1173 5665 1366 5719 eodem
1400 5678 1620 5734 quoque
1647 5669 1976 5731 c00perante

346 5744 351 5749 ⁸
408 5771 637 5837 Sp.rttu,
663 5763 841 5829 dignis
873 5760 1186 5812 nominibus
1210 5757 1447 5826 Spiritus
1485 5765 1706 5811 sanctus
1741 5755 1977 5809 donatur

733 5870 998 5920 t’arnotu
1040 5861 1154 5916 Gtt.
1214 5852 1430 5916 CLXI.

2083 4570 2273 4617 contra
2293 4578 2353 4619 se
2380 4565 2562 4633 magni
2591 4563 2780 4619 Basilii
2805 4566 3181 4623 testimonium
3210 4568 3405 4627 aﬂ'erre
3427 4590 3443 4628 :
3463 4589 3652 4632 vocem

2080 4670 2203 4707 eam
2245 4670 2340 4723 per
2403 4654 2604 4710 Filium
2651 4656 3052 4727 professionem
3110 4662 3433 4733 principalis
3474 4682 3655 4724 causze

2044 4804 2049 4809 ,
2082 4748 2306 4804 habere.
2337 4749 2409 4804 At
2437 4765 2536 4805 nos
2567 4765 2634 4805 ex
2672 4750 2888 4806 duabus
2916 4753 3137 4821 quidem
3176 4758 3431 4824 personis
3472 4760 3652 4823 Patre,

2081 4854 2145 4893 ac
2191 4840 2329 4896 Filio
2376 4841 2641 4913 Spiritum
2696 4854 2946 4898 sanctum
2997 4846 3373 4902 casistentiam
3418 4848 3655 4906 dicimus

2082 4930 2305 4999 habere,
2332 4943 2389 4989 et
2418 4943 2532 4989 toto
2559 4936 2724 4989 corde
2770 4938 3116 4993 conlitemur.
3147 4938 3292 4995 Nihil
3321 4941 3467 4997 enim
3525 4957 3655 5012 ope—
3712 4988 3713 4991 η
3784 5000 3789 5009 ,

2040 5063 2047 5070 .
2083 5034 2256 5089 ratur,
2294 5025 2395 5079 nisi
2430 5026 2485 5083 in
2519 5037 2784 5095 quantum
2816 5029 2921 5083 itoc
2976 5031 3181 5099 aliquid
3213 5042 3269 5086 et
3306 5034 3648 5090 individuum

2044 5156 2049 5167 .
2081 5118 2171 5169 sit.
2227 5116 2285 5169 in
2314 5127 2578 5189 quantum
2641 5128 2824 5173 autem
2884 5121 3154 5191 ejusmodi
3190 5121 3351 5178 Pater
3387 5134 3444 5181 et
3472 5124 3647 5182 Filius

2081 5203 2192 5258 duo
2217 5214 2343 5265 sunt
2366 5224 2385 5262 ε
2421 5217 2477 5262 at
2509 5206 2828 5265 diﬂercnter
2863 5210 3022 5265 exiis
3049 5215 3372 5281 prooedere,
3399 5214 3504 5269 hoc
3552 5233 3650 5271 nes

2081 5311 2355 5366 quaquam
2382 5298 2773 5356 concedamus.
2831 5299 3115 5371 Siquidem
3168 5313 3228 5358 ut
3263 5305 3462 5371 Patris,
3499 5310 3569 5362 ita
3596 5320 3657 5363 ct

2082 5386 2203 5446 Filii
2226 5389 2607 5458 operationem
2634 5391 2983 5461 naturalem,
3032 5405 3251 5448 sanctos
3285 5395 3539 5451 audimus
3571 5399 3656 5451 di-

2081 5492 2271 5536 centes
2304 5467 2571 5549 Spiritum
2605 5492 2855 5537 sanctum
2879 5497 3019 5540 esse.
3051 5483 3220 5539 Unam
3246 5496 3429 5542 autem
3458 5503 3657 5560 opera-

2085 5571 2287 5626 tionem
2317 5572 2497 5627 Patris
2527 5581 2583 5628 et
2616 5571 2741 5628 Filii
2768 5589 2889 5635 esse
2937 5577 3210 5647 prmcipue
3234 5580 3530 5647 credimus,
3548 5582 3653 5638 nisi

2080 5671 2135 5716 et
2162 5661 2346 5715 iscum
2380 5676 2444 5715 ex
2473 5663 2654 5727 Pat—re,
2683 5672 2738 5717 et
2765 5662 2930 5727 Filio,
2950 5665 3255 5734 etSpiritu,
3289 5666 3371 5721 vel
3401 5683 3467 5723 cx
3495 5668 3654 5725 Patre

2082 5771 2180 5825 per
2212 5752 2412 5808 Filium
2461 5755 2515 5808 in
2573 5741 2779 5824 Spiritu
2810 5755 2940 5810 dicit
2981 5758 3246 5811 rutundum
3309 5762 3650 5829 subsistere;

3141 5854 3209 5914 10
