3966 6218
317 327 420 401 2')!

1263 326 1774 397 BESSARIONIS
1817 339 1877 401 S.
1926 339 1997 402 Β.
2041 341 2111 400 Ε.
2153 331 2618 400 CARDINALIS

3468 333 3576 411 2'92

323 465 433 506 non
459 447 719 505 extribus
748 446 880 503 solis
906 447 1157 519 personis
1186 457 1399 503 asserat
1420 448 1597 517 eﬂici;
1625 451 1731 506 hoc
1752 441 1895 507 enim
1921 455 1974 516 Α
2001 466 2108 506 non
2149 454 2332 522 potius
2361 453 2544 508 divina
2571 451 2677 506 erit
2697 461 2889 506 natura
2941 453 2996 508 et
3024 441 3308 523 potabitur
3335 470 3365 510 a
3393 456 3572 518 nobis.

319 545 516 614 utique
548 541 833 608 fateretur,
875 539 971 596 sed
995 540 1160 595 etiam
1202 538 1524 596 diﬂ‘erenter
1559 555 1628 596 ex
1671 542 1888 599 tribus:

325 635 470 707 quod
527 635 572 692 si
603 635 832 691 miretur
876 647 984 704 quo
1026 620 1186 703 pacto
1231 632 1335 688 hac
1391 634 1777 703 praepositione
1801 651 1892 706 per

326 731 623 788 voluntatis
645 729 908 784 unitatem
964 735 1020 782 et
1053 725 1400 781 identitatem
1447 734 1895 796 repraesentante,

329 838 432 879 nos
466 837 561 890 per
594 836 714 874 eam
745 818 942 873 Filium
971 831 1090 882 esse
1119 830 1338 873 causam
1371 816 1706 872 exsistentiae
1730 816 1900 887 Spiri-

333 924 419 967 tus
446 910 618 966 sancti
647 909 786 963 velle
813 907 1192 962 demonstrare
1216 924 1229 960 :
1266 906 1504 975 primum
1536 906 1896 975 semetipsum

332 1005 583 1067 miretur,
608 999 885 1070 quomodo
902 1013 999 1068 per
1029 995 1228 1051 Filium
1253 995 1373 1052 ﬁeri
1395 995 1583 1052 dicens
1606 997 1898 1063 mundum,

333 1094 531 1152 deinde
550 1107 677 1147 eum
711 1105 928 1146 causam
958 1098 1112 1160 putet
1149 1088 1530 1160 productionis
1559 1087 1775 1154 mundi,
1800 1102 1899 1157 per

333 1190 473 1242 hanc
525 1184 967 1256 praepositionem
1021 1182 1276 1248 ostendi;
1308 1182 1394 1236 vel
1449 1181 1596 1236 dicat
1632 1195 1741 1235 non
1777 1193 1900 1234 esse

334 1292 552 1331 causam
605 1277 814 1330 entium
868 1273 1090 1337 Filium,
1138 1282 1194 1326 et
1248 1271 1390 1325 malo
1441 1270 1641 1324 malum
1691 1276 1898 1323 curret.

332 1370 504 1425 Adert
551 1382 771 1437 quoque
814 1365 987 1420 divini
1027 1364 1246 1419 Maximi
1297 1361 1705 1426 testimonium,
1757 1360 1904 1429 quod

338 1461 559 1516 minime
585 1461 650 1514 ad
683 1458 1028 1528 propositum
1063 1455 1214 1510 facit.
1243 1454 1312 1508 Et
1354 1468 1456 1508 nos
1484 1453 1630 1507 enim
1662 1452 1903 1506 fatemur

334 1551 477 1605 hanc
509 1548 970 1618 praepositionem,
993 1561 1107 1616 per,
1148 1553 1201 1598 et
1240 1543 1528 1606 unitatem,
1559 1550 1614 1596 et
1652 1541 1906 1594 immuta-

335 1645 602 1698 bilitatem
657 1639 974 1696 substantiae
1023 1634 1201 1689 Patris
1251 1648 1314 1687 ac
1375 1632 1498 1686 Filii
1559 1629 1901 1700 significare:

339 1737 592 1791 novimus
625 1733 828 1789 etenim
859 1745 956 1801 per
989 1729 1129 1783 hanc
1173 1726 1486 1788 dictionem,
1518 1739 1630 1793 per,
1653 1723 1903 1778 ordinem

1997 548 2122 598 cum
2156 545 2370 610 eadem,
2405 560 2516 614 per,
2550 542 2714 597 etiam
2747 541 3068 596 substantia!
3102 542 3449 600 identitatem
3485 563 3576 602 re-

1997 637 2323 706 praesentet?
2353 635 2565 705 Quippe
2613 647 2735 688 cum
2793 633 2939 689 beati
2999 634 3218 690 Maximi
3276 640 3574 698 sententia.

1998 740 2161 794 quam
2199 727 2314 796 ipse
2345 741 2444 796 pro
2467 741 2526 781 se
2564 725 2768 790 attulit,
2799 725 2983 795 potius
3011 725 3203 780 doceat
3235 725 3576 782 identitatem
3669 750 3678 754 -

1999 818 2357 874 substantiae:
2397 817 2467 873 Ut
2496 817 2666 880 enim,
2700 817 2900 886 inquit,
2948 817 3392 888 coniunctionem
3447 820 3580 873 sub-

1999 910 2212 966 stantiae
2243 910 2520 976 ostendat,
2571 925 2883 979 quanquam
2914 917 2971 964 et
3020 910 3064 963 si
3103 909 3279 964 solum
3321 909 3578 964 identitzt-

2003 1011 2110 1058 tem
2158 1002 2477 1067 voluntatis,
2529 1018 2621 1071 per
2675 1000 3012 1065 ostenderet,
3093 1001 3230 1054 nihil
3274 1001 3440 1055 etiam
3499 1003 3580 1055 sic

2002 1091 2228 1147 absurdi
2281 1102 2624 1161 sequeretur,
2669 1107 2795 1146 cum
2831 1091 3020 1148 eadem
3061 1106 3173 1154 res,
3221 1099 3276 1144 et
3321 1093 3576 1155 essentia,

2001 1192 2058 1239 et
2088 1185 2339 1242 voluntas
2371 1187 2439 1241 de
2471 1186 2582 1241 Deo
2631 1185 2865 1241 dicatur.
2908 1186 3058 1240 Hanc
3090 1186 3236 1241 enim
3277 1187 3576 1256 p0tentiam

2004 1276 2396 1346 simpliciorem
2454 1276 2943 1348 sublimioremque
2974 1277 3230 1332 omnibus
3255 1292 3392 1340 esse,
3419 1293 3581 1331 nemo

2005 1376 2088 1424 est
2140 1369 2234 1438 qui
2292 1369 2525 1439 ignoret.
2579 1369 3032 1440 Unamquamque
3086 1383 3221 1424 vero
3278 1367 3577 1438 potentiam

2008 1467 2159 1514 tanto
2178 1459 2245 1514 ad
2275 1461 2431 1530 plura
2462 1475 2521 1516 se
2573 1459 2777 1515 habere
2825 1467 3034 1529 quanto
3077 1458 3378 1528 simplicior
3405 1466 3461 1512 et
3486 1472 3580 1512 su-

2007 1551 2226 1606 blimior
2255 1552 2346 1617 sit,
2379 1552 2636 1608 omnibus
2660 1553 2840 1622 palam
2870 1559 2975 1608 est.
3004 1549 3183 1616 Quare
3212 1549 3309 1603 Dei
3357 1562 3578 1618 quoque

2008 1642 2338 1697 voluntatem
2373 1643 2439 1696 ad
2487 1641 2726 1708 Filium,
2783 1653 2839 1698 et
2891 1641 3157 1711 Spiritum
3198 1647 3471 1702 sanctum,
3521 1643 3582 1693 ut

2009 1741 2260 1787 naturam
2296 1748 2394 1788 seu
2447 1733 2741 1789 essentiam
2770 1748 2829 1788 se
2862 1732 3088 1798 habere,
3121 1731 3215 1786 sed
3242 1738 3301 1785 ut
3330 1729 3582 1784 volunta-

339 1827 626 1898 quemdam
650 1833 704 1879 Cl
732 1832 1040 1890 respectum
1078 1819 1217 1888 ejus,
1239 1817 1306 1870 (lc
1335 1830 1444 1885 quo
1470 1818 1586 1869 hch
1613 1814 1817 1869 όίεἰιυι·
1837 1813 1905 1868 ad
1933 1791 1983 1852 Β
2013 1832 2118 1877 lem
2169 1823 2234 1877 ad
2291 1833 2620 1879 creaturam.
2679 1821 3036 1877 Nolissimum
3072 1791 3222 1874 tenim
3274 1825 3380 1880 εει,
3432 1813 3578 1883 quod

340 1917 492 1968 illum
545 1915 610 1966 de
667 1925 777 1979 quo
815 1909 916 1962 hac
948 1907 1208 1970 dictione,
1267 1919 1348 1966 ex,
1385 1904 1612 1966 utimur,
1670 1901 1904 1956 maxime

301 2002 741 2066 -tlemonstrari;
788 1997 1036 2054 eamdem
1096 2006 1273 2050 tamen
1329 1995 1501 2062 ipsam
1565 1992 1908 2048 identitatem

340 2094 948 2158 immutabilitatemque
992 2100 1209 2141 causam
1265 2098 1407 2149 esse,
1447 2092 1503 2137 et
1538 2082 1684 2152 quod
1737 2082 1910 2137 Filius

341 2189 485 2242 idem
509 2183 682 2255 possit
703 2181 848 2251 quod
881 2178 1058 2243 Pater,
1084 2176 1341 2247 quodque
1369 2189 1466 2244 per
1493 2189 1619 2230 eum
1647 2175 1910 2244 procedat

343 2277 585 2348 Spiritus
623 2283 866 2330 sanctus.
909 2267 1219 2322 Secundum
1261 2264 1407 2320 enim
1439 2263 1684 2319 divinum
1733 2262 1910 2334 Cyril-

341 2371 452 2424 lum
499 2382 562 2421 ex
602 2357 855 2431 utroque,
885 2375 954 2414 ex
987 2359 1144 2412 Patre
1195 2371 1293 2426 per
1329 2355 1528 2410 Filium
1557 2371 1572 2409 :
1607 2355 1910 2412 secundum

344 2475 472 2514 vero
500 2457 754 2513 eumdem
782 2452 1072 2507 Maximum
1113 2462 1182 2502 ex
1207 2447 1387 2514 Patre,
1421 2454 1474 2502 et
1505 2446 1667 2513 Filio,
1700 2446 1815 2502 sive
1847 2461 1913 2502 ex

347 2553 505 2606 Patre
540 2565 638 2620 per
665 2547 864 2602 Filium
897 2541 1167 2612 procedit,
1200 2540 1253 2594 id
1297 2548 1383 2595 est
1409 2539 1783 2595 exsistentiam
1816 2539 1913 2593 ha-

261 2673 282 2678 --
347 2645 440 2698 bet
467 2659 480 2694 :
513 2641 784 2708 siquidem
803 2634 1102 2706 procedere
1133 2633 1235 2687 iste
1263 2645 1485 2701 quoque
1507 2638 1717 2684 asserat
1745 2629 1913 2699 signi-

349 2737 510 2790 ticare
566 2728 943 2786 exsistentiam
1002 2725 1226 2788 habere,
1255 2721 1556 2793 praesertim
1610 2718 1912 2775 secundum

351 2828 475 2882 illos
508 2824 600 2894 qui
628 2823 734 2876 hoc
769 2833 966 2875 nomen
995 2817 1262 2872 duntaxat
1307 2812 1643 2869 exsistentiae
1675 2811 1913 2882 Spiritus

354 2919 620 2974 tribuunt.
647 2912 802 2980 Quod
831 2921 1012 2966 autem
1043 2908 1188 2964 dicat
1212 2915 1435 2963 sanctus
1468 2907 1679 2970 doctor,
1711 2902 1912 2959 Filium

350 3027 457 3066 non
483 3010 612 3064 facit
640 3020 858 3063 causam
889 3002 1128 3072 Spiritus
1163 2999 1357 3066 sancti,
1412 2997 1506 3053 sed
1533 2999 1771 3065 Patrem,
1813 2997 1914 3051 mi-

350 3103 498 3157 nime
521 3097 834 3162 miraberis,
883 3093 929 3150 si
959 3093 1197 3150 Graecam
1232 3089 1470 3161 linguam
1513 3089 1912 3157 considerabis,

350 3206 407 3251 et
436 3196 504 3249 de
537 3206 647 3262 quo
690 3191 803 3260 ipsa
827 3183 1044 3257 proprie
1091 3185 1195 3238 hoc
1230 3184 1450 3237 nomine
1481 3195 1646 3236 causa
1671 3181 1752 3236 uti
1785 3195 1918 3235 con-

350 3290 547 3342 suevit.
576 3279 931 3337 Notissimum
965 3289 1204 3344 namque
1225 3283 1307 3328 est
1340 3273 1574 3342 primam
1621 3281 1676 3327 et
1709 3272 1918 3342 princi-

351 3382 527 3452 palem
558 3389 797 3439 causam,
828 3382 884 3428 et
903 3372 1131 3434 fontem,
1151 3377 1206 3422 et
1224 3366 1463 3422 radicem
1483 3365 1916 3435 uniuscujusque

353 3477 493 3528 hanc
524 3469 743 3541 proprie
763 3480 982 3522 causam
1017 3462 1222 3527 vocari,
1248 3459 1466 3530 qualem
1501 3459 1676 3513 solum
1706 3458 1921 3513 Patrem

350 3579 473 3620 esse
531 3562 656 3633 quis
697 3573 806 3614 non
837 3554 1205 3618 concederet,
1267 3551 1413 3622 quod
1446 3551 1745 3606 dilucidum
1796 3549 1924 3605 hinc

352 3669 439 3713 est
475 3672 490 3709 :
522 3653 792 3723 siquidem
831 3658 1098 3704 creaturae
1128 3656 1183 3700 et
1214 3645 1474 3716 Spiritum
1506 3653 1776 3708 sanctum,
1797 3659 1925 3697 cau-

353 3766 467 3804 sam
505 3762 628 3803 esse
654 3757 838 3807 nemo,
891 3741 984 3811 qui
1011 3738 1326 3795 Christiano
1365 3737 1584 3792 nomine
1613 3744 1922 3802 censeatur,

356 3849 599 3910 negaret.
627 3839 692 3890 At
723 3833 1009 3903 theologus
1056 3829 1354 3900 Gregorius
1383 3846 1397 3882 :
1435 3829 1598 3894 Deus,
1632 3827 1831 3896 inquit,
1869 3827 1927 3880 in

360 3933 535 3986 tribus
557 3927 807 3984 consistit
854 3923 1128 3990 maximis,
1165 3937 1328 3977 causa
1372 3929 1429 3976 et
1476 3918 1692 3990 opiﬁce,
1723 3927 1778 3973 et
1806 3933 1929 3988 per-

359 4025 575 4078 liciente
633 4018 792 4072 Patre
836 4014 1067 4079 scilicet,
1094 4027 1148 4068 ct
1180 4011 1339 4078 Filio,
1374 4020 1430 4066 et
1462 4009 1669 4079 Spiritu
1716 4019 1927 4065 sancto.

355 4115 492 4169 Cum
525 4121 705 4166 autem
733 4106 924 4161 audias
958 4104 1172 4159 Patrem
1193 4103 1548 4171 principalem
1575 4114 1820 4161 causam,
1859 4113 1929 4152 ne

361 4216 517 4274 putes
572 4216 672 4257 nos
729 4201 838 4269 jam
890 4198 1055 4252 etiam
1105 4194 1427 4249 diderenter
1487 4191 1692 4255 dicere,
1726 4188 1927 4244 Filium

364 4284 670 4365 producere
695 4292 982 4361 Spiritum,
1020 4301 1143 4342 cum
1176 4301 1285 4340 non
1313 4284 1383 4338 sit
1409 4298 1574 4338 causa
1591 4281 1927 4352 principalis.

363 4388 508 4445 Idem
532 4386 679 4442 enim
710 4379 1072 4437 nihilominus
1099 4377 1263 4433 etiam
1282 4376 1349 4431 de
1381 4385 1633 4432 creatura
1661 4377 1930 4445 sequitur,

2011 1915 2189 1969 omnis
2208 1921 2262 1968 et
2285 1914 2537 1968 voluntas
2563 1913 2729 1968 etiam
2761 1911 2942 1966 divina
3007 1910 3074 1965 ad
3111 1909 3275 1964 ﬁnem
3298 1916 3356 1962 ut
3384 1915 3582 1961 natura

2012 2019 2072 2060 se
2100 2003 2263 2058 habet
2286 2003 2648 2058 determinate
2682 2004 2859 2072 ipsum
2894 2011 3180 2072 appetens,
3224 1998 3584 2070 quemadmo-

2013 2093 2141 2147 dum
2167 2102 2222 2148 et
2256 2103 2448 2148 natura
2478 2093 2546 2147 ad
2571 2108 2740 2148 unum
2755 2093 3118 2148 determinate
3143 2105 3204 2146 se
3242 2090 3406 2145 habet
3427 2106 3441 2142 :
3460 2087 3585 2141 linis

2013 2189 2193 2237 autem
2221 2184 2516 2238 voluntatis
2552 2181 2645 2237 Dei
2701 2194 2759 2239 et
2793 2184 2969 2240 Patris
2995 2225 3010 2249 ,
3052 2182 3223 2238 Filius
3258 2190 3314 2237 et
3346 2179 3584 2249 Spiritus

2013 2284 2236 2330 sanctus
2264 2285 2381 2331 est:
2412 2278 2477 2330 ad
2501 2292 2640 2347 quos
2673 2291 2896 2332 necesse
2924 2285 3011 2331 est
3043 2289 3168 2330 eum
3208 2289 3267 2329 se
3300 2275 3498 2328 habere
3527 2281 3588 2326 ut

2015 2371 2286 2418 naturam.
2330 2363 2410 2419 Ad
2439 2381 2504 2420 ea
2536 2381 2664 2420 vero
2715 2381 2835 2435 qua:
2869 2373 2998 2420 sunt
3041 2363 3108 2416 ad
3137 2363 3321 2427 tinem,
3363 2368 3422 2416 et
3448 2375 3585 2430 prae-

2015 2457 2206 2512 sertim
2245 2457 2312 2511 ad
2357 2474 2418 2512 ca
2479 2459 2595 2513 sine
2625 2458 2826 2528 quibus
2879 2465 3058 2526 potest
3091 2455 3250 2509 tinem
3295 2453 3584 2522 attingere,

2015 2557 2076 2600 ut
2123 2557 2252 2602 sunt
2293 2555 2575 2613 creaturae,
2605 2547 2740 2602 nihil
2787 2547 2934 2602 enim
2971 2546 3053 2601 liae
3091 2559 3192 2599 nec
3245 2542 3436 2597 adesse
3492 2540 3586 2594 Del

2016 2641 2328 2708 conferunt,
2365 2657 2467 2696 nec
2515 2639 2583 2695 ad
2637 2640 2830 2695 melius
2870 2642 3024 2693 esse:
3064 2637 3132 2692 ad
3165 2637 3300 2702 haec,
3338 2636 3586 2703 inquam,

2017 2750 2126 2790 non
2150 2733 2528 2799 determinate,
2575 2741 2630 2786 et
2675 2732 2877 2787 idcirco
2923 2739 2981 2784 ut
3013 2729 3264 2784 voluntas
3302 2742 3359 2782 se
3389 2726 3585 2789 habet;

2017 2833 2165 2896 patet
2195 2826 2340 2890 enim
2367 2840 2428 2879 ea
2457 2831 2511 2878 et
2530 2824 2674 2878 nolle
2728 2834 2784 2878 et
2818 2822 2976 2876 velle.
2998 2819 3155 2876 Unde
3181 2827 3237 2874 et
3268 2817 3590 2873 Damasceni

2019 2916 2286 2972 sententia
2324 2917 2588 2978 solvatur,
2611 2921 2666 2969 et
2711 2928 2814 2968 nos
2847 2913 2915 2966 ab
2958 2911 3109 2965 omni
3160 2908 3591 2977 reprehensione

2021 3010 2184 3065 soluti
2214 3023 2424 3073 sumus,
2453 3021 2576 3062 cum
2609 3005 2775 3061 verba
2807 3005 2898 3059 illa
2936 3019 3058 3074 qua:
3088 3011 3276 3057 contra
3323 3015 3423 3055 nos
3471 3014 3592 3055 esse

2021 3101 2370 3166 videbantur,
2393 3100 2528 3154 nihil
2553 3095 3116 3154 aﬂ‘erantnecessarii.
3141 3095 3330 3164 Itaque
3352 3093 3453 3148 iste
3466 3105 3593 3147 cum

2022 3195 2225 3266 aliquid
2238 3195 2438 3248 dixisse
2453 3192 2757 3256 videbatur,
2773 3199 2961 3244 contra
2981 3203 3038 3243 se
3053 3187 3279 3242 omnino
3292 3182 3595 3240 concludit.

2347 3305 2646 3361 Secundum
2693 3303 2840 3357 Vacci
2866 3311 3256 3373 argumentum.

2091 3423 2228 3477 Cum
2283 3423 2392 3474 sint
2416 3417 2664 3489 quidam,
2719 3417 2812 3487 qui
2866 3407 3277 3486 Scripturarum
3306 3415 3600 3471 scrutandis

2023 3515 2408 3576 adversantur,
2474 3524 2596 3578 qua:
2655 3515 2946 3576 propterea
2980 3522 3076 3577 per
3106 3505 3303 3561 Filium
3331 3506 3599 3578 Spiritum

2024 3617 2276 3663 sanctum
2328 3619 2396 3659 ex
2453 3602 2612 3658 Patre
2660 3615 2782 3656 esse
2807 3600 3080 3666 iudicant,
3121 3602 3366 3658 collecta:
3391 3611 3602 3659 suntet

2025 3700 2108 3754 ita:
2161 3696 2465 3762 sententiae,
2535 3709 2656 3764 quae
2705 3693 3022 3749 immediate
3071 3694 3271 3750 Filium
3316 3711 3381 3750 ex
3441 3696 3603 3752 Patre

2026 3807 2146 3846 esse
2166 3788 2488 3854 ostendunt,
2532 3787 2599 3841 ad
2630 3787 2933 3841 sententias
2983 3787 3105 3842 illas
3166 3787 3596 3850 conﬁrmandae,

2027 3899 2148 3954 quae
2211 3899 2309 3953 per
2351 3881 2548 3938 Filium
2606 3879 2875 3950 Spiritum
2927 3889 3177 3935 sanctum
3207 3895 3330 3936 esse
3364 3881 3597 3936 demono

2037 3988 2234 4034 strant.
2259 3977 2393 4032 Nam
2427 3975 2532 4029 nisi
2562 3988 2657 4043 per
2688 3972 2884 4027 Filium
2919 3970 3158 4041 Spiritus
3183 3982 3405 4028 sanctus
3434 3983 3603 4032 esset.

2032 4088 2129 4127 cur
2152 4086 2258 4126 nan
2281 4077 2336 4123 et
2361 4072 2476 4138 ipse
2502 4067 2820 4122 immediate
2843 4081 2910 4119 ex
2945 4065 3104 4120 Patre
3130 4080 3252 4120 esse
3283 4064 3608 4120 diceretur?

2478 4183 2721 4237 Palamw
2771 4184 3143 4236 contradictio.

2106 4303 2202 4357 Est
2254 4315 2474 4371 quoque
2509 4298 2750 4368 Spiritus
2784 4308 3013 4352 sanctus
3061 4297 3378 4353 immediate
3407 4313 3474 4352 ex
3504 4298 3606 4354 Pas

2042 4400 2121 4446 tre
2170 4392 2368 4454 dictus,
2444 4405 2513 4444 ex
2567 4404 2678 4459 quo
2739 4399 2831 4443 tua
2856 4389 2947 4442 illa
2981 4388 3279 4452 sententia,
3311 4389 3610 4459 omnisque

360 4491 526 4550 atque
551 4475 812 4532 euntibus
848 4472 1190 4541 simpliciter,
1219 4484 1338 4538 qua:
1369 4469 1538 4522 Filius
1568 4466 1750 4540 habet,
1785 4482 1917 4536 qua:-

2040 4482 2381 4538 interimitur
2409 4490 2638 4534 conatus
2676 4479 2976 4549 Gregorius
3003 4520 3018 4544 ,
3077 4480 3172 4550 qui
3199 4497 3296 4535 sua
3331 4482 3611 4538 excellen-

361 4587 582 4641 cunque
610 4569 845 4624 etPater
877 4566 1038 4620 habet
1066 4579 1205 4619 :nec
1237 4563 1384 4618 enim
1421 4572 1688 4616 creatura:
1730 4559 1931 4628 princi-

365 4663 504 4734 palis
528 4674 692 4718 causa
726 4659 897 4714 Filius
921 4666 1025 4721 est,
1055 4653 1326 4725 siquidem
1351 4661 1607 4722 tanquam
1637 4654 1930 4708 causaliter

359 4768 415 4812 et
445 4765 502 4810 ut
529 4753 698 4808 Filius
725 4750 907 4805 omnia
939 4749 1118 4814 habet,
1147 4761 1488 4817 quaecunque
1507 4754 1563 4800 et
1589 4746 1751 4801 Pater
1772 4745 1935 4800 habet

361 4845 738 4919 paternaliter,
763 4849 820 4895 et
835 4854 945 4895 non
969 4839 1262 4893 causaliter
1294 4855 1307 4891 :
1342 4850 1522 4892 tamen
1547 4845 1603 4891 et
1634 4837 1749 4906 ipse
1769 4851 1934 4892 causa

360 4951 467 5006 est,
497 4947 554 4994 et
601 4952 709 4992 una
750 4949 877 4991 cum
914 4933 1074 4988 Patre
1111 4935 1320 4986 entium
1375 4944 1560 4985 causa.
1615 4930 1692 4984 Ac
1744 4943 1933 4983 eorum

365 5031 728 5092 identitatem,
790 5036 844 5082 et
911 5024 1206 5080 voluntatis
1287 5023 1585 5086 unitatem,
1667 5036 1768 5076 nec
1833 5022 1936 5076 mi-

369 5139 493 5180 nus,
529 5134 885 5192 personarum
943 5116 1388 5178 distinctionem,
1461 5129 1556 5181 per
1625 5112 1933 5182 praepositio

367 5221 743 5288 repraesentat.
775 5210 905 5277 Quae
933 5218 1138 5271 autem,
1170 5207 1370 5275 inquit,
1401 5206 1546 5274 quod
1576 5221 1713 5274 opus
1737 5205 1937 5258 divina:

368 5306 684 5370 voluntatis,
709 5312 765 5357 et
811 5301 1014 5356 idcirco
1044 5307 1347 5355 creaturam
1380 5296 1616 5351 dicimus
1664 5295 1932 5367 Spiritum

369 5408 594 5468 proliter
621 5396 764 5450 hanc
800 5391 1120 5455 dictionem,
1154 5405 1267 5460 per,
1313 5403 1433 5458 qua:
1465 5370 1818 5444 identitateni
1843 5403 1936 5441 vo-

367 5489 594 5544 luntatis
644 5493 1018 5557 repraesentat.
1083 5481 1234 5537 llaud
1291 5481 1406 5536 scio
1447 5483 1490 5536 si
1555 5481 1719 5536 alicui
1779 5480 1936 5534 alteri

370 5591 565 5648 praeter
595 5597 652 5634 se
691 5581 869 5649 ipsum
903 5575 1074 5631 videri
1126 5575 1357 5645 passint.
1391 5573 1444 5629 Si
1473 5573 1618 5627 enim
1649 5583 1938 5642 propterea

370 5674 516 5740 quod
552 5688 642 5740 per
677 5670 974 5725 voluntatis
1036 5669 1379 5722 identitatcm
1436 5665 1712 5729 ostendit,
1744 5680 1942 5720 secun-

371 5765 501 5815 dum
558 5764 719 5813 istum
771 5761 1008 5828 Spiritus
1056 5768 1305 5813 creatura
1343 5773 1461 5813 esse
1495 5758 1807 5826 colligitur:
1841 5773 1940 5812 cur

2043 4575 2114 4629 tia
2167 4572 2478 4642 Theologus
2538 4579 2619 4624 est
2669 4580 3037 4639 nuncupatus,
3071 4571 3376 4626 secundum
3403 4575 3610 4628 essein

2044 4669 2162 4722 suis
2213 4663 2574 4728 carminibus,
2623 4663 2834 4732 inquit,
2873 4663 3141 4733 Spiritum
3165 4674 3414 4719 sanctum
3446 4681 3475 4719 a
3508 4665 3611 4719 Pa-

2046 4768 2125 4812 tre
2153 4755 2615 4828 quemadmodum
2664 4765 2720 4808 et
2754 4754 2979 4809 Filium.
3017 4754 3300 4825 Nyssenus
3330 4771 3462 4810 vero
3500 4773 3609 4810 una

2044 4865 2167 4903 cum
2211 4845 2460 4917 pluribus
2514 4844 2638 4898 aliis
2697 4845 2764 4900 ad
2795 4861 2956 4900 unam
2993 4847 3171 4901 Patris
3204 4863 3496 4917 personam
3521 4867 3617 4904 eo-

2045 4943 2168 4995 dem
2237 4940 2396 4993 modo
2449 4947 2747 5008 utrumque
2810 4955 2869 4993 sc
2921 4939 3125 4994 habere
3153 4940 3358 5008 inquit,
3399 4953 3611 5011 praeter

2046 5032 2420 5086 subsistentia:
2474 5032 2722 5084 modum.
2767 5029 2908 5097 Quid
2958 5042 3141 5085 autem
3169 5032 3246 5087 illi
3287 5034 3382 5102 qui
3422 5033 3616 5089 dicunt

2048 5122 2315 5192 Spiritum
2369 5132 2620 5176 sanctum
2678 5137 2740 5175 ex
2799 5121 2960 5174 Patre
2991 5123 3315 5190 piocedere,
3359 5125 3614 5192 atquein

2048 5213 2189 5269 Filio
2221 5227 2567 5284 permanere,
2606 5224 2662 5265 et
2692 5228 2758 5266 cx
2790 5213 2952 5266 Patre
2984 5218 3036 5265 in
3071 5213 3270 5268 Filium
3297 5224 3611 5284 penetrare,

2047 5321 2112 5362 ac
2140 5321 2208 5361 ex
2238 5305 2398 5360 Patre
2426 5319 2568 5368 esse,
2597 5305 2889 5374 Verboque
2925 5307 3325 5361 concomitari?
3360 5310 3494 5362 item
3520 5310 3615 5377 qui

2050 5397 2497 5451 communionem
2547 5395 2871 5449 charitatem
2953 5394 3130 5449 Patris
3195 5405 3250 5449 et
3311 5395 3433 5450 Filii
3495 5412 3619 5453 esse

2053 5483 2317 5555 Spiritum
2364 5498 2610 5539 sanetum
2662 5493 2938 5549 asserunt,
2999 5495 3270 5555 praeterea
3299 5488 3393 5556 qui
3429 5501 3622 5542 unam-

2049 5591 2322 5649 quamque
2348 5591 2636 5644 personam
2683 5578 2746 5628 ad
2774 5578 3002 5631 alteram
3035 5594 3092 5632 sc
3126 5578 3326 5632 habere
3371 5595 3480 5641 non
3515 5580 3622 5633 mi-

2051 5684 2154 5724 nus
2217 5685 2377 5737 quam
2425 5669 2491 5722 ad
2555 5684 2615 5723 se
2674 5670 2870 5739 ipsam.
2919 5668 3060 5735 Quid
3109 5673 3346 5741 denique
3382 5674 3492 5738 illc,
3527 5673 3623 5742 qui

2052 5769 2232 5813 canat
2265 5777 2278 5813 :
2319 5759 2509 5816 Manus
2561 5769 2665 5814 (μα’
2732 5761 2966 5827 fecerunt
3024 5777 3104 5815 me
3143 5772 3189 5817 et
3224 5763 3621 5832 pla.;-mm'ernnt
