3966 6218
369 314 484 378 293

1308 287 1692 377 Arctoum
1736 276 2359 377 mammam:
2401 286 2641 380 περὶ.

3521 283 3629 376 si

374 428 506 482 me?
566 425 761 483 Nonne
809 428 980 498 igitur
1021 427 1078 482 hi
1108 443 1301 484 omnes
1343 428 1657 484 immediate
1685 429 1949 500 Spiritum
1983 438 2024 494 Α
2056 430 2158 483 erit
2186 431 2447 499 deinceps
2487 430 2648 485 Pater
2692 442 2927 499 persona
2976 409 3374 499 altera‘prmter
3404 425 3626 505 Filium.

375 530 633 577 sanctum
662 535 727 575 ex
763 520 926 576 Patre
958 535 1079 576 esse
1111 521 1435 576 ostendunt.

927 632 1129 688 Nica’ni
1154 633 1406 704 defensio.

378 734 400 748 ’
451 749 568 805 Nec
629 763 765 803 vero
810 747 1040 803 omnino
1086 761 1190 801 nos
1230 762 1499 817 negamus
1537 739 1801 818 Spiritum
1833 746 1956 803 sani

379 855 531 900 ctum
590 841 911 896 immediate
970 855 1038 895 ex
1125 839 1312 902 Patre,
1375 855 1689 910 quanquam
1747 856 1855 894 non
1904 830 1956 893 id

380 952 638 1006 expresse
696 935 905 989 dictum
969 947 1000 988 a
1059 933 1381 987 doctoribus
1423 931 1675 989 attulisti.
1707 925 1763 988 Si
1793 933 1959 1002 igitur

384 1031 548 1086 etiam
603 1028 720 1097 ipse
772 1022 1062 1080 nubiscum
1117 1039 1247 1079 eum
1293 1025 1534 1080 mediate
1585 1039 1708 1081 esse
1748 1023 1957 1091 fateris,

385 1137 486 1192 pro
518 1121 681 1174 nobis
701 1134 886 1174 sermo
909 1118 1032 1173 est:
1060 1118 1142 1172 sin
1187 1127 1368 1172 autem
1395 1117 1448 1172 id
1471 1127 1653 1182 caves,
1676 1117 1959 1186 sequentia

387 1212 779 1275 reformidans,
836 1209 1128 1264 doctorum
1185 1208 1286 1262 tibi
1338 1208 1702 1278 reprehensio
1737 1217 1958 1278 praesto,

387 1301 482 1370 qui
537 1308 593 1353 et
640 1299 844 1353 Filium
885 1313 951 1353 ex
1015 1298 1177 1352 Patre
1243 1298 1560 1351 immediate
1591 1311 1714 1351 esse
1739 1296 1959 1360 docent,

386 1382 555 1460 atque
579 1391 719 1444 inter
747 1406 847 1444 eos
876 1390 1016 1444 nihil
1068 1404 1192 1444 esse
1223 1389 1387 1443 medii
1411 1429 1425 1454 ,
1450 1405 1512 1442 ac
1541 1387 1806 1458 Spiritum
1841 1401 1964 1442 esse

388 1500 490 1554 per
525 1483 751 1547 Filium,
807 1482 1158 1552 mediamque
1213 1495 1508 1551 personam
1545 1480 1669 1536 Filii
1697 1479 1839 1536 inter
1865 1479 1965 1533 Pa-

395 1586 536 1630 trem
584 1586 642 1629 et
698 1573 968 1644 Spiritum
1023 1583 1298 1627 sanctum.
1352 1573 1440 1627 Fit
1483 1581 1664 1627 autem
1702 1571 1802 1627 tibi
1835 1571 1965 1626 hinc

391 1665 674 1734 deceptio,
736 1679 862 1718 cum
914 1663 1258 1732 distinguere
1282 1663 1334 1716 id
1370 1677 1478 1718 non
1504 1663 1701 1732 possis,
1734 1678 1844 1732 quo
1871 1677 1966 1732 pa-

393 1762 486 1808 cto
526 1767 592 1806 ex
647 1752 807 1806 Patre
877 1751 1194 1806 immediate
1254 1752 1492 1821 Spiritus
1545 1753 1783 1822 sit,quo
1807 1757 1965 1822 pacto

393 1843 563 1897 etiam
623 1843 880 1897 tttediate.
933 1841 1070 1896 Nam
1129 1843 1175 1897 si
1239 1844 1324 1896 vel
1355 1842 1567 1897 duabus
1597 1851 1654 1898 et
1703 1843 1962 1898 diﬂ'ereu-

396 1937 546 1990 tibus
588 1936 1038 2005 processionibus
1065 1951 1134 1988 ex
1191 1935 1348 1989 Patre
1405 1929 1652 2005 Filioque
1693 1935 1962 2005 Spiritum

395 2037 647 2083 sanetum
690 2042 814 2082 esse
858 2026 1181 2093 fateremur,
1216 2025 1275 2080 ut
1308 2042 1373 2081 ex
1404 2028 1568 2083 Patre
1599 2027 1823 2097 quidem
1859 2029 1968 2082 im-

399 2121 661 2192 perfecte,
711 2119 956 2193 perfecte
999 2135 1132 2175 vero
1192 2119 1518 2189 procederet
1559 2135 1626 2174 ex
1669 2121 1804 2174 Filio
1839 2121 1966 2175 :vel

398 2214 442 2269 Si
475 2228 542 2268 ex
571 2211 713 2267 Filio
747 2221 958 2266 tantum
989 2211 1214 2282 prodire
1264 2227 1617 2280 poneremus,
1647 2207 1762 2266 tum
1787 2213 1967 2266 solum

399 2304 636 2359 mediate
680 2311 745 2357 ex
803 2303 964 2357 Patre
1020 2302 1371 2371 procederet.
1426 2302 1583 2357 Nune
1610 2317 1740 2357 vero
1767 2302 1812 2356 si
1843 2304 1969 2372 quis

399 2395 464 2450 ad
517 2397 738 2448 unicam
796 2391 1216 2464 productidnem
1272 2395 1752 2464 processionisqne
1812 2395 1967 2448 iden-

402 2487 612 2539 titatem
639 2495 704 2538 ex
736 2493 976 2552 utroque
1010 2485 1337 2553 prospiciat,
1374 2485 1618 2553 itemque
1637 2486 1782 2555 quod
1813 2486 1972 2540 Pater

403 2587 458 2632 et
509 2593 701 2640 causa,
760 2587 816 2631 et
873 2577 993 2630 lous
1043 2577 1356 2632 divinitatis
1385 2579 1490 2636 sit.
1517 2579 1588 2631 ita
1623 2579 1755 2632 utsi
1786 2579 1968 2632 isnon

401 2678 570 2735 esset,
616 2673 779 2724 etiam
840 2670 957 2738 ipse
1021 2669 1195 2723 Filius
1223 2686 1406 2740 neque
1438 2681 1608 2733 esset,
1658 2687 1836 2741 neque
1875 2671 1973 2723 ali-

403 2759 561 2828 cujus
605 2773 772 2812 causa
836 2767 1003 2822 esset,
1055 2757 1372 2815 immediate
1429 2775 1495 2814 ex
1541 2761 1702 2815 Patre
1731 2762 1974 2830 reperiet

405 2851 715 2918 Spiritum;
771 2857 827 2904 et
873 2849 940 2903 ad
999 2851 1116 2906 haec
1160 2851 1371 2906 ducunt
1421 2867 1544 2922 qua:
1591 2852 1707 2921 ipse
1757 2851 1973 2906 inducis

404 2942 578 2998 dicta.
637 2943 706 2995 At
751 2943 795 2995 si
845 2943 1100 2997 ordinem
1146 2945 1382 3012 quisque
1429 2944 1762 3012 speculetur,
1789 2943 1882 3012 qui
1917 2957 1974 2997 re

404 3034 459 3088 in
484 3032 754 3087 Trinitate
777 3046 878 3098 eet,
930 3049 1032 3088 nec
1067 3034 1245 3088 solum
1288 3043 1476 3088 nostra
1509 3031 1814 3089 intentione
1839 3048 1973 3087 con-

404 3135 535 3187 Stat,
594 3125 788 3179 Filium
830 3127 1069 3180 medium
1130 3133 1341 3189 cernet,
1386 3133 1443 3179 et
1492 3127 1710 3180 tertium
1755 3143 1783 3178 a
1817 3124 1975 3179 Patre
2005 3144 2050 3204 ο

408 3216 701 3286 Spiritum,
756 3231 818 3271 ac
873 3233 970 3287 per
1024 3215 1226 3272 Filium
1274 3232 1340 3273 ex
1373 3210 1534 3273 Patre
1560 3217 1972 3287 procedentem,

407 3308 812 3377 habentemque
833 3317 962 3362 ante
986 3325 1045 3363 se
1081 3309 1544 3378 praeintellectum
1573 3306 1794 3370 Filium,
1832 3305 1977 3360 sicut

407 3400 586 3454 Filius
641 3400 808 3453 habet
865 3399 1081 3453 Patrem
1134 3413 1247 3468 pra:
1308 3413 1369 3452 se
1416 3396 1780 3452 intellectum.
1820 3395 1976 3462 Quod

410 3490 526 3559 ipse
559 3490 783 3544 minime
814 3489 1060 3559 cogitans
1090 3489 1374 3544 concludis
1405 3503 1515 3541 non
1553 3486 1888 3541 necessario.

768 3583 996 3634 Tertium
1030 3586 1401 3651 argumentum
1456 3577 1622 3634 Venti.

477 3696 766 3767 Congestae
807 3703 934 3748 sunt
979 3703 1035 3748 et
1070 3694 1186 3749 haec
1220 3693 1632 3763 Scripturarum
1667 3691 1974 3755 sententiae,

407 3802 533 3859 qua:
584 3785 876 3840 conferunt
910 3784 976 3838 ad
1035 3793 1274 3839 mentem
1302 3784 1590 3839 doctorum
1625 3782 1978 3852 probantium

409 3889 522 3934 nun
554 3877 886 3940 immediate,
922 3879 1017 3932 sed
1053 3892 1150 3946 per
1181 3875 1382 3929 Filium
1409 3889 1477 3930 ex
1511 3876 1669 3928 Patre
1698 3873 1976 3943 Spiritum

409 3973 552 4026 esse.
606 3969 739 4022 Nam
789 3967 837 4022 si
885 3969 1194 4022 immediate
1248 3966 1486 4035 Spiritus
1537 3965 1682 4020 foret
1707 3979 1773 4019 ex
1796 3965 1976 4027 Patre,

409 4072 524 4115 non
545 4061 826 4116 diceretur
850 4074 972 4114 esse
1007 4058 1179 4113 Filius
1203 4058 1383 4128 imago
1423 4059 1623 4124 Patris,
1655 4068 1711 4112 et
1739 4057 1979 4127 Spiritus

411 4153 595 4222 imago
649 4149 790 4214 Filii,
838 4149 1008 4204 Filius
1069 4153 1318 4222 Operatio
1383 4149 1580 4215 Patris,
1629 4159 1685 4204 et
1740 4150 1980 4220 Spiritus

412 4245 662 4314 operatio
706 4241 852 4305 Filii,
897 4241 1070 4296 Filius
1099 4256 1332 4312 persona
1358 4241 1556 4305 Patris,
1585 4241 1824 4311 Spiritus
1855 4255 1977 4310 per-

413 4355 548 4395 sona
582 4339 725 4393 Filii.
1543 4356 1548 4361 ~

880 4430 1124 4488 Palamat
1151 4428 1525 4485 contradictio.

485 4549 893 4614 Rmentis’sime,
951 4547 1046 4619 qui
1103 4544 1268 4615 impie
1308 4543 1398 4598 hic
1457 4539 1910 4615 describis,qu:e
1949 4555 1978 4594 a

414 4646 623 4700 sanctis
677 4654 826 4699 recte
909 4655 975 4695 ac
1030 4640 1119 4706 pic
1180 4639 1460 4699 dicuntur,
1534 4633 1814 4704 quomodo
1870 4647 1981 4686 non

415 4736 711 4806 ciittspicis,
789 4732 936 4803 quod
992 4738 1192 4785 sanctae
1239 4726 1494 4782 Trinita’ti
1546 4725 1859 4781 communia
1927 4733 1983 4777 et

417 4827 689 4883 naturalia
741 4826 947 4879 nullam
1003 4823 1208 4877 habent
1259 4819 1625 4875 diﬁcrentiam
1658 4835 1671 4870 :
1706 4818 1980 4888 siquidem

418 4939 558 4976 unus
591 4922 732 4973 Deus
765 4928 865 4983 est,
894 4933 999 4971 una
1061 4916 1257 4984 imago,
1308 4927 1415 4966 una
1445 4915 1719 4975 voluntas,
1757 4926 1861 4963 una
1891 4910 1983 4963 de-

415 5017 584 5084 nique
638 5011 840 5073 Patris,
886 5018 943 5063 et
977 5007 1122 5070 Filii,
1145 5015 1200 5059 et
1222 5005 1463 5075 Spiritus
1488 5003 1659 5057 sancti
1685 5003 1930 5071 operatio
1967 5019 1979 5054 :

415 5102 584 5171 igitur
644 5113 752 5151 una
807 5109 931 5149 cum
999 5093 1123 5147 aliis
1169 5093 1336 5146 etiam
1379 5107 1505 5146 cum
1541 5105 1772 5160 persona
1809 5092 1982 5145 altera

413 5191 648 5246 alterius
695 5189 890 5242 harum
936 5186 1164 5248 dicitur,
1210 5183 1480 5237 naturalis
1503 5179 1609 5248 est,
1636 5191 1690 5236 et
1724 5199 1834 5239 non
1857 5199 1984 5254 per-

412 5285 642 5348 sonalis,
675 5291 841 5350 atque
871 5279 1152 5334 ostensiva
1182 5275 1546 5329 immutabilis
1579 5275 1980 5339 similitudinis,

413 5376 509 5430 scd
559 5389 667 5428 non
729 5371 949 5424 modum
1005 5367 1357 5422 suiislstentis
1415 5366 1778 5431 demonstrat,
1814 5367 1980 5419 absit.

412 5455 494 5519 Tu
526 5481 658 5518 vero
685 5479 793 5517 non
827 5461 906 5515 sic
933 5474 1223 5530 personam
1253 5459 1477 5511 alteram
1505 5459 1732 5511 alterius
1759 5457 1980 5522 dicens,

412 5559 507 5614 sed
559 5556 902 5628 hypostatice
954 5555 1066 5606 haec
1128 5551 1439 5620 intelligens
1475 5568 1488 5603 :
1529 5565 1635 5603 non
1671 5561 1826 5620 potes
1863 5567 1984 5606 esse

410 5652 679 5717 deinceps
735 5646 1057 5716 praedicator
1114 5643 1421 5696 Trinitatis.
1465 5642 1599 5696 Nam
1632 5645 1676 5696 si
1713 5643 1882 5698 Filius
1900 5652 1984 5700 est

410 5755 650 5812 persona
698 5738 898 5799 Patris,
962 5748 1021 5790 ut
1065 5745 1129 5789 ex
1175 5752 1260 5802 eo,
1325 5745 1380 5789 et
1428 5736 1664 5805 Spiritus
1693 5736 1834 5803 Filii,
1872 5754 1980 5792 non

2059 536 2234 590 neque
2290 521 2459 575 Filius
2514 528 2711 589 przcter
2752 519 3019 588 Spiritum
3071 529 3346 574 sanctum.
3395 512 3626 574 Videsnt

2060 627 2166 682 quo
2203 622 2360 682 pacto
2382 623 2696 666 sanctorum
2724 611 2948 681 quidem
2990 612 3137 666 dicta
3167 611 3254 681 pie
3284 626 3347 665 ac
3387 619 3539 663 recte
3574 621 3633 663 sc

2059 707 2282 768 habent,
2309 706 2414 759 abs
2433 698 2483 761 te
2503 719 2632 759 vero
2653 705 2818 774 impie
2852 712 2906 758 ct
2932 717 3185 774 perverse
3216 698 3634 771 suscipiuntur!

2601 830 2803 894 Nic-teni
2851 835 3099 908 defensio.

2133 963 2349 1028 Siccine
2409 962 2466 1027 tu
2527 964 2744 1026 beatum
2776 973 2966 1028 ’etiam
3000 963 3272 1036 Paulum,
3315 971 3406 1040 qui
3439 969 3638 1026 Filium

2067 1065 2365 1120 invisibilis
2388 1065 2483 1119 Dei
2508 1064 2802 1136 imaginem
2863 1065 3126 1123 affirmat.
3155 1072 3211 1118 et
3247 1059 3366 1135 ejus
3393 1077 3642 1133 persona:

2063 1158 2442 1228 splendorem,
2497 1157 2799 1228 glorithue
2857 1157 3209 1227 splendorem
3270 1154 3564 1218 audis;ac
3597 1154 3642 1208 si

2066 1251 2276 1306 diceret
2297 1265 2423 1306 eum
2451 1250 2699 1320 ejusdem
2729 1265 2984 1320 persona:
3022 1265 3147 1305 cum
3180 1250 3340 1304 Patre
3365 1263 3511 1311 esse,
3549 1263 3645 1302 na-

2069 1352 2313 1412 turaeque
2365 1342 2542 1396 solum
2602 1341 2921 1397 ostenderet
2953 1341 3316 1406 identitatem,
3373 1356 3482 1396 non
3531 1339 3644 1394 dis-

2067 1433 2392 1488 tinctionem
2431 1447 2650 1503 quoque
2713 1449 3097 1503 personarum.
3130 1433 3200 1487 At
3251 1445 3374 1494 nos,
3408 1432 3505 1501 qui
3539 1431 3644 1486 fide

2067 1540 2131 1580 ac
2196 1525 2410 1580 ratione
2474 1525 2753 1590 ducimur,
2811 1534 2868 1580 et
2924 1525 3265 1579 identitatem
3306 1531 3519 1578 natura:
3550 1538 3646 1593 per

2070 1618 2187 1674 haec
2246 1618 2468 1674 nomina
2513 1618 2877 1689 intelligimus
2935 1619 3251 1690 imaginem,
3275 1617 3492 1696 scilicet
3524 1629 3644 1686 per.

2070 1711 2259 1763 sonam
2309 1718 2363 1764 et
2422 1711 2798 1778 operationem
2832 1727 2844 1763 :
2874 1709 2949 1762 ita
3007 1720 3067 1764 ut
3115 1723 3410 1779 possumus
3474 1706 3642 1762 etiam

1999 1790 2040 1845 Β
2072 1799 2256 1857 dicere
2309 1817 2470 1856 unam
2529 1817 2650 1856 esse
2705 1809 2907 1856 sanctae
2949 1786 3238 1855 Trinitatis
3267 1810 3323 1856 et
3351 1800 3643 1869 imaginem

2071 1903 2126 1949 et
2171 1894 2514 1949 divinitatem
2576 1909 2677 1963 pro
2745 1893 3090 1962 exemplari,
3160 1889 3456 1961 imaginem
3505 1888 3644 1944 reci-

2075 1987 2288 2057 pientes
2325 1987 2519 2041 eodem
2551 1986 2734 2051 modo,
2767 1989 2822 2039 et
2846 1981 3136 2055 personam
3167 1984 3345 2039 Patris
3375 1983 3643 2041 dicentes.

2075 2079 2253 2134 Patris
2303 2079 2671 2134 substant-am
2706 2078 3176 2136 demonstremus.
3232 2089 3360 2130 cum
3423 2073 3480 2128 in
3537 2072 3647 2128 Deo

2074 2171 2386 2227 substantia
2440 2171 2584 2226 idem
2634 2171 2706 2225 sit
2763 2185 2890 2224 cum
2954 2185 3190 2240 persona
3250 2170 3392 2238 ejus,
3446 2182 3552 2224 nec
3581 2181 3647 2222 eo

2078 2263 2261 2318 minus
2314 2273 2367 2317 et
2404 2277 2764 2332 personarum
2819 2261 3162 2316 ostendimus
3206 2259 3645 2316 distinctionem.

2076 2353 2209 2407 Nam
2235 2359 2292 2406 et
2327 2363 2436 2406 tres
2476 2366 2739 2421 personas
2766 2360 2955 2405 sancta
2981 2352 3036 2404 in
3063 2350 3338 2405 Trinitate
3388 2352 3646 2415 fatemur,

2080 2462 2184 2500 non
2254 2444 2600 2500 identitatem
2665 2460 2764 2514 per
2817 2443 2942 2507 hoc,
2993 2448 3088 2498 sed
3119 2443 3532 2500 distinctionem
3555 2444 3651 2500 de-

2079 2547 2452 2592 monstrantes
2489 2555 2503 2590 :
2544 2537 2834 2607 imagoque
2887 2547 3038 2592 certe
3091 2553 3202 2591 non
3249 2537 3317 2593 ad
3362 2551 3422 2591 se
3453 2537 3648 2608 ipsam.

2078 2630 2174 2685 sed
2231 2630 2298 2684 ad
2357 2631 2506 2684 illam
2544 2630 2812 2696 refertur,
2851 2635 3009 2701 cujus
3038 2637 3092 2684 et
3115 2629 3295 2698 imago
3331 2639 3451 2694 est;
3483 2640 3540 2685 et
3572 2631 3648 2684 id-

2079 2724 2232 2778 circo
2266 2723 2605 2793 hypostasim
2643 2723 2934 2791 signiilcat,
2961 2737 3085 2777 cum
3125 2720 3414 2777 relativum
3451 2735 3650 2776 nomen

2081 2814 2151 2867 sit
2194 2824 2255 2868 et
2286 2827 2576 2882 personam
2615 2813 2938 2868 constituat.
2998 2808 3080 2868 'l‘u
3105 2828 3239 2868 vero
3271 2825 3382 2883 quo
3405 2822 3569 2884 pacto
3595 2813 3648 2868 id

2083 2904 2377 2972 intelligas,
2441 2903 2665 2968 neticio,
2727 2918 2851 2957 cum
2898 2903 3366 2959 naturaliterdici
3401 2919 3512 2958 non
3550 2903 3651 2975 by-

2081 2995 2355 3067 postatice
2408 2993 2654 3051 afﬁrmes
2686 3013 2698 3049 :
2726 2995 2951 3066 quando
2999 2993 3137 3050 alter
3163 2987 3399 3063 peréona
3427 2997 3653 3051 alterius

2083 3082 2309 3152 dicitur,
2373 3097 2537 3156 atque
2577 3087 2977 3142 inconveniens
3033 3086 3309 3157 quoddam
3337 3096 3527 3143 contra
3555 3102 3654 3142 nos

2084 3181 2282 3234 alferre
2308 3187 2489 3250 putas,
2521 3181 2665 3248 quod
2696 3178 2908 3247 liquido
2953 3178 3147 3235 centra
3181 3188 3233 3235 te
3258 3185 3364 3236 est.
3397 3179 3532 3234 Nam
3557 3195 3656 3234 no-

2081 3275 2166 3330 bis
2199 3272 2512 3330 dicentibus
2569 3271 2770 3328 Filium
2799 3276 3093 3344 persbnam
3118 3271 3237 3329 eSse
3268 3271 3467 3341 Patris,
3498 3289 3564 3329 ex
3587 3289 3654 3328 eo

2082 3367 2468 3438 prodeuntem,
2502 3363 2626 3420 Filii
2662 3381 2852 3421 rursus
2873 3365 3138 3436 Spiritum
3169 3363 3421 3420 sanetum
3443 3409 3458 3432 ,
3493 3377 3556 3422 ut
3586 3383 3653 3422 ex

2081 3474 2147 3513 eo
2203 3456 2615 3527 procedentem,
2664 3457 2821 3527 sequi
2879 3467 3040 3527 putas
3078 3451 3144 3512 cit
3179 3456 3283 3512 hoc
3314 3460 3422 3512 non
3469 3458 3655 3514 dicere

2082 3544 2296 3601 Patrem
2347 3547 2510 3600 aliam
2548 3561 2842 3615 personam
2875 3562 2998 3602 esse
3022 3587 3036 3612 ,
3064 3558 3119 3601 et
3149 3545 3350 3602 Filium
3382 3548 3566 3615 aliam,
3600 3561 3655 3604 et

2082 3639 2346 3708 Spiritum
2377 3637 2648 3693 sanctum.
2683 3637 2796 3709 Ego
2831 3649 3040 3704 autem,
3067 3640 3110 3694 si
3145 3639 3286 3696 bene
3316 3649 3465 3695 tuam
3495 3643 3656 3696 intel~

2081 3733 2190 3803 ligo
2241 3728 2532 3797 rationem,
2594 3743 2661 3784 ex
2713 3740 2805 3785 tua
2863 3729 3085 3802 quidem
3143 3731 3248 3788 hac
3295 3731 3572 3803 positione
3602 3735 3652 3787 id

2081 3823 2538 3878 absurdissimum
2607 3823 2762 3892 sequi
2814 3807 3162 3890 assererem;
3221 3840 3252 3880 e
3312 3819 3498 3880 nosn'a
3524 3839 3655 3881 vero

2082 3914 2309 3969 omnino
2363 3913 2731 3968 contrarium.
2784 3909 2840 3966 Si
2909 3913 3056 3967 enim
3104 3916 3334 3969 alteram
3364 3932 3654 3986 personam

2081 4007 2310 4061 alterius
2363 4005 2472 4060 dici
2531 4004 2876 4059 identitatem
2923 4004 3214 4072 duntaxat,
3253 4007 3660 4071 acimmutalii-

2083 4097 2189 4153 lem
2247 4097 2668 4152 Similitudinem
2725 4085 3012 4162 ostendit,
3066 4105 3126 4151 ut
3185 4093 3301 4169 ipse
3347 4102 3659 4170 poniszest

2083 4192 2264 4253 autem
2319 4198 2553 4260 persona
2604 4189 2784 4244 Patris
2838 4188 3031 4257 Filius,
3099 4199 3160 4245 ut
3205 4191 3351 4247 idem
3385 4196 3660 4250 eisccun-

2083 4285 2210 4339 dum
2235 4285 2616 4348 substantiam,
2675 4285 2916 4354 itemque
2955 4285 3079 4341 Filii
3112 4281 3371 4356 Spiritus,
3401 4298 3462 4342 ttt
3499 4289 3650 4360 ejus-

2084 4376 2208 4430 dem
2292 4375 2467 4429 solum
2524 4391 2648 4429 cum
2712 4390 2778 4430 eo
2837 4377 3184 4442 substantia,
3243 4377 3494 4448 profecto
3550 4395 3661 4436 non

2013 4477 2056 4532 ι)
2086 4478 2233 4524 esset
2280 4469 2382 4521 alia
2443 4483 2675 4537 persona
2723 4468 2921 4533 Patris,
2977 4469 3142 4539 quam
3176 4470 3299 4525 Filii
3334 4480 3389 4526 et
3418 4471 3660 4543 Spiritus

2089 4560 2284 4620 sancti,
2328 4575 2431 4613 nec
2467 4559 2685 4612 illorum
2728 4561 2794 4613 ab
2827 4557 3085 4616 invicem.
3124 4561 3314 4632 Neque
3346 4565 3493 4618 cnint
3528 4566 3662 4619 alte-

2089 4651 2202 4703 rius
2260 4649 2585 4706 substantiae
2639 4657 2791 4712 sunt’,
2854 4651 2949 4706 sed
2987 4657 3112 4706 ciim
3145 4659 3432 4722 personam
3481 4656 3661 4710 Patris

2089 4745 2174 4795 vel
2226 4738 2513 4810 personam
2578 4740 2700 4796 Filii
2743 4742 3054 4808 audiemus,
3125 4747 3365 4816 itemque
3423 4745 3662 4816 Spiritus

2087 4835 2263 4887 sancti
2293 4833 2638 4888 identitatem
2665 4833 2988 4888 substantia:
3027 4836 3439 4907 intelligemus;
3489 4839 3561 4892 ita
3604 4851 3664 4892 ut

2087 4921 2392 4978 secundum
2443 4933 2495 4978 te
2552 4923 2791 4978 Trinitas
2839 4928 3148 4994 perimatur
3181 4929 3248 4981 ad
3281 4929 3509 4982 unicum
3549 4932 3659 4982 cir-

2088 5017 2418 5086 cumscripta
2482 5017 2674 5071 Deum.
2732 5021 2826 5071 Sin
2887 5030 3096 5087 autem,
3157 5031 3214 5074 ut
3273 5032 3658 5086 nostatetnur,

2087 5107 2318 5160 alteram
2338 5122 2628 5176 personam
2655 5110 2884 5164 alterius
2911 5109 3019 5164 dici
3045 5153 3059 5177 ,
3092 5128 3158 5165 ex
3182 5112 3274 5166 illo
3308 5128 3428 5167 esse
3452 5115 3661 5184 signifi-

2087 5207 2196 5264 cat,
2237 5200 2396 5271 cujus
2437 5208 2492 5253 et
2523 5215 2645 5256 esse
2675 5201 2901 5263 dicitur,
2942 5203 3216 5273 simulque
3263 5207 3511 5275 ejusdem
3538 5221 3659 5259 esse

2087 5290 2406 5344 substantiae
2436 5313 2447 5346 :
2477 5295 2734 5361 quoniam
2767 5296 3034 5364 quidquid
3065 5311 3132 5349 ex
3165 5298 3350 5364 aliquo
3380 5298 3656 5360 est,al;ud

2088 5375 2328 5432 dilucide
2386 5388 2490 5445 est,
2542 5374 2737 5435 Saltem
2786 5384 3094 5438 substantia
3124 5394 3180 5440 et
3214 5384 3657 5456 persona,qua-m

2088 5471 2246 5536 illud,
2299 5487 2363 5526 ex
2426 5487 2534 5542 quo
2561 5475 2765 5530 dicitur
2790 5493 2935 5538 esse,
2967 5480 3247 5547 quatnodo
3277 5485 3389 5535 non
3415 5482 3524 5536 erit
3557 5482 3657 5537 Pa-

2089 5572 2172 5615 ter
2221 5563 2325 5616 alia
2379 5578 2632 5631 persona,
2683 5575 2736 5619 et
2797 5567 2988 5631 Filius,
3036 5580 3094 5624 et
3131 5571 3372 5638 Spiritus
3395 5574 3658 5630 sanctus?

2088 5651 2274 5721 itaque
2336 5668 2438 5706 nos
2486 5655 2706 5724 quidem
2765 5656 2882 5712 inec
2947 5671 3282 5728 asserentes,
3336 5660 3658 5720 Trinitatem

2088 5757 2249 5810 quam
2287 5747 2521 5798 maxime
2552 5762 2873 5816 servamus;
2929 5757 2982 5806 tu
3017 5757 3149 5808 Vero
3175 5752 3310 5808 cavo
3350 5745 3422 5810 ne
3444 5769 3663 5810 contra-
