3966 6218
294 344 442 425 £95

1288 359 1800 423 BESSAHIUNIS
1840 366 1895 424 S.
1950 367 2013 424 R.
2059 365 2125 422 E.
2161 364 2623 424 CARDINALIS

3448 363 3555 428 296

323 479 462 533 rium
525 476 717 539 facias,
770 475 1087 546 injusteque
1151 492 1248 530 nos
1309 477 1628 546 redarguas,
1682 476 1882 545 quibus
1916 484 1955 539 Α
1988 477 2244 538 allirmas,
2282 478 2591 547 Filiumque
2645 479 2886 534 medium
2934 494 3054 535 esse
3087 480 3311 543 asseris,
3342 495 3411 535 ne
3443 483 3549 536 im-

325 571 439 637 ipse
492 568 688 637 dignus
734 578 792 621 cs
816 606 832 632 ,
861 568 1185 637 improperia
1219 569 1271 621 in
1308 585 1408 622 nos
1441 568 1697 621 inferens.
1733 567 1885 632 Quod

322 670 504 714 autem
536 676 655 712 cum
685 659 889 728 aliquid
919 672 1170 726 persona,
1226 661 1313 712 'vel
1347 659 1612 728 potentia,
1640 659 1722 711 vel
1756 673 1885 726 ope-

327 756 466 807 ratio
496 754 695 806 dicitur
725 752 1054 821 cujuspiam,
1108 753 1175 806 ad
1211 753 1314 806 hoc
1349 753 1518 805 aliam
1555 750 1885 821 hypostasim

322 847 435 897 sive
461 858 743 911 personam
800 842 1094 910 signiﬁcet,
1162 844 1328 897 etiam
1363 858 1430 895 ex
1464 858 1527 896 eo
1559 855 1682 895 esse
1714 839 1886 907 signi-

327 934 467 995 ﬁrat,
526 934 683 1002 cujus
741 946 793 987 et
850 949 970 987 esse
1025 935 1252 987 dicitur.
1317 934 1457 989 Audi
1521 933 1651 1001 quid
1698 946 1889 985 omnes

325 1024 835 1079 dicant:Chistum
902 1026 1115 1079 scilicet
1169 1024 1262 1080 Dei
1321 1025 1648 1094 potentiam,
1710 1032 1765 1076 et
1792 1023 1884 1076 Dei

322 1116 688 1183 sapientiam;
743 1117 981 1183 itemque
1034 1117 1307 1170 viventem
1364 1126 1416 1170 et
1495 1116 1884 1169 subsistentem

322 1210 718 1275 operationem,
768 1216 821 1259 et
866 1208 1163 1275 potentiam
1201 1208 1385 1261 Patris
1411 1206 1628 1260 Filium.
1672 1206 1734 1258 Et
1766 1221 1887 1257 rur-

320 1315 411 1351 sus
457 1298 722 1366 Spiritum
781 1308 1029 1352 sanetum
1089 1315 1194 1353 non
1238 1298 1475 1351 alienum
1533 1310 1561 1349 a
1597 1295 1753 1359 Filio,
1790 1295 1886 1349 sed

323 1374 374 1442 in
402 1405 489 1453 eo,
527 1400 580 1443 et
610 1392 674 1444 ex
703 1405 792 1456 eo,
824 1400 987 1460 atque
1041 1398 1098 1444 ut
1147 1395 1453 1443 naturalem
1488 1386 1884 1457 operationem.

323 1482 475 1535 Patet
532 1482 676 1534 enim
714 1483 855 1551 quod
908 1498 1030 1536 cum
1093 1482 1262 1535 Filius
1303 1481 1610 1535 subsistens
1641 1478 1885 1548 potentia

322 1574 502 1627 Patris
546 1576 637 1638 sit,
704 1575 772 1629 ab
826 1590 893 1629 eo
928 1575 1093 1628 etiam
1126 1572 1307 1627 didert
1336 1574 1393 1626 in
1421 1582 1687 1639 quantum
1717 1570 1889 1639 hypo-

325 1666 485 1719 stasls
528 1675 633 1729 est,
699 1676 752 1722 et
814 1667 1115 1721 secundum
1167 1666 1271 1719 hoc
1314 1666 1477 1719 etiam
1505 1680 1570 1718 ex
1600 1678 1667 1717 eo
1698 1670 1801 1725 est,
1834 1669 1890 1715 ct

326 1759 589 1825 Spiritum
654 1768 901 1812 sanctum
964 1756 1268 1810 naturalem
1329 1756 1447 1809 Filii
1483 1753 1885 1823 operationem,

1994 566 2228 620 mediate
2252 566 2518 635 Spiritum
2555 583 2764 637 ponens
2785 585 2908 624 eum
2929 570 3173 642 genitum
3205 572 3424 641 cogaris
3439 573 3555 644 opi-

1989 656 2131 721 nari,
2165 655 2367 709 videris
2397 673 2577 727 neque
2613 674 2673 711 re
2710 659 2767 713 in
2811 660 3052 715 divinam
3105 662 3434 718 Trinitatem
3463 679 3557 718 or-

1990 747 2169 799 dinem
2204 763 2431 816 ponere,
2488 751 2579 803 sed
2618 751 2732 818 ipse
2764 752 2816 805 id
2851 754 3210 823 concipiendo
3233 755 3388 823 quasi
3412 754 3556 809 dono

1992 840 2314 905 concedere,
2349 858 2411 894 ac
2444 852 2634 910 putare
2668 846 2721 897 in
2758 854 2808 898 te
2836 861 2978 909 esse,
3005 862 3128 901 cum
3156 847 3398 902 volueris
3437 863 3558 916 per—

1991 931 2253 984 mutando
2287 932 2534 987 ordinem
2574 935 2863 988 nominum
2912 944 3264 1005 postponere.
3301 936 3359 992 Si
3402 941 3549 993 enim

1990 1022 2060 1074 ob
2092 1036 2289 1077 nomen
2324 1023 2502 1078 Patris
2533 1024 2678 1092 (nam
2726 1026 2831 1079 hoc
2863 1027 3103 1081 arbitror
3148 1028 3554 1083 confessionem

1990 1113 2173 1182 vocas)
2221 1128 2330 1167 non
2379 1114 2544 1168 effers
2592 1114 2908 1170 immediate
2961 1116 3225 1185 Spiritum
3282 1128 3555 1181 sanctum,

1992 1220 2059 1259 ne
2103 1206 2321 1274 genitus
2353 1217 2595 1274 putetur,
2622 1207 2749 1262 licet
2784 1209 2828 1262 si
2873 1224 2998 1263 eum
3047 1210 3344 1278 spirantem
3378 1210 3556 1264 nomi-

1991 1294 2268 1357 nabimus.
2302 1295 2564 1365 Spiritum
2595 1300 2780 1352 statim
2818 1298 3047 1365 inferre,
3069 1311 3125 1354 et
3156 1316 3255 1369 per
3286 1299 3555 1370 Spiritum

1990 1401 2056 1441 ex
2086 1388 2325 1455 spirante
2363 1387 2557 1441 Filium
2593 1404 2734 1455 esse,
2772 1389 3082 1459 Filiumque
3120 1406 3219 1460 per
3259 1406 3321 1446 se
3351 1407 3417 1445 ex
3453 1385 3555 1445 Pa-

1994 1488 2094 1542 tre,
2142 1480 2235 1533 sed
2287 1495 2377 1548 per
2423 1480 2681 1533 accidens
2722 1496 2787 1534 ex
2818 1481 3061 1550 spirante
3094 1498 3107 1535 :
3140 1481 3404 1550 Spiritum
3451 1498 3556 1536 au-

1995 1584 2100 1628 tem
2132 1583 2379 1627 sanctum
2413 1587 2509 1641 per
2543 1586 2600 1626 se
2625 1588 2687 1627 ex
2717 1572 2981 1642 spirante,
3028 1572 3122 1627 sed
3154 1588 3216 1627 ex
3252 1574 3413 1628 Patre
3460 1590 3557 1643 per

1992 1661 2268 1727 accidens,
2300 1672 2464 1730 atque
2488 1660 2541 1715 in
2565 1662 2725 1717 nobis
2748 1678 2871 1716 esse
2894 1663 3142 1717 ordinem
3168 1664 3551 1718 alterantibus.

1993 1752 2273 1806 Interdum
2313 1751 2507 1805 Filium
2568 1752 2812 1807 medium
2859 1754 3035 1807 Patris
3082 1762 3137 1808 et
3184 1752 3424 1823 Spiritus
3458 1768 3558 1823 po-

326 1842 502 1917 neque
558 1848 700 1902 hanc
760 1862 867 1901 non
922 1847 1310 1901 subsistentem
1338 1885 1352 1910 ,
1388 1856 1443 1899 et
1468 1860 1534 1898 ex
1563 1858 1627 1897 eo
1668 1857 1808 1906 esse,
1833 1851 1887 1896 et
1920 1854 1961 1910 Β
1990 1857 2119 1897 nere
2145 1883 2158 1905 ,
2216 1857 2339 1896 eum
2376 1844 2605 1912 primam
2658 1859 2877 1899 causam
2910 1846 3255 1900 nominemus
3286 1845 3505 1899 Patrem
3540 1864 3553 1899 :

326 1938 428 1990 hac
468 1940 677 1992 ratione
738 1939 807 1991 ab
842 1952 924 1991 ‘eo
976 1937 1258 2006 distingui.
1309 1936 1488 2001 Quare
1529 1950 1636 1988 non
1674 1943 1883 1987 tantum

325 2040 537 2085 natura:
589 2030 930 2083 identitatem
991 2030 1105 2083 haec
1161 2029 1383 2081 nomina
1443 2025 1767 2089 ostendunt,
1832 2025 1885 2078 in

324 2138 433 2192 quo
465 2122 581 2191 ipse
610 2130 659 2175 te
692 2121 904 2185 laudas,
935 2122 1029 2175 sed
1065 2122 1227 2174 etiam
1255 2120 1670 2174 distinctionem
1702 2132 1887 2188 perso-

322 2230 536 2268 narum.
590 2214 700 2268 [iac
752 2215 915 2284 igitur
968 2214 1179 2266 ratione
1212 2212 1445 2277 devicta,
1484 2208 1667 2265 omnia
1693 2209 1884 2275 etiam,

323 2322 444 2376 quae
478 2317 806 2375 sequuntur,
852 2305 1011 2359 simul
1054 2302 1303 2358 conﬂicta
1326 2302 1701 2372 dissipataque
1736 2311 1883 2356 sunt.

678 2440 943 2503 Quartum
976 2446 1340 2507 argumentum
1383 2435 1551 2489 νεα-ἱ.

391 2553 527 2609 Cum
564 2552 788 2622 quidam
827 2550 1000 2604 nolint
1030 2550 1274 2618 profiteri
1301 2547 1499 2601 Filium
1532 2549 1588 2601 in
1612 2547 1883 2602 Trinitate

323 2646 564 2702 medium
602 2658 742 2707 esse,
777 2642 920 2711 quod
961 2652 1139 2693 tamen
1180 2638 1465 2692 manifeste
1491 2653 1520 2690 a
1543 2637 1747 2692 sanctis
1785 2638 1883 2691 Pa-

324 2738 504 2791 tribus
538 2734 847 2789 institutum
901 2734 957 2786 in
1010 2730 1279 2800 theologia
1327 2738 1442 2794 est,
1498 2744 1605 2783 non
1664 2730 1887 2783 omnino

322 2830 495 2885 velint
532 2829 584 2881 in
615 2827 880 2881 Trinitate
917 2840 1113 2878 nomen
1165 2818 1377 2876 ordinis
1400 2835 1685 2885 asserere;
1720 2831 1778 2874 et
1804 2821 1886 2875 ha:

324 2923 612 2975 doctorum
633 2916 992 2979 auctoritates
1022 2914 1263 2967 collecta:
1286 2920 1436 2972 sunt,
1458 2918 1573 2963 tum
1603 2908 1671 2962 ad
1700 2917 1887 2963 osten-

321 3014 562 3067 dendum
603 3009 871 3079 Spiritum
921 3016 1173 3060 sanctum
1222 3018 1317 3071 per
1345 3000 1545 3056 Filium
1578 3014 1885 3054 connexum

319 3121 441 3160 esse
483 3104 651 3169 Patri,
681 3116 793 3155 tum
823 3100 890 3155 ad
935 3100 1146 3168 liquido
1198 3095 1687 3152 demonstrandum
1737 3092 1887 3149 ordi-

319 3212 447 3253 nem
485 3212 605 3251 esse
639 3196 691 3248 in
723 3193 1011 3248 Trinitate.

787 3336 1028 3391 Palama:
1058 3333 1424 3388 contradictio.

391 3451 637 3507 Mentiris
663 3460 850 3505 contra
880 3449 999 3519 pios
1023 3447 1318 3515 fidelesque
1340 3444 1650 3508 hominum,
1688 3444 1883 3496 miser-

322 3548 479 3598 rime.
515 3542 667 3597 llaud
718 3542 867 3595 enim
906 3540 1080 3610 ignari
1126 3554 1337 3602 sumus,
1387 3537 1636 3592 ordinem
1668 3537 1721 3589 in
1756 3535 1881 3589 Tri-

320 3638 489 3687 nitate
531 3647 689 3697 esse;
746 3631 841 3686 sed
895 3630 1045 3699 pium
1090 3639 1254 3698 atque
1294 3629 1531 3681 lidelem.
1585 3626 1689 3692 Qui
1751 3640 1881 3678 vero

320 3727 541 3780 tertium
577 3741 606 3777 a
646 3724 806 3778 Patre
855 3722 1123 3791 Spiritum
1159 3730 1407 3775 sanctum
1459 3736 1523 3774 ex
1558 3722 1881 3773 necessitate

318 3834 437 3873 esse
462 3815 724 3880 ostendit,
764 3822 1020 3883 tanquam
1052 3812 1307 3882 impium,
1339 3826 1498 3880 quem
1532 3820 1587 3864 tu
1626 3826 1748 3864 eum
1777 3812 1883 3864 Eu-

296 3912 505 3969 ,nomio
542 3908 766 3970 asseris,
816 3906 1042 3960 minimc
1097 3906 1411 3975 recipimus.
1464 3904 1643 3971 Atque
1693 3915 1881 3956 contra

322 4002 735 4069 Scripturarum
766 3997 1068 4053 sententias
1101 3997 1375 4050 mentiris.
1407 3994 1538 4060 Qua:
1566 4010 1678 4049 non
1724 3997 1884 4048 modo

294 4144 297 4147 .
321 4094 541 4160 Filium,
570 4091 666 4147 sed
694 4092 968 4147 interdum
994 4091 1159 4144 etiam
1184 4090 1399 4145 Patrem
1430 4087 1568 4142 Filio
1623 4088 1883 4157 Spiritui-

288 4204 426 4258 .quc
460 4195 647 4240 sancto
689 4198 889 4237 nexum
920 4198 1044 4237 esse
1084 4182 1239 4234 aiunt
1289 4197 1305 4233 :
1341 4179 1617 4234 interdum
1665 4196 1885 4249 quoque

319 4280 439 4333 iﬁlli
470 4287 523 4331 et
573 4277 751 4330 Patris
800 4274 1068 4343 Spiritum
1120 4280 1373 4326 sanetum
1437 4271 1681 4326 medium
1732 4286 1882 4326 com-

290 4348 650 4435 _-munemque
682 4364 973 4421 aﬂirtnant.
1010 4362 1075 4417 Et
1104 4376 1267 4431 quem
1320 4361 1528 4431 liquido
1578 4360 1687 4415 dici
1722 4360 1877 4415 ordi-

323 4479 443 4515 nem
479 4460 702 4519 asseris,
736 4455 1084 4510 manifestum
1150 4462 1267 4517 est,
1323 4454 1469 4523 quod
1495 4467 1603 4509 non
1639 4454 1705 4508 de
1747 4453 1885 4508 Filio

289 4565 373 4627 _et
408 4551 610 4621 Spiritu
648 4558 835 4603 sancto
864 4554 966 4601 est.
1001 4546 1338 4600 Conceditur
1368 4555 1547 4598 tamen
1594 4554 1651 4599 et
1682 4545 1880 4598 Filium
1916 4543 1957 4596 ῐ)

320 4661 438 4699 esse
473 4641 747 4705 medium,
785 4639 879 4694 sed
918 4653 1027 4693 non
1061 4638 1241 4707 quoad
1277 4637 1655 4693 eXsistentiam
1704 4638 1882 4706 Spiri-

322 4751 405 4792 tus
443 4738 510 4791 ab
564 4735 682 4799 eis,
736 4732 825 4803 qui
874 4731 1057 4786 divina
1100 4740 1396 4795 noverunt,
1437 4730 1533 4784 sed
1578 4731 1881 4787 secundum

319 4827 745 4890 eniifessionem,
781 4838 889 4877 non
942 4823 1259 4877 immediate
1315 4822 1581 4891 Spiritum
1630 4832 1881 4876 sanctum

318 4921 675 4991 ponentibus.
724 4932 792 4970 ne
839 4925 892 4970 et
938 4916 1053 4985 ipse
1102 4915 1319 4982 genitus
1366 4916 1638 4968 videatur.
1695 4915 1882 4983 Itaque

318 5012 587 5081 ejusmodi
614 5010 761 5067 dicta
790 5024 819 5062 a
859 5008 992 5062 viris
1023 5009 1230 5062 sanctis
1259 5008 1402 5062 bene
1453 5020 1518 5060 ac
1549 5016 1695 5061 recte
1724 5022 1884 5076 repo-

320 5106 426 5159 sita
461 5114 611 5158 sunt.
657 5101 763 5157 Sed
796 5101 889 5171 qui
942 5100 998 5153 in
1035 5101 1139 5154 hoc
1168 5099 1289 5154 loco
1324 5100 1415 5153 illa
1468 5098 1689 5166 collegit
1719 5108 1882 5169 atque

318 5198 386 5253 ad
435 5210 590 5252 suam
620 5234 634 5258 ,
671 5193 763 5255 hic
812 5192 1001 5247 falsam
1054 5191 1367 5260 opinionem
1425 5190 1678 5256 inseruit,
1740 5192 1881 5245 male

318 5290 597 5360 impieque
631 5286 716 5340 his
753 5286 943 5339 utitur.

852 5395 903 5452 Ν
910 5398 1060 5451 icwni
1096 5395 1350 5464 defensio.

301 5542 307 5549 -
387 5518 453 5570 At
486 5516 652 5570 homo
685 5512 935 5583 quisquis
963 5527 1046 5580 es,
1080 5512 1173 5581 qui
1211 5513 1324 5566 haec
1372 5509 1533 5577 dicis,
1559 5510 1875 5582 huiusmodi

314 5610 471 5671 ordo,
503 5621 667 5677 quem
701 5606 957 5671 attulisti,
984 5616 1214 5676 tuosque
1245 5605 1411 5660 doces
1439 5604 1744 5669 auditores,
1769 5622 1874 5659 non

316 5698 475 5761 ordo,
527 5700 619 5750 sed
667 5700 853 5766 potius
891 5698 1229 5753 inordinatio
1288 5698 1658 5768 nuncupanda
1712 5699 1873 5754 foret.

319 5788 453 5840 Nam
503 5786 546 5839 si
606 5795 828 5854 propter
868 5787 1310 5855 confessionem,
1345 5798 1401 5843 ut
1458 5790 1561 5854 ais,
1624 5789 1872 5845 ordinem

1992 1932 2268 1987 interdum
2306 1949 2441 1988 vero
2479 1935 2657 1989 Patris
2700 1944 2756 1989 et
2793 1934 2915 1989 Filii
2967 1936 3206 1991 medium
3261 1936 3552 2005 Spiritum,

1992 2040 2113 2080 cum
2143 2042 2267 2081 eum
2303 2026 2599 2096 spirantem
2641 2028 2994 2082 aﬂirmemus.
3025 2028 3153 2093 Quae
3179 2030 3401 2099 quidem
3439 2044 3552 2082 om-

1990 2117 2082 2171 nia
2137 2127 2192 2173 et
2250 2119 2483 2172 absurda
2516 2128 2641 2173 sunt
2670 2160 2684 2184 ,
2748 2130 2805 2173 et
2851 2122 3022 2189 magis
3067 2112 3553 2183 inordinationem,

1991 2226 2150 2280 quam
2176 2210 2425 2266 ordinem
2468 2212 2759 2268 inducunt.
2798 2213 2866 2264 At
2902 2227 3003 2264 nos
3044 2211 3422 2283 hujuscemodi
3460 2229 3553 2265 or-

1992 2301 2177 2356 dinem
2215 2317 2499 2372 negamus.
2531 2304 2644 2359 Nee
2676 2318 2808 2357 vero
2842 2303 3132 2358 arbitreris
3161 2319 3262 2358 nos
3288 2319 3411 2359 cum
3442 2304 3555 2357 Eu-

1990 2393 2177 2447 nomio
2212 2410 2337 2449 eum
2389 2395 2636 2449 ordinem
2678 2397 2920 2460 sentire,
2976 2396 3306 2465 tertiumque
3350 2412 3418 2451 ex
3458 2412 3555 2449 ne-

1992 2484 2246 2539 cessitate
2288 2499 2318 2537 a
2366 2484 2531 2541 Patre
2586 2484 2858 2555 Spiritum
2898 2498 3111 2556 putare.
3145 2488 3279 2542 Nam
3329 2490 3551 2541 tertium

1988 2589 2107 2628 esse
2141 2575 2316 2644 ipsum
2360 2576 2595 2629 maxime
2624 2577 2849 2645 quidem
2885 2578 3182 2642 credimus,
3230 2588 3285 2631 ct
3334 2578 3435 2631 hoc
3484 2596 3552 2632 es

1989 2668 2339 2721 necessitate.
2382 2667 2541 2721 Modo
2576 2668 2679 2723 hoc
2721 2670 2818 2724 tibi
2846 2670 3075 2725 Verbum
3122 2687 3186 2724 ex
3222 2671 3552 2725 necessitate

1991 2771 2101 2809 non
2136 2756 2405 2827 significet
2434 2760 2598 2823 idem,
2624 2770 2787 2827 atque
2824 2776 2888 2813 ex
2917 2770 3131 2823 natura,
3164 2775 3287 2813 cum
3318 2760 3394 2814 iiii
3429 2777 3553 2815 exc-

1990 2849 2209 2913 damus,
2241 2850 2335 2919 qui
2364 2867 2486 2904 eum
2525 2852 2742 2905 tertium
2773 2868 2892 2907 esse
2942 2853 3167 2905 tradidit
3204 2854 3253 2905 in
3295 2854 3551 2906 salutaris

1989 2938 2331 3007 baptismatis
2380 2941 2695 2996 traditione.
2731 2942 2841 3003 Ite,
2875 2944 3075 3013 inquit,
3112 2953 3161 2995 et
3192 2944 3454 3013 baptizata:
3498 2946 3549 2997 iu

1988 3034 2202 3087 nomine
2238 3032 2440 3097 Patris,
2470 3044 2518 3088 et
2553 3034 2700 3099 Filii,
2736 3046 2783 3088 et
2818 3036 3051 3107 Spiritus
3080 3040 3277 3090 sancti.
3304 3038 3549 3090 Tertium

1988 3132 2169 3177 autem
2201 3135 2397 3179 natura
2433 3142 2552 3180 esse
2583 3142 2861 3195 nunquam
2895 3129 3149 3191 dicimus,
3184 3145 3285 3183 nec
3312 3146 3548 3200 unquam

1914 3202 1958 3261 (ἶ
1989 3215 2296 3271 incidemus
2330 3218 2386 3271 in
2420 3220 2653 3273 alterum
2696 3221 3099 3275 contrariorum
3127 3221 3387 3291 fugiendo
3417 3224 3553 3275 alte-

1988 3321 2131 3371 rum,
2170 3317 2227 3361 ut
2257 3307 2374 3377 ipse
2402 3310 2536 3378 agis.
2565 3309 2849 3379 Siquidem
2910 3313 3133 3366 tertium
3183 3324 3377 3365 natura
3433 3313 3550 3381 ipse

1989 3397 2239 3466 fugiens,
2273 3400 2449 3468 ipsum
2479 3400 2644 3455 etiam
2674 3402 3025 3457 diseretivum
3059 3420 3419 3473 personarum
3458 3422 3552 3459 or-

1987 3490 2171 3545 dinem
2230 3506 2433 3561 negas;
2491 3508 2669 3562 neque
2722 3505 2875 3563 potes
2918 3495 2973 3548 in
3023 3496 3202 3550 medio
3260 3512 3485 3552 manere
3532 3516 3547 3551 :

1988 3597 2150 3651 quam
2203 3583 2399 3636 melius
2449 3583 2546 3637 tibi
2582 3585 2778 3638 luisset
2823 3586 2984 3639 ambo
3037 3588 3227 3655 fugere
3276 3598 3544 3650 extrema,

1987 3683 2243 3743 starcque
2291 3676 2343 3728 in
2384 3675 2587 3739 medio,
2632 3685 2691 3730 ut
2741 3686 2926 3731 nostra
2959 3680 3229 3732 sententia
3295 3688 3382 3733 est
3412 3698 3425 3733 :
3459 3684 3551 3750 qui

1990 3780 2090 3819 nec
2113 3768 2340 3819 omnino
2372 3767 2591 3820 tertium
2618 3783 2740 3823 esse
2772 3784 3057 3836 negamus,
3100 3787 3279 3840 neque
3328 3774 3550 3827 tertium

1986 3874 2105 3913 esse
2132 3870 2327 3913 natura
2359 3862 2735 3927 concedimus,
2765 3864 2862 3918 sed
2900 3866 3121 3919 tertium
3156 3867 3375 3934 quidem
3422 3883 3550 3921 eum

1986 3963 2267 4019 ponentes,
2314 3969 2424 4007 non
2461 3955 2638 4009 solum
2674 3955 2781 4010 dici
2807 3996 2821 4019 ,
2874 3942 2971 4011 Sed
3011 3959 3176 4017 etiam
3207 3975 3328 4014 esse
3387 3970 3553 4028 atque

1989 4045 2237 4098 ordinem
2272 4045 2626 4103 discretivum
2662 4049 2994 4116 recipientes
3021 4065 3403 4119 personarum.
3439 4069 3549 4106 non

1989 4145 2309 4188 naturarum
2344 4153 2358 4189 :
2392 4152 2563 4205 quem
2609 4139 2831 4205 quidem
2889 4138 3068 4207 ipsum
3124 4156 3191 4194 ex
3226 4144 3556 4196 necessitate

1985 4242 2104 4282 esse
2131 4228 2255 4296 quis
2281 4229 2665 4283 contradicat?
2688 4232 3009 4299 Quanquam
3046 4234 3162 4301 ipse
3201 4249 3415 4288 omnem
3458 4250 3555 4288 or-

1987 4317 2169 4372 dinem
2229 4334 2447 4388 quoquo
2480 4322 2642 4374 modo
2690 4338 2753 4374 ex
2794 4325 3121 4381 necessitate
3171 4326 3555 4380 demonstran-

1989 4421 2116 4473 tetn,
2152 4410 2295 4463 hunc
2322 4424 2443 4463 esse
2473 4411 2694 4465 tertium
2743 4428 2850 4465 non
2882 4417 3172 4482 concedas,
3204 4432 3299 4471 nec
3335 4418 3551 4471 Patrem

1990 4511 2237 4553 nostrum
2276 4501 2725 4570 Chrysostomum
2788 4505 2996 4570 audias,
3036 4522 3159 4560 cum
3213 4508 3356 4561 dicat
3394 4529 3405 4562 :
3439 4508 3555 4563 Dis-

1988 4594 2233 4645 cretivus
2298 4592 2485 4661 itaque
2517 4593 2827 4648 divinarum
2863 4613 3219 4666 personarum
3253 4600 3390 4652 ordo
3426 4615 3554 4653 sane

1988 4682 2092 4740 clis
2131 4694 2295 4738 notus
2322 4686 2593 4753 consistit,
2634 4688 2727 4741 sed
2784 4689 3117 4745 diseretivus
3168 4702 3373 4744 naturae
3412 4694 3552 4745 ordo

1989 4778 2040 4832 in
2098 4789 2281 4834 sancta
2336 4778 2609 4834 Trinitate
2653 4780 2982 4849 rejieicndus
3030 4792 3158 4836 cst:
3198 4782 3552 4837 disrretivum

1987 4880 2167 4924 autem
2209 4886 2573 4939 personarum
2614 4872 2865 4925 ordinem
2927 4884 3138 4928 naturae
3166 4875 3385 4942 quidem
3440 4891 3549 4928 non

1985 4977 2126 5027 esse,
2166 4963 2259 5017 sed
2294 4972 2482 5016 natura
2515 4974 2692 5016 tamen
2724 4980 2843 5017 esse
2894 4964 3124 5033 quilibet
3176 4981 3323 5020 same
3351 4967 3553 5020 mentis

1987 5054 2336 5121 concederet,
2370 5070 2433 5107 ac
2460 5056 2767 5109 secundum
2816 5056 2957 5109 hanc
3014 5057 3283 5110 rationem
3326 5071 3447 5111 esse
3498 5066 3551 5111 et

1988 5144 2320 5211 naturalem,
2354 5160 2460 5200 non
2518 5147 2824 5201 secundum
2867 5148 3013 5215 quod
3054 5157 3301 5200 naturam
3343 5149 3552 5202 discer-

1987 5238 2090 5302 nit,
2123 5239 2215 5291 sed
2246 5240 2547 5293 secundum
2581 5239 2727 5307 quod
2758 5248 2950 5292 natura
3000 5255 3106 5292 non
3146 5240 3421 5307 positione
3456 5256 3551 5293 no-

1985 5339 2097 5385 stra
2147 5337 2249 5383 rst.
2293 5329 2349 5381 id
2388 5340 2569 5381 autem
2604 5329 2875 5384 ai‘lirmant
2909 5341 2961 5383 ct
3002 5330 3256 5383 doctores
3301 5331 3553 5386 Ecclesiae

1984 5421 2262 5492 principes
2306 5421 2640 5499 Athanasius
2700 5432 2866 5490 atque
2917 5422 3153 5475 Basilius
3194 5439 3206 5473 :
3250 5422 3339 5476 hic
3377 5427 3551 5493 majo-

1980 5516 2099 5567 rem
2135 5512 2569 5584 propositionem
2629 5512 2871 5577 tradens,
2914 5512 3248 5567 Athanasius
3280 5512 3549 5567 minorem

1986 5607 2276 5670 inducens,
2305 5618 2357 5660 et
2389 5605 2767 5676 syllogismum
2795 5606 2957 5661 ambo
2979 5620 3148 5659 unum
3181 5607 3553 5676 complecten—

1986 5708 2067 5754 tcs
2103 5700 2570 5753 demonstrantem
2628 5708 2823 5750 natura
2865 5697 3129 5768 Spiritum
3188 5710 3437 5753 sanetum
3483 5699 3547 5751 ad

1985 5795 2182 5851 Filium
2220 5788 2498 5854 ordinari;
2538 5790 2602 5846 ad
2645 5790 2860 5847 Patrem
2922 5791 3069 5845 enim
3114 5788 3314 5845 Filium
3353 5800 3549 5844 natura
