3966 6218
413 315 520 379 297

1333 312 1720 377 AP-OLOGIA
1760 312 2378 376 INSCRIPTIONUM
2423 313 2675 379 VECU;

3532 322 3645 386 998

415 429 687 495 ordinari,
713 436 773 485 et
804 428 880 485 ita
913 427 1135 498 quidem
1167 435 1388 489 natura,
1419 436 1480 481 ut
1508 443 1670 482 omne
1699 436 1981 482 causatum
2010 429 2059 488 Α
2084 432 2375 500 quamdam
2407 433 2562 502 ponit
2592 432 2658 486 ad
2693 447 2856 502 quam
2884 435 3225 505 probandam
3255 430 3395 492 nihil
3432 438 3656 494 inducit

416 525 482 581 ad
517 521 796 592 propriam
822 533 1077 583 causam;
1112 527 1281 588 utque
1314 519 1389 579 id.
1421 520 1566 587 quod
1592 517 1659 573 ex
1700 518 1823 586 igne
1852 533 1979 586 pro-

417 614 639 669 ducitur
666 610 735 666 ad
776 611 954 677 ipsum
982 607 1189 678 ignem,
1222 610 1384 662 docet
1411 607 1679 674 Basilius;
1714 607 1980 677 Spiritum

426 712 608 758 autem
662 699 935 771 ejusmodi
973 708 1225 753 naturam
1276 698 1640 768 ordinemque
1678 699 1746 754 ad
1780 699 1979 754 Filium

418 794 639 858 habere,
694 808 856 862 quem
899 790 1069 847 Filius
1102 790 1170 845 ad
1221 791 1461 855 Patrem,
1512 791 1849 846 Athanasius
1891 793 1985 848 lit-

421 887 552 941 teris
573 883 880 949 mandavit,
906 883 1001 951 qui
1028 897 1153 937 cum
1176 883 1444 938 naturalis
1470 883 1564 947 sit,
1594 896 1704 938 non
1733 883 1787 937 in
1809 898 1984 953 quan-

420 987 534 1033 tum
562 983 815 1031 naturam
856 974 1148 1029 discernit.
1192 973 1346 1043 S:epe
1371 989 1609 1043 namque
1645 973 1703 1029 id
1738 974 1980 1042 dicatur,
2014 1038 2017 1043 η

420 1077 479 1122 ut
508 1066 970 1121 calumniantium
1011 1065 1379 1121 obstruantur
1416 1080 1533 1130 ora,
1575 1065 1673 1121 sed
1711 1065 1841 1135 quia
1879 1080 1983 1121 na-

421 1166 540 1213 tura
580 1171 695 1210 non
751 1155 1031 1225 positione
1067 1162 1258 1211 nostra
1298 1163 1423 1221 est;
1477 1170 1538 1212 re
1576 1155 1799 1225 quidem
1837 1170 1981 1221 esse,

418 1257 472 1302 et
511 1262 617 1301 non
650 1247 963 1303 intentione
998 1253 1208 1309 nostra,
1247 1260 1428 1317 neque
1465 1247 1519 1300 in
1563 1247 1726 1302 nobis
1753 1261 1897 1312 esse,
1924 1255 1986 1301 ut

418 1339 530 1405 ipse
556 1337 849 1393 arbitraris
873 1377 887 1399 .
932 1352 1060 1392 eum
1120 1336 1357 1392 velimus
1408 1346 1768 1407 permutare:
1804 1339 1984 1393 inter-

420 1428 664 1497 dumque
701 1427 777 1483 ita
808 1425 1092 1492 ordinare,
1132 1426 1412 1483 interdum
1441 1425 1602 1480 aliter
1641 1444 1656 1481 :
1684 1441 1847 1481 nemo
1876 1434 1980 1488 est.

427 1520 525 1589 qui
567 1535 677 1575 non
707 1518 995 1575 fateretur.
1039 1517 1094 1572 Si
1120 1518 1304 1586 itaque
1321 1504 1705 1587 hujuscemodi
1732 1517 1983 1573 ordinem

421 1622 477 1673 et
512 1611 628 1681 ipse
657 1611 864 1675 fateris,
910 1610 1330 1679 Scripturarum
1360 1608 1666 1665 sententias
1696 1624 1809 1664 non
1856 1624 1983 1679 per-

420 1702 723 1767 vertimus;
763 1717 867 1757 nec
901 1701 1064 1765 ullis,
1102 1700 1201 1771 qui
1246 1710 1488 1756 mentem
1535 1700 1800 1767 habeant,
1834 1700 1984 1755 vide-

427 1792 623 1847 bitur:
660 1791 755 1848 sed
794 1792 937 1848 bene
968 1807 1033 1848 ac
1064 1800 1234 1855 recte,
1293 1790 1388 1861 qui
1427 1804 1522 1846 eas
1558 1790 1799 1860 eoilegit,
1829 1787 1977 1854 fecit,

419 1892 585 1952 atque
605 1896 706 1952 pro
744 1881 904 1937 nobis
937 1884 1021 1937 liae
1058 1882 1300 1937 rationes
1320 1892 1469 1937 sunt.
1505 1881 1602 1937 Sin
1623 1890 1805 1938 autem
1837 1882 1983 1936 hunc
2012 1926 2021 1933 ι

421 1989 609 2044 negas,
641 1975 736 2043 qui
778 1974 914 2033 dicit
956 1983 1008 2031 te
1033 1989 1159 2029 eum
1195 1989 1421 2044 negare,
1458 1988 1648 2029 verum
1679 1972 1837 2038 dicit,
1877 1986 1984 2028 nec

421 2067 726 2132 mentitur,
768 2064 867 2120 sed
912 2065 1055 2120 bene
1105 2075 1157 2120 te
1209 2065 1461 2119 vulnerat
1511 2065 1696 2120 verbis
1737 2064 1981 2120 collectis

419 2156 730 2212 doctorum.
758 2158 892 2212 V‘ile‘
914 2157 1080 2212 etiam
1110 2157 1228 2213 haec
1247 2173 1382 2214 sane
1411 2157 1550 2228 agis,
1577 2172 1705 2212 cum
1724 2156 1794 2212 ad
1819 2157 1979 2212 aliam

418 2251 750 2309 sententiam
775 2249 952 2305 dictas
992 2249 1354 2304 auctoritates
1380 2250 1496 2319 ipse
1524 2248 1774 2319 colligis,
1798 2257 1855 2303 et
1886 2263 1983 2318 per

416 2357 512 2397 eas
539 2352 704 2412 putas
735 2341 990 2397 refellere
1029 2341 1171 2397 hanc
1206 2340 1555 2397 insolubilem
1588 2356 1810 2395 auream
1837 2340 1983 2395 ordi-

417 2434 506 2489 nis
548 2444 827 2490 catenam.
878 2431 1120 2502 Spiritus
1165 2447 1401 2500 namque
1441 2430 1657 2487 medius
1702 2431 1847 2484 inter
1895 2429 1984 2488 Fi-

418 2523 552 2579 lium
609 2532 665 2578 et
702 2522 920 2577 Patrem
963 2531 1222 2592 tanquam
1274 2521 1577 2592 ingenitum
1629 2521 1988 2592 genitumque-

418 2630 541 2679 esse
592 2614 814 2683 dicitur,
860 2628 986 2669 cum
1035 2613 1155 2682 ipse
1203 2627 1383 2684 neque
1409 2613 1630 2683 genitus
1674 2612 1767 2677 sit,
1803 2626 1982 2681 neque

418 2707 696 2777 ingenitus
718 2706 1020 2764 secundum
1042 2705 1369 2777 Gregorium
1401 2703 1804 2759 Nazianzenum
1845 2703 1983 2758 :Pa-

420 2807 507 2854 ter
533 2807 717 2859 autem
747 2798 874 2854 Filii
917 2807 971 2853 et
1004 2797 1246 2866 Spiritus
1301 2795 1478 2852 sancti
1512 2811 1708 2863 nexus,
1758 2804 1816 2851 ut
1866 2796 1983 2865 ipse

419 2892 545 2946 fons
575 2892 661 2948 eis
704 2891 996 2954 exsistens,
1039 2900 1096 2945 et
1140 2898 1203 2947 ut
1230 2888 1377 2951 sint,
1430 2898 1487 2943 et
1538 2899 1599 2944 ut
1634 2902 1802 2944 unum
1849 2888 1980 2945 sint.

419 2982 551 3053 Quae
581 2998 706 3038 cum
731 2984 829 3039 abs
856 2992 908 3041 te
932 2996 1359 3052 supervacanea,
1397 2996 1499 3037 nec
1533 2981 1597 3036 ad
1637 2981 1982 3051 prepositum

2083 520 2450 576 necessitatis.
2507 520 2792 591 Siquidem
2842 524 3232 579 auctoritatem
3284 524 3474 590 illam,
3527 539 3652 593 qua;

2084 609 2325 679 Spiritus
2360 612 2609 668 veritatis
2635 613 2840 668 fatetur
2880 612 3149 684 Spiritum
3197 623 3476 680 sanctum,
3526 630 3651 670 esse

2087 702 2161 756 illi
2188 704 2476 773 aequalem,
2500 720 2623 773 quae
2650 704 2827 773 ipsum
2860 705 3444 775 ex.Patre,procedere
3472 703 3651 776 ponit,

2083 793 2170 849 vel
2198 809 2265 848 ex
2296 794 2438 849 Filio
2481 795 2732 864 accipere
2758 837 2773 861 ,
2807 796 2968 850 nobis
3002 795 3319 850 dicentibus
3353 816 3368 851 :
3401 796 3498 851 llis
3528 798 3654 850 uni-

2087 873 2299 951 tatem,
2362 886 2561 955 inquit.
2618 896 2674 941 et
2724 887 3357 943 consubstantialitatem
3408 886 3653 957 Spiritus

2085 975 2419 1040 ostendere;
2453 989 2561 1029 non
2598 985 2781 1031 tamen
2815 976 2899 1032 eis
2952 976 3368 1046 processionem
3396 991 3464 1032 ex
3496 977 3655 1032 Patre
3688 1016 3691 1037 ς

2084 1076 2139 1122 et
2170 1065 2334 1130 Filio,
2365 1066 2672 1122 secundum
2697 1068 2806 1132 hoc
2834 1068 2981 1121 enim
3009 1067 3266 1122 differre:
3293 1068 3387 1123 sed
3421 1082 3654 1137 quomo-
3681 1060 3691 1137 ἓ

2084 1155 2156 1209 do
2183 1170 2296 1210 non
2348 1155 2729 1219 demonstrat,
2771 1171 2960 1211 verum
2996 1156 3359 1210 auctoritates
3415 1155 3535 1211 illas
3583 1155 3687 1209 aci

2086 1246 2233 1301 dicta
2266 1256 2517 1309 testatur,
2544 1262 2665 1315 quin
2692 1255 2872 1301 tamen
2924 1246 3168 1301 dilucide
3200 1246 3253 1300 in
3284 1246 3652 1306 contrarium.

2084 1352 2246 1407 quam
2280 1337 2398 1407 ipse
2433 1338 2567 1395 velit
2609 1338 2838 1393 ducunt.
2875 1325 3028 1403 Quod
3091 1337 3241 1392 enim
3284 1338 3655 1391 communita-

2088 1432 2221 1484 tem“
2256 1430 2561 1497 quamdam.
2606 1427 3352 1496 cunsubstantialitatemque
3396 1429 3464 1481 ad
3516 1428 3655 1481 invi-

2085 1535 2205 1577 cem
2232 1519 2608 1588 significantes
2635 1516 3023 1585 mijuivaleant,
3042 1518 3149 1574 hoc
3175 1519 3522 1574 verissimum
3548 1528 3655 1572 est.

2085 1604 2242 1676 Quod
2271 1620 2455 1665 autem
2484 1625 2551 1665 ex
2581 1610 2744 1664 Patre
2776 1610 3023 1679 Filioque
3049 1609 3292 1681 Spiritus
3314 1610 3491 1666 sancti
3528 1626 3659 1679 pro-

2087 1699 2393 1757 cessionem
2426 1715 2537 1754 non
2568 1698 2900 1764 ostendant,
2931 1700 3037 1754 hoc
3080 1712 3230 1756 certe
3278 1717 3307 1755 a
3367 1701 3658 1770 temetipso

2088 1793 2276 1860 affers,
2309 1794 2609 1848 adversum
2637 1806 2858 1848 omnem
2889 1792 3176 1847 veritatem
3219 1807 3488 1862 pugnans.
3523 1792 3658 1848 Nam

2088 1884 2143 1939 id
2180 1883 2359 1955 ipsum
2401 1881 2871 1939 eonsubstantiale
2902 1898 3067 1939 causa
3100 1890 3205 1949 est,
3237 1891 3296 1937 ut
3322 1883 3560 1954 Spiritus
3591 1899 3659 1938 ex

2087 1973 2249 2042 Filio,
2280 1974 2365 2028 vel
2407 1990 2475 2029 ex
2518 1973 2679 2028 Patre
2713 1988 2812 2042 per
2842 1972 3043 2028 Filium
3085 1976 3464 2042 producatur;
3497 1985 3660 2043 prout

2085 2065 2246 2121 divus
2280 2065 2515 2137 Cyrillus
2542 2063 2785 2120 dilucide
2813 2063 3058 2120 ostendit
3094 2081 3109 2118 :
3140 2064 3428 2133 Proprius,
3456 2065 3659 2135 inquit,

2085 2157 2263 2212 Patris
2311 2165 2365 2211 et
2417 2156 2539 2212 Filii
2584 2167 2669 2212 est
2723 2156 2965 2227 Spiritus
3030 2169 3274 2217 sanctus.
3317 2166 3375 2212 et
3419 2172 3565 2217 unus
3595 2173 3660 2213 ex

2083 2247 2249 2304 Patre
2295 2263 2395 2318 per
2425 2248 2625 2311 Filium
2657 2257 2888 2318 pr0pter
2917 2248 3244 2305 substantia:
3290 2248 3657 2308 identitatem.

2084 2338 2199 2393 sive
2230 2337 2407 2392 Patris
2436 2337 2654 2392 scilicet
2680 2344 2738 2391 et
2771 2336 2917 2401 Filii,
2966 2339 3084 2392 sive
3115 2347 3171 2392 et
3210 2339 3403 2392 horum
3432 2337 3498 2391 ad
3532 2336 3658 2406 Spi-

2084 2429 2272 2483 ritum.
2306 2427 2420 2484 Hoc
2450 2431 2600 2482 enim
2642 2427 2808 2483 modo
2852 2429 2940 2483 vel
3003 2427 3097 2482 illo
3128 2443 3228 2497 pro
3263 2427 3424 2483 nobis
3458 2428 3542 2482 ha:
3573 2445 3659 2481 ra-

2087 2520 2266 2573 tiones
2288 2517 2514 2574 faciunt.
2554 2518 3119 2576 Consubstantialitas
3144 2518 3291 2574 enim
3317 2518 3557 2588 Spiritus
3589 2520 3658 2574 ad

2085 2607 2300 2662 Patrem
2342 2615 2399 2663 et
2421 2607 2640 2666 Filium.
2662 2607 2923 2679 quodque
2943 2623 3136 2664 eorum
3164 2608 3391 2680 propius
3418 2606 3656 2671 dicatur,

2086 2714 2194 2754 non
2238 2699 2482 2755 excludit
2520 2703 2699 2771 ipsum
2735 2716 2802 2755 ex
2852 2700 2995 2756 Filio
3021 2742 3037 2767 ,
3090 2700 3176 2756 vel
3228 2715 3326 2770 per
3362 2698 3559 2754 Filium
3592 2713 3659 2755 ex

2086 2790 2249 2847 Patre
2298 2806 2456 2858 esse;
2509 2793 2620 2846 imo
2667 2807 2801 2847 vero
2840 2792 3122 2847 concludit
3192 2802 3359 2862 atque
3408 2790 3655 2860 probat:

2085 2881 2233 2954 quod
2268 2882 2433 2938 etiam
2465 2892 2523 2938 et
2565 2882 2698 2937 alibi
2748 2883 2892 2940 idem
2926 2883 3043 2954 ipse
3078 2881 3260 2954 inquit
3292 2899 3308 2938 :
3344 2882 3438 2953 Dei
3483 2881 3662 2937 Patris

2090 2972 2280 3040 etiam,
2306 2986 2362 3028 et
2387 2973 2507 3028 Filii
2537 2973 2802 3043 Spiritum
2836 2984 3087 3030 sanctum
3112 2989 3256 3037 esse.
3291 2973 3384 3045 qui
3416 2973 3660 3029 consub-

419 3075 796 3149 producantur
821 3114 837 3141 ,
894 3089 1007 3129 non
1053 3073 1239 3130 minus
1288 3080 1483 3128 contra
1544 3072 1939 3143 producentem
1965 3111 1979 3135 ,
2012 3084 2055 3144 α
2088 3062 2420 3119 stantialiter
2446 3080 2512 3119 ex
2542 3074 2800 3135 utroque,
2824 3066 3037 3121 scilicet
3056 3079 3123 3120 ex
3146 3064 3305 3120 Patre
3332 3080 3431 3136 per
3460 3063 3658 3119 Filium

419 3185 585 3240 quam
616 3179 809 3225 contra
828 3182 946 3233 eos,
965 3167 1232 3223 adversus
1245 3181 1385 3237 quos
1405 3165 1629 3222 inducta
1647 3173 1797 3229 sunt,
1815 3175 1871 3221 et
1893 3179 1981 3220 re-

418 3259 807 3331 prehensionis
833 3268 888 3313 et
915 3257 1169 3314 ruditatis
1190 3257 1720 3314 demonstrationem
1751 3257 1978 3313 habent.

759 3395 1018 3461 Quintum
1063 3390 1214 3447 Vacci
1252 3400 1644 3463 argumentum.

491 3506 627 3561 Cum
675 3504 900 3575 quidam
936 3502 1072 3567 sint,
1104 3501 1197 3572 qui
1243 3501 1377 3556 illud
1419 3502 1703 3568 Evangelii
1751 3502 1980 3563 dictum,

417 3596 568 3671 quod
599 3596 868 3667 Spiritum
928 3603 1182 3650 sanctum
1226 3591 1491 3663 Spiritum
1528 3593 1774 3648 veritatis
1805 3594 1984 3647 nomi-

420 3700 539 3757 nat,
570 3701 681 3744 non
713 3684 1030 3742 concedunt
1056 3684 1202 3747 idem
1236 3682 1422 3738 valere
1466 3682 1612 3752 quod
1646 3682 1787 3737 valet
1816 3691 1871 3736 et
1903 3682 1983 3737 di-

420 3791 569 3838 ctum
601 3795 669 3835 ex
694 3780 858 3835 Patre
893 3779 1070 3848 ipsum
1100 3776 1426 3848 procedere.
1450 3776 1699 3849 itemque
1724 3790 1823 3842 nec
1846 3773 1983 3830 illud

419 3872 754 3945 tequivalere
781 3878 1062 3934 asserunt,
1090 3887 1156 3925 ex
1186 3871 1350 3926 Patre
1374 3869 1630 3925 videlicet
1657 3868 1981 3937 procedere,

417 3976 479 4022 et
509 3982 577 4021 ex
609 3965 752 4020 Filio
801 3964 1055 4034 accipere
1104 3962 1369 4033 Spiritum
1427 3970 1700 4017 sanctum.
1729 3961 1986 4017 Colleetze

418 4066 549 4114 sunt
572 4067 631 4113 et
652 4071 730 4111 ea!
748 4056 1114 4111 auctoritates
1131 4055 1423 4110 doctorum
1445 4054 1512 4109 ad
1537 4052 1984 4122 tequivalentiam

419 4149 822 4207 ostendendam
869 4147 1144 4219 ejusmodi
1183 4146 1461 4203 dictorum
1511 4145 1983 4218 «angelicorum.

878 4275 1123 4331 Palamw
1156 4274 1527 4329 contradictio.

487 4389 787 4445 Ohominis
812 4387 1135 4443 amentiaml
1175 4386 1311 4441 Cum
1339 4388 1485 4440 enim
1516 4384 1845 4454 aequivalent
1874 4386 1989 4439 haec

416 4483 585 4546 dicta,
613 4482 883 4535 unitatem
940 4479 1056 4534 sive
1101 4476 1748 4533 consubstantialitatem
1810 4478 1985 4534 divini

416 4574 656 4642 Spiritus
691 4580 1126 4642 repraesentant,
1168 4571 1433 4626 differunt
1468 4577 1652 4625 autem
1684 4574 1843 4641 quasi
1875 4586 1985 4626 non

417 4666 488 4719 ab
520 4672 754 4734 utroque
777 4697 794 4727 ,
837 4660 998 4717 Patre
1022 4662 1230 4718 scilicet
1261 4670 1318 4717 et
1365 4662 1526 4727 Filio,
1570 4662 1984 4719 subsistentiam

417 4754 662 4825 Spiritus
710 4755 1115 4811 demonstrent.
1169 4752 1327 4822 Quod
1387 4754 1614 4824 quidem
1661 4754 1730 4810 ab
1778 4754 1985 4810 eisdem

418 4846 836 4917 Scripturarum
883 4848 1177 4903 sententiis
1231 4856 1427 4903 notum
1484 4858 1586 4904 est.
1632 4847 1739 4915 Qui
1799 4858 1985 4909 autem

417 4940 516 4994 bas
549 4938 855 4995 sententias
886 4940 1221 5010 aggregavit,
1262 4941 1330 4997 ad
1359 4941 1733 5008 differentiam
1782 4942 1983 4998 horum

414 5031 688 5087 dictorum
717 5031 880 5102 quasi
908 5032 1111 5087 surdus
1141 5032 1371 5090 effectus
1412 5041 1519 5091 est.

957 5163 1161 5221 Nitenti
1205 5167 1460 5237 defensio.

487 5276 543 5334 ln
572 5279 662 5336 bis
682 5293 786 5337 nec
807 5288 1165 5351 apparentem
1187 5279 1408 5350 quidem
1446 5282 1981 5351 argumentationem

417 5366 606 5434 aﬂert,
637 5384 749 5439 qua
777 5369 893 5427 sola
916 5369 975 5425 in
1004 5370 1126 5425 aliis
1162 5369 1356 5435 utitur,
1393 5371 1507 5424 veri
1546 5370 1859 5440 negligens,
1896 5369 1980 5423 vel

414 5459 704 5531 imperitus
728 5460 894 5517 etiam
918 5462 972 5516 in
991 5461 1117 5525 illis,
1133 5460 1185 5515 in
1204 5461 1403 5531 quibus
1424 5461 1557 5515 illud
1584 5461 1832 5530 reperire
1861 5477 1987 5516 con-

415 5550 677 5621 tingeret.
703 5550 764 5607 In
795 5551 883 5608 his
919 5552 1082 5608 etiam
1111 5566 1287 5621 neque
1320 5551 1366 5605 si
1397 5551 1755 5607 vehementer
1787 5550 1984 5621 qua'si-

413 5641 608 5708 viaset,
644 5645 967 5714 reperisset,
1015 5641 1365 5699 contumeliis
1396 5656 1527 5697 vero
1554 5651 1834 5698 auctorem
1872 5638 1985 5697 alli-

414 5733 531 5789 cit.
572 5746 735 5803 prout
784 5737 949 5794 etiam
997 5736 1052 5791 in
1085 5735 1206 5790 aliis
1247 5734 1374 5788 facit
1407 5752 1419 5788 :
1455 5734 1781 5804 positionem
1816 5736 1981 5790 etiam

2087 3153 2462 3224 profunditur.
2486 3154 2542 3210 Si
2566 3154 2711 3210 enim
2737 3154 3065 3225 simpliciter
3084 3155 3261 3210 solum
3287 3153 3659 3210 consubstan-

2089 3249 2296 3305 tialitas
2331 3264 2495 3305 causa
2527 3256 2715 3313 esset,
2771 3250 2916 3318 quod
2957 3248 3196 3320 Spiritus
3249 3257 3477 3304 sanctus
3526 3261 3659 3318 pro-

2088 3341 2240 3409 prius
2268 3339 2391 3394 Filii
2417 3340 2723 3404 diceretur,
2759 3338 2949 3407 utique
2976 3347 3034 3392 et
3059 3336 3235 3391 Filius
3267 3337 3511 3406 Spiritus
3534 3351 3664 3392 san-

2087 3432 2161 3488 cti
2199 3431 2456 3501 proprius
2492 3431 2794 3493 diceretur,
2820 3427 2945 3483 cum
2970 3428 3021 3483 ei
3054 3427 3541 3501 consubstantialis
3564 3427 3658 3492 sit,

2088 3499 2235 3593 quod
2275 3499 2436 3577 nemo
2473 3534 2714 3590 unquam
2747 3518 3020 3574 affirmare
3061 3532 3231 3573 ausus
3275 3499 3380 3572 est.
3417 3514 3475 3572 Si
3527 3531 3661 3572 vero

2089 3614 2160 3669 ob
2194 3612 2347 3677 illud,
2385 3611 2531 3681 quod
2585 3609 2761 3665 Filius
2810 3608 2878 3663 ad
2929 3606 3149 3663 Patrem
3197 3607 3496 3670 referatur,
3549 3620 3659 3662 non

2089 3717 2276 3773 posse,
2311 3701 2513 3770 inquit,
2564 3701 2764 3756 Filium
2799 3699 3086 3770 preprium
3130 3697 3375 3770 Spiritus
3405 3698 3539 3762 dici,
3589 3713 3660 3753 ne

2089 3785 2357 3866 ejus'csse
2399 3794 2561 3848 Pater
2595 3792 2836 3863 Spiritus
2870 3800 3097 3847 sanctus
3134 3790 3394 3846 videatur
3419 3807 3434 3844 :
3458 3796 3664 3845 testan-

2091 3897 2181 3941 tur
2224 3886 2388 3941 nobis
2438 3901 2503 3938 ex
2577 3883 2916 3939 necessitate
2952 3883 3154 3937 Filium
3203 3881 3505 3952 spirantem
3568 3886 3663 3935 aut

2092 3976 2489 4048 producentem
2531 3989 2676 4040 esse,
2707 3981 3004 4045 propterea
3035 3970 3185 4041 quod
3233 3970 3476 4041 Spiritus
3526 3984 3656 4023 cum

2093 4069 2382 4131 relativum
2415 4082 2615 4122 nomen
2665 4067 2778 4134 sit,
2814 4064 2880 4119 ad
2923 4065 3229 4135 spirantem
3266 4063 3541 4118 referatur
3567 4076 3663 4117 ne-

2093 4176 2250 4217 cesse
2285 4168 2388 4227 est,
2428 4170 2595 4231 atque
2644 4174 2711 4213 ex
2761 4157 2857 4212 illo
2889 4155 3109 4227 spirari,
3139 4155 3300 4226 cujus
3329 4156 3496 4210 etiam
3529 4152 3663 4207 dici-

2096 4261 2185 4304 tur
2207 4265 2351 4304 esse.
2386 4249 2450 4304 Et
2481 4250 2555 4304 ita
2579 4256 2771 4304 contra
2801 4247 3013 4315 seipsos
3048 4245 3177 4300 talia
3203 4246 3478 4315 jactantes
3508 4259 3665 4313 repe-

2095 4342 2332 4406 rientur,
2358 4356 2482 4396 cum
2513 4351 2709 4408 putent
2749 4337 3098 4393 adversarios
3128 4348 3474 4408 oppugnare.
3505 4333 3664 4402 Quod

2019 4427 2067 4488 D
2093 4439 2275 4483 autem
2306 4444 2416 4483 non
2464 4429 2641 4483 solum
2675 4426 2786 4481 dici
2833 4425 3099 4496 Spiritum
3134 4427 3419 4495 proprium
3454 4424 3575 4479 Filii
3610 4424 3666 4478 in

2094 4520 2347 4576 eumdem
2382 4517 2823 4586 sensum‘cadit,
2852 4525 3017 4587 atque
3052 4532 3118 4572 ex
3156 4517 3317 4570 Patre
3343 4515 3663 4584 procedere.

2094 4612 2188 4670 sed
2224 4609 2586 4665 nihilominus
2608 4618 2663 4665 et
2691 4609 2945 4680 accipere
2994 4623 3060 4662 ex
3091 4606 3253 4672 Filio,
3278 4608 3328 4661 id
3356 4609 3519 4662 etiam
3548 4622 3667 4660 rur-

2093 4719 2188 4758 sus
2215 4716 2323 4757 una
2363 4715 2488 4756 cum
2520 4700 2707 4755 multis
2750 4699 2876 4755 aliis
2905 4698 3229 4754 doctoribus
3266 4700 3386 4770 ipse
3428 4698 3668 4769 Cyrinus

2095 4803 2328 4851 testatur
2363 4809 2377 4845 :
2413 4791 2482 4850 Ut
2506 4791 2653 4849 enim
2674 4791 2989 4863 procedens
3019 4806 3119 4862 per
3153 4791 3335 4861 ipsum
3386 4788 3661 4844 naturali-

2095 4894 2178 4955 ter
2206 4894 2464 4954 tanquam
2497 4884 2780 4956 proprium
2806 4885 2946 4959 ejus,
2978 4884 3177 4954 inquit,
3215 4897 3342 4938 cum
3370 4880 3661 4943 omnibus,

2094 4993 2215 5055 qua:
2233 4976 2419 5051 habet,
2438 4975 2677 5046 perfecte
2695 4976 2946 5046 accipere
2959 4974 3183 5048 dicitur,
3204 4988 3324 5044 quae
3343 4973 3495 5027 illius
3516 4979 3663 5026 sunt.

2458 5089 2677 5147 Sextum
2708 5098 3078 5163 argumentum
3119 5088 3289 5142 Vacci.

2171 5184 2310 5241 Cum
2355 5181 2579 5253 quidam
2618 5179 2762 5245 sint,
2798 5181 2892 5250 qui
2938 5179 3211 5235 atlirment
3244 5176 3358 5232 haec
3402 5179 3568 5234 verba
3598 5176 3664 5232 ad

2094 5275 2332 5331 invicem
2408 5271 2661 5336 differre,
2721 5271 2947 5341 prodire
2991 5271 3223 5336 scilicet,
3269 5269 3548 5341 profluere
3610 5277 3666 5324 et

2094 5364 2420 5437 procedere,
2448 5363 2689 5419 collectae
2719 5372 2848 5418 sunt
2889 5363 2956 5417 ad
2990 5361 3430 5435 irrefragabilem
3464 5376 3660 5417 eorum

2092 5459 2494 5526 aquivalentire
2548 5454 3075 5511 demonstrationem
3126 5454 3428 5526 propositae
3483 5453 3661 5509 sancti

2093 5552 2280 5620 Cyrilli
2318 5548 2645 5605 sententiae:
2697 5545 2901 5601 deinde
2941 5536 3177 5600 aliorum
3220 5545 3369 5601 dicta
3412 5548 3662 5611 Patrum,

2095 5642 2191 5713 qui
2224 5641 2290 5696 de
2344 5648 2533 5695 sancta
2576 5632 2849 5691 Trinitate
2885 5643 3234 5702 tractarunt,
3271 5636 3659 5691 aﬂirmantium

2093 5749 2159 5789 ex
2188 5734 2349 5789 Patre
2382 5730 2623 5802 prodire,
2654 5738 2710 5785 et
2733 5727 2933 5797 emitti,
2966 5739 3019 5784 et
3050 5728 3325 5800 proﬂuere
3374 5723 3643 5799 Spiritum
