3966 6218
285 284 393 343 2η]

1238 295 1740 357 BESSARIONIS
1782 299 1841 359 S.
1883 295 1953 359 Β.
1993 299 2056 361 Ε.
2103 299 2566 363 CARDINALIS

3407 307 3514 377 300

285 400 535 490 sanctum
575 395 629 477 in
663 395 772 464 illis
803 399 962 466 locis,
1002 402 1205 470 quibus
1257 403 1458 460 dicturi
1505 415 1682 471 erant,
1720 420 1846 461 cum
1879 410 1923 467 Α
1955 406 2196 475 Spiritus
2224 421 2476 468 naturam
2511 427 2577 468 ex
2611 410 2800 468 divina
2829 412 3174 484 substantia,
3206 427 3514 490 naturaque

285 498 352 536 ex
385 483 546 557 Patre
580 490 904 564 procedere.

745 601 880 668 Pota
889 623 986 660 me:
1005 611 1398 666 contradictio.

359 686 407 745 0
430 687 797 755 detinentium!
831 694 967 760 Quis
995 698 1140 752 enim
1183 710 1294 756 tam
1335 703 1558 772 ignarus
1595 716 1677 760 est
1716 707 1849 775 quin

290 776 426 832 sciat
454 777 558 846 hoc
588 783 814 840 verbum
848 785 1073 853 prodire
1129 788 1197 844 de
1227 790 1368 846 Filio
1393 793 1558 847 etiam
1587 794 1692 859 dici
1712 838 1724 858 ,
1754 797 1848 850 sed

287 870 607 938 procedere,
658 883 752 929 aut
801 877 1077 946 proﬂuere
1127 880 1195 934 de
1246 897 1314 937 eo
1369 883 1489 952 ipso
1529 887 1854 954 nunquam?

291 959 760 1026 Quemadmodum
799 973 855 1020 et
894 968 1171 1034 proﬂuere
1207 973 1429 1050 proprie
1463 973 1531 1028 de
1566 977 1852 1045 temporali

292 1051 553 1108 missione
591 1053 866 1122 Spiritus,
905 1059 1181 1113 interdum
1206 1101 1221 1126 ,
1255 1073 1370 1118 tum
1407 1065 1573 1120 etiam
1615 1067 1683 1122 de
1720 1081 1850 1136 pro-

289 1141 541 1196 ccssione
578 1143 804 1198 dicitur.
844 1146 1054 1202 Veccus
1096 1158 1276 1206 tamen
1319 1152 1459 1227 iste,
1499 1143 1556 1211 et
1593 1158 1684 1226 qui
1725 1174 1851 1214 eum

289 1243 622 1302 sequuntur.
647 1235 765 1292 hate
795 1237 931 1291 nihil
953 1240 1018 1294 ad
1043 1241 1274 1306 invicem
1297 1243 1520 1300 diﬂ‘erre
1555 1231 1848 1316 afﬁrmant,

225 1377 228 1379 Α
287 1322 456 1392 impie
503 1327 710 1394 pariter
768 1337 934 1396 atque
996 1328 1366 1398 impudenter.
1412 1332 1694 1404 Siquidem
1729 1350 1854 1392 san-

285 1424 500 1470 ctorum
537 1417 682 1473 dicta
705 1419 813 1474 hoc
835 1421 886 1473 in
920 1419 1042 1478 loco
1062 1423 1310 1490 collecta,
1345 1426 1449 1481 etsi
1477 1428 1773 1484 ostendunt
1799 1430 1852 1485 in

287 1509 492 1578 quibus
522 1510 801 1568 interdum
833 1514 948 1570 haec
973 1517 1136 1579 verba
1165 1529 1525 1586 concurrunt,
1551 1536 1742 1577 eorum
1771 1532 1852 1579 ta-

288 1611 414 1652 men
443 1597 512 1652 ad
544 1599 782 1656 invisent
812 1603 1180 1669 differentiam
1203 1608 1428 1676 minime
1461 1610 1810 1675 interimunt.

835 1716 886 1771 Ν
887 1719 1038 1772 ἱεωηὶ
1075 1720 1326 1789 defensio.

357 1805 427 1858 At
466 1804 510 1859 si
550 1814 760 1862 attente
799 1809 1023 1863 beatum
1063 1809 1327 1882 Cyrillum
1363 1814 1588 1885 legisses
1612 1860 1626 1883 ,
1660 1817 1729 1874 de
1758 1817 1850 1875 Fi-

288 1895 364 1951 lio
395 1898 564 1954 etiam
603 1899 906 1970 reperisses
938 1914 1062 1955 eum
1105 1918 1261 1958 usum
1300 1905 1404 1961 hac
1442 1887 1691 1965 dictione.
1721 1925 1853 1980 pro-

299 1988 498 2043 cedere
538 1989 593 2044 in
631 1999 866 2044 tractatu
921 2005 1082 2060 quem
1141 1995 1270 2058 fecit
1335 2011 1500 2068 super
1550 1999 1852 2070 Joannem,

291 2079 346 2132 in
400 2095 463 2135 ea
511 2089 667 2151 parte
719 2082 1010 2147 videlicet,
1067 2100 1190 2140 cum
1242 2090 1459 2148 venerit
1512 2090 1848 2150 Paracletus.

291 2168 428 2225 Nam
469 2171 516 2225 si
551 2187 615 2227 ex
649 2170 846 2238 Patre,
880 2173 1091 2243 inquit,
1131 2191 1239 2229 non
1273 2159 1557 2248 procedit,
1591 2182 1644 2235 id
1679 2193 1761 2238 est
1786 2200 1852 2238 ex

285 2259 408 2328 ejus
442 2260 751 2326 substantia
791 2263 960 2320 Filius
999 2266 1302 2320 secundum
1346 2283 1448 2322 nos
1483 2288 1496 2322 :
1535 2271 1580 2326 si
1615 2287 1746 2327 vero
1781 2272 1851 2328 de

284 2351 426 2406 Filio
464 2352 738 2421 proﬂuere
778 2369 886 2409 non
928 2355 1152 2421 dicitur,
1195 2374 1318 2412 cum
1379 2367 1562 2415 tamen
1637 2362 1852 2417 dicatur

285 2441 354 2498 de
395 2441 637 2512 Spiritu,
685 2442 913 2499 minime
953 2445 1267 2501 mirandum
1309 2456 1440 2512 est;
1482 2465 1606 2505 cum
1664 2450 1850 2522 ﬁgura:

286 2536 527 2592 nominis
575 2536 814 2606 Spiritus
866 2535 984 2591 hac
1019 2537 1193 2593 dictio
1228 2542 1701 2611 accommodatur,
1740 2562 1846 2600 nou

283 2636 466 2682 autem
509 2629 671 2693 Filii;
709 2629 1175 2699 quemadmodum
1229 2635 1395 2687 etiam
1451 2634 1622 2690 dictio
1680 2652 1844 2707 gene-

283 2719 429 2774 ratio
487 2718 609 2774 Filii
663 2720 888 2801 quidem
942 2723 1150 2777 nomini
1208 2719 1700 2792 accommodatur,
1736 2743 1845 2783 non

292 2820 474 2866 autem
516 2810 756 2889 Spiritus
790 2814 998 2869 nomini
1036 2817 1336 2884 convenit;
1375 2832 1484 2873 non
1547 2827 1726 2874 tamen
1763 2821 1848 2876 id—

283 2900 435 2957 circo
484 2903 635 2981 iuste
689 2904 901 2960 diceret
946 2905 1275 2975 quisquam,
1323 2909 1467 2977 quod
1505 2923 1632 2964 cum
1668 2911 1844 2980 ipsum

283 2994 538 3067 generari
577 3010 642 3050 ex
672 3011 837 3051 causa
878 3012 998 3052 esse
1034 2997 1327 3067 signiﬁcet,
1390 3000 1627 3069 Spiritus
1664 3011 1844 3078 autem

1956 501 2078 556 Filii
2111 505 2244 559 oriri
2291 515 2456 576 atque
2509 521 2766 563 emanare
2793 505 3002 562 insulse
3029 509 3383 564 concedunt:
3413 511 3514 567 sed

1953 595 2237 665 spirituale
2276 597 2552 667 quoddam
2592 612 2795 651 munus
2830 597 2976 663 illis,
3009 599 3103 668 qui
3145 598 3297 669 digni
3346 609 3476 655 sunt
3500 643 3514 666 ,

1954 688 2352 757 superveniens
2376 729 2391 755 ,
2425 689 2498 743 ob
2536 689 2702 759 idque
2748 690 2837 744 illa
2860 729 2874 751 ,
2910 704 3031 759 qua:
3063 689 3118 744 in
3149 692 3232 746 eis
3262 691 3321 746 iit
3354 693 3518 752 inha-
3580 750 3585 755 ,

1953 779 2146 833 bitatio
2175 779 2378 848 ubique
2410 782 2699 848 praesentis
2728 779 3030 836 divinitatis
3063 782 3236 837 sancti
3273 781 3516 852 Spiritus

1953 870 2403 928 habitudinalitcr
2435 873 2528 926 ﬂat
2561 889 2574 926 :
2613 873 2686 927 ita
2739 872 3010 942 ejusmodi
3060 890 3264 930 munus
3312 875 3522 930 intelli-

1961 971 2152 1032 gentes
2183 977 2246 1015 ac
2300 961 2342 1029 si
2407 964 2714 1034 seiunctum
2785 975 3213 1035 separatumque
3258 981 3285 1019 a
3333 967 3518 1020 divina

1960 1054 2198 1130 Spiritus
2244 1053 2554 1111 substantia
2606 1055 3032 1122 intelligeretur.
3081 1057 3341 1113 Coll-ecta:
3385 1067 3521 1113 sunt

1957 1158 2011 1202 et
2042 1162 2120 1202 ea:
2153 1152 2544 1210 auctoritates,
2581 1160 2648 1201 ex
2679 1134 2882 1217 quibus
2928 1148 2982 1206 id
3035 1148 3268 1220 intelligi
3317 1158 3517 1219 potest.

1956 1238 2114 1302 Quod
2163 1239 2336 1293 sancti
2381 1237 2624 1311 Spiritus
2669 1238 3034 1302 inhabitatio,
3107 1228 3524 1309 quas'tidelibus

1956 1327 2243 1400 dignisque
2298 1328 2397 1392 lit,
2457 1343 2770 1400 quanquam
2817 1328 3222 1401 habitudinalis
3274 1330 3522 1394 ineﬂabi-

1955 1415 2103 1483 liter,
2155 1427 2211 1472 et
2255 1431 2426 1486 super
2477 1420 2691 1474 ratione
2729 1428 2845 1474 est:
2895 1429 3077 1476 tamen
3121 1421 3251 1492 quia
3301 1437 3368 1476 eo
3407 1421 3522 1476 haec

1954 1508 2098 1566 dona
2131 1509 2376 1578 Spiritus
2407 1508 2722 1578 proﬂuunt,
2775 1510 2872 1565 ubi
2933 1511 3119 1566 divina
3151 1512 3272 1583 ejus
3311 1523 3508 1580 natura

1966 1597 2418 1652 babitudinalitcr
2453 1599 2785 1655 inhabitabit
2818 1600 2934 1670 ipse
2980 1601 3218 1671 Spiritus
3252 1611 3478 1658 sanctus
3504 1641 3518 1665 ,

1886 1737 1929 1796 Β
1958 1689 2052 1758 qui
2091 1688 2148 1742 in
2181 1688 2452 1742 Triuitate
2483 1699 2540 1743 et
2569 1701 2678 1761 una
2711 1704 2944 1760 persona
2967 1731 2982 1756 ,
3011 1701 3068 1746 et
3107 1693 3228 1764 ejus
3273 1694 3518 1764 comple-

1961 1778 2136 1854 tivus,
2183 1779 2390 1848 quique
2434 1777 2620 1833 divina
2675 1788 2876 1854 natura
2931 1781 3318 1854 perfectusque
3374 1785 3521 1861 Deus

1954 1875 2039 1922 est
2090 1877 2256 1939 prout
2305 1867 2486 1948 Pater,
2543 1879 2600 1948 et
2647 1860 2820 1924 Filius
2871 1862 3326 1941 demonstratur;
3392 1860 3519 1944 cum

1954 1957 2152 2028 aliquis
2211 1946 2477 2028 Spiritum
2523 1946 2772 2016 sanctum
2821 1977 3118 2029 emanare,
3175 1964 3402 2034 prodire
3464 1973 3522 2034 et

1954 2061 2078 2127 esse
2113 2062 2178 2103 ex
2218 2048 2357 2103 Filio
2391 2049 2558 2119 dicat.
3187 2045 3191 2050 ’

2413 2164 2655 2220 Palama:
2688 2168 3058 2224 contradictio.
3088 2151 3095 2159 ’

2025 2256 2214 2328 Neque
2243 2257 2374 2328 quid
2407 2257 2558 2316 dicat
2590 2260 2836 2329 proiecto
2867 2263 3042 2328 novit,
3075 2279 3252 2336 neque
3284 2265 3418 2336 quid
3443 2265 3522 2321 af-

1955 2349 2175 2405 firmare
2227 2349 2390 2414 velit,
2445 2353 2540 2420 qui
2601 2351 2746 2406 hanc
2801 2354 3132 2424 scripturam
3183 2357 3520 2426 composuit.

1953 2440 2122 2497 Nemo
2164 2457 2403 2513 namque
2431 2443 2526 2513 qui
2565 2443 2654 2512 pie
2685 2443 2956 2515 intelliget
2985 2462 3108 2516 quas
3152 2446 3301 2502 dicta
3349 2457 3520 2514 sunt,

1951 2542 2219 2590 semotam
2278 2549 2402 2591 esse
2442 2552 2472 2590 a
2539 2535 2724 2590 divina
2770 2546 2964 2591 natura
3006 2537 3244 2593 divinam
3290 2539 3521 2608 gratiam

1951 2635 2006 2678 et
2047 2627 2423 2696 operationem
2468 2634 2722 2697 putaret.
2769 2628 2880 2684 Nec
2920 2643 2983 2683 ea
3027 2629 3095 2684 de
3139 2644 3338 2698 causa,
3387 2631 3519 2701 quia

1952 2715 2336 2787 inseparabilis
2366 2727 2450 2773 est
2491 2735 2520 2772 a
2551 2719 2736 2774 divina
2769 2731 2964 2776 natura
2996 2720 3184 2776 divina
3233 2725 3518 2792 Operatio,

1952 2819 2242 2882 propterea
2273 2819 2328 2864 et
2357 2819 2557 2867 natura
2592 2792 2677 2865 est
2708 2811 2960 2880 operatio
2992 2811 3130 2866 nihil
3165 2813 3232 2866 ab
3263 2827 3326 2868 ea
3356 2811 3520 2869 diffe-

1952 2917 2098 2980 rens.
2144 2901 2424 2972 Siquidem
2472 2903 2658 2957 divina
2711 2903 2961 2970 operatio
2991 2919 3060 2958 ex
3092 2915 3288 2959 natura
3316 2918 3433 2971 est,
3464 2914 3521 2962 et

1950 2996 2002 3050 ei
2055 2994 2235 3049 inesse
2283 3005 2343 3049 ut
2395 2995 2636 3064 theologi
2690 2993 2997 3061 aﬂirmant,
3041 2996 3134 3050 sed
3196 3012 3293 3066 per
3323 3013 3381 3052 se
3410 3013 3519 3076 non;

284 3099 396 3140 non
423 3093 718 3164 generatur
746 3101 810 3140 ex
840 3085 1002 3140 Patre
1027 3126 1042 3152 ,
1074 3087 1170 3142 sed
1201 3089 1446 3159 procedit
1467 3130 1481 3155 ,
1514 3090 1691 3159 ipsum
1725 3077 1848 3160 pro.
1876 3080 1916 3138 C
1949 3096 2053 3142 est.
2101 3087 2294 3142 Divina
2337 3101 2467 3141 vero
2496 3095 2687 3141 natura
2723 3101 2823 3140 nec
2854 3101 2920 3140 ex
2953 3087 3274 3156 operatione
3305 3099 3426 3149 est.
3459 3077 3517 3142 et

286 3177 484 3234 cedere
519 3192 629 3246 non
667 3177 940 3248 signiticet
979 3187 1239 3248 tanquam
1281 3195 1347 3234 ex
1387 3195 1551 3236 causa
1607 3197 1731 3238 esse
1779 3199 1847 3238 ex

282 3285 388 3335 eo,
441 3285 474 3326 a
521 3285 632 3344 quo
689 3270 959 3342 procedit.
1011 3271 1126 3326 Hoc
1172 3273 1319 3326 enim
1364 3271 1547 3327 dicere
1588 3273 1844 3328 stolidum

281 3369 389 3417 est.
442 3359 626 3428 Quare
681 3359 1048 3416 differentiam
1105 3361 1298 3415 harum
1356 3361 1662 3430 dictionum
1720 3365 1848 3421 hinc

285 3451 524 3521 probare
567 3451 796 3506 minime
849 3461 1027 3522 potes.
1087 3451 1224 3508 Cum
1288 3462 1474 3510 autem
1507 3463 1563 3509 et
1600 3455 1667 3510 de
1711 3455 1848 3512 Filio

282 3551 336 3599 et
378 3543 446 3598 de
481 3543 691 3614 Spiritu
731 3553 922 3598 sancto
953 3542 1161 3613 pariter
1194 3543 1309 3599 hate
1359 3544 1656 3605 dicantur:
1716 3546 1845 3613 item

289 3649 414 3689 cum
453 3635 732 3702 etnanatio
792 3633 1030 3704 Spiritus
1075 3643 1131 3688 et
1175 3637 1451 3705 processio
1495 3645 1742 3701 vocetur,
1792 3647 1847 3692 et

283 3725 614 3795 proﬂuentia
635 3766 650 3792 ,
677 3732 733 3792 et
763 3739 1089 3802 progressus
1115 3735 1379 3796 tanquam
1415 3727 1561 3782 idem
1589 3729 1704 3784 bzcc
1731 3745 1846 3799 om-

284 3817 377 3872 nia
407 3815 722 3887 signiiicent
744 3858 762 3883 ,
799 3811 938 3895 nihil
969 3818 1194 3872 omnino
1225 3817 1447 3873 diﬂ‘erre
1479 3819 1594 3874 haec
1625 3823 1846 3876 nomina

281 3909 351 3964 ab
384 3909 624 3966 invicem
655 3889 940 3984 videntur.
977 3911 1135 3976 Quod
1171 3911 1215 3964 si
1263 3928 1373 3965 non
1415 3911 1679 3967 diii‘erunt
1708 3951 1718 3973 .
1749 3905 1850 3968 eo-

283 4001 410 4056 dem
445 4000 614 4071 igitur
642 4000 808 4057 modo
841 3987 1120 4058 audienda
1167 4014 1333 4068 sunt,
1381 4019 1507 4059 cum
1556 4004 1726 4071 Filio,
1762 3989 1847 4060 vel

282 4109 384 4163 per
435 4091 638 4147 Filium
691 4091 995 4163 procedere
1046 4092 1290 4160 Spiritus
1344 4102 1569 4149 sanctus
1616 4085 1844 4162 dicitur,

281 4183 745 4255 quemadmodum
779 4201 906 4242 cum
943 4185 1010 4239 de
1041 4185 1202 4240 Patre
1233 4203 1244 4238 :
1283 4184 1378 4238 sed
1427 4199 1551 4239 cum
1585 4185 1651 4240 de
1685 4185 1847 4252 Patre

282 4277 571 4341 dicuntur,
605 4291 705 4348 per
736 4291 804 4332 ea
837 4274 1198 4344 intelligimus
1232 4275 1406 4329 sancti
1447 4275 1685 4343 Spiritus
1721 4291 1848 4346 pro-

285 4371 593 4427 cessionem
643 4383 708 4423 ex
760 4381 867 4433 eo;
920 4368 1111 4422 eadem
1164 4365 1330 4435 igitur
1375 4375 1431 4421 et
1477 4382 1542 4420 ex
1575 4367 1756 4431 Filio,
1792 4368 1843 4421 id

277 4473 396 4527 est.
450 4448 550 4536 per
595 4461 796 4542 Filium
855 4459 1207 4542 intelligenda
1257 4469 1361 4514 est.
1419 4459 1649 4516 Proﬂuit
1695 4461 1842 4515 enim

281 4553 524 4624 Spiritus
575 4537 842 4639 sanctus,
895 4537 956 4628 ut
1002 4550 1242 4623 Cyrillus
1297 4550 1519 4634 fatetur,
1576 4567 1605 4604 a
1662 4551 1841 4613 Filio;

281 4630 956 4719 quemadmodu'm‘etiam
1005 4637 1070 4697 ex
1123 4641 1234 4713 Deo
1301 4630 1370 4696 et
1403 4640 1563 4719 Patre
1631 4643 1842 4696 nullum

279 4713 974 4812 dubitaitioniszvestigium
1010 4720 1354 4812 relinquens.
1384 4713 1543 4808 Quod
1587 4735 1630 4788 si
1665 4743 1719 4794 tu
1752 4736 1847 4788 de-

280 4810 730 4892 monstraveris,
757 4825 873 4902 haec
907 4810 1131 4880 nomina
1168 4811 1252 4881 vel
1298 4815 1408 4881 non
1456 4826 1597 4878 idem
1636 4825 1845 4898 signiﬁ-

279 4902 442 4989 care;
484 4905 570 4977 vel
615 4921 662 4977 si
703 4918 849 4975 idem
895 4919 1055 4973 aliter
1096 4928 1277 4972 tamen
1314 4917 1380 4972 de
1413 4917 1552 4990 Filio
1581 4918 1740 4991 aliter
1777 4917 1844 4971 de

279 4991 446 5080 ratre
495 5001 728 5082 intelligi
762 5011 1001 5074 debere,
1058 5024 1373 5079 quanquam
1427 4999 1617 5088 noster
1655 5008 1847 5082 doctor

281 5089 564 5170 clamitet,
617 5089 693 5159 ita
747 5117 777 5160 a
831 5101 969 5158 Filio
1020 5101 1327 5176 proﬂuere,
1381 5101 1842 5175 quemadmodum

274 5180 601 5267 intelligitur
635 5183 702 5250 ei
745 5181 863 5266 ipso
892 5191 1004 5247 Deo
1025 5231 1039 5256 ,
1071 5201 1125 5247 et
1158 5189 1318 5245 Patre
1348 5209 1362 5244 :
1396 5190 1745 5244 absolvemus
1793 5197 1845 5243 te

279 5265 705 5359 bujus'injusta:
751 5265 1104 5359 blasphemia:
1134 5284 1189 5337 in
1237 5280 1475 5338 Veccum
1507 5321 1520 5346 ,
1558 5289 1612 5335 et
1652 5295 1845 5334 amen-

277 5357 404 5480 tiae,
433 5357 590 5453 cujus
627 5393 754 5434 eum
775 5417 792 5443 ,
844 5357 953 5455 non
985 5359 1133 5455 recte
1164 5377 1522 5450 considerans
1544 5417 1559 5439 ,
1593 5387 1842 5428 accusas.

598 5489 896 5566 Septimum
936 5495 1309 5565 argumentum
1352 5483 1522 5539 Vccci.

345 5603 481 5674 Cum
533 5596 784 5676 quidam,
814 5601 1102 5676 audientes
1155 5599 1423 5671 Spiritum
1480 5605 1726 5663 sanctum
1778 5609 1844 5650 ex

281 5693 423 5786 filio
451 5697 616 5751 ctiam
646 5710 906 5750 emanare
947 5702 1109 5764 atque
1164 5690 1388 5762 prodire
1413 5731 1427 5758 ,
1459 5706 1567 5745 non
1599 5689 1840 5746 divinam

1949 3187 2035 3236 est
2077 3193 2174 3248 per
2220 3194 2314 3244 se,
2348 3189 2403 3234 et
2433 3179 2588 3233 locus
2641 3185 2724 3232 cst
2756 3177 3064 3231 divinarum
3110 3179 3518 3247 operationum,

1951 3271 2044 3327 sed
2085 3279 2139 3324 et
2169 3270 2433 3338 Spiritum
2470 3281 2721 3325 sanctum
2767 3284 3114 3338 nequaquam
3164 3281 3233 3323 ex
3281 3284 3520 3340 persona

1950 3377 2070 3417 esse
2104 3362 2227 3417 Filii
2259 3361 2614 3417 aﬂirmamus.
2648 3362 2753 3416 Iste
2796 3369 2982 3415 autem
3028 3376 3153 3416 cum
3200 3377 3326 3416 cum
3374 3361 3522 3416 dicat

1951 3469 2017 3508 es
2071 3464 2266 3507 natura
2317 3467 2440 3508 esse
2486 3452 2647 3517 Filii,
2704 3451 2866 3506 nobis
2911 3451 3294 3507 contradicere
3348 3461 3520 3521 atque

1948 3544 2230 3600 adversari
2284 3544 2629 3599 arbitratur:
2679 3542 2816 3597 nihil
2861 3541 3125 3607 diﬂ'erre,
3194 3553 3254 3597 ut
3300 3542 3518 3598 videtur

1949 3619 2148 3705 putans
2179 3642 2429 3688 naturam
2460 3648 2489 3686 a
2523 3631 2881 3702 subsistentia
2901 3670 2916 3695 ,
2949 3633 3033 3686 vel
3064 3640 3119 3687 et
3145 3631 3517 3688 differentiam

1952 3727 2280 3797 insipienter
2318 3735 2530 3779 naturas
2572 3724 2809 3780 aﬂ'erens
2851 3725 2905 3779 in
2959 3735 3150 3796 sancta
3200 3725 3474 3782 Trinitale
3500 3767 3517 3793 ,

1951 3805 2078 3889 quia
2112 3815 2420 3901 diﬂ‘erentia
2453 3831 2814 3886 personarum
2846 3824 2953 3871 est.

2487 3930 2692 4006 Nicteni
2731 3930 2986 4000 defensio.

2021 4046 2077 4111 Si
2117 4061 2248 4115 ergo
2295 4054 2560 4110 semotam
2606 4041 2849 4110 divinam
2899 4041 3137 4112 Spiritus
3179 4043 3406 4111 gratiam
3447 4056 3519 4102 an

1950 4140 2068 4210 ejus
2121 4146 2318 4191 natura
2361 4129 2739 4206 ’personaque
2791 4148 2900 4188 non
2960 4133 3256 4188 arbitraris
3311 4150 3328 4188 :
3381 4133 3516 4202 quid

1951 4229 2210 4300 intelligis
2279 4227 2510 4282 audiens
2581 4241 2648 4279 ex
2709 4224 2848 4280 Filio
2930 4225 3198 4295 Spiritum
3261 4233 3517 4302 sanctum

1949 4313 2133 4379 mitti:
2165 4326 2316 4389 patet
2345 4315 2491 4388 quod
2536 4315 2704 4370 etiam
2750 4314 2937 4368 volens
2979 4315 3176 4369 nolens
3209 4313 3356 4367 illius
3391 4327 3521 4390 per-

1879 4429 1922 4484 υ
1952 4426 2182 4472 sonam.
2227 4409 2501 4478 siquidem
2549 4407 2722 4478 gratia
2775 4405 2894 4460 sine
2942 4419 3175 4474 persona
3219 4419 3329 4457 non
3387 4403 3516 4456 mit-

1955 4505 2088 4557 titur
2115 4517 2129 4556 :
2158 4501 2310 4571 quia,
2341 4511 2398 4554 ut
2422 4499 2625 4571 Cyrilio
2656 4499 2854 4567 placet,
2889 4511 2998 4550 non
3035 4496 3366 4566 subsistente
3396 4510 3520 4565 gra-

1953 4593 2024 4645 tia
2049 4591 2276 4644 minime
2308 4590 2705 4659 participamus
2735 4605 2748 4640 :
2779 4586 2876 4641 sed
2909 4586 2959 4639 id
2993 4595 3079 4641 est
3101 4624 3117 4648 ,
3147 4585 3293 4654 quod
3341 4585 3518 4638 mitti-

1955 4695 2042 4736 tur
2073 4673 2258 4736 divina
2291 4691 2486 4734 natura
2509 4721 2522 4745 ,
2556 4689 2610 4735 et
2656 4679 2994 4740 subsistens,
3039 4677 3186 4746 quod
3229 4676 3519 4746 completi-

1951 4789 2079 4826 vum
2135 4782 2220 4827 est
2277 4771 2610 4834 Trinitatis,
2673 4784 2906 4839 persona
2960 4767 3215 4822 videlicet
3271 4767 3513 4836 Spiritus

1952 4867 2149 4920 sancti.
2177 4864 2304 4932 Quo
2332 4864 2502 4931 igitur
2545 4873 2704 4932 pacto
2746 4871 2804 4915 et
2851 4861 3048 4915 Filium
3105 4860 3251 4913 hunc
3295 4861 3518 4912 mittere

1955 4955 2274 5026 intelliges?
2306 4954 2459 5008 iiaud
2506 4953 2651 5008 enim
2688 4952 2851 5006 aliter
2890 4967 3052 5020 quam
3085 4951 3341 5005 Patrem:
3377 4949 3518 5004 alte-

1953 5025 2070 5117 rius
2100 5025 2247 5113 enim
2277 5045 2441 5098 etiam
2469 5045 2737 5115 potentia:
2782 5043 2973 5115 foret;
3019 5041 3380 5096 "manifestum
3435 5049 3520 5095 est

1951 5119 2122 5208 igitur
2151 5137 2293 5209 quod
2325 5137 2472 5191 sicut
2501 5145 2558 5192 et
2583 5134 2769 5190 Pater.
2805 5133 2912 5188 Sed
2961 5134 3125 5189 Pater
3175 5133 3344 5185 mittit
3393 5147 3521 5201 pro-

1949 5219 2159 5286 duceus
2211 5237 2266 5284 et
2311 5228 2489 5298 ipsam
2526 5242 2859 5297 personam;
2895 5225 3063 5294 igitur
3091 5232 3147 5278 et
3189 5223 3362 5278 Filius
3389 5238 3517 5278 eum

1953 5322 2134 5392 ipsum
2169 5319 2336 5375 mittit
2369 5318 2684 5390 producens
2711 5328 2768 5373 et
2803 5320 2975 5387 ipsam
3019 5330 3313 5386 personam
3336 5355 3356 5381 ,
3408 5315 3518 5368 nisi

1951 5422 2210 5482 tanquam
2246 5411 2567 5467 ministrum
2607 5427 2732 5466 eum
2771 5409 2924 5464 dicas
2962 5409 3267 5477 Spiritum,
3319 5407 3414 5476 qui
3451 5422 3520 5461 ex

1948 5506 2108 5563 Patre
2150 5503 2393 5576 procedit
2421 5513 2608 5574 postea
2639 5502 2878 5557 mittere.
2906 5500 3062 5568 Quod
3094 5509 3154 5554 ut
3178 5499 3513 5561 absurdum.

1949 5599 2020 5653 ita
2064 5608 2119 5652 et
2162 5597 2389 5667 impium
2434 5604 2540 5650 est.
2590 5593 2937 5652 Concedatur
3011 5594 3158 5648 enim
3209 5607 3322 5649 non
3369 5590 3512 5647 idem

1946 5706 2065 5747 esse
2121 5689 2318 5744 divina:
2389 5687 2707 5745 substantia:
2777 5685 3018 5741 divinant
3086 5684 3508 5756 Operationem:
