3966 6218
360 292 464 360 301

1346 290 1725 355 APOLOGIA
1765 276 2380 354 lNSCRlPTlONUM
2418 288 2655 354 VECCI.

3497 283 3631 353 30%,

361 404 628 478 quidnam
657 402 991 461 concludere
1021 410 1135 457 tum
1180 417 1245 461 ex
1288 402 1394 461 hoc
1440 405 1696 468 conaris,
1728 403 1774 457 si
1809 417 1933 457 cum
1967 399 2011 455 Δ
2040 419 2163 459 cum
2218 403 2334 458 haic
2391 401 2611 458 nomina
2673 412 2780 453 non
2843 400 3255 453 convertantur.
3317 392 3602 465 Siquidem

363 500 612 571 Spiritus
670 507 900 555 sanctus
957 498 1234 571 mittatur,
1295 512 1408 552 non
1476 496 1933 551 insulisistentem

364 592 630 665 gratiam,
675 604 866 645 verum
917 589 1092 658 ipsam
1138 570 1381 642 divinam
1416 587 1809 643 subsistentem
1842 602 1936 640 na-

366 696 548 739 turam
580 680 721 735 mitti
765 690 821 736 et
862 681 979 750 ipse
1014 679 1298 746 concedis,
1349 678 1701 735 manifestum
1737 689 1819 734 cst
1843 719 1857 742 ,
1892 678 1939 732 si

365 774 534 829 etiam
583 770 837 842 ignorare
886 769 1005 839 ipse
1065 766 1421 833 dissimulas,
1480 766 1654 821 sancti
1703 764 1941 835 Spiritus

367 863 612 918 divinam
644 858 977 929 hypostasim
1005 873 1070 912 ex
1098 854 1238 911 Filio
1299 872 1452 923 esse,
1480 870 1737 909 emanare
1778 863 1941 922 atque

370 955 550 1018 mitti,
584 950 1051 1023 quemadmodum
1083 951 1248 1006 etiam
1290 964 1358 1004 ex
1409 948 1571 1003 Patre
1593 988 1607 1011 ,
1657 945 1804 1015 quod
1836 943 1941 999 sibi

370 1042 776 1102 ostendendum
837 1038 1163 1112 proposuit,
1223 1038 1318 1109 qui
1377 1039 1666 1094 doctorum
1722 1033 1944 1104 collegit

372 1135 697 1192 sententias.
742 1132 901 1200 Quod
925 1133 972 1188 si
998 1130 1237 1199 miraris,
1284 1146 1396 1201 quo
1439 1136 1598 1201 pacto
1626 1142 1726 1183 nos
1751 1143 1817 1181 ex
1850 1141 1944 1180 na-

375 1237 501 1283 tura
548 1226 670 1285 Filii
699 1224 967 1297 Spiritum
998 1232 1245 1279 sanctum
1295 1229 1607 1277 asserentes
1648 1218 1823 1283 oriri,
1867 1227 1947 1273 at-

375 1335 487 1391 que
519 1335 781 1375 emanare
803 1360 819 1384 ,
846 1328 902 1374 et
931 1334 997 1374 ex
1040 1318 1161 1389 ejus
1191 1329 1428 1386 persona
1480 1326 1602 1368 esse
1650 1323 1943 1382 putamus.

286 1414 295 1421 ’
375 1428 445 1468 ac
475 1413 523 1468 si
555 1422 775 1483 propter
806 1410 1148 1467 identitatem
1181 1417 1430 1474 naturae,
1473 1414 1530 1461 et
1584 1417 1945 1475 personarum

378 1506 723 1565 identitatem
754 1518 1107 1574 poneremus,
1132 1500 1217 1555 vel
1238 1507 1459 1572 propter
1480 1511 1670 1553 eorum
1691 1495 1950 1550 ditl‘eren-

381 1599 522 1653 tiam
547 1636 563 1661 ,
596 1596 924 1651 alteritatem
969 1594 1134 1650 etiam
1177 1600 1387 1647 natura
1443 1588 1945 1645 introduceremus.

376 1688 552 1747 Multo
580 1687 824 1758 proiecto
841 1685 1013 1756 magis
1052 1698 1152 1739 nos
1177 1691 1325 1739 tuam
1346 1680 1630 1752 perﬁdiam
1659 1678 1944 1734 miramur.

379 1779 440 1834 Si
470 1794 598 1834 cum
637 1778 759 1833 Filii
807 1786 1058 1833 naturam
1102 1775 1298 1835 audias
1339 1788 1465 1829 cum
1508 1773 1611 1827 hac
1659 1768 1946 1825 additione

391 1870 554 1935 Filii,
585 1883 705 1924 eam
758 1878 1015 1939 tauquam
1073 1866 1225 1938 quid.
1255 1863 1603 1936 simpliciter,
1629 1860 1948 1918 absolutum

382 1962 701 2032 intelligas,
732 1972 790 2016 et
820 1975 927 2015 non
984 1973 1110 2013 eum
1162 1957 1503 2028 proprietate
1540 1953 1703 2020 Filii,
1745 1966 1852 2008 nec
1898 1948 1954 2006 id

385 2054 612 2126 quidem
677 2049 1156 2122 comprehendere
1214 2048 1486 2119 potuisti,
1550 2045 1694 2117 quod
1750 2059 1848 2116 per
1900 2056 1960 2098 se

391 2154 587 2199 natura
663 2142 914 2198 absolute
977 2140 1457 2209 communiterque
1508 2144 1725 2205 sumpta
1783 2147 1959 2200 neque

389 2237 614 2300 mittere
670 2249 851 2306 neque
899 2233 1207 2304 producere
1256 2230 1554 2300 quidquam
1616 2234 1829 2297 potest,
1860 2238 1961 2278 nee

394 2343 504 2398 que
565 2326 797 2382 omnino
845 2339 966 2381 esse
1011 2338 1177 2380 causa
1228 2319 1486 2386 essendi,
1536 2333 1659 2390 qua:
1713 2332 1828 2373 non
1887 2315 1961 2371 sit

308 2432 311 2435 '
398 2434 525 2481 cum
579 2416 762 2488 aliqua
814 2415 1154 2486 proprietate
1196 2420 1455 2482 sumpta,
1503 2423 1624 2480 qum
1671 2420 1962 2478 personam

395 2510 717 2577 constituat.
768 2508 902 2563 Nam
955 2506 1103 2577 quod
1152 2502 1566 2559 individuorum
1616 2499 1728 2554 sint
1774 2510 1967 2567 opera-

399 2605 601 2674 tiones,
630 2609 743 2656 tota
773 2598 1120 2671 plulosOphia
1148 2596 1365 2655 clamat.

751 2713 1004 2770 Octavum
1036 2719 1408 2782 argumentum
1444 2707 1612 2763 Vacci.

474 2829 556 2885 Ad
581 2823 1072 2884 demonstrandum
1102 2821 1367 2891 Spiritum
1425 2827 1676 2874 sanctum
1712 2829 1779 2870 ex
1807 2815 1969 2871 Patre

403 2921 656 2991 Filioque
695 2933 838 2982 esse,
912 2915 1153 2970 collecta:
1202 2919 1332 2966 sunt
1376 2918 1429 2965 et
1488 2924 1569 2964 eae
1615 2905 1971 2963 auctoritates

406 3013 844 3084 Scripturarum,
869 3021 990 3077 qua:
1016 3003 1314 3060 ostendunt
1339 3015 1467 3058 eum
1498 3015 1620 3057 esse
1654 2997 1969 3070 qualitatem

403 3102 732 3160 substantiae
770 3099 953 3157 Patris
993 3108 1052 3153 et
1097 3096 1246 3152 Filii.
1289 3095 1537 3163 Itemque
1579 3090 1969 3163 ﬂagrantiam,

406 3195 767 3267 spirationem
826 3199 883 3245 et
953 3190 1225 3252 odorem;
1274 3187 1428 3257 juxta
1474 3190 1659 3238 autem
1704 3177 1974 3251 ejusmodi

409 3283 755 3348 sententias,
799 3289 857 3337 et
899 3280 1006 3335 alia
1059 3278 1202 3335 dicta
1255 3280 1515 3346 excerpta
1557 3280 1727 3329 sunt:
1760 3285 1883 3341 quas
1919 3270 1978 3324 in

408 3374 662 3432 eumdem
694 3384 921 3439 sensum
952 3370 1194 3434 ducunt,
1224 3382 1348 3437 quae
1382 3375 1439 3420 et
1485 3365 1701 3419 Patrem
1739 3360 1983 3430 Spiritus

411 3468 589 3527 sancti
631 3467 879 3531 fontem,
909 3475 965 3525 et
1006 3463 1207 3526 Filium
1258 3459 1500 3531 Spiritus
1548 3457 1726 3513 sancti
1774 3454 1980 3513 fontem

413 3563 658 3635 piissime
685 3568 1017 3618 asseverant.

873 3671 1112 3727 Palamce
1152 3670 1519 3726 contradictio.

492 3774 788 3832 Sententia
828 3772 920 3828 hic
962 3773 1292 3841 scriptorum
1340 3770 1584 3827 collecta:
1613 3784 1711 3840 per
1738 3764 1985 3835 exempla

422 3870 699 3942 quaedam,
732 3866 913 3939 quoad
947 3864 1066 3921 ﬁeri
1096 3874 1297 3934 potest,
1320 3862 1581 3933 Spiritum
1610 3867 1861 3914 sanctum
1887 3854 1989 3910 Pa-

423 3963 495 4017 tri
532 3961 782 4030 Filioque
831 3954 1356 4013 consubstantialem
1382 3968 1503 4007 esse
1534 3948 1852 4006 ostendunt.
1880 3943 1991 3999 Nec

427 4053 577 4108 enim
606 4050 920 4120 exemplum
961 4047 1209 4118 reperire
1258 4044 1551 4114 quisquam
1600 4048 1810 4112 potest,
1843 4034 1988 4107 quod

425 4143 802 4198 omnimodam
835 4141 1038 4202 habeat
1078 4138 1518 4193 similitudinem.
1555 4134 1774 4188 Etcum
1821 4130 1992 4184 inter-

428 4237 559 4291 dum
591 4233 836 4305 Spiritus
861 4242 1086 4287 sanctus
1107 4244 1248 4298 aqua
1276 4226 1397 4280 viva
1426 4232 1657 4281 vocetur
1682 4219 1990 4278 secundum

427 4328 661 4399 gratiam
702 4334 760 4380 et
787 4323 1163 4396 operationem
1187 4360 1202 4384 ,
1238 4319 1401 4388 hujus
1432 4330 1587 4383 aquae
1644 4324 1703 4368 et
1753 4313 1911 4368 Pater
1939 4319 1993 4366 et

430 4397 602 4473 Filius
632 4415 756 4469 fons
789 4418 1158 4480 nuncupatur.
1184 4406 1465 4462 Interdum
1496 4413 1553 4459 et
1582 4402 1725 4457 idem
1753 4400 1997 4469 Spiritus
2029 4397 2071 4449 D

430 4512 677 4560 sanctus.
738 4502 842 4568 Qui
874 4516 1008 4556 vero
1037 4495 1309 4570 ejusmodi
1343 4494 1488 4549 dicta
1521 4491 1613 4545 hic
1642 4489 1825 4543 attulit
1852 4528 1868 4557 ,
1899 4487 2000 4543 ho-

435 4611 560 4649 rum
608 4591 857 4664 quaedam
906 4588 1209 4658 prteteriit,
1262 4583 1592 4655 quibusdam
1639 4580 1843 4635 abusus
1887 4587 1994 4634 est.

433 4686 496 4741 Et
524 4686 629 4740 hoc
675 4683 839 4739 modo
884 4681 1106 4736 allicere
1165 4687 1223 4732 et
1297 4675 1512 4730 trahere
1554 4678 1710 4743 putat
1740 4670 1807 4724 ad
1838 4684 1997 4725 suum

440 4789 767 4847 perversum
794 4787 1017 4829 sensum
1051 4768 1358 4833 audientes.

963 4883 1175 4939 Nicani
1209 4881 1467 4950 defensio.

502 4998 899 5053 Demonstrant
939 4989 1165 5061 quidem
1197 4985 1490 5043 sententia:
1520 4983 1795 5056 pradicte
1825 4982 2006 5051 Spiri«

440 5098 527 5143 tus
563 5085 740 5142 sancti
786 5097 914 5139 cum
961 5080 1120 5142 Patre
1162 5078 1414 5146 Filioque
1460 5073 2006 5131 consubstantialita-

442 5189 573 5245 tam,
611 5191 714 5231 nec
750 5174 802 5229 id
837 5184 1021 5229 tamen
1072 5169 1273 5234 solum,
1311 5169 1408 5224 sed
1448 5170 1597 5237 quod
1629 5169 1794 5221 etiam
1827 5179 1897 5219 ex
1930 5164 2012 5218 eis

443 5271 516 5326 sit
569 5279 736 5339 atque
761 5264 1050 5337 procedat.
1084 5263 1221 5319 Nam
1255 5277 1319 5317 ex
1362 5263 1530 5317 Patre
1558 5261 1746 5329 utique
1773 5273 1917 5321 esse,
1956 5265 2013 5312 et

444 5362 677 5433 ipsemet
714 5371 768 5415 tu
823 5357 1135 5430 signiﬁcare
1180 5355 1465 5410 concedis.
1500 5354 1617 5410 Hoc
1664 5364 1849 5409 autem
1884 5364 2013 5411 cum

443 5450 689 5516 dederis,
720 5462 831 5503 non
864 5446 1074 5516 poteris
1109 5443 1344 5501 reddere
1375 5444 1670 5510 rationem,
1698 5455 1797 5497 cur
1822 5441 2013 5511 eadem

444 5541 513 5596 de
543 5538 704 5595 Patre
730 5538 955 5613 quidem
986 5536 1131 5591 dicta
1163 5550 1274 5589 non
1331 5534 1495 5588 modo
1523 5529 2017 5588 consubstantiali-

448 5640 640 5695 tatcm,
682 5627 779 5684 sed
834 5626 1002 5683 etiam
1044 5640 1107 5680 ex
1157 5640 1224 5680 co
1277 5639 1402 5680 esse
1463 5622 1897 5678 demonstrent:
1949 5619 2018 5672 ire

2039 492 2532 551 consubstantialis
2560 489 2789 562 Spiritui
2821 489 2993 545 Filius
3018 487 3228 544 dicitur
3251 501 3267 540 :
3294 484 3473 540 forma
3504 499 3601 541 ve—

2041 602 2124 651 ro,
2150 596 2247 641 aut
2273 584 2596 657 fragrantia,
2640 591 2741 637 aut
2777 582 2898 654 ejus
2925 581 3151 651 spiratio
3182 591 3467 649 nunquam
3522 575 3611 631 di—

2039 687 2165 735 ctus
2190 686 2296 735 est.
2323 677 2396 734 Ut
2428 676 2598 748 igitur
2626 674 2827 730 Filium
2860 673 3090 728 fortnam
3142 670 3345 735 Patris,
3382 668 3465 723 vel
3495 666 3609 721 fra-

2041 770 2331 840 grantiam,
2369 768 2451 823 vel
2486 766 2807 838 qualitatem
2848 765 3115 835 legentes,
3147 776 3255 816 non
3293 768 3505 815 tantum
3558 758 3609 813 ci

2042 858 2573 918 consubstantialem
2623 858 2773 915 hunc
2830 855 3212 927 intelligimus,
3267 851 3365 908 sed
3419 866 3488 907 ex
3542 864 3613 907 eo

2042 955 2207 1012 etiam
2240 953 2606 1025 prodeuntem
2642 968 2655 1004 :
2699 950 2773 1006 ita
2808 956 2865 1005 et
2904 947 3170 1018 Spiritum
3211 953 3462 999 sanctum
3497 942 3614 1012 spi-

2044 1048 2334 1110 rationem,
2388 1043 2643 1109 formam,
2694 1041 3053 1112 iragrantiam
3111 1049 3276 1109 atque
3329 1035 3612 1105 operatio-

2047 1155 2177 1196 nem
2220 1137 2345 1192 Filii
2386 1145 2626 1206 utroque
2672 1131 2841 1189 modo
2887 1129 3150 1202 praedicto
3180 1135 3439 1199 putamus
3478 1125 3613 1181 dici.
3674 1125 3681 1184 ἐ

2045 1232 2175 1300 Quae
2218 1229 2364 1285 enim
2417 1228 2562 1283 ratio
2617 1234 2703 1281 est
2754 1225 2919 1280 aliter
2958 1222 3026 1278 de
3090 1221 3249 1277 Patre
3303 1217 3369 1273 ad
3413 1216 3613 1273 Filium

2049 1320 2449 1393 Spiritumque,
2490 1317 2650 1374 aliter
2683 1315 2749 1372 de
2792 1314 2932 1370 Filio
2966 1314 3033 1369 ad
3083 1312 3350 1383 Spiritum
3380 1309 3497 1365 haec
3525 1307 3614 1364 in-
3672 1346 3677 1351 ι

2050 1413 2343 1485 teliigere?
2370 1411 2454 1468 Tu
2490 1425 2622 1467 vero
2674 1416 2731 1465 et
2762 1422 2955 1463 eorum
2991 1422 3114 1477 quae
3140 1413 3303 1460 antea
3332 1398 3615 1464 fatebaris.

2049 1508 2277 1567 oblitus.
2343 1520 2564 1562 rursum
2614 1501 2880 1573 Spiritum
2936 1507 3188 1561 sanctum
3241 1494 3481 1553 aliirmas
3529 1507 3620 1548 se-

2051 1596 2291 1654 cundum
2322 1594 2555 1665 gratiam
2593 1600 2805 1646 tantum
2840 1604 3040 1659 aquam
3085 1586 3270 1642 vivam
3296 1583 3507 1649 vocari,
3563 1592 3621 1636 et

2053 1690 2219 1761 hujus
2251 1689 2523 1745 duntaxat
2554 1683 2750 1739 Filium
2780 1695 2902 1737 esse
2944 1679 3176 1736 fontem.
3214 1675 3324 1732 Sed
3365 1675 3413 1733 si
3447 1671 3620 1745 gratia

2057 1776 2568 1840 haecasubstantia
2624 1770 3094 1841 subsistentiaque
3145 1768 3376 1827 minime
3429 1766 3623 1834 sejun-

2058 1876 2206 1947 gitur
2234 1873 2383 1944 (nam
2414 1869 2518 1924 hoc
2554 1866 2661 1938 jam
2697 1861 3070 1928 concessisti),
3108 1857 3389 1930 quomodo
3420 1868 3530 1913 non
3565 1859 3625 1907 et

2059 1944 2298 2023 divinam
2334 1959 2576 2029 Spiritus
2610 1956 2789 2013 sancti
2820 1967 3115 2026 personam
3150 1964 3278 2009 cum
3313 1948 3417 2007 hac
3446 1944 3629 2015 gratia

2061 2060 2235 2117 Filius
2262 2068 2322 2117 ut
2352 2054 2475 2112 fons
2503 2050 2757 2109 emittit?

2434 2164 2651 2222 Nouum
2686 2170 3059 2235 argumentum
3090 2158 3257 2215 Vacci.

2133 2282 2228 2338 lla:
2266 2278 2679 2349 Scripturarum
2727 2274 3035 2338 sententiae,
3104 2271 3163 2326 in
3205 2268 3411 2339 quibus
3441 2264 3634 2322 Patres

2065 2389 2236 2431 sacrm
2269 2369 2556 2440 theologis
2602 2365 2973 2438 professores,
3001 2370 3224 2427 cuncta,
3257 2374 3380 2430 quae
3411 2354 3633 2428 propria

2067 2476 2196 2525 sunt
2233 2463 2434 2524 Patris,
2466 2458 2795 2516 naturaliter
2846 2455 3083 2512 transire
3147 2454 3202 2508 in
3248 2451 3448 2507 Filium
3483 2456 3537 2503 et
3566 2461 3635 2502 ex

2066 2573 2134 2614 eo
2163 2556 2407 2627 genitum
2441 2551 2917 2612 demonstrarunt,
2963 2547 3056 2603 hic
3105 2544 3350 2601 collectae
3385 2546 3515 2597 sunt
3567 2534 3650 2593 ad'

2068 2645 2553 2707 demonstrandum
2595 2643 2861 2713 Spiritum
2912 2646 3162 2696 sanctum
3216 2648 3362 2699 esse,
3417 2628 3638 2702 prodire

2070 2744 2233 2805 atque
2267 2732 2400 2789 oriri
2449 2732 2616 2789 etiam
2652 2746 2720 2788 ex
2751 2730 2893 2786 Filio
2940 2725 3176 2800 perinde
3207 2734 3270 2780 ut
3316 2738 3383 2779 ex
3422 2722 3585 2777 Patre
3620 2734 3635 2771 :

2072 2830 2214 2885 sicut
2239 2828 2403 2883 divus
2421 2825 2868 2899 Cyrilluslitteris
2891 2823 3188 2879 mandavit.
3212 2822 3268 2878 Si
3292 2819 3439 2876 enim
3464 2816 3638 2871 dicta-

2075 2938 2195 2978 rum
2248 2919 2651 2975 sententiarum
2709 2913 3198 2971 determinationes
3252 2909 3638 2982 paternitatem

2074 3012 2253 3069 solum
2288 3007 2809 3081 generationemque
2878 3019 2908 3059 a
2958 2998 3099 3059 Filio
3146 3003 3430 3065 auferunt,
3463 2996 3646 3053 mani-

2079 3104 2277 3159 festum
2312 3108 2418 3164 est,
2457 3097 2607 3168 quod
2659 3095 2833 3151 Filius
2887 3095 3111 3167 quidem
3141 3109 3251 3149 non
3307 3092 3415 3148 erit
3461 3088 3646 3154 Pater,

2079 3194 2318 3263 Spiritus
2348 3205 2480 3244 vero
2501 3204 2565 3244 ex
2583 3196 2813 3259 paterna
2844 3185 3150 3241 substantia
3173 3197 3462 3245 cmanans,
3498 3189 3555 3236 et
3578 3193 3645 3235 ex

2080 3282 2383 3347 substantia
2402 3280 2527 3345 Filii
2554 3294 2661 3335 non
2688 3288 2983 3349 generante
3007 3286 3064 3332 et
3082 3283 3302 3333 emanat
3326 3285 3381 3331 et
3401 3272 3648 3347 proﬂuit.

2540 3394 2786 3450 Palama.’
2824 3390 3192 3451 contradictio.

2156 3513 2317 3569 Nulla
2359 3509 2611 3582 profecto
2660 3506 2878 3562 ratione
2926 3502 3183 3573 impietas
3216 3499 3650 3564 corroboratur;

2088 3606 2323 3663 transire
2367 3602 2512 3658 enim
2548 3598 2779 3656 audiens
2830 3596 3044 3652 Veccus
3098 3594 3201 3649 iste
3232 3592 3288 3648 in
3320 3590 3518 3646 Filium
3554 3605 3654 3659 pa-

2090 3712 2275 3757 ternas
2303 3695 2693 3768 proprietates,
2748 3700 2808 3747 et
2840 3687 3171 3745 naturaliter
3204 3693 3259 3740 et
3290 3683 3657 3742 essentialiter

2091 3795 2159 3849 de
2194 3790 2305 3846 illis
2351 3787 2614 3860 propriis,
2658 3799 2781 3857 qua:
2829 3792 3076 3854 paternae
3129 3777 3454 3841 substantiae
3505 3784 3657 3841 sunt,

2094 3883 2310 3955 putavit
2346 3880 2602 3939 doctores
2645 3876 2854 3940 dicere,
2885 3888 2996 3928 non
3031 3871 3101 3927 de
3148 3870 3255 3925 illis
3288 3883 3411 3939 qua:
3464 3876 3657 3925 natura

2093 3975 2316 4047 propria
2371 3980 2520 4029 sunt.
2557 3967 2872 4025 Secundum
2925 3978 3057 4034 ergo
3108 3964 3228 4033 ejus
3282 3962 3336 4016 in
3386 3957 3663 4028 theologia

2094 4068 2346 4140 peritiam
2379 4063 2512 4120 divo
2547 4060 2749 4134 Cyrillo
2779 4059 2835 4114 in
2866 4057 2981 4114 suis
3029 4054 3311 4110 Tltesanris
3359 4051 3661 4116 scribente,

2096 4160 2372 4232 quomodo
2392 4171 2501 4212 non
2531 4155 2638 4210 erit
2662 4154 2809 4209 Deus
2834 4149 3096 4218 Spiritus,
3118 4161 3244 4220 cum
3267 4153 3434 4201 totam
3465 4141 3667 4198 habeat

2101 4250 2517 4315 substantialem
2567 4244 2967 4316 proprietatem
3024 4240 3204 4295 Patris
3249 4242 3307 4290 et
3344 4233 3510 4290 Filii?
3538 4233 3670 4287 Per-

2101 4342 2309 4398 sonalia
2342 4338 2518 4393 Patris
2548 4345 2602 4390 et
2628 4333 2751 4391 Filii
2777 4329 3021 4402 Spiritus
3071 4325 3318 4389 habebit,
3348 4332 3404 4380 et
3418 4322 3668 4393 genitus,

2100 4443 2155 4488 et
2187 4430 2405 4503 genitor
2438 4428 2548 4485 erit
2599 4425 2873 4481 luminum
2907 4421 3093 4483 Pater,
3146 4427 3202 4471 et
3233 4416 3340 4471 vim
3370 4412 3672 4486 generandi

2101 4535 2154 4581 et
2201 4520 2536 4593 producendi
2572 4518 2807 4574 habens.
2842 4512 2962 4579 Qua
2991 4509 3220 4582 quidem
3242 4524 3301 4564 re
3333 4506 3465 4578 quid
3500 4506 3673 4577 magis

2106 4615 2338 4682 impium
2381 4610 2582 4682 quidve
2608 4608 2781 4678 magis
2816 4615 3287 4674 supervacaneum
3324 4599 3427 4655 dici
3450 4596 3674 4679 potest?

2107 4674 2255 4764 Idem
2287 4674 2482 4760 rursus
2512 4701 2631 4757 fere
2674 4674 2949 4766 intelliget
2980 4695 3112 4757 ista,
3145 4707 3269 4748 eum
3303 4674 3524 4755 audiret
3570 4689 3677 4742 Da-

2108 4811 2422 4853 mascenum
2457 4794 2730 4851 dicentem
2761 4788 2817 4842 in
2856 4802 2951 4842 vnt
2991 4785 3308 4856 Dogmatum
3331 4783 3489 4852 ejus:
3520 4780 3679 4846 Quae-

2110 4901 2334 4957 cunque
2382 4879 2554 4949 habet
2586 4881 2768 4947 Pater,
2804 4888 2861 4935 et
2893 4878 3137 4948 Spiritus
3169 4882 3414 4937 sanctus,
3448 4883 3682 4942 prazter—

2110 4992 2273 5050 quam
2313 4975 2460 5048 quod
2516 4989 2629 5039 non
2675 4981 2758 5031 est
2802 4968 3103 5041 ingenitus.
3150 4964 3218 5019 Et
3264 4963 3674 5025 Nazianzenum

2110 5069 2463 5139 Gregorium,
2497 5067 2551 5123 in
2597 5079 2663 5120 eo
2714 5076 2992 5125 sermone,
3026 5074 3191 5129 quem
3221 5056 3290 5112 ad
3329 5068 3427 5109 eos
3465 5051 3561 5123 qui
3614 5050 3682 5103 ab

2113 5154 2347 5230 Δίωνι)ῑο
2382 5163 2653 5219 venerunt
2713 5142 2905 5209 seribit
2939 5165 2953 5202 :
2983 5149 3336 5218 Qutecunque
3367 5156 3495 5200 sunt
3519 5142 3642 5199 Filii
3667 5180 3682 5200 .

2114 5263 2244 5309 sunt
2276 5262 2331 5304 et
2359 5249 2622 5319 Spiritus,
2640 5255 2852 5323 praeter
2876 5242 3214 5298 liliationcm.
3234 5241 3463 5306 Quanta;
3487 5237 3685 5290 iterum

2118 5341 2373 5404 amentia:
2412 5322 2719 5409 putandum
2769 5345 2877 5399 est,
2925 5348 3049 5390 cum
3102 5348 3169 5389 ex
3224 5329 3530 5387 substantia
3559 5322 3687 5381 Filii

2115 5448 2237 5493 esse
2273 5431 2483 5497 audiat,
2536 5430 2699 5484 etiam
2736 5444 2802 5484 ex
2845 5429 2969 5498 ejus
3013 5438 3251 5495 persona
3299 5435 3419 5477 esse
3452 5414 3690 5489 putare?

2119 5540 2184 5579 ac
2240 5522 2285 5579 si
2338 5518 2804 5592 quemadmodum
2855 5532 2964 5571 una
3017 5512 3478 5579 substantia,.sic
3521 5509 3689 5564 etiam

2122 5614 2485 5672 subsistentia
2517 5620 2663 5667 esset
2692 5610 2760 5663 dc
2799 5609 2933 5662 Deo.
2965 5607 3236 5663 Praeterea
3264 5620 3373 5675 non
3399 5601 3692 5671 conspicit,

456 5724 594 5778 Filio
627 5736 761 5777 vero
802 5719 974 5776 solam
1022 5716 1679 5778 consubstanlialitatem,
1721 5711 2022 5781 prteserlim
2121 5708 2266 5776 quod
2300 5721 2423 5760 cum
2457 5704 2523 5758 tle
2594 5703 2749 5755 Patre
2781 5710 2837 5754 ct
2871 5715 2934 5753 ex
2967 5699 3129 5752 Patre
3177 5696 3380 5752 dicitur
3427 5692 3689 5761 Spiritus,
