3966 6218
240 286 348 344 2m
1193 297 1694 359 BESSARIONIS
1737 299 1796 360 S.

1948 300 2010 363 E.
2057 299 2520 364 CARDINALIS
3339 325 3341 327 ’
3361 307 3468 378 300

241 401 490 490 sanctum
530 396 585 452 in
619 397 727 464 illis
758 399 917 468 locis,
957 403 1160 471 quibus
1211 404 1413 461 dicturi
1459 416 1637 472 erant,
1675 421 1800 462 cum
1834 412 1878 468 Α
1910 407 2150 476 Spiritus
2179 422 2432 469 naturam
2465 429 2532 469 ex
2565 411 2754 468 divina
2783 413 3128 484 substantia,
3159 427 3470 490 naturaque

240 500 308 538 ex
340 485 501 559 Patre
536 491 860 566 procedere.

699 603 835 661 Palu
844 624 941 662 mre
981 613 1352 668 contradictio.

314 688 362 747 0
385 689 752 757 ﬂauentiatnl
787 696 922 762 Quis
951 700 1095 754 enim
1137 711 1248 757 tam
1290 705 1513 773 ignarus
1550 718 1632 761 est
1671 709 1804 776 quin

245 778 388 853 sciat,
409 778 514 847 hoc
543 785 769 841 verbum
803 786 1028 855 prodire
1083 789 1152 846 de
1181 791 1322 847 Filio
1347 795 1514 849 etiam
1542 795 1648 850 dici
1667 839 1679 858 .
1709 798 1803 852 sed

243 872 562 940 procedere,
613 884 707 930 aut
756 877 1032 947 proﬂuere
1082 881 1150 936 de
1202 898 1269 938 eo
1324 885 1444 954 ipso
1484 888 1809 956 nunquam?

246 960 715 1028 Quemadmodum
753 975 810 1021 et
849 969 1126 1035 proﬂuere
1163 975 1384 1052 proprie
1417 975 1486 1030 de
1521 979 1807 1047 temporali

246 1053 508 1109 missione
546 1054 822 1123 Spiritus,
859 1061 1137 1115 interdum
1162 1102 1176 1128 ,
1210 1074 1325 1121 tum
1363 1067 1529 1122 etiam
1571 1068 1638 1123 de
1675 1083 1805 1138 pro-

245 1143 497 1198 cessione
534 1145 759 1200 dicitur.
800 1148 1009 1203 Veccus
1051 1161 1230 1207 tamen
1275 1154 1414 1229 iste,
1453 1166 1511 1213 et
1548 1159 1640 1227 qui
1681 1175 1807 1216 eum

244 1245 577 1304 sequuntur,
603 1237 721 1293 haec
751 1239 886 1293 nihil
909 1241 974 1296 ad
999 1242 1228 1308 invicem
1252 1244 1474 1301 diii'erre
1509 1234 1803 1317 aiiirmant,

242 1323 411 1394 impie
458 1328 666 1396 pariter
723 1338 889 1398 atque
952 1330 1321 1400 impudenter.
1367 1333 1648 1405 Siquidem
1684 1352 1809 1393 san-

240 1426 456 1472 ctorum
493 1419 637 1475 dicta
661 1420 769 1476 hoc
790 1423 841 1474 in
875 1421 998 1476 loco
1017 1424 1264 1492 collecta,
1301 1427 1404 1482 etsi
1431 1429 1728 1486 ostendunt
1755 1431 1807 1486 in

243 1511 446 1580 quibus
477 1512 756 1569 interdum
788 1515 904 1578 hanc
928 1519 1091 1595 verba
1119 1530 1480 1587 concurrunt,
1507 1537 1697 1578 eorum
1725 1533 1807 1589 ta-

243 1613 369 1654 men
398 1599 467 1654 ad
499 1600 738 1658 invicem
767 1604 1135 1669 diderentiam
1159 1610 1382 1677 minime
1416 1612 1766 1670 interimunt.

790 1718 993 1774 Nicreni
1030 1721 1282 1790 defensio.

313 1807 382 1860 At
422 1806 465 1861 si
505 1815 716 1863 attente
755 1810 978 1864 beatum
1018 1811 1282 1883 Cyrillum
1319 1815 1544 1886 legisses
1567 1861 1582 1886 ,
1616 1819 1684 1875 de
1714 1820 1806 1876 Fi~

243 1897 320 1953 lio
351 1900 519 1956 etiam
558 1901 862 1973 reperisses
893 1915 1017 1956 eum
1060 1920 1216 1960 usum
1256 1907 1360 1963 hac
1397 1891 1646 1984 dictione
1675 1927 1808 1981 pro-

254 1990 453 2045 cedere
493 1991 548 2046 in
587 2001 822 2046 tractatu
876 2008 1038 2062 quem
1097 1996 1226 2053 fecit
1291 2013 1456 2070 super
1505 2000 1807 2072 Joannem,

246 2081 300 2134 in
355 2096 418 2136 ea
467 2092 622 2153 parte
674 2083 966 2148 videlicet,
1023 2102 1146 2151 cum
1198 2091 1415 2148 venerit
1468 2091 1804 2151 Paracletus.

247 2170 383 2227 Nam
425 2173 472 2228 si
507 2189 570 2228 ex
605 2172 802 2240 Patre,
836 2175 1046 2244 inquit,
1087 2193 1194 2232 non
1229 2160 1513 2248 procedit,
1548 2184 1600 2237 id
1635 2193 1717 2239 est
1742 2201 1807 2240 ex

240 2261 364 2330 ejus
399 2263 707 2319 substantia
748 2265 915 2321 Filius
955 2268 1257 2335 secundum
1302 2285 1404 2324 nos
1439 2289 1452 2324 :
1491 2273 1536 2328 si
1571 2288 1702 2328 vero
1737 2254 1806 2330 de

240 2354 381 2408 Filio
420 2354 693 2423 proﬂuere
733 2371 842 2410 non
883 2356 1107 2424 dicitur.
1151 2376 1274 2413 cum
1334 2369 1518 2417 tamen
1592 2363 1808 2418 dicatur

241 2443 310 2500 de
350 2443 593 2514 Spiritu,
642 2443 869 2500 minime
909 2447 1222 2502 mirandum
1265 2457 1396 2514 est;
1437 2465 1562 2506 cum
1621 2452 1806 2523 ﬁgurae

241 2538 482 2594 nominis
530 2538 770 2608 Spiritus
821 2537 940 2593 haec
975 2538 1148 2595 dictio
1183 2543 1657 2612 accommodatur,
1695 2563 1802 2602 nou

239 2638 422 2684 autem
465 2630 627 2695 Filii;
660 2631 1132 2700 quemadmodum
1185 2637 1350 2689 etiam
1407 2636 1577 2692 dictio
1636 2653 1801 2709 gene-

239 2721 384 2776 ratio
443 2721 565 2776 Filii
619 2721 844 2792 quidem
898 2724 1106 2778 nomini
1164 2728 1642 2793 accommodatur,
1692 2744 1801 2785 non

248 2822 430 2868 autem
471 2812 712 2890 Spiritus
745 2800 955 2891 nomini
993 2819 1291 2884 convenit;
1331 2834 1441 2874 non
1503 2829 1683 2876 tamen
1719 2822 1804 2878 id-

239 2903 391 2959 circo
440 2905 592 2984 iuste
645 2907 857 2962 diceret
903 2906 1231 2978 quisquam,
1278 2909 1424 2979 quod
1461 2925 1587 2965 cum
1623 2913 1800 2981 ipsum

239 2996 495 3069 generari
533 3013 598 3052 ex
628 3013 793 3053 causa
834 3013 954 3055 esse
991 2998 1283 3069 signiﬁcet,
1347 3001 1583 3070 Spiritus
1620 3013 1800 3078 autem

1911 503 2032 557 Filii
2065 506 2198 560 oriri
2246 517 2411 576 atque
2463 522 2721 564 emanare
2748 505 2955 562 insulse
2984 510 3337 564 concedunt:
3369 511 3469 566 sed

1908 596 2192 666 spirituale
2231 597 2507 668 quoddam
2547 613 2749 652 munus
2785 598 2931 663 illis,
2962 599 3057 668 qui
3099 599 3252 670 digni
3300 609 3469 667 sunt,

1909 689 2307 758 superveniens
2331 729 2346 756 ,
2381 690 2453 744 ob
2491 691 2657 760 idque
2702 691 2792 744 illa
2815 731 2829 751 ,
2864 705 2986 760 qua:
3018 691 3072 745 in
3103 693 3187 747 eis
3217 691 3276 746 iit
3309 693 3473 748 inha-
3534 750 3541 756 ,

1908 780 2101 835 bitatio
2130 780 2333 850 ubique
2365 783 2653 849 praesentis
2683 781 2985 836 divinitatis
3017 782 3191 837 sancti
3227 781 3470 852 Spiritus

1909 872 2358 928 babitudinaliter
2389 874 2528 928 ﬁat:
2568 874 2641 928 ita
2694 873 2964 943 ejusmodi
3015 891 3218 930 munus
3267 876 3477 931 intelli-

1915 972 2107 1033 gentes
2138 977 2201 1016 ac
2255 962 2298 1031 si
2361 966 2668 1034 seiunctum
2737 976 3167 1035 separatumque
3213 981 3241 1019 a
3287 967 3473 1021 divina

1915 1055 2153 1132 Spiritus
2199 1054 2510 1112 substantia
2561 1057 2986 1124 intelligeretur.
3037 1057 3296 1113 Coll-ecta:
3341 1068 3476 1114 sunt

1911 1159 1967 1203 et
1997 1164 2076 1203 em
2108 1153 2466 1203 auctoritates
2487 1189 2500 1211 ,
2536 1161 2602 1202 ex
2633 1148 2838 1218 quibus
2882 1148 2937 1207 id
2990 1149 3223 1220 intelligi
3271 1159 3472 1220 potest.

1911 1239 2068 1304 Quod
2118 1239 2291 1294 sancti
2337 1239 2579 1313 Spiritus
2624 1239 2990 1303 iuhabitatio,
3063 1228 3478 1310 quatiidelibus

1911 1328 2198 1398 dignisque
2254 1329 2352 1393 iit,
2412 1344 2726 1404 quanquam
2772 1329 3176 1401 habitudinalis
3229 1331 3478 1395 inen‘abi-

1910 1417 2058 1484 liter,
2110 1428 2166 1473 et
2211 1432 2381 1488 super
2433 1421 2646 1474 ratione
2685 1429 2800 1475 est:
2851 1430 3032 1476 tamen
3076 1421 3206 1492 quia
3255 1437 3324 1476 eo
3361 1421 3478 1476 hac

1909 1509 2053 1567 dona
2086 1509 2331 1578 Spiritus
2362 1509 2678 1580 proﬂuunt,
2731 1511 2826 1566 ubi
2888 1511 3073 1567 divina
3107 1512 3228 1584 ejus
3267 1523 3462 1567 natura

1921 1598 2374 1653 babitudinaliter
2408 1599 2741 1656 inhabitabit
2773 1601 2888 1671 ipse
2935 1601 3174 1672 Spiritus
3207 1611 3432 1658 sanctus
3458 1641 3474 1665 ,

1842 1739 1884 1798 Β
1913 1690 2007 1765 qui
2047 1689 2102 1742 in
2135 1689 2408 1744 Triuitate
2439 1701 2495 1744 et
2525 1703 2635 1744 una
2667 1705 2900 1760 persona
2923 1732 2938 1757 ,
2967 1701 3024 1746 et
3063 1694 3183 1764 ejus
3229 1694 3472 1764 comple-

1917 1779 2092 1855 tirus,
2138 1780 2345 1849 quique
2389 1777 2575 1834 divina
2630 1789 2830 1854 natura
2886 1782 3273 1854 perfectusque
3329 1785 3478 1856 Deus

1909 1877 1994 1924 est
2046 1879 2212 1940 prout
2261 1869 2441 1949 Pater,
2498 1879 2556 1949 et
2603 1870 2775 1925 Filius
2827 1862 3280 1941 demonstratur;
3347 1888 3473 1931 cum

1909 1958 2108 2029 aliquis
2165 1946 2432 2029 Spiritum
2479 1946 2728 2016 sanctum
2776 1977 3074 2038 emanare,
3131 1964 3357 2034 prodire
3419 1973 3476 2040 ei

1910 2063 2034 2127 esse
2068 2063 2134 2104 ex
2173 2049 2313 2104 Filio
2347 2049 2514 2104 dicat.
3143 2044 3146 2052 ’

2369 2165 2610 2220 Ραιαηιω
2644 2168 3013 2229 contradictio.
3044 2152 3051 2158 ’

1981 2257 2170 2329 Neque
2199 2257 2330 2329 quid
2363 2259 2514 2316 dicat
2545 2261 2792 2329 profecto
2823 2263 2998 2328 novit,
3030 2279 3208 2336 neque
3240 2265 3373 2336 quid
3397 2265 3478 2321 at-

1910 2350 2131 2406 tirmarc
2182 2350 2346 2415 velit,
2402 2353 2495 2422 qui
2557 2352 2702 2407 hanc
2756 2354 3087 2424 scripturam
3138 2358 3475 2426 composuit.

1909 2441 2077 2498 Nemo
2119 2457 2359 2514 namque
2387 2443 2482 2514 qui
2521 2444 2610 2513 pie
2641 2444 2912 2516 intelliget
2941 2462 3064 2516 qua:
3107 2447 3256 2503 dicta
3305 2457 3476 2514 sunt,

1907 2543 2174 2590 scmotam
2234 2551 2358 2592 esse
2397 2553 2427 2591 a
2495 2535 2679 2591 divina
2725 2547 2920 2592 natura
2962 2538 3200 2594 divinam
3245 2540 3476 2608 gratiam

1907 2636 1962 2679 et
2003 2628 2379 2698 Operationem
2424 2636 2678 2698 putaret.
2725 2629 2836 2684 Nec
2876 2643 2940 2684 ea
2983 2630 3051 2685 de
3093 2645 3294 2698 causa,
3343 2632 3474 2702 quia

1908 2717 2293 2788 inseparabilis
2322 2728 2406 2774 est
2447 2735 2476 2772 a
2507 2721 2693 2774 divina
2725 2732 2920 2776 natura
2952 2721 3140 2776 divina
3189 2725 3473 2792 operatio,

1907 2819 2199 2881 propterea
2228 2819 2284 2865 et
2313 2819 2514 2866 natura
2548 2793 2632 2866 est
2663 2811 2916 2880 operatio
2949 2811 3086 2866 nihil
3121 2813 3188 2866 ab
3219 2829 3282 2868 ea
3312 2812 3474 2869 diffe-

1908 2918 2054 2982 rens.
2099 2902 2381 2973 Siquidem
2429 2903 2614 2958 divina
2666 2903 2918 2971 Operatio
2947 2919 3015 2958 ex
3048 2915 3243 2959 natura
3271 2917 3389 2971 est,
3421 2915 3478 2962 et

1905 2997 1958 3051 ei
2011 2996 2190 3050 inesse
2239 3006 2298 3050 ut
2351 2995 2591 3065 tlicol0gi
2645 2994 2953 3062 aiiirmant,
2997 2996 3090 3051 sed
3151 3013 3248 3066 per
3279 3013 3336 3053 se
3366 3012 3474 3070 non

240 3101 352 3142 non
379 3096 674 3165 generatur
702 3102 766 3142 ex
796 3087 958 3142 Patre
984 3129 999 3154 ,
1031 3089 1126 3143 sed
1157 3090 1437 3160 procedit,
1470 3091 1648 3160 ipsum
1681 3075 1804 3162 pro-
1832 3081 1872 3139 C
1905 3097 2010 3143 est.
2057 3088 2249 3143 Divina
2293 3103 2424 3142 vero
2452 3096 2643 3141 natura
2680 3101 2779 3140 nec
2810 3101 2875 3141 ex
2910 3089 3231 3156 operatione
3261 3100 3382 3150 est.
3416 3073 3474 3143 et

242 3179 441 3236 cedere
476 3194 586 3250 non
624 3179 897 3251 signiﬁcet
936 3189 1194 3250 tanquam
1237 3196 1304 3235 ex
1343 3197 1508 3237 causa
1564 3199 1687 3239 esse
1736 3201 1803 3240 ex

238 3288 344 3337 eo,
398 3288 430 3329 a
477 3287 588 3349 quo
645 3272 915 3345 procedit.
969 3272 1083 3328 Hoc
1127 3275 1276 3327 enim
1320 3273 1504 3329 dicere
1544 3274 1801 3330 stolidum

238 3371 345 3420 est.
399 3362 582 3430 Quare
637 3361 1005 3420 diﬂ‘erentiatu
1061 3363 1254 3434 harum
1312 3364 1619 3431 dictionum
1677 3367 1804 3423 hinc

241 3453 481 3523 probare
523 3454 752 3509 minime
806 3463 984 3525 potes.
1043 3453 1180 3510 Cum
1245 3464 1520 3530 autemet
1557 3457 1623 3512 de
1666 3457 1804 3514 Filio

239 3553 293 3602 et
335 3545 403 3600 de
438 3545 647 3615 Spiritu
688 3554 878 3600 sancto
910 3545 1116 3616 pariter
1150 3545 1266 3600 haec
1315 3546 1612 3602 dicantur:
1673 3548 1802 3615 item

246 3651 371 3692 cum
410 3637 688 3704 emanatio
749 3635 988 3706 Spiritus
1031 3645 1088 3690 et
1131 3639 1408 3707 processio
1452 3647 1699 3702 vocetur,
1749 3649 1804 3695 et

241 3726 571 3796 proﬂuentia
591 3768 607 3794 ,
634 3733 690 3794 et
719 3740 1045 3798 progressus
1071 3737 1336 3798 tanquam
1371 3729 1517 3784 idem
1546 3731 1661 3786 lucc
1688 3747 1803 3800 om-

240 3819 333 3874 nia
365 3818 719 3889 significent,
755 3813 895 3892 nibil
927 3820 1151 3874 omnino
1181 3819 1403 3875 differre
1436 3821 1550 3877 haec
1582 3825 1802 3878 nomina

238 3910 308 3966 ab
341 3911 581 3967 invicem
612 3893 897 3986 videntur.
934 3897 1092 3979 Quod
1128 3913 1172 3967 si
1220 3930 1330 3967 non
1371 3913 1636 3970 diﬁ'erunt
1665 3953 1676 3975 .
1712 3931 1806 3970 eo-

240 4004 366 4059 dem
401 4002 570 4073 igitur
599 4003 764 4060 modo
803 4003 1076 4060 audienda
1125 4015 1290 4070 sunt,
1338 4021 1464 4059 cum
1513 4005 1684 4073 Filio,
1719 3991 1804 4063 vei

238 4111 340 4166 per
393 4093 594 4149 Filium
649 4094 952 4165 procedere
1003 4094 1246 4162 Spiritus
1301 4104 1526 4150 sanctus
1574 4087 1801 4162 dicitur,

238 4185 702 4258 quemadmodum
737 4203 863 4245 cum
900 4187 966 4242 de
998 4187 1159 4241 Patre
1189 4205 1200 4240 :
1241 4185 1335 4240 sed
1384 4201 1508 4240 cum
1542 4187 1609 4241 de
1643 4187 1804 4254 Patre

239 4279 528 4343 dicuntur,
561 4293 661 4350 per
693 4293 761 4333 ea
794 4276 1155 4346 intelligimus
1189 4276 1363 4331 sancti
1403 4276 1643 4344 Spiritus
1677 4291 1804 4346 pro-

242 4372 550 4446 cessionem
600 4385 665 4425 ex
717 4383 824 4435 eo;
877 4369 1068 4424 eadem
1121 4367 1286 4438 igitur
1331 4377 1388 4423 et
1433 4384 1499 4422 ex
1532 4369 1712 4433 Filio,
1749 4368 1800 4422 id

234 4475 354 4529 est.
407 4481 507 4538 per
552 4463 754 4542 Filium
811 4461 1165 4542 intelligenda
1214 4470 1317 4516 est.
1375 4461 1606 4517 Profluit
1652 4462 1800 4516 enim

225 4553 482 4627 Spiritus
532 4538 798 4640 sanctus,
852 4538 913 4630 ut
959 4551 1200 4624 Cyrillus
1254 4551 1475 4636 fatetur,
1533 4568 1562 4606 a
1621 4551 1798 4614 Filio;

238 4638 702 4722 quemadmodum
748 4643 915 4721 etiam
961 4638 1027 4698 ex
1080 4643 1191 4714 Deo
1259 4652 1315 4697 et
1359 4642 1520 4720 Patre
1587 4644 1800 4698 nullum

237 4715 930 4808 dubitationiszvestigium
967 4722 1311 4814 relinquens.
1341 4715 1498 4803 Quod
1544 4736 1586 4790 si
1623 4745 1676 4797 tu
1709 4737 1804 4789 de-

238 4813 686 4893 monstiraveris,‘
714 4826 830 4903 inec
864 4813 1089 4883 nomina
1125 4813 1209 4882 vel
1255 4813 1366 4882 non
1413 4827 1554 4880 idem
1593 4827 1802 4900 signiﬁ-

235 4904 400 4992 care,
442 4923 526 4978 vel
571 4922 619 4979 si
660 4920 806 4976 idem
852 4921 1012 4975 aliter
1054 4929 1234 4974 tamen
1271 4918 1337 4973 de
1370 4917 1508 4992 Filio
1538 4919 1698 4994 aliter
1733 4918 1801 4993 de

237 4994 403 5083 Patre
453 5003 684 5088 intelligi
719 5012 958 5076 debere,
1015 5025 1330 5081 quanquam
1385 5000 1574 5064 noster
1612 5010 1804 5083 doctor

238 5091 521 5172 clamitet,
574 5093 650 5162 ita
705 5119 734 5160 a
789 5103 926 5160 Filio
977 5101 1284 5180 proﬂuere,
1339 5102 1800 5178 quemadmodum

232 5197 558 5272 intelligitur
592 5185 658 5262 ei
703 5183 822 5272 ipso
849 5191 961 5249 Deo
983 5233 996 5258 ,
1028 5203 1083 5248 et
1115 5191 1275 5272 Patre
1306 5209 1319 5246 :
1354 5191 1702 5246 absolvemus
1751 5198 1803 5245 te

236 5271 403 5361 bujus
447 5272 662 5360 injustas
709 5269 1062 5362 blasphemia
1091 5269 1148 5338 in
1194 5281 1432 5340 Veccum
1465 5322 1477 5347 ,
1515 5291 1570 5337 et
1609 5297 1802 5336 amen-

234 5359 326 5482 riae
346 5425 362 5449 ,
391 5359 547 5454 cujus
584 5395 711 5436 eum
733 5418 749 5445 ,
801 5359 910 5456 non
943 5359 1091 5455 recte
1121 5378 1478 5451 considerans
1502 5418 1516 5440 ,
1551 5388 1800 5429 accusas.

556 5491 853 5568 Septimum
894 5496 1267 5566 argumentum
1309 5485 1481 5541 Vccci.

303 5605 438 5678 Cum
491 5599 741 5678 quidam,
771 5602 1060 5677 audientes
1111 5600 1380 5672 Spiritu-tn
1437 5605 1684 5664 sanctum
1735 5611 1802 5651 ex

239 5695 380 5788 [filio
409 5699 573 5753 etiam
604 5711 864 5752 emanare
905 5704 1067 5765 atque
1121 5691 1346 5763 prodire
1370 5732 1385 5760 ,
1417 5707 1524 5746 non
1556 5690 1798 5747 divinam

1905 3189 1991 3237 est
2034 3196 2130 3250 per
2177 3195 2270 3244 se,
2305 3191 2359 3235 et
2389 3180 2544 3234 locus
2597 3186 2681 3233 est
2712 3178 3021 3232 divinarum
3066 3180 3474 3248 operationum,

1906 3272 2000 3328 sed
2041 3281 2094 3326 et
2125 3271 2389 3340 Spiritum
2426 3280 2678 3325 sanctum
2723 3285 3071 3339 nequaquam
3121 3282 3190 3324 ex
3238 3285 3477 3340 persona

1907 3379 2026 3419 esse
2060 3363 2184 3418 Filii
2215 3362 2570 3418 ailirmamus.
2604 3363 2710 3417 istc
2752 3371 2939 3416 autem
2985 3377 3110 3418 cum
3155 3377 3282 3417 eum
3330 3362 3478 3416 dicat

1907 3471 1973 3510 ex
2027 3465 2222 3509 natura
2273 3469 2396 3510 esse
2443 3453 2604 3518 Filii,
2661 3453 2822 3508 nobis
2868 3453 3250 3508 contradicere
3303 3462 3478 3522 atque

1905 3533 2186 3602 adversari
2241 3546 2586 3601 arbitratur:
2637 3543 2773 3598 nihil
2817 3543 3081 3608 diﬂ‘erre,
3150 3553 3210 3599 ut
3255 3543 3474 3598 videtur

1905 3619 2105 3706 putans
2136 3643 2386 3690 naturam
2417 3650 2446 3688 a
2479 3633 2837 3688 subsistentia
2857 3671 2873 3696 ,
2906 3633 2990 3688 vel
3020 3641 3076 3689 et
3101 3633 3473 3688 differentiam

1909 3729 2236 3799 insipienter
2275 3737 2487 3781 naturas
2529 3726 2766 3782 atterens
2807 3727 2862 3781 in
2915 3737 3105 3794 sancta
3156 3726 3430 3782 Trinitate
3456 3767 3474 3794 ,

1908 3821 2035 3890 quia
2069 3817 2377 3904 differentia
2409 3832 2770 3888 personarum
2802 3826 2910 3872 est.
3469 3818 3472 3826 ’

2443 3931 2648 4010 Nicteui
2688 3931 2942 4002 defensio.

1977 4048 2033 4113 Si
2074 4062 2205 4116 ergo
2251 4055 2516 4112 somnium
2563 4043 2805 4111 divinam
2856 4043 3093 4113 Spiritus
3134 4043 3362 4112 gratiam
3397 4046 3476 4102 an

1907 4141 2025 4211 ejus
2078 4147 2275 4193 natura
2345 4121 2696 4206 personaque
2747 4149 2856 4188 non
2916 4134 3212 4189 arbitraris
3268 4151 3284 4188 :
3337 4133 3474 4202 quid

1908 4231 2166 4300 intelligis
2236 4228 2467 4282 audiens
2537 4241 2603 4280 ex
2665 4224 2805 4281 Filio
2887 4225 3154 4296 Spiritum
3218 4232 3474 4302 sanctum

1906 4315 2089 4376 mitti:
2122 4327 2272 4388 patet
2301 4316 2447 4389 quod
2493 4315 2661 4370 etiam
2707 4315 2894 4370 volens
2936 4315 3133 4370 nolens
3166 4314 3312 4368 illius
3347 4327 3478 4392 per-

1837 4430 1880 4485 υ
1909 4427 2096 4467 sonam
2123 4451 2138 4472 ,
2183 4409 2457 4478 siquidem
2505 4408 2678 4478 gratia
2731 4406 2852 4461 sine
2898 4420 3132 4474 persona
3176 4419 3286 4458 non
3343 4404 3473 4456 mito

1913 4505 2046 4558 titur
2072 4519 2085 4556 :
2115 4502 2266 4572 quia,
2297 4511 2355 4554 ut
2379 4499 2582 4572 Cyrillo
2613 4499 2810 4567 placet,
2846 4511 2955 4551 non
2992 4497 3323 4567 subsistente
3353 4511 3478 4566 gra'

1910 4593 1982 4646 tia
2007 4590 2232 4645 minimc
2264 4590 2663 4660 participamus
2692 4607 2705 4640 :
2736 4587 2832 4642 sed
2866 4587 2917 4640 id
2949 4595 3036 4642 est
3058 4625 3073 4649 ,
3103 4585 3250 4654 quod
3298 4585 3474 4638 mitti-

1913 4696 2000 4737 tnr
2031 4674 2215 4737 divina
2248 4691 2443 4735 natura
2465 4721 2480 4746 ,
2513 4689 2568 4736 et
2613 4680 2950 4739 subsistens.
2995 4677 3142 4746 quod
3185 4676 3476 4746 completi-

1907 4789 2037 4828 vum
2093 4783 2176 4828 est
2234 4771 2566 4834 Trinitatis,
2630 4784 2862 4840 persona
2917 4767 3172 4822 videlicet
3227 4767 3470 4837 Spiritus

1909 4867 2106 4921 sancti.
2133 4865 2261 4932 Quo
2290 4865 2459 4932 igitur
2501 4873 2661 4933 pacto
2703 4871 2761 4916 et
2809 4861 3006 4915 Filium
3061 4860 3208 4913 hunc
3253 4861 3476 4914 mittere

1912 4935 2231 5029 intelliges?
2263 4954 2416 5008 llaud
2463 4953 2608 5008 enim
2645 4953 2808 5007 aliter
2847 4967 3010 5020 quam
3041 4951 3298 5006 Patrem:
3335 4949 3477 5004 alte-

1911 5031 2027 5118 rius
2058 5047 2204 5101 enim
2233 5046 2398 5099 etiam
2426 5046 2695 5115 potentia:
2739 5043 2930 5115 foret;
2979 5041 3337 5096 manifestum
3393 5049 3478 5095 est

1909 5121 2080 5209 igitur
2108 5137 2250 5210 quod
2282 5137 2428 5192 sicut
2458 5146 2516 5192 et
2539 5135 2726 5190 Pater.
2763 5133 2870 5188 Sed
2918 5135 3082 5189 Pater
3132 5133 3301 5185 mittit
3351 5148 3478 5202 pro-

1907 5219 2116 5286 ducens
2168 5238 2224 5285 et
2269 5229 2446 5298 ipsam
2483 5242 2816 5298 personam;
2853 5225 3019 5294 igitur
3048 5232 3104 5278 et
3147 5224 3320 5278 Filius
3347 5238 3475 5278 cum

1911 5323 2091 5392 ipsum
2126 5320 2293 5376 mittit
2327 5319 2642 5390 producens
2669 5329 2725 5373 et
2760 5320 2932 5387 ipsam
2975 5331 3271 5385 personam
3297 5355 3314 5381 ,
3366 5314 3477 5368 nisi

1908 5423 2167 5482 tanquam
2204 5412 2524 5468 ministrum
2565 5427 2691 5466 cum
2728 5410 2881 5464 dicas
2919 5409 3224 5477 Spiritum,
3277 5408 3373 5476 qui
3409 5422 3478 5461 ex

1905 5507 2066 5564 Patre
2107 5504 2350 5576 procedit
2379 5513 2565 5574 postea
2597 5502 2836 5558 mittere.
2863 5500 3020 5568 Quod
3052 5510 3112 5554 ut
3136 5499 3471 5561 absurdum.

1907 5600 1977 5654 ita
2021 5609 2076 5653 et
2120 5598 2346 5667 impium
2391 5605 2498 5652 est.
2548 5593 2894 5651 Concedatur
2968 5594 3117 5648 enim
3167 5607 3280 5649 non
3327 5591 3470 5646 idem

1904 5707 2022 5747 esse
2079 5690 2276 5745 divina:
2346 5688 2665 5745 substantia:
2734 5685 2976 5756 divinam
3043 5684 3465 5756 Operationem:
