  <div class='ocr_page' id='page_1' title='image "/cluster/home/n/w/nwhite01/storage/ocr_20150623/161/hvd.32044073502700/254.png"; bbox 0 0 3966 6218; ppageno 0'>
   <div class='ocr_carea' id='block_1_1' title="bbox 395 277 498 345">
    <p class='ocr_par' dir='ltr' id='par_1_1' title="bbox 395 277 498 345">
     <span class='ocr_line' id='line_1_1' title="bbox 395 277 498 345; baseline 0.01 -3"><span class='ocrx_word' id='word_1_1' title='bbox 395 277 498 345; x_wconf 76' lang='lat'><strong>301</strong></span> 
     </span>
    </p>
   </div>
   <div class='ocr_carea' id='block_1_2' title="bbox 1383 288 2690 359">
    <p class='ocr_par' dir='ltr' id='par_1_2' title="bbox 1383 288 2690 359">
     <span class='ocr_line' id='line_1_2' title="bbox 1383 288 2690 359; baseline 0.008 -11"><span class='ocrx_word' id='word_1_2' title='bbox 1383 288 1759 350; x_wconf 79' lang='lat' dir='ltr'><strong>APOLOGIA</strong></span> <span class='ocrx_word' id='word_1_3' title='bbox 1801 291 2415 358; x_wconf 66' lang='lat' dir='ltr'><strong>INSCRIPTIONUM</strong></span> <span class='ocrx_word' id='word_1_4' title='bbox 2455 296 2690 359; x_wconf 82' lang='lat' dir='ltr'><strong>VECCI.</strong></span> 
     </span>
    </p>
   </div>
   <div class='ocr_carea' id='block_1_3' title="bbox 3534 302 3662 368">
    <p class='ocr_par' dir='ltr' id='par_1_3' title="bbox 3534 302 3662 368">
     <span class='ocr_line' id='line_1_3' title="bbox 3534 302 3662 368; baseline 0 0"><span class='ocrx_word' id='word_1_5' title='bbox 3534 302 3662 368; x_wconf 71' lang='lat'><strong>302.</strong></span> 
     </span>
    </p>
   </div>
   <div class='ocr_carea' id='block_1_4' title="bbox 394 390 3635 480">
    <p class='ocr_par' dir='ltr' id='par_1_4' title="bbox 394 390 3635 480">
     <span class='ocr_line' id='line_1_4' title="bbox 394 390 3635 480; baseline 0.007 -38"><span class='ocrx_word' id='word_1_6' title='bbox 394 390 662 462; x_wconf 79' lang='lat' dir='ltr'><strong>quidnam</strong></span> <span class='ocrx_word' id='word_1_7' title='bbox 692 391 1025 448; x_wconf 74' lang='lat' dir='ltr'><strong>concludere</strong></span> <span class='ocrx_word' id='word_1_8' title='bbox 1056 402 1168 448; x_wconf 90' lang='lat' dir='ltr'><strong>tum</strong></span> <span class='ocrx_word' id='word_1_9' title='bbox 1215 410 1278 450; x_wconf 82' lang='lat' dir='ltr'><strong>ex</strong></span> <span class='ocrx_word' id='word_1_10' title='bbox 1324 397 1428 451; x_wconf 88' lang='lat' dir='ltr'><strong>hoc</strong></span> <span class='ocrx_word' id='word_1_11' title='bbox 1475 403 1729 466; x_wconf 82' lang='lat' dir='ltr'><strong>conaris,</strong></span> <span class='ocrx_word' id='word_1_12' title='bbox 1762 403 1808 456; x_wconf 91' lang='lat' dir='ltr'><strong>si</strong></span> <span class='ocrx_word' id='word_1_13' title='bbox 1844 417 1967 457; x_wconf 88' lang='lat' dir='ltr'><strong>cum</strong></span> <span class='ocrx_word' id='word_1_14' title='bbox 2002 401 2045 456; x_wconf 77' lang='grc' dir='ltr'><strong>Δ</strong></span> <span class='ocrx_word' id='word_1_15' title='bbox 2075 422 2197 462; x_wconf 88' lang='lat' dir='ltr'><strong>cum</strong></span> <span class='ocrx_word' id='word_1_16' title='bbox 2253 408 2368 462; x_wconf 65' lang='lat' dir='ltr'><strong>haec</strong></span> <span class='ocrx_word' id='word_1_17' title='bbox 2427 409 2645 463; x_wconf 89' lang='lat' dir='ltr'><strong>nomina</strong></span> <span class='ocrx_word' id='word_1_18' title='bbox 2709 422 2814 462; x_wconf 90' lang='lat' dir='ltr'><strong>non</strong></span> <span class='ocrx_word' id='word_1_19' title='bbox 2878 414 3290 464; x_wconf 75' lang='lat' dir='ltr'><strong>convertantur.</strong></span> <span class='ocrx_word' id='word_1_20' title='bbox 3353 407 3635 480; x_wconf 87' lang='lat' dir='ltr'><strong>Siquidem</strong></span> 
     </span>
    </p>
   </div>
   <div class='ocr_carea' id='block_1_5' title="bbox 396 484 1966 556">
    <p class='ocr_par' dir='ltr' id='par_1_5' title="bbox 396 484 1966 556">
     <span class='ocr_line' id='line_1_5' title="bbox 396 484 1966 556; baseline 0.006 -17"><span class='ocrx_word' id='word_1_21' title='bbox 396 484 645 555; x_wconf 76' lang='lat' dir='ltr'><strong>Spiritus</strong></span> <span class='ocrx_word' id='word_1_22' title='bbox 704 497 933 543; x_wconf 87' lang='lat' dir='ltr'><strong>sanctus</strong></span> <span class='ocrx_word' id='word_1_23' title='bbox 991 489 1267 556; x_wconf 88' lang='lat' dir='ltr'><strong>mittatur,</strong></span> <span class='ocrx_word' id='word_1_24' title='bbox 1329 507 1441 546; x_wconf 90' lang='lat' dir='ltr'><strong>non</strong></span> <span class='ocrx_word' id='word_1_25' title='bbox 1511 493 1966 550; x_wconf 63' lang='lat' dir='ltr'><strong>insulisistentem</strong></span> 
     </span>
    </p>
   </div>
   <div class='ocr_carea' id='block_1_6' title="bbox 399 579 1968 648">
    <p class='ocr_par' dir='ltr' id='par_1_6' title="bbox 399 579 1968 648">
     <span class='ocr_line' id='line_1_6' title="bbox 399 579 1968 648; baseline 0.006 -18"><span class='ocrx_word' id='word_1_26' title='bbox 399 579 661 648; x_wconf 89' lang='lat' dir='ltr'><strong>gratiam,</strong></span> <span class='ocrx_word' id='word_1_27' title='bbox 708 593 899 632; x_wconf 83' lang='lat' dir='ltr'><strong>verum</strong></span> <span class='ocrx_word' id='word_1_28' title='bbox 950 579 1124 648; x_wconf 82' lang='lat' dir='ltr'><strong>ipsam</strong></span> <span class='ocrx_word' id='word_1_29' title='bbox 1171 580 1413 636; x_wconf 86' lang='lat' dir='ltr'><strong>divinam</strong></span> <span class='ocrx_word' id='word_1_30' title='bbox 1449 583 1840 641; x_wconf 80' lang='lat' dir='ltr'><strong>subsistentem</strong></span> <span class='ocrx_word' id='word_1_31' title='bbox 1876 603 1968 640; x_wconf 86' lang='lat' dir='ltr'><strong>na-</strong></span> 
     </span>
    </p>
   </div>
   <div class='ocr_carea' id='block_1_7' title="bbox 399 668 1970 742">
    <p class='ocr_par' dir='ltr' id='par_1_7' title="bbox 399 668 1970 742">
     <span class='ocr_line' id='line_1_7' title="bbox 399 668 1970 742; baseline 0.007 -20"><span class='ocrx_word' id='word_1_32' title='bbox 399 681 578 724; x_wconf 89' lang='lat' dir='ltr'><strong>turam</strong></span> <span class='ocrx_word' id='word_1_33' title='bbox 611 668 752 722; x_wconf 85' lang='lat' dir='ltr'><strong>mitti</strong></span> <span class='ocrx_word' id='word_1_34' title='bbox 796 679 852 724; x_wconf 82' lang='lat' dir='ltr'><strong>et</strong></span> <span class='ocrx_word' id='word_1_35' title='bbox 895 670 1010 740; x_wconf 89' lang='lat' dir='ltr'><strong>ipse</strong></span> <span class='ocrx_word' id='word_1_36' title='bbox 1045 672 1330 740; x_wconf 80' lang='lat' dir='ltr'><strong>concedis,</strong></span> <span class='ocrx_word' id='word_1_37' title='bbox 1382 676 1731 731; x_wconf 73' lang='lat' dir='ltr'><strong>manifestum</strong></span> <span class='ocrx_word' id='word_1_38' title='bbox 1768 689 1850 732; x_wconf 89' lang='lat' dir='ltr'><strong>est</strong></span> <span class='ocrx_word' id='word_1_39' title='bbox 1875 720 1887 742; x_wconf 92' lang='lat'><strong>,</strong></span> <span class='ocrx_word' id='word_1_40' title='bbox 1924 679 1970 733; x_wconf 82' lang='lat' dir='ltr'><strong>si</strong></span> 
     </span>
    </p>
   </div>
   <div class='ocr_carea' id='block_1_8' title="bbox 398 757 1971 833">
    <p class='ocr_par' dir='ltr' id='par_1_8' title="bbox 398 757 1971 833">
     <span class='ocr_line' id='line_1_8' title="bbox 398 757 1971 833; baseline 0.004 -19"><span class='ocrx_word' id='word_1_41' title='bbox 398 760 564 814; x_wconf 82' lang='lat' dir='ltr'><strong>etiam</strong></span> <span class='ocrx_word' id='word_1_42' title='bbox 614 757 867 828; x_wconf 87' lang='lat' dir='ltr'><strong>ignorare</strong></span> <span class='ocrx_word' id='word_1_43' title='bbox 917 759 1036 828; x_wconf 91' lang='lat' dir='ltr'><strong>ipse</strong></span> <span class='ocrx_word' id='word_1_44' title='bbox 1097 759 1451 828; x_wconf 83' lang='lat' dir='ltr'><strong>dissimulas,</strong></span> <span class='ocrx_word' id='word_1_45' title='bbox 1511 765 1684 818; x_wconf 80' lang='lat' dir='ltr'><strong>sancti</strong></span> <span class='ocrx_word' id='word_1_46' title='bbox 1735 764 1971 833; x_wconf 87' lang='lat' dir='ltr'><strong>Spiritus</strong></span> 
     </span>
    </p>
   </div>
   <div class='ocr_carea' id='block_1_9' title="bbox 397 847 1970 922">
    <p class='ocr_par' dir='ltr' id='par_1_9' title="bbox 397 847 1970 922">
     <span class='ocr_line' id='line_1_9' title="bbox 397 847 1970 922; baseline 0.003 -20"><span class='ocrx_word' id='word_1_47' title='bbox 397 847 640 903; x_wconf 81' lang='lat' dir='ltr'><strong>divinam</strong></span> <span class='ocrx_word' id='word_1_48' title='bbox 674 847 1006 917; x_wconf 79' lang='lat' dir='ltr'><strong>hypostasim</strong></span> <span class='ocrx_word' id='word_1_49' title='bbox 1035 865 1099 903; x_wconf 82' lang='lat' dir='ltr'><strong>ex</strong></span> <span class='ocrx_word' id='word_1_50' title='bbox 1129 849 1268 904; x_wconf 88' lang='lat' dir='ltr'><strong>Filio</strong></span> <span class='ocrx_word' id='word_1_51' title='bbox 1329 867 1482 918; x_wconf 84' lang='lat' dir='ltr'><strong>esse,</strong></span> <span class='ocrx_word' id='word_1_52' title='bbox 1509 868 1766 906; x_wconf 82' lang='lat' dir='ltr'><strong>emanare</strong></span> <span class='ocrx_word' id='word_1_53' title='bbox 1807 864 1970 922; x_wconf 89' lang='lat' dir='ltr'><strong>atque</strong></span> 
     </span>
    </p>
   </div>
   <div class='ocr_carea' id='block_1_10' title="bbox 400 939 1969 1012">
    <p class='ocr_par' dir='ltr' id='par_1_10' title="bbox 400 939 1969 1012">
     <span class='ocr_line' id='line_1_10' title="bbox 400 939 1969 1012; baseline 0.001 -18"><span class='ocrx_word' id='word_1_54' title='bbox 400 941 578 1003; x_wconf 87' lang='lat' dir='ltr'><strong>mitti,</strong></span> <span class='ocrx_word' id='word_1_55' title='bbox 613 939 1080 1009; x_wconf 86' lang='lat' dir='ltr'><strong>quemadmodum</strong></span> <span class='ocrx_word' id='word_1_56' title='bbox 1113 944 1276 998; x_wconf 90' lang='lat' dir='ltr'><strong>etiam</strong></span> <span class='ocrx_word' id='word_1_57' title='bbox 1321 958 1386 998; x_wconf 77' lang='lat' dir='ltr'><strong>ex</strong></span> <span class='ocrx_word' id='word_1_58' title='bbox 1439 944 1599 998; x_wconf 83' lang='lat' dir='ltr'><strong>Patre</strong></span> <span class='ocrx_word' id='word_1_59' title='bbox 1623 985 1636 1008; x_wconf 96' lang='lat'><strong>,</strong></span> <span class='ocrx_word' id='word_1_60' title='bbox 1687 944 1832 1012; x_wconf 89' lang='lat' dir='ltr'><strong>quod</strong></span> <span class='ocrx_word' id='word_1_61' title='bbox 1865 944 1969 998; x_wconf 86' lang='lat' dir='ltr'><strong>sibi</strong></span> 
     </span>
    </p>
   </div>
   <div class='ocr_carea' id='block_1_11' title="bbox 399 1029 1972 1104">
    <p class='ocr_par' dir='ltr' id='par_1_11' title="bbox 399 1029 1972 1104">
     <span class='ocr_line' id='line_1_11' title="bbox 399 1029 1972 1104; baseline 0.003 -20"><span class='ocrx_word' id='word_1_62' title='bbox 399 1029 803 1087; x_wconf 85' lang='lat' dir='ltr'><strong>ostendendum</strong></span> <span class='ocrx_word' id='word_1_63' title='bbox 867 1031 1191 1101; x_wconf 85' lang='lat' dir='ltr'><strong>proposuit,</strong></span> <span class='ocrx_word' id='word_1_64' title='bbox 1252 1032 1345 1102; x_wconf 90' lang='lat' dir='ltr'><strong>qui</strong></span> <span class='ocrx_word' id='word_1_65' title='bbox 1405 1035 1693 1088; x_wconf 88' lang='lat' dir='ltr'><strong>doctorum</strong></span> <span class='ocrx_word' id='word_1_66' title='bbox 1751 1035 1972 1104; x_wconf 61' lang='lat' dir='ltr'><strong>collegit</strong></span> 
     </span>
    </p>
   </div>
   <div class='ocr_carea' id='block_1_12' title="bbox 401 1122 1972 1196">
    <p class='ocr_par' dir='ltr' id='par_1_12' title="bbox 401 1122 1972 1196">
     <span class='ocr_line' id='line_1_12' title="bbox 401 1122 1972 1196; baseline 0.003 -20"><span class='ocrx_word' id='word_1_67' title='bbox 401 1122 722 1176; x_wconf 83' lang='lat' dir='ltr'><strong>sententias.</strong></span> <span class='ocrx_word' id='word_1_68' title='bbox 769 1122 926 1189; x_wconf 88' lang='lat' dir='ltr'><strong>Quod</strong></span> <span class='ocrx_word' id='word_1_69' title='bbox 953 1124 999 1178; x_wconf 89' lang='lat' dir='ltr'><strong>si</strong></span> <span class='ocrx_word' id='word_1_70' title='bbox 1026 1123 1264 1191; x_wconf 85' lang='lat' dir='ltr'><strong>miraris,</strong></span> <span class='ocrx_word' id='word_1_71' title='bbox 1312 1141 1422 1194; x_wconf 90' lang='lat' dir='ltr'><strong>quo</strong></span> <span class='ocrx_word' id='word_1_72' title='bbox 1465 1133 1625 1196; x_wconf 91' lang='lat' dir='ltr'><strong>pacto</strong></span> <span class='ocrx_word' id='word_1_73' title='bbox 1654 1141 1752 1180; x_wconf 92' lang='lat' dir='ltr'><strong>nos</strong></span> <span class='ocrx_word' id='word_1_74' title='bbox 1779 1143 1844 1180; x_wconf 81' lang='lat' dir='ltr'><strong>ex</strong></span> <span class='ocrx_word' id='word_1_75' title='bbox 1878 1143 1972 1180; x_wconf 81' lang='lat' dir='ltr'><strong>na-</strong></span> 
     </span>
    </p>
   </div>
   <div class='ocr_carea' id='block_1_13' title="bbox 403 1213 1972 1284">
    <p class='ocr_par' dir='ltr' id='par_1_13' title="bbox 403 1213 1972 1284">
     <span class='ocr_line' id='line_1_13' title="bbox 403 1213 1972 1284; baseline 0.005 -19"><span class='ocrx_word' id='word_1_76' title='bbox 403 1223 525 1268; x_wconf 84' lang='lat' dir='ltr'><strong>tura</strong></span> <span class='ocrx_word' id='word_1_77' title='bbox 574 1213 695 1270; x_wconf 80' lang='lat' dir='ltr'><strong>Filii</strong></span> <span class='ocrx_word' id='word_1_78' title='bbox 725 1213 992 1284; x_wconf 89' lang='lat' dir='ltr'><strong>Spiritum</strong></span> <span class='ocrx_word' id='word_1_79' title='bbox 1025 1225 1271 1271; x_wconf 90' lang='lat' dir='ltr'><strong>sanctum</strong></span> <span class='ocrx_word' id='word_1_80' title='bbox 1321 1226 1633 1272; x_wconf 85' lang='lat' dir='ltr'><strong>asserentes</strong></span> <span class='ocrx_word' id='word_1_81' title='bbox 1675 1217 1848 1282; x_wconf 91' lang='lat' dir='ltr'><strong>oriri,</strong></span> <span class='ocrx_word' id='word_1_82' title='bbox 1893 1228 1972 1273; x_wconf 90' lang='lat' dir='ltr'><strong>at-</strong></span> 
     </span>
    </p>
   </div>
   <div class='ocr_carea' id='block_1_14' title="bbox 402 1310 1968 1380">
    <p class='ocr_par' dir='ltr' id='par_1_14' title="bbox 402 1310 1968 1380">
     <span class='ocr_line' id='line_1_14' title="bbox 402 1310 1968 1380; baseline 0.008 -26"><span class='ocrx_word' id='word_1_83' title='bbox 402 1321 510 1376; x_wconf 86' lang='lat' dir='ltr'><strong>que</strong></span> <span class='ocrx_word' id='word_1_84' title='bbox 543 1322 804 1362; x_wconf 85' lang='lat' dir='ltr'><strong>emanare</strong></span> <span class='ocrx_word' id='word_1_85' title='bbox 827 1349 843 1372; x_wconf 95' lang='lat'><strong>,</strong></span> <span class='ocrx_word' id='word_1_86' title='bbox 871 1318 926 1362; x_wconf 91' lang='lat' dir='ltr'><strong>et</strong></span> <span class='ocrx_word' id='word_1_87' title='bbox 957 1324 1022 1364; x_wconf 79' lang='lat' dir='ltr'><strong>ex</strong></span> <span class='ocrx_word' id='word_1_88' title='bbox 1067 1310 1186 1380; x_wconf 84' lang='lat' dir='ltr'><strong>ejus</strong></span> <span class='ocrx_word' id='word_1_89' title='bbox 1216 1323 1453 1379; x_wconf 84' lang='lat' dir='ltr'><strong>persona</strong></span> <span class='ocrx_word' id='word_1_90' title='bbox 1505 1323 1626 1364; x_wconf 87' lang='lat' dir='ltr'><strong>esse</strong></span> <span class='ocrx_word' id='word_1_91' title='bbox 1676 1321 1968 1379; x_wconf 88' lang='lat' dir='ltr'><strong>putamus.</strong></span> 
     </span>
    </p>
   </div>
   <div class='ocr_carea' id='block_1_15' title="bbox 401 1399 1969 1472">
    <p class='ocr_par' dir='ltr' id='par_1_15' title="bbox 401 1399 1969 1472">
     <span class='ocr_line' id='line_1_15' title="bbox 401 1399 1969 1472; baseline 0.003 -20"><span class='ocrx_word' id='word_1_92' title='bbox 401 1413 466 1452; x_wconf 86' lang='lat' dir='ltr'><strong>ac</strong></span> <span class='ocrx_word' id='word_1_93' title='bbox 498 1399 545 1453; x_wconf 87' lang='lat' dir='ltr'><strong>si</strong></span> <span class='ocrx_word' id='word_1_94' title='bbox 579 1410 799 1469; x_wconf 85' lang='lat' dir='ltr'><strong>propter</strong></span> <span class='ocrx_word' id='word_1_95' title='bbox 829 1399 1171 1456; x_wconf 87' lang='lat' dir='ltr'><strong>identitatem</strong></span> <span class='ocrx_word' id='word_1_96' title='bbox 1207 1411 1453 1468; x_wconf 68' lang='lat' dir='ltr'><strong>naturae,</strong></span> <span class='ocrx_word' id='word_1_97' title='bbox 1498 1410 1553 1457; x_wconf 90' lang='lat' dir='ltr'><strong>et</strong></span> <span class='ocrx_word' id='word_1_98' title='bbox 1610 1418 1969 1472; x_wconf 89' lang='lat' dir='ltr'><strong>personarum</strong></span> 
     </span>
    </p>
   </div>
   <div class='ocr_carea' id='block_1_16' title="bbox 401 1491 1973 1565">
    <p class='ocr_par' dir='ltr' id='par_1_16' title="bbox 401 1491 1973 1565">
     <span class='ocr_line' id='line_1_16' title="bbox 401 1491 1973 1565; baseline 0.002 -20"><span class='ocrx_word' id='word_1_99' title='bbox 401 1491 746 1546; x_wconf 87' lang='lat' dir='ltr'><strong>identitatem</strong></span> <span class='ocrx_word' id='word_1_100' title='bbox 778 1507 1130 1562; x_wconf 89' lang='lat' dir='ltr'><strong>poneremus,</strong></span> <span class='ocrx_word' id='word_1_101' title='bbox 1156 1493 1239 1547; x_wconf 91' lang='lat' dir='ltr'><strong>vel</strong></span> <span class='ocrx_word' id='word_1_102' title='bbox 1261 1503 1483 1565; x_wconf 84' lang='lat' dir='ltr'><strong>propter</strong></span> <span class='ocrx_word' id='word_1_103' title='bbox 1504 1508 1693 1549; x_wconf 88' lang='lat' dir='ltr'><strong>eorum</strong></span> <span class='ocrx_word' id='word_1_104' title='bbox 1715 1494 1973 1550; x_wconf 70' lang='lat' dir='ltr'><strong>differen-</strong></span> 
     </span>
    </p>
   </div>
   <div class='ocr_carea' id='block_1_17' title="bbox 406 1584 1967 1647">
    <p class='ocr_par' dir='ltr' id='par_1_17' title="bbox 406 1584 1967 1647">
     <span class='ocr_line' id='line_1_17' title="bbox 406 1584 1967 1647; baseline 0.003 -11"><span class='ocrx_word' id='word_1_105' title='bbox 406 1584 542 1638; x_wconf 91' lang='lat' dir='ltr'><strong>tiam</strong></span> <span class='ocrx_word' id='word_1_106' title='bbox 568 1623 583 1647; x_wconf 95' lang='lat'><strong>,</strong></span> <span class='ocrx_word' id='word_1_107' title='bbox 618 1584 945 1639; x_wconf 86' lang='lat' dir='ltr'><strong>alteritatcm</strong></span> <span class='ocrx_word' id='word_1_108' title='bbox 992 1585 1156 1640; x_wconf 90' lang='lat' dir='ltr'><strong>etiam</strong></span> <span class='ocrx_word' id='word_1_109' title='bbox 1200 1595 1410 1640; x_wconf 74' lang='lat' dir='ltr'><strong>naturae</strong></span> <span class='ocrx_word' id='word_1_110' title='bbox 1467 1586 1967 1641; x_wconf 89' lang='lat' dir='ltr'><strong>introduceremus.</strong></span> 
     </span>
    </p>
   </div>
   <div class='ocr_carea' id='block_1_18' title="bbox 401 1673 1964 1746">
    <p class='ocr_par' dir='ltr' id='par_1_18' title="bbox 401 1673 1964 1746">
     <span class='ocr_line' id='line_1_18' title="bbox 401 1673 1964 1746; baseline -0.002 -14"><span class='ocrx_word' id='word_1_111' title='bbox 401 1673 572 1732; x_wconf 74' lang='lat' dir='ltr'><strong>Multo</strong></span> <span class='ocrx_word' id='word_1_112' title='bbox 601 1675 845 1744; x_wconf 78' lang='lat' dir='ltr'><strong>profecto</strong></span> <span class='ocrx_word' id='word_1_113' title='bbox 863 1676 1034 1746; x_wconf 89' lang='lat' dir='ltr'><strong>magis</strong></span> <span class='ocrx_word' id='word_1_114' title='bbox 1073 1691 1173 1731; x_wconf 90' lang='lat' dir='ltr'><strong>nos</strong></span> <span class='ocrx_word' id='word_1_115' title='bbox 1199 1686 1346 1731; x_wconf 92' lang='lat' dir='ltr'><strong>tuam</strong></span> <span class='ocrx_word' id='word_1_116' title='bbox 1368 1677 1651 1746; x_wconf 81' lang='lat' dir='ltr'><strong>perﬁdiam</strong></span> <span class='ocrx_word' id='word_1_117' title='bbox 1680 1677 1964 1731; x_wconf 90' lang='lat' dir='ltr'><strong>miramur.</strong></span> 
     </span>
    </p>
   </div>
   <div class='ocr_carea' id='block_1_19' title="bbox 404 1765 1966 1826">
    <p class='ocr_par' dir='ltr' id='par_1_19' title="bbox 404 1765 1966 1826">
     <span class='ocr_line' id='line_1_19' title="bbox 404 1765 1966 1826; baseline 0.004 -9"><span class='ocrx_word' id='word_1_118' title='bbox 404 1765 460 1818; x_wconf 90' lang='lat' dir='ltr'><strong>Si</strong></span> <span class='ocrx_word' id='word_1_119' title='bbox 492 1780 618 1820; x_wconf 92' lang='lat' dir='ltr'><strong>cum</strong></span> <span class='ocrx_word' id='word_1_120' title='bbox 659 1765 779 1821; x_wconf 85' lang='lat' dir='ltr'><strong>Filii</strong></span> <span class='ocrx_word' id='word_1_121' title='bbox 828 1777 1078 1822; x_wconf 90' lang='lat' dir='ltr'><strong>naturam</strong></span> <span class='ocrx_word' id='word_1_122' title='bbox 1123 1769 1318 1826; x_wconf 73' lang='lat' dir='ltr'><strong>audias</strong></span> <span class='ocrx_word' id='word_1_123' title='bbox 1359 1784 1486 1823; x_wconf 93' lang='lat' dir='ltr'><strong>cum</strong></span> <span class='ocrx_word' id='word_1_124' title='bbox 1530 1770 1631 1824; x_wconf 83' lang='lat' dir='ltr'><strong>hac</strong></span> <span class='ocrx_word' id='word_1_125' title='bbox 1680 1767 1966 1824; x_wconf 89' lang='lat' dir='ltr'><strong>additione</strong></span> 
     </span>
    </p>
   </div>
   <div class='ocr_carea' id='block_1_20' title="bbox 414 1855 1966 1930">
    <p class='ocr_par' dir='ltr' id='par_1_20' title="bbox 414 1855 1966 1930">
     <span class='ocr_line' id='line_1_20' title="bbox 414 1855 1966 1930; baseline 0.003 -21"><span class='ocrx_word' id='word_1_126' title='bbox 414 1855 574 1920; x_wconf 85' lang='lat' dir='ltr'><strong>Filii,</strong></span> <span class='ocrx_word' id='word_1_127' title='bbox 605 1871 723 1911; x_wconf 90' lang='lat' dir='ltr'><strong>eam</strong></span> <span class='ocrx_word' id='word_1_128' title='bbox 778 1867 1034 1928; x_wconf 85' lang='lat' dir='ltr'><strong>tauquam</strong></span> <span class='ocrx_word' id='word_1_129' title='bbox 1093 1860 1222 1930; x_wconf 91' lang='lat' dir='ltr'><strong>quid</strong></span> <span class='ocrx_word' id='word_1_130' title='bbox 1275 1860 1622 1930; x_wconf 55' lang='lat' dir='ltr'><strong>simpliciter~</strong></span> <span class='ocrx_word' id='word_1_131' title='bbox 1648 1859 1966 1916; x_wconf 84' lang='lat' dir='ltr'><strong>absolutum</strong></span> 
     </span>
    </p>
   </div>
   <div class='ocr_carea' id='block_1_21' title="bbox 404 1947 1972 2020">
    <p class='ocr_par' dir='ltr' id='par_1_21' title="bbox 404 1947 1972 2020">
     <span class='ocr_line' id='line_1_21' title="bbox 404 1947 1972 2020; baseline 0.002 -19"><span class='ocrx_word' id='word_1_132' title='bbox 404 1947 717 2018; x_wconf 79' lang='lat' dir='ltr'><strong>intelligas,</strong></span> <span class='ocrx_word' id='word_1_133' title='bbox 751 1961 945 2004; x_wconf 88' lang='lat' dir='ltr'><strong>etnon</strong></span> <span class='ocrx_word' id='word_1_134' title='bbox 1003 1965 1128 2004; x_wconf 91' lang='lat' dir='ltr'><strong>cum</strong></span> <span class='ocrx_word' id='word_1_135' title='bbox 1181 1953 1521 2020; x_wconf 84' lang='lat' dir='ltr'><strong>proprietate</strong></span> <span class='ocrx_word' id='word_1_136' title='bbox 1560 1950 1721 2017; x_wconf 87' lang='lat' dir='ltr'><strong>Filii,</strong></span> <span class='ocrx_word' id='word_1_137' title='bbox 1765 1966 1870 2006; x_wconf 90' lang='lat' dir='ltr'><strong>nec</strong></span> <span class='ocrx_word' id='word_1_138' title='bbox 1917 1949 1972 2005; x_wconf 90' lang='lat' dir='ltr'><strong>id</strong></span> 
     </span>
    </p>
   </div>
   <div class='ocr_carea' id='block_1_22' title="bbox 405 2041 1976 2114">
    <p class='ocr_par' dir='ltr' id='par_1_22' title="bbox 405 2041 1976 2114">
     <span class='ocr_line' id='line_1_22' title="bbox 405 2041 1976 2114; baseline 0.003 -20"><span class='ocrx_word' id='word_1_139' title='bbox 405 2041 628 2110; x_wconf 89' lang='lat' dir='ltr'><strong>quidem</strong></span> <span class='ocrx_word' id='word_1_140' title='bbox 694 2042 1172 2111; x_wconf 86' lang='lat' dir='ltr'><strong>comprehendere</strong></span> <span class='ocrx_word' id='word_1_141' title='bbox 1234 2043 1502 2112; x_wconf 87' lang='lat' dir='ltr'><strong>potuisti,</strong></span> <span class='ocrx_word' id='word_1_142' title='bbox 1568 2043 1711 2112; x_wconf 89' lang='lat' dir='ltr'><strong>quod</strong></span> <span class='ocrx_word' id='word_1_143' title='bbox 1769 2058 1864 2114; x_wconf 85' lang='lat' dir='ltr'><strong>per</strong></span> <span class='ocrx_word' id='word_1_144' title='bbox 1917 2057 1976 2098; x_wconf 87' lang='lat' dir='ltr'><strong>se</strong></span> 
     </span>
    </p>
   </div>
   <div class='ocr_carea' id='block_1_23' title="bbox 410 2131 1976 2203">
    <p class='ocr_par' dir='ltr' id='par_1_23' title="bbox 410 2131 1976 2203">
     <span class='ocr_line' id='line_1_23' title="bbox 410 2131 1976 2203; baseline 0.003 -20"><span class='ocrx_word' id='word_1_145' title='bbox 410 2140 602 2184; x_wconf 88' lang='lat' dir='ltr'><strong>natura</strong></span> <span class='ocrx_word' id='word_1_146' title='bbox 679 2131 930 2187; x_wconf 89' lang='lat' dir='ltr'><strong>absolute</strong></span> <span class='ocrx_word' id='word_1_147' title='bbox 995 2134 1472 2203; x_wconf 88' lang='lat' dir='ltr'><strong>communiterque</strong></span> <span class='ocrx_word' id='word_1_148' title='bbox 1525 2142 1742 2202; x_wconf 88' lang='lat' dir='ltr'><strong>sumpta</strong></span> <span class='ocrx_word' id='word_1_149' title='bbox 1801 2148 1976 2198; x_wconf 87' lang='lat' dir='ltr'><strong>neque</strong></span> 
     </span>
    </p>
   </div>
   <div class='ocr_carea' id='block_1_24' title="bbox 407 2222 1977 2294">
    <p class='ocr_par' dir='ltr' id='par_1_24' title="bbox 407 2222 1977 2294">
     <span class='ocr_line' id='line_1_24' title="bbox 407 2222 1977 2294; baseline -0.002 -16"><span class='ocrx_word' id='word_1_150' title='bbox 407 2222 628 2284; x_wconf 82' lang='lat' dir='ltr'><strong>mittere</strong></span> <span class='ocrx_word' id='word_1_151' title='bbox 686 2239 865 2294; x_wconf 88' lang='lat' dir='ltr'><strong>neque</strong></span> <span class='ocrx_word' id='word_1_152' title='bbox 915 2225 1222 2294; x_wconf 84' lang='lat' dir='ltr'><strong>producere</strong></span> <span class='ocrx_word' id='word_1_153' title='bbox 1272 2224 1569 2293; x_wconf 88' lang='lat' dir='ltr'><strong>quidquam</strong></span> <span class='ocrx_word' id='word_1_154' title='bbox 1632 2233 1844 2294; x_wconf 88' lang='lat' dir='ltr'><strong>potest,</strong></span> <span class='ocrx_word' id='word_1_155' title='bbox 1877 2239 1977 2278; x_wconf 59' lang='lat' dir='ltr'><strong>nee.</strong></span> 
     </span>
    </p>
   </div>
   <div class='ocr_carea' id='block_1_25' title="bbox 410 2315 1975 2386">
    <p class='ocr_par' dir='ltr' id='par_1_25' title="bbox 410 2315 1975 2386">
     <span class='ocr_line' id='line_1_25' title="bbox 410 2315 1975 2386; baseline 0.002 -19"><span class='ocrx_word' id='word_1_156' title='bbox 410 2328 519 2382; x_wconf 86' lang='lat' dir='ltr'><strong>que</strong></span> <span class='ocrx_word' id='word_1_157' title='bbox 580 2315 810 2369; x_wconf 92' lang='lat' dir='ltr'><strong>omnino</strong></span> <span class='ocrx_word' id='word_1_158' title='bbox 859 2330 980 2370; x_wconf 89' lang='lat' dir='ltr'><strong>esse</strong></span> <span class='ocrx_word' id='word_1_159' title='bbox 1027 2330 1191 2370; x_wconf 89' lang='lat' dir='ltr'><strong>causa</strong></span> <span class='ocrx_word' id='word_1_160' title='bbox 1244 2315 1500 2381; x_wconf 89' lang='lat' dir='ltr'><strong>essendi,</strong></span> <span class='ocrx_word' id='word_1_161' title='bbox 1551 2331 1673 2386; x_wconf 72' lang='lat' dir='ltr'><strong>qua:</strong></span> <span class='ocrx_word' id='word_1_162' title='bbox 1729 2331 1841 2370; x_wconf 93' lang='lat' dir='ltr'><strong>non</strong></span> <span class='ocrx_word' id='word_1_163' title='bbox 1903 2316 1975 2370; x_wconf 88' lang='lat' dir='ltr'><strong>sit</strong></span> 
     </span>
    </p>
   </div>
   <div class='ocr_carea' id='block_1_26' title="bbox 411 2403 1976 2476">
    <p class='ocr_par' dir='ltr' id='par_1_26' title="bbox 411 2403 1976 2476">
     <span class='ocr_line' id='line_1_26' title="bbox 411 2403 1976 2476; baseline 0.001 -18"><span class='ocrx_word' id='word_1_164' title='bbox 411 2419 539 2460; x_wconf 88' lang='lat' dir='ltr'><strong>cum</strong></span> <span class='ocrx_word' id='word_1_165' title='bbox 594 2403 775 2475; x_wconf 78' lang='lat' dir='ltr'><strong>aliqua</strong></span> <span class='ocrx_word' id='word_1_166' title='bbox 829 2405 1167 2475; x_wconf 88' lang='lat' dir='ltr'><strong>proprietate</strong></span> <span class='ocrx_word' id='word_1_167' title='bbox 1211 2415 1468 2475; x_wconf 88' lang='lat' dir='ltr'><strong>sumpta,</strong></span> <span class='ocrx_word' id='word_1_168' title='bbox 1517 2421 1638 2476; x_wconf 65' lang='lat' dir='ltr'><strong>quae</strong></span> <span class='ocrx_word' id='word_1_169' title='bbox 1685 2420 1976 2475; x_wconf 86' lang='lat' dir='ltr'><strong>personam</strong></span> 
     </span>
    </p>
   </div>
   <div class='ocr_carea' id='block_1_27' title="bbox 408 2496 1980 2566">
    <p class='ocr_par' dir='ltr' id='par_1_27' title="bbox 408 2496 1980 2566">
     <span class='ocr_line' id='line_1_27' title="bbox 408 2496 1980 2566; baseline -0.003 -14"><span class='ocrx_word' id='word_1_170' title='bbox 408 2496 730 2558; x_wconf 84' lang='lat' dir='ltr'><strong>constituat.</strong></span> <span class='ocrx_word' id='word_1_171' title='bbox 781 2497 915 2551; x_wconf 86' lang='lat' dir='ltr'><strong>Nam</strong></span> <span class='ocrx_word' id='word_1_172' title='bbox 967 2497 1114 2566; x_wconf 86' lang='lat' dir='ltr'><strong>quod</strong></span> <span class='ocrx_word' id='word_1_173' title='bbox 1166 2496 1577 2552; x_wconf 81' lang='lat' dir='ltr'><strong>individuorum</strong></span> <span class='ocrx_word' id='word_1_174' title='bbox 1629 2496 1740 2551; x_wconf 90' lang='lat' dir='ltr'><strong>sint</strong></span> <span class='ocrx_word' id='word_1_175' title='bbox 1788 2509 1980 2565; x_wconf 82' lang='lat' dir='ltr'><strong>opera-</strong></span> 
     </span>
    </p>
   </div>
   <div class='ocr_carea' id='block_1_28' title="bbox 410 2588 1376 2659">
    <p class='ocr_par' dir='ltr' id='par_1_28' title="bbox 410 2588 1376 2659">
     <span class='ocr_line' id='line_1_28' title="bbox 410 2588 1376 2659; baseline 0 -17"><span class='ocrx_word' id='word_1_176' title='bbox 410 2591 611 2658; x_wconf 78' lang='lat' dir='ltr'><strong>tiones,</strong></span> <span class='ocrx_word' id='word_1_177' title='bbox 643 2597 754 2642; x_wconf 87' lang='lat' dir='ltr'><strong>tota</strong></span> <span class='ocrx_word' id='word_1_178' title='bbox 785 2588 1130 2659; x_wconf 86' lang='lat' dir='ltr'><strong>philosophia</strong></span> <span class='ocrx_word' id='word_1_179' title='bbox 1160 2588 1376 2646; x_wconf 87' lang='lat' dir='ltr'><strong>clamat.</strong></span> 
     </span>
    </p>
   </div>
   <div class='ocr_carea' id='block_1_29' title="bbox 762 2701 1621 2773">
    <p class='ocr_par' dir='ltr' id='par_1_29' title="bbox 762 2701 1621 2773">
     <span class='ocr_line' id='line_1_29' title="bbox 762 2701 1621 2773; baseline -0.002 -15"><span class='ocrx_word' id='word_1_180' title='bbox 762 2701 1014 2758; x_wconf 82' lang='lat' dir='ltr'><strong>Octavum</strong></span> <span class='ocrx_word' id='word_1_181' title='bbox 1046 2713 1418 2773; x_wconf 80' lang='lat' dir='ltr'><strong>argumentum</strong></span> <span class='ocrx_word' id='word_1_182' title='bbox 1456 2703 1621 2757; x_wconf 83' lang='lat' dir='ltr'><strong>Vecci.</strong></span> 
     </span>
    </p>
   </div>
   <div class='ocr_carea' id='block_1_30' title="bbox 484 2813 1978 2883">
    <p class='ocr_par' dir='ltr' id='par_1_30' title="bbox 484 2813 1978 2883">
     <span class='ocr_line' id='line_1_30' title="bbox 484 2813 1978 2883; baseline -0.002 -12"><span class='ocrx_word' id='word_1_183' title='bbox 484 2814 564 2870; x_wconf 78' lang='lat' dir='ltr'><strong>Ad</strong></span> <span class='ocrx_word' id='word_1_184' title='bbox 590 2813 1080 2870; x_wconf 88' lang='lat' dir='ltr'><strong>demonstrandum</strong></span> <span class='ocrx_word' id='word_1_185' title='bbox 1112 2813 1376 2883; x_wconf 87' lang='lat' dir='ltr'><strong>Spiritum</strong></span> <span class='ocrx_word' id='word_1_186' title='bbox 1435 2823 1685 2868; x_wconf 89' lang='lat' dir='ltr'><strong>sanctum</strong></span> <span class='ocrx_word' id='word_1_187' title='bbox 1721 2828 1788 2868; x_wconf 85' lang='lat' dir='ltr'><strong>ex</strong></span> <span class='ocrx_word' id='word_1_188' title='bbox 1817 2813 1978 2869; x_wconf 87' lang='lat' dir='ltr'><strong>Patre</strong></span> 
     </span>
    </p>
   </div>
   <div class='ocr_carea' id='block_1_31' title="bbox 412 2905 1979 2976">
    <p class='ocr_par' dir='ltr' id='par_1_31' title="bbox 412 2905 1979 2976">
     <span class='ocr_line' id='line_1_31' title="bbox 412 2905 1979 2976; baseline -0.002 -13"><span class='ocrx_word' id='word_1_189' title='bbox 412 2907 664 2976; x_wconf 82' lang='lat' dir='ltr'><strong>Filioque</strong></span> <span class='ocrx_word' id='word_1_190' title='bbox 703 2921 847 2970; x_wconf 88' lang='lat' dir='ltr'><strong>esse,</strong></span> <span class='ocrx_word' id='word_1_191' title='bbox 921 2905 1161 2960; x_wconf 64' lang='lat' dir='ltr'><strong>collectm</strong></span> <span class='ocrx_word' id='word_1_192' title='bbox 1211 2913 1340 2959; x_wconf 89' lang='lat' dir='ltr'><strong>sunt</strong></span> <span class='ocrx_word' id='word_1_193' title='bbox 1385 2914 1438 2959; x_wconf 91' lang='lat' dir='ltr'><strong>et</strong></span> <span class='ocrx_word' id='word_1_194' title='bbox 1497 2920 1577 2960; x_wconf 72' lang='lat' dir='ltr'><strong>ea:</strong></span> <span class='ocrx_word' id='word_1_195' title='bbox 1624 2905 1979 2960; x_wconf 87' lang='lat' dir='ltr'><strong>auctoritates</strong></span> 
     </span>
    </p>
   </div>
   <div class='ocr_carea' id='block_1_32' title="bbox 413 2996 1976 3069">
    <p class='ocr_par' dir='ltr' id='par_1_32' title="bbox 413 2996 1976 3069">
     <span class='ocr_line' id='line_1_32' title="bbox 413 2996 1976 3069; baseline -0.002 -15"><span class='ocrx_word' id='word_1_196' title='bbox 413 2998 851 3069; x_wconf 88' lang='lat' dir='ltr'><strong>Scripturarum,</strong></span> <span class='ocrx_word' id='word_1_197' title='bbox 877 3012 998 3065; x_wconf 69' lang='lat' dir='ltr'><strong>quae</strong></span> <span class='ocrx_word' id='word_1_198' title='bbox 1024 2997 1321 3052; x_wconf 89' lang='lat' dir='ltr'><strong>ostendunt</strong></span> <span class='ocrx_word' id='word_1_199' title='bbox 1347 3011 1473 3052; x_wconf 92' lang='lat' dir='ltr'><strong>eum</strong></span> <span class='ocrx_word' id='word_1_200' title='bbox 1507 3012 1626 3052; x_wconf 90' lang='lat' dir='ltr'><strong>esse</strong></span> <span class='ocrx_word' id='word_1_201' title='bbox 1662 2996 1976 3067; x_wconf 87' lang='lat' dir='ltr'><strong>qualitatem</strong></span> 
     </span>
    </p>
   </div>
   <div class='ocr_carea' id='block_1_33' title="bbox 409 3088 1976 3160">
    <p class='ocr_par' dir='ltr' id='par_1_33' title="bbox 409 3088 1976 3160">
     <span class='ocr_line' id='line_1_33' title="bbox 409 3088 1976 3160; baseline 0 -16"><span class='ocrx_word' id='word_1_202' title='bbox 409 3089 738 3144; x_wconf 71' lang='lat' dir='ltr'><strong>substantia:</strong></span> <span class='ocrx_word' id='word_1_203' title='bbox 778 3088 960 3144; x_wconf 89' lang='lat' dir='ltr'><strong>Patris</strong></span> <span class='ocrx_word' id='word_1_204' title='bbox 1001 3099 1058 3144; x_wconf 88' lang='lat' dir='ltr'><strong>et</strong></span> <span class='ocrx_word' id='word_1_205' title='bbox 1104 3089 1252 3143; x_wconf 82' lang='lat' dir='ltr'><strong>Filii.</strong></span> <span class='ocrx_word' id='word_1_206' title='bbox 1296 3089 1542 3158; x_wconf 90' lang='lat' dir='ltr'><strong>Itemque</strong></span> <span class='ocrx_word' id='word_1_207' title='bbox 1586 3089 1976 3160; x_wconf 85' lang='lat' dir='ltr'><strong>Iragrantiam,</strong></span> 
     </span>
    </p>
   </div>
   <div class='ocr_carea' id='block_1_34' title="bbox 411 3178 1980 3251">
    <p class='ocr_par' dir='ltr' id='par_1_34' title="bbox 411 3178 1980 3251">
     <span class='ocr_line' id='line_1_34' title="bbox 411 3178 1980 3251; baseline -0.001 -17"><span class='ocrx_word' id='word_1_208' title='bbox 411 3181 772 3251; x_wconf 79' lang='lat' dir='ltr'><strong>spirationem</strong></span> <span class='ocrx_word' id='word_1_209' title='bbox 832 3188 888 3234; x_wconf 91' lang='lat' dir='ltr'><strong>et</strong></span> <span class='ocrx_word' id='word_1_210' title='bbox 959 3180 1230 3244; x_wconf 87' lang='lat' dir='ltr'><strong>odorem;</strong></span> <span class='ocrx_word' id='word_1_211' title='bbox 1279 3181 1432 3250; x_wconf 79' lang='lat' dir='ltr'><strong>juxta</strong></span> <span class='ocrx_word' id='word_1_212' title='bbox 1481 3187 1664 3234; x_wconf 89' lang='lat' dir='ltr'><strong>autem</strong></span> <span class='ocrx_word' id='word_1_213' title='bbox 1710 3178 1980 3249; x_wconf 82' lang='lat' dir='ltr'><strong>ejusmodi</strong></span> 
     </span>
    </p>
   </div>
   <div class='ocr_carea' id='block_1_35' title="bbox 413 3270 1982 3341">
    <p class='ocr_par' dir='ltr' id='par_1_35' title="bbox 413 3270 1982 3341">
     <span class='ocr_line' id='line_1_35' title="bbox 413 3270 1982 3341; baseline -0.001 -15"><span class='ocrx_word' id='word_1_214' title='bbox 413 3270 758 3336; x_wconf 86' lang='lat' dir='ltr'><strong>sententias,</strong></span> <span class='ocrx_word' id='word_1_215' title='bbox 804 3279 861 3325; x_wconf 88' lang='lat' dir='ltr'><strong>et</strong></span> <span class='ocrx_word' id='word_1_216' title='bbox 905 3271 1011 3324; x_wconf 85' lang='lat' dir='ltr'><strong>alia</strong></span> <span class='ocrx_word' id='word_1_217' title='bbox 1064 3270 1205 3325; x_wconf 87' lang='lat' dir='ltr'><strong>dicta</strong></span> <span class='ocrx_word' id='word_1_218' title='bbox 1260 3277 1519 3341; x_wconf 72' lang='lat' dir='ltr'><strong>excerpta</strong></span> <span class='ocrx_word' id='word_1_219' title='bbox 1563 3277 1730 3326; x_wconf 89' lang='lat' dir='ltr'><strong>sunt:</strong></span> <span class='ocrx_word' id='word_1_220' title='bbox 1766 3284 1887 3340; x_wconf 69' lang='lat' dir='ltr'><strong>qua:</strong></span> <span class='ocrx_word' id='word_1_221' title='bbox 1925 3271 1982 3324; x_wconf 91' lang='lat' dir='ltr'><strong>in</strong></span> 
     </span>
    </p>
   </div>
   <div class='ocr_carea' id='block_1_36' title="bbox 411 3359 1986 3429">
    <p class='ocr_par' dir='ltr' id='par_1_36' title="bbox 411 3359 1986 3429">
     <span class='ocr_line' id='line_1_36' title="bbox 411 3359 1986 3429; baseline 0.001 -14"><span class='ocrx_word' id='word_1_222' title='bbox 411 3360 665 3416; x_wconf 88' lang='lat' dir='ltr'><strong>eumdem</strong></span> <span class='ocrx_word' id='word_1_223' title='bbox 698 3374 924 3427; x_wconf 80' lang='lat' dir='ltr'><strong>sensum</strong></span> <span class='ocrx_word' id='word_1_224' title='bbox 957 3361 1197 3425; x_wconf 88' lang='lat' dir='ltr'><strong>ducunt,</strong></span> <span class='ocrx_word' id='word_1_225' title='bbox 1229 3376 1351 3429; x_wconf 85' lang='lat' dir='ltr'><strong>quae</strong></span> <span class='ocrx_word' id='word_1_226' title='bbox 1386 3370 1442 3414; x_wconf 89' lang='lat' dir='ltr'><strong>et</strong></span> <span class='ocrx_word' id='word_1_227' title='bbox 1489 3361 1704 3414; x_wconf 88' lang='lat' dir='ltr'><strong>Patrem</strong></span> <span class='ocrx_word' id='word_1_228' title='bbox 1745 3359 1986 3428; x_wconf 83' lang='lat' dir='ltr'><strong>Spiritus</strong></span> 
     </span>
    </p>
   </div>
   <div class='ocr_carea' id='block_1_37' title="bbox 413 3453 1983 3524">
    <p class='ocr_par' dir='ltr' id='par_1_37' title="bbox 413 3453 1983 3524">
     <span class='ocr_line' id='line_1_37' title="bbox 413 3453 1983 3524; baseline -0.003 -14"><span class='ocrx_word' id='word_1_229' title='bbox 413 3455 589 3510; x_wconf 81' lang='lat' dir='ltr'><strong>sancti</strong></span> <span class='ocrx_word' id='word_1_230' title='bbox 634 3454 881 3520; x_wconf 76' lang='lat' dir='ltr'><strong>fontem,</strong></span> <span class='ocrx_word' id='word_1_231' title='bbox 912 3465 968 3512; x_wconf 88' lang='lat' dir='ltr'><strong>et</strong></span> <span class='ocrx_word' id='word_1_232' title='bbox 1010 3454 1209 3510; x_wconf 88' lang='lat' dir='ltr'><strong>Filium</strong></span> <span class='ocrx_word' id='word_1_233' title='bbox 1262 3453 1502 3524; x_wconf 86' lang='lat' dir='ltr'><strong>Spiritus</strong></span> <span class='ocrx_word' id='word_1_234' title='bbox 1551 3455 1728 3509; x_wconf 85' lang='lat' dir='ltr'><strong>sancti</strong></span> <span class='ocrx_word' id='word_1_235' title='bbox 1777 3453 1983 3509; x_wconf 77' lang='lat' dir='ltr'><strong>fontem</strong></span> 
     </span>
    </p>
   </div>
   <div class='ocr_carea' id='block_1_38' title="bbox 415 3549 1018 3618">
    <p class='ocr_par' dir='ltr' id='par_1_38' title="bbox 415 3549 1018 3618">
     <span class='ocr_line' id='line_1_38' title="bbox 415 3549 1018 3618; baseline 0.01 -20"><span class='ocrx_word' id='word_1_236' title='bbox 415 3549 659 3618; x_wconf 85' lang='lat' dir='ltr'><strong>piissime</strong></span> <span class='ocrx_word' id='word_1_237' title='bbox 687 3557 1018 3604; x_wconf 82' lang='lat' dir='ltr'><strong>asseverant.</strong></span> 
     </span>
    </p>
   </div>
   <div class='ocr_carea' id='block_1_39' title="bbox 874 3661 1519 3718">
    <p class='ocr_par' dir='ltr' id='par_1_39' title="bbox 874 3661 1519 3718">
     <span class='ocr_line' id='line_1_39' title="bbox 874 3661 1519 3718; baseline 0.003 -3"><span class='ocrx_word' id='word_1_238' title='bbox 874 3661 1112 3718; x_wconf 77' lang='lat' dir='ltr'><strong>Palamte</strong></span> <span class='ocrx_word' id='word_1_239' title='bbox 1152 3665 1519 3718; x_wconf 78' lang='lat' dir='ltr'><strong>contradictio.</strong></span> 
     </span>
    </p>
   </div>
   <div class='ocr_carea' id='block_1_40' title="bbox 490 3761 1984 3836">
    <p class='ocr_par' dir='ltr' id='par_1_40' title="bbox 490 3761 1984 3836">
     <span class='ocr_line' id='line_1_40' title="bbox 490 3761 1984 3836; baseline 0 -18"><span class='ocrx_word' id='word_1_240' title='bbox 490 3762 788 3818; x_wconf 78' lang='lat' dir='ltr'><strong>Sententiae</strong></span> <span class='ocrx_word' id='word_1_241' title='bbox 828 3761 919 3818; x_wconf 87' lang='lat' dir='ltr'><strong>hic</strong></span> <span class='ocrx_word' id='word_1_242' title='bbox 963 3764 1290 3832; x_wconf 88' lang='lat' dir='ltr'><strong>scriptorum</strong></span> <span class='ocrx_word' id='word_1_243' title='bbox 1340 3765 1582 3822; x_wconf 80' lang='lat' dir='ltr'><strong>collectae</strong></span> <span class='ocrx_word' id='word_1_244' title='bbox 1614 3782 1710 3836; x_wconf 89' lang='lat' dir='ltr'><strong>per</strong></span> <span class='ocrx_word' id='word_1_245' title='bbox 1739 3764 1984 3833; x_wconf 81' lang='lat' dir='ltr'><strong>exempla</strong></span> 
     </span>
    </p>
   </div>
   <div class='ocr_carea' id='block_1_41' title="bbox 420 3855 1988 3927">
    <p class='ocr_par' dir='ltr' id='par_1_41' title="bbox 420 3855 1988 3927">
     <span class='ocr_line' id='line_1_41' title="bbox 420 3855 1988 3927; baseline -0.001 -17"><span class='ocrx_word' id='word_1_246' title='bbox 420 3856 696 3926; x_wconf 64' lang='lat' dir='ltr'><strong>quietiam,</strong></span> <span class='ocrx_word' id='word_1_247' title='bbox 731 3856 910 3926; x_wconf 85' lang='lat' dir='ltr'><strong>quoad</strong></span> <span class='ocrx_word' id='word_1_248' title='bbox 947 3855 1063 3910; x_wconf 81' lang='lat' dir='ltr'><strong>ﬁeri</strong></span> <span class='ocrx_word' id='word_1_249' title='bbox 1096 3867 1296 3926; x_wconf 87' lang='lat' dir='ltr'><strong>potest,</strong></span> <span class='ocrx_word' id='word_1_250' title='bbox 1319 3857 1580 3927; x_wconf 87' lang='lat' dir='ltr'><strong>Spiritum</strong></span> <span class='ocrx_word' id='word_1_251' title='bbox 1611 3866 1860 3910; x_wconf 90' lang='lat' dir='ltr'><strong>sanctum</strong></span> <span class='ocrx_word' id='word_1_252' title='bbox 1887 3855 1988 3909; x_wconf 88' lang='lat' dir='ltr'><strong>Pa-</strong></span> 
     </span>
    </p>
   </div>
   <div class='ocr_carea' id='block_1_42' title="bbox 420 3943 1988 4017">
    <p class='ocr_par' dir='ltr' id='par_1_42' title="bbox 420 3943 1988 4017">
     <span class='ocr_line' id='line_1_42' title="bbox 420 3943 1988 4017; baseline -0.001 -17"><span class='ocrx_word' id='word_1_253' title='bbox 420 3948 490 4001; x_wconf 88' lang='lat' dir='ltr'><strong>tri</strong></span> <span class='ocrx_word' id='word_1_254' title='bbox 531 3947 779 4017; x_wconf 87' lang='lat' dir='ltr'><strong>Filioque</strong></span> <span class='ocrx_word' id='word_1_255' title='bbox 829 3947 1352 4002; x_wconf 88' lang='lat' dir='ltr'><strong>consubstantialem</strong></span> <span class='ocrx_word' id='word_1_256' title='bbox 1380 3964 1500 4002; x_wconf 88' lang='lat' dir='ltr'><strong>esse</strong></span> <span class='ocrx_word' id='word_1_257' title='bbox 1532 3947 1849 4002; x_wconf 89' lang='lat' dir='ltr'><strong>ostendunt.</strong></span> <span class='ocrx_word' id='word_1_258' title='bbox 1879 3943 1988 3999; x_wconf 84' lang='lat' dir='ltr'><strong>Nec</strong></span> 
     </span>
    </p>
   </div>
   <div class='ocr_carea' id='block_1_43' title="bbox 423 4035 1985 4108">
    <p class='ocr_par' dir='ltr' id='par_1_43' title="bbox 423 4035 1985 4108">
     <span class='ocr_line' id='line_1_43' title="bbox 423 4035 1985 4108; baseline -0.001 -16"><span class='ocrx_word' id='word_1_259' title='bbox 423 4039 572 4092; x_wconf 87' lang='lat' dir='ltr'><strong>enim</strong></span> <span class='ocrx_word' id='word_1_260' title='bbox 603 4040 916 4108; x_wconf 78' lang='lat' dir='ltr'><strong>exemplum</strong></span> <span class='ocrx_word' id='word_1_261' title='bbox 959 4039 1205 4108; x_wconf 83' lang='lat' dir='ltr'><strong>reperire</strong></span> <span class='ocrx_word' id='word_1_262' title='bbox 1255 4039 1548 4108; x_wconf 86' lang='lat' dir='ltr'><strong>quisquam</strong></span> <span class='ocrx_word' id='word_1_263' title='bbox 1599 4047 1806 4108; x_wconf 85' lang='lat' dir='ltr'><strong>potest,</strong></span> <span class='ocrx_word' id='word_1_264' title='bbox 1841 4035 1985 4106; x_wconf 88' lang='lat' dir='ltr'><strong>quod</strong></span> 
     </span>
    </p>
   </div>
   <div class='ocr_carea' id='block_1_44' title="bbox 421 4129 1988 4192">
    <p class='ocr_par' dir='ltr' id='par_1_44' title="bbox 421 4129 1988 4192">
     <span class='ocr_line' id='line_1_44' title="bbox 421 4129 1988 4192; baseline 0 -10"><span class='ocrx_word' id='word_1_265' title='bbox 421 4130 798 4184; x_wconf 89' lang='lat' dir='ltr'><strong>omnimodam</strong></span> <span class='ocrx_word' id='word_1_266' title='bbox 832 4130 1034 4192; x_wconf 86' lang='lat' dir='ltr'><strong>habeat</strong></span> <span class='ocrx_word' id='word_1_267' title='bbox 1075 4131 1514 4188; x_wconf 88' lang='lat' dir='ltr'><strong>similitudinem.</strong></span> <span class='ocrx_word' id='word_1_268' title='bbox 1551 4131 1617 4184; x_wconf 87' lang='lat' dir='ltr'><strong>Et</strong></span> <span class='ocrx_word' id='word_1_269' title='bbox 1647 4145 1770 4184; x_wconf 91' lang='lat' dir='ltr'><strong>cum</strong></span> <span class='ocrx_word' id='word_1_270' title='bbox 1818 4129 1988 4183; x_wconf 86' lang='lat' dir='ltr'><strong>inter-</strong></span> 
     </span>
    </p>
   </div>
   <div class='ocr_carea' id='block_1_45' title="bbox 423 4219 1986 4291">
    <p class='ocr_par' dir='ltr' id='par_1_45' title="bbox 423 4219 1986 4291">
     <span class='ocr_line' id='line_1_45' title="bbox 423 4219 1986 4291; baseline -0.003 -16"><span class='ocrx_word' id='word_1_271' title='bbox 423 4222 553 4275; x_wconf 86' lang='lat' dir='ltr'><strong>dum</strong></span> <span class='ocrx_word' id='word_1_272' title='bbox 587 4221 830 4291; x_wconf 85' lang='lat' dir='ltr'><strong>Spiritus</strong></span> <span class='ocrx_word' id='word_1_273' title='bbox 856 4233 1080 4276; x_wconf 88' lang='lat' dir='ltr'><strong>sanctus</strong></span> <span class='ocrx_word' id='word_1_274' title='bbox 1102 4237 1241 4290; x_wconf 83' lang='lat' dir='ltr'><strong>aqua</strong></span> <span class='ocrx_word' id='word_1_275' title='bbox 1271 4222 1391 4274; x_wconf 85' lang='lat' dir='ltr'><strong>viva</strong></span> <span class='ocrx_word' id='word_1_276' title='bbox 1422 4229 1652 4276; x_wconf 84' lang='lat' dir='ltr'><strong>vocetur</strong></span> <span class='ocrx_word' id='word_1_277' title='bbox 1678 4219 1986 4275; x_wconf 87' lang='lat' dir='ltr'><strong>secundum</strong></span> 
     </span>
    </p>
   </div>
   <div class='ocr_carea' id='block_1_46' title="bbox 421 4311 1987 4384">
    <p class='ocr_par' dir='ltr' id='par_1_46' title="bbox 421 4311 1987 4384">
     <span class='ocr_line' id='line_1_46' title="bbox 421 4311 1987 4384; baseline -0.001 -18"><span class='ocrx_word' id='word_1_278' title='bbox 421 4316 654 4383; x_wconf 76' lang='lat' dir='ltr'><strong>gratiam</strong></span> <span class='ocrx_word' id='word_1_279' title='bbox 696 4322 753 4368; x_wconf 91' lang='lat' dir='ltr'><strong>et</strong></span> <span class='ocrx_word' id='word_1_280' title='bbox 782 4313 1157 4384; x_wconf 88' lang='lat' dir='ltr'><strong>operationem</strong></span> <span class='ocrx_word' id='word_1_281' title='bbox 1181 4352 1196 4376; x_wconf 96' lang='lat'><strong>,</strong></span> <span class='ocrx_word' id='word_1_282' title='bbox 1233 4313 1394 4381; x_wconf 88' lang='lat' dir='ltr'><strong>hujus</strong></span> <span class='ocrx_word' id='word_1_283' title='bbox 1426 4327 1580 4379; x_wconf 76' lang='lat' dir='ltr'><strong>aqua:</strong></span> <span class='ocrx_word' id='word_1_284' title='bbox 1639 4322 1696 4365; x_wconf 90' lang='lat' dir='ltr'><strong>et</strong></span> <span class='ocrx_word' id='word_1_285' title='bbox 1747 4311 1906 4366; x_wconf 89' lang='lat' dir='ltr'><strong>Pater</strong></span> <span class='ocrx_word' id='word_1_286' title='bbox 1934 4321 1987 4366; x_wconf 89' lang='lat' dir='ltr'><strong>et</strong></span> 
     </span>
    </p>
   </div>
   <div class='ocr_carea' id='block_1_47' title="bbox 424 4399 2065 4470">
    <p class='ocr_par' dir='ltr' id='par_1_47' title="bbox 424 4399 2065 4470">
     <span class='ocr_line' id='line_1_47' title="bbox 424 4399 2065 4470; baseline -0.004 -13"><span class='ocrx_word' id='word_1_287' title='bbox 424 4403 596 4457; x_wconf 75' lang='lat' dir='ltr'><strong>Filius</strong></span> <span class='ocrx_word' id='word_1_288' title='bbox 625 4403 748 4456; x_wconf 81' lang='lat' dir='ltr'><strong>fons</strong></span> <span class='ocrx_word' id='word_1_289' title='bbox 783 4410 1150 4470; x_wconf 87' lang='lat' dir='ltr'><strong>nuncupatur.</strong></span> <span class='ocrx_word' id='word_1_290' title='bbox 1179 4401 1458 4455; x_wconf 90' lang='lat' dir='ltr'><strong>Interdum</strong></span> <span class='ocrx_word' id='word_1_291' title='bbox 1490 4409 1546 4454; x_wconf 91' lang='lat' dir='ltr'><strong>et</strong></span> <span class='ocrx_word' id='word_1_292' title='bbox 1576 4399 1718 4454; x_wconf 89' lang='lat' dir='ltr'><strong>idem</strong></span> <span class='ocrx_word' id='word_1_293' title='bbox 1747 4399 1990 4468; x_wconf 89' lang='lat' dir='ltr'><strong>Spiritus</strong></span> <span class='ocrx_word' id='word_1_294' title='bbox 2025 4399 2065 4450; x_wconf 85' lang='lat' dir='ltr'>D</span> 
     </span>
    </p>
   </div>
   <div class='ocr_carea' id='block_1_48' title="bbox 423 4488 1992 4561">
    <p class='ocr_par' dir='ltr' id='par_1_48' title="bbox 423 4488 1992 4561">
     <span class='ocr_line' id='line_1_48' title="bbox 423 4488 1992 4561; baseline -0.001 -17"><span class='ocrx_word' id='word_1_295' title='bbox 423 4499 668 4546; x_wconf 85' lang='lat' dir='ltr'><strong>sanctus.</strong></span> <span class='ocrx_word' id='word_1_296' title='bbox 730 4491 834 4556; x_wconf 87' lang='lat' dir='ltr'><strong>Qui</strong></span> <span class='ocrx_word' id='word_1_297' title='bbox 867 4506 999 4545; x_wconf 90' lang='lat' dir='ltr'><strong>vero</strong></span> <span class='ocrx_word' id='word_1_298' title='bbox 1029 4489 1301 4561; x_wconf 89' lang='lat' dir='ltr'><strong>ejusmodi</strong></span> <span class='ocrx_word' id='word_1_299' title='bbox 1335 4489 1480 4542; x_wconf 89' lang='lat' dir='ltr'><strong>dicta</strong></span> <span class='ocrx_word' id='word_1_300' title='bbox 1515 4488 1604 4542; x_wconf 87' lang='lat' dir='ltr'><strong>hic</strong></span> <span class='ocrx_word' id='word_1_301' title='bbox 1635 4488 1817 4541; x_wconf 89' lang='lat' dir='ltr'><strong>attulit</strong></span> <span class='ocrx_word' id='word_1_302' title='bbox 1845 4528 1860 4555; x_wconf 91' lang='lat'><strong>,</strong></span> <span class='ocrx_word' id='word_1_303' title='bbox 1893 4488 1992 4542; x_wconf 84' lang='lat' dir='ltr'><strong>ho-</strong></span> 
     </span>
    </p>
   </div>
   <div class='ocr_carea' id='block_1_49' title="bbox 427 4578 1986 4650">
    <p class='ocr_par' dir='ltr' id='par_1_49' title="bbox 427 4578 1986 4650">
     <span class='ocr_line' id='line_1_49' title="bbox 427 4578 1986 4650; baseline -0.001 -17"><span class='ocrx_word' id='word_1_304' title='bbox 427 4597 550 4634; x_wconf 89' lang='lat' dir='ltr'><strong>rutn</strong></span> <span class='ocrx_word' id='word_1_305' title='bbox 601 4580 848 4650; x_wconf 73' lang='lat' dir='ltr'><strong>quaedam</strong></span> <span class='ocrx_word' id='word_1_306' title='bbox 898 4580 1200 4647; x_wconf 74' lang='lat' dir='ltr'><strong>prmteriit,</strong></span> <span class='ocrx_word' id='word_1_307' title='bbox 1253 4579 1584 4648; x_wconf 87' lang='lat' dir='ltr'><strong>quibusdam</strong></span> <span class='ocrx_word' id='word_1_308' title='bbox 1631 4578 1835 4633; x_wconf 86' lang='lat' dir='ltr'><strong>abusus</strong></span> <span class='ocrx_word' id='word_1_309' title='bbox 1879 4589 1986 4634; x_wconf 86' lang='lat' dir='ltr'><strong>est.</strong></span> 
     </span>
    </p>
   </div>
   <div class='ocr_carea' id='block_1_50' title="bbox 424 4669 1988 4740">
    <p class='ocr_par' dir='ltr' id='par_1_50' title="bbox 424 4669 1988 4740">
     <span class='ocr_line' id='line_1_50' title="bbox 424 4669 1988 4740; baseline 0 -16"><span class='ocrx_word' id='word_1_310' title='bbox 424 4671 485 4726; x_wconf 77' lang='lat' dir='ltr'><strong>Et</strong></span> <span class='ocrx_word' id='word_1_311' title='bbox 516 4672 618 4725; x_wconf 90' lang='lat' dir='ltr'><strong>hoc</strong></span> <span class='ocrx_word' id='word_1_312' title='bbox 666 4672 828 4726; x_wconf 86' lang='lat' dir='ltr'><strong>modo</strong></span> <span class='ocrx_word' id='word_1_313' title='bbox 874 4671 1094 4725; x_wconf 88' lang='lat' dir='ltr'><strong>allicere</strong></span> <span class='ocrx_word' id='word_1_314' title='bbox 1156 4680 1213 4724; x_wconf 86' lang='lat' dir='ltr'><strong>et</strong></span> <span class='ocrx_word' id='word_1_315' title='bbox 1288 4670 1502 4725; x_wconf 82' lang='lat' dir='ltr'><strong>trahere</strong></span> <span class='ocrx_word' id='word_1_316' title='bbox 1546 4677 1700 4740; x_wconf 86' lang='lat' dir='ltr'><strong>putat</strong></span> <span class='ocrx_word' id='word_1_317' title='bbox 1731 4669 1798 4723; x_wconf 88' lang='lat' dir='ltr'><strong>ad</strong></span> <span class='ocrx_word' id='word_1_318' title='bbox 1829 4685 1988 4725; x_wconf 89' lang='lat' dir='ltr'><strong>suum</strong></span> 
     </span>
    </p>
   </div>
   <div class='ocr_carea' id='block_1_51' title="bbox 431 4761 1346 4831">
    <p class='ocr_par' dir='ltr' id='par_1_51' title="bbox 431 4761 1346 4831">
     <span class='ocr_line' id='line_1_51' title="bbox 431 4761 1346 4831; baseline -0.003 -15"><span class='ocrx_word' id='word_1_319' title='bbox 431 4778 755 4831; x_wconf 86' lang='lat' dir='ltr'><strong>perversum</strong></span> <span class='ocrx_word' id='word_1_320' title='bbox 783 4778 1005 4818; x_wconf 90' lang='lat' dir='ltr'><strong>sensum</strong></span> <span class='ocrx_word' id='word_1_321' title='bbox 1039 4761 1346 4817; x_wconf 87' lang='lat' dir='ltr'><strong>audientes.</strong></span> 
     </span>
    </p>
   </div>
   <div class='ocr_carea' id='block_1_52' title="bbox 951 4875 1454 4944">
    <p class='ocr_par' dir='ltr' id='par_1_52' title="bbox 951 4875 1454 4944">
     <span class='ocr_line' id='line_1_52' title="bbox 951 4875 1454 4944; baseline 0 -15"><span class='ocrx_word' id='word_1_322' title='bbox 951 4875 1002 4929; x_wconf 85' lang='grc' dir='ltr'><strong><em>Ν</em></strong></span> <span class='ocrx_word' id='word_1_323' title='bbox 1009 4876 1162 4930; x_wconf 80' lang='lat' dir='ltr'><strong>icami</strong></span> <span class='ocrx_word' id='word_1_324' title='bbox 1198 4876 1454 4944; x_wconf 76' lang='lat' dir='ltr'><strong>defensio.</strong></span> 
     </span>
    </p>
   </div>
   <div class='ocr_carea' id='block_1_53' title="bbox 491 4981 1993 5052">
    <p class='ocr_par' dir='ltr' id='par_1_53' title="bbox 491 4981 1993 5052">
     <span class='ocr_line' id='line_1_53' title="bbox 491 4981 1993 5052; baseline -0.001 -14"><span class='ocrx_word' id='word_1_325' title='bbox 491 4983 885 5038; x_wconf 75' lang='lat' dir='ltr'><strong>Demonstraut</strong></span> <span class='ocrx_word' id='word_1_326' title='bbox 927 4981 1152 5052; x_wconf 90' lang='lat' dir='ltr'><strong>quidem</strong></span> <span class='ocrx_word' id='word_1_327' title='bbox 1185 4981 1476 5036; x_wconf 73' lang='lat' dir='ltr'><strong>sententia:</strong></span> <span class='ocrx_word' id='word_1_328' title='bbox 1507 4981 1782 5052; x_wconf 62' lang='lat' dir='ltr'><strong>praedicta:</strong></span> <span class='ocrx_word' id='word_1_329' title='bbox 1813 4983 1993 5051; x_wconf 79' lang='lat' dir='ltr'><strong>Spiri-</strong></span> 
     </span>
    </p>
   </div>
   <div class='ocr_carea' id='block_1_54' title="bbox 426 5071 1992 5141">
    <p class='ocr_par' dir='ltr' id='par_1_54' title="bbox 426 5071 1992 5141">
     <span class='ocr_line' id='line_1_54' title="bbox 426 5071 1992 5141; baseline -0.001 -14"><span class='ocrx_word' id='word_1_330' title='bbox 426 5083 513 5128; x_wconf 90' lang='lat' dir='ltr'><strong>tus</strong></span> <span class='ocrx_word' id='word_1_331' title='bbox 551 5074 726 5127; x_wconf 90' lang='lat' dir='ltr'><strong>sancti</strong></span> <span class='ocrx_word' id='word_1_332' title='bbox 774 5087 899 5127; x_wconf 92' lang='lat' dir='ltr'><strong>cum</strong></span> <span class='ocrx_word' id='word_1_333' title='bbox 948 5071 1106 5128; x_wconf 83' lang='lat' dir='ltr'><strong>Patre</strong></span> <span class='ocrx_word' id='word_1_334' title='bbox 1149 5072 1399 5141; x_wconf 83' lang='lat' dir='ltr'><strong>Filioque</strong></span> <span class='ocrx_word' id='word_1_335' title='bbox 1447 5073 1992 5127; x_wconf 82' lang='lat' dir='ltr'><strong>consubstantialita-</strong></span> 
     </span>
    </p>
   </div>
   <div class='ocr_carea' id='block_1_55' title="bbox 427 5163 1997 5233">
    <p class='ocr_par' dir='ltr' id='par_1_55' title="bbox 427 5163 1997 5233">
     <span class='ocr_line' id='line_1_55' title="bbox 427 5163 1997 5233; baseline 0.002 -17"><span class='ocrx_word' id='word_1_336' title='bbox 427 5174 559 5230; x_wconf 84' lang='lat' dir='ltr'><strong>tem,</strong></span> <span class='ocrx_word' id='word_1_337' title='bbox 597 5179 698 5218; x_wconf 90' lang='lat' dir='ltr'><strong>nec</strong></span> <span class='ocrx_word' id='word_1_338' title='bbox 737 5163 787 5218; x_wconf 90' lang='lat' dir='ltr'><strong>id</strong></span> <span class='ocrx_word' id='word_1_339' title='bbox 823 5174 1005 5218; x_wconf 79' lang='lat' dir='ltr'><strong>tamen</strong></span> <span class='ocrx_word' id='word_1_340' title='bbox 1059 5163 1258 5228; x_wconf 88' lang='lat' dir='ltr'><strong>solum,</strong></span> <span class='ocrx_word' id='word_1_341' title='bbox 1297 5165 1393 5218; x_wconf 89' lang='lat' dir='ltr'><strong>sed</strong></span> <span class='ocrx_word' id='word_1_342' title='bbox 1433 5168 1582 5233; x_wconf 88' lang='lat' dir='ltr'><strong>quod</strong></span> <span class='ocrx_word' id='word_1_343' title='bbox 1615 5167 1779 5218; x_wconf 86' lang='lat' dir='ltr'><strong>etiam</strong></span> <span class='ocrx_word' id='word_1_344' title='bbox 1813 5179 1880 5219; x_wconf 80' lang='lat' dir='ltr'><strong>ex</strong></span> <span class='ocrx_word' id='word_1_345' title='bbox 1915 5165 1997 5219; x_wconf 88' lang='lat' dir='ltr'><strong>eis</strong></span> 
     </span>
    </p>
   </div>
   <div class='ocr_carea' id='block_1_56' title="bbox 428 5256 1996 5326">
    <p class='ocr_par' dir='ltr' id='par_1_56' title="bbox 428 5256 1996 5326">
     <span class='ocr_line' id='line_1_56' title="bbox 428 5256 1996 5326; baseline 0.001 -16"><span class='ocrx_word' id='word_1_346' title='bbox 428 5256 501 5310; x_wconf 86' lang='lat' dir='ltr'><strong>sit</strong></span> <span class='ocrx_word' id='word_1_347' title='bbox 555 5267 720 5325; x_wconf 78' lang='lat' dir='ltr'><strong>atque</strong></span> <span class='ocrx_word' id='word_1_348' title='bbox 747 5256 1034 5325; x_wconf 91' lang='lat' dir='ltr'><strong>procedat.</strong></span> <span class='ocrx_word' id='word_1_349' title='bbox 1069 5256 1204 5311; x_wconf 86' lang='lat' dir='ltr'><strong>Nam</strong></span> <span class='ocrx_word' id='word_1_350' title='bbox 1239 5272 1304 5310; x_wconf 78' lang='lat' dir='ltr'><strong>cx</strong></span> <span class='ocrx_word' id='word_1_351' title='bbox 1347 5259 1513 5312; x_wconf 84' lang='lat' dir='ltr'><strong>Patre</strong></span> <span class='ocrx_word' id='word_1_352' title='bbox 1542 5259 1730 5326; x_wconf 88' lang='lat' dir='ltr'><strong>utique</strong></span> <span class='ocrx_word' id='word_1_353' title='bbox 1758 5273 1900 5321; x_wconf 90' lang='lat' dir='ltr'><strong>esse,</strong></span> <span class='ocrx_word' id='word_1_354' title='bbox 1941 5267 1996 5312; x_wconf 87' lang='lat' dir='ltr'><strong>et</strong></span> 
     </span>
    </p>
   </div>
   <div class='ocr_carea' id='block_1_57' title="bbox 428 5347 1995 5418">
    <p class='ocr_par' dir='ltr' id='par_1_57' title="bbox 428 5347 1995 5418">
     <span class='ocr_line' id='line_1_57' title="bbox 428 5347 1995 5418; baseline 0 -16"><span class='ocrx_word' id='word_1_355' title='bbox 428 5347 660 5417; x_wconf 87' lang='lat' dir='ltr'><strong>ipsemet</strong></span> <span class='ocrx_word' id='word_1_356' title='bbox 697 5359 752 5402; x_wconf 89' lang='lat' dir='ltr'><strong>tu</strong></span> <span class='ocrx_word' id='word_1_357' title='bbox 807 5349 1117 5418; x_wconf 73' lang='lat' dir='ltr'><strong>signiﬁcare</strong></span> <span class='ocrx_word' id='word_1_358' title='bbox 1164 5349 1448 5403; x_wconf 81' lang='lat' dir='ltr'><strong>concedis.</strong></span> <span class='ocrx_word' id='word_1_359' title='bbox 1485 5351 1599 5405; x_wconf 91' lang='lat' dir='ltr'><strong>IIoc</strong></span> <span class='ocrx_word' id='word_1_360' title='bbox 1648 5363 1832 5407; x_wconf 86' lang='lat' dir='ltr'><strong>autem</strong></span> <span class='ocrx_word' id='word_1_361' title='bbox 1869 5366 1995 5404; x_wconf 88' lang='lat' dir='ltr'><strong>cum</strong></span> 
     </span>
    </p>
   </div>
   <div class='ocr_carea' id='block_1_58' title="bbox 426 5435 1994 5512">
    <p class='ocr_par' dir='ltr' id='par_1_58' title="bbox 426 5435 1994 5512">
     <span class='ocr_line' id='line_1_58' title="bbox 426 5435 1994 5512; baseline 0.002 -22"><span class='ocrx_word' id='word_1_362' title='bbox 426 5435 671 5503; x_wconf 84' lang='lat' dir='ltr'><strong>dederis,</strong></span> <span class='ocrx_word' id='word_1_363' title='bbox 703 5451 813 5490; x_wconf 92' lang='lat' dir='ltr'><strong>non</strong></span> <span class='ocrx_word' id='word_1_364' title='bbox 846 5438 1056 5505; x_wconf 90' lang='lat' dir='ltr'><strong>poteris</strong></span> <span class='ocrx_word' id='word_1_365' title='bbox 1093 5437 1326 5493; x_wconf 90' lang='lat' dir='ltr'><strong>reddere</strong></span> <span class='ocrx_word' id='word_1_366' title='bbox 1359 5440 1652 5506; x_wconf 88' lang='lat' dir='ltr'><strong>rationem,</strong></span> <span class='ocrx_word' id='word_1_367' title='bbox 1681 5455 1780 5494; x_wconf 90' lang='lat' dir='ltr'><strong>cur</strong></span> <span class='ocrx_word' id='word_1_368' title='bbox 1805 5442 1994 5512; x_wconf 82' lang='lat' dir='ltr'><strong>eadem</strong></span> 
     </span>
    </p>
   </div>
   <div class='ocr_carea' id='block_1_59' title="bbox 426 5525 1998 5600">
    <p class='ocr_par' dir='ltr' id='par_1_59' title="bbox 426 5525 1998 5600">
     <span class='ocr_line' id='line_1_59' title="bbox 426 5525 1998 5600; baseline 0.002 -20"><span class='ocrx_word' id='word_1_369' title='bbox 426 5526 495 5580; x_wconf 87' lang='lat' dir='ltr'><strong>de</strong></span> <span class='ocrx_word' id='word_1_370' title='bbox 527 5525 686 5580; x_wconf 84' lang='lat' dir='ltr'><strong>Patre</strong></span> <span class='ocrx_word' id='word_1_371' title='bbox 713 5527 936 5600; x_wconf 87' lang='lat' dir='ltr'><strong>quidem</strong></span> <span class='ocrx_word' id='word_1_372' title='bbox 968 5528 1113 5582; x_wconf 91' lang='lat' dir='ltr'><strong>dicta</strong></span> <span class='ocrx_word' id='word_1_373' title='bbox 1145 5544 1255 5582; x_wconf 88' lang='lat' dir='ltr'><strong>non</strong></span> <span class='ocrx_word' id='word_1_374' title='bbox 1313 5530 1476 5583; x_wconf 90' lang='lat' dir='ltr'><strong>modo</strong></span> <span class='ocrx_word' id='word_1_375' title='bbox 1505 5531 1998 5585; x_wconf 87' lang='lat' dir='ltr'><strong>consobstantiali-</strong></span> 
     </span>
    </p>
   </div>
   <div class='ocr_carea' id='block_1_60' title="bbox 429 5615 1998 5680">
    <p class='ocr_par' dir='ltr' id='par_1_60' title="bbox 429 5615 1998 5680">
     <span class='ocr_line' id='line_1_60' title="bbox 429 5615 1998 5680; baseline 0.001 -10"><span class='ocrx_word' id='word_1_376' title='bbox 429 5626 620 5680; x_wconf 85' lang='lat' dir='ltr'><strong>tatem,</strong></span> <span class='ocrx_word' id='word_1_377' title='bbox 664 5615 759 5670; x_wconf 90' lang='lat' dir='ltr'><strong>sed</strong></span> <span class='ocrx_word' id='word_1_378' title='bbox 815 5617 982 5671; x_wconf 87' lang='lat' dir='ltr'><strong>etiam</strong></span> <span class='ocrx_word' id='word_1_379' title='bbox 1025 5633 1087 5671; x_wconf 79' lang='lat' dir='ltr'><strong>ex</strong></span> <span class='ocrx_word' id='word_1_380' title='bbox 1139 5634 1204 5673; x_wconf 91' lang='lat' dir='ltr'><strong>co</strong></span> <span class='ocrx_word' id='word_1_381' title='bbox 1259 5633 1382 5674; x_wconf 88' lang='lat' dir='ltr'><strong>esse</strong></span> <span class='ocrx_word' id='word_1_382' title='bbox 1444 5619 1877 5675; x_wconf 83' lang='lat' dir='ltr'><strong>demonstrent:</strong></span> <span class='ocrx_word' id='word_1_383' title='bbox 1930 5620 1998 5673; x_wconf 80' lang='lat' dir='ltr'><strong>de</strong></span> 
     </span>
    </p>
   </div>
   <div class='ocr_carea' id='block_1_61' title="bbox 436 5708 2002 5780">
    <p class='ocr_par' dir='ltr' id='par_1_61' title="bbox 436 5708 2002 5780">
     <span class='ocr_line' id='line_1_61' title="bbox 436 5708 2002 5780; baseline 0.001 -19"><span class='ocrx_word' id='word_1_384' title='bbox 436 5709 573 5763; x_wconf 71' lang='lat' dir='ltr'><strong>Filio</strong></span> <span class='ocrx_word' id='word_1_385' title='bbox 607 5724 740 5764; x_wconf 84' lang='lat' dir='ltr'><strong>vero</strong></span> <span class='ocrx_word' id='word_1_386' title='bbox 782 5708 954 5764; x_wconf 87' lang='lat' dir='ltr'><strong>solam</strong></span> <span class='ocrx_word' id='word_1_387' title='bbox 1003 5709 1658 5775; x_wconf 85' lang='lat' dir='ltr'><strong>eousubstantialitateui,</strong></span> <span class='ocrx_word' id='word_1_388' title='bbox 1701 5713 2002 5780; x_wconf 70' lang='lat' dir='ltr'><strong>praesertim</strong></span> 
     </span>
    </p>
   </div>
   <div class='ocr_carea' id='block_1_62' title="bbox 2073 499 3634 570">
    <p class='ocr_par' dir='ltr' id='par_1_62' title="bbox 2073 499 3634 570">
     <span class='ocr_line' id='line_1_62' title="bbox 2073 499 3634 570; baseline 0.003 -16"><span class='ocrx_word' id='word_1_389' title='bbox 2073 499 2566 556; x_wconf 88' lang='lat' dir='ltr'><strong>consubstantialis</strong></span> <span class='ocrx_word' id='word_1_390' title='bbox 2595 499 2822 570; x_wconf 83' lang='lat' dir='ltr'><strong>Spiritui</strong></span> <span class='ocrx_word' id='word_1_391' title='bbox 2856 500 3027 556; x_wconf 88' lang='lat' dir='ltr'><strong>Filius</strong></span> <span class='ocrx_word' id='word_1_392' title='bbox 3053 501 3261 557; x_wconf 88' lang='lat' dir='ltr'><strong>dicitur</strong></span> <span class='ocrx_word' id='word_1_393' title='bbox 3286 517 3300 554; x_wconf 88' lang='lat'><strong>:</strong></span> <span class='ocrx_word' id='word_1_394' title='bbox 3329 499 3507 556; x_wconf 77' lang='lat' dir='ltr'><strong>forma</strong></span> <span class='ocrx_word' id='word_1_395' title='bbox 3539 517 3634 558; x_wconf 83' lang='lat' dir='ltr'><strong>ve-</strong></span> 
     </span>
    </p>
   </div>
   <div class='ocr_carea' id='block_1_63' title="bbox 2073 592 3642 664">
    <p class='ocr_par' dir='ltr' id='par_1_63' title="bbox 2073 592 3642 664">
     <span class='ocr_line' id='line_1_63' title="bbox 2073 592 3642 664; baseline 0.001 -20"><span class='ocrx_word' id='word_1_396' title='bbox 2073 606 2156 654; x_wconf 90' lang='lat' dir='ltr'><strong>ro,</strong></span> <span class='ocrx_word' id='word_1_397' title='bbox 2183 601 2280 644; x_wconf 90' lang='lat' dir='ltr'><strong>aut</strong></span> <span class='ocrx_word' id='word_1_398' title='bbox 2306 592 2629 662; x_wconf 75' lang='lat' dir='ltr'><strong>fragrantia,</strong></span> <span class='ocrx_word' id='word_1_399' title='bbox 2674 601 2774 646; x_wconf 89' lang='lat' dir='ltr'><strong>aut</strong></span> <span class='ocrx_word' id='word_1_400' title='bbox 2810 593 2931 664; x_wconf 85' lang='lat' dir='ltr'><strong>ejus</strong></span> <span class='ocrx_word' id='word_1_401' title='bbox 2958 594 3184 662; x_wconf 88' lang='lat' dir='ltr'><strong>spiratio</strong></span> <span class='ocrx_word' id='word_1_402' title='bbox 3216 608 3499 664; x_wconf 89' lang='lat' dir='ltr'><strong>nunquam</strong></span> <span class='ocrx_word' id='word_1_403' title='bbox 3555 593 3642 647; x_wconf 86' lang='lat' dir='ltr'><strong>di-</strong></span> 
     </span>
    </p>
   </div>
   <div class='ocr_carea' id='block_1_64' title="bbox 2071 683 3640 754">
    <p class='ocr_par' dir='ltr' id='par_1_64' title="bbox 2071 683 3640 754">
     <span class='ocr_line' id='line_1_64' title="bbox 2071 683 3640 754; baseline 0.001 -17"><span class='ocrx_word' id='word_1_404' title='bbox 2071 691 2196 738; x_wconf 89' lang='lat' dir='ltr'><strong>ctus</strong></span> <span class='ocrx_word' id='word_1_405' title='bbox 2222 692 2328 738; x_wconf 89' lang='lat' dir='ltr'><strong>est.</strong></span> <span class='ocrx_word' id='word_1_406' title='bbox 2357 683 2428 740; x_wconf 87' lang='lat' dir='ltr'><strong>Ut</strong></span> <span class='ocrx_word' id='word_1_407' title='bbox 2461 684 2630 754; x_wconf 85' lang='lat' dir='ltr'><strong>igitur</strong></span> <span class='ocrx_word' id='word_1_408' title='bbox 2658 684 2858 738; x_wconf 86' lang='lat' dir='ltr'><strong>Filium</strong></span> <span class='ocrx_word' id='word_1_409' title='bbox 2893 684 3121 739; x_wconf 80' lang='lat' dir='ltr'><strong>formam</strong></span> <span class='ocrx_word' id='word_1_410' title='bbox 3175 685 3376 749; x_wconf 87' lang='lat' dir='ltr'><strong>Patris,</strong></span> <span class='ocrx_word' id='word_1_411' title='bbox 3415 685 3496 739; x_wconf 77' lang='lat' dir='ltr'><strong>vel</strong></span> <span class='ocrx_word' id='word_1_412' title='bbox 3527 683 3640 738; x_wconf 79' lang='lat' dir='ltr'><strong>Ira-</strong></span> 
     </span>
    </p>
   </div>
   <div class='ocr_carea' id='block_1_65' title="bbox 2073 775 3638 845">
    <p class='ocr_par' dir='ltr' id='par_1_65' title="bbox 2073 775 3638 845">
     <span class='ocr_line' id='line_1_65' title="bbox 2073 775 3638 845; baseline 0.003 -19"><span class='ocrx_word' id='word_1_413' title='bbox 2073 775 2362 842; x_wconf 88' lang='lat' dir='ltr'><strong>grautiam,</strong></span> <span class='ocrx_word' id='word_1_414' title='bbox 2400 775 2482 829; x_wconf 85' lang='lat' dir='ltr'><strong>vel</strong></span> <span class='ocrx_word' id='word_1_415' title='bbox 2517 775 2837 844; x_wconf 87' lang='lat' dir='ltr'><strong>qualitatem</strong></span> <span class='ocrx_word' id='word_1_416' title='bbox 2880 776 3146 845; x_wconf 81' lang='lat' dir='ltr'><strong>legentes,</strong></span> <span class='ocrx_word' id='word_1_417' title='bbox 3178 791 3285 830; x_wconf 91' lang='lat' dir='ltr'><strong>non</strong></span> <span class='ocrx_word' id='word_1_418' title='bbox 3325 784 3536 830; x_wconf 89' lang='lat' dir='ltr'><strong>tantum</strong></span> <span class='ocrx_word' id='word_1_419' title='bbox 3589 776 3638 830; x_wconf 88' lang='lat' dir='ltr'><strong>ei</strong></span> 
     </span>
    </p>
   </div>
   <div class='ocr_carea' id='block_1_66' title="bbox 2072 865 3642 938">
    <p class='ocr_par' dir='ltr' id='par_1_66' title="bbox 2072 865 3642 938">
     <span class='ocr_line' id='line_1_66' title="bbox 2072 865 3642 938; baseline 0.001 -18"><span class='ocrx_word' id='word_1_420' title='bbox 2072 865 2602 922; x_wconf 86' lang='lat' dir='ltr'><strong>consubstantialem</strong></span> <span class='ocrx_word' id='word_1_421' title='bbox 2654 867 2802 923; x_wconf 88' lang='lat' dir='ltr'><strong>hunc</strong></span> <span class='ocrx_word' id='word_1_422' title='bbox 2861 867 3241 938; x_wconf 86' lang='lat' dir='ltr'><strong>intelligimus,</strong></span> <span class='ocrx_word' id='word_1_423' title='bbox 3298 867 3394 922; x_wconf 86' lang='lat' dir='ltr'><strong>sed</strong></span> <span class='ocrx_word' id='word_1_424' title='bbox 3450 883 3517 923; x_wconf 82' lang='lat' dir='ltr'><strong>ex</strong></span> <span class='ocrx_word' id='word_1_425' title='bbox 3572 882 3642 922; x_wconf 94' lang='lat' dir='ltr'><strong>eo</strong></span> 
     </span>
    </p>
   </div>
   <div class='ocr_carea' id='block_1_67' title="bbox 2071 958 3642 1029">
    <p class='ocr_par' dir='ltr' id='par_1_67' title="bbox 2071 958 3642 1029">
     <span class='ocr_line' id='line_1_67' title="bbox 2071 958 3642 1029; baseline -0.001 -15"><span class='ocrx_word' id='word_1_426' title='bbox 2071 958 2236 1014; x_wconf 89' lang='lat' dir='ltr'><strong>etiam</strong></span> <span class='ocrx_word' id='word_1_427' title='bbox 2270 958 2634 1028; x_wconf 88' lang='lat' dir='ltr'><strong>prodeuntem</strong></span> <span class='ocrx_word' id='word_1_428' title='bbox 2671 977 2684 1012; x_wconf 89' lang='lat'><strong>:</strong></span> <span class='ocrx_word' id='word_1_429' title='bbox 2729 959 2801 1014; x_wconf 90' lang='lat' dir='ltr'><strong>ita</strong></span> <span class='ocrx_word' id='word_1_430' title='bbox 2838 967 2892 1014; x_wconf 90' lang='lat' dir='ltr'><strong>et</strong></span> <span class='ocrx_word' id='word_1_431' title='bbox 2934 958 3200 1028; x_wconf 88' lang='lat' dir='ltr'><strong>Spiritum</strong></span> <span class='ocrx_word' id='word_1_432' title='bbox 3241 968 3490 1015; x_wconf 89' lang='lat' dir='ltr'><strong>sanctum</strong></span> <span class='ocrx_word' id='word_1_433' title='bbox 3527 961 3642 1029; x_wconf 85' lang='lat' dir='ltr'><strong>spi-</strong></span> 
     </span>
    </p>
   </div>
   <div class='ocr_carea' id='block_1_68' title="bbox 2073 1050 3714 1126">
    <p class='ocr_par' dir='ltr' id='par_1_68' title="bbox 2073 1050 3714 1126">
     <span class='ocr_line' id='line_1_68' title="bbox 2073 1050 3714 1126; baseline -0.001 -19"><span class='ocrx_word' id='word_1_434' title='bbox 2073 1052 2362 1114; x_wconf 87' lang='lat' dir='ltr'><strong>rationem,</strong></span> <span class='ocrx_word' id='word_1_435' title='bbox 2417 1050 2670 1116; x_wconf 76' lang='lat' dir='ltr'><strong>formam,</strong></span> <span class='ocrx_word' id='word_1_436' title='bbox 2722 1051 3080 1120; x_wconf 79' lang='lat' dir='ltr'><strong>l’ragrantiam</strong></span> <span class='ocrx_word' id='word_1_437' title='bbox 3139 1062 3304 1122; x_wconf 86' lang='lat' dir='ltr'><strong>atque</strong></span> <span class='ocrx_word' id='word_1_438' title='bbox 3358 1053 3640 1121; x_wconf 83' lang='lat' dir='ltr'><strong>operatio-</strong></span> <span class='ocrx_word' id='word_1_439' title='bbox 3709 1057 3714 1126; x_wconf 48' lang='grc' dir='ltr'>ξ</span> 
     </span>
    </p>
   </div>
   <div class='ocr_carea' id='block_1_69' title="bbox 2075 1137 3710 1212">
    <p class='ocr_par' dir='ltr' id='par_1_69' title="bbox 2075 1137 3710 1212">
     <span class='ocr_line' id='line_1_69' title="bbox 2075 1137 3710 1212; baseline 0.001 -14"><span class='ocrx_word' id='word_1_440' title='bbox 2075 1159 2203 1198; x_wconf 90' lang='lat' dir='ltr'><strong>nem</strong></span> <span class='ocrx_word' id='word_1_441' title='bbox 2247 1142 2370 1196; x_wconf 88' lang='lat' dir='ltr'><strong>Filii</strong></span> <span class='ocrx_word' id='word_1_442' title='bbox 2414 1151 2653 1212; x_wconf 88' lang='lat' dir='ltr'><strong>utroque</strong></span> <span class='ocrx_word' id='word_1_443' title='bbox 2702 1141 2867 1197; x_wconf 89' lang='lat' dir='ltr'><strong>modo</strong></span> <span class='ocrx_word' id='word_1_444' title='bbox 2915 1141 3176 1212; x_wconf 81' lang='lat' dir='ltr'><strong>praedicto</strong></span> <span class='ocrx_word' id='word_1_445' title='bbox 3208 1150 3465 1212; x_wconf 79' lang='lat' dir='ltr'><strong>putamus</strong></span> <span class='ocrx_word' id='word_1_446' title='bbox 3506 1143 3640 1197; x_wconf 89' lang='lat' dir='ltr'><strong>dici.</strong></span> 
     </span>
    </p>
   </div>
   <div class='ocr_carea' id='block_1_70' title="bbox 2072 1233 3639 1302">
    <p class='ocr_par' dir='ltr' id='par_1_70' title="bbox 2072 1233 3639 1302">
     <span class='ocr_line' id='line_1_70' title="bbox 2072 1233 3639 1302; baseline -0.001 -13"><span class='ocrx_word' id='word_1_447' title='bbox 2072 1235 2200 1302; x_wconf 69' lang='lat' dir='ltr'><strong>Quae</strong></span> <span class='ocrx_word' id='word_1_448' title='bbox 2244 1234 2390 1289; x_wconf 89' lang='lat' dir='ltr'><strong>enim</strong></span> <span class='ocrx_word' id='word_1_449' title='bbox 2443 1235 2588 1288; x_wconf 91' lang='lat' dir='ltr'><strong>ratio</strong></span> <span class='ocrx_word' id='word_1_450' title='bbox 2644 1244 2728 1289; x_wconf 89' lang='lat' dir='ltr'><strong>est</strong></span> <span class='ocrx_word' id='word_1_451' title='bbox 2780 1235 2944 1290; x_wconf 84' lang='lat' dir='ltr'><strong>aliter</strong></span> <span class='ocrx_word' id='word_1_452' title='bbox 2983 1233 3052 1290; x_wconf 88' lang='lat' dir='ltr'><strong>de</strong></span> <span class='ocrx_word' id='word_1_453' title='bbox 3117 1235 3274 1289; x_wconf 89' lang='lat' dir='ltr'><strong>Patre</strong></span> <span class='ocrx_word' id='word_1_454' title='bbox 3331 1233 3395 1288; x_wconf 88' lang='lat' dir='ltr'><strong>ad</strong></span> <span class='ocrx_word' id='word_1_455' title='bbox 3440 1233 3639 1288; x_wconf 90' lang='lat' dir='ltr'><strong>Filium</strong></span> 
     </span>
    </p>
   </div>
   <div class='ocr_carea' id='block_1_71' title="bbox 2074 1324 3638 1396">
    <p class='ocr_par' dir='ltr' id='par_1_71' title="bbox 2074 1324 3638 1396">
     <span class='ocr_line' id='line_1_71' title="bbox 2074 1324 3638 1396; baseline -0.001 -14"><span class='ocrx_word' id='word_1_456' title='bbox 2074 1325 2472 1396; x_wconf 89' lang='lat' dir='ltr'><strong>Spiritumque,</strong></span> <span class='ocrx_word' id='word_1_457' title='bbox 2515 1325 2674 1380; x_wconf 89' lang='lat' dir='ltr'><strong>aliter</strong></span> <span class='ocrx_word' id='word_1_458' title='bbox 2708 1325 2773 1380; x_wconf 88' lang='lat' dir='ltr'><strong>de</strong></span> <span class='ocrx_word' id='word_1_459' title='bbox 2817 1324 2957 1380; x_wconf 90' lang='lat' dir='ltr'><strong>Filio</strong></span> <span class='ocrx_word' id='word_1_460' title='bbox 2991 1327 3057 1380; x_wconf 86' lang='lat' dir='ltr'><strong>ad</strong></span> <span class='ocrx_word' id='word_1_461' title='bbox 3108 1326 3374 1395; x_wconf 89' lang='lat' dir='ltr'><strong>Spiritum</strong></span> <span class='ocrx_word' id='word_1_462' title='bbox 3406 1325 3521 1380; x_wconf 79' lang='lat' dir='ltr'><strong>haec</strong></span> <span class='ocrx_word' id='word_1_463' title='bbox 3551 1325 3638 1380; x_wconf 86' lang='lat' dir='ltr'><strong>in-</strong></span> 
     </span>
    </p>
   </div>
   <div class='ocr_carea' id='block_1_72' title="bbox 2075 1416 3638 1488">
    <p class='ocr_par' dir='ltr' id='par_1_72' title="bbox 2075 1416 3638 1488">
     <span class='ocr_line' id='line_1_72' title="bbox 2075 1416 3638 1488; baseline -0.001 -14"><span class='ocrx_word' id='word_1_464' title='bbox 2075 1419 2366 1488; x_wconf 84' lang='lat' dir='ltr'><strong>telligere?</strong></span> <span class='ocrx_word' id='word_1_465' title='bbox 2395 1417 2477 1472; x_wconf 87' lang='lat' dir='ltr'><strong>Tu</strong></span> <span class='ocrx_word' id='word_1_466' title='bbox 2513 1433 2645 1473; x_wconf 82' lang='lat' dir='ltr'><strong>vero</strong></span> <span class='ocrx_word' id='word_1_467' title='bbox 2698 1425 2754 1472; x_wconf 90' lang='lat' dir='ltr'><strong>et</strong></span> <span class='ocrx_word' id='word_1_468' title='bbox 2786 1433 2979 1472; x_wconf 92' lang='lat' dir='ltr'><strong>eorum</strong></span> <span class='ocrx_word' id='word_1_469' title='bbox 3015 1434 3137 1488; x_wconf 69' lang='lat' dir='ltr'><strong>quae</strong></span> <span class='ocrx_word' id='word_1_470' title='bbox 3165 1428 3326 1473; x_wconf 89' lang='lat' dir='ltr'><strong>antea</strong></span> <span class='ocrx_word' id='word_1_471' title='bbox 3357 1416 3638 1481; x_wconf 80' lang='lat' dir='ltr'><strong>fatebaris,</strong></span> 
     </span>
    </p>
   </div>
   <div class='ocr_carea' id='block_1_73' title="bbox 2073 1509 3642 1581">
    <p class='ocr_par' dir='ltr' id='par_1_73' title="bbox 2073 1509 3642 1581">
     <span class='ocr_line' id='line_1_73' title="bbox 2073 1509 3642 1581; baseline -0.001 -14"><span class='ocrx_word' id='word_1_472' title='bbox 2073 1511 2300 1571; x_wconf 87' lang='lat' dir='ltr'><strong>oblitus.</strong></span> <span class='ocrx_word' id='word_1_473' title='bbox 2367 1526 2586 1567; x_wconf 85' lang='lat' dir='ltr'><strong>rursum</strong></span> <span class='ocrx_word' id='word_1_474' title='bbox 2637 1511 2901 1581; x_wconf 89' lang='lat' dir='ltr'><strong>Spiritum</strong></span> <span class='ocrx_word' id='word_1_475' title='bbox 2960 1521 3210 1567; x_wconf 88' lang='lat' dir='ltr'><strong>sanetum</strong></span> <span class='ocrx_word' id='word_1_476' title='bbox 3265 1509 3504 1566; x_wconf 77' lang='lat' dir='ltr'><strong>aliirmas</strong></span> <span class='ocrx_word' id='word_1_477' title='bbox 3553 1525 3642 1565; x_wconf 82' lang='lat' dir='ltr'><strong>se-</strong></span> 
     </span>
    </p>
   </div>
   <div class='ocr_carea' id='block_1_74' title="bbox 2073 1599 3642 1670">
    <p class='ocr_par' dir='ltr' id='par_1_74' title="bbox 2073 1599 3642 1670">
     <span class='ocr_line' id='line_1_74' title="bbox 2073 1599 3642 1670; baseline -0.001 -15"><span class='ocrx_word' id='word_1_478' title='bbox 2073 1599 2313 1656; x_wconf 90' lang='lat' dir='ltr'><strong>cundum</strong></span> <span class='ocrx_word' id='word_1_479' title='bbox 2344 1599 2576 1670; x_wconf 87' lang='lat' dir='ltr'><strong>gratiam</strong></span> <span class='ocrx_word' id='word_1_480' title='bbox 2615 1608 2826 1654; x_wconf 90' lang='lat' dir='ltr'><strong>tantum</strong></span> <span class='ocrx_word' id='word_1_481' title='bbox 2862 1615 3060 1669; x_wconf 88' lang='lat' dir='ltr'><strong>aquam</strong></span> <span class='ocrx_word' id='word_1_482' title='bbox 3108 1600 3290 1655; x_wconf 83' lang='lat' dir='ltr'><strong>vivam</strong></span> <span class='ocrx_word' id='word_1_483' title='bbox 3319 1599 3529 1664; x_wconf 77' lang='lat' dir='ltr'><strong>vocari,</strong></span> <span class='ocrx_word' id='word_1_484' title='bbox 3585 1610 3642 1654; x_wconf 89' lang='lat' dir='ltr'><strong>et</strong></span> 
     </span>
    </p>
   </div>
   <div class='ocr_carea' id='block_1_75' title="bbox 2075 1689 3641 1763">
    <p class='ocr_par' dir='ltr' id='par_1_75' title="bbox 2075 1689 3641 1763">
     <span class='ocr_line' id='line_1_75' title="bbox 2075 1689 3641 1763; baseline -0.004 -15"><span class='ocrx_word' id='word_1_485' title='bbox 2075 1693 2240 1763; x_wconf 85' lang='lat' dir='ltr'><strong>hujus</strong></span> <span class='ocrx_word' id='word_1_486' title='bbox 2273 1693 2542 1748; x_wconf 80' lang='lat' dir='ltr'><strong>duntaxat</strong></span> <span class='ocrx_word' id='word_1_487' title='bbox 2575 1691 2770 1746; x_wconf 90' lang='lat' dir='ltr'><strong>Filium</strong></span> <span class='ocrx_word' id='word_1_488' title='bbox 2801 1706 2922 1746; x_wconf 86' lang='lat' dir='ltr'><strong>esse</strong></span> <span class='ocrx_word' id='word_1_489' title='bbox 2965 1691 3196 1747; x_wconf 89' lang='lat' dir='ltr'><strong>l‘ontem.</strong></span> <span class='ocrx_word' id='word_1_490' title='bbox 3236 1689 3345 1746; x_wconf 89' lang='lat' dir='ltr'><strong>Sed</strong></span> <span class='ocrx_word' id='word_1_491' title='bbox 3386 1691 3434 1747; x_wconf 88' lang='lat' dir='ltr'><strong>si</strong></span> <span class='ocrx_word' id='word_1_492' title='bbox 3468 1689 3641 1760; x_wconf 83' lang='lat' dir='ltr'><strong>gratia</strong></span> 
     </span>
    </p>
   </div>
   <div class='ocr_carea' id='block_1_76' title="bbox 2078 1781 3642 1853">
    <p class='ocr_par' dir='ltr' id='par_1_76' title="bbox 2078 1781 3642 1853">
     <span class='ocr_line' id='line_1_76' title="bbox 2078 1781 3642 1853; baseline -0.005 -12"><span class='ocrx_word' id='word_1_493' title='bbox 2078 1783 2586 1841; x_wconf 69' lang='lat' dir='ltr'><strong>haecasuhstantia</strong></span> <span class='ocrx_word' id='word_1_494' title='bbox 2645 1781 3113 1853; x_wconf 84' lang='lat' dir='ltr'><strong>subsistentiaque</strong></span> <span class='ocrx_word' id='word_1_495' title='bbox 3166 1783 3396 1838; x_wconf 87' lang='lat' dir='ltr'><strong>minime</strong></span> <span class='ocrx_word' id='word_1_496' title='bbox 3449 1783 3642 1849; x_wconf 83' lang='lat' dir='ltr'><strong>sejun-</strong></span> 
     </span>
    </p>
   </div>
   <div class='ocr_carea' id='block_1_77' title="bbox 2078 1872 3644 1948">
    <p class='ocr_par' dir='ltr' id='par_1_77' title="bbox 2078 1872 3644 1948">
     <span class='ocr_line' id='line_1_77' title="bbox 2078 1872 3644 1948; baseline -0.005 -17"><span class='ocrx_word' id='word_1_497' title='bbox 2078 1877 2225 1948; x_wconf 89' lang='lat' dir='ltr'><strong>gitur</strong></span> <span class='ocrx_word' id='word_1_498' title='bbox 2253 1877 2400 1947; x_wconf 75' lang='lat' dir='ltr'><strong>(nam</strong></span> <span class='ocrx_word' id='word_1_499' title='bbox 2434 1875 2536 1930; x_wconf 88' lang='lat' dir='ltr'><strong>hoc</strong></span> <span class='ocrx_word' id='word_1_500' title='bbox 2573 1874 2680 1944; x_wconf 86' lang='lat' dir='ltr'><strong>jam</strong></span> <span class='ocrx_word' id='word_1_501' title='bbox 2717 1873 3088 1938; x_wconf 83' lang='lat' dir='ltr'><strong>concessisti),</strong></span> <span class='ocrx_word' id='word_1_502' title='bbox 3127 1872 3408 1942; x_wconf 87' lang='lat' dir='ltr'><strong>quomodo</strong></span> <span class='ocrx_word' id='word_1_503' title='bbox 3439 1885 3549 1926; x_wconf 86' lang='lat' dir='ltr'><strong>non</strong></span> <span class='ocrx_word' id='word_1_504' title='bbox 3585 1877 3644 1924; x_wconf 88' lang='lat' dir='ltr'><strong>et</strong></span> 
     </span>
    </p>
   </div>
   <div class='ocr_carea' id='block_1_78' title="bbox 2078 1962 3647 2035">
    <p class='ocr_par' dir='ltr' id='par_1_78' title="bbox 2078 1962 3647 2035">
     <span class='ocr_line' id='line_1_78' title="bbox 2078 1962 3647 2035; baseline -0.005 -11"><span class='ocrx_word' id='word_1_505' title='bbox 2078 1969 2316 2024; x_wconf 87' lang='lat' dir='ltr'><strong>divinam</strong></span> <span class='ocrx_word' id='word_1_506' title='bbox 2352 1965 2593 2035; x_wconf 85' lang='lat' dir='ltr'><strong>Spiritus</strong></span> <span class='ocrx_word' id='word_1_507' title='bbox 2629 1966 2806 2021; x_wconf 91' lang='lat' dir='ltr'><strong>sancti</strong></span> <span class='ocrx_word' id='word_1_508' title='bbox 2838 1979 3132 2035; x_wconf 85' lang='lat' dir='ltr'><strong>personam</strong></span> <span class='ocrx_word' id='word_1_509' title='bbox 3168 1979 3295 2021; x_wconf 90' lang='lat' dir='ltr'><strong>cum</strong></span> <span class='ocrx_word' id='word_1_510' title='bbox 3332 1963 3434 2020; x_wconf 86' lang='lat' dir='ltr'><strong>hac</strong></span> <span class='ocrx_word' id='word_1_511' title='bbox 3466 1962 3647 2032; x_wconf 82' lang='lat' dir='ltr'><strong>gratia</strong></span> 
     </span>
    </p>
   </div>
   <div class='ocr_carea' id='block_1_79' title="bbox 2079 2059 2772 2120">
    <p class='ocr_par' dir='ltr' id='par_1_79' title="bbox 2079 2059 2772 2120">
     <span class='ocr_line' id='line_1_79' title="bbox 2079 2059 2772 2120; baseline -0.01 -1"><span class='ocrx_word' id='word_1_512' title='bbox 2079 2063 2252 2119; x_wconf 89' lang='lat' dir='ltr'><strong>Filius</strong></span> <span class='ocrx_word' id='word_1_513' title='bbox 2280 2072 2338 2120; x_wconf 88' lang='lat' dir='ltr'><strong>ut</strong></span> <span class='ocrx_word' id='word_1_514' title='bbox 2370 2059 2492 2116; x_wconf 84' lang='lat' dir='ltr'><strong>fons</strong></span> <span class='ocrx_word' id='word_1_515' title='bbox 2521 2059 2772 2114; x_wconf 73' lang='lat' dir='ltr'><strong>emittit?</strong></span> 
     </span>
    </p>
   </div>
   <div class='ocr_carea' id='block_1_80' title="bbox 2451 2171 3272 2244">
    <p class='ocr_par' dir='ltr' id='par_1_80' title="bbox 2451 2171 3272 2244">
     <span class='ocr_line' id='line_1_80' title="bbox 2451 2171 3272 2244; baseline -0.001 -18"><span class='ocrx_word' id='word_1_516' title='bbox 2451 2171 2666 2228; x_wconf 81' lang='lat' dir='ltr'><strong>Nonum</strong></span> <span class='ocrx_word' id='word_1_517' title='bbox 2702 2181 3074 2244; x_wconf 79' lang='lat' dir='ltr'><strong>argumentum</strong></span> <span class='ocrx_word' id='word_1_518' title='bbox 3107 2172 3272 2227; x_wconf 66' lang='grc' dir='ltr'><strong>νοσοῖ.</strong></span> 
     </span>
    </p>
   </div>
   <div class='ocr_carea' id='block_1_81' title="bbox 2149 2281 3649 2354">
    <p class='ocr_par' dir='ltr' id='par_1_81' title="bbox 2149 2281 3649 2354">
     <span class='ocr_line' id='line_1_81' title="bbox 2149 2281 3649 2354; baseline -0.003 -14"><span class='ocrx_word' id='word_1_519' title='bbox 2149 2285 2243 2340; x_wconf 65' lang='lat' dir='ltr'><strong>Ila:</strong></span> <span class='ocrx_word' id='word_1_520' title='bbox 2282 2282 2694 2354; x_wconf 89' lang='lat' dir='ltr'><strong>Scripturarum</strong></span> <span class='ocrx_word' id='word_1_521' title='bbox 2743 2285 3050 2349; x_wconf 62' lang='lat' dir='ltr'><strong>sententiae,</strong></span> <span class='ocrx_word' id='word_1_522' title='bbox 3120 2285 3176 2338; x_wconf 92' lang='lat' dir='ltr'><strong>in</strong></span> <span class='ocrx_word' id='word_1_523' title='bbox 3221 2283 3426 2352; x_wconf 86' lang='lat' dir='ltr'><strong>quibus</strong></span> <span class='ocrx_word' id='word_1_524' title='bbox 3456 2281 3649 2338; x_wconf 82' lang='lat' dir='ltr'><strong>Patres</strong></span> 
     </span>
    </p>
   </div>
   <div class='ocr_carea' id='block_1_82' title="bbox 2080 2373 3646 2445">
    <p class='ocr_par' dir='ltr' id='par_1_82' title="bbox 2080 2373 3646 2445">
     <span class='ocr_line' id='line_1_82' title="bbox 2080 2373 3646 2445; baseline -0.004 -12"><span class='ocrx_word' id='word_1_525' title='bbox 2080 2392 2250 2433; x_wconf 72' lang='lat' dir='ltr'><strong>sacrae</strong></span> <span class='ocrx_word' id='word_1_526' title='bbox 2284 2375 2570 2445; x_wconf 70' lang='lat' dir='ltr'><strong>theologia:</strong></span> <span class='ocrx_word' id='word_1_527' title='bbox 2618 2375 2986 2444; x_wconf 78' lang='lat' dir='ltr'><strong>professores,</strong></span> <span class='ocrx_word' id='word_1_528' title='bbox 3016 2384 3238 2440; x_wconf 87' lang='lat' dir='ltr'><strong>cuncta,</strong></span> <span class='ocrx_word' id='word_1_529' title='bbox 3271 2390 3394 2444; x_wconf 74' lang='lat' dir='ltr'><strong>qua:</strong></span> <span class='ocrx_word' id='word_1_530' title='bbox 3426 2373 3646 2444; x_wconf 87' lang='lat' dir='ltr'><strong>propria</strong></span> 
     </span>
    </p>
   </div>
   <div class='ocr_carea' id='block_1_83' title="bbox 2081 2466 3648 2529">
    <p class='ocr_par' dir='ltr' id='par_1_83' title="bbox 2081 2466 3648 2529">
     <span class='ocr_line' id='line_1_83' title="bbox 2081 2466 3648 2529; baseline -0.005 -3"><span class='ocrx_word' id='word_1_531' title='bbox 2081 2480 2209 2526; x_wconf 90' lang='lat' dir='ltr'><strong>sunt</strong></span> <span class='ocrx_word' id='word_1_532' title='bbox 2247 2467 2446 2529; x_wconf 86' lang='lat' dir='ltr'><strong>Patris,</strong></span> <span class='ocrx_word' id='word_1_533' title='bbox 2480 2467 2808 2521; x_wconf 87' lang='lat' dir='ltr'><strong>naturaliter</strong></span> <span class='ocrx_word' id='word_1_534' title='bbox 2859 2467 3095 2522; x_wconf 90' lang='lat' dir='ltr'><strong>transire</strong></span> <span class='ocrx_word' id='word_1_535' title='bbox 3162 2467 3215 2520; x_wconf 92' lang='lat' dir='ltr'><strong>in</strong></span> <span class='ocrx_word' id='word_1_536' title='bbox 3263 2466 3460 2520; x_wconf 87' lang='lat' dir='ltr'><strong>Filium</strong></span> <span class='ocrx_word' id='word_1_537' title='bbox 3497 2474 3550 2519; x_wconf 90' lang='lat' dir='ltr'><strong>et</strong></span> <span class='ocrx_word' id='word_1_538' title='bbox 3581 2479 3648 2518; x_wconf 82' lang='lat' dir='ltr'><strong>ex</strong></span> 
     </span>
    </p>
   </div>
   <div class='ocr_carea' id='block_1_84' title="bbox 2079 2553 3661 2630">
    <p class='ocr_par' dir='ltr' id='par_1_84' title="bbox 2079 2553 3661 2630">
     <span class='ocr_line' id='line_1_84' title="bbox 2079 2553 3661 2630; baseline -0.004 -14"><span class='ocrx_word' id='word_1_539' title='bbox 2079 2575 2146 2616; x_wconf 88' lang='lat' dir='ltr'><strong>eo</strong></span> <span class='ocrx_word' id='word_1_540' title='bbox 2176 2561 2418 2630; x_wconf 89' lang='lat' dir='ltr'><strong>genitum</strong></span> <span class='ocrx_word' id='word_1_541' title='bbox 2454 2558 2928 2621; x_wconf 87' lang='lat' dir='ltr'><strong>demonstrarunt,</strong></span> <span class='ocrx_word' id='word_1_542' title='bbox 2976 2559 3068 2614; x_wconf 88' lang='lat' dir='ltr'><strong>hic</strong></span> <span class='ocrx_word' id='word_1_543' title='bbox 3117 2558 3362 2614; x_wconf 63' lang='lat' dir='ltr'><strong>collectae</strong></span> <span class='ocrx_word' id='word_1_544' title='bbox 3398 2565 3527 2612; x_wconf 90' lang='lat' dir='ltr'><strong>sunt</strong></span> <span class='ocrx_word' id='word_1_545' title='bbox 3580 2553 3661 2610; x_wconf 76' lang='lat' dir='ltr'><strong>ad&#39;</strong></span> 
     </span>
    </p>
   </div>
   <div class='ocr_carea' id='block_1_85' title="bbox 2079 2646 3649 2720">
    <p class='ocr_par' dir='ltr' id='par_1_85' title="bbox 2079 2646 3649 2720">
     <span class='ocr_line' id='line_1_85' title="bbox 2079 2646 3649 2720; baseline -0.004 -13"><span class='ocrx_word' id='word_1_546' title='bbox 2079 2650 2564 2708; x_wconf 83' lang='lat' dir='ltr'><strong>demonstrandum</strong></span> <span class='ocrx_word' id='word_1_547' title='bbox 2607 2651 2872 2720; x_wconf 90' lang='lat' dir='ltr'><strong>Spiritum</strong></span> <span class='ocrx_word' id='word_1_548' title='bbox 2924 2659 3173 2706; x_wconf 89' lang='lat' dir='ltr'><strong>sanctum</strong></span> <span class='ocrx_word' id='word_1_549' title='bbox 3227 2663 3372 2713; x_wconf 84' lang='lat' dir='ltr'><strong>esse,</strong></span> <span class='ocrx_word' id='word_1_550' title='bbox 3429 2646 3649 2718; x_wconf 87' lang='lat' dir='ltr'><strong>prodire</strong></span> 
     </span>
    </p>
   </div>
   <div class='ocr_carea' id='block_1_86' title="bbox 2080 2737 3644 2810">
    <p class='ocr_par' dir='ltr' id='par_1_86' title="bbox 2080 2737 3644 2810">
     <span class='ocr_line' id='line_1_86' title="bbox 2080 2737 3644 2810; baseline -0.002 -18"><span class='ocrx_word' id='word_1_551' title='bbox 2080 2748 2243 2808; x_wconf 87' lang='lat' dir='ltr'><strong>atque</strong></span> <span class='ocrx_word' id='word_1_552' title='bbox 2278 2737 2408 2792; x_wconf 82' lang='lat' dir='ltr'><strong>oriri</strong></span> <span class='ocrx_word' id='word_1_553' title='bbox 2460 2738 2626 2794; x_wconf 89' lang='lat' dir='ltr'><strong>etiam</strong></span> <span class='ocrx_word' id='word_1_554' title='bbox 2663 2754 2729 2795; x_wconf 83' lang='lat' dir='ltr'><strong>ex</strong></span> <span class='ocrx_word' id='word_1_555' title='bbox 2763 2739 2904 2794; x_wconf 91' lang='lat' dir='ltr'><strong>Filio</strong></span> <span class='ocrx_word' id='word_1_556' title='bbox 2953 2738 3186 2810; x_wconf 89' lang='lat' dir='ltr'><strong>perinde</strong></span> <span class='ocrx_word' id='word_1_557' title='bbox 3218 2748 3280 2794; x_wconf 94' lang='lat' dir='ltr'><strong>ut</strong></span> <span class='ocrx_word' id='word_1_558' title='bbox 3327 2753 3393 2793; x_wconf 87' lang='lat' dir='ltr'><strong>ex</strong></span> <span class='ocrx_word' id='word_1_559' title='bbox 3433 2737 3595 2793; x_wconf 88' lang='lat' dir='ltr'><strong>Patre</strong></span> <span class='ocrx_word' id='word_1_560' title='bbox 3631 2752 3644 2788; x_wconf 94' lang='lat'>:</span> 
     </span>
    </p>
   </div>
   <div class='ocr_carea' id='block_1_87' title="bbox 2082 2832 3647 2904">
    <p class='ocr_par' dir='ltr' id='par_1_87' title="bbox 2082 2832 3647 2904">
     <span class='ocr_line' id='line_1_87' title="bbox 2082 2832 3647 2904; baseline -0.001 -18"><span class='ocrx_word' id='word_1_561' title='bbox 2082 2832 2223 2887; x_wconf 91' lang='lat' dir='ltr'><strong>sicut</strong></span> <span class='ocrx_word' id='word_1_562' title='bbox 2249 2833 2412 2888; x_wconf 89' lang='lat' dir='ltr'><strong>divus</strong></span> <span class='ocrx_word' id='word_1_563' title='bbox 2430 2834 2877 2904; x_wconf 83' lang='lat' dir='ltr'><strong>Cyrilluslitteris</strong></span> <span class='ocrx_word' id='word_1_564' title='bbox 2901 2836 3196 2891; x_wconf 88' lang='lat' dir='ltr'><strong>mandavit.</strong></span> <span class='ocrx_word' id='word_1_565' title='bbox 3222 2837 3277 2891; x_wconf 90' lang='lat' dir='ltr'><strong>Si</strong></span> <span class='ocrx_word' id='word_1_566' title='bbox 3302 2835 3448 2890; x_wconf 91' lang='lat' dir='ltr'><strong>enim</strong></span> <span class='ocrx_word' id='word_1_567' title='bbox 3474 2833 3647 2887; x_wconf 87' lang='lat' dir='ltr'><strong>dicta-</strong></span> 
     </span>
    </p>
   </div>
   <div class='ocr_carea' id='block_1_88' title="bbox 2084 2925 3646 2996">
    <p class='ocr_par' dir='ltr' id='par_1_88' title="bbox 2084 2925 3646 2996">
     <span class='ocr_line' id='line_1_88' title="bbox 2084 2925 3646 2996; baseline -0.002 -17"><span class='ocrx_word' id='word_1_568' title='bbox 2084 2941 2203 2979; x_wconf 89' lang='lat' dir='ltr'><strong>rum</strong></span> <span class='ocrx_word' id='word_1_569' title='bbox 2257 2925 2660 2980; x_wconf 83' lang='lat' dir='ltr'><strong>sententiarum</strong></span> <span class='ocrx_word' id='word_1_570' title='bbox 2717 2925 3206 2982; x_wconf 87' lang='lat' dir='ltr'><strong>determinationes</strong></span> <span class='ocrx_word' id='word_1_571' title='bbox 3261 2925 3646 2996; x_wconf 84' lang='lat' dir='ltr'><strong>paternitatem</strong></span> 
     </span>
    </p>
   </div>
   <div class='ocr_carea' id='block_1_89' title="bbox 2082 3009 3654 3084">
    <p class='ocr_par' dir='ltr' id='par_1_89' title="bbox 2082 3009 3654 3084">
     <span class='ocr_line' id='line_1_89' title="bbox 2082 3009 3654 3084; baseline -0.001 -14"><span class='ocrx_word' id='word_1_572' title='bbox 2082 3015 2260 3070; x_wconf 87' lang='lat' dir='ltr'><strong>solum</strong></span> <span class='ocrx_word' id='word_1_573' title='bbox 2295 3015 2816 3084; x_wconf 88' lang='lat' dir='ltr'><strong>generationemque</strong></span> <span class='ocrx_word' id='word_1_574' title='bbox 2885 3030 2915 3069; x_wconf 89' lang='lat' dir='ltr'><strong>a</strong></span> <span class='ocrx_word' id='word_1_575' title='bbox 2967 3009 3106 3070; x_wconf 85' lang='lat' dir='ltr'><strong>Filio</strong></span> <span class='ocrx_word' id='word_1_576' title='bbox 3153 3017 3436 3080; x_wconf 75' lang='lat' dir='ltr'><strong>auferunt,</strong></span> <span class='ocrx_word' id='word_1_577' title='bbox 3471 3014 3654 3069; x_wconf 86' lang='lat' dir='ltr'><strong>maui-</strong></span> 
     </span>
    </p>
   </div>
   <div class='ocr_carea' id='block_1_90' title="bbox 2086 3104 3652 3176">
    <p class='ocr_par' dir='ltr' id='par_1_90' title="bbox 2086 3104 3652 3176">
     <span class='ocr_line' id='line_1_90' title="bbox 2086 3104 3652 3176; baseline -0.001 -16"><span class='ocrx_word' id='word_1_578' title='bbox 2086 3106 2282 3162; x_wconf 63' lang='lat' dir='ltr'><strong>fc-stum</strong></span> <span class='ocrx_word' id='word_1_579' title='bbox 2319 3115 2423 3169; x_wconf 87' lang='lat' dir='ltr'><strong>est,</strong></span> <span class='ocrx_word' id='word_1_580' title='bbox 2464 3105 2613 3174; x_wconf 90' lang='lat' dir='ltr'><strong>quod</strong></span> <span class='ocrx_word' id='word_1_581' title='bbox 2666 3104 2839 3160; x_wconf 85' lang='lat' dir='ltr'><strong>Filius</strong></span> <span class='ocrx_word' id='word_1_582' title='bbox 2894 3107 3117 3176; x_wconf 79' lang='lat' dir='ltr'><strong>quidem</strong></span> <span class='ocrx_word' id='word_1_583' title='bbox 3149 3122 3257 3163; x_wconf 90' lang='lat' dir='ltr'><strong>non</strong></span> <span class='ocrx_word' id='word_1_584' title='bbox 3314 3108 3421 3162; x_wconf 86' lang='lat' dir='ltr'><strong>erit</strong></span> <span class='ocrx_word' id='word_1_585' title='bbox 3469 3105 3652 3171; x_wconf 86' lang='lat' dir='ltr'><strong>Pater,</strong></span> 
     </span>
    </p>
   </div>
   <div class='ocr_carea' id='block_1_91' title="bbox 2085 3197 3651 3266">
    <p class='ocr_par' dir='ltr' id='par_1_91' title="bbox 2085 3197 3651 3266">
     <span class='ocr_line' id='line_1_91' title="bbox 2085 3197 3651 3266; baseline 0 -15"><span class='ocrx_word' id='word_1_586' title='bbox 2085 3197 2322 3264; x_wconf 88' lang='lat' dir='ltr'><strong>Spiritus</strong></span> <span class='ocrx_word' id='word_1_587' title='bbox 2355 3211 2485 3248; x_wconf 84' lang='lat' dir='ltr'><strong>vero</strong></span> <span class='ocrx_word' id='word_1_588' title='bbox 2507 3211 2569 3250; x_wconf 79' lang='lat' dir='ltr'><strong>ex</strong></span> <span class='ocrx_word' id='word_1_589' title='bbox 2590 3204 2818 3266; x_wconf 90' lang='lat' dir='ltr'><strong>paterna</strong></span> <span class='ocrx_word' id='word_1_590' title='bbox 2851 3197 3155 3252; x_wconf 87' lang='lat' dir='ltr'><strong>substantia</strong></span> <span class='ocrx_word' id='word_1_591' title='bbox 3179 3213 3468 3261; x_wconf 88' lang='lat' dir='ltr'><strong>emanans.</strong></span> <span class='ocrx_word' id='word_1_592' title='bbox 3505 3207 3560 3253; x_wconf 92' lang='lat' dir='ltr'><strong>et</strong></span> <span class='ocrx_word' id='word_1_593' title='bbox 3584 3211 3651 3252; x_wconf 80' lang='lat' dir='ltr'><strong>ex</strong></span> 
     </span>
    </p>
   </div>
   <div class='ocr_carea' id='block_1_92' title="bbox 2085 3287 3652 3363">
    <p class='ocr_par' dir='ltr' id='par_1_92' title="bbox 2085 3287 3652 3363">
     <span class='ocr_line' id='line_1_92' title="bbox 2085 3287 3652 3363; baseline 0.003 -23"><span class='ocrx_word' id='word_1_594' title='bbox 2085 3287 2387 3342; x_wconf 83' lang='lat' dir='ltr'><strong>substantia</strong></span> <span class='ocrx_word' id='word_1_595' title='bbox 2408 3287 2531 3350; x_wconf 87' lang='lat' dir='ltr'><strong>Filii</strong></span> <span class='ocrx_word' id='word_1_596' title='bbox 2559 3302 2665 3342; x_wconf 92' lang='lat' dir='ltr'><strong>non</strong></span> <span class='ocrx_word' id='word_1_597' title='bbox 2693 3299 2988 3357; x_wconf 85' lang='lat' dir='ltr'><strong>generante</strong></span> <span class='ocrx_word' id='word_1_598' title='bbox 3013 3299 3068 3343; x_wconf 90' lang='lat' dir='ltr'><strong>et</strong></span> <span class='ocrx_word' id='word_1_599' title='bbox 3087 3298 3306 3345; x_wconf 90' lang='lat' dir='ltr'><strong>emanat</strong></span> <span class='ocrx_word' id='word_1_600' title='bbox 3331 3301 3386 3346; x_wconf 90' lang='lat' dir='ltr'><strong>et</strong></span> <span class='ocrx_word' id='word_1_601' title='bbox 3407 3289 3652 3363; x_wconf 81' lang='lat' dir='ltr'><strong>proﬂuit.</strong></span> 
     </span>
    </p>
   </div>
   <div class='ocr_carea' id='block_1_93' title="bbox 2544 3402 3195 3458">
    <p class='ocr_par' dir='ltr' id='par_1_93' title="bbox 2544 3402 3195 3458">
     <span class='ocr_line' id='line_1_93' title="bbox 2544 3402 3195 3458; baseline 0.003 -2"><span class='ocrx_word' id='word_1_602' title='bbox 2544 3402 2790 3458; x_wconf 64' lang='lat' dir='ltr'><strong>Palama.’</strong></span> <span class='ocrx_word' id='word_1_603' title='bbox 2829 3403 3195 3458; x_wconf 83' lang='lat' dir='ltr'><strong>contradictio.</strong></span> 
     </span>
    </p>
   </div>
   <div class='ocr_carea' id='block_1_94' title="bbox 2159 3515 3652 3586">
    <p class='ocr_par' dir='ltr' id='par_1_94' title="bbox 2159 3515 3652 3586">
     <span class='ocr_line' id='line_1_94' title="bbox 2159 3515 3652 3586; baseline -0.002 -14"><span class='ocrx_word' id='word_1_604' title='bbox 2159 3516 2318 3572; x_wconf 88' lang='lat' dir='ltr'><strong>Nulla</strong></span> <span class='ocrx_word' id='word_1_605' title='bbox 2363 3515 2613 3586; x_wconf 79' lang='lat' dir='ltr'><strong>profecto</strong></span> <span class='ocrx_word' id='word_1_606' title='bbox 2663 3515 2881 3570; x_wconf 90' lang='lat' dir='ltr'><strong>ratione</strong></span> <span class='ocrx_word' id='word_1_607' title='bbox 2931 3515 3185 3584; x_wconf 88' lang='lat' dir='ltr'><strong>impietas</strong></span> <span class='ocrx_word' id='word_1_608' title='bbox 3219 3515 3652 3581; x_wconf 87' lang='lat' dir='ltr'><strong>corroboratur;</strong></span> 
     </span>
    </p>
   </div>
   <div class='ocr_carea' id='block_1_95' title="bbox 2091 3607 3655 3676">
    <p class='ocr_par' dir='ltr' id='par_1_95' title="bbox 2091 3607 3655 3676">
     <span class='ocr_line' id='line_1_95' title="bbox 2091 3607 3655 3676; baseline -0.003 -12"><span class='ocrx_word' id='word_1_609' title='bbox 2091 3609 2324 3664; x_wconf 88' lang='lat' dir='ltr'><strong>transire</strong></span> <span class='ocrx_word' id='word_1_610' title='bbox 2369 3608 2513 3662; x_wconf 92' lang='lat' dir='ltr'><strong>enim</strong></span> <span class='ocrx_word' id='word_1_611' title='bbox 2550 3607 2780 3663; x_wconf 87' lang='lat' dir='ltr'><strong>audiens</strong></span> <span class='ocrx_word' id='word_1_612' title='bbox 2833 3607 3046 3663; x_wconf 80' lang='lat' dir='ltr'><strong>Veccus</strong></span> <span class='ocrx_word' id='word_1_613' title='bbox 3100 3607 3202 3662; x_wconf 81' lang='lat' dir='ltr'><strong>iste</strong></span> <span class='ocrx_word' id='word_1_614' title='bbox 3235 3607 3289 3661; x_wconf 91' lang='lat' dir='ltr'><strong>in</strong></span> <span class='ocrx_word' id='word_1_615' title='bbox 3323 3607 3519 3661; x_wconf 86' lang='lat' dir='ltr'><strong>Filium</strong></span> <span class='ocrx_word' id='word_1_616' title='bbox 3557 3623 3655 3676; x_wconf 78' lang='lat' dir='ltr'><strong>pa-</strong></span> 
     </span>
    </p>
   </div>
   <div class='ocr_carea' id='block_1_96' title="bbox 2093 3701 3657 3772">
    <p class='ocr_par' dir='ltr' id='par_1_96' title="bbox 2093 3701 3657 3772">
     <span class='ocr_line' id='line_1_96' title="bbox 2093 3701 3657 3772; baseline -0.004 -13"><span class='ocrx_word' id='word_1_617' title='bbox 2093 3714 2274 3759; x_wconf 88' lang='lat' dir='ltr'><strong>ternas</strong></span> <span class='ocrx_word' id='word_1_618' title='bbox 2304 3701 2693 3772; x_wconf 89' lang='lat' dir='ltr'><strong>proprietates,</strong></span> <span class='ocrx_word' id='word_1_619' title='bbox 2749 3710 2808 3756; x_wconf 91' lang='lat' dir='ltr'><strong>et</strong></span> <span class='ocrx_word' id='word_1_620' title='bbox 2843 3701 3172 3756; x_wconf 87' lang='lat' dir='ltr'><strong>naturaliter</strong></span> <span class='ocrx_word' id='word_1_621' title='bbox 3205 3707 3259 3754; x_wconf 92' lang='lat' dir='ltr'><strong>et</strong></span> <span class='ocrx_word' id='word_1_622' title='bbox 3291 3701 3657 3756; x_wconf 87' lang='lat' dir='ltr'><strong>essentialiter</strong></span> 
     </span>
    </p>
   </div>
   <div class='ocr_carea' id='block_1_97' title="bbox 2091 3793 3656 3864">
    <p class='ocr_par' dir='ltr' id='par_1_97' title="bbox 2091 3793 3656 3864">
     <span class='ocr_line' id='line_1_97' title="bbox 2091 3793 3656 3864; baseline -0.003 -14"><span class='ocrx_word' id='word_1_623' title='bbox 2091 3797 2158 3850; x_wconf 89' lang='lat' dir='ltr'><strong>de</strong></span> <span class='ocrx_word' id='word_1_624' title='bbox 2194 3795 2304 3850; x_wconf 91' lang='lat' dir='ltr'><strong>illis</strong></span> <span class='ocrx_word' id='word_1_625' title='bbox 2351 3794 2613 3864; x_wconf 90' lang='lat' dir='ltr'><strong>propriis,</strong></span> <span class='ocrx_word' id='word_1_626' title='bbox 2657 3809 2780 3864; x_wconf 71' lang='lat' dir='ltr'><strong>quae</strong></span> <span class='ocrx_word' id='word_1_627' title='bbox 2829 3804 3075 3864; x_wconf 75' lang='lat' dir='ltr'><strong>paterna:</strong></span> <span class='ocrx_word' id='word_1_628' title='bbox 3129 3793 3453 3848; x_wconf 69' lang='lat' dir='ltr'><strong>substantiae</strong></span> <span class='ocrx_word' id='word_1_629' title='bbox 3505 3803 3656 3858; x_wconf 87' lang='lat' dir='ltr'><strong>sunt,</strong></span> 
     </span>
    </p>
   </div>
   <div class='ocr_carea' id='block_1_98' title="bbox 2093 3884 3655 3956">
    <p class='ocr_par' dir='ltr' id='par_1_98' title="bbox 2093 3884 3655 3956">
     <span class='ocr_line' id='line_1_98' title="bbox 2093 3884 3655 3956; baseline -0.003 -16"><span class='ocrx_word' id='word_1_630' title='bbox 2093 3887 2308 3956; x_wconf 88' lang='lat' dir='ltr'><strong>putavit</strong></span> <span class='ocrx_word' id='word_1_631' title='bbox 2345 3885 2600 3941; x_wconf 86' lang='lat' dir='ltr'><strong>doctores</strong></span> <span class='ocrx_word' id='word_1_632' title='bbox 2645 3884 2852 3949; x_wconf 80' lang='lat' dir='ltr'><strong>dicere,</strong></span> <span class='ocrx_word' id='word_1_633' title='bbox 2884 3900 2994 3939; x_wconf 89' lang='lat' dir='ltr'><strong>non</strong></span> <span class='ocrx_word' id='word_1_634' title='bbox 3031 3884 3099 3939; x_wconf 91' lang='lat' dir='ltr'><strong>de</strong></span> <span class='ocrx_word' id='word_1_635' title='bbox 3147 3884 3253 3939; x_wconf 89' lang='lat' dir='ltr'><strong>illis</strong></span> <span class='ocrx_word' id='word_1_636' title='bbox 3287 3899 3409 3954; x_wconf 69' lang='lat' dir='ltr'><strong>qua:</strong></span> <span class='ocrx_word' id='word_1_637' title='bbox 3464 3893 3655 3937; x_wconf 85' lang='lat' dir='ltr'><strong>natura</strong></span> 
     </span>
    </p>
   </div>
   <div class='ocr_carea' id='block_1_99' title="bbox 2093 3975 3659 4048">
    <p class='ocr_par' dir='ltr' id='par_1_99' title="bbox 2093 3975 3659 4048">
     <span class='ocr_line' id='line_1_99' title="bbox 2093 3975 3659 4048; baseline -0.001 -16"><span class='ocrx_word' id='word_1_638' title='bbox 2093 3979 2313 4048; x_wconf 88' lang='lat' dir='ltr'><strong>propria</strong></span> <span class='ocrx_word' id='word_1_639' title='bbox 2369 3987 2518 4033; x_wconf 90' lang='lat' dir='ltr'><strong>sunt.</strong></span> <span class='ocrx_word' id='word_1_640' title='bbox 2555 3977 2870 4032; x_wconf 88' lang='lat' dir='ltr'><strong>Secundum</strong></span> <span class='ocrx_word' id='word_1_641' title='bbox 2924 3991 3054 4046; x_wconf 88' lang='lat' dir='ltr'><strong>ergo</strong></span> <span class='ocrx_word' id='word_1_642' title='bbox 3106 3977 3225 4046; x_wconf 89' lang='lat' dir='ltr'><strong>ejus</strong></span> <span class='ocrx_word' id='word_1_643' title='bbox 3280 3978 3332 4031; x_wconf 93' lang='lat' dir='ltr'><strong>in</strong></span> <span class='ocrx_word' id='word_1_644' title='bbox 3384 3975 3659 4046; x_wconf 80' lang='lat' dir='ltr'><strong>theologia</strong></span> 
     </span>
    </p>
   </div>
   <div class='ocr_carea' id='block_1_100' title="bbox 2091 4067 3656 4142">
    <p class='ocr_par' dir='ltr' id='par_1_100' title="bbox 2091 4067 3656 4142">
     <span class='ocr_line' id='line_1_100' title="bbox 2091 4067 3656 4142; baseline -0.003 -16"><span class='ocrx_word' id='word_1_645' title='bbox 2091 4072 2342 4142; x_wconf 87' lang='lat' dir='ltr'><strong>peritiam</strong></span> <span class='ocrx_word' id='word_1_646' title='bbox 2377 4069 2509 4124; x_wconf 89' lang='lat' dir='ltr'><strong>divo</strong></span> <span class='ocrx_word' id='word_1_647' title='bbox 2545 4069 2746 4140; x_wconf 84' lang='lat' dir='ltr'><strong>Cyrillo</strong></span> <span class='ocrx_word' id='word_1_648' title='bbox 2777 4068 2831 4122; x_wconf 90' lang='lat' dir='ltr'><strong>in</strong></span> <span class='ocrx_word' id='word_1_649' title='bbox 2863 4068 2977 4123; x_wconf 88' lang='lat' dir='ltr'><strong>suis</strong></span> <span class='ocrx_word' id='word_1_650' title='bbox 3027 4067 3308 4123; x_wconf 67' lang='lat' dir='ltr'><strong>Thesauri;</strong></span> <span class='ocrx_word' id='word_1_651' title='bbox 3356 4067 3656 4132; x_wconf 84' lang='lat' dir='ltr'><strong>scribente,</strong></span> 
     </span>
    </p>
   </div>
   <div class='ocr_carea' id='block_1_101' title="bbox 2092 4159 3662 4234">
    <p class='ocr_par' dir='ltr' id='par_1_101' title="bbox 2092 4159 3662 4234">
     <span class='ocr_line' id='line_1_101' title="bbox 2092 4159 3662 4234; baseline -0.004 -16"><span class='ocrx_word' id='word_1_652' title='bbox 2092 4164 2368 4234; x_wconf 90' lang='lat' dir='ltr'><strong>quomodo</strong></span> <span class='ocrx_word' id='word_1_653' title='bbox 2388 4177 2497 4216; x_wconf 91' lang='lat' dir='ltr'><strong>non</strong></span> <span class='ocrx_word' id='word_1_654' title='bbox 2527 4163 2634 4216; x_wconf 91' lang='lat' dir='ltr'><strong>erit</strong></span> <span class='ocrx_word' id='word_1_655' title='bbox 2659 4162 2804 4217; x_wconf 88' lang='lat' dir='ltr'><strong>Deus</strong></span> <span class='ocrx_word' id='word_1_656' title='bbox 2831 4161 3092 4228; x_wconf 89' lang='lat' dir='ltr'><strong>Spiritus,</strong></span> <span class='ocrx_word' id='word_1_657' title='bbox 3114 4174 3239 4232; x_wconf 84' lang='lat' dir='ltr'><strong>eum</strong></span> <span class='ocrx_word' id='word_1_658' title='bbox 3263 4167 3429 4214; x_wconf 88' lang='lat' dir='ltr'><strong>totam</strong></span> <span class='ocrx_word' id='word_1_659' title='bbox 3461 4159 3662 4213; x_wconf 82' lang='lat' dir='ltr'><strong>habeat</strong></span> 
     </span>
    </p>
   </div>
   <div class='ocr_carea' id='block_1_102' title="bbox 2096 4249 3664 4322">
    <p class='ocr_par' dir='ltr' id='par_1_102' title="bbox 2096 4249 3664 4322">
     <span class='ocr_line' id='line_1_102' title="bbox 2096 4249 3664 4322; baseline -0.006 -11"><span class='ocrx_word' id='word_1_660' title='bbox 2096 4255 2512 4311; x_wconf 88' lang='lat' dir='ltr'><strong>substantialem</strong></span> <span class='ocrx_word' id='word_1_661' title='bbox 2563 4253 2961 4322; x_wconf 86' lang='lat' dir='ltr'><strong>proprietatem</strong></span> <span class='ocrx_word' id='word_1_662' title='bbox 3020 4252 3198 4306; x_wconf 90' lang='lat' dir='ltr'><strong>Patris</strong></span> <span class='ocrx_word' id='word_1_663' title='bbox 3245 4259 3302 4304; x_wconf 90' lang='lat' dir='ltr'><strong>et</strong></span> <span class='ocrx_word' id='word_1_664' title='bbox 3340 4249 3504 4304; x_wconf 85' lang='lat' dir='ltr'><strong>Filii?</strong></span> <span class='ocrx_word' id='word_1_665' title='bbox 3534 4250 3664 4304; x_wconf 85' lang='lat' dir='ltr'><strong>Pcr-</strong></span> 
     </span>
    </p>
   </div>
   <div class='ocr_carea' id='block_1_103' title="bbox 2096 4340 3661 4412">
    <p class='ocr_par' dir='ltr' id='par_1_103' title="bbox 2096 4340 3661 4412">
     <span class='ocr_line' id='line_1_103' title="bbox 2096 4340 3661 4412; baseline -0.005 -12"><span class='ocrx_word' id='word_1_666' title='bbox 2096 4346 2302 4401; x_wconf 84' lang='lat' dir='ltr'><strong>sonalia</strong></span> <span class='ocrx_word' id='word_1_667' title='bbox 2337 4344 2512 4398; x_wconf 83' lang='lat' dir='ltr'><strong>Patris</strong></span> <span class='ocrx_word' id='word_1_668' title='bbox 2543 4353 2596 4397; x_wconf 90' lang='lat' dir='ltr'><strong>et</strong></span> <span class='ocrx_word' id='word_1_669' title='bbox 2624 4342 2745 4397; x_wconf 82' lang='lat' dir='ltr'><strong>Filii</strong></span> <span class='ocrx_word' id='word_1_670' title='bbox 2771 4341 3011 4412; x_wconf 86' lang='lat' dir='ltr'><strong>Spiritus</strong></span> <span class='ocrx_word' id='word_1_671' title='bbox 3065 4340 3310 4403; x_wconf 85' lang='lat' dir='ltr'><strong>habebit,</strong></span> <span class='ocrx_word' id='word_1_672' title='bbox 3342 4340 3661 4408; x_wconf 82' lang='lat' dir='ltr'><strong>etgenitus,</strong></span> 
     </span>
    </p>
   </div>
   <div class='ocr_carea' id='block_1_104' title="bbox 2094 4431 3663 4506">
    <p class='ocr_par' dir='ltr' id='par_1_104' title="bbox 2094 4431 3663 4506">
     <span class='ocr_line' id='line_1_104' title="bbox 2094 4431 3663 4506; baseline -0.004 -16"><span class='ocrx_word' id='word_1_673' title='bbox 2094 4445 2148 4490; x_wconf 83' lang='lat' dir='ltr'><strong>et</strong></span> <span class='ocrx_word' id='word_1_674' title='bbox 2182 4434 2398 4506; x_wconf 88' lang='lat' dir='ltr'><strong>genitor</strong></span> <span class='ocrx_word' id='word_1_675' title='bbox 2431 4435 2540 4490; x_wconf 91' lang='lat' dir='ltr'><strong>erit</strong></span> <span class='ocrx_word' id='word_1_676' title='bbox 2594 4434 2866 4488; x_wconf 89' lang='lat' dir='ltr'><strong>luminum</strong></span> <span class='ocrx_word' id='word_1_677' title='bbox 2901 4433 3086 4495; x_wconf 89' lang='lat' dir='ltr'><strong>Pater,</strong></span> <span class='ocrx_word' id='word_1_678' title='bbox 3139 4441 3194 4484; x_wconf 88' lang='lat' dir='ltr'><strong>et</strong></span> <span class='ocrx_word' id='word_1_679' title='bbox 3227 4431 3333 4485; x_wconf 82' lang='lat' dir='ltr'><strong>vim</strong></span> <span class='ocrx_word' id='word_1_680' title='bbox 3364 4431 3663 4500; x_wconf 86' lang='lat' dir='ltr'><strong>generandi</strong></span> 
     </span>
    </p>
   </div>
   <div class='ocr_carea' id='block_1_105' title="bbox 2094 4522 3664 4596">
    <p class='ocr_par' dir='ltr' id='par_1_105' title="bbox 2094 4522 3664 4596">
     <span class='ocr_line' id='line_1_105' title="bbox 2094 4522 3664 4596; baseline -0.002 -15"><span class='ocrx_word' id='word_1_681' title='bbox 2094 4538 2146 4582; x_wconf 87' lang='lat' dir='ltr'><strong>et</strong></span> <span class='ocrx_word' id='word_1_682' title='bbox 2193 4525 2528 4596; x_wconf 89' lang='lat' dir='ltr'><strong>producendi</strong></span> <span class='ocrx_word' id='word_1_683' title='bbox 2565 4526 2799 4580; x_wconf 88' lang='lat' dir='ltr'><strong>habens.</strong></span> <span class='ocrx_word' id='word_1_684' title='bbox 2835 4522 2954 4589; x_wconf 85' lang='lat' dir='ltr'><strong>Qua</strong></span> <span class='ocrx_word' id='word_1_685' title='bbox 2984 4522 3208 4593; x_wconf 88' lang='lat' dir='ltr'><strong>quidem</strong></span> <span class='ocrx_word' id='word_1_686' title='bbox 3235 4539 3292 4577; x_wconf 90' lang='lat' dir='ltr'><strong>re</strong></span> <span class='ocrx_word' id='word_1_687' title='bbox 3325 4523 3457 4592; x_wconf 91' lang='lat' dir='ltr'><strong>quid</strong></span> <span class='ocrx_word' id='word_1_688' title='bbox 3493 4524 3664 4594; x_wconf 80' lang='lat' dir='ltr'><strong>magis</strong></span> 
     </span>
    </p>
   </div>
   <div class='ocr_carea' id='block_1_106' title="bbox 2098 4614 3665 4687">
    <p class='ocr_par' dir='ltr' id='par_1_106' title="bbox 2098 4614 3665 4687">
     <span class='ocr_line' id='line_1_106' title="bbox 2098 4614 3665 4687; baseline -0.003 -15"><span class='ocrx_word' id='word_1_689' title='bbox 2098 4618 2328 4684; x_wconf 90' lang='lat' dir='ltr'><strong>impium</strong></span> <span class='ocrx_word' id='word_1_690' title='bbox 2373 4617 2573 4687; x_wconf 89' lang='lat' dir='ltr'><strong>quidve</strong></span> <span class='ocrx_word' id='word_1_691' title='bbox 2600 4617 2772 4686; x_wconf 89' lang='lat' dir='ltr'><strong>magis</strong></span> <span class='ocrx_word' id='word_1_692' title='bbox 2807 4629 3277 4683; x_wconf 87' lang='lat' dir='ltr'><strong>supervacaneum</strong></span> <span class='ocrx_word' id='word_1_693' title='bbox 3315 4614 3417 4669; x_wconf 90' lang='lat' dir='ltr'><strong>dici</strong></span> <span class='ocrx_word' id='word_1_694' title='bbox 3451 4615 3665 4684; x_wconf 85' lang='lat' dir='ltr'><strong>potest?</strong></span> 
     </span>
    </p>
   </div>
   <div class='ocr_carea' id='block_1_107' title="bbox 2098 4693 3709 4778">
    <p class='ocr_par' dir='ltr' id='par_1_107' title="bbox 2098 4693 3709 4778">
     <span class='ocr_line' id='line_1_107' title="bbox 2098 4693 3709 4778; baseline -0.004 -13"><span class='ocrx_word' id='word_1_695' title='bbox 2098 4711 2245 4766; x_wconf 83' lang='lat' dir='ltr'><strong>Idem</strong></span> <span class='ocrx_word' id='word_1_696' title='bbox 2279 4724 2472 4764; x_wconf 89' lang='lat' dir='ltr'><strong>rursus</strong></span> <span class='ocrx_word' id='word_1_697' title='bbox 2503 4709 2620 4764; x_wconf 79' lang='lat' dir='ltr'><strong>fere</strong></span> <span class='ocrx_word' id='word_1_698' title='bbox 2665 4707 2939 4776; x_wconf 88' lang='lat' dir='ltr'><strong>intelliget</strong></span> <span class='ocrx_word' id='word_1_699' title='bbox 2971 4707 3101 4769; x_wconf 85' lang='lat' dir='ltr'><strong>ista,</strong></span> <span class='ocrx_word' id='word_1_700' title='bbox 3135 4721 3258 4760; x_wconf 85' lang='lat' dir='ltr'><strong>cum</strong></span> <span class='ocrx_word' id='word_1_701' title='bbox 3293 4707 3513 4762; x_wconf 84' lang='lat' dir='ltr'><strong>audiret</strong></span> <span class='ocrx_word' id='word_1_702' title='bbox 3560 4707 3666 4760; x_wconf 91' lang='lat' dir='ltr'><strong>Da-</strong></span> <span class='ocrx_word' id='word_1_703' title='bbox 3696 4693 3709 4778; x_wconf 72' lang='grc' dir='ltr'><strong>ζ’</strong></span> 
     </span>
    </p>
   </div>
   <div class='ocr_carea' id='block_1_108' title="bbox 2098 4797 3667 4868">
    <p class='ocr_par' dir='ltr' id='par_1_108' title="bbox 2098 4797 3667 4868">
     <span class='ocr_line' id='line_1_108' title="bbox 2098 4797 3667 4868; baseline -0.003 -13"><span class='ocrx_word' id='word_1_704' title='bbox 2098 4816 2412 4855; x_wconf 89' lang='lat' dir='ltr'><strong>mascenum</strong></span> <span class='ocrx_word' id='word_1_705' title='bbox 2447 4801 2720 4854; x_wconf 78' lang='lat' dir='ltr'><strong>dicentem</strong></span> <span class='ocrx_word' id='word_1_706' title='bbox 2751 4798 2805 4851; x_wconf 93' lang='lat' dir='ltr'><strong>in</strong></span> <span class='ocrx_word' id='word_1_707' title='bbox 2848 4813 2941 4852; x_wconf 80' lang='lat' dir='ltr'><strong>vui</strong></span> <span class='ocrx_word' id='word_1_708' title='bbox 2981 4797 3297 4868; x_wconf 86' lang='lat' dir='ltr'><strong>Dogmatum</strong></span> <span class='ocrx_word' id='word_1_709' title='bbox 3320 4798 3439 4866; x_wconf 89' lang='lat' dir='ltr'><strong>ejus</strong></span> <span class='ocrx_word' id='word_1_710' title='bbox 3465 4815 3478 4851; x_wconf 74' lang='grc' dir='ltr'>ε</span> <span class='ocrx_word' id='word_1_711' title='bbox 3509 4798 3667 4862; x_wconf 64' lang='lat' dir='ltr'><strong>Quae-</strong></span> 
     </span>
    </p>
   </div>
   <div class='ocr_carea' id='block_1_109' title="bbox 2099 4887 3670 4960">
    <p class='ocr_par' dir='ltr' id='par_1_109' title="bbox 2099 4887 3670 4960">
     <span class='ocr_line' id='line_1_109' title="bbox 2099 4887 3670 4960; baseline -0.004 -14"><span class='ocrx_word' id='word_1_712' title='bbox 2099 4906 2322 4960; x_wconf 91' lang='lat' dir='ltr'><strong>cunque</strong></span> <span class='ocrx_word' id='word_1_713' title='bbox 2373 4887 2542 4954; x_wconf 82' lang='lat' dir='ltr'><strong>habet</strong></span> <span class='ocrx_word' id='word_1_714' title='bbox 2575 4889 2756 4956; x_wconf 78' lang='lat' dir='ltr'><strong>l’ater,</strong></span> <span class='ocrx_word' id='word_1_715' title='bbox 2793 4899 2849 4944; x_wconf 92' lang='lat' dir='ltr'><strong>et</strong></span> <span class='ocrx_word' id='word_1_716' title='bbox 2883 4889 3124 4958; x_wconf 82' lang='lat' dir='ltr'><strong>Spiritus</strong></span> <span class='ocrx_word' id='word_1_717' title='bbox 3157 4897 3402 4951; x_wconf 89' lang='lat' dir='ltr'><strong>sanctus,</strong></span> <span class='ocrx_word' id='word_1_718' title='bbox 3437 4901 3670 4957; x_wconf 60' lang='lat' dir='ltr'><strong>praster-</strong></span> 
     </span>
    </p>
   </div>
   <div class='ocr_carea' id='block_1_110' title="bbox 2098 4977 3661 5052">
    <p class='ocr_par' dir='ltr' id='par_1_110' title="bbox 2098 4977 3661 5052">
     <span class='ocr_line' id='line_1_110' title="bbox 2098 4977 3661 5052; baseline -0.004 -14"><span class='ocrx_word' id='word_1_719' title='bbox 2098 4997 2261 5052; x_wconf 88' lang='lat' dir='ltr'><strong>quam</strong></span> <span class='ocrx_word' id='word_1_720' title='bbox 2301 4981 2447 5052; x_wconf 90' lang='lat' dir='ltr'><strong>quod</strong></span> <span class='ocrx_word' id='word_1_721' title='bbox 2503 4997 2614 5035; x_wconf 89' lang='lat' dir='ltr'><strong>non</strong></span> <span class='ocrx_word' id='word_1_722' title='bbox 2662 4991 2745 5036; x_wconf 91' lang='lat' dir='ltr'><strong>est</strong></span> <span class='ocrx_word' id='word_1_723' title='bbox 2791 4980 3089 5050; x_wconf 85' lang='lat' dir='ltr'><strong>ingenitus.</strong></span> <span class='ocrx_word' id='word_1_724' title='bbox 3138 4977 3204 5032; x_wconf 80' lang='lat' dir='ltr'><strong>Et</strong></span> <span class='ocrx_word' id='word_1_725' title='bbox 3252 4978 3661 5044; x_wconf 85' lang='lat' dir='ltr'><strong>Nazianzenum</strong></span> 
     </span>
    </p>
   </div>
   <div class='ocr_carea' id='block_1_111' title="bbox 2096 5069 3668 5144">
    <p class='ocr_par' dir='ltr' id='par_1_111' title="bbox 2096 5069 3668 5144">
     <span class='ocr_line' id='line_1_111' title="bbox 2096 5069 3668 5144; baseline -0.005 -16"><span class='ocrx_word' id='word_1_726' title='bbox 2096 5073 2445 5144; x_wconf 83' lang='lat' dir='ltr'><strong>Gregorium,</strong></span> <span class='ocrx_word' id='word_1_727' title='bbox 2485 5073 2537 5126; x_wconf 92' lang='lat' dir='ltr'><strong>in</strong></span> <span class='ocrx_word' id='word_1_728' title='bbox 2583 5087 2650 5127; x_wconf 90' lang='lat' dir='ltr'><strong>eo</strong></span> <span class='ocrx_word' id='word_1_729' title='bbox 2701 5087 2978 5135; x_wconf 83' lang='lat' dir='ltr'><strong>sermone,</strong></span> <span class='ocrx_word' id='word_1_730' title='bbox 3014 5086 3177 5140; x_wconf 89' lang='lat' dir='ltr'><strong>quem</strong></span> <span class='ocrx_word' id='word_1_731' title='bbox 3207 5070 3276 5125; x_wconf 92' lang='lat' dir='ltr'><strong>ad</strong></span> <span class='ocrx_word' id='word_1_732' title='bbox 3316 5085 3413 5124; x_wconf 86' lang='lat' dir='ltr'><strong>eos</strong></span> <span class='ocrx_word' id='word_1_733' title='bbox 3453 5069 3546 5139; x_wconf 91' lang='lat' dir='ltr'><strong>qui</strong></span> <span class='ocrx_word' id='word_1_734' title='bbox 3601 5069 3668 5121; x_wconf 89' lang='lat' dir='ltr'><strong>ab</strong></span> 
     </span>
    </p>
   </div>
   <div class='ocr_carea' id='block_1_112' title="bbox 2099 5158 3667 5233">
    <p class='ocr_par' dir='ltr' id='par_1_112' title="bbox 2099 5158 3667 5233">
     <span class='ocr_line' id='line_1_112' title="bbox 2099 5158 3667 5233; baseline 0 -16"><span class='ocrx_word' id='word_1_735' title='bbox 2099 5158 2332 5233; x_wconf 54' lang='lat' dir='ltr'><strong>{Egypto</strong></span> <span class='ocrx_word' id='word_1_736' title='bbox 2369 5170 2638 5225; x_wconf 86' lang='lat' dir='ltr'><strong>venerunt</strong></span> <span class='ocrx_word' id='word_1_737' title='bbox 2698 5161 2890 5216; x_wconf 88' lang='lat' dir='ltr'><strong>scribit</strong></span> <span class='ocrx_word' id='word_1_738' title='bbox 2925 5176 2938 5212; x_wconf 89' lang='lat'><strong>:</strong></span> <span class='ocrx_word' id='word_1_739' title='bbox 2970 5161 3321 5231; x_wconf 73' lang='lat' dir='ltr'><strong>Qumcunque</strong></span> <span class='ocrx_word' id='word_1_740' title='bbox 3353 5172 3480 5215; x_wconf 89' lang='lat' dir='ltr'><strong>sunt</strong></span> <span class='ocrx_word' id='word_1_741' title='bbox 3506 5160 3628 5214; x_wconf 90' lang='lat' dir='ltr'><strong>Filii</strong></span> <span class='ocrx_word' id='word_1_742' title='bbox 3654 5198 3667 5217; x_wconf 88' lang='lat'><strong>.</strong></span> 
     </span>
    </p>
   </div>
   <div class='ocr_carea' id='block_1_113' title="bbox 2099 5253 3669 5324">
    <p class='ocr_par' dir='ltr' id='par_1_113' title="bbox 2099 5253 3669 5324">
     <span class='ocr_line' id='line_1_113' title="bbox 2099 5253 3669 5324; baseline -0.004 -14"><span class='ocrx_word' id='word_1_743' title='bbox 2099 5267 2228 5310; x_wconf 89' lang='lat' dir='ltr'><strong>sunt</strong></span> <span class='ocrx_word' id='word_1_744' title='bbox 2260 5267 2315 5308; x_wconf 90' lang='lat' dir='ltr'><strong>et</strong></span> <span class='ocrx_word' id='word_1_745' title='bbox 2344 5254 2607 5324; x_wconf 88' lang='lat' dir='ltr'><strong>Spiritus,</strong></span> <span class='ocrx_word' id='word_1_746' title='bbox 2640 5265 2837 5322; x_wconf 66' lang='lat' dir='ltr'><strong>praeter</strong></span> <span class='ocrx_word' id='word_1_747' title='bbox 2862 5253 3198 5307; x_wconf 85' lang='lat' dir='ltr'><strong>Iiliationcm.</strong></span> <span class='ocrx_word' id='word_1_748' title='bbox 3219 5255 3448 5319; x_wconf 85' lang='lat' dir='ltr'><strong>Quantae</strong></span> <span class='ocrx_word' id='word_1_749' title='bbox 3473 5253 3669 5306; x_wconf 89' lang='lat' dir='ltr'><strong>iterum</strong></span> 
     </span>
    </p>
   </div>
   <div class='ocr_carea' id='block_1_114' title="bbox 2101 5341 3670 5414">
    <p class='ocr_par' dir='ltr' id='par_1_114' title="bbox 2101 5341 3670 5414">
     <span class='ocr_line' id='line_1_114' title="bbox 2101 5341 3670 5414; baseline -0.003 -13"><span class='ocrx_word' id='word_1_750' title='bbox 2101 5346 2356 5402; x_wconf 76' lang='lat' dir='ltr'><strong>amentia:</strong></span> <span class='ocrx_word' id='word_1_751' title='bbox 2397 5346 2702 5414; x_wconf 83' lang='lat' dir='ltr'><strong>putandum</strong></span> <span class='ocrx_word' id='word_1_752' title='bbox 2754 5355 2861 5408; x_wconf 91' lang='lat' dir='ltr'><strong>est,</strong></span> <span class='ocrx_word' id='word_1_753' title='bbox 2909 5360 3032 5400; x_wconf 87' lang='lat' dir='ltr'><strong>cum</strong></span> <span class='ocrx_word' id='word_1_754' title='bbox 3087 5361 3153 5400; x_wconf 83' lang='lat' dir='ltr'><strong>ex</strong></span> <span class='ocrx_word' id='word_1_755' title='bbox 3208 5345 3513 5400; x_wconf 88' lang='lat' dir='ltr'><strong>substantia</strong></span> <span class='ocrx_word' id='word_1_756' title='bbox 3544 5341 3670 5397; x_wconf 85' lang='lat' dir='ltr'><strong>Filii</strong></span> 
     </span>
    </p>
   </div>
   <div class='ocr_carea' id='block_1_115' title="bbox 2098 5433 3672 5507">
    <p class='ocr_par' dir='ltr' id='par_1_115' title="bbox 2098 5433 3672 5507">
     <span class='ocr_line' id='line_1_115' title="bbox 2098 5433 3672 5507; baseline -0.005 -13"><span class='ocrx_word' id='word_1_757' title='bbox 2098 5451 2219 5494; x_wconf 80' lang='lat' dir='ltr'><strong>esse</strong></span> <span class='ocrx_word' id='word_1_758' title='bbox 2255 5437 2465 5501; x_wconf 77' lang='lat' dir='ltr'><strong>audiat,</strong></span> <span class='ocrx_word' id='word_1_759' title='bbox 2519 5437 2681 5490; x_wconf 87' lang='lat' dir='ltr'><strong>etiam</strong></span> <span class='ocrx_word' id='word_1_760' title='bbox 2719 5452 2784 5492; x_wconf 74' lang='lat' dir='ltr'><strong>ex</strong></span> <span class='ocrx_word' id='word_1_761' title='bbox 2828 5439 2951 5507; x_wconf 87' lang='lat' dir='ltr'><strong>ejus</strong></span> <span class='ocrx_word' id='word_1_762' title='bbox 2997 5451 3233 5506; x_wconf 89' lang='lat' dir='ltr'><strong>persona</strong></span> <span class='ocrx_word' id='word_1_763' title='bbox 3283 5451 3402 5492; x_wconf 88' lang='lat' dir='ltr'><strong>esse</strong></span> <span class='ocrx_word' id='word_1_764' title='bbox 3435 5433 3672 5504; x_wconf 86' lang='lat' dir='ltr'><strong>putare?</strong></span> 
     </span>
    </p>
   </div>
   <div class='ocr_carea' id='block_1_116' title="bbox 2101 5527 3669 5596">
    <p class='ocr_par' dir='ltr' id='par_1_116' title="bbox 2101 5527 3669 5596">
     <span class='ocr_line' id='line_1_116' title="bbox 2101 5527 3669 5596; baseline -0.003 -16"><span class='ocrx_word' id='word_1_765' title='bbox 2101 5543 2165 5581; x_wconf 89' lang='lat' dir='ltr'><strong>ac</strong></span> <span class='ocrx_word' id='word_1_766' title='bbox 2222 5527 2266 5582; x_wconf 90' lang='lat' dir='ltr'><strong>si</strong></span> <span class='ocrx_word' id='word_1_767' title='bbox 2320 5527 2786 5596; x_wconf 88' lang='lat' dir='ltr'><strong>quemadmodum</strong></span> <span class='ocrx_word' id='word_1_768' title='bbox 2838 5543 2945 5581; x_wconf 92' lang='lat' dir='ltr'><strong>una</strong></span> <span class='ocrx_word' id='word_1_769' title='bbox 3000 5527 3329 5592; x_wconf 88' lang='lat' dir='ltr'><strong>substantia,</strong></span> <span class='ocrx_word' id='word_1_770' title='bbox 3379 5528 3460 5582; x_wconf 89' lang='lat' dir='ltr'><strong>sic</strong></span> <span class='ocrx_word' id='word_1_771' title='bbox 3504 5527 3669 5580; x_wconf 87' lang='lat' dir='ltr'><strong>etiam</strong></span> 
     </span>
    </p>
   </div>
   <div class='ocr_carea' id='block_1_117' title="bbox 2103 5619 3672 5688">
    <p class='ocr_par' dir='ltr' id='par_1_117' title="bbox 2103 5619 3672 5688">
     <span class='ocr_line' id='line_1_117' title="bbox 2103 5619 3672 5688; baseline -0.002 -14"><span class='ocrx_word' id='word_1_772' title='bbox 2103 5619 2464 5674; x_wconf 73' lang='lat' dir='ltr'><strong>subsistentia</strong></span> <span class='ocrx_word' id='word_1_773' title='bbox 2498 5629 2642 5673; x_wconf 84' lang='lat' dir='ltr'><strong>esset</strong></span> <span class='ocrx_word' id='word_1_774' title='bbox 2673 5619 2740 5671; x_wconf 87' lang='lat' dir='ltr'><strong>de</strong></span> <span class='ocrx_word' id='word_1_775' title='bbox 2781 5619 2914 5672; x_wconf 86' lang='lat' dir='ltr'><strong>Deo.</strong></span> <span class='ocrx_word' id='word_1_776' title='bbox 2947 5619 3216 5674; x_wconf 76' lang='lat' dir='ltr'><strong>Praeterea</strong></span> <span class='ocrx_word' id='word_1_777' title='bbox 3247 5635 3353 5688; x_wconf 88' lang='lat' dir='ltr'><strong>non</strong></span> <span class='ocrx_word' id='word_1_778' title='bbox 3380 5619 3672 5686; x_wconf 84' lang='lat' dir='ltr'><strong>conspicit,</strong></span> 
     </span>
    </p>
   </div>
   <div class='ocr_carea' id='block_1_118' title="bbox 2101 5709 3668 5778">
    <p class='ocr_par' dir='ltr' id='par_1_118' title="bbox 2101 5709 3668 5778">
     <span class='ocr_line' id='line_1_118' title="bbox 2101 5709 3668 5778; baseline -0.003 -14"><span class='ocrx_word' id='word_1_779' title='bbox 2101 5712 2245 5778; x_wconf 80' lang='lat' dir='ltr'><strong>quod</strong></span> <span class='ocrx_word' id='word_1_780' title='bbox 2280 5727 2402 5764; x_wconf 81' lang='lat' dir='ltr'><strong>eum</strong></span> <span class='ocrx_word' id='word_1_781' title='bbox 2437 5711 2502 5764; x_wconf 86' lang='lat' dir='ltr'><strong>de</strong></span> <span class='ocrx_word' id='word_1_782' title='bbox 2574 5710 2729 5764; x_wconf 70' lang='lat' dir='ltr'><strong>Patre</strong></span> <span class='ocrx_word' id='word_1_783' title='bbox 2763 5721 2817 5764; x_wconf 82' lang='lat' dir='ltr'><strong>ct</strong></span> <span class='ocrx_word' id='word_1_784' title='bbox 2853 5727 2913 5763; x_wconf 76' lang='lat' dir='ltr'><strong>ex</strong></span> <span class='ocrx_word' id='word_1_785' title='bbox 2948 5711 3109 5764; x_wconf 80' lang='lat' dir='ltr'><strong>Patre</strong></span> <span class='ocrx_word' id='word_1_786' title='bbox 3158 5709 3360 5765; x_wconf 77' lang='lat' dir='ltr'><strong>dicitur</strong></span> <span class='ocrx_word' id='word_1_787' title='bbox 3408 5709 3668 5776; x_wconf 77' lang='lat' dir='ltr'><strong>Spiritus,</strong></span> 
     </span>
    </p>
   </div>
  </div>
