3966 6218
248 271 355 342 303

1197 282 1703 363 BESSARIONJS
1748 302 1808 364 s.
1847 303 1918 366 1i.
1962 303 2030 367 E.
2072 309 2535 373 CAiiniNALts

3371 313 3480 389 304

244 391 343 492 qui
376 392 593 447 Patrem
620 409 741 449 csse
770 382 968 492 Filium
1005 410 1223 472 negant,
1274 407 1481 475 pariter
1508 421 1563 466 et
1587 412 1709 467 Filii
1739 411 1806 467 ad
1837 416 1882 474 Α
1912 417 2139 474 omnino
2176 430 2339 490 prout
2364 421 2540 477 Filius
2593 421 2669 477 ita
2695 431 2749 477 et
2796 422 2912 492 ipse
2962 429 3221 480 causatus
3251 441 3279 480 a
3319 425 3480 488 Patre

240 479 460 556 Patrem
506 485 957 543 communitatem
991 503 1193 563 negant
1235 499 1538 554 secundum
1578 516 1805 570 proces-

240 578 417 658 sivarn
442 578 853 661 proprietatem.

764 716 818 774 Ν
823 723 974 778 tersui
1017 725 1273 795 defensio.

312 846 430 905 Non
459 849 597 906 adeo
633 851 788 909 illum
819 856 1123 926 sapientem
1158 863 1335 918 virum
1365 872 1530 935 putes
1554 865 1801 941 ignarum

243 940 532 1012 theologia:
575 959 719 1010 esse,
766 957 828 1003 ut
877 966 999 1020 quae
1032 962 1276 1022 paterna:
1324 957 1645 1014 substantiae
1677 940 1804 1030 pro?

234 1031 352 1099 pria
390 1042 538 1096 sunt,
563 1047 626 1089 ea
651 1035 704 1089 in
731 1036 928 1093 Filium
964 1042 1198 1099 transire
1229 1043 1433 1101 debere
1467 1048 1799 1103 arbitretur.

235 1118 392 1185 Quod
442 1129 625 1178 autem
683 1125 847 1181 Pater
890 1129 1165 1197 producat
1211 1131 1477 1201 Spiritum
1524 1146 1799 1201 sanctum,

236 1224 345 1265 non
378 1212 434 1291 id
463 1213 519 1268 in
559 1226 830 1299 quantum
879 1206 1046 1276 Pater
1091 1220 1281 1292 habet,
1312 1227 1407 1282 sed
1443 1228 1496 1282 in
1533 1238 1798 1299 quantum

235 1302 502 1371 spirator.
552 1306 667 1362 Hoc
710 1318 899 1383 autem
934 1327 1135 1370 nomen
1166 1317 1407 1387 spirator
1451 1337 1800 1392 nequaquam

234 1393 655 1479 constitutivum
706 1412 956 1467 persona:
1007 1403 1212 1462 nomen
1240 1418 1349 1464 est.
1389 1410 1503 1477 Qua
1536 1412 1604 1468 de
1637 1429 1799 1471 causa

236 1483 579 1553 impossibile
612 1502 721 1542 non
754 1500 863 1572 est,
903 1493 1011 1549 hoc
1042 1497 1208 1550 etiam
1234 1486 1376 1553 Filio
1399 1501 1522 1556 esse
1556 1518 1804 1572 commu-

234 1588 339 1639 ne;
375 1573 420 1628 si
472 1568 820 1665 sanctissimo
855 1578 1007 1637 Patri
1052 1583 1259 1656 Cyrillo
1309 1568 1648 1646 credendum
1695 1577 1797 1655 est,

232 1667 331 1736 qui
376 1669 553 1725 multo
604 1673 806 1730 melius
853 1666 1017 1745 quam
1049 1680 1152 1734 nes
1193 1679 1261 1734 de
1300 1681 1573 1752 theologia
1610 1685 1797 1740 sentit.

1914 509 1987 562 sit
2021 526 2034 562 :
2079 518 2136 564 at
2184 526 2362 581 neque
2396 511 2594 578 filialis,
2643 515 2804 583 cujus
2844 515 3090 571 etenim!
3118 515 3387 583 siquidem
3423 518 3477 572 id

1915 602 2209 670 personale
2239 613 2324 658 est
2357 603 2518 671 Filio,
2557 619 2679 660 esse
2706 606 2928 662 Filium.
2959 604 3116 672 Quod
3156 605 3267 674 jam
3299 621 3326 659 a
3357 606 3477 676 Spi-

1913 690 2021 746 ritu
2050 692 2232 763 adepti
2262 692 2501 762 fuimus;
2531 695 2595 750 ad
2617 695 2748 768 illud
2768 704 2951 749 autem
2980 694 3127 763 quod
3153 695 3197 749 si
3230 710 3354 749 cum
3378 711 3481 749 au-

1912 780 2026 838 diat
2056 784 2346 856 quisquam
2373 802 2439 841 ex
2471 787 2780 843 substantia
2831 786 2951 857 Filii
2987 786 3278 856 Spiritum,
3307 787 3476 850 etiam

1911 888 1975 928 ex
2024 876 2144 945 ejus
2197 893 2429 945 persona
2478 892 2607 933 eum
2666 878 2962 949 intelliget,
3006 892 3114 932 non
3165 877 3477 931 mirandum

1910 980 2054 1044 esse,
2108 967 2240 1027 satis
2275 968 2431 1041 prius
2475 968 2683 1024 dictum
2733 976 2838 1023 est.
2884 966 2984 1023 Hic
3014 982 3146 1022 vero
3179 976 3234 1022 et
3269 982 3481 1037 magna;

1910 1054 2203 1112 dementiae
2227 1068 2332 1122 est,
2392 1058 2591 1133 inquit,
2628 1074 2738 1113 non
2772 1060 3047 1129 respicere
3085 1058 3229 1128 quod
3260 1072 3384 1113 cum
3409 1057 3479 1112 de

1908 1148 2070 1202 Patre
2139 1155 2195 1203 et
2244 1163 2309 1224 ex
2362 1149 2519 1205 Patre
2573 1149 2815 1220 Spiritus
2861 1148 3082 1213 dicitur,
3133 1149 3228 1219 qui
3276 1149 3478 1226 Filium

1909 1246 2109 1307 negant
2161 1253 2282 1293 esse
2329 1234 2570 1317 Patrem,
2627 1239 2790 1317 simul
2841 1256 3062 1311 quoque
3116 1249 3315 1311 negant
3360 1241 3473 1294 vim

1908 1328 2152 1396 spirandi
2188 1338 2541 1385 communem
2593 1345 2716 1385 esse
2762 1330 2900 1385 Filio
2931 1346 3059 1385 eum
3092 1331 3275 1387 Patre.
3312 1333 3474 1401 Ejus-

1909 1421 2033 1475 dem
2084 1420 2317 1476 fortasse
2356 1421 2648 1478 dementia:
2677 1423 3033 1493 semetipsum
3104 1438 3387 1489 accusans,
3417 1428 3475 1480 et

1908 1511 2137 1566 forsitan
2189 1513 2434 1584 majoris,
2482 1514 2612 1570 dum
2669 1514 2771 1570 hoc
2806 1515 3109 1570 absurdum
3164 1516 3477 1586 intelligens

1908 1599 2266 1656 nihilominus
2319 1617 2428 1656 non
2476 1602 2615 1672 fugit
2649 1603 2818 1669 illud,
2858 1618 2984 1659 cum
3028 1603 3294 1674 Spiritum
3331 1605 3479 1659 dicat

1910 1689 2173 1759 Spiritum
2207 1692 2350 1748 Filii.
2384 1692 2518 1747 Nam
2553 1695 2596 1747 si
2650 1694 2844 1754 Patris,
2876 1701 2933 1750 et
2959 1710 3025 1750 ex
3061 1696 3236 1760 Patre,
3279 1707 3340 1750 ut
3376 1697 3478 1751 istc

232 1759 700 1856 Omniapinquit,
743 1775 829 1821 est
874 1766 1050 1824 Filius
1096 1785 1444 1853 quaecunque
1497 1775 1660 1829 Pater
1694 1784 1800 1843 est,
1831 1759 1880 1819 Β
1907 1780 2137 1843 fatetur.
2173 1783 2375 1837 dicitur
2423 1784 2707 1852 Spiritus:
2740 1787 2833 1856 qui
2886 1773 3084 1840 Filium
3129 1796 3329 1856 negant
3357 1794 3479 1841 csse

234 1859 434 1922 prater
464 1853 519 1910 id
543 1854 722 1911 solum
753 1858 903 1928 quod
936 1874 1045 1915 non
1075 1862 1145 1917 sit
1174 1850 1369 1920 Pater.
1395 1863 1600 1922 Deinde
1627 1866 1800 1933 addit,

234 1946 523 2015 proprium
551 1947 762 2004 habens
797 1960 853 2004 et
890 1966 959 2006 ex
982 1967 1072 2019 eo,
1099 1962 1155 2008 et
1183 1946 1236 2025 in
1269 1969 1337 2011 eo
1365 1957 1420 2011 in
1448 1943 1642 2013 natura
1675 1948 1801 2029 Spi-

237 2034 405 2092 ritum
431 2048 708 2095 sanctum.
743 2041 934 2113 Neque
976 2042 1095 2101 haec
1121 2030 1403 2102 adversari
1438 2033 1583 2105 inter
1614 2064 1673 2105 se
1702 2067 1805 2121 pu—

235 2131 371 2185 tavit
426 2131 625 2186 Filium
673 2142 783 2190 non
836 2150 959 2193 esse
1006 2137 1247 2207 Patrem,
1277 2149 1335 2196 et
1379 2147 1564 2197 tamen
1616 2157 1684 2197 ex
1735 2158 1804 2198 eo

238 2219 509 2292 Spiritum
564 2240 707 2283 esse.
754 2226 918 2284 Aliud
972 2230 1184 2287 scilicet
1241 2240 1325 2288 est
1387 2232 1693 2290 arbitratus
1746 2236 1799 2291 in

243 2322 514 2384 quantum
550 2316 715 2374 Pater
743 2328 849 2383 est,
883 2328 941 2376 et
975 2319 1124 2377 aliud
1155 2320 1211 2377 in
1254 2333 1523 2393 quantum
1555 2326 1802 2396 spirator

231 2416 341 2473 est,
374 2416 430 2464 et
460 2408 595 2465 illud
634 2410 863 2488 quidem
914 2412 1055 2469 Filio
1091 2412 1616 2473 incommunieabile
1651 2432 1802 2484 esse,

233 2497 343 2553 hoc
370 2513 504 2556 vero
546 2514 712 2570 quam
763 2499 1003 2557 maxime
1051 2504 1370 2561 convenire.
1427 2505 1583 2572 Quod
1629 2507 1799 2574 etiam

232 2588 368 2645 alibi
401 2591 750 2648 enucleatius
785 2607 1085 2671 exponens,
1119 2610 1227 2659 non
1264 2604 1466 2672 praeter
1505 2596 1561 2667 id
1590 2597 1796 2669 solum,

230 2683 436 2753 inquit,
463 2683 613 2755 quod
647 2698 757 2748 non
800 2684 874 2743 sit
906 2686 1092 2751 Pater,
1127 2686 1223 2743 sed
1258 2696 1621 2760 praterquam
1655 2690 1802 2760 quod

232 2791 345 2831 non
401 2784 653 2847 generet.
712 2774 999 2833 Manifesta
1049 2778 1436 2848 paternitatem
1485 2789 1695 2853 tantum
1745 2789 1801 2841 et

232 2868 411 2924 solam
468 2866 771 2944 generandi
832 2869 968 2937 vim,
1001 2885 1110 2925 non
1149 2870 1390 2939 spirandi
1447 2871 1515 2939 ab
1549 2886 1617 2927 eo
1647 2871 1799 2947 aufe-

232 2977 384 3018 rens.
420 2960 502 3017 Tn
555 2974 691 3017 vero
741 2968 927 3027 utrum
964 2976 1065 3029 nos
1109 2979 1177 3017 an
1227 2973 1278 3019 te
1332 2965 1508 3033 ipsum
1544 2964 1799 3037 decipere

234 3053 479 3119 conaris,
511 3051 702 3114 nescio
731 3065 832 3121 per
866 3051 998 3106 illud
1024 3051 1137 3117 divi
1161 3051 1351 3123 Cyrilli
1386 3052 1614 3113 dictum.
1640 3052 1797 3121 Quod

230 3153 290 3201 et
322 3145 369 3200 si
417 3144 720 3216 propositis
750 3143 918 3210 rebus
942 3142 1150 3214 aliquid
1189 3144 1373 3211 simile
1408 3146 1613 3201 habere
1647 3145 1798 3207 vide-

231 3244 347 3302 tur,
387 3237 567 3292 multo
603 3246 785 3291 tamen
818 3235 1161 3307 discrepare,
1196 3237 1240 3292 si
1289 3238 1430 3293 bene
1459 3237 1798 3304 advertatur,

230 3326 598 3400 reperiemus.
652 3326 827 3395 Quam
869 3328 1105 3403 maxime
1156 3329 1305 3383 enim
1360 3328 1572 3396 differt,
1610 3328 1801 3384 dicere

230 3419 550 3491 quempiam
602 3418 808 3477 habere
856 3419 1170 3477 naturalem
1215 3422 1446 3496 alicujus
1487 3423 1800 3493 proprieta-

232 3519 369 3575 tem,
399 3510 486 3566 vel
527 3511 650 3582 ejus
694 3511 1027 3567 naturaliter
1057 3512 1445 3582 proprietates.
1494 3513 1628 3570 Nam
1662 3515 1798 3570 illud

228 3600 407 3655 solum
457 3599 524 3654 ad
583 3598 906 3678 substantiae
951 3600 1179 3670 respicit
1235 3600 1584 3658 identitatem
1629 3620 1642 3659 :
1696 3603 1800 3658 hoc

225 3693 543 3773 aliquarum
590 3683 966 3773 personalium
1020 3694 1309 3774 notionum
1347 3695 1798 3774 communitatem

228 3769 527 3857 significat,
565 3774 686 3856 qua:
728 3769 1057 3863 naturaliter
1105 3795 1162 3840 et
1231 3770 1672 3863 substantialiter
1702 3791 1799 3860 sit,

231 3893 304 3934 ne
366 3868 607 3948 cuipiam
692 3874 967 3955 accidenti
1036 3885 1131 3932 aut
1173 3863 1579 3950 participation'i
1643 3882 1799 3935 locus

200 4018 207 4023 .
232 3973 417 4028 detur.
451 3970 588 4026 Illud
624 3959 807 4046 autem
836 3969 1020 4047 omnia
1055 3971 1270 4047 scilicet
1289 3956 1412 4043 quae
1441 3972 1621 4028 Patris
1644 3980 1796 4038 sunt,

228 4072 287 4117 et
310 4061 555 4132 Spiritus
579 4040 703 4116 esse
726 4040 927 4131 pradér
950 4044 1256 4141 ingenitum
1284 4040 1403 4118 esse
1426 4077 1440 4128 ;
1466 4071 1523 4117 et
1543 4077 1802 4133 quincun-

228 4169 337 4223 quo
384 4152 509 4208 Filii
551 4161 682 4207 sunt
710 4144 877 4206 etiam
907 4137 1151 4221 Spiritus
1195 4137 1318 4207 esse
1348 4160 1550 4222 praeter
1572 4152 1800 4207 ‘filiatio—

226 4260 380 4311 nem,
432 4243 620 4300 nescio
667 4244 824 4313 cujus
876 4242 954 4297 rei
1003 4241 1179 4313 gratia
1229 4228 1631 4311 supe'raddidit.
1686 4230 1799 4298 Nos

228 4337 376 4393 enim
427 4321 665 4392 feliciter
714 4349 779 4388 ae
833 4334 923 4403 pie
985 4334 1101 4388 haec
1174 4334 1358 4387 omnia
1418 4332 1794 4403 intelligimus.

1823 3104 1871 3169 C

1904 1873 2144 1937 Patrem,
2186 1888 2295 1927 non
2352 1863 2530 1944 solum
2568 1875 2675 1945 vim
2708 1875 2955 1945 spirandi
2986 1891 3328 1931 communem
3356 1891 3477 1934 esse

1904 1963 2043 2042 Filio
2070 1980 2192 2019 cum
2238 1964 2402 2045 Patre
2438 1951 2663 2045 negant,
2695 1965 2791 2020 sed
2835 1952 3001 2041 etiam
3046 1966 3310 2045 Spiritum
3354 1968 3476 2023 Filii

1904 2055 2034 2110 dici.
2071 2055 2225 2120 Quod
2252 2043 2300 2111 isi
2332 2056 2470 2111 bene
2493 2041 2635 2111 hanc
2668 2057 3002 2131 dementiam
3030 2041 3218 2135 fugiat,
3251 2060 3306 2114 in
3340 2059 3476 2114 alte-

1905 2163 2021 2202 ram
2054 2136 2263 2215 iucidit,
2308 2150 2477 2204 multo
2501 2149 2674 2219 magis
2699 2148 3093 2221 detestandam,
3128 2152 3172 2206 si
3208 2150 3476 2224 Spiritum,

1904 2250 2155 2294 sanctum
2206 2224 2418 2295 scilicet
2467 2255 2577 2294 non
2608 2228 2818 2302 dicat.
2868 2257 3044 2310 neque
3092 2234 3300 2296 ‘sentiat
3343 2240 3473 2296 Filii

1905 2327 2202 2399 Spiritum;
2233 2328 2376 2398 quod
2411 2328 2647 2400 denique
2679 2327 2978 2399 Scriptura:
3013 2331 3160 2385 omni
3196 2331 3477 2403 adversari

1904 2418 2028 2491 quis
2064 2434 2171 2473 non
2213 2419 2404 2475 dicat?
2465 2419 2653 2491 itaque
2694 2422 2796 2477 iste
2826 2423 2991 2478 etiam
3026 2437 3209 2477 sermo
3240 2422 3474 2478 manife-

1905 2512 2145 2568 stissimo
2204 2510 2635 2581 deprehenditur
2662 2514 2812 2568 omni
2869 2513 3112 2585 undique
3165 2513 3475 2585 ignorantia

1902 2604 2096 2673 plenus
2129 2620 2268 2668 csse.
3194 2601 3217 2611 ”
3465 2588 3472 2596 ’

2252 2736 2523 2821 Decimum
2553 2744 2923 2811 argumentum
2957 2734 3120 2793 Verri.

1972 2877 2065 2931 lite
2094 2876 2501 2950 Scripturarum
2532 2882 2836 2947 sententiae,
2871 2880 2925 2936 in
2951 2879 3153 2951 quibus
3181 2877 3372 2938 Patres
3402 2874 3475 2940 de

1901 2965 2187 3024 divinitate
2231 2980 2532 3029 tractantes
2567 2973 2852 3044 proprium
2890 2972 3069 3029 Patris
3102 2970 3300 3026 Filium
3344 2985 3473 3030 esse

1901 3069 2172 3124 asserunt,
2199 3070 2261 3117 ut
2283 3078 2350 3121 ex
2375 3062 2495 3135 ejus
2525 3065 2758 3119 essentia
2789 3063 3167 3125 exsistentem,
3197 3077 3263 3117 ex
3293 3075 3475 3130 eoque.

1901 3163 2026 3207 esse
2054 3162 2113 3208 ut
2136 3155 2416 3222 proprium
2445 3154 2762 3213 substantiae
2782 3154 2922 3221 eius,
2946 3152 3037 3208 hic
3058 3153 3301 3208 collecta:
3319 3159 3468 3211 sunt.

1903 3251 1965 3296 ut
1990 3243 2190 3313 cuique
2210 3244 2415 3301 volenti
2438 3245 2668 3302 facultas
2691 3244 2784 3310 sit,
2818 3244 2949 3307 hinc
2976 3242 3265 3301 manifeste
3286 3255 3473 3319 posse,

1903 3334 2169 3405 Spiritum
2223 3335 2387 3394 etiam
2427 3337 2634 3393 idcirco
2667 3337 2948 3407 proprium
2989 3333 3112 3391 Filii
3155 3333 3287 3398 dici,
3321 3331 3471 3402 quod

1901 3442 1966 3481 ex
1993 3429 2300 3484 substantia
2327 3430 2445 3498 ejus
2476 3437 2581 3485 est.
2611 3430 2862 3498 Itemque
2892 3428 3082 3487 eadem
3117 3426 3186 3482 de
3210 3439 3374 3480 causa
3399 3439 3468 3503 es

1902 3516 2205 3573 substantia
2246 3514 2367 3571 Filii
2421 3531 2540 3571 esse
2573 3516 2798 3580 dicitur,
2830 3518 2975 3585 quod
3012 3512 3285 3585 ejusmodi
3330 3512 3468 3588 sub;

1902 3611 2117 3664 stantia:
2149 3607 2429 3678 proprium
2455 3607 2659 3663 bonum
2690 3614 2792 3662 est.
2835 3606 2990 3674 Quod
3029 3606 3193 3679 etiam
3228 3603 3471 3660 consub-

1904 3699 2312 3756 stantialitatem
2340 3699 2578 3768 Spiritus
2605 3714 2730 3754 cum
2761 3697 2898 3753 Filio
2932 3697 3191 3765 ostendit.
3221 3695 3279 3751 Si
3315 3695 3465 3773 enim

1906 3787 2209 3844 secundum
2244 3786 2537 3857 quamdam
2585 3788 2745 3843 aliam
2787 3788 3054 3854 rationem
3108 3773 3471 3859 consubstan-

1906 3878 2176 3952 tialitatis,
2202 3878 2380 3947 qualis
2416 3888 2519 3942 est,
2549 3894 2670 3949 qua:
2701 3878 2768 3934 de
2794 3878 3011 3934 duobus
3033 3877 3474 3949 consubstantia-

1900 3970 2146 4026 litatibus
2188 3969 2427 4049 dicitur;
2462 3970 2515 4025 in
2560 3970 2762 4040 quibus
2811 3986 2917 4024 non
2959 3978 3042 4023 est
3089 3970 3320 4024 alterum
3370 3984 3470 4038 per

1902 4063 2159 4134 alterum,
2201 4050 2442 4143 Spiritus
2480 4071 2625 4118 esset
2661 4062 2919 4132 proprius
2954 4061 3102 4123 Filii,
3134 4076 3200 4116 ex
3230 4059 3470 4130 Filiique

1902 4151 2208 4227 substantia
2261 4163 2428 4216 esset,
2473 4152 2637 4206 etiam
2695 4149 2864 4205 Filius
2918 4151 3172 4221 proprius
3224 4150 3468 4220 Spiritus

1903 4243 2100 4319 sancti,
2131 4253 2185 4316 et
2215 4258 2278 4320 es
2304 4242 2423 4321 ejus
2445 4243 2749 4321 substantia
2781 4241 2849 4296 ob
2873 4243 3287 4296 conversionem
3317 4242 3467 4305 ejus-

1904 4315 2053 4409 modi
2093 4314 2697 4401 cupsubst‘autialitatis,
2748 4331 2893 4409 quod
2946 4347 3108 4386 nemo
3150 4341 3465 4385 sanctorum

224 4429 383 4497 Quod
419 4428 463 4484 si
510 4427 807 4501 quisquam
858 4433 954 4482 aut
987 4425 1107 4495 ipse
1140 4439 1249 4479 non
1293 4424 1433 4480 bene
1462 4425 1657 4492 sentit,
1698 4434 1796 4480 aut
1828 4443 1875 4500 ι)
1902 4407 2123 4481 Ρὲιιιπιιηι
2174 4439 2412 4503 unquam
2463 4424 2622 4503 dixit.
2674 4407 3113 4493 nequedicetur
3144 4424 3212 4478 ab
3261 4422 3466 4491 aliquo,

228 4510 467 4599 caeteros
493 4508 754 4593 decipere
790 4508 1043 4586 conatur,
1093 4518 1243 4599 illius
1275 4526 1360 4572 est
1390 4519 1621 4573 crimen.
1657 4518 1797 4599 Nam

228 4615 276 4669 si
307 4594 488 4684 quisa
513 4597 725 4683 Spiritu
756 4598 1147 4683 proprietatem
1187 4594 1375 4691 Patris
1404 4610 1644 4691 auferat,
1678 4596 1799 4680 qua:

229 4713 315 4763 est
360 4704 666 4778 ingenitum
713 4718 836 4761 esse
870 4686 1255 4783 :eausamque'
1295 4686 1419 4759 sive.
1461 4702 1793 4781 principium

227 4796 463 4875 aliaer
493 4783 884 4875 personarum,
912 4795 1137 4875 qualem
1176 4795 1416 4875 amplius
1450 4794 1792 4875 person'alem

230 4865 406 4968 Patris
454 4865 853 4963 proprietatem
901 4865 952 4942 ei
1006 4865 1396 4959 derelinque't?
1430 4868 1700 4968 Similiter
1748 4885 1793 4938 si

174 4992 175 4995 ‘
235 4984 364 5057 quis
424 4982 622 5038 Filium
681 4980 913 5050 Spiritui
976 4979 1191 5048 hosque
1243 4977 1389 5032 solos
1438 4977 1503 5032 ad
1560 4978 1796 5057 invicem

225 5068 577 5156 comparans,
613 5062 842 5142 negaret
882 5068 1150 5143 Spiritum
1176 5083 1305 5123 esse
1334 5067 1556 5133 Filium,
1584 5066 1803 5122 caeteris

224 5150 439 5235 vero'i'n
466 5154 644 5222 rebus
670 5179 799 5221 eum
829 5152 1055 5217 omnino
1086 5160 1321 5216 similem
1356 5158 1493 5212 Filio
1522 5172 1644 5214 esse
1674 5172 1796 5212 ore-

223 5236 423 5344 deret:
461 5238 646 5337 quam,
669 5258 718 5312 ei
769 5253 1112 5345 personalem
1150 5250 1548 5322 proprietatem
1583 5249 1795 5303 tribue-

222 5332 351 5423 rei?
382 5368 483 5408 nec
512 5332 661 5407 enim
695 5332 989 5421 paternam
1014 5342 1299 5401 tribueret.
1349 5340 1483 5396 Nam
1515 5357 1694 5419 neque
1726 5342 1795 5397 de

224 5443 386 5530 patre
414 5451 536 5524 erat
557 5427 776 5507 seruio,
806 5452 984 5508 neque
1026 5438 1091 5490 ad
1121 5424 1267 5519 hunc
1308 5433 1397 5491 illa
1432 5431 1790 5530 comparatio,

223 5519 402 5603 neque
434 5519 568 5590 licet
597 5529 665 5586 ad
693 5524 840 5586 hunc
871 5527 1089 5605 fuisset,
1113 5525 1323 5596 aliquid
1354 5524 1404 5579 ei
1441 5519 1793 5592 proprietatis
1818 5572 1837 5586 ,

226 5622 407 5693 Patris
438 5624 794 5693 relinqueret.
835 5619 973 5676 Cum
1003 5627 1372 5687 praeterquam
1403 5609 1549 5693 quod
1584 5625 1690 5664 non
1720 5609 1790 5665 sit

227 5691 416 5799 filius,
440 5723 635 5767 extera
660 5712 839 5766 omnia
878 5710 1179 5764 secundum
1211 5708 1408 5764 Filium
1439 5705 1526 5773 sit,
1553 5719 1787 5774 cun'qttc

1904 4515 1996 4585 qui
2024 4523 2171 4569 recte
2201 4528 2264 4573 ac
2292 4502 2380 4583 pie
2424 4512 2492 4581 de
2522 4512 2624 4567 tide
2659 4515 2909 4592 sentiret.
2942 4502 3090 4592 Talis
3122 4521 3302 4565 autem
3331 4526 3469 4565 con-

1903 4591 2337 4683 substantialitas
2358 4620 2533 4675 neque
2555 4588 2778 4686 proprie
2801 4588 3339 4683 consubstantialitas
3359 4611 3467 4664 est;

1902 4695 1997 4750 sed
2034 4695 2122 4749 illa
2144 4738 2158 4759 ,
2202 4711 2323 4765 qua:
2360 4695 2591 4750 alterum
2625 4696 2782 4750 alteri
2816 4695 3035 4766 copulat
3070 4704 3327 4763 tanquam
3368 4710 3467 4762 per

1902 4804 2029 4842 eum
2066 4804 2132 4843 ex
2159 4804 2228 4844 eo
2257 4788 2525 4843 exsistens
2554 4788 2878 4843 naturaliter
2921 4796 2977 4842 et
3009 4787 3466 4842 substantialitcr.

1901 4880 2057 4947 Quod
2099 4880 2320 4949 quidem
2370 4864 2834 4950 probabit'magnl
2885 4864 3071 4937 Basilii
3107 4879 3195 4934 hic
3229 4878 3466 4933 adducta

1900 4972 2196 5034 sententia,
2225 4972 2319 5041 qui
2369 4971 2654 5027 manifeste
2694 4972 2892 5026 asserit
2947 4970 3141 5027 fratres
3192 4984 3302 5026 non
3347 4968 3457 5022 dici

1902 5066 2118 5134 proprie
2145 5054 2377 5120 invicem
2405 5062 2921 5118 consubstantiales.
2956 5062 3248 5116 Addnutur
3281 5068 3463 5117 autem

1902 5157 2172 5226 ejusmodi
2212 5155 2496 5211 sententiis
2544 5163 2601 5209 et
2623 5155 2744 5209 alia:
2774 5156 3082 5216 sementim,
3115 5167 3234 5220 quae
3262 5152 3332 5207 ob
3362 5152 3467 5206 hoc

1898 5249 2200 5304 Ostendunt
2224 5245 2421 5303 Filium
2447 5261 2569 5301 esse
2592 5245 3116 5302 consubstantialem
3142 5243 3465 5311 Patriaquia

1895 5357 1959 5393 ex
1991 5341 2108 5407 ejus
2144 5328 2449 5392 substantia
2481 5345 2588 5400 est,
2619 5346 2679 5390 ut
2717 5350 2929 5397 omnes,
2972 5336 3064 5403 qui
3102 5333 3291 5397 velint,
3333 5333 3465 5387 hinc

1898 5432 2202 5501 intelligere
2233 5431 2469 5499 possint,
2512 5427 2717 5482 ideirco
2755 5425 3018 5497 Spiritum
3053 5436 3300 5481 sanctum
3336 5440 3463 5480 cum

1896 5523 2034 5577 Filio
2066 5521 2589 5576 consubstantialem
2630 5532 2776 5583 esse,
2804 5519 2932 5589 quia
2964 5533 3029 5571 ex
3060 5518 3179 5589 ejus
3211 5517 3465 5573 substan-

1900 5614 1970 5665 tia
2002 5623 2104 5666 cst.
2143 5610 2273 5665 item
2310 5609 2374 5663 ad
2420 5610 2520 5663 has
2557 5608 2857 5664 sententias
2893 5607 3233 5662 roborandus
3269 5614 3325 5663 et
3356 5605 3463 5659 alia

1898 5704 2113 5758 Patrum
2154 5703 2296 5758 dicta
2337 5702 2656 5770 afferentur,
2686 5714 2805 5771 qum
2832 5695 3462 5755 consubstantialitatem
