3966 6218
362 328 489 392 305

1335 328 1715 390 APOLOGIA
1757 330 2371 395 INSCRlPTiONUM
2414 335 2650 396 VECCl.

3500 346 3605 408 306

370 439 611 510 Spiritus
629 439 695 494 ad
718 439 930 494 Patrem
980 430 1288 510 Filiumque
1316 441 1441 499 inde
1464 444 1937 515 ostendunt,quod
1969 451 2010 505 Α
2044 448 2183 502 bene
2220 450 2487 520 percipio,
2524 450 2667 504 nihil
2693 451 2837 504 enim
2866 449 2979 521 ipse
3004 451 3211 508 clarum
3242 453 3414 520 dicis;
3450 458 3602 526 atqui

370 531 422 586 is
441 546 501 583 cs
525 530 685 584 Patre
718 545 816 599 per
846 527 1043 584 Filium
1071 532 1162 584 sit.

841 666 1079 722 Paterna:
1107 671 1480 726 contradictio.

442 806 705 876 Proprius
753 813 840 858 est
896 802 1071 858 Filius
1121 803 1298 859 Patris
1355 814 1417 859 ut
1467 820 1532 859 ex
1580 821 1648 862 eo
1696 807 1937 877 genitus,

367 901 675 968 eodemque
706 896 869 952 modo
889 905 944 950 et
976 895 1219 964 Spiritus
1248 906 1466 952 sanctus
1491 909 1597 959 est,
1640 907 1700 953 ut
1729 914 1796 951 ex
1830 899 1933 952 Pa-

381 1005 465 1048 tre
513 988 837 1060 procedens.
896 987 1364 1051 Quemadmodum
1426 1005 1649 1057 magnus
1705 989 1935 1045 Basilius

368 1082 630 1138 adversus
662 1076 1033 1133 Eunomianos
1062 1076 1259 1131 litteris
1288 1078 1595 1136 mandavit:
1619 1080 1933 1148 Proprieta-

370 1182 501 1231 tem.
533 1169 738 1240 inquit,
770 1168 838 1221 ad
882 1168 1096 1225 Patrem
1142 1167 1381 1237 Spiritus
1419 1169 1590 1226 sancti
1628 1172 1778 1235 novi,
1804 1173 1931 1241 quia

368 1276 399 1317 a
428 1261 587 1317 Patre
620 1257 893 1326 procedit.
928 1257 1135 1312 Dicitur
1175 1267 1353 1313 tamen
1395 1258 1521 1313 Filii
1557 1259 1815 1329 Spiritus,
1855 1265 1933 1317 si-

368 1359 463 1406 cut
507 1349 650 1407 idem
694 1355 923 1405 sanctus.
945 1348 1121 1417 capite
1153 1356 1344 1403 octavo
1380 1349 1445 1402 ad
1487 1350 1931 1419 Amphilochium

370 1442 594 1505 asserit,
640 1451 701 1496 ut
729 1441 1033 1508 secundum
1065 1450 1314 1501 naturam
1346 1441 1395 1494 ei
1426 1444 1751 1513 conjunctus
1776 1444 1933 1511 ;-fieri

370 1535 521 1590 etiim
569 1535 792 1589 minime
834 1541 1031 1605 potest,
1068 1548 1151 1596 ea,
1190 1548 1312 1603 quae
1356 1543 1546 1593 natura
1593 1535 1759 1589 idem‘
1785 1546 1931 1600 sunt,

370 1641 482 1683 non
533 1640 654 1680 esse
701 1624 933 1679 invicem
978 1626 1288 1693 conjuncta.
1341 1624 1459 1679 Non
1508 1625 1708 1683 dicitur
1753 1635 1932 1681 autem

373 1717 547 1773 Filius
591 1715 828 1787 Spiritus
872 1716 1069 1777 sancti,
1109 1732 1177 1769 ne
1217 1715 1461 1783 Spiritus
1507 1725 1731 1770 sanctus
1773 1717 1934 1771 Pater

367 1823 490 1873 esse
519 1806 786 1867 videatur.
812 1821 932 1859 cum
965 1803 1134 1861 Filius
1164 1805 1226 1859 ad
1261 1805 1475 1858 Patrem
1506 1805 1796 1868 referatur.
1833 1822 1932 1866 cu-

364 1900 458 1969 jus
490 1896 665 1951 Filius
690 1896 991 1953 diceretur.
1031 1896 1242 1951 Veccus
1271 1907 1450 1950 autem
1485 1896 1587 1951 iste
1615 1911 1683 1951 ex
1713 1909 1933 1954 senten-

372 1991 467 2058 tiis
495 1989 585 2043 hic
624 2002 755 2042 sane
780 1987 1025 2042 collectis
1054 1986 1190 2040 nihil
1218 1988 1335 2040 sani
1367 1986 1603 2055 colligit;
1636 1988 1935 2057 reprehen-

368 2079 517 2143 ditur
551 2088 731 2134 tamen
753 2093 783 2132 a
812 2079 1125 2146 sentietipso,
1153 2067 1275 2131 cum
1305 2077 1450 2132 dicat
1477 2078 1547 2132 ob
1577 2080 1936 2135 consubstan-

372 2170 658 2242 tialitatem
705 2184 773 2223 ex
824 2168 1128 2225 substantia
1173 2167 1294 2221 Filii
1335 2167 1598 2238 Spiritum
1644 2169 1772 2224 dici.
1824 2169 1935 2245 Nec

370 2261 517 2323 enim
565 2276 629 2322 ea
676 2260 744 2315 de
786 2275 950 2317 causa
1001 2259 1164 2314 etiam
1215 2274 1284 2314 ex
1325 2275 1559 2330 persona
1594 2258 1716 2314 Filii
1751 2270 1932 2327 esset;

373 2351 657 2422 continget
683 2352 829 2405 enim
857 2367 922 2406 ex
950 2351 1185 2406 invicem
1217 2350 1333 2405 hac
1360 2366 1503 2406 esse.
1536 2351 1743 2406 idcirco
1774 2366 1934 2406 nemo

372 2441 425 2507 id
450 2456 688 2510 unquam
713 2440 966 2505 asseruit,
996 2441 1259 2510 Spiritum
1283 2457 1349 2496 ex
1378 2456 1611 2513 persona
1633 2456 1756 2497 esse
1784 2440 1931 2507 Filii,

370 2533 466 2612 sed
504 2549 571 2613 es
603 2548 830 2602 persona
853 2530 1053 2589 Patris.

912 2677 1113 2733 Nicwnt
1144 2676 1392 2746 defensio.

440 2810 564 2875 Non
591 2809 767 2866 solum
798 2808 999 2871 dixisse
1020 2809 1152 2877 satis
1177 2815 1282 2873 est,
1339 2809 1434 2863 sed
1465 2807 1629 2863 etiam
1664 2806 1930 2862 rationem
2019 2843 2022 2846 η

372 2903 580 2969 addere
613 2910 847 2970 oportet.
884 2901 1139 2969 Quaenam
1180 2901 1372 2960 isthaec
1399 2900 1700 2959 voluntaria
1734 2900 1933 2969 positio

370 3003 484 3057 est,
515 2993 796 3065 preprium
826 2992 1003 3057 Patris
1031 2990 1251 3053 Filium,
1271 2998 1364 3060 aut
1386 2989 1650 3059 Spiritum
1682 2999 1930 3049 sanctum

373 3087 559 3146 dicere
615 3094 677 3145 ut
703 3085 997 3147 essentiam
1029 3082 1293 3139 habentes
1325 3098 1390 3136 ex
1432 3082 1588 3136 Patre
1622 3100 1635 3134 :
1673 3080 1768 3136 sed
1806 3095 1933 3150 pro-
2037 3080 2263 3119 ""“u'”
2300 3080 2399 3105 “""
2431 3080 2627 3103 ¹¹¹¹¹¹¹⁹¹¹
2677 3080 2845 3104 ¹’¹¹¹¹¹⁵
2895 3080 3181 3119 ν⁹¹³¹¹¹¹⁸¹¹⁰
3228 3080 3423 3102 ¹¹¹¹¹¹¹¹⁵¹¹
3452 3080 3595 3119 “""t

373 3124 1025 3212 “,;,,Μ’πης;’ςης,;,ηηι
1082 3136 1322 3212 mum,“
1373 3189 1477 3212 mm
1519 3148 1720 3212 ‘mdnm
1770 3117 2002 3212 ,πηδηο
2034 3149 2091 3197 et
2133 3143 2224 3212 qui
2268 3157 2333 3196 ex
2397 3142 2703 3197 substantia
2763 3141 2897 3196 dicit
2952 3142 3112 3208 Filii,
3173 3151 3346 3196 totum
3396 3138 3595 3208 Filium

373 3179 557 3250 prium
595 3176 717 3231 Filii
763 3175 1026 3245 Spiritum
1082 3176 1324 3230 dicentes
1373 3189 1481 3238 non
1530 3173 1723 3233 eodem
1770 3170 1933 3226 modo

372 3271 705 3342 intelligere.
728 3268 873 3338 quod
900 3283 965 3323 ex
990 3267 1128 3321 Filio
1161 3267 1373 3333 scilicet
1394 3264 1691 3331 essentiam
1713 3263 1930 3329 habeat,

367 3363 466 3427 sed
497 3376 664 3432 quem
697 3360 817 3427 ipse
847 3373 947 3427 pro
997 3358 1155 3426 libita
1188 3356 1345 3426 quasi
1392 3357 1446 3409 in
1488 3354 1716 3409 somniis
1750 3353 1930 3423 lingis.

370 3455 508 3525 Nam
535 3452 681 3522 quod
714 3450 894 3526 magni
941 3449 1123 3503 Basilii
1154 3448 1362 3515 dictum
1395 3446 1449 3501 in
1483 3446 1720 3500 medium
1754 3445 1932 3508 ducis,

370 3562 476 3616 pro
522 3544 685 3609 nobis
724 3543 928 3612 potius,
986 3550 1042 3601 et
1087 3549 1272 3606 contra
1326 3547 1378 3593 te
1418 3536 1717 3613 adduxisti.
1759 3535 1935 3606 Unius

367 3634 572 3697 etenim
604 3645 661 3690 et
685 3632 932 3701 ejusdem
970 3631 1072 3694 rei,
1130 3631 1275 3699 quod
1304 3630 1512 3691 scilicet
1541 3628 1781 3698 Spiritus
1808 3642 1934 3680 san-

371 3740 497 3785 ctus
528 3726 852 3783 naturaliter
901 3723 1045 3779 Patri
1080 3732 1137 3776 et
1167 3721 1306 3775 Filio
1333 3720 1659 3789 conjunctus
1686 3717 1779 3782 sit,
1810 3732 1934 3786 pro-

368 3820 623 3875 nationes
664 3831 917 3886 quarens
949 3816 1142 3869 doctor
1184 3813 1583 3873 sanctissimus.
1626 3810 1769 3863 hanc
1816 3817 1936 3863 tan-

370 3927 536 3977 guam
561 3910 921 3982 potissimam,
952 3907 1101 3978 quod
1131 3906 1344 3975 scilicet
1374 3921 1437 3957 ex
1466 3904 1627 3958 Patre
1648 3901 1932 3971 procedat,

373 3999 612 4075 Filiique
652 4003 885 4066 dicatur,
925 4010 977 4055 et
1017 3999 1108 4062 sit,
1159 3997 1410 4067 producit
1449 3998 1502 4051 in
1541 3995 1799 4069 medium,
1828 4009 1933 4063 pu-

372 4106 499 4164 tans
541 4096 609 4149 ad
656 4092 800 4147 idem
850 4092 1079 4154 referre,
1124 4091 1377 4162 idemque
1408 4089 1524 4153 haec
1550 4086 1712 4141 ambo
1749 4099 1930 4158 posse.

371 4187 508 4241 Nam
542 4185 702 4255 cujus
736 4182 975 4252 Spiritus
1029 4180 1349 4241 dicitur.‘ex
1397 4179 1489 4232 illo
1539 4179 1779 4246 denique
1824 4175 1936 4245 spi-
1985 4195 1995 4204 -

374 4285 551 4329 ratur.
570 4273 649 4328 Tu
676 4290 799 4329 vero
825 4271 1218 4327 absurditatem
1252 4272 1352 4344 rei,
1376 4284 1610 4343 suasque
1636 4269 1936 4339 positiones

373 4375 722 4435 sequentem,
757 4381 821 4421 ac
864 4365 1229 4421 necessariam
1263 4362 1695 4428 conversionem,
1723 4378 1843 4430 quae
1868 4376 1964 4414 ex.

378 4458 487 4533 tuis
534 4458 783 4527 sequitur
814 4456 996 4512 verbis
1042 4456 1284 4527 eﬂ’ugere
1328 4471 1451 4519 cum
1481 4454 1719 4519 conaris,
1766 4452 1931 4507 etiam

375 4552 571 4604 nolens
589 4551 697 4606 tuis
722 4549 1049 4615 adversariis
1077 4549 1241 4613 faves.
1267 4547 1385 4605 Non
1413 4549 1557 4601 enim
1581 4545 1786 4611 dicitur
1808 4544 1932 4613 (ais)

376 4634 616 4718 Spiritus
646 4642 818 4695 sancti
847 4639 1018 4694 Filius
1042 4657 1056 4694 :
1084 4654 1153 4693 ne
1183 4638 1346 4708 hujus
1373 4636 1530 4691 Pater
1557 4634 1727 4690 Filius
1752 4634 1937 4700 videa-

377 4744 492 4803 tur,
514 4719 782 4803 asserens
809 4731 1021 4786 scilicet
1048 4740 1104 4785 et
1129 4730 1245 4799 ipse
1277 4730 1501 4785 relativa
1531 4728 1732 4783 debere
1756 4726 1823 4781 ad
1855 4728 1936 4796 in—

377 4827 554 4878 vicem
585 4823 854 4886 converti,
891 4831 951 4877 ut
980 4838 1102 4876 cum
1137 4833 1193 4878 et
1230 4822 1468 4892 Spiritus
1510 4839 1712 4877 nomen
1752 4822 1937 4876 relati-

372 4928 502 4966 vum
571 4913 689 4967 sit:
724 4914 1184 4982 quemadmodum
1231 4923 1285 4968 et
1326 4914 1439 4982 ipse
1488 4914 1680 4967 volens
1742 4915 1936 4968 nolens

372 5002 586 5067 fateris,
620 5003 685 5057 ad
723 5004 1021 5072 spirantem
1057 5003 1272 5067 referri,
1312 5014 1475 5073 atque
1508 5021 1572 5058 ex
1615 5004 1710 5059 illo
1737 5002 1932 5073 spicari

374 5090 595 5163 debere.
628 5092 786 5161 cujus
811 5102 865 5145 et
895 5092 1096 5146 dicitur
1129 5092 1390 5160 Spiritus.
1415 5093 1568 5158 Quod
1598 5102 1778 5163 autem
1807 5101 1864 5147 et
1890 5092 1935 5145 si

372 5197 438 5237 ex
478 5182 781 5256 substantia
826 5182 951 5236 Filii
1007 5183 1248 5253 Spiritus
1292 5194 1515 5239 sanctus
1545 5184 1779 5246 dicatur,
1824 5199 1934 5237 non

371 5276 558 5324 tamen
597 5270 723 5325 ideo
761 5272 1132 5327 necessarium
1174 5270 1677 5347 arbitratur'étiam
1720 5290 1785 5329 et
1818 5275 1936 5345 ejus

370 5377 608 5441 persona
657 5377 813 5427 esse,
864 5363 1161 5418 absurdum
1222 5366 1386 5421 etiam
1433 5365 1736 5434 quiddam;
1791 5365 1935 5419 unde

367 5452 628 5522 equidem
656 5455 836 5508 nescio
864 5454 929 5509 ad
958 5455 1061 5510 hoc
1083 5457 1563 5511 demonstrandum
1587 5460 1804 5513 conaris
1828 5457 1938 5513 col-

368 5543 564 5612 ligere.
616 5541 709 5597 Sic
747 5543 891 5598 enim
935 5546 1014 5599 ais
1048 5561 1112 5598 ex
1173 5548 1407 5601 invicem
1450 5557 1639 5602 essent
1682 5557 1934 5617 tanquam

372 5635 638 5707 passibile
669 5635 879 5691 scilicet
902 5636 1065 5691 etiam
1092 5636 1288 5692 Filium
1319 5654 1384 5694 ex
1419 5639 1656 5708 Spiritus
1682 5640 1937 5694 substan-

376 5729 448 5809 tia
468 5725 579 5807 dici.
603 5742 623 5808 ς’
649 5735 705 5782 et
729 5725 933 5783 idcirco
957 5729 1119 5786 etiam
1152 5747 1214 5784 cx
1249 5732 1366 5801 ejus
1394 5747 1644 5801 persona.
1671 5732 1725 5787 Si
1758 5748 1856 5803 ego
1884 5742 1935 5787 te

2042 551 2230 596 nostra
2274 541 2415 596 ratio
2457 541 2583 595 inde
2615 542 2925 598 firmissime
2969 543 3298 610 roboratur;
3332 561 3602 614 nusquam

2039 634 2189 688 enim
2220 633 2465 704 reperies
2493 633 2575 689 vel
2600 634 2822 697 Filium,
2845 636 2931 690 vel
2965 637 3203 699 Patrem,
3236 652 3412 706 neque
3437 639 3603 691 sacris

2041 726 2096 778 in
2132 725 2375 787 Litteris.
2401 741 2579 794 neque
2600 726 2741 794 apud
2771 730 3044 791 doctores,
3065 743 3131 781 ex
3160 728 3463 782 substantia
3484 728 3604 797 Spi-

2039 816 2181 869 ritus
2231 816 2403 869 sancti
2458 815 2662 869 dictutn
2703 830 2846 868 esse.
2898 816 2964 871 At
3014 817 3060 871 si
3106 816 3224 872 haec
3262 817 3453 878 dictio,
3490 820 3604 873 han:

2039 908 2350 964 substantia
2406 908 2658 963 videlicet
2705 907 2830 962 Filii
2884 919 2977 964 aut
3017 910 3197 964 Patris
3248 924 3393 974 esse,
3432 911 3603 964 solam

2044 998 2694 1061 consubstantialitatem,
2744 998 3207 1068 quemadmodum
3258 1014 3356 1054 vos
3412 1000 3603 1062 vultis,

2038 1089 2389 1158 significaret,
2441 1089 2575 1143 illud
2615 1089 2781 1143 etiam
2815 1089 3060 1152 perfecto
3090 1090 3197 1145 dici
3247 1090 3501 1146 debellat.
3546 1092 3601 1145 Si

2040 1190 2221 1235 autem
2265 1196 2429 1234 nemo
2459 1190 2775 1235 sanctorum
2807 1196 2871 1235 ex
2904 1196 3136 1249 persona
3171 1181 3290 1236 Filii
3336 1181 3600 1250 Spiritum

2039 1272 2523 1339 esseqtmdicavit,
2571 1279 2812 1329 attamen
2866 1288 2931 1327 ex
2978 1270 3117 1326 Filio
3151 1287 3293 1335 esse,
3341 1283 3505 1342 atque
3536 1288 3602 1327 ex

2040 1364 2179 1418 Filio
2203 1367 2473 1419 exsistere
2502 1365 2861 1427 afﬁrmarent.
2893 1383 3015 1435 qum
3063 1368 3297 1420 maxime
3335 1367 3604 1420 exsistan-

2042 1456 2171 1508 tiam
2206 1454 2442 1523 Spiritus
2479 1458 2810 1525 signiﬁcant.
2852 1458 3231 1513 Occidentales
3277 1467 3457 1512 autem
3500 1459 3601 1513 Pa-

2042 1558 2154 1602 tres
2201 1556 2364 1617 atque
2397 1547 2653 1601 doctores
2683 1549 2849 1603 etiam
2883 1565 2946 1601 ex
2980 1548 3118 1603 Filio
3144 1566 3269 1603 eum
3302 1549 3601 1618 procedere

2038 1648 2309 1692 asserunt.
2346 1641 2447 1694 Ριϊ
2469 1654 2667 1694 nomen
2696 1650 2880 1695 autem
2910 1640 3030 1694 Filii
3056 1642 3159 1696 nisi
3192 1656 3476 1712 personam
3515 1638 3604 1693 Fi-

2038 1730 2099 1783 lii
2138 1729 2432 1796 intelligas,
2460 1731 2784 1784 miraculum
2811 1741 2977 1795 essct,
3016 1740 3070 1786 tu
3106 1747 3283 1801 neque
3315 1748 3380 1785 ex
3426 1734 3602 1787 Patris

2038 1837 2269 1891 persona
2325 1822 2589 1891 Spiritum
2640 1836 2761 1876 esse
2792 1822 3047 1885 dixisses,
3083 1823 3185 1876 nisi
3215 1825 3367 1877 solus
3395 1822 3600 1893 Grego-

2035 1916 2148 1969 rius
2188 1916 2481 1985 Nyssenus,
2517 1927 2573 1971 et
2604 1917 2651 1970 is
2691 1917 2913 1986 quidem
2947 1917 3114 1973 semel
3148 1917 3264 1970 suis
3293 1916 3349 1970 in
3387 1930 3601 1970 sermo-

2032 2005 2218 2070 nibus,
2241 2006 2506 2074 Spiritum
2526 2022 2589 2061 er
2612 2016 2836 2075 paterna
2861 2022 3092 2075 persona
3116 2006 3415 2075 procedere
3436 2008 3602 2061 dixis-

2032 2107 2119 2152 set
2164 2115 2177 2151 :
2225 2098 2320 2152 sed
2366 2114 2490 2153 eum
2538 2114 2602 2152 ex
2655 2096 2813 2151 Patre
2861 2098 3084 2151 audires
3136 2096 3267 2165 (qua
3320 2097 3596 2151 sententia

2034 2187 2192 2256 plena
2219 2188 2399 2241 omnis
2417 2187 2702 2251 Scriptura
2721 2187 2850 2254 est),
2871 2198 3066 2241 cuncta
3098 2189 3277 2255 potius
3299 2202 3457 2257 quam
3478 2202 3601 2255 per-

2033 2293 2222 2333 sonam
2261 2278 2435 2332 Patris
2483 2276 2835 2345 intelligeres.
2885 2278 2953 2331 At
3006 2278 3111 2331 hoc
3153 2293 3317 2345 quam
3360 2278 3598 2331 maxime

2035 2368 2242 2436 puerile
2279 2375 2387 2441 est.
2420 2366 2552 2432 Quis
2589 2367 2755 2432 igitur
2788 2376 3026 2421 vestrum
3054 2367 3189 2420 nihil
3221 2368 3341 2421 sani
3365 2367 3593 2420 conclu-

2033 2457 2145 2519 dat.
2193 2466 2344 2523 tune,
2391 2472 2459 2513 an
2494 2457 2722 2521 Veccus,
2767 2472 2951 2512 sermo
2986 2467 3182 2511 noster.
3212 2456 3453 2511 dilucide
3494 2455 3595 2509 de-

2033 2548 2376 2603 monstravit.

2329 2662 2665 2718 Undecimnm
2695 2671 3067 2733 argumentum
3110 2662 3282 2717 Vocet".

2106 2774 2243 2831 Cum
2296 2776 2545 2846 quidam,
2590 2776 2877 2831 audientes
2909 2775 3174 2845 Spiritum
3232 2783 3482 2830 sanctum
3525 2789 3595 2829 ex

2034 2868 2340 2922 substantia
2401 2884 2526 2923 esse
2574 2866 2720 2930 Filii,
2760 2868 2908 2921 aliud
2931 2884 2994 2922 ex
3028 2867 3335 2923 substantia
3365 2880 3484 2919 esse
3510 2865 3595 2919 di-

2034 2968 2187 3021 cunt,
2221 2960 2369 3013 aliud
2405 2975 2469 3013 ex
2508 2974 2739 3028 persona
2771 2977 2786 3021 ;
2823 2974 2923 3013 nec
2956 2957 3089 3013 illud
3114 2956 3595 3026 comprehendere

2035 3059 2263 3119 possunt
2299 3051 2399 3105 hoc
2431 3066 2627 3103 nomen
2671 3050 2845 3104 Filius
2895 3050 3182 3119 personale
3228 3064 3423 3102 nomen
3451 3063 3595 3119 esse,

2035 3233 2274 3288 ostendit
2314 3234 2704 3297 substantiam,
2754 3233 2967 3288 scilicet
3044 3233 3459 3287 subsistentem.
3513 3232 3594 3302 Ad.

2034 3339 2225 3395 eorum
2290 3325 2456 3395 igitur
2518 3327 2738 3392 ineptos
2763 3324 3142 3391 absurdosque
3169 3338 3366 3377 sensus
3409 3323 3597 3383 redar-g

2034 3417 2281 3487 guendos
2311 3418 2552 3472 collectae
2592 3429 2720 3470 sunt
2743 3423 2797 3468 et
2827 3431 2905 3469 ea:
2927 3414 3342 3484 Scripturarum
3371 3425 3596 3471 senten-

2036 3509 2146 3572 tite,
2206 3524 2326 3576 qua:
2381 3524 2444 3561 ex
2486 3508 2805 3571 substantia
2856 3507 3033 3560 Patris
3097 3506 3292 3560 Filium
3343 3506 3593 3574 generari

2041 3600 2359 3653 ostendunt.
2423 3598 2556 3652 Nam
2624 3600 2669 3651 si
2731 3614 2891 3652 unam
2957 3614 3075 3651 csse
3105 3598 3443 3651 nativitatem
3471 3595 3596 3649 Filii

2035 3708 2098 3746 ex
2129 3690 2289 3747 Patre
2329 3691 2584 3751 fatemur,
2611 3707 2718 3756 quo
2755 3699 2912 3759 pacto
2944 3690 3031 3744 illa
3078 3689 3299 3743 differre
3340 3698 3594 3753 possunt.

2034 3799 2157 3840 esse
2197 3784 2410 3838 scilicet
2461 3798 2526 3836 ex
2577 3783 2906 3842 Suhstautia,
2963 3791 3017 3836 ct
3062 3795 3183 3835 esse
3227 3794 3291 3833 et
3324 3778 3595 3848 persona?

2034 3877 2141 3931 nisi
2203 3875 2493 3943 quisquam
2548 3874 2997 3929 manifestissime
3026 3873 3463 3942 blaspltemaret,
3498 3886 3595 3922 au-

2034 3969 2300 4035 deretque
2347 3966 2555 4029 dicere,
2618 3964 2779 4017 aliam
2839 3964 2961 4018 Filii
3015 3978 3135 4017 esse
3189 3976 3255 4015 ex
3282 3959 3592 4015 substantia

2033 4058 2212 4113 Patris
2262 4048 2629 4119 nativitatem,
2684 4056 2844 4109 aliam
2902 4071 2967 4109 ex
3027 4052 3600 4123 pcrsona.Adduntur

2035 4151 2202 4206 etiam
2231 4158 2287 4221 et
2317 4149 2383 4203 iis
2414 4148 2705 4202 sententiis
2730 4147 2834 4200 alia
2881 4147 3105 4201 Patrum
3130 4144 3296 4208 dicta,
3323 4158 3442 4211 qua!
3469 4155 3597 4208 per-

2038 4241 2235 4297 fectam
2277 4240 2671 4301 substantiam,
2728 4248 2785 4293 et
2813 4239 2979 4293 Deum
3017 4237 3324 4307 perfectum
3355 4235 3596 4293 Patrem,

2037 4348 2092 4390 et
2136 4333 2434 4403 perfectam
2467 4332 2830 4387 substantiam
2898 4330 3121 4390 Filium,
3182 4335 3236 4380 et
3288 4323 3586 4395 perfectam

1967 4453 2012 4510 υ
2040 4424 2405 4481 substantiam
2438 4424 2704 4507 Spiritum
2752 4429 3001 4474 sanctum
3027 4416 3348 4473 ostendunt.

2506 4535 2744 4589 Patimur:
2770 4519 3133 4586 contradictio.

2105 4653 2239 4710 Cum
2269 4650 2471 4721 aliquid
2530 4648 2695 4703 unius
2746 4646 3066 4702 substantia:
3100 4662 3455 4719 personaeque
3488 4662 3591 4711 est,

2039 4756 2167 4799 tunc.
2194 4743 2338 4813 quod
2373 4758 2442 4796 ex
2472 4742 2561 4795 illa
2592 4740 2898 4796 substantia
2935 4740 3260 4796 naturaliter
3295 4742 3593 4796 essentiam
3644 4769 3649 4774 -

2036 4837 2223 4893 habet.
2252 4849 2319 4895 ex
2347 4833 2438 4887 illa
2465 4834 2628 4887 etiam
2672 4845 2902 4900 persona
2963 4829 3209 4886 eamdem
3261 4833 3447 4894 habet.
3487 4842 3541 4887 et
3569 4848 3601 4887 e

2035 4940 2330 4981 converso.
2391 4922 2547 4991 Quod
2601 4923 2745 4979 enim
2810 4924 3024 4977 exstitit
3082 4938 3147 4977 ex
3211 4925 3301 4978 illa
3338 4939 3598 4994 persona,

2035 5021 2198 5074 etiam
2261 5034 2327 5073 ex
2379 5019 2468 5073 illa
2538 5017 2854 5072 substantia
2885 5025 2991 5071 est.
3024 5018 3386 5074 Personarttm
3418 5027 3598 5072 autem

2037 5113 2281 5182 plurium
2315 5108 2460 5177 quod
2500 5116 2680 5161 estex
2712 5107 2803 5161 illa
2859 5122 2966 5160 una
3006 5107 3338 5171 substantia,
3391 5123 3499 5161 non
3528 5122 3597 5161 ex

2038 5204 2257 5256 caeteris
2313 5198 2571 5253 omnibus
2642 5198 2914 5266 personis.
2969 5196 3064 5253 sed
3121 5215 3186 5253 ex
3219 5214 3324 5253 una
3362 5199 3596 5269 quadam

2038 5306 2227 5346 earum
2278 5298 2380 5343 est.
2437 5287 2572 5342 Cum
2654 5288 2819 5358 igitur
2876 5303 3128 5357 suprema
3174 5290 3600 5357 venerandaque

2044 5383 2289 5438 Trinitas
2340 5396 2448 5433 una
2498 5390 2696 5432 natura
2743 5379 2801 5432 in
2844 5379 3025 5437 tribus
3059 5381 3311 5448 personis
3341 5380 3446 5443 sit,
3488 5396 3598 5434 non

2042 5486 2205 5527 Omne
2229 5469 2374 5539 quod
2396 5484 2462 5524 ex
2502 5467 2859 5522 subsistentia
2883 5468 3049 5523 habet
3084 5484 3148 5522 ex
3176 5472 3407 5532 caeteris,
3431 5470 3597 5525 etiam

2041 5578 2108 5617 ex
2160 5561 2417 5615 omnibus
2474 5559 2722 5628 personis
2778 5568 2882 5623 est,
2937 5558 3033 5613 sed
3096 5574 3163 5613 ex
3220 5576 3325 5614 una
3363 5562 3597 5630 quedam

2040 5667 2227 5707 earum
2275 5651 2486 5705 scilicet
2546 5649 2740 5718 prima.
2793 5649 2929 5704 Nam
2976 5665 3039 5704 ex
3080 5650 3179 5705 hac
3215 5668 3319 5708 non
3341 5668 3461 5721 esse
3501 5668 3598 5708 ue-

2042 5755 2313 5813 quaquam
2371 5730 2573 5819 potest.
2632 5736 2754 5817 Non,
2799 5738 2963 5808 igitur
3014 5740 3247 5817 exlalia,
3287 5742 3379 5796 sed
3405 5741 3600 5819 asinae
