3966 6218
284 317 293 323 “
355 308 511 373 307’

1317 310 1829 375 BESSARIONIS
1871 315 1928 378 s.
1976 316 2052 379 Β.
2096 320 2161 382 E.
2204 294 2669 382 caecimus

3503 326 3610 391 308

351 423 495 480 sola.
547 419 820 491 siquidem
866 435 935 477 es
985 437 1116 479 una.
1149 421 1303 490 Quod
1335 424 1563 494 quidem
1596 426 1653 482 in
1682 428 1923 484 homini-
1952 432 2000 491 Α
2030 448 2258 490 necesse
2284 444 2372 489 est
2416 437 2647 490 omnino
2675 449 2821 499 esse,
2865 450 2991 492 eum
3021 451 3088 492 ex
3141 437 3452 495 substantia
3504 457 3608 496 nu—

351 514 457 571 bus
481 523 648 584 patet.
685 514 821 571 Nam
857 516 1233 586 unusquisque
1284 528 1538 573 nostrum
1567 537 1632 575 es
1666 520 1927 579 substan-

354 608 433 674 tia
460 606 681 676 quidem
715 607 847 665 Adae
880 616 988 669 est,
1045 608 1139 663 sed
1176 624 1288 662 non
1312 620 1400 665 est
1427 626 1493 664 ex
1514 609 1635 680 ejus
1670 628 1924 682 persona,

352 713 476 753 eum
506 715 612 757 una
654 700 964 761 substantia
1001 699 1290 754 hominum
1321 701 1415 764 sit,
1441 704 1538 758 sed
1575 706 1760 761 multae
1796 722 1923 774 per-

352 806 599 849 50na3:a
650 791 919 860 principio
972 808 1104 847 vero
1162 807 1288 846 cum
1350 793 1586 854 humana
1619 798 1928 852 substantia

353 884 447 947 sit,
474 891 638 953 atque
666 899 905 953 persona
934 886 1151 940 scilicet
1209 888 1335 941 Adae
1368 903 1476 942 una
1512 896 1680 953 esset,
1708 890 1929 959 Evaque

357 978 477 1045 eius
531 977 847 1033 substantia
906 978 1031 1038 fuit.
1060 995 1131 1035 ex
1160 996 1391 1049 persona
1421 997 1642 1052 quoque
1662 983 1784 1053 ejus
1810 983 1930 1039 for—

353 1079 498 1125 mata
563 1078 669 1123 est.
713 1068 894 1139 Atque
930 1071 1252 1140 priusquam
1287 1073 1419 1128 Cain
1468 1082 1618 1128 esset
1653 1090 1781 1129 cum
1822 1090 1930 1131 una

354 1160 469 1214 sola
502 1160 641 1215 virili
676 1161 986 1216 substantia
1015 1178 1361 1235 personaque
1393 1166 1705 1233 exsisteret,
1739 1181 1805 1222 ex
1866 1181 1931 1222 ea

356 1266 469 1306 una
542 1252 691 1307 virili
750 1253 883 1309 Adae
940 1255 1248 1321 substantia
1321 1271 1663 1328 personaque
1716 1258 1934 1328 genitus

357 1352 445 1399 est
490 1343 647 1402 Cain.
681 1346 909 1401 Duobus
943 1358 1128 1403 autem
1162 1351 1298 1405 viris
1334 1351 1445 1420 jam
1477 1351 1779 1405 secundum
1812 1367 1933 1421 per-

358 1452 551 1494 sonam
602 1439 1007 1496 exsistentibus
1072 1442 1259 1497 Enoch
1317 1457 1384 1498 ex
1441 1442 1579 1501 Adae
1620 1444 1933 1501 substantia

361 1530 605 1598 quidem.
646 1547 757 1585 non
790 1542 976 1587 autem
1034 1547 1101 1587 ex
1143 1548 1379 1602 persona
1415 1534 1538 1597 fuit,
1569 1536 1663 1590 sed
1696 1537 1765 1589 de
1801 1536 1933 1591 Cain

362 1623 478 1675 sola
535 1638 767 1692 persona
830 1624 1062 1694 genitus
1095 1633 1203 1679 est.
1246 1626 1456 1687 Veccus
1482 1636 1667 1691 autem
1693 1627 1796 1682 iste
1831 1628 1935 1683 hoc

364 1715 420 1779 in
483 1715 607 1770 loco
668 1732 925 1773 asserens
967 1734 1032 1772 ex
1061 1718 1188 1774 Filii
1217 1734 1448 1789 persona
1489 1720 1758 1791 Spiritum
1789 1737 1933 1797 esse,

362 1823 430 1877 eo
477 1810 629 1878 quod
688 1824 757 1864 ex
801 1810 923 1880 ejus
946 1780 1255 1866 substantia
1281 1828 1311 1865 a
1351 1780 1619 1884 theologis
1643 1783 1766 1869 esse
1797 1780 1939 1869 dici:
1964 1780 2011 1841 Β

363 1907 476 1962 tur,
545 1914 711 1954 unam
767 1899 822 1954 in
879 1899 992 1956 Deo
1046 1917 1339 1972 personam
1398 1904 1544 1959 sicut
1573 1905 1936 1963 substantiam

363 2005 484 2045 esse
529 1991 686 2061 ponit
709 1992 932 2057 Filium,
963 2004 1059 2051 aut
1083 1996 1299 2067 Patrem
1344 1997 1573 2063 omnino
1603 2013 1806 2068 negans
1838 1999 1940 2057 mi-

365 2101 476 2144 ser.
538 2087 784 2158 Itemque
848 2104 878 2144 a
931 2091 1049 2145 solo
1100 2091 1239 2146 Filio
1269 2086 1512 2161 Spiritus
1552 2093 1726 2148 sancti
1752 2108 1942 2150 essen-

366 2179 496 2233 tiam
534 2195 658 2237 esse
710 2183 972 2238 ostendit.
1020 2182 1200 2253 Atque
1253 2184 1321 2239 ab
1376 2200 1573 2241 eorum
1629 2185 1813 2251 dictis,
1845 2186 1937 2255 qui

364 2267 421 2322 in
480 2266 688 2325 divinis
744 2270 1002 2339 perfecte
1037 2272 1362 2328 substantia:
1391 2288 1514 2329 esse
1543 2273 1785 2336 Patrem,
1817 2289 1939 2345 per-

361 2358 635 2428 fectaeque
701 2361 900 2417 Filium
955 2372 1014 2418 et
1073 2356 1336 2423 similiter
1383 2365 1654 2435 Spiritum
1683 2375 1939 2431 sanctum

362 2448 658 2519 afﬁrmant,
683 2467 790 2508 non
823 2453 1146 2511 substantiae
1185 2455 1475 2523 unitatem,
1521 2473 1585 2514 ac
1626 2459 1789 2514 trium
1820 2474 1943 2529 per-

362 2556 628 2611 sonarum
684 2544 1302 2605 incommutabilitatcm
1373 2549 1666 2621 intelligit,
1722 2551 1819 2607 sed
1883 2553 1938 2606 in

375 2632 570 2693 eadem
605 2633 877 2701 Trinitate
900 2637 1365 2707 multiplicitatem
1392 2640 1685 2708 quamdam
1737 2651 1793 2698 et
1830 2640 1938 2696 dif-

253 2740 265 2759 ν
366 2726 658 2800 ferentium
693 2727 1022 2799 insipienter
1045 2732 1318 2800 speculari
1345 2740 1598 2787 conatur.

906 2822 1110 2878 Nicrrni
1149 2824 1403 2893 defensio.

440 2910 612 2977 Quam
647 2912 850 2984 similia
897 2913 1208 2984 decoraque
1249 2914 1306 2969 in
1364 2914 1639 2987 theologia
1691 2915 1942 2987 exempla

371 2999 681 3056 inducitis?
735 3003 785 3056 id
840 3002 1000 3061 vobis
1041 2996 1352 3062 certiSsime
1387 3018 1548 3066 causa
1589 3006 1796 3061 erroris
1835 3018 1939 3062 eSt.

372 3092 529 3160 Quod
556 3092 624 3148 de
663 3092 865 3150 divinis
886 3094 1114 3165 perinde
1145 3109 1208 3149 ac
1241 3095 1308 3149 de
1346 3095 1601 3151 humanis
1630 3097 1839 3168 sapitis,
1886 3106 1943 3153 et
1967 3115 2016 3181 α
2047 3099 2193 3170 quod
2225 3101 2402 3155 veniae.
2428 3098 2717 3170 vestigium

374 3194 547 3241 totam
583 3186 716 3243 hinc
754 3187 820 3242 ad
861 3202 924 3242 ea
971 3187 1393 3243 similitudinem
1437 3188 1681 3245 trahitis.
1712 3189 1783 3244 At
1809 3204 1943 3247 cave

374 3294 447 3336 ne
482 3279 550 3335 de
580 3279 846 3334 ineffabili
882 3279 972 3334 illa
1015 3278 1291 3335 Trinitate
1320 3279 1473 3335 nefas
1504 3282 1577 3337 sit
1615 3281 1688 3336 ita
1716 3283 1940 3338 sentire.

373 3372 508 3445 Nam
548 3382 608 3427 ut
640 3373 692 3428 ei
721 3372 1029 3428 divinitatis
1071 3375 1274 3441 unitas,
1301 3374 1388 3430 sic
1419 3390 1777 3444 personarum
1824 3375 1945 3431 Tri-

378 3468 524 3534 nitas
565 3476 651 3520 est
701 3468 992 3535 servanda,
1042 3483 1110 3523 ne
1170 3477 1285 3524 tres
1336 3483 1458 3525 esse
1517 3469 1653 3524 deos
1694 3484 1941 3527 asserere

375 3559 733 3628 cogeremini,
782 3569 841 3615 ut
882 3560 1005 3615 istis
1048 3575 1143 3616 vos
1174 3561 1359 3617 verbis
1397 3561 1684 3617 manifeste
1732 3562 1938 3620 facitis.

373 3651 494 3707 Non
523 3653 670 3709 enim
699 3654 1159 3726 quemadmodum
1190 3663 1301 3710 tres
1322 3655 1573 3711 homines
1605 3655 1670 3709 ad
1705 3656 1943 3711 invicem

376 3758 729 3802 communem
782 3762 937 3803 suam
1011 3746 1217 3801 habent
1302 3746 1690 3813 substantiam,
1764 3747 1837 3800 ita
1889 3756 1946 3803 et

375 3846 580 3893 sanctae
618 3834 906 3893 Trinitatis
936 3853 1187 3908 persona:
1218 3824 1462 3893 divinam
1494 3839 1818 3893 essentiam.
1862 3837 1946 3893 Si-

376 3932 599 4003 quidem
625 3930 809 4003 specic
839 3932 968 3997 illis,
1002 3947 1110 3986 non
1143 3946 1375 3985 numero
1407 3930 1599 3985 eadem
1634 3929 1948 3997 humanitas

550 4022 762 4099 Sancta:
820 4038 951 4078 vero
996 4022 1252 4078 Trinitati
1307 4022 1499 4077 eadem
1564 4037 1794 4089 numero
1861 4029 1949 4078 est

378 4114 564 4187 divina
591 4115 866 4186 essentia.
902 4114 1018 4169 sive
1050 4113 1309 4169 divinitas
1344 4130 1358 4167 :
1391 4122 1447 4175 ct
1475 4114 1684 4170 idcirco
1713 4124 1823 4169 tres
1857 4113 1949 4169 ille

381 4221 628 4285 persona
647 4216 703 4261 et
727 4221 833 4260 una
863 4205 1126 4271 essentia,
1150 4215 1209 4259 et
1244 4221 1389 4267 unus
1417 4204 1560 4259 Deus
1582 4212 1688 4259 est.
1723 4204 1791 4259 Et
1832 4204 1949 4264 hac

382 4296 607 4370 quidem
641 4295 820 4350 tribus
875 4294 1091 4359 subolat
1146 4294 1347 4355 divinis
1390 4295 1666 4364 personis,
1717 4301 1774 4350 et
1823 4309 1948 4349 cum

384 4388 620 4466 singulis
664 4402 857 4444 earum
893 4403 1062 4443 unum
1107 4386 1416 4445 subsistens
1469 4396 1575 4442 est.
1628 4385 1951 4443 Humanitas

2029 542 2183 583 mero
2210 528 2402 602 eadem
2455 529 2848 598 communique
2890 530 2962 585 sit
3011 529 3161 585 Patri
3210 541 3267 586 et
3300 528 3458 596 Filio,
3495 549 3603 588 non

2030 620 2212 689 specie
2233 621 2411 675 solum
2439 620 2744 676 secundum
2772 620 2908 676 illud
2941 622 3231 678 hominum
3257 625 3571 694 exemplum
3589 664 3606 687 .

2028 720 2083 766 et
2131 712 2296 768 etiam
2339 714 2554 767 substet
2583 712 2791 767 divinis
2831 713 2920 768 his
2976 714 3253 782 personis,
3284 717 3603 785 paternitati

2028 804 2247 860 scilicet
2273 813 2330 858 et
2361 803 2633 859 filiation‘i.
2670 803 2859 874 Itaque
2914 804 3081 858 etiam
3107 821 3174 860 ex
3214 820 3314 860 sua
3342 807 3605 860 substan-

2030 898 2105 952 tia
2161 912 2504 967 personaque
2555 905 2706 953 esset
2754 897 2998 968 Spiritus
3043 907 3292 964 sanctus,
3342 898 3450 953 nisi
3496 914 3607 953 sua:

2026 991 2353 1062 proprietati
2397 1000 2791 1061 oppugnaret:
2824 1006 2949 1045 cum
2981 989 3436 1045 eadem-numero
3475 992 3622 1045 sub-t

2028 1081 2233 1136 stantia
2263 1080 2354 1138 illa
2377 1096 2444 1135 eo
2473 1081 2641 1135 etiam
2677 1080 3029 1149 praedicetur.
3060 1094 3124 1135 ac
3159 1080 3215 1135 in
3256 1095 3322 1135 eo
3351 1081 3610 1135 similiter

2028 1174 2268 1230 substet.
2297 1173 2438 1240 Quid
2468 1171 2636 1242 igitur
2663 1172 2836 1228 velint
2867 1172 3159 1227 dissimilia
3195 1172 3470 1243 exempla,
3511 1180 3609 1228 aut

2032 1265 2165 1334 quid
2198 1280 2264 1320 ex
2284 1265 2372 1320 his
2408 1267 2514 1321 iste
2554 1264 2889 1320 concludere
2919 1264 3113 1333 possit,
3151 1264 3361 1319 nescio.
3404 1262 3608 1320 Verum

2031 1358 2124 1415 hic
2144 1366 2230 1413 est
2264 1357 2732 1413 contentiosorum
2762 1371 2900 1420 mos,
2932 1355 3079 1426 quod
3102 1356 3270 1412 etiam
3295 1357 3611 1411 manifestis

2030 1465 2093 1505 se
2121 1456 2429 1520 opponunt,
2462 1458 2518 1504 et
2546 1449 2765 1504 veritati
2793 1448 3276 1515 aures‘claudunt,
3307 1464 3412 1504 nec
3447 1448 3611 1503 intel-

2032 1541 2212 1611 ligunt
2271 1556 2465 1612 magna
2512 1542 2678 1595 etiam
2733 1539 3035 1611 praecipitia
3090 1540 3265 1606 adire,
3310 1540 3609 1596 dummodo

2034 1642 2230 1691 contra
2259 1633 2385 1691 illos
2421 1631 2729 1701 quidquam
2770 1645 2935 1700 agere
2960 1631 3198 1701 possint,
3239 1646 3381 1701 quos
3400 1634 3612 1702 'putant

2036 1725 2142 1780 sibi
2171 1723 2515 1778 adversarios
2544 1739 2686 1780 esse.
2713 1721 2904 1789 Qualis
2929 1732 2986 1778 et
3009 1710 3254 1793 premens
3282 1738 3467 1779 sermo
3503 1732 3605 1778 est.

2039 1816 2141 1885 Qui
2177 1816 2466 1871 manifeste
2496 1815 2550 1869 in
2576 1829 2770 1869 eorum
2802 1815 2898 1885 qui
2956 1823 3069 1871 tres
3109 1814 3243 1870 deos
3276 1823 3494 1885 putant,
3524 1815 3610 1869 in-

2039 1909 2177 1965 cidit
2213 1908 2489 1963 hmresim.
2550 1907 2652 1962 llic
2710 1922 2841 1963 vero
2886 1922 3052 1977 quam
3101 1906 3615 1977 imprudentissime

2040 2019 2199 2058 suum
2231 2001 2396 2056 Deum
2425 2001 2478 2055 in
2508 2002 2642 2056 alios
2670 2000 2873 2056 inferre
2892 2008 3126 2055 conatur
3150 2020 3163 2056 :
3187 2009 3241 2055 et
3267 2001 3345 2055 illi
3368 2000 3614 2071 quidem,

2040 2092 2133 2164 qui
2166 2093 2321 2162 prius
2351 2090 2584 2162 Spiritui
2611 2101 2804 2146 sancto
2845 2091 3298 2154 adversabantur.
3358 2104 3427 2146 ex
3450 2090 3614 2146 Patre

2040 2187 2130 2241 vel
2175 2184 2315 2239 Filio
2359 2198 2483 2240 esse
2533 2198 2660 2239 cum
2708 2182 3021 2243 audientes.
3071 2181 3219 2252 quod
3271 2195 3346 2236 ex-
3379 2195 3615 2252 persona

2041 2259 2264 2348 quidem
2304 2290 2495 2331 eorum
2524 2284 2693 2337 esset,
2730 2274 3071 2343 recipiebant
3107 2271 3291 2343 :quod
3334 2280 3520 2328 autem
3549 2290 3616 2328 es

2043 2384 2236 2424 eorum
2270 2368 2604 2431 substantia,
2642 2365 2937 2436 negabant.
2983 2363 3144 2419 Nunc
3187 2377 3321 2418 vero
3375 2362 3615 2416 alterum

2041 2462 2081 2518 ii
2149 2460 2392 2517 atrocius
2443 2460 2651 2516 bellum
2694 2458 2962 2513 inferunt.
3017 2456 3318 2527 Recipiunt
3354 2455 3502 2510 enim
3552 2468 3616 2506 ex

2042 2553 2346 2609 substantia
2377 2566 2568 2607 eorum
2595 2565 2721 2605 eum
2754 2565 2908 2607 esse:
2929 2548 3037 2604 “sed
3072 2563 3139 2603 es
3166 2561 3359 2602 eorum
3386 2558 3616 2616 persona

2043 2645 2292 2699 minimc.
2352 2645 2430 2697 lta
2494 2657 2778 2712 nunquam
2837 2640 3050 2696 desistit
3117 2639 3375 2694 Ecclesiae
3419 2646 3619 2691 sancta:

2045 2736 2219 2790 hostis
2241 2724 2499 2791 scandala
2545 2731 2927 2789 disseminare.
2984 2730 3116 2797 Qum.
3151 2728 3370 2799 quidem
3416 2736 3477 2781 ut
3523 2741 3620 2780 ve-

2043 2830 2201 2884 niant
2264 2840 2494 2883 necesse
2555 2836 2675 2891 est,
2746 2824 2841 2880 sed
2910 2839 2994 2878 vae
3071 2822 3282 2885 homini
3340 2820 3459 2882 illi,
3523 2835 3619 2888 per

2044 2933 2210 2989 quem
2266 2919 2523 2975 veniunt.
2587 2916 2915 2985 Quanquam
2967 2926 3021 2971 et
3087 2914 3193 2968 illis
3263 2911 3485 2982 quidem
3525 2927 3619 2964 ve—

2049 3010 2140 3065 nia
2192 3009 2436 3067 fortasse
2495 3008 2679 3078 aliqua
2731 3006 2909 3061 danda
2959 3012 3128 3064 esset.
3186 3003 3298 3057 imo
3340 3018 3472 3056 vero
3516 3002 3619 3056 ali-

2771 3114 2786 3151 :
2828 3111 2952 3152 cum
2988 3093 3239 3165 quaedam
3274 3094 3327 3147 in
3368 3095 3616 3148 testimo-

2046 3193 2198 3249 nium
2242 3191 2516 3247 adducere
2547 3189 2838 3254 haberent,
2866 3202 2989 3258 quae
3018 3201 3087 3242 ex
3124 3184 3375 3256 personis
3419 3183 3620 3238 divinis

2045 3294 2255 3351 essent,
2282 3301 2394 3341 non
2420 3293 2603 3340 autem
2634 3299 2702 3339 ex
2739 3280 3068 3345 substantia,
3098 3278 3246 3350 quod
3283 3277 3350 3333 de
3392 3288 3618 3332 creatu-

2046 3378 2124 3435 ris
2156 3387 2325 3450 patet.
2369 3377 2498 3434 Istis
2538 3392 2672 3433 vero
2719 3390 2972 3448 quaenam
3011 3371 3294 3428 excusatio
3322 3369 3449 3436 erit,
3490 3383 3616 3423 cum

2044 3489 2109 3530 ex
2139 3473 2443 3530 substantia
2471 3487 2600 3528 eum
2633 3486 2755 3527 esse
2786 3469 3085 3534 fateantur,
3118 3482 3185 3522 ex
3215 3479 3454 3535 persona
3484 3479 3619 3517 vero

2044 3567 2185 3636 ejus,
2229 3579 2299 3620 ex
2342 3564 2501 3636 cuius
2543 3562 2853 3620 substantia
2902 3560 3058 3617 illum
3107 3572 3229 3623 esse
3287 3553 3618 3620 concedunt,

2046 3664 2267 3728 negent.
2318 3655 2398 3710 ita
2464 3662 2520 3711 et
2575 3655 2678 3711 sibi
2749 3652 2882 3724 ipsis
2942 3659 2998 3706 ct
3059 3645 3283 3705 veritati
3343 3646 3622 3705 contraria

2045 3748 2455 3819 pugnantiaque
2486 3747 2696 3801 dicunt.

2336 3840 2716 3895 Duodecimum
2751 3845 3126 3911 argumentum
3164 3834 3335 3901 l’ecci.

2119 3933 2255 3990 Cum
2287 3933 2510 4004 quidam
2550 3931 2735 3986 dicere
2779 3929 3019 3991 audeant
3069 3927 3206 3985 illud
3245 3943 3507 3985 emanare
3542 3943 3610 3981 ex

2049 4025 2189 4082 Filio
2241 4022 2509 4094 Spiritum
2550 4032 2800 4079 sanctum
2828 4061 2843 4084 ,
2885 4020 3130 4090 prodire,
3199 4019 3490 4089 splendere
3537 4027 3623 4071 at-

2050 4135 2158 4191 que
2220 4116 2583 4180 manifestari,
2636 4130 2746 4169 non
2805 4112 3114 4184 significare
3182 4128 3307 4167 eum
3369 4111 3627 4165 substan-

2053 4210 2253 4267 tialiter
2306 4216 2362 4263 et
2421 4205 2782 4277 personaliter
2829 4220 2895 4258 ex
2952 4203 3089 4258 Filio
3153 4216 3295 4265 esse,
3353 4200 3450 4255 sed
3499 4215 3625 4269 gra~

2054 4304 2251 4358 tiarttm
2306 4316 2374 4356 ex
2444 4313 2512 4355 eo
2578 4297 2947 4367 spiritualium
3000 4294 3295 4366 quamdam
3358 4292 3627 4358 tributio-

2053 4404 2216 4447 nem:
2262 4386 2328 4441 ad
2376 4401 2496 4442 eam
2542 4384 2859 4455 opinionem
2896 4378 3335 4453 redarguendam
3380 4380 3628 4435 collecta

385 4455 518 4539 vero
581 4497 761 4552 neque
822 4480 1254 4551 particularibus
1320 4479 1636 4535 hominibus
1716 4480 1949 4545 substat,
1977 4455 2031 4515 D
2057 4489 2188 4538 sunt
2212 4486 2514 4551 praesentes
2552 4478 2934 4536 auctoritates.
2965 4491 3086 4545 quae
3111 4474 3426 4543 splendere,
3470 4486 3628 4526 ema-

387 4584 566 4639 neque
594 4587 764 4626 unum
808 4570 1120 4628 subsistens
1151 4580 1235 4625 cst
1264 4585 1389 4625 cum
1428 4570 1732 4627 individuis
1764 4570 1954 4641 singu-

388 4664 479 4720 lis.
527 4661 896 4730 Quamobrem
947 4664 1093 4736 quod
1140 4679 1204 4719 ex
1247 4680 1440 4720 eorum
1487 4664 1796 4720 substantia
1847 4675 1952 4729 cat,

388 4757 815 4829 haudquaquam
879 4771 949 4811 es
1033 4757 1278 4811 omnium
1333 4759 1495 4812 etiam
1550 4773 1788 4828 persona
1848 4766 1953 4813 est.

388 4832 523 4936 ilqin
555 4850 758 4934 quippe
789 4865 913 4913 cum
977 4865 1044 4905 ex
1084 4850 1215 4905 Adae
1268 4860 1432 4920 atque
1473 4850 1606 4906 Abel
1651 4850 1955 4906 substantia

392 4952 701 5011 naturaque
728 4942 820 5019 sit,
848 4956 918 5017 es
956 4939 1087 5019 Adae
1116 4940 1337 5010 quidem
1368 4942 1532 4996 etiam
1564 4956 1797 5010 persona
1839 4951 1955 5006 est;

391 5049 500 5090 non
534 5036 792 5104 quoniam
815 5017 891 5089 ex
934 5033 1082 5101 illitis
1106 5032 1409 5088 substantia
1441 5033 1561 5096 fuit,
1594 5034 1689 5088 sed
1718 5034 1845 5103 quia
1892 5048 1960 5088 ex

391 5127 509 5197 ejus
531 5141 760 5197 persona
775 5136 876 5191 est,
905 5140 1027 5181 eum
1050 5125 1226 5196 ipsum
1253 5140 1470 5181 causam
1494 5124 1960 5194 habens.Ex|Abel

391 5229 573 5299 autem
595 5219 899 5275 substantia
920 5233 1043 5273 cum
1061 5218 1153 5282 sit,
1177 5232 1287 5271 non
1311 5226 1489 5273 tamen
1507 5233 1574 5273 ex
1592 5216 1710 5288 ejus
1729 5232 1960 5288 persona

390 5312 631 5384 est,qnia
652 5327 884 5383 persona
900 5313 1034 5369 Abel
1050 5326 1155 5369 non
1169 5312 1525 5375 numero,scd
1544 5313 1726 5381 specie
1751 5320 1961 5384 tantum

392 5405 521 5462 Ade:
570 5405 891 5461 substantiae
940 5405 1350 5469 communicat;
1412 5418 1591 5473 neque
1656 5403 1964 5469 subsisten-

394 5507 502 5554 tem
525 5496 592 5551 .in
622 5512 683 5552 se
712 5496 880 5552 habet
924 5511 1080 5552 suam
1117 5495 1483 5551 substantiam
1512 5533 1528 5558 ,
1580 5508 1757 5563 neque
1795 5507 1964 5546 unum

394 5587 704 5644 subsistens
730 5603 857 5644 cum
888 5601 1128 5660 persona
1156 5588 1423 5643 secunda.
1458 5585 1529 5640 At
1559 5599 1692 5640 vero
1722 5584 1867 5655 quod
1897 5599 1965 5639 ex

396 5676 579 5732 Patris
624 5676 862 5747 Eiliique
913 5676 1219 5733 substantia
1263 5687 1370 5739 est,
1440 5692 1507 5731 ex
1553 5690 1742 5731 eorum
1799 5675 1963 5730 etiam

407 5758 645 5853 persona
692 5768 833 5853 nihil
881 5768 1141 5853 prohibet
1193 5768 1324 5838 quin
1371 5769 1501 5824 illud
1544 5769 1634 5823 sit.
1678 5769 1789 5845 lino
1837 5783 1966 5844 vero

182 6112 439 6180 Δ

2056 4588 2188 4629 nare
2241 4580 2408 4640 atque
2427 4568 2765 4624 manifestari
2792 4567 2990 4622 Filium
3017 4581 3083 4620 cx
3109 4565 3273 4619 Patre
3300 4563 3625 4618 ostendunt.

2056 4662 2228 4716 Nemo
2278 4660 2425 4715 enim
2484 4674 2726 4728 unquam
2783 4657 2993 4712 diceret
3044 4671 3151 4711 non
3197 4668 3474 4717 emanare,
3517 4669 3631 4707 non

2059 4751 2396 4822 splendere,
2479 4764 2586 4803 non
2641 4746 2982 4803 manifestari
3060 4744 3503 4800 substantialiter
3563 4759 3631 4798 ex

2059 4844 2217 4900 Patre
2245 4842 2469 4907 Filium,
2504 4840 2596 4896 sed
2630 4839 2749 4911 ejus
2772 4840 2998 4911 gratias,
3034 4847 3131 4893 aut
3153 4838 3317 4893 dona.

2525 4932 2662 4988 Pola
2671 4948 2768 4988 ma:
2798 4932 3172 4989 contradictio.

2131 5027 2289 5096 Quod
2312 5042 2378 5083 ex
2406 5025 2613 5096 aliquo,
2644 5034 2739 5080 aut
2758 5024 3137 5094 generatione,
3161 5030 3256 5077 aut
3274 5022 3637 5093 processione

2061 5122 2360 5177 essentiam
2392 5119 2577 5180 habet.
2608 5132 2678 5173 ex
2716 5132 2783 5172 eo
2825 5117 2992 5173 etiam
3049 5115 3295 5187 prodire.
3329 5124 3388 5171 et
3425 5113 3635 5176 emitti,

2065 5227 2123 5270 et
2179 5211 2477 5283 Splendere
2530 5209 2754 5273 dicitur,
2816 5217 2874 5264 et
2925 5207 3239 5278 ejusmodi:
3277 5222 3391 5263 non
3448 5213 3634 5260 tamen

2063 5304 2332 5376 quidquid
2383 5302 2588 5375 prodit,
2643 5312 2738 5357 aut
2784 5301 3077 5364 emittitur,
3128 5308 3226 5354 aut
3268 5297 3522 5368 splendet
3563 5311 3632 5351 ex

2064 5398 2190 5473 alio,
2246 5396 2411 5450 habet
2454 5393 2619 5450 etiam
2689 5408 2754 5448 ex
2807 5391 2900 5449 illo
2944 5406 3040 5461 per
3094 5389 3504 5459 generationem
3548 5384 3636 5441 vel

2066 5488 2477 5560 processionem
2538 5484 2858 5546 essentiam.
2895 5490 3058 5551 atque
3096 5481 3151 5535 in
3184 5479 3408 5551 propria
3447 5476 3638 5532 subsi-

2073 5579 2273 5636 stentia
2308 5587 2411 5633 est.
2462 5577 2532 5633 At
2563 5577 2687 5640 iste,
2717 5576 2811 5646 qui
2860 5574 2959 5630 has
3003 5572 3227 5644 collegit
3251 5570 3641 5631 auctoritates,

2071 5671 2363 5742 impudens
2392 5672 2507 5741 ipsc
2533 5685 2596 5724 ac
2646 5664 2978 5723 temerarius
3008 5680 3131 5720 cum
3162 5663 3254 5729 sit,
3289 5659 3635 5718 temeritatis

2072 5766 2193 5839 illos
2226 5772 2466 5840 accusat,
2502 5761 2592 5831 qui
2644 5760 2729 5830 pic
2764 5777 2826 5815 ac
2870 5768 3015 5814 rcctc
3055 5758 3122 5813 de
3163 5755 3365 5812 divinis
3387 5752 3636 5823 sapiunt.
