  <div class='ocr_page' id='page_1' title='image "/cluster/home/n/w/nwhite01/storage/ocr_20150623/161/hvd.32044073502700/259.png"; bbox 0 0 3966 6218; ppageno 0'>
   <div class='ocr_carea' id='block_1_1' title="bbox 374 314 1948 384">
    <p class='ocr_par' dir='ltr' id='par_1_1' title="bbox 374 320 1941 384">
     <span class='ocr_line' id='line_1_1' title="bbox 374 320 1941 384; baseline 0 -2"><span class='ocrx_word' id='word_1_1' title='bbox 374 320 472 384; x_wconf 79' lang='grc'><strong>311</strong></span> <span class='ocrx_word' id='word_1_2' title='bbox 1329 320 1839 383; x_wconf 64' lang='lat' dir='ltr'><strong>BESSARIOXIS</strong></span> <span class='ocrx_word' id='word_1_3' title='bbox 1879 320 1941 382; x_wconf 85' lang='lat' dir='ltr'><strong>S.</strong></span> 
     </span>
    </p>
   </div>
   <div class='ocr_carea' id='block_1_2' title="bbox 2057 314 2676 384">
    <p class='ocr_par' dir='ltr' id='par_1_2' title="bbox 2099 314 2676 380">
     <span class='ocr_line' id='line_1_2' title="bbox 2099 314 2676 380; baseline -0.005 -3"><span class='ocrx_word' id='word_1_4' title='bbox 2099 318 2168 380; x_wconf 87' lang='lat' dir='ltr'><strong>E.</strong></span> <span class='ocrx_word' id='word_1_5' title='bbox 2212 314 2676 377; x_wconf 71' lang='lat' dir='ltr'><strong>CARDINALIS</strong></span> 
     </span>
    </p>
   </div>
   <div class='ocr_carea' id='block_1_3' title="bbox 3523 308 3627 374">
    <p class='ocr_par' dir='ltr' id='par_1_3' title="bbox 3523 308 3627 374">
     <span class='ocr_line' id='line_1_3' title="bbox 3523 308 3627 374; baseline 0.019 -2"><span class='ocrx_word' id='word_1_6' title='bbox 3523 308 3627 374; x_wconf 72' lang='grc'><strong>312</strong></span> 
     </span>
    </p>
   </div>
   <div class='ocr_carea' id='block_1_4' title="bbox 374 419 1948 505">
    <p class='ocr_par' dir='ltr' id='par_1_4' title="bbox 374 427 1940 505">
     <span class='ocr_line' id='line_1_4' title="bbox 374 427 1940 505; baseline -0.003 -22"><span class='ocrx_word' id='word_1_7' title='bbox 374 428 666 485; x_wconf 76' lang='grc' dir='ltr'><strong>ῑοτί.ο1ῑι›ιιε</strong></span> <span class='ocrx_word' id='word_1_8' title='bbox 692 427 826 497; x_wconf 80' lang='lat' dir='ltr'><strong>illud</strong></span> <span class='ocrx_word' id='word_1_9' title='bbox 860 431 1157 485; x_wconf 86' lang='lat' dir='ltr'><strong>convenire</strong></span> <span class='ocrx_word' id='word_1_10' title='bbox 1200 446 1299 500; x_wconf 83' lang='lat' dir='ltr'><strong>par</strong></span> <span class='ocrx_word' id='word_1_11' title='bbox 1330 440 1436 494; x_wconf 79' lang='lat' dir='ltr'><strong>est,</strong></span> <span class='ocrx_word' id='word_1_12' title='bbox 1483 429 1630 505; x_wconf 70' lang='lat' dir='ltr'><strong>quod</strong></span> <span class='ocrx_word' id='word_1_13' title='bbox 1667 429 1835 483; x_wconf 84' lang='lat' dir='ltr'><strong>etiam</strong></span> <span class='ocrx_word' id='word_1_14' title='bbox 1886 427 1940 481; x_wconf 91' lang='lat' dir='ltr'><strong>in</strong></span> 
     </span>
    </p>
   </div>
   <div class='ocr_carea' id='block_1_5' title="bbox 2057 419 3627 505">
    <p class='ocr_par' dir='ltr' id='par_1_5' title="bbox 2057 419 3627 492">
     <span class='ocr_line' id='line_1_5' title="bbox 2057 419 3627 492; baseline -0.003 -14"><span class='ocrx_word' id='word_1_15' title='bbox 2057 428 2103 478; x_wconf 74' lang='grc' dir='ltr'><strong>ὲν</strong></span> <span class='ocrx_word' id='word_1_16' title='bbox 2145 426 2202 479; x_wconf 74' lang='grc' dir='ltr'><strong>δὲ</strong></span> <span class='ocrx_word' id='word_1_17' title='bbox 2250 428 2364 488; x_wconf 84' lang='grc' dir='ltr'><strong>τοῖς</strong></span> <span class='ocrx_word' id='word_1_18' title='bbox 2410 424 2619 485; x_wconf 75' lang='grc' dir='ltr'><strong>ἑνόλοις</strong></span> <span class='ocrx_word' id='word_1_19' title='bbox 2662 425 2868 490; x_wconf 82' lang='grc' dir='ltr'><strong>γίνεται</strong></span> <span class='ocrx_word' id='word_1_20' title='bbox 2907 424 3005 492; x_wconf 78' lang='grc' dir='ltr'><strong>μὲν</strong></span> <span class='ocrx_word' id='word_1_21' title='bbox 3043 424 3107 475; x_wconf 78' lang='grc' dir='ltr'><strong>ἑκ</strong></span> <span class='ocrx_word' id='word_1_22' title='bbox 3153 420 3246 474; x_wconf 78' lang='grc' dir='ltr'><strong>δύο</strong></span> <span class='ocrx_word' id='word_1_23' title='bbox 3290 419 3437 491; x_wconf 46' lang='lat' dir='ltr'><strong>tamn</strong></span> <span class='ocrx_word' id='word_1_24' title='bbox 3484 420 3627 474; x_wconf 76' lang='grc' dir='ltr'><strong>κατὰ</strong></span> 
     </span>
    </p>
   </div>
   <div class='ocr_carea' id='block_1_6' title="bbox 374 521 1947 591">
    <p class='ocr_par' dir='ltr' id='par_1_6' title="bbox 374 521 1947 591">
     <span class='ocr_line' id='line_1_6' title="bbox 374 521 1947 591; baseline -0.003 -16"><span class='ocrx_word' id='word_1_25' title='bbox 374 521 603 585; x_wconf 76' lang='lat' dir='ltr'><strong>deitale.</strong></span> <span class='ocrx_word' id='word_1_26' title='bbox 644 534 765 590; x_wconf 71' lang='lat' dir='ltr'><strong>qua:</strong></span> <span class='ocrx_word' id='word_1_27' title='bbox 815 522 914 575; x_wconf 89' lang='lat' dir='ltr'><strong>toti</strong></span> <span class='ocrx_word' id='word_1_28' title='bbox 956 523 1198 577; x_wconf 75' lang='lat' dir='ltr'><strong>materiae</strong></span> <span class='ocrx_word' id='word_1_29' title='bbox 1234 522 1630 591; x_wconf 88' lang='lat' dir='ltr'><strong>supereminet.</strong></span> <span class='ocrx_word' id='word_1_30' title='bbox 1690 521 1760 573; x_wconf 76' lang='lat' dir='ltr'><strong>At</strong></span> <span class='ocrx_word' id='word_1_31' title='bbox 1815 533 1947 573; x_wconf 87' lang='lat' dir='ltr'><strong>vero</strong></span> 
     </span>
    </p>
   </div>
   <div class='ocr_carea' id='block_1_7' title="bbox 376 612 1948 683">
    <p class='ocr_par' dir='ltr' id='par_1_7' title="bbox 376 612 1948 683">
     <span class='ocr_line' id='line_1_7' title="bbox 376 612 1948 683; baseline -0.003 -14"><span class='ocrx_word' id='word_1_32' title='bbox 376 615 434 671; x_wconf 83' lang='lat' dir='ltr'><strong>in</strong></span> <span class='ocrx_word' id='word_1_33' title='bbox 489 613 875 683; x_wconf 44' lang='lat' dir='ltr'><strong>,tnaterialibus</strong></span> <span class='ocrx_word' id='word_1_34' title='bbox 929 613 987 668; x_wconf 82' lang='lat' dir='ltr'><strong>iit</strong></span> <span class='ocrx_word' id='word_1_35' title='bbox 1050 615 1271 682; x_wconf 82' lang='lat' dir='ltr'><strong>quidem</strong></span> <span class='ocrx_word' id='word_1_36' title='bbox 1342 628 1409 668; x_wconf 80' lang='lat' dir='ltr'><strong>ex</strong></span> <span class='ocrx_word' id='word_1_37' title='bbox 1480 612 1698 667; x_wconf 86' lang='lat' dir='ltr'><strong>duobus</strong></span> <span class='ocrx_word' id='word_1_38' title='bbox 1754 624 1948 675; x_wconf 89' lang='lat' dir='ltr'><strong>unum,</strong></span> 
     </span>
    </p>
   </div>
   <div class='ocr_carea' id='block_1_8' title="bbox 375 701 1949 774">
    <p class='ocr_par' dir='ltr' id='par_1_8' title="bbox 375 701 1949 774">
     <span class='ocr_line' id='line_1_8' title="bbox 375 701 1949 774; baseline -0.001 -15"><span class='ocrx_word' id='word_1_39' title='bbox 375 706 461 760; x_wconf 87' lang='lat' dir='ltr'><strong>vel</strong></span> <span class='ocrx_word' id='word_1_40' title='bbox 517 704 820 767; x_wconf 81' lang='lat' dir='ltr'><strong>secundum</strong></span> <span class='ocrx_word' id='word_1_41' title='bbox 887 720 1267 774; x_wconf 74' lang='lat' dir='ltr'><strong>congressum,</strong></span> <span class='ocrx_word' id='word_1_42' title='bbox 1330 715 1390 761; x_wconf 86' lang='lat' dir='ltr'><strong>ut</strong></span> <span class='ocrx_word' id='word_1_43' title='bbox 1451 720 1521 761; x_wconf 81' lang='lat' dir='ltr'><strong>ex</strong></span> <span class='ocrx_word' id='word_1_44' title='bbox 1579 705 1700 759; x_wconf 90' lang='lat' dir='ltr'><strong>viro</strong></span> <span class='ocrx_word' id='word_1_45' title='bbox 1756 712 1813 759; x_wconf 89' lang='lat' dir='ltr'><strong>et</strong></span> <span class='ocrx_word' id='word_1_46' title='bbox 1869 701 1949 757; x_wconf 79' lang='lat' dir='ltr'><strong>fe-</strong></span> 
     </span>
    </p>
   </div>
   <div class='ocr_carea' id='block_1_9' title="bbox 2055 511 3624 583">
    <p class='ocr_par' dir='ltr' id='par_1_9' title="bbox 2055 511 3624 583">
     <span class='ocr_line' id='line_1_9' title="bbox 2055 511 3624 583; baseline -0.005 -13"><span class='ocrx_word' id='word_1_47' title='bbox 2055 518 2296 578; x_wconf 82' lang='grc' dir='ltr'><strong>σύνοδον,</strong></span> <span class='ocrx_word' id='word_1_48' title='bbox 2322 517 2398 579; x_wconf 81' lang='grc' dir='ltr'><strong>ὡς</strong></span> <span class='ocrx_word' id='word_1_49' title='bbox 2429 516 2489 581; x_wconf 76' lang='grc' dir='ltr'><strong>ἐξ</strong></span> <span class='ocrx_word' id='word_1_50' title='bbox 2533 516 2723 583; x_wconf 76' lang='grc' dir='ltr'><strong>ἀνδρὸς</strong></span> <span class='ocrx_word' id='word_1_51' title='bbox 2762 514 2855 567; x_wconf 77' lang='grc' dir='ltr'><strong>καὶ</strong></span> <span class='ocrx_word' id='word_1_52' title='bbox 2885 512 3147 582; x_wconf 66' lang='grc' dir='ltr'><strong>γυναικὸς</strong></span> <span class='ocrx_word' id='word_1_53' title='bbox 3193 511 3403 574; x_wconf 75' lang='grc' dir='ltr'><strong>τέκνον,</strong></span> <span class='ocrx_word' id='word_1_54' title='bbox 3434 512 3533 565; x_wconf 74' lang='grc' dir='ltr'><strong>καὶ</strong></span> <span class='ocrx_word' id='word_1_55' title='bbox 3560 513 3624 563; x_wconf 74' lang='grc' dir='ltr'><strong>ιιι</strong></span> 
     </span>
    </p>
   </div>
   <div class='ocr_carea' id='block_1_10' title="bbox 2054 601 3625 679">
    <p class='ocr_par' dir='ltr' id='par_1_10' title="bbox 2054 601 3625 679">
     <span class='ocr_line' id='line_1_10' title="bbox 2054 601 3625 679; baseline -0.005 -16"><span class='ocrx_word' id='word_1_56' title='bbox 2054 609 2275 679; x_wconf 83' lang='grc' dir='ltr'><strong>σιδήρου</strong></span> <span class='ocrx_word' id='word_1_57' title='bbox 2310 608 2404 662; x_wconf 81' lang='grc' dir='ltr'><strong>καὶ</strong></span> <span class='ocrx_word' id='word_1_58' title='bbox 2425 605 2574 661; x_wconf 83' lang='grc' dir='ltr'><strong>λίθου</strong></span> <span class='ocrx_word' id='word_1_59' title='bbox 2607 606 2741 676; x_wconf 83' lang='grc' dir='ltr'><strong>πῦρ,</strong></span> <span class='ocrx_word' id='word_1_60' title='bbox 2770 606 2802 675; x_wconf 78' lang='grc' dir='ltr'>ἢ</span> <span class='ocrx_word' id='word_1_61' title='bbox 2835 605 2978 659; x_wconf 78' lang='grc' dir='ltr'><strong>κατὰ</strong></span> <span class='ocrx_word' id='word_1_62' title='bbox 3011 603 3286 668; x_wconf 84' lang='grc' dir='ltr'><strong>σύνθεσιν,</strong></span> <span class='ocrx_word' id='word_1_63' title='bbox 3320 601 3395 665; x_wconf 82' lang='grc' dir='ltr'><strong>ὡς</strong></span> <span class='ocrx_word' id='word_1_64' title='bbox 3431 604 3497 656; x_wconf 70' lang='grc' dir='ltr'><strong>ἑκ</strong></span> <span class='ocrx_word' id='word_1_65' title='bbox 3521 604 3625 671; x_wconf 84' lang='grc' dir='ltr'><strong>γῆς</strong></span> 
     </span>
    </p>
   </div>
   <div class='ocr_carea' id='block_1_11' title="bbox 2051 693 3626 769">
    <p class='ocr_par' dir='ltr' id='par_1_11' title="bbox 2051 693 3626 769">
     <span class='ocr_line' id='line_1_11' title="bbox 2051 693 3626 769; baseline -0.004 -14"><span class='ocrx_word' id='word_1_66' title='bbox 2051 701 2149 755; x_wconf 77' lang='grc' dir='ltr'><strong>καὶ</strong></span> <span class='ocrx_word' id='word_1_67' title='bbox 2203 699 2394 764; x_wconf 82' lang='grc' dir='ltr'><strong>ὓδατος</strong></span> <span class='ocrx_word' id='word_1_68' title='bbox 2442 698 2630 769; x_wconf 84' lang='grc' dir='ltr'><strong>πηλός.</strong></span> <span class='ocrx_word' id='word_1_69' title='bbox 2694 696 2835 751; x_wconf 79' lang='grc' dir='ltr'><strong>Ἀλλ’</strong></span> <span class='ocrx_word' id='word_1_70' title='bbox 2888 697 3038 750; x_wconf 78' lang='grc' dir='ltr'><strong>ἐστιν</strong></span> <span class='ocrx_word' id='word_1_71' title='bbox 3090 697 3269 751; x_wconf 76' lang='grc' dir='ltr'><strong>εἰπεῖν</strong></span> <span class='ocrx_word' id='word_1_72' title='bbox 3324 693 3626 758; x_wconf 75' lang='grc' dir='ltr'><strong>κάνταῦθα,</strong></span> 
     </span>
    </p>
   </div>
   <div class='ocr_carea' id='block_1_12' title="bbox 377 786 1948 866">
    <p class='ocr_par' dir='ltr' id='par_1_12' title="bbox 377 793 1948 866">
     <span class='ocr_line' id='line_1_12' title="bbox 377 793 1948 866; baseline -0.003 -13"><span class='ocrx_word' id='word_1_73' title='bbox 377 797 525 853; x_wconf 88' lang='lat' dir='ltr'><strong>mina</strong></span> <span class='ocrx_word' id='word_1_74' title='bbox 575 796 774 865; x_wconf 88' lang='lat' dir='ltr'><strong>proles,</strong></span> <span class='ocrx_word' id='word_1_75' title='bbox 816 804 872 851; x_wconf 91' lang='lat' dir='ltr'><strong>et</strong></span> <span class='ocrx_word' id='word_1_76' title='bbox 920 813 985 850; x_wconf 81' lang='lat' dir='ltr'><strong>ex</strong></span> <span class='ocrx_word' id='word_1_77' title='bbox 1039 798 1187 852; x_wconf 82' lang='lat' dir='ltr'><strong>ferro</strong></span> <span class='ocrx_word' id='word_1_78' title='bbox 1236 806 1292 852; x_wconf 93' lang='lat' dir='ltr'><strong>et</strong></span> <span class='ocrx_word' id='word_1_79' title='bbox 1330 795 1514 866; x_wconf 85' lang='lat' dir='ltr'><strong>lapide</strong></span> <span class='ocrx_word' id='word_1_80' title='bbox 1544 795 1706 865; x_wconf 84' lang='lat' dir='ltr'><strong>ignis,</strong></span> <span class='ocrx_word' id='word_1_81' title='bbox 1737 793 1825 848; x_wconf 85' lang='lat' dir='ltr'><strong>vel</strong></span> <span class='ocrx_word' id='word_1_82' title='bbox 1858 807 1948 849; x_wconf 85' lang='lat' dir='ltr'><strong>se-</strong></span> 
     </span>
    </p>
   </div>
   <div class='ocr_carea' id='block_1_13' title="bbox 2057 786 3626 866">
    <p class='ocr_par' dir='ltr' id='par_1_13' title="bbox 2057 786 3626 863">
     <span class='ocr_line' id='line_1_13' title="bbox 2057 786 3626 863; baseline -0.003 -18"><span class='ocrx_word' id='word_1_83' title='bbox 2057 791 2278 863; x_wconf 87' lang='grc' dir='ltr'><strong>πρῶτον</strong></span> <span class='ocrx_word' id='word_1_84' title='bbox 2329 791 2448 861; x_wconf 72' lang='grc' dir='ltr'><strong>μὲν,</strong></span> <span class='ocrx_word' id='word_1_85' title='bbox 2498 790 2574 854; x_wconf 84' lang='grc' dir='ltr'><strong>ὡς</strong></span> <span class='ocrx_word' id='word_1_86' title='bbox 2618 791 2676 845; x_wconf 83' lang='grc' dir='ltr'><strong>ὲν</strong></span> <span class='ocrx_word' id='word_1_87' title='bbox 2708 791 2827 851; x_wconf 83' lang='grc' dir='ltr'><strong>ταῖς</strong></span> <span class='ocrx_word' id='word_1_88' title='bbox 2874 788 3046 851; x_wconf 78' lang='grc' dir='ltr'><strong>θείαις</strong></span> <span class='ocrx_word' id='word_1_89' title='bbox 3091 788 3456 847; x_wconf 79' lang='grc' dir='ltr'><strong>ὑποστάσεσιν</strong></span> <span class='ocrx_word' id='word_1_90' title='bbox 3500 786 3626 841; x_wconf 71' lang='grc' dir='ltr'><strong>οὔτε</strong></span> 
     </span>
    </p>
   </div>
   <div class='ocr_carea' id='block_1_14' title="bbox 376 883 1946 957">
    <p class='ocr_par' dir='ltr' id='par_1_14' title="bbox 376 883 1946 957">
     <span class='ocr_line' id='line_1_14' title="bbox 376 883 1946 957; baseline -0.004 -15"><span class='ocrx_word' id='word_1_91' title='bbox 376 889 614 942; x_wconf 85' lang='lat' dir='ltr'><strong>cundum</strong></span> <span class='ocrx_word' id='word_1_92' title='bbox 644 886 1116 957; x_wconf 78' lang='lat' dir='ltr'><strong>compositionem,</strong></span> <span class='ocrx_word' id='word_1_93' title='bbox 1143 896 1204 942; x_wconf 90' lang='lat' dir='ltr'><strong>ut</strong></span> <span class='ocrx_word' id='word_1_94' title='bbox 1233 903 1298 942; x_wconf 80' lang='lat' dir='ltr'><strong>ex</strong></span> <span class='ocrx_word' id='word_1_95' title='bbox 1332 896 1473 941; x_wconf 87' lang='lat' dir='ltr'><strong>terra</strong></span> <span class='ocrx_word' id='word_1_96' title='bbox 1496 895 1555 941; x_wconf 90' lang='lat' dir='ltr'><strong>et</strong></span> <span class='ocrx_word' id='word_1_97' title='bbox 1575 899 1714 954; x_wconf 88' lang='lat' dir='ltr'><strong>aqua</strong></span> <span class='ocrx_word' id='word_1_98' title='bbox 1745 883 1946 938; x_wconf 90' lang='lat' dir='ltr'><strong>lutum.</strong></span> 
     </span>
    </p>
   </div>
   <div class='ocr_carea' id='block_1_15' title="bbox 374 972 1950 1047">
    <p class='ocr_par' dir='ltr' id='par_1_15' title="bbox 374 972 1950 1047">
     <span class='ocr_line' id='line_1_15' title="bbox 374 972 1950 1047; baseline -0.004 -14"><span class='ocrx_word' id='word_1_99' title='bbox 374 977 647 1033; x_wconf 63' lang='lat' dir='ltr'><strong>Carleer</strong></span> <span class='ocrx_word' id='word_1_100' title='bbox 700 976 792 1031; x_wconf 82' lang='lat' dir='ltr'><strong>hic</strong></span> <span class='ocrx_word' id='word_1_101' title='bbox 840 992 1060 1047; x_wconf 90' lang='lat' dir='ltr'><strong>quoque</strong></span> <span class='ocrx_word' id='word_1_102' title='bbox 1117 977 1408 1031; x_wconf 83' lang='lat' dir='ltr'><strong>dicendum</strong></span> <span class='ocrx_word' id='word_1_103' title='bbox 1441 984 1547 1041; x_wconf 86' lang='lat' dir='ltr'><strong>est,</strong></span> <span class='ocrx_word' id='word_1_104' title='bbox 1607 976 1788 1044; x_wconf 88' lang='lat' dir='ltr'><strong>primo</strong></span> <span class='ocrx_word' id='word_1_105' title='bbox 1825 972 1950 1042; x_wconf 90' lang='lat' dir='ltr'><strong>qni-</strong></span> 
     </span>
    </p>
   </div>
   <div class='ocr_carea' id='block_1_16' title="bbox 376 1069 1948 1141">
    <p class='ocr_par' dir='ltr' id='par_1_16' title="bbox 376 1069 1948 1141">
     <span class='ocr_line' id='line_1_16' title="bbox 376 1069 1948 1141; baseline -0.003 -16"><span class='ocrx_word' id='word_1_106' title='bbox 376 1069 524 1135; x_wconf 87' lang='lat' dir='ltr'><strong>dem,</strong></span> <span class='ocrx_word' id='word_1_107' title='bbox 550 1069 699 1141; x_wconf 88' lang='lat' dir='ltr'><strong>quod</strong></span> <span class='ocrx_word' id='word_1_108' title='bbox 739 1071 792 1125; x_wconf 91' lang='lat' dir='ltr'><strong>in</strong></span> <span class='ocrx_word' id='word_1_109' title='bbox 819 1070 1022 1125; x_wconf 81' lang='lat' dir='ltr'><strong>divinis</strong></span> <span class='ocrx_word' id='word_1_110' title='bbox 1050 1070 1457 1141; x_wconf 82' lang='lat' dir='ltr'><strong>hypostasibus,</strong></span> <span class='ocrx_word' id='word_1_111' title='bbox 1487 1083 1667 1137; x_wconf 86' lang='lat' dir='ltr'><strong>neque</strong></span> <span class='ocrx_word' id='word_1_112' title='bbox 1687 1080 1948 1135; x_wconf 78' lang='lat' dir='ltr'><strong>congres-</strong></span> 
     </span>
    </p>
   </div>
   <div class='ocr_carea' id='block_1_17' title="bbox 377 1155 1945 1231">
    <p class='ocr_par' dir='ltr' id='par_1_17' title="bbox 377 1155 1945 1231">
     <span class='ocr_line' id='line_1_17' title="bbox 377 1155 1945 1231; baseline -0.006 -13"><span class='ocrx_word' id='word_1_113' title='bbox 377 1176 470 1218; x_wconf 76' lang='lat' dir='ltr'><strong>Sus</strong></span> <span class='ocrx_word' id='word_1_114' title='bbox 510 1162 781 1231; x_wconf 76' lang='lat' dir='ltr'><strong>quiSpiam</strong></span> <span class='ocrx_word' id='word_1_115' title='bbox 813 1162 939 1216; x_wconf 89' lang='lat' dir='ltr'><strong>talis</strong></span> <span class='ocrx_word' id='word_1_116' title='bbox 982 1162 1329 1230; x_wconf 74' lang='lat' dir='ltr'><strong>intelligitur,</strong></span> <span class='ocrx_word' id='word_1_117' title='bbox 1376 1173 1556 1227; x_wconf 89' lang='lat' dir='ltr'><strong>neque</strong></span> <span class='ocrx_word' id='word_1_118' title='bbox 1595 1155 1945 1225; x_wconf 88' lang='lat' dir='ltr'><strong>compositio.</strong></span> 
     </span>
    </p>
   </div>
   <div class='ocr_carea' id='block_1_18' title="bbox 376 1245 1947 1319">
    <p class='ocr_par' dir='ltr' id='par_1_18' title="bbox 376 1245 1947 1319">
     <span class='ocr_line' id='line_1_18' title="bbox 376 1245 1947 1319; baseline -0.004 -16"><span class='ocrx_word' id='word_1_119' title='bbox 376 1248 652 1313; x_wconf 68' lang='lat' dir='ltr'><strong>Secundo,</strong></span> <span class='ocrx_word' id='word_1_120' title='bbox 681 1264 791 1319; x_wconf 90' lang='lat' dir='ltr'><strong>quo</strong></span> <span class='ocrx_word' id='word_1_121' title='bbox 829 1249 918 1303; x_wconf 88' lang='lat' dir='ltr'><strong>hic</strong></span> <span class='ocrx_word' id='word_1_122' title='bbox 947 1264 1168 1318; x_wconf 85' lang='lat' dir='ltr'><strong>quoque</strong></span> <span class='ocrx_word' id='word_1_123' title='bbox 1201 1249 1292 1303; x_wconf 90' lang='lat' dir='ltr'><strong>uni</strong></span> <span class='ocrx_word' id='word_1_124' title='bbox 1324 1248 1434 1301; x_wconf 89' lang='lat' dir='ltr'><strong>duo</strong></span> <span class='ocrx_word' id='word_1_125' title='bbox 1465 1245 1781 1316; x_wconf 79' lang='lat' dir='ltr'><strong>prtccedunt</strong></span> <span class='ocrx_word' id='word_1_126' title='bbox 1811 1251 1947 1297; x_wconf 84' lang='lat' dir='ltr'><strong>tem—</strong></span> 
     </span>
    </p>
   </div>
   <div class='ocr_carea' id='block_1_19' title="bbox 375 1335 1950 1411">
    <p class='ocr_par' dir='ltr' id='par_1_19' title="bbox 375 1335 1950 1411">
     <span class='ocr_line' id='line_1_19' title="bbox 375 1335 1950 1411; baseline -0.003 -19"><span class='ocrx_word' id='word_1_127' title='bbox 375 1353 533 1408; x_wconf 89' lang='lat' dir='ltr'><strong>pore,</strong></span> <span class='ocrx_word' id='word_1_128' title='bbox 568 1355 691 1394; x_wconf 91' lang='lat' dir='ltr'><strong>cum</strong></span> <span class='ocrx_word' id='word_1_129' title='bbox 720 1356 972 1411; x_wconf 56' lang='lat' dir='ltr'><strong>persona».</strong></span> <span class='ocrx_word' id='word_1_130' title='bbox 1003 1340 1297 1395; x_wconf 80' lang='lat' dir='ltr'><strong>Trinitatis</strong></span> <span class='ocrx_word' id='word_1_131' title='bbox 1322 1340 1433 1394; x_wconf 90' lang='lat' dir='ltr'><strong>sint</strong></span> <span class='ocrx_word' id='word_1_132' title='bbox 1467 1348 1778 1394; x_wconf 65' lang='lat' dir='ltr'><strong>coaeternus.</strong></span> <span class='ocrx_word' id='word_1_133' title='bbox 1809 1335 1950 1395; x_wconf 81' lang='lat' dir='ltr'><strong>Ter-</strong></span> 
     </span>
    </p>
   </div>
   <div class='ocr_carea' id='block_1_20' title="bbox 375 1431 1951 1506">
    <p class='ocr_par' dir='ltr' id='par_1_20' title="bbox 375 1431 1951 1506">
     <span class='ocr_line' id='line_1_20' title="bbox 375 1431 1951 1506; baseline -0.003 -19"><span class='ocrx_word' id='word_1_134' title='bbox 375 1435 474 1497; x_wconf 84' lang='lat' dir='ltr'><strong>tio,</strong></span> <span class='ocrx_word' id='word_1_135' title='bbox 508 1436 655 1505; x_wconf 91' lang='lat' dir='ltr'><strong>quod</strong></span> <span class='ocrx_word' id='word_1_136' title='bbox 685 1436 739 1490; x_wconf 89' lang='lat' dir='ltr'><strong>in</strong></span> <span class='ocrx_word' id='word_1_137' title='bbox 771 1436 1052 1506; x_wconf 86' lang='lat' dir='ltr'><strong>plerisque</strong></span> <span class='ocrx_word' id='word_1_138' title='bbox 1076 1438 1315 1491; x_wconf 88' lang='lat' dir='ltr'><strong>alterum</strong></span> <span class='ocrx_word' id='word_1_139' title='bbox 1353 1450 1462 1488; x_wconf 88' lang='lat' dir='ltr'><strong>non</strong></span> <span class='ocrx_word' id='word_1_140' title='bbox 1498 1443 1711 1488; x_wconf 86' lang='lat' dir='ltr'><strong>tantum</strong></span> <span class='ocrx_word' id='word_1_141' title='bbox 1744 1447 1775 1489; x_wconf 85' lang='lat' dir='ltr'><strong>a</strong></span> <span class='ocrx_word' id='word_1_142' title='bbox 1809 1431 1951 1485; x_wconf 84' lang='lat' dir='ltr'><strong>duo-</strong></span> 
     </span>
    </p>
   </div>
   <div class='ocr_carea' id='block_1_21' title="bbox 2054 880 3624 953">
    <p class='ocr_par' dir='ltr' id='par_1_21' title="bbox 2054 880 3624 953">
     <span class='ocr_line' id='line_1_21' title="bbox 2054 880 3624 953; baseline -0.003 -18"><span class='ocrx_word' id='word_1_143' title='bbox 2054 882 2274 947; x_wconf 71' lang='grc' dir='ltr'><strong>σύνοδος</strong></span> <span class='ocrx_word' id='word_1_144' title='bbox 2308 883 2534 953; x_wconf 83' lang='grc' dir='ltr'><strong>τοιαύτη</strong></span> <span class='ocrx_word' id='word_1_145' title='bbox 2572 898 2657 946; x_wconf 85' lang='grc' dir='ltr'><strong>τις</strong></span> <span class='ocrx_word' id='word_1_146' title='bbox 2685 884 3008 943; x_wconf 76' lang='grc' dir='ltr'><strong>ἐπινοεῖται.</strong></span> <span class='ocrx_word' id='word_1_147' title='bbox 3042 880 3167 937; x_wconf 83' lang='grc' dir='ltr'><strong>οῦτε</strong></span> <span class='ocrx_word' id='word_1_148' title='bbox 3216 882 3324 951; x_wconf 82' lang='grc' dir='ltr'><strong>μὴν</strong></span> <span class='ocrx_word' id='word_1_149' title='bbox 3352 880 3624 941; x_wconf 79' lang='grc' dir='ltr'><strong>σύνθεσις·</strong></span> 
     </span>
    </p>
   </div>
   <div class='ocr_carea' id='block_1_22' title="bbox 2050 971 3628 1046">
    <p class='ocr_par' dir='ltr' id='par_1_22' title="bbox 2050 971 3628 1046">
     <span class='ocr_line' id='line_1_22' title="bbox 2050 971 3628 1046; baseline -0.004 -15"><span class='ocrx_word' id='word_1_150' title='bbox 2050 976 2304 1046; x_wconf 82' lang='grc' dir='ltr'><strong>δεύτερον</strong></span> <span class='ocrx_word' id='word_1_151' title='bbox 2351 976 2431 1041; x_wconf 70' lang='grc' dir='ltr'><strong>δὲ,</strong></span> <span class='ocrx_word' id='word_1_152' title='bbox 2460 978 2542 1031; x_wconf 81' lang='grc' dir='ltr'><strong>ὅτι</strong></span> <span class='ocrx_word' id='word_1_153' title='bbox 2572 976 2808 1029; x_wconf 76' lang='grc' dir='ltr'><strong>ἐνταῦθα</strong></span> <span class='ocrx_word' id='word_1_154' title='bbox 2841 975 2941 1046; x_wconf 74' lang='grc' dir='ltr'><strong>μὲν</strong></span> <span class='ocrx_word' id='word_1_155' title='bbox 2974 976 3304 1046; x_wconf 82' lang='grc' dir='ltr'><strong>προηγεῖται</strong></span> <span class='ocrx_word' id='word_1_156' title='bbox 3343 971 3422 1042; x_wconf 82' lang='grc' dir='ltr'><strong>τῷ</strong></span> <span class='ocrx_word' id='word_1_157' title='bbox 3449 974 3628 1042; x_wconf 80' lang='grc' dir='ltr'><strong>χρόνῳ</strong></span> 
     </span>
    </p>
   </div>
   <div class='ocr_carea' id='block_1_23' title="bbox 2050 1063 3629 1134">
    <p class='ocr_par' dir='ltr' id='par_1_23' title="bbox 2050 1063 3629 1134">
     <span class='ocr_line' id='line_1_23' title="bbox 2050 1063 3629 1134; baseline -0.004 -14"><span class='ocrx_word' id='word_1_158' title='bbox 2050 1066 2120 1120; x_wconf 86' lang='grc' dir='ltr'><strong>τὰ</strong></span> <span class='ocrx_word' id='word_1_159' title='bbox 2146 1066 2241 1120; x_wconf 81' lang='grc' dir='ltr'><strong>δύο</strong></span> <span class='ocrx_word' id='word_1_160' title='bbox 2277 1066 2371 1121; x_wconf 93' lang='grc' dir='ltr'><strong>τοῦ</strong></span> <span class='ocrx_word' id='word_1_161' title='bbox 2420 1067 2558 1132; x_wconf 78' lang='grc' dir='ltr'><strong>ἐνὸς,</strong></span> <span class='ocrx_word' id='word_1_162' title='bbox 2592 1065 2841 1120; x_wconf 78' lang='grc' dir='ltr'><strong>συναῐδια</strong></span> <span class='ocrx_word' id='word_1_163' title='bbox 2874 1066 2929 1118; x_wconf 73' lang='grc' dir='ltr'><strong>δὲ</strong></span> <span class='ocrx_word' id='word_1_164' title='bbox 2960 1066 3028 1119; x_wconf 81' lang='grc' dir='ltr'><strong>τὰ</strong></span> <span class='ocrx_word' id='word_1_165' title='bbox 3071 1065 3174 1134; x_wconf 81' lang='grc' dir='ltr'><strong>τῆς</strong></span> <span class='ocrx_word' id='word_1_166' title='bbox 3218 1063 3447 1133; x_wconf 81' lang='grc' dir='ltr'><strong>Τριάδος</strong></span> <span class='ocrx_word' id='word_1_167' title='bbox 3496 1064 3629 1132; x_wconf 59' lang='grc' dir='ltr'><strong>πρίω</strong></span> 
     </span>
    </p>
   </div>
   <div class='ocr_carea' id='block_1_24' title="bbox 2054 1155 3630 1228">
    <p class='ocr_par' dir='ltr' id='par_1_24' title="bbox 2054 1155 3630 1228">
     <span class='ocr_line' id='line_1_24' title="bbox 2054 1155 3630 1228; baseline -0.004 -17"><span class='ocrx_word' id='word_1_168' title='bbox 2054 1174 2233 1212; x_wconf 81' lang='grc' dir='ltr'><strong>σωπα·</strong></span> <span class='ocrx_word' id='word_1_169' title='bbox 2265 1157 2449 1228; x_wconf 88' lang='grc' dir='ltr'><strong>τρίτον</strong></span> <span class='ocrx_word' id='word_1_170' title='bbox 2479 1159 2559 1212; x_wconf 79' lang='grc' dir='ltr'><strong>ὅτι</strong></span> <span class='ocrx_word' id='word_1_171' title='bbox 2590 1157 2649 1211; x_wconf 82' lang='grc' dir='ltr'><strong>ὲν</strong></span> <span class='ocrx_word' id='word_1_172' title='bbox 2682 1158 2781 1227; x_wconf 71' lang='grc' dir='ltr'><strong>μὲν</strong></span> <span class='ocrx_word' id='word_1_173' title='bbox 2807 1160 2921 1220; x_wconf 83' lang='grc' dir='ltr'><strong>τοῖς</strong></span> <span class='ocrx_word' id='word_1_174' title='bbox 2950 1156 3163 1210; x_wconf 86' lang='grc' dir='ltr'><strong>πλείοσι</strong></span> <span class='ocrx_word' id='word_1_175' title='bbox 3192 1155 3396 1209; x_wconf 76' lang='grc' dir='ltr'><strong>τούτων</strong></span> <span class='ocrx_word' id='word_1_176' title='bbox 3440 1156 3630 1223; x_wconf 72' lang='grc' dir='ltr'><strong>ἕτερον</strong></span> 
     </span>
    </p>
   </div>
   <div class='ocr_carea' id='block_1_25' title="bbox 2050 1246 3630 1320">
    <p class='ocr_par' dir='ltr' id='par_1_25' title="bbox 2050 1246 3630 1320">
     <span class='ocr_line' id='line_1_25' title="bbox 2050 1246 3630 1320; baseline -0.006 -13"><span class='ocrx_word' id='word_1_177' title='bbox 2050 1248 2126 1320; x_wconf 75' lang='grc' dir='ltr'><strong>τῷ</strong></span> <span class='ocrx_word' id='word_1_178' title='bbox 2154 1248 2285 1302; x_wconf 75' lang='grc' dir='ltr'><strong>εἴδει</strong></span> <span class='ocrx_word' id='word_1_179' title='bbox 2312 1249 2373 1302; x_wconf 76' lang='grc' dir='ltr'><strong>οὗ</strong></span> <span class='ocrx_word' id='word_1_180' title='bbox 2401 1249 2562 1318; x_wconf 87' lang='grc' dir='ltr'><strong>μόνον</strong></span> <span class='ocrx_word' id='word_1_181' title='bbox 2590 1250 2740 1318; x_wconf 76' lang='grc' dir='ltr'><strong>παρὰ</strong></span> <span class='ocrx_word' id='word_1_182' title='bbox 2761 1247 2831 1302; x_wconf 77' lang='grc' dir='ltr'><strong>τὰ</strong></span> <span class='ocrx_word' id='word_1_183' title='bbox 2873 1248 2967 1301; x_wconf 80' lang='grc' dir='ltr'><strong>δύο</strong></span> <span class='ocrx_word' id='word_1_184' title='bbox 2999 1249 3061 1301; x_wconf 81' lang='grc' dir='ltr'><strong>τὸ</strong></span> <span class='ocrx_word' id='word_1_185' title='bbox 3097 1247 3190 1311; x_wconf 71' lang='grc' dir='ltr'><strong>ἐν,</strong></span> <span class='ocrx_word' id='word_1_186' title='bbox 3226 1246 3363 1299; x_wconf 80' lang='grc' dir='ltr'><strong>ἀλλὰ</strong></span> <span class='ocrx_word' id='word_1_187' title='bbox 3397 1248 3630 1299; x_wconf 64' lang='grc' dir='ltr'><strong>κᾶχτῖνα</strong></span> 
     </span>
    </p>
   </div>
   <div class='ocr_carea' id='block_1_26' title="bbox 2046 1336 3631 1411">
    <p class='ocr_par' dir='ltr' id='par_1_26' title="bbox 2046 1336 3631 1411">
     <span class='ocr_line' id='line_1_26' title="bbox 2046 1336 3631 1411; baseline -0.001 -19"><span class='ocrx_word' id='word_1_188' title='bbox 2046 1340 2185 1409; x_wconf 73' lang='grc' dir='ltr'><strong>πρὸς</strong></span> <span class='ocrx_word' id='word_1_189' title='bbox 2237 1338 2443 1410; x_wconf 77' lang='grc' dir='ltr'><strong>ἄλληλα</strong></span> <span class='ocrx_word' id='word_1_190' title='bbox 2476 1339 2640 1411; x_wconf 75' lang='grc' dir='ltr'><strong>ἔτερα</strong></span> <span class='ocrx_word' id='word_1_191' title='bbox 2689 1337 2768 1409; x_wconf 84' lang='grc' dir='ltr'><strong>τῷ</strong></span> <span class='ocrx_word' id='word_1_192' title='bbox 2803 1339 2955 1393; x_wconf 78' lang='grc' dir='ltr'><strong>εῖδει.</strong></span> <span class='ocrx_word' id='word_1_193' title='bbox 3014 1339 3079 1393; x_wconf 74' lang='grc' dir='ltr'><strong>Δί</strong></span> <span class='ocrx_word' id='word_1_194' title='bbox 3131 1338 3187 1391; x_wconf 82' lang='grc' dir='ltr'><strong>δὲ</strong></span> <span class='ocrx_word' id='word_1_195' title='bbox 3245 1338 3347 1406; x_wconf 84' lang='grc' dir='ltr'><strong>τῆς</strong></span> <span class='ocrx_word' id='word_1_196' title='bbox 3397 1336 3631 1407; x_wconf 70' lang='grc' dir='ltr'><strong>Τριάδος</strong></span> 
     </span>
    </p>
   </div>
   <div class='ocr_carea' id='block_1_27' title="bbox 2053 1428 3632 1502">
    <p class='ocr_par' dir='ltr' id='par_1_27' title="bbox 2053 1428 3632 1502">
     <span class='ocr_line' id='line_1_27' title="bbox 2053 1428 3632 1502; baseline -0.004 -16"><span class='ocrx_word' id='word_1_197' title='bbox 2053 1431 2388 1494; x_wconf 81' lang='grc' dir='ltr'><strong>ὑποστάσεις</strong></span> <span class='ocrx_word' id='word_1_198' title='bbox 2416 1433 2517 1502; x_wconf 82' lang='grc' dir='ltr'><strong>τῆς</strong></span> <span class='ocrx_word' id='word_1_199' title='bbox 2545 1432 2720 1499; x_wconf 75' lang='grc' dir='ltr'><strong>αὐτῆς</strong></span> <span class='ocrx_word' id='word_1_200' title='bbox 2751 1429 2970 1501; x_wconf 82' lang='grc' dir='ltr'><strong>φύσεώς</strong></span> <span class='ocrx_word' id='word_1_201' title='bbox 2998 1431 3161 1485; x_wconf 73' lang='grc' dir='ltr'><strong>εἰσιν.</strong></span> <span class='ocrx_word' id='word_1_202' title='bbox 3196 1430 3363 1485; x_wconf 80' lang='grc' dir='ltr'><strong>Ὥστε</strong></span> <span class='ocrx_word' id='word_1_203' title='bbox 3393 1430 3454 1483; x_wconf 82' lang='grc' dir='ltr'><strong>οὑ</strong></span> <span class='ocrx_word' id='word_1_204' title='bbox 3485 1428 3632 1482; x_wconf 81' lang='grc' dir='ltr'><strong>κατὰ</strong></span> 
     </span>
    </p>
   </div>
   <div class='ocr_carea' id='block_1_28' title="bbox 373 1521 1948 1595">
    <p class='ocr_par' dir='ltr' id='par_1_28' title="bbox 373 1522 1948 1595">
     <span class='ocr_line' id='line_1_28' title="bbox 373 1522 1948 1595; baseline -0.003 -16"><span class='ocrx_word' id='word_1_205' title='bbox 373 1524 478 1579; x_wconf 83' lang='lat' dir='ltr'><strong>bus</strong></span> <span class='ocrx_word' id='word_1_206' title='bbox 505 1525 691 1580; x_wconf 86' lang='lat' dir='ltr'><strong>ditl&#39;ert</strong></span> <span class='ocrx_word' id='word_1_207' title='bbox 738 1524 943 1595; x_wconf 87' lang='lat' dir='ltr'><strong>specie,</strong></span> <span class='ocrx_word' id='word_1_208' title='bbox 1000 1526 1095 1581; x_wconf 88' lang='lat' dir='ltr'><strong>sed</strong></span> <span class='ocrx_word' id='word_1_209' title='bbox 1125 1525 1293 1580; x_wconf 84' lang='lat' dir='ltr'><strong>etiam</strong></span> <span class='ocrx_word' id='word_1_210' title='bbox 1330 1524 1431 1577; x_wconf 84' lang='lat' dir='ltr'><strong>illa</strong></span> <span class='ocrx_word' id='word_1_211' title='bbox 1462 1523 1570 1577; x_wconf 86' lang='lat' dir='ltr'><strong>duo</strong></span> <span class='ocrx_word' id='word_1_212' title='bbox 1603 1522 1670 1576; x_wconf 90' lang='lat' dir='ltr'><strong>ad</strong></span> <span class='ocrx_word' id='word_1_213' title='bbox 1714 1522 1948 1581; x_wconf 85' lang='lat' dir='ltr'><strong>invicem</strong></span> 
     </span>
    </p>
   </div>
   <div class='ocr_carea' id='block_1_29' title="bbox 2057 1521 3632 1595">
    <p class='ocr_par' dir='ltr' id='par_1_29' title="bbox 2057 1521 3632 1594">
     <span class='ocr_line' id='line_1_29' title="bbox 2057 1521 3632 1594; baseline -0.001 -19"><span class='ocrx_word' id='word_1_214' title='bbox 2057 1521 2122 1576; x_wconf 71' lang='grc' dir='ltr'><strong>τὰ</strong></span> <span class='ocrx_word' id='word_1_215' title='bbox 2172 1524 2231 1576; x_wconf 82' lang='grc' dir='ltr'><strong>ὲν</strong></span> <span class='ocrx_word' id='word_1_216' title='bbox 2266 1521 2370 1591; x_wconf 75' lang='grc' dir='ltr'><strong>ὕλη</strong></span> <span class='ocrx_word' id='word_1_217' title='bbox 2418 1524 2515 1577; x_wconf 72' lang='grc' dir='ltr'><strong>καὶ</strong></span> <span class='ocrx_word' id='word_1_218' title='bbox 2555 1523 2626 1579; x_wconf 80' lang='grc' dir='ltr'><strong>τὰ</strong></span> <span class='ocrx_word' id='word_1_219' title='bbox 2668 1524 2827 1579; x_wconf 76' lang='grc' dir='ltr'><strong>ᾱῦλα.</strong></span> <span class='ocrx_word' id='word_1_220' title='bbox 2865 1524 2981 1579; x_wconf 81' lang='grc' dir='ltr'><strong>Οὐκ</strong></span> <span class='ocrx_word' id='word_1_221' title='bbox 3014 1523 3121 1594; x_wconf 79' lang='grc' dir='ltr'><strong>ἄρα</strong></span> <span class='ocrx_word' id='word_1_222' title='bbox 3172 1524 3236 1577; x_wconf 69' lang='grc' dir='ltr'><strong>ὲκ</strong></span> <span class='ocrx_word' id='word_1_223' title='bbox 3286 1522 3499 1594; x_wconf 79' lang='grc' dir='ltr'><strong>Πατρδς</strong></span> <span class='ocrx_word' id='word_1_224' title='bbox 3536 1521 3632 1574; x_wconf 79' lang='grc' dir='ltr'><strong>καὶ</strong></span> 
     </span>
    </p>
   </div>
   <div class='ocr_carea' id='block_1_30' title="bbox 374 1607 1948 1687">
    <p class='ocr_par' dir='ltr' id='par_1_30' title="bbox 374 1614 1948 1687">
     <span class='ocr_line' id='line_1_30' title="bbox 374 1614 1948 1687; baseline -0.003 -16"><span class='ocrx_word' id='word_1_225' title='bbox 374 1616 479 1671; x_wconf 77' lang='lat' dir='ltr'><strong>alia</strong></span> <span class='ocrx_word' id='word_1_226' title='bbox 510 1627 633 1672; x_wconf 86' lang='lat' dir='ltr'><strong>sunt</strong></span> <span class='ocrx_word' id='word_1_227' title='bbox 688 1618 898 1687; x_wconf 85' lang='lat' dir='ltr'><strong>specie,</strong></span> <span class='ocrx_word' id='word_1_228' title='bbox 956 1633 1078 1672; x_wconf 90' lang='lat' dir='ltr'><strong>cum</strong></span> <span class='ocrx_word' id='word_1_229' title='bbox 1128 1618 1450 1687; x_wconf 75' lang='lat' dir='ltr'><strong>hypostases</strong></span> <span class='ocrx_word' id='word_1_230' title='bbox 1505 1614 1793 1669; x_wconf 82' lang='lat' dir='ltr'><strong>Trinitatis</strong></span> <span class='ocrx_word' id='word_1_231' title='bbox 1841 1614 1948 1669; x_wconf 87' lang='lat' dir='ltr'><strong>sint</strong></span> 
     </span>
    </p>
   </div>
   <div class='ocr_carea' id='block_1_31' title="bbox 2057 1607 2573 1687">
    <p class='ocr_par' dir='ltr' id='par_1_31' title="bbox 2057 1612 2573 1684">
     <span class='ocr_line' id='line_1_31' title="bbox 2057 1612 2573 1684; baseline 0.006 -17"><span class='ocrx_word' id='word_1_232' title='bbox 2057 1612 2193 1667; x_wconf 77' lang='grc' dir='ltr'><strong>Υίοῦ</strong></span> <span class='ocrx_word' id='word_1_233' title='bbox 2226 1613 2287 1668; x_wconf 79' lang='grc' dir='ltr'><strong>τὸ</strong></span> <span class='ocrx_word' id='word_1_234' title='bbox 2324 1614 2573 1684; x_wconf 77' lang='grc' dir='ltr'><strong>Πνεῦμα.</strong></span> 
     </span>
    </p>
   </div>
   <div class='ocr_carea' id='block_1_32' title="bbox 374 1704 3629 1778">
    <p class='ocr_par' dir='ltr' id='par_1_32' title="bbox 374 1704 3629 1778">
     <span class='ocr_line' id='line_1_32' title="bbox 374 1704 3629 1778; baseline 0 -21"><span class='ocrx_word' id='word_1_235' title='bbox 374 1706 618 1775; x_wconf 81' lang='lat' dir='ltr'><strong>ejusdem</strong></span> <span class='ocrx_word' id='word_1_236' title='bbox 645 1718 876 1765; x_wconf 83' lang='lat' dir='ltr'><strong>naturae.</strong></span> <span class='ocrx_word' id='word_1_237' title='bbox 909 1707 1087 1775; x_wconf 86' lang='lat' dir='ltr'><strong>Quare</strong></span> <span class='ocrx_word' id='word_1_238' title='bbox 1118 1724 1227 1762; x_wconf 88' lang='lat' dir='ltr'><strong>non</strong></span> <span class='ocrx_word' id='word_1_239' title='bbox 1253 1707 1559 1767; x_wconf 85' lang='lat' dir='ltr'><strong>secundum</strong></span> <span class='ocrx_word' id='word_1_240' title='bbox 1584 1705 1911 1769; x_wconf 84' lang='lat' dir='ltr'><strong>materialia.</strong></span> <span class='ocrx_word' id='word_1_241' title='bbox 1934 1712 2069 1762; x_wconf 83' lang='lat' dir='ltr'><strong>sunt</strong></span> <span class='ocrx_word' id='word_1_242' title='bbox 2093 1705 2499 1774; x_wconf 78' lang='lat' dir='ltr'><strong>immaterialia.</strong></span> <span class='ocrx_word' id='word_1_243' title='bbox 2527 1706 2649 1763; x_wconf 86' lang='lat' dir='ltr'><strong>Non</strong></span> <span class='ocrx_word' id='word_1_244' title='bbox 2677 1722 2808 1778; x_wconf 83' lang='lat' dir='ltr'><strong>ergo</strong></span> <span class='ocrx_word' id='word_1_245' title='bbox 2838 1723 2908 1762; x_wconf 73' lang='lat' dir='ltr'><strong>ex</strong></span> <span class='ocrx_word' id='word_1_246' title='bbox 2937 1707 3098 1763; x_wconf 85' lang='lat' dir='ltr'><strong>Patre</strong></span> <span class='ocrx_word' id='word_1_247' title='bbox 3122 1714 3181 1763; x_wconf 89' lang='lat' dir='ltr'><strong>et</strong></span> <span class='ocrx_word' id='word_1_248' title='bbox 3200 1705 3338 1763; x_wconf 82' lang='lat' dir='ltr'><strong>Filio</strong></span> <span class='ocrx_word' id='word_1_249' title='bbox 3370 1704 3629 1772; x_wconf 75' lang='lat' dir='ltr'><strong>Spiritus-</strong></span> 
     </span>
    </p>
   </div>
   <div class='ocr_carea' id='block_1_33' title="bbox 379 1822 1948 1895">
    <p class='ocr_par' dir='ltr' id='par_1_33' title="bbox 379 1822 1948 1895">
     <span class='ocr_line' id='line_1_33' title="bbox 379 1822 1948 1895; baseline 0.001 -19"><span class='ocrx_word' id='word_1_250' title='bbox 379 1822 630 1876; x_wconf 75' lang='lat' dir='ltr'><strong>Demetrt&#39;i</strong></span> <span class='ocrx_word' id='word_1_251' title='bbox 656 1823 884 1894; x_wconf 81' lang='lat' dir='ltr'><strong>Cydonii</strong></span> <span class='ocrx_word' id='word_1_252' title='bbox 911 1825 1158 1879; x_wconf 79' lang='lat' dir='ltr'><strong>adversus</strong></span> <span class='ocrx_word' id='word_1_253' title='bbox 1190 1823 1505 1886; x_wconf 76' lang='lat' dir='ltr'><strong>Planudem,</strong></span> <span class='ocrx_word' id='word_1_254' title='bbox 1536 1839 1600 1876; x_wconf 76' lang='lat' dir='ltr'><strong>rx</strong></span> <span class='ocrx_word' id='word_1_255' title='bbox 1633 1840 1794 1879; x_wconf 87' lang='lat' dir='ltr'><strong>manu</strong></span> <span class='ocrx_word' id='word_1_256' title='bbox 1828 1839 1948 1895; x_wconf 81' lang='lat' dir='ltr'><strong>pro-</strong></span> 
     </span>
    </p>
   </div>
   <div class='ocr_carea' id='block_1_34' title="bbox 2057 1822 3635 1895">
    <p class='ocr_par' dir='ltr' id='par_1_34' title="bbox 2058 1822 3635 1895">
     <span class='ocr_line' id='line_1_34' title="bbox 2058 1822 3635 1895; baseline 0.001 -19"><span class='ocrx_word' id='word_1_257' title='bbox 2058 1822 2392 1893; x_wconf 80' lang='grc' dir='ltr'><strong>Δημητρίου</strong></span> <span class='ocrx_word' id='word_1_258' title='bbox 2410 1827 2519 1878; x_wconf 80' lang='grc' dir='ltr'><strong>τοῦ</strong></span> <span class='ocrx_word' id='word_1_259' title='bbox 2546 1824 2791 1890; x_wconf 76' lang='grc' dir='ltr'><strong>Κυδώνη</strong></span> <span class='ocrx_word' id='word_1_260' title='bbox 2819 1823 2970 1877; x_wconf 79' lang='grc' dir='ltr'><strong>κατὰ</strong></span> <span class='ocrx_word' id='word_1_261' title='bbox 2990 1822 3311 1895; x_wconf 69' lang='grc' dir='ltr'><strong>Πλανούὸη</strong></span> <span class='ocrx_word' id='word_1_262' title='bbox 3334 1822 3404 1888; x_wconf 74' lang='grc' dir='ltr'><strong>ἐξ</strong></span> <span class='ocrx_word' id='word_1_263' title='bbox 3423 1824 3635 1877; x_wconf 78' lang='grc' dir='ltr'><strong>οίκειο-</strong></span> 
     </span>
    </p>
   </div>
   <div class='ocr_carea' id='block_1_35' title="bbox 961 1896 1349 1964">
    <p class='ocr_par' dir='ltr' id='par_1_35' title="bbox 961 1896 1349 1964">
     <span class='ocr_line' id='line_1_35' title="bbox 961 1896 1349 1964; baseline 0.008 -19"><span class='ocrx_word' id='word_1_264' title='bbox 961 1896 1081 1964; x_wconf 84' lang='lat' dir='ltr'><strong>pria</strong></span> <span class='ocrx_word' id='word_1_265' title='bbox 1119 1896 1349 1963; x_wconf 73' lang='lat' dir='ltr'><strong>scriptis.</strong></span> 
     </span>
    </p>
   </div>
   <div class='ocr_carea' id='block_1_36' title="bbox 446 1983 1948 2056">
    <p class='ocr_par' dir='ltr' id='par_1_36' title="bbox 446 1983 1948 2056">
     <span class='ocr_line' id='line_1_36' title="bbox 446 1983 1948 2056; baseline 0.001 -18"><span class='ocrx_word' id='word_1_266' title='bbox 446 1983 746 2039; x_wconf 83' lang='lat' dir='ltr'><strong>Miraretur</strong></span> <span class='ocrx_word' id='word_1_267' title='bbox 798 1985 1070 2054; x_wconf 82' lang='lat' dir='ltr'><strong>quispiam</strong></span> <span class='ocrx_word' id='word_1_268' title='bbox 1121 1986 1303 2039; x_wconf 92' lang='lat' dir='ltr'><strong>virum</strong></span> <span class='ocrx_word' id='word_1_269' title='bbox 1366 1984 1535 2048; x_wconf 85' lang='lat' dir='ltr'><strong>hunc,</strong></span> <span class='ocrx_word' id='word_1_270' title='bbox 1573 1984 1667 2056; x_wconf 88' lang='lat' dir='ltr'><strong>qui</strong></span> <span class='ocrx_word' id='word_1_271' title='bbox 1713 1986 1785 2040; x_wconf 91' lang='lat' dir='ltr'><strong>ob</strong></span> <span class='ocrx_word' id='word_1_272' title='bbox 1831 1984 1948 2040; x_wconf 48' lang='lat' dir='ltr'><strong>haec</strong></span> 
     </span>
    </p>
   </div>
   <div class='ocr_carea' id='block_1_37' title="bbox 376 2072 1949 2145">
    <p class='ocr_par' dir='ltr' id='par_1_37' title="bbox 376 2072 1949 2145">
     <span class='ocr_line' id='line_1_37' title="bbox 376 2072 1949 2145; baseline 0.003 -21"><span class='ocrx_word' id='word_1_273' title='bbox 376 2088 552 2145; x_wconf 74' lang='lat' dir='ltr'><strong>paura</strong></span> <span class='ocrx_word' id='word_1_274' title='bbox 596 2081 651 2128; x_wconf 89' lang='lat' dir='ltr'><strong>et</strong></span> <span class='ocrx_word' id='word_1_275' title='bbox 705 2072 980 2128; x_wconf 83' lang='lat' dir='ltr'><strong>imbecilla</strong></span> <span class='ocrx_word' id='word_1_276' title='bbox 1024 2082 1346 2144; x_wconf 79' lang='lat' dir='ltr'><strong>argumenta</strong></span> <span class='ocrx_word' id='word_1_277' title='bbox 1403 2084 1635 2131; x_wconf 85' lang='lat' dir='ltr'><strong>conatur</strong></span> <span class='ocrx_word' id='word_1_278' title='bbox 1695 2084 1949 2131; x_wconf 82' lang='lat' dir='ltr'><strong>evertere</strong></span> 
     </span>
    </p>
   </div>
   <div class='ocr_carea' id='block_1_38' title="bbox 374 2165 1944 2237">
    <p class='ocr_par' dir='ltr' id='par_1_38' title="bbox 374 2165 1944 2237">
     <span class='ocr_line' id='line_1_38' title="bbox 374 2165 1944 2237; baseline -0.001 -14"><span class='ocrx_word' id='word_1_279' title='bbox 374 2165 579 2223; x_wconf 83' lang='lat' dir='ltr'><strong>librum</strong></span> <span class='ocrx_word' id='word_1_280' title='bbox 634 2167 806 2221; x_wconf 90' lang='lat' dir='ltr'><strong>sancti</strong></span> <span class='ocrx_word' id='word_1_281' title='bbox 857 2168 1172 2237; x_wconf 80' lang='lat' dir='ltr'><strong>Augustini,</strong></span> <span class='ocrx_word' id='word_1_282' title='bbox 1217 2168 1273 2221; x_wconf 90' lang='lat' dir='ltr'><strong>in</strong></span> <span class='ocrx_word' id='word_1_283' title='bbox 1317 2182 1426 2236; x_wconf 89' lang='lat' dir='ltr'><strong>quo</strong></span> <span class='ocrx_word' id='word_1_284' title='bbox 1465 2166 1850 2223; x_wconf 76' lang='lat' dir='ltr'><strong>transferendo</strong></span> <span class='ocrx_word' id='word_1_285' title='bbox 1890 2167 1944 2222; x_wconf 90' lang='lat' dir='ltr'><strong>in</strong></span> 
     </span>
    </p>
   </div>
   <div class='ocr_carea' id='block_1_39' title="bbox 375 2257 1948 2327">
    <p class='ocr_par' dir='ltr' id='par_1_39' title="bbox 375 2257 1948 2327">
     <span class='ocr_line' id='line_1_39' title="bbox 375 2257 1948 2327; baseline 0.004 -19"><span class='ocrx_word' id='word_1_286' title='bbox 375 2257 620 2327; x_wconf 77' lang='lat' dir='ltr'><strong>linguam</strong></span> <span class='ocrx_word' id='word_1_287' title='bbox 649 2257 893 2313; x_wconf 81' lang='lat' dir='ltr'><strong>Graecam</strong></span> <span class='ocrx_word' id='word_1_288' title='bbox 922 2259 1154 2312; x_wconf 87' lang='lat' dir='ltr'><strong>multum</strong></span> <span class='ocrx_word' id='word_1_289' title='bbox 1183 2258 1518 2314; x_wconf 83' lang='lat' dir='ltr'><strong>elaboravit.</strong></span> <span class='ocrx_word' id='word_1_290' title='bbox 1539 2258 1594 2312; x_wconf 86' lang='lat' dir='ltr'><strong>Si</strong></span> <span class='ocrx_word' id='word_1_291' title='bbox 1620 2260 1769 2313; x_wconf 90' lang='lat' dir='ltr'><strong>enim</strong></span> <span class='ocrx_word' id='word_1_292' title='bbox 1792 2259 1948 2314; x_wconf 89' lang='lat' dir='ltr'><strong>illum</strong></span> 
     </span>
    </p>
   </div>
   <div class='ocr_carea' id='block_1_40' title="bbox 374 2349 1949 2427">
    <p class='ocr_par' dir='ltr' id='par_1_40' title="bbox 374 2349 1949 2427">
     <span class='ocr_line' id='line_1_40' title="bbox 374 2349 1949 2427; baseline 0.003 -24"><span class='ocrx_word' id='word_1_293' title='bbox 374 2349 621 2405; x_wconf 84' lang='lat' dir='ltr'><strong>laborem</strong></span> <span class='ocrx_word' id='word_1_294' title='bbox 650 2352 842 2425; x_wconf 80' lang='lat' dir='ltr'><strong>subiit,</strong></span> <span class='ocrx_word' id='word_1_295' title='bbox 884 2351 1076 2406; x_wconf 87' lang='lat' dir='ltr'><strong>volens</strong></span> <span class='ocrx_word' id='word_1_296' title='bbox 1106 2366 1308 2427; x_wconf 71' lang='lat' dir='ltr'><strong>nocere</strong></span> <span class='ocrx_word' id='word_1_297' title='bbox 1335 2352 1403 2415; x_wconf 89' lang='lat' dir='ltr'><strong>iis</strong></span> <span class='ocrx_word' id='word_1_298' title='bbox 1431 2352 1527 2422; x_wconf 88' lang='lat' dir='ltr'><strong>qui</strong></span> <span class='ocrx_word' id='word_1_299' title='bbox 1557 2353 1813 2422; x_wconf 76' lang='lat' dir='ltr'><strong>legerint,</strong></span> <span class='ocrx_word' id='word_1_300' title='bbox 1848 2353 1949 2407; x_wconf 87' lang='lat' dir='ltr'><strong>ab-</strong></span> 
     </span>
    </p>
   </div>
   <div class='ocr_carea' id='block_1_41' title="bbox 373 2444 1947 2515">
    <p class='ocr_par' dir='ltr' id='par_1_41' title="bbox 373 2444 1947 2515">
     <span class='ocr_line' id='line_1_41' title="bbox 373 2444 1947 2515; baseline 0.002 -19"><span class='ocrx_word' id='word_1_301' title='bbox 373 2444 578 2498; x_wconf 86' lang='lat' dir='ltr'><strong>surdus</strong></span> <span class='ocrx_word' id='word_1_302' title='bbox 609 2461 799 2500; x_wconf 82' lang='lat' dir='ltr'><strong>revera</strong></span> <span class='ocrx_word' id='word_1_303' title='bbox 839 2455 946 2507; x_wconf 88' lang='lat' dir='ltr'><strong>est,</strong></span> <span class='ocrx_word' id='word_1_304' title='bbox 973 2460 1039 2499; x_wconf 86' lang='lat' dir='ltr'><strong>ac</strong></span> <span class='ocrx_word' id='word_1_305' title='bbox 1064 2445 1263 2515; x_wconf 80' lang='lat' dir='ltr'><strong>dignus</strong></span> <span class='ocrx_word' id='word_1_306' title='bbox 1300 2446 1446 2499; x_wconf 84' lang='lat' dir='ltr'><strong>inter</strong></span> <span class='ocrx_word' id='word_1_307' title='bbox 1474 2445 1600 2513; x_wconf 90' lang='lat' dir='ltr'><strong>pios</strong></span> <span class='ocrx_word' id='word_1_308' title='bbox 1640 2446 1824 2500; x_wconf 71' lang='lat' dir='ltr'><strong>multm</strong></span> <span class='ocrx_word' id='word_1_309' title='bbox 1860 2458 1947 2499; x_wconf 87' lang='lat' dir='ltr'><strong>re-</strong></span> 
     </span>
    </p>
   </div>
   <div class='ocr_carea' id='block_1_42' title="bbox 370 2538 1946 2610">
    <p class='ocr_par' dir='ltr' id='par_1_42' title="bbox 370 2538 1946 2610">
     <span class='ocr_line' id='line_1_42' title="bbox 370 2538 1946 2610; baseline 0.002 -19"><span class='ocrx_word' id='word_1_310' title='bbox 370 2539 756 2610; x_wconf 79' lang='lat' dir='ltr'><strong>prehensionis</strong></span> <span class='ocrx_word' id='word_1_311' title='bbox 785 2539 1061 2602; x_wconf 84' lang='lat' dir='ltr'><strong>laborare,</strong></span> <span class='ocrx_word' id='word_1_312' title='bbox 1108 2550 1165 2593; x_wconf 91' lang='lat' dir='ltr'><strong>ut</strong></span> <span class='ocrx_word' id='word_1_313' title='bbox 1199 2538 1399 2593; x_wconf 88' lang='lat' dir='ltr'><strong>animis</strong></span> <span class='ocrx_word' id='word_1_314' title='bbox 1429 2539 1659 2599; x_wconf 83' lang='lat' dir='ltr'><strong>aliorum</strong></span> <span class='ocrx_word' id='word_1_315' title='bbox 1704 2553 1946 2603; x_wconf 87' lang='lat' dir='ltr'><strong>nocens;</strong></span> 
     </span>
    </p>
   </div>
   <div class='ocr_carea' id='block_1_43' title="bbox 372 2629 1948 2699">
    <p class='ocr_par' dir='ltr' id='par_1_43' title="bbox 372 2629 1948 2699">
     <span class='ocr_line' id='line_1_43' title="bbox 372 2629 1948 2699; baseline 0.001 -16"><span class='ocrx_word' id='word_1_316' title='bbox 372 2630 456 2683; x_wconf 83' lang='lat' dir='ltr'><strong>sin</strong></span> <span class='ocrx_word' id='word_1_317' title='bbox 482 2640 663 2685; x_wconf 86' lang='lat' dir='ltr'><strong>autem</strong></span> <span class='ocrx_word' id='word_1_318' title='bbox 690 2632 871 2686; x_wconf 89' lang='lat' dir='ltr'><strong>sciens</strong></span> <span class='ocrx_word' id='word_1_319' title='bbox 905 2631 1096 2684; x_wconf 90' lang='lat' dir='ltr'><strong>utilem</strong></span> <span class='ocrx_word' id='word_1_320' title='bbox 1131 2630 1249 2695; x_wconf 80' lang='lat' dir='ltr'><strong>fore</strong></span> <span class='ocrx_word' id='word_1_321' title='bbox 1270 2630 1472 2699; x_wconf 88' lang='lat' dir='ltr'><strong>quibus</strong></span> <span class='ocrx_word' id='word_1_322' title='bbox 1496 2630 1602 2693; x_wconf 81' lang='lat' dir='ltr'><strong>erit</strong></span> <span class='ocrx_word' id='word_1_323' title='bbox 1636 2629 1855 2695; x_wconf 86' lang='lat' dir='ltr'><strong>obvius,</strong></span> <span class='ocrx_word' id='word_1_324' title='bbox 1892 2638 1948 2684; x_wconf 90' lang='lat' dir='ltr'><strong>et</strong></span> 
     </span>
    </p>
   </div>
   <div class='ocr_carea' id='block_1_44' title="bbox 371 2720 1947 2792">
    <p class='ocr_par' dir='ltr' id='par_1_44' title="bbox 371 2720 1947 2792">
     <span class='ocr_line' id='line_1_44' title="bbox 371 2720 1947 2792; baseline -0.001 -16"><span class='ocrx_word' id='word_1_325' title='bbox 371 2720 717 2787; x_wconf 78' lang='lat' dir='ltr'><strong>nostratibus</strong></span> <span class='ocrx_word' id='word_1_326' title='bbox 748 2722 1155 2792; x_wconf 82' lang='lat' dir='ltr'><strong>gratiﬁcaturus</strong></span> <span class='ocrx_word' id='word_1_327' title='bbox 1178 2729 1396 2776; x_wconf 85' lang='lat' dir='ltr'><strong>vertere</strong></span> <span class='ocrx_word' id='word_1_328' title='bbox 1429 2721 1583 2775; x_wconf 90' lang='lat' dir='ltr'><strong>illum</strong></span> <span class='ocrx_word' id='word_1_329' title='bbox 1610 2720 1947 2792; x_wconf 85' lang='lat' dir='ltr'><strong>elegit,quid</strong></span> 
     </span>
    </p>
   </div>
   <div class='ocr_carea' id='block_1_45' title="bbox 374 2813 1951 2886">
    <p class='ocr_par' dir='ltr' id='par_1_45' title="bbox 374 2813 1951 2886">
     <span class='ocr_line' id='line_1_45' title="bbox 374 2813 1951 2886; baseline -0.004 -13"><span class='ocrx_word' id='word_1_330' title='bbox 374 2830 570 2873; x_wconf 81' lang='lat' dir='ltr'><strong>rursus</strong></span> <span class='ocrx_word' id='word_1_331' title='bbox 599 2815 778 2886; x_wconf 75' lang='lat' dir='ltr'><strong>quasi&#39;</strong></span> <span class='ocrx_word' id='word_1_332' title='bbox 804 2816 1128 2885; x_wconf 77' lang='lat' dir='ltr'><strong>pmniteutia</strong></span> <span class='ocrx_word' id='word_1_333' title='bbox 1174 2816 1397 2878; x_wconf 85' lang='lat' dir='ltr'><strong>ductus,</strong></span> <span class='ocrx_word' id='word_1_334' title='bbox 1426 2813 1597 2868; x_wconf 86' lang='lat' dir='ltr'><strong>veluti</strong></span> <span class='ocrx_word' id='word_1_335' title='bbox 1655 2828 1833 2868; x_wconf 87' lang='lat' dir='ltr'><strong>nocua</strong></span> <span class='ocrx_word' id='word_1_336' title='bbox 1860 2828 1951 2869; x_wconf 89' lang='lat' dir='ltr'><strong>ca-</strong></span> 
     </span>
    </p>
   </div>
   <div class='ocr_carea' id='block_1_46' title="bbox 371 2906 1947 2977">
    <p class='ocr_par' dir='ltr' id='par_1_46' title="bbox 371 2906 1947 2977">
     <span class='ocr_line' id='line_1_46' title="bbox 371 2906 1947 2977; baseline 0 -16"><span class='ocrx_word' id='word_1_337' title='bbox 371 2921 503 2967; x_wconf 82' lang='lat' dir='ltr'><strong>vere</strong></span> <span class='ocrx_word' id='word_1_338' title='bbox 546 2906 823 2975; x_wconf 83' lang='lat' dir='ltr'><strong>hortatur,</strong></span> <span class='ocrx_word' id='word_1_339' title='bbox 876 2923 998 2977; x_wconf 77' lang='lat' dir='ltr'><strong>qua:</strong></span> <span class='ocrx_word' id='word_1_340' title='bbox 1035 2918 1265 2977; x_wconf 82' lang='lat' dir='ltr'><strong>propter</strong></span> <span class='ocrx_word' id='word_1_341' title='bbox 1308 2907 1603 2962; x_wconf 89' lang='lat' dir='ltr'><strong>utilitatem</strong></span> <span class='ocrx_word' id='word_1_342' title='bbox 1646 2906 1947 2975; x_wconf 81' lang='lat' dir='ltr'><strong>legentium</strong></span> 
     </span>
    </p>
   </div>
   <div class='ocr_carea' id='block_1_47' title="bbox 374 2997 2019 3104">
    <p class='ocr_par' dir='ltr' id='par_1_47' title="bbox 374 2997 2019 3104">
     <span class='ocr_line' id='line_1_47' title="bbox 374 2997 2019 3104; baseline -0.001 -51"><span class='ocrx_word' id='word_1_343' title='bbox 374 2999 773 3067; x_wconf 86' lang='lat' dir='ltr'><strong>interpretatus</strong></span> <span class='ocrx_word' id='word_1_344' title='bbox 812 2999 939 3053; x_wconf 87' lang='lat' dir='ltr'><strong>est?</strong></span> <span class='ocrx_word' id='word_1_345' title='bbox 981 2997 1253 3053; x_wconf 80' lang='lat' dir='ltr'><strong>Caeterum</strong></span> <span class='ocrx_word' id='word_1_346' title='bbox 1299 2999 1527 3085; x_wconf 74' lang='lat' dir='ltr'><strong>alisurdi</strong></span> <span class='ocrx_word' id='word_1_347' title='bbox 1585 2998 1752 3068; x_wconf 86' lang='lat' dir='ltr'><strong>hujus</strong></span> <span class='ocrx_word' id='word_1_348' title='bbox 1781 3012 1944 3053; x_wconf 86' lang='lat' dir='ltr'><strong>causa</strong></span> <span class='ocrx_word' id='word_1_349' title='bbox 1973 3043 2019 3104; x_wconf 66' lang='grc' dir='ltr'>α</span> 
     </span>
    </p>
   </div>
   <div class='ocr_carea' id='block_1_48' title="bbox 372 3075 1945 3162">
    <p class='ocr_par' dir='ltr' id='par_1_48' title="bbox 372 3075 1945 3162">
     <span class='ocr_line' id='line_1_48' title="bbox 372 3075 1945 3162; baseline -0.003 -15"><span class='ocrx_word' id='word_1_350' title='bbox 372 3101 481 3154; x_wconf 81' lang='lat' dir='ltr'><strong>est,</strong></span> <span class='ocrx_word' id='word_1_351' title='bbox 505 3099 688 3146; x_wconf 91' lang='lat' dir='ltr'><strong>terror</strong></span> <span class='ocrx_word' id='word_1_352' title='bbox 719 3090 891 3157; x_wconf 88' lang='lat' dir='ltr'><strong>illius,</strong></span> <span class='ocrx_word' id='word_1_353' title='bbox 924 3091 1015 3160; x_wconf 88' lang='lat' dir='ltr'><strong>qui</strong></span> <span class='ocrx_word' id='word_1_354' title='bbox 1052 3101 1182 3146; x_wconf 91' lang='lat' dir='ltr'><strong>tunc</strong></span> <span class='ocrx_word' id='word_1_355' title='bbox 1211 3075 1539 3162; x_wconf 78' lang='lat' dir='ltr'><strong>imperabat,</strong></span> <span class='ocrx_word' id='word_1_356' title='bbox 1571 3106 1734 3161; x_wconf 90' lang='lat' dir='ltr'><strong>quem</strong></span> <span class='ocrx_word' id='word_1_357' title='bbox 1758 3089 1945 3152; x_wconf 82' lang='lat' dir='ltr'><strong>inexo-</strong></span> 
     </span>
    </p>
   </div>
   <div class='ocr_carea' id='block_1_49' title="bbox 372 3169 1947 3253">
    <p class='ocr_par' dir='ltr' id='par_1_49' title="bbox 372 3169 1947 3253">
     <span class='ocr_line' id='line_1_49' title="bbox 372 3169 1947 3253; baseline -0.003 -12"><span class='ocrx_word' id='word_1_358' title='bbox 372 3169 603 3241; x_wconf 84' lang='lat' dir='ltr'><strong>rabilem</strong></span> <span class='ocrx_word' id='word_1_359' title='bbox 634 3184 819 3239; x_wconf 88' lang='lat' dir='ltr'><strong>sciens</strong></span> <span class='ocrx_word' id='word_1_360' title='bbox 855 3186 971 3238; x_wconf 76' lang='lat' dir='ltr'><strong>fore</strong></span> <span class='ocrx_word' id='word_1_361' title='bbox 1020 3183 1128 3248; x_wconf 80' lang='lat' dir='ltr'><strong>liis,</strong></span> <span class='ocrx_word' id='word_1_362' title='bbox 1164 3184 1256 3253; x_wconf 79' lang='lat' dir='ltr'><strong>qui</strong></span> <span class='ocrx_word' id='word_1_363' title='bbox 1299 3183 1566 3253; x_wconf 82' lang='lat' dir='ltr'><strong>Spiritum</strong></span> <span class='ocrx_word' id='word_1_364' title='bbox 1596 3190 1849 3238; x_wconf 84' lang='lat' dir='ltr'><strong>sanctum</strong></span> <span class='ocrx_word' id='word_1_365' title='bbox 1878 3196 1947 3237; x_wconf 74' lang='lat' dir='ltr'><strong>ex</strong></span> 
     </span>
    </p>
   </div>
   <div class='ocr_carea' id='block_1_50' title="bbox 369 3274 1946 3345">
    <p class='ocr_par' dir='ltr' id='par_1_50' title="bbox 369 3274 1946 3345">
     <span class='ocr_line' id='line_1_50' title="bbox 369 3274 1946 3345; baseline -0.001 -14"><span class='ocrx_word' id='word_1_366' title='bbox 369 3274 535 3331; x_wconf 88' lang='lat' dir='ltr'><strong>Patre</strong></span> <span class='ocrx_word' id='word_1_367' title='bbox 566 3274 813 3343; x_wconf 79' lang='lat' dir='ltr'><strong>Filioque</strong></span> <span class='ocrx_word' id='word_1_368' title='bbox 851 3274 1155 3343; x_wconf 83' lang='lat' dir='ltr'><strong>procedere</strong></span> <span class='ocrx_word' id='word_1_369' title='bbox 1175 3283 1450 3336; x_wconf 86' lang='lat' dir='ltr'><strong>asserunt,</strong></span> <span class='ocrx_word' id='word_1_370' title='bbox 1468 3274 1632 3345; x_wconf 85' lang='lat' dir='ltr'><strong>_bisce</strong></span> <span class='ocrx_word' id='word_1_371' title='bbox 1654 3286 1946 3343; x_wconf 80' lang='lat' dir='ltr'><strong>argumen-</strong></span> 
     </span>
    </p>
   </div>
   <div class='ocr_carea' id='block_1_51' title="bbox 372 3364 1807 3435">
    <p class='ocr_par' dir='ltr' id='par_1_51' title="bbox 372 3364 1807 3435">
     <span class='ocr_line' id='line_1_51' title="bbox 372 3364 1807 3435; baseline 0 -16"><span class='ocrx_word' id='word_1_372' title='bbox 372 3365 445 3420; x_wconf 93' lang='lat' dir='ltr'><strong>tis</strong></span> <span class='ocrx_word' id='word_1_373' title='bbox 469 3381 690 3425; x_wconf 79' lang='lat' dir='ltr'><strong>carcere</strong></span> <span class='ocrx_word' id='word_1_374' title='bbox 719 3380 783 3422; x_wconf 87' lang='lat' dir='ltr'><strong>ac</strong></span> <span class='ocrx_word' id='word_1_375' title='bbox 807 3365 1039 3420; x_wconf 80' lang='lat' dir='ltr'><strong>vinculis</strong></span> <span class='ocrx_word' id='word_1_376' title='bbox 1072 3365 1312 3435; x_wconf 81' lang='lat' dir='ltr'><strong>seipsum</strong></span> <span class='ocrx_word' id='word_1_377' title='bbox 1341 3364 1588 3431; x_wconf 67' lang='lat' dir='ltr'><strong>liberare~</strong></span> <span class='ocrx_word' id='word_1_378' title='bbox 1605 3364 1807 3420; x_wconf 86' lang='lat' dir='ltr'><strong>voluit.</strong></span> 
     </span>
    </p>
   </div>
   <div class='ocr_carea' id='block_1_52' title="bbox 2550 1894 3571 1964">
    <p class='ocr_par' dir='ltr' id='par_1_52' title="bbox 2550 1894 3571 1964">
     <span class='ocr_line' id='line_1_52' title="bbox 2550 1894 3571 1964; baseline 0.001 -18"><span class='ocrx_word' id='word_1_379' title='bbox 2550 1902 2767 1963; x_wconf 82' lang='grc' dir='ltr'><strong>χείρων</strong></span> <span class='ocrx_word' id='word_1_380' title='bbox 2814 1894 3137 1964; x_wconf 61' lang='grc' dir='ltr'><strong>τραφέντα.</strong></span> <span class='ocrx_word' id='word_1_381' title='bbox 3568 1946 3571 1947; x_wconf 65' lang='lat'><strong>,</strong></span> 
     </span>
    </p>
   </div>
   <div class='ocr_carea' id='block_1_53' title="bbox 2123 1984 3633 2056">
    <p class='ocr_par' dir='ltr' id='par_1_53' title="bbox 2123 1984 3633 2056">
     <span class='ocr_line' id='line_1_53' title="bbox 2123 1984 3633 2056; baseline -0.001 -17"><span class='ocrx_word' id='word_1_382' title='bbox 2123 1985 2434 2056; x_wconf 81' lang='grc' dir='ltr'><strong>Θαυμάσειέ</strong></span> <span class='ocrx_word' id='word_1_383' title='bbox 2484 2002 2570 2047; x_wconf 88' lang='grc' dir='ltr'><strong>τις</strong></span> <span class='ocrx_word' id='word_1_384' title='bbox 2615 1988 2705 2039; x_wconf 74' lang='grc' dir='ltr'><strong>τὸν</strong></span> <span class='ocrx_word' id='word_1_385' title='bbox 2754 1985 2925 2054; x_wconf 78' lang='grc' dir='ltr'><strong>ἄνδρα</strong></span> <span class='ocrx_word' id='word_1_386' title='bbox 2978 1984 3191 2050; x_wconf 87' lang='grc' dir='ltr'><strong>τοῦτον,</strong></span> <span class='ocrx_word' id='word_1_387' title='bbox 3248 1986 3339 2039; x_wconf 62' lang='grc' dir='ltr'><strong>τὸν</strong></span> <span class='ocrx_word' id='word_1_388' title='bbox 3388 1985 3476 2039; x_wconf 74' lang='grc' dir='ltr'><strong>διὰ</strong></span> <span class='ocrx_word' id='word_1_389' title='bbox 3522 1986 3633 2039; x_wconf 82' lang='grc' dir='ltr'><strong>τῶν</strong></span> 
     </span>
    </p>
   </div>
   <div class='ocr_carea' id='block_1_54' title="bbox 2054 2076 3633 2149">
    <p class='ocr_par' dir='ltr' id='par_1_54' title="bbox 2054 2076 3633 2149">
     <span class='ocr_line' id='line_1_54' title="bbox 2054 2076 3633 2149; baseline -0.001 -17"><span class='ocrx_word' id='word_1_390' title='bbox 2054 2076 2254 2148; x_wconf 78' lang='grc' dir='ltr'><strong>ὀλίγων</strong></span> <span class='ocrx_word' id='word_1_391' title='bbox 2284 2076 2489 2132; x_wconf 81' lang='grc' dir='ltr'><strong>τούτων</strong></span> <span class='ocrx_word' id='word_1_392' title='bbox 2528 2077 2622 2132; x_wconf 78' lang='grc' dir='ltr'><strong>καὶ</strong></span> <span class='ocrx_word' id='word_1_393' title='bbox 2662 2077 2907 2132; x_wconf 79' lang='grc' dir='ltr'><strong>ἀσθενῶν</strong></span> <span class='ocrx_word' id='word_1_394' title='bbox 2950 2079 3398 2149; x_wconf 78' lang='grc' dir='ltr'><strong>ἐπιχειρημάτων</strong></span> <span class='ocrx_word' id='word_1_395' title='bbox 3428 2077 3633 2148; x_wconf 78' lang='grc' dir='ltr'><strong>πειρώ-</strong></span> 
     </span>
    </p>
   </div>
   <div class='ocr_carea' id='block_1_55' title="bbox 2059 2167 3631 2240">
    <p class='ocr_par' dir='ltr' id='par_1_55' title="bbox 2059 2167 3631 2240">
     <span class='ocr_line' id='line_1_55' title="bbox 2059 2167 3631 2240; baseline -0.003 -17"><span class='ocrx_word' id='word_1_396' title='bbox 2059 2186 2217 2240; x_wconf 80' lang='grc' dir='ltr'><strong>μενον</strong></span> <span class='ocrx_word' id='word_1_397' title='bbox 2240 2168 2303 2223; x_wconf 82' lang='grc' dir='ltr'><strong>τὸ</strong></span> <span class='ocrx_word' id='word_1_398' title='bbox 2331 2168 2423 2223; x_wconf 87' lang='grc' dir='ltr'><strong>τοῦ</strong></span> <span class='ocrx_word' id='word_1_399' title='bbox 2450 2168 2606 2236; x_wconf 77' lang='grc' dir='ltr'><strong>ἁγίου</strong></span> <span class='ocrx_word' id='word_1_400' title='bbox 2640 2168 3017 2236; x_wconf 53' lang='grc' dir='ltr'><strong>Αὐγουστίνουμ</strong></span> <span class='ocrx_word' id='word_1_401' title='bbox 3045 2167 3248 2238; x_wconf 76' lang='grc' dir='ltr'><strong>βιϐλίον</strong></span> <span class='ocrx_word' id='word_1_402' title='bbox 3274 2168 3631 2238; x_wconf 80' lang='grc' dir='ltr'><strong>ἀνατρέπειν.</strong></span> 
     </span>
    </p>
   </div>
   <div class='ocr_carea' id='block_1_56' title="bbox 2049 2256 3631 2333">
    <p class='ocr_par' dir='ltr' id='par_1_56' title="bbox 2049 2256 3631 2333">
     <span class='ocr_line' id='line_1_56' title="bbox 2049 2256 3631 2333; baseline -0.002 -17"><span class='ocrx_word' id='word_1_403' title='bbox 2049 2263 2136 2333; x_wconf 74' lang='grc' dir='ltr'><strong>ἐφ’</strong></span> <span class='ocrx_word' id='word_1_404' title='bbox 2165 2256 2210 2331; x_wconf 81' lang='grc' dir='ltr'>ᾧ</span> <span class='ocrx_word' id='word_1_405' title='bbox 2244 2261 2395 2316; x_wconf 75' lang='grc' dir='ltr'><strong>πόλλ’</strong></span> <span class='ocrx_word' id='word_1_406' title='bbox 2425 2262 2703 2331; x_wconf 75' lang='grc' dir='ltr'><strong>ἐμόγησεν</strong></span> <span class='ocrx_word' id='word_1_407' title='bbox 2732 2261 2823 2315; x_wconf 74' lang='grc' dir='ltr'><strong>ἐπὶ</strong></span> <span class='ocrx_word' id='word_1_408' title='bbox 2854 2261 2955 2333; x_wconf 80' lang='grc' dir='ltr'><strong>τὴν</strong></span> <span class='ocrx_word' id='word_1_409' title='bbox 2990 2260 3223 2316; x_wconf 82' lang='grc' dir='ltr'><strong>Ἐλλάδα</strong></span> <span class='ocrx_word' id='word_1_410' title='bbox 3256 2262 3631 2331; x_wconf 74' lang='grc' dir='ltr'><strong>μετενεγκών.</strong></span> 
     </span>
    </p>
   </div>
   <div class='ocr_carea' id='block_1_57' title="bbox 2050 2352 3633 2428">
    <p class='ocr_par' dir='ltr' id='par_1_57' title="bbox 2050 2352 3633 2428">
     <span class='ocr_line' id='line_1_57' title="bbox 2050 2352 3633 2428; baseline -0.006 -15"><span class='ocrx_word' id='word_1_411' title='bbox 2050 2359 2117 2413; x_wconf 79' lang='grc' dir='ltr'><strong>Εἰ</strong></span> <span class='ocrx_word' id='word_1_412' title='bbox 2143 2357 2243 2428; x_wconf 66' lang='grc' dir='ltr'><strong>μὲν</strong></span> <span class='ocrx_word' id='word_1_413' title='bbox 2266 2356 2375 2427; x_wconf 82' lang='grc' dir='ltr'><strong>γὰρ</strong></span> <span class='ocrx_word' id='word_1_414' title='bbox 2407 2354 2609 2425; x_wconf 72' lang='grc' dir='ltr'><strong>βλάψαι</strong></span> <span class='ocrx_word' id='word_1_415' title='bbox 2641 2355 2965 2426; x_wconf 72' lang='grc' dir='ltr'><strong>βουλόμενος</strong></span> <span class='ocrx_word' id='word_1_416' title='bbox 2992 2354 3120 2418; x_wconf 80' lang='grc' dir='ltr'><strong>τοὺς</strong></span> <span class='ocrx_word' id='word_1_417' title='bbox 3150 2352 3633 2422; x_wconf 66' lang='grc' dir='ltr'><strong>ἀναγινώσκοντας</strong></span> 
     </span>
    </p>
   </div>
   <div class='ocr_carea' id='block_1_58' title="bbox 2050 2442 3631 2520">
    <p class='ocr_par' dir='ltr' id='par_1_58' title="bbox 2050 2442 3631 2520">
     <span class='ocr_line' id='line_1_58' title="bbox 2050 2442 3631 2520; baseline -0.004 -17"><span class='ocrx_word' id='word_1_418' title='bbox 2050 2449 2142 2504; x_wconf 74' lang='grc' dir='ltr'><strong>τὸν</strong></span> <span class='ocrx_word' id='word_1_419' title='bbox 2164 2450 2221 2502; x_wconf 76' lang='grc' dir='ltr'><strong>ἐν</strong></span> <span class='ocrx_word' id='word_1_420' title='bbox 2249 2450 2316 2519; x_wconf 83' lang='grc' dir='ltr'><strong>τῇ</strong></span> <span class='ocrx_word' id='word_1_421' title='bbox 2343 2449 2613 2520; x_wconf 76' lang='grc' dir='ltr'><strong>ἑρμηνείᾳ</strong></span> <span class='ocrx_word' id='word_1_422' title='bbox 2638 2449 2801 2501; x_wconf 82' lang='grc' dir='ltr'><strong>πόνον</strong></span> <span class='ocrx_word' id='word_1_423' title='bbox 2831 2446 3065 2516; x_wconf 78' lang='grc' dir='ltr'><strong>ὑπέστη,</strong></span> <span class='ocrx_word' id='word_1_424' title='bbox 3094 2446 3296 2508; x_wconf 80' lang='grc' dir='ltr'><strong>ἄτοπος</strong></span> <span class='ocrx_word' id='word_1_425' title='bbox 3330 2442 3503 2506; x_wconf 61' lang='grc' dir='ltr'><strong>⁸ὅντως</strong></span> <span class='ocrx_word' id='word_1_426' title='bbox 3533 2444 3631 2497; x_wconf 81' lang='grc' dir='ltr'><strong>καὶ</strong></span> 
     </span>
    </p>
   </div>
   <div class='ocr_carea' id='block_1_59' title="bbox 2052 2527 3632 2609">
    <p class='ocr_par' dir='ltr' id='par_1_59' title="bbox 2052 2527 3632 2609">
     <span class='ocr_line' id='line_1_59' title="bbox 2052 2527 3632 2609; baseline -0.005 -14"><span class='ocrx_word' id='word_1_427' title='bbox 2052 2541 2257 2609; x_wconf 83' lang='grc' dir='ltr'><strong>πολλῆς</strong></span> <span class='ocrx_word' id='word_1_428' title='bbox 2284 2532 2398 2604; x_wconf 82' lang='grc' dir='ltr'><strong>τοῖς</strong></span> <span class='ocrx_word' id='word_1_429' title='bbox 2434 2540 2723 2594; x_wconf 76' lang='grc' dir='ltr'><strong>εὐσεϐέσιν</strong></span> <span class='ocrx_word' id='word_1_430' title='bbox 2750 2538 2905 2603; x_wconf 79' lang='grc' dir='ltr'><strong>ἄξιος</strong></span> <span class='ocrx_word' id='word_1_431' title='bbox 2945 2537 3227 2607; x_wconf 73' lang='grc' dir='ltr'><strong>μέμψεως,</strong></span> <span class='ocrx_word' id='word_1_432' title='bbox 3259 2538 3446 2589; x_wconf 78' lang='grc' dir='ltr'><strong>πονεῖν</strong></span> <span class='ocrx_word' id='word_1_433' title='bbox 3471 2535 3557 2604; x_wconf 67' lang='grc' dir='ltr'><strong>ἔφ’</strong></span> <span class='ocrx_word' id='word_1_434' title='bbox 3584 2527 3632 2602; x_wconf 82' lang='grc' dir='ltr'>ᾧ</span> 
     </span>
    </p>
   </div>
   <div class='ocr_carea' id='block_1_60' title="bbox 2050 2629 3622 2703">
    <p class='ocr_par' dir='ltr' id='par_1_60' title="bbox 2050 2629 3622 2703">
     <span class='ocr_line' id='line_1_60' title="bbox 2050 2629 3622 2703; baseline -0.005 -16"><span class='ocrx_word' id='word_1_435' title='bbox 2050 2635 2172 2702; x_wconf 88' lang='grc' dir='ltr'><strong>ταῖς</strong></span> <span class='ocrx_word' id='word_1_436' title='bbox 2211 2633 2413 2703; x_wconf 77' lang='grc' dir='ltr'><strong>ψυχαῖς</strong></span> <span class='ocrx_word' id='word_1_437' title='bbox 2446 2632 2556 2691; x_wconf 82' lang='grc' dir='ltr'><strong>τῶν</strong></span> <span class='ocrx_word' id='word_1_438' title='bbox 2608 2632 2784 2687; x_wconf 74' lang='grc' dir='ltr'><strong>ἄλλων</strong></span> <span class='ocrx_word' id='word_1_439' title='bbox 2820 2630 3187 2702; x_wconf 73' lang='grc' dir='ltr'><strong>λυμήνασθαιο</strong></span> <span class='ocrx_word' id='word_1_440' title='bbox 3224 2630 3274 2681; x_wconf 88' lang='grc' dir='ltr'><strong>εί</strong></span> <span class='ocrx_word' id='word_1_441' title='bbox 3306 2630 3350 2681; x_wconf 84' lang='grc' dir='ltr'><strong>δ’</strong></span> <span class='ocrx_word' id='word_1_442' title='bbox 3383 2629 3622 2681; x_wconf 68' lang='grc' dir='ltr'><strong>ἐπιστά-</strong></span> 
     </span>
    </p>
   </div>
   <div class='ocr_carea' id='block_1_61' title="bbox 2055 2718 3630 2798">
    <p class='ocr_par' dir='ltr' id='par_1_61' title="bbox 2055 2718 3630 2798">
     <span class='ocr_line' id='line_1_61' title="bbox 2055 2718 3630 2798; baseline -0.008 -17"><span class='ocrx_word' id='word_1_443' title='bbox 2055 2742 2236 2798; x_wconf 85' lang='grc' dir='ltr'><strong>μενος,</strong></span> <span class='ocrx_word' id='word_1_444' title='bbox 2286 2726 2563 2795; x_wconf 70' lang='grc' dir='ltr'><strong>ὠφέλιμον</strong></span> <span class='ocrx_word' id='word_1_445' title='bbox 2594 2727 2703 2788; x_wconf 82' lang='grc' dir='ltr'><strong>τοῖς</strong></span> <span class='ocrx_word' id='word_1_446' title='bbox 2736 2723 3143 2791; x_wconf 73' lang='grc' dir='ltr'><strong>ἐντευξομένοις</strong></span> <span class='ocrx_word' id='word_1_447' title='bbox 3194 2718 3414 2773; x_wconf 74' lang='grc' dir='ltr'><strong>ἔσεσθαι</strong></span> <span class='ocrx_word' id='word_1_448' title='bbox 3448 2720 3508 2771; x_wconf 78' lang='grc' dir='ltr'><strong>τὸ</strong></span> <span class='ocrx_word' id='word_1_449' title='bbox 3542 2718 3630 2788; x_wconf 83' lang='grc' dir='ltr'><strong>βι-</strong></span> 
     </span>
    </p>
   </div>
   <div class='ocr_carea' id='block_1_62' title="bbox 2051 2809 3729 2889">
    <p class='ocr_par' dir='ltr' id='par_1_62' title="bbox 2051 2809 3729 2889">
     <span class='ocr_line' id='line_1_62' title="bbox 2051 2809 3729 2889; baseline -0.005 -20"><span class='ocrx_word' id='word_1_450' title='bbox 2051 2817 2228 2881; x_wconf 70' lang='grc' dir='ltr'><strong>ϐλίον,</strong></span> <span class='ocrx_word' id='word_1_451' title='bbox 2262 2818 2614 2886; x_wconf 82' lang='grc' dir='ltr'><strong>μετενεγκεῖν</strong></span> <span class='ocrx_word' id='word_1_452' title='bbox 2641 2813 2802 2869; x_wconf 91' lang='grc' dir='ltr'><strong>τοῦτο</strong></span> <span class='ocrx_word' id='word_1_453' title='bbox 2834 2814 3033 2879; x_wconf 80' lang='grc' dir='ltr'><strong>εἵλετο,</strong></span> <span class='ocrx_word' id='word_1_454' title='bbox 3068 2813 3165 2866; x_wconf 79' lang='grc' dir='ltr'><strong>καὶ</strong></span> <span class='ocrx_word' id='word_1_455' title='bbox 3193 2813 3305 2875; x_wconf 85' lang='grc' dir='ltr'><strong>τοῖς</strong></span> <span class='ocrx_word' id='word_1_456' title='bbox 3332 2809 3633 2879; x_wconf 73' lang='grc' dir='ltr'><strong>ὁμοφύλοις</strong></span> <span class='ocrx_word' id='word_1_457' title='bbox 3718 2886 3729 2889; x_wconf 79' lang='lat'>_</span> 
     </span>
    </p>
   </div>
   <div class='ocr_carea' id='block_1_63' title="bbox 2052 2902 3631 2980">
    <p class='ocr_par' dir='ltr' id='par_1_63' title="bbox 2052 2902 3631 2980">
     <span class='ocr_line' id='line_1_63' title="bbox 2052 2902 3631 2980; baseline -0.004 -18"><span class='ocrx_word' id='word_1_458' title='bbox 2052 2910 2409 2980; x_wconf 82' lang='grc' dir='ltr'><strong>χαρίσασθαι,</strong></span> <span class='ocrx_word' id='word_1_459' title='bbox 2451 2910 2506 2964; x_wconf 86' lang='grc' dir='ltr'><strong>τί</strong></span> <span class='ocrx_word' id='word_1_460' title='bbox 2554 2908 2720 2963; x_wconf 79' lang='grc' dir='ltr'><strong>πάλιν</strong></span> <span class='ocrx_word' id='word_1_461' title='bbox 2773 2906 2961 2975; x_wconf 84' lang='grc' dir='ltr'><strong>ὥσπερ</strong></span> <span class='ocrx_word' id='word_1_462' title='bbox 3015 2907 3080 2958; x_wconf 70' lang='grc' dir='ltr'><strong>ἐκ</strong></span> <span class='ocrx_word' id='word_1_463' title='bbox 3128 2903 3516 2975; x_wconf 76' lang='grc' dir='ltr'><strong>μεταμελείας,</strong></span> <span class='ocrx_word' id='word_1_464' title='bbox 3552 2902 3631 2964; x_wconf 77' lang='grc' dir='ltr'><strong>ὡς</strong></span> 
     </span>
    </p>
   </div>
   <div class='ocr_carea' id='block_1_64' title="bbox 2055 2994 3632 3073">
    <p class='ocr_par' dir='ltr' id='par_1_64' title="bbox 2055 2994 3632 3073">
     <span class='ocr_line' id='line_1_64' title="bbox 2055 2994 3632 3073; baseline -0.006 -19"><span class='ocrx_word' id='word_1_465' title='bbox 2055 3001 2296 3073; x_wconf 76' lang='grc' dir='ltr'><strong>βλαϐερὰ</strong></span> <span class='ocrx_word' id='word_1_466' title='bbox 2323 3000 2690 3071; x_wconf 82' lang='grc' dir='ltr'><strong>φυλάττεσθαι</strong></span> <span class='ocrx_word' id='word_1_467' title='bbox 2722 2999 2999 3069; x_wconf 84' lang='grc' dir='ltr'><strong>παραινεῖ,</strong></span> <span class='ocrx_word' id='word_1_468' title='bbox 3028 2996 3064 3052; x_wconf 77' lang='grc' dir='ltr'><strong>ἃ.</strong></span> <span class='ocrx_word' id='word_1_469' title='bbox 3095 2997 3163 3050; x_wconf 77' lang='grc' dir='ltr'><strong>δι’</strong></span> <span class='ocrx_word' id='word_1_470' title='bbox 3202 2996 3474 3063; x_wconf 76' lang='grc' dir='ltr'><strong>ὠφέλειαν</strong></span> <span class='ocrx_word' id='word_1_471' title='bbox 3522 2994 3632 3047; x_wconf 76' lang='grc' dir='ltr'><strong>τῶν</strong></span> 
     </span>
    </p>
   </div>
   <div class='ocr_carea' id='block_1_65' title="bbox 2054 3087 3630 3164">
    <p class='ocr_par' dir='ltr' id='par_1_65' title="bbox 2054 3087 3630 3164">
     <span class='ocr_line' id='line_1_65' title="bbox 2054 3087 3630 3164; baseline -0.006 -17"><span class='ocrx_word' id='word_1_472' title='bbox 2054 3093 2495 3164; x_wconf 70' lang='grc' dir='ltr'><strong>ἐντυγχανόντων</strong></span> <span class='ocrx_word' id='word_1_473' title='bbox 2560 3092 2935 3163; x_wconf 68' lang='grc' dir='ltr'><strong>ἡρμήνευσε-,νς</strong></span> <span class='ocrx_word' id='word_1_474' title='bbox 3010 3089 3175 3144; x_wconf 50' lang='lat' dir='ltr'><strong>una</strong></span> <span class='ocrx_word' id='word_1_475' title='bbox 3240 3088 3339 3159; x_wconf 83' lang='grc' dir='ltr'><strong>τῆς</strong></span> <span class='ocrx_word' id='word_1_476' title='bbox 3402 3087 3630 3149; x_wconf 68' lang='grc' dir='ltr'><strong>ἀτοπίας</strong></span> 
     </span>
    </p>
   </div>
   <div class='ocr_carea' id='block_1_66' title="bbox 2053 3179 3635 3255">
    <p class='ocr_par' dir='ltr' id='par_1_66' title="bbox 2053 3179 3635 3255">
     <span class='ocr_line' id='line_1_66' title="bbox 2053 3179 3635 3255; baseline -0.004 -15"><span class='ocrx_word' id='word_1_477' title='bbox 2053 3185 2260 3255; x_wconf 79' lang='grc' dir='ltr'><strong>ταύτης</strong></span> <span class='ocrx_word' id='word_1_478' title='bbox 2297 3186 2473 3240; x_wconf 83' lang='grc' dir='ltr'><strong>αῖτιον</strong></span> <span class='ocrx_word' id='word_1_479' title='bbox 2508 3187 2536 3237; x_wconf 88' lang='grc' dir='ltr'><strong>ό</strong></span> <span class='ocrx_word' id='word_1_480' title='bbox 2588 3183 2683 3239; x_wconf 83' lang='grc' dir='ltr'><strong>τοῦ</strong></span> <span class='ocrx_word' id='word_1_481' title='bbox 2733 3185 2855 3237; x_wconf 87' lang='grc' dir='ltr'><strong>τότε</strong></span> <span class='ocrx_word' id='word_1_482' title='bbox 2915 3182 3295 3253; x_wconf 65' lang='grc' dir='ltr'><strong>βασιλεύοντος</strong></span> <span class='ocrx_word' id='word_1_483' title='bbox 3335 3180 3524 3249; x_wconf 71' lang='grc' dir='ltr'><strong>φόϐος*</strong></span> <span class='ocrx_word' id='word_1_484' title='bbox 3569 3179 3635 3233; x_wconf 72' lang='grc' dir='ltr'><strong>ὃν</strong></span> 
     </span>
    </p>
   </div>
   <div class='ocr_carea' id='block_1_67' title="bbox 2055 3271 3635 3349">
    <p class='ocr_par' dir='ltr' id='par_1_67' title="bbox 2055 3271 3635 3349">
     <span class='ocr_line' id='line_1_67' title="bbox 2055 3271 3635 3349; baseline -0.003 -20"><span class='ocrx_word' id='word_1_485' title='bbox 2055 3276 2215 3341; x_wconf 76' lang='grc' dir='ltr'><strong>εἰδὼς</strong></span> <span class='ocrx_word' id='word_1_486' title='bbox 2243 3276 2627 3349; x_wconf 77' lang='grc' dir='ltr'><strong>ἀπαραίτητον</strong></span> <span class='ocrx_word' id='word_1_487' title='bbox 2657 3275 2786 3330; x_wconf 77' lang='grc' dir='ltr'><strong>ὅντα</strong></span> <span class='ocrx_word' id='word_1_488' title='bbox 2819 3277 2932 3339; x_wconf 85' lang='grc' dir='ltr'><strong>τοῖς</strong></span> <span class='ocrx_word' id='word_1_489' title='bbox 2955 3273 3016 3328; x_wconf 88' lang='grc' dir='ltr'><strong>τδ</strong></span> <span class='ocrx_word' id='word_1_490' title='bbox 3052 3273 3278 3342; x_wconf 81' lang='grc' dir='ltr'><strong>Πνεῦμα</strong></span> <span class='ocrx_word' id='word_1_491' title='bbox 3308 3272 3368 3338; x_wconf 76' lang='grc' dir='ltr'><strong>τὸ</strong></span> <span class='ocrx_word' id='word_1_492' title='bbox 3394 3272 3546 3339; x_wconf 71' lang='grc' dir='ltr'><strong>ἅγιον</strong></span> <span class='ocrx_word' id='word_1_493' title='bbox 3566 3271 3635 3325; x_wconf 68' lang='grc' dir='ltr'><strong>ἔτι</strong></span> 
     </span>
    </p>
   </div>
   <div class='ocr_carea' id='block_1_68' title="bbox 2056 3361 3655 3439">
    <p class='ocr_par' dir='ltr' id='par_1_68' title="bbox 2056 3361 3655 3439">
     <span class='ocr_line' id='line_1_68' title="bbox 2056 3361 3655 3439; baseline -0.005 -16"><span class='ocrx_word' id='word_1_494' title='bbox 2056 3368 2276 3439; x_wconf 78' lang='grc' dir='ltr'><strong>Πατρδς</strong></span> <span class='ocrx_word' id='word_1_495' title='bbox 2310 3369 2407 3422; x_wconf 78' lang='grc' dir='ltr'><strong>καὶ</strong></span> <span class='ocrx_word' id='word_1_496' title='bbox 2454 3367 2586 3422; x_wconf 86' lang='grc' dir='ltr'><strong>Υίοῦ</strong></span> <span class='ocrx_word' id='word_1_497' title='bbox 2637 3366 2892 3435; x_wconf 68' lang='grc' dir='ltr'><strong>λέγουσιν</strong></span> <span class='ocrx_word' id='word_1_498' title='bbox 2934 3362 3352 3436; x_wconf 68' lang='grc' dir='ltr'><strong>ιιι-πορεύεσθαι,</strong></span> <span class='ocrx_word' id='word_1_499' title='bbox 3394 3361 3655 3435; x_wconf 64' lang='grc' dir='ltr'><strong>ἠθέλησε-</strong></span> 
     </span>
    </p>
   </div>
   <div class='ocr_carea' id='block_1_69' title="bbox 370 3456 2536 3530">
    <p class='ocr_par' dir='ltr' id='par_1_69' title="bbox 370 3456 2536 3530">
     <span class='ocr_line' id='line_1_69' title="bbox 370 3456 2536 3530; baseline 0 -15"><span class='ocrx_word' id='word_1_500' title='bbox 370 3460 460 3516; x_wconf 68' lang='grc' dir='ltr'><strong>διὰ</strong></span> <span class='ocrx_word' id='word_1_501' title='bbox 480 3458 591 3513; x_wconf 82' lang='grc' dir='ltr'><strong>τῶν</strong></span> <span class='ocrx_word' id='word_1_502' title='bbox 621 3457 1072 3530; x_wconf 70' lang='grc' dir='ltr'><strong>ἐπιχειρημάτων</strong></span> <span class='ocrx_word' id='word_1_503' title='bbox 1107 3456 1315 3520; x_wconf 63' lang='grc' dir='ltr'><strong>τοῦτων</strong></span> <span class='ocrx_word' id='word_1_504' title='bbox 1349 3458 1585 3529; x_wconf 71' lang='grc' dir='ltr'><strong>εἱρκτῆς</strong></span> <span class='ocrx_word' id='word_1_505' title='bbox 1604 3457 1700 3523; x_wconf 81' lang='grc' dir='ltr'><strong>καὶ</strong></span> <span class='ocrx_word' id='word_1_506' title='bbox 1727 3456 1943 3529; x_wconf 79' lang='grc' dir='ltr'><strong>δεσμῶν</strong></span> <span class='ocrx_word' id='word_1_507' title='bbox 1975 3460 2171 3529; x_wconf 61' lang='grc' dir='ltr'><strong>ἑαυτὸν</strong></span> <span class='ocrx_word' id='word_1_508' title='bbox 2201 3459 2536 3527; x_wconf 58' lang='grc' dir='ltr'><strong>ἀπαλλάξαιρ</strong></span> 
     </span>
    </p>
   </div>
   <div class='ocr_carea' id='block_1_70' title="bbox 371 3577 1946 3652">
    <p class='ocr_par' dir='ltr' id='par_1_70' title="bbox 371 3577 1946 3652">
     <span class='ocr_line' id='line_1_70' title="bbox 371 3577 1946 3652; baseline -0.003 -12"><span class='ocrx_word' id='word_1_509' title='bbox 371 3583 701 3639; x_wconf 78' lang='lat' dir='ltr'><strong>Bessarianis</strong></span> <span class='ocrx_word' id='word_1_510' title='bbox 750 3583 1016 3652; x_wconf 76' lang='lat' dir='ltr'><strong>responsio</strong></span> <span class='ocrx_word' id='word_1_511' title='bbox 1084 3580 1153 3634; x_wconf 84' lang='lat' dir='ltr'><strong>ad</strong></span> <span class='ocrx_word' id='word_1_512' title='bbox 1208 3589 1615 3634; x_wconf 84' lang='lat' dir='ltr'><strong>commemorata</strong></span> <span class='ocrx_word' id='word_1_513' title='bbox 1681 3577 1946 3636; x_wconf 69' lang='lat' dir='ltr'><strong>Planuda</strong></span> 
     </span>
    </p>
   </div>
   <div class='ocr_carea' id='block_1_71' title="bbox 991 3662 1329 3722">
    <p class='ocr_par' dir='ltr' id='par_1_71' title="bbox 991 3662 1329 3722">
     <span class='ocr_line' id='line_1_71' title="bbox 991 3662 1329 3722; baseline 0 -17"><span class='ocrx_word' id='word_1_514' title='bbox 991 3662 1329 3722; x_wconf 86' lang='lat' dir='ltr'><strong>argumenta.</strong></span> 
     </span>
    </p>
   </div>
   <div class='ocr_carea' id='block_1_72' title="bbox 445 3765 1946 3838">
    <p class='ocr_par' dir='ltr' id='par_1_72' title="bbox 445 3765 1946 3838">
     <span class='ocr_line' id='line_1_72' title="bbox 445 3765 1946 3838; baseline -0.001 -15"><span class='ocrx_word' id='word_1_515' title='bbox 445 3768 888 3838; x_wconf 77' lang='lat' dir='ltr'><strong>Respondemus,</strong></span> <span class='ocrx_word' id='word_1_516' title='bbox 922 3782 1029 3821; x_wconf 90' lang='lat' dir='ltr'><strong>non</strong></span> <span class='ocrx_word' id='word_1_517' title='bbox 1072 3765 1233 3820; x_wconf 86' lang='lat' dir='ltr'><strong>aliam</strong></span> <span class='ocrx_word' id='word_1_518' title='bbox 1262 3775 1319 3821; x_wconf 94' lang='lat' dir='ltr'><strong>et</strong></span> <span class='ocrx_word' id='word_1_519' title='bbox 1348 3766 1508 3821; x_wconf 86' lang='lat' dir='ltr'><strong>aliam</strong></span> <span class='ocrx_word' id='word_1_520' title='bbox 1533 3782 1654 3823; x_wconf 75' lang='lat' dir='ltr'><strong>esse</strong></span> <span class='ocrx_word' id='word_1_521' title='bbox 1678 3783 1747 3823; x_wconf 71' lang='lat' dir='ltr'><strong>ex</strong></span> <span class='ocrx_word' id='word_1_522' title='bbox 1786 3768 1946 3823; x_wconf 87' lang='lat' dir='ltr'><strong>Patre</strong></span> 
     </span>
    </p>
   </div>
   <div class='ocr_carea' id='block_1_73' title="bbox 374 3858 1948 3930">
    <p class='ocr_par' dir='ltr' id='par_1_73' title="bbox 374 3858 1948 3930">
     <span class='ocr_line' id='line_1_73' title="bbox 374 3858 1948 3930; baseline -0.003 -13"><span class='ocrx_word' id='word_1_523' title='bbox 374 3861 624 3930; x_wconf 88' lang='lat' dir='ltr'><strong>Filioque</strong></span> <span class='ocrx_word' id='word_1_524' title='bbox 654 3859 894 3928; x_wconf 84' lang='lat' dir='ltr'><strong>Spiritus</strong></span> <span class='ocrx_word' id='word_1_525' title='bbox 914 3858 1089 3913; x_wconf 87' lang='lat' dir='ltr'><strong>sancti</strong></span> <span class='ocrx_word' id='word_1_526' title='bbox 1116 3858 1548 3929; x_wconf 85' lang='lat' dir='ltr'><strong>processionem.</strong></span> <span class='ocrx_word' id='word_1_527' title='bbox 1579 3858 1675 3914; x_wconf 87' lang='lat' dir='ltr'><strong>sed</strong></span> <span class='ocrx_word' id='word_1_528' title='bbox 1704 3860 1864 3914; x_wconf 87' lang='lat' dir='ltr'><strong>unam</strong></span> <span class='ocrx_word' id='word_1_529' title='bbox 1892 3869 1948 3914; x_wconf 91' lang='lat' dir='ltr'><strong>ct</strong></span> 
     </span>
    </p>
   </div>
   <div class='ocr_carea' id='block_1_74' title="bbox 373 3949 1944 4023">
    <p class='ocr_par' dir='ltr' id='par_1_74' title="bbox 373 3949 1944 4023">
     <span class='ocr_line' id='line_1_74' title="bbox 373 3949 1944 4023; baseline -0.004 -13"><span class='ocrx_word' id='word_1_530' title='bbox 373 3955 664 4023; x_wconf 67' lang='lat' dir='ltr'><strong>eamdem};</strong></span> <span class='ocrx_word' id='word_1_531' title='bbox 692 3964 748 4007; x_wconf 92' lang='lat' dir='ltr'><strong>et</strong></span> <span class='ocrx_word' id='word_1_532' title='bbox 773 3961 951 4005; x_wconf 85' lang='lat' dir='ltr'><strong>tamen</strong></span> <span class='ocrx_word' id='word_1_533' title='bbox 975 3950 1112 4005; x_wconf 84' lang='lat' dir='ltr'><strong>nihil</strong></span> <span class='ocrx_word' id='word_1_534' title='bbox 1139 3949 1267 4006; x_wconf 84' lang='lat' dir='ltr'><strong>inde</strong></span> <span class='ocrx_word' id='word_1_535' title='bbox 1295 3951 1450 4020; x_wconf 89' lang='lat' dir='ltr'><strong>sequi</strong></span> <span class='ocrx_word' id='word_1_536' title='bbox 1470 3950 1944 4006; x_wconf 85' lang='lat' dir='ltr'><strong>absurdi.Etenim</strong></span> 
     </span>
    </p>
   </div>
   <div class='ocr_carea' id='block_1_75' title="bbox 374 4046 1945 4121">
    <p class='ocr_par' dir='ltr' id='par_1_75' title="bbox 374 4046 1945 4121">
     <span class='ocr_line' id='line_1_75' title="bbox 374 4046 1945 4121; baseline 0.002 -20"><span class='ocrx_word' id='word_1_537' title='bbox 374 4046 627 4118; x_wconf 87' lang='lat' dir='ltr'><strong>procedit</strong></span> <span class='ocrx_word' id='word_1_538' title='bbox 664 4046 735 4102; x_wconf 89' lang='lat' dir='ltr'><strong>ab</strong></span> <span class='ocrx_word' id='word_1_539' title='bbox 763 4046 898 4118; x_wconf 82' lang='lat' dir='ltr'><strong>ipsis</strong></span> <span class='ocrx_word' id='word_1_540' title='bbox 938 4065 1047 4105; x_wconf 91' lang='lat' dir='ltr'><strong>non</strong></span> <span class='ocrx_word' id='word_1_541' title='bbox 1085 4059 1361 4121; x_wconf 85' lang='lat' dir='ltr'><strong>quatenus</strong></span> <span class='ocrx_word' id='word_1_542' title='bbox 1392 4052 1500 4105; x_wconf 85' lang='lat' dir='ltr'><strong>duo</strong></span> <span class='ocrx_word' id='word_1_543' title='bbox 1535 4059 1687 4115; x_wconf 88' lang='lat' dir='ltr'><strong>sunt,</strong></span> <span class='ocrx_word' id='word_1_544' title='bbox 1713 4060 1769 4105; x_wconf 88' lang='lat' dir='ltr'><strong>et</strong></span> <span class='ocrx_word' id='word_1_545' title='bbox 1808 4050 1945 4104; x_wconf 79' lang='lat' dir='ltr'><strong>dua-</strong></span> 
     </span>
    </p>
   </div>
   <div class='ocr_carea' id='block_1_76' title="bbox 372 4137 1945 4209">
    <p class='ocr_par' dir='ltr' id='par_1_76' title="bbox 372 4137 1945 4209">
     <span class='ocr_line' id='line_1_76' title="bbox 372 4137 1945 4209; baseline 0.002 -16"><span class='ocrx_word' id='word_1_546' title='bbox 372 4137 521 4205; x_wconf 72' lang='lat' dir='ltr'><strong>litat,</strong></span> <span class='ocrx_word' id='word_1_547' title='bbox 546 4138 640 4194; x_wconf 87' lang='lat' dir='ltr'><strong>sed</strong></span> <span class='ocrx_word' id='word_1_548' title='bbox 672 4149 949 4209; x_wconf 86' lang='lat' dir='ltr'><strong>quatenus</strong></span> <span class='ocrx_word' id='word_1_549' title='bbox 996 4158 1162 4197; x_wconf 90' lang='lat' dir='ltr'><strong>unum</strong></span> <span class='ocrx_word' id='word_1_550' title='bbox 1210 4151 1341 4198; x_wconf 90' lang='lat' dir='ltr'><strong>sunt</strong></span> <span class='ocrx_word' id='word_1_551' title='bbox 1384 4145 1566 4197; x_wconf 81' lang='lat' dir='ltr'><strong>ainbo.</strong></span> <span class='ocrx_word' id='word_1_552' title='bbox 1622 4142 1766 4197; x_wconf 80' lang='lat' dir='ltr'><strong>Nihil</strong></span> <span class='ocrx_word' id='word_1_553' title='bbox 1796 4142 1945 4198; x_wconf 90' lang='lat' dir='ltr'><strong>enim</strong></span> 
     </span>
    </p>
   </div>
   <div class='ocr_carea' id='block_1_77' title="bbox 375 4230 1947 4302">
    <p class='ocr_par' dir='ltr' id='par_1_77' title="bbox 375 4230 1947 4302">
     <span class='ocr_line' id='line_1_77' title="bbox 375 4230 1947 4302; baseline 0.001 -18"><span class='ocrx_word' id='word_1_554' title='bbox 375 4230 560 4287; x_wconf 86' lang='lat' dir='ltr'><strong>minus</strong></span> <span class='ocrx_word' id='word_1_555' title='bbox 603 4230 715 4285; x_wconf 91' lang='lat' dir='ltr'><strong>duo</strong></span> <span class='ocrx_word' id='word_1_556' title='bbox 769 4243 898 4286; x_wconf 89' lang='lat' dir='ltr'><strong>sunt</strong></span> <span class='ocrx_word' id='word_1_557' title='bbox 949 4247 1197 4302; x_wconf 68' lang='lat' dir='ltr'><strong>persona:</strong></span> <span class='ocrx_word' id='word_1_558' title='bbox 1247 4234 1405 4287; x_wconf 86' lang='lat' dir='ltr'><strong>Pater</strong></span> <span class='ocrx_word' id='word_1_559' title='bbox 1445 4244 1500 4287; x_wconf 86' lang='lat' dir='ltr'><strong>et</strong></span> <span class='ocrx_word' id='word_1_560' title='bbox 1548 4231 1737 4298; x_wconf 86' lang='lat' dir='ltr'><strong>Filius,</strong></span> <span class='ocrx_word' id='word_1_561' title='bbox 1783 4246 1947 4301; x_wconf 86' lang='lat' dir='ltr'><strong>quam</strong></span> 
     </span>
    </p>
   </div>
   <div class='ocr_carea' id='block_1_78' title="bbox 376 4322 1945 4392">
    <p class='ocr_par' dir='ltr' id='par_1_78' title="bbox 376 4322 1945 4392">
     <span class='ocr_line' id='line_1_78' title="bbox 376 4322 1945 4392; baseline 0 -16"><span class='ocrx_word' id='word_1_562' title='bbox 376 4337 484 4376; x_wconf 90' lang='lat' dir='ltr'><strong>una</strong></span> <span class='ocrx_word' id='word_1_563' title='bbox 542 4322 850 4392; x_wconf 84' lang='lat' dir='ltr'><strong>substantia</strong></span> <span class='ocrx_word' id='word_1_564' title='bbox 899 4332 956 4377; x_wconf 88' lang='lat' dir='ltr'><strong>et</strong></span> <span class='ocrx_word' id='word_1_565' title='bbox 1009 4337 1151 4377; x_wconf 89' lang='lat' dir='ltr'><strong>unus</strong></span> <span class='ocrx_word' id='word_1_566' title='bbox 1209 4322 1369 4378; x_wconf 87' lang='lat' dir='ltr'><strong>Deus.</strong></span> <span class='ocrx_word' id='word_1_567' title='bbox 1413 4322 1540 4376; x_wconf 85' lang='lat' dir='ltr'><strong>inde</strong></span> <span class='ocrx_word' id='word_1_568' title='bbox 1566 4337 1696 4376; x_wconf 89' lang='lat' dir='ltr'><strong>vero</strong></span> <span class='ocrx_word' id='word_1_569' title='bbox 1744 4330 1800 4375; x_wconf 84' lang='lat' dir='ltr'><strong>et</strong></span> <span class='ocrx_word' id='word_1_570' title='bbox 1837 4337 1945 4376; x_wconf 92' lang='lat' dir='ltr'><strong>una</strong></span> 
     </span>
    </p>
   </div>
   <div class='ocr_carea' id='block_1_79' title="bbox 374 4412 1949 4482">
    <p class='ocr_par' dir='ltr' id='par_1_79' title="bbox 374 4412 1949 4482">
     <span class='ocr_line' id='line_1_79' title="bbox 374 4412 1949 4482; baseline 0.001 -17"><span class='ocrx_word' id='word_1_571' title='bbox 374 4414 692 4481; x_wconf 82' lang='lat' dir='ltr'><strong>operatione</strong></span> <span class='ocrx_word' id='word_1_572' title='bbox 746 4422 1000 4482; x_wconf 82' lang='lat' dir='ltr'><strong>tanquam</strong></span> <span class='ocrx_word' id='word_1_573' title='bbox 1054 4429 1197 4468; x_wconf 85' lang='lat' dir='ltr'><strong>unus</strong></span> <span class='ocrx_word' id='word_1_574' title='bbox 1250 4415 1394 4468; x_wconf 77' lang='lat' dir='ltr'><strong>Dens</strong></span> <span class='ocrx_word' id='word_1_575' title='bbox 1435 4412 1598 4467; x_wconf 82' lang='lat' dir='ltr'><strong>ambo</strong></span> <span class='ocrx_word' id='word_1_576' title='bbox 1641 4414 1949 4481; x_wconf 83' lang='lat' dir='ltr'><strong>producunt</strong></span> 
     </span>
    </p>
   </div>
   <div class='ocr_carea' id='block_1_80' title="bbox 376 4502 1948 4575">
    <p class='ocr_par' dir='ltr' id='par_1_80' title="bbox 376 4502 1948 4575">
     <span class='ocr_line' id='line_1_80' title="bbox 376 4502 1948 4575; baseline -0.003 -15"><span class='ocrx_word' id='word_1_577' title='bbox 376 4504 641 4574; x_wconf 82' lang='lat' dir='ltr'><strong>Spiritum</strong></span> <span class='ocrx_word' id='word_1_578' title='bbox 706 4512 981 4569; x_wconf 74' lang='lat' dir='ltr'><strong>sanctum,</strong></span> <span class='ocrx_word' id='word_1_579' title='bbox 1020 4520 1187 4559; x_wconf 91' lang='lat' dir='ltr'><strong>unum</strong></span> <span class='ocrx_word' id='word_1_580' title='bbox 1250 4512 1307 4560; x_wconf 84' lang='lat' dir='ltr'><strong>et</strong></span> <span class='ocrx_word' id='word_1_581' title='bbox 1362 4504 1545 4575; x_wconf 87' lang='lat' dir='ltr'><strong>ipsum</strong></span> <span class='ocrx_word' id='word_1_582' title='bbox 1604 4518 1669 4557; x_wconf 90' lang='lat' dir='ltr'><strong>ac</strong></span> <span class='ocrx_word' id='word_1_583' title='bbox 1734 4502 1948 4571; x_wconf 82' lang='lat' dir='ltr'><strong>simpli-</strong></span> 
     </span>
    </p>
   </div>
   <div class='ocr_carea' id='block_1_81' title="bbox 375 4595 1945 4666">
    <p class='ocr_par' dir='ltr' id='par_1_81' title="bbox 375 4595 1945 4666">
     <span class='ocr_line' id='line_1_81' title="bbox 375 4595 1945 4666; baseline -0.003 -14"><span class='ocrx_word' id='word_1_584' title='bbox 375 4610 492 4652; x_wconf 90' lang='lat' dir='ltr'><strong>cem</strong></span> <span class='ocrx_word' id='word_1_585' title='bbox 519 4599 895 4652; x_wconf 80' lang='lat' dir='ltr'><strong>exslstentetn.</strong></span> <span class='ocrx_word' id='word_1_586' title='bbox 940 4595 1115 4651; x_wconf 89' lang='lat' dir='ltr'><strong>Unius</strong></span> <span class='ocrx_word' id='word_1_587' title='bbox 1135 4597 1337 4665; x_wconf 85' lang='lat' dir='ltr'><strong>quippe</strong></span> <span class='ocrx_word' id='word_1_588' title='bbox 1366 4595 1743 4666; x_wconf 88' lang='lat' dir='ltr'><strong>operationem</strong></span> <span class='ocrx_word' id='word_1_589' title='bbox 1776 4608 1945 4649; x_wconf 88' lang='lat' dir='ltr'><strong>unum</strong></span> 
     </span>
    </p>
   </div>
   <div class='ocr_carea' id='block_1_82' title="bbox 373 4685 1957 4757">
    <p class='ocr_par' dir='ltr' id='par_1_82' title="bbox 373 4685 1957 4757">
     <span class='ocr_line' id='line_1_82' title="bbox 373 4685 1957 4757; baseline -0.002 -14"><span class='ocrx_word' id='word_1_590' title='bbox 373 4689 538 4743; x_wconf 88' lang='lat' dir='ltr'><strong>etiam</strong></span> <span class='ocrx_word' id='word_1_591' title='bbox 557 4694 890 4756; x_wconf 83' lang='lat' dir='ltr'><strong>estopus,et</strong></span> <span class='ocrx_word' id='word_1_592' title='bbox 923 4704 1062 4742; x_wconf 89' lang='lat' dir='ltr'><strong>unus</strong></span> <span class='ocrx_word' id='word_1_593' title='bbox 1102 4689 1354 4743; x_wconf 84' lang='lat' dir='ltr'><strong>etl‘cctus.</strong></span> <span class='ocrx_word' id='word_1_594' title='bbox 1388 4688 1573 4757; x_wconf 84' lang='lat' dir='ltr'><strong>Neque</strong></span> <span class='ocrx_word' id='word_1_595' title='bbox 1611 4688 1778 4756; x_wconf 79' lang='lat' dir='ltr'><strong>igitur</strong></span> <span class='ocrx_word' id='word_1_596' title='bbox 1813 4685 1957 4741; x_wconf 73' lang='lat' dir='ltr'><strong>dua-‘</strong></span> 
     </span>
    </p>
   </div>
   <div class='ocr_carea' id='block_1_83' title="bbox 375 4777 1948 4851">
    <p class='ocr_par' dir='ltr' id='par_1_83' title="bbox 375 4777 1948 4851">
     <span class='ocr_line' id='line_1_83' title="bbox 375 4777 1948 4851; baseline -0.003 -15"><span class='ocrx_word' id='word_1_597' title='bbox 375 4779 482 4837; x_wconf 86' lang='lat' dir='ltr'><strong>bus</strong></span> <span class='ocrx_word' id='word_1_598' title='bbox 534 4778 951 4851; x_wconf 80' lang='lat' dir='ltr'><strong>operationibus</strong></span> <span class='ocrx_word' id='word_1_599' title='bbox 997 4779 1154 4832; x_wconf 74' lang='lat' dir='ltr'><strong>Pater</strong></span> <span class='ocrx_word' id='word_1_600' title='bbox 1192 4789 1249 4833; x_wconf 91' lang='lat' dir='ltr'><strong>et</strong></span> <span class='ocrx_word' id='word_1_601' title='bbox 1278 4777 1449 4833; x_wconf 86' lang='lat' dir='ltr'><strong>Filius</strong></span> <span class='ocrx_word' id='word_1_602' title='bbox 1498 4778 1762 4847; x_wconf 87' lang='lat' dir='ltr'><strong>Spiritum</strong></span> <span class='ocrx_word' id='word_1_603' title='bbox 1822 4792 1948 4831; x_wconf 87' lang='lat' dir='ltr'><strong>san-</strong></span> 
     </span>
    </p>
   </div>
   <div class='ocr_carea' id='block_1_84' title="bbox 375 4866 1948 4942">
    <p class='ocr_par' dir='ltr' id='par_1_84' title="bbox 375 4866 1948 4942">
     <span class='ocr_line' id='line_1_84' title="bbox 375 4866 1948 4942; baseline -0.003 -15"><span class='ocrx_word' id='word_1_604' title='bbox 375 4882 525 4927; x_wconf 86' lang='lat' dir='ltr'><strong>ctum</strong></span> <span class='ocrx_word' id='word_1_605' title='bbox 597 4866 952 4942; x_wconf 73' lang='lat' dir='ltr'><strong>producunt,</strong></span> <span class='ocrx_word' id='word_1_606' title='bbox 1027 4886 1204 4939; x_wconf 84' lang='lat' dir='ltr'><strong>neque</strong></span> <span class='ocrx_word' id='word_1_607' title='bbox 1280 4870 1396 4939; x_wconf 85' lang='lat' dir='ltr'><strong>ipse</strong></span> <span class='ocrx_word' id='word_1_608' title='bbox 1462 4871 1706 4940; x_wconf 87' lang='lat' dir='ltr'><strong>Spiritus</strong></span> <span class='ocrx_word' id='word_1_609' title='bbox 1746 4868 1948 4940; x_wconf 80' lang='lat' dir='ltr'><strong>duplex</strong></span> 
     </span>
    </p>
   </div>
   <div class='ocr_carea' id='block_1_85' title="bbox 372 4962 1938 5033">
    <p class='ocr_par' dir='ltr' id='par_1_85' title="bbox 372 4962 1938 5033">
     <span class='ocr_line' id='line_1_85' title="bbox 372 4962 1938 5033; baseline -0.003 -14"><span class='ocrx_word' id='word_1_610' title='bbox 372 4974 461 5020; x_wconf 85' lang='lat' dir='ltr'><strong>est</strong></span> <span class='ocrx_word' id='word_1_611' title='bbox 498 4965 634 5020; x_wconf 88' lang='lat' dir='ltr'><strong>:sed</strong></span> <span class='ocrx_word' id='word_1_612' title='bbox 680 4964 940 5033; x_wconf 86' lang='lat' dir='ltr'><strong>quoniam</strong></span> <span class='ocrx_word' id='word_1_613' title='bbox 985 4978 1127 5016; x_wconf 89' lang='lat' dir='ltr'><strong>unus</strong></span> <span class='ocrx_word' id='word_1_614' title='bbox 1159 4971 1243 5016; x_wconf 80' lang='lat' dir='ltr'><strong>est</strong></span> <span class='ocrx_word' id='word_1_615' title='bbox 1278 4963 1438 5025; x_wconf 70' lang='lat' dir='ltr'><strong>Deus,</strong></span> <span class='ocrx_word' id='word_1_616' title='bbox 1473 4977 1582 5016; x_wconf 89' lang='lat' dir='ltr'><strong>una</strong></span> <span class='ocrx_word' id='word_1_617' title='bbox 1626 4962 1938 5016; x_wconf 86' lang='lat' dir='ltr'><strong>substantia</strong></span> 
     </span>
    </p>
   </div>
   <div class='ocr_carea' id='block_1_86' title="bbox 371 5052 1942 5123">
    <p class='ocr_par' dir='ltr' id='par_1_86' title="bbox 371 5052 1942 5123">
     <span class='ocr_line' id='line_1_86' title="bbox 371 5052 1942 5123; baseline -0.004 -12"><span class='ocrx_word' id='word_1_618' title='bbox 371 5055 537 5112; x_wconf 84' lang='lat' dir='ltr'><strong>Pater</strong></span> <span class='ocrx_word' id='word_1_619' title='bbox 582 5065 639 5111; x_wconf 89' lang='lat' dir='ltr'><strong>et</strong></span> <span class='ocrx_word' id='word_1_620' title='bbox 674 5055 869 5119; x_wconf 84' lang='lat' dir='ltr'><strong>Filius,</strong></span> <span class='ocrx_word' id='word_1_621' title='bbox 914 5070 1021 5108; x_wconf 87' lang='lat' dir='ltr'><strong>una</strong></span> <span class='ocrx_word' id='word_1_622' title='bbox 1062 5054 1227 5109; x_wconf 88' lang='lat' dir='ltr'><strong>etiam</strong></span> <span class='ocrx_word' id='word_1_623' title='bbox 1258 5062 1343 5108; x_wconf 92' lang='lat' dir='ltr'><strong>est</strong></span> <span class='ocrx_word' id='word_1_624' title='bbox 1375 5052 1619 5123; x_wconf 89' lang='lat' dir='ltr'><strong>ipsorum</strong></span> <span class='ocrx_word' id='word_1_625' title='bbox 1668 5053 1942 5121; x_wconf 83' lang='lat' dir='ltr'><strong>operatio,</strong></span> 
     </span>
    </p>
   </div>
   <div class='ocr_carea' id='block_1_87' title="bbox 375 5136 1944 5215">
    <p class='ocr_par' dir='ltr' id='par_1_87' title="bbox 375 5136 1944 5215">
     <span class='ocr_line' id='line_1_87' title="bbox 375 5136 1944 5215; baseline -0.004 -11"><span class='ocrx_word' id='word_1_626' title='bbox 375 5165 487 5205; x_wconf 90' lang='lat' dir='ltr'><strong>non</strong></span> <span class='ocrx_word' id='word_1_627' title='bbox 519 5156 731 5203; x_wconf 89' lang='lat' dir='ltr'><strong>tantum</strong></span> <span class='ocrx_word' id='word_1_628' title='bbox 761 5136 841 5202; x_wconf 86' lang='lat' dir='ltr'><strong>ad</strong></span> <span class='ocrx_word' id='word_1_629' title='bbox 862 5157 1018 5201; x_wconf 73' lang='lat' dir='ltr'><strong>extra</strong></span> <span class='ocrx_word' id='word_1_630' title='bbox 1059 5144 1448 5215; x_wconf 79' lang='lat' dir='ltr'><strong>progrediens,</strong></span> <span class='ocrx_word' id='word_1_631' title='bbox 1477 5144 1574 5199; x_wconf 86' lang='lat' dir='ltr'><strong>sed</strong></span> <span class='ocrx_word' id='word_1_632' title='bbox 1608 5153 1664 5198; x_wconf 91' lang='lat' dir='ltr'><strong>et</strong></span> <span class='ocrx_word' id='word_1_633' title='bbox 1703 5144 1769 5198; x_wconf 89' lang='lat' dir='ltr'><strong>ad</strong></span> <span class='ocrx_word' id='word_1_634' title='bbox 1803 5144 1944 5198; x_wconf 84' lang='lat' dir='ltr'><strong>intra</strong></span> 
     </span>
    </p>
   </div>
   <div class='ocr_carea' id='block_1_88' title="bbox 374 5241 1949 5311">
    <p class='ocr_par' dir='ltr' id='par_1_88' title="bbox 374 5241 1949 5311">
     <span class='ocr_line' id='line_1_88' title="bbox 374 5241 1949 5311; baseline -0.004 -15"><span class='ocrx_word' id='word_1_635' title='bbox 374 5243 427 5296; x_wconf 91' lang='lat' dir='ltr'><strong>in</strong></span> <span class='ocrx_word' id='word_1_636' title='bbox 483 5241 619 5311; x_wconf 86' lang='lat' dir='ltr'><strong>ipsis</strong></span> <span class='ocrx_word' id='word_1_637' title='bbox 651 5254 1023 5311; x_wconf 80' lang='lat' dir='ltr'><strong>permanens;</strong></span> <span class='ocrx_word' id='word_1_638' title='bbox 1063 5247 1120 5293; x_wconf 87' lang='lat' dir='ltr'><strong>et</strong></span> <span class='ocrx_word' id='word_1_639' title='bbox 1161 5254 1258 5308; x_wconf 88' lang='lat' dir='ltr'><strong>per</strong></span> <span class='ocrx_word' id='word_1_640' title='bbox 1298 5251 1647 5304; x_wconf 84' lang='lat' dir='ltr'><strong>consequens</strong></span> <span class='ocrx_word' id='word_1_641' title='bbox 1686 5251 1830 5290; x_wconf 88' lang='lat' dir='ltr'><strong>unus</strong></span> <span class='ocrx_word' id='word_1_642' title='bbox 1862 5246 1949 5290; x_wconf 89' lang='lat' dir='ltr'><strong>est</strong></span> 
     </span>
    </p>
   </div>
   <div class='ocr_carea' id='block_1_89' title="bbox 372 5328 1941 5402">
    <p class='ocr_par' dir='ltr' id='par_1_89' title="bbox 372 5328 1941 5402">
     <span class='ocr_line' id='line_1_89' title="bbox 372 5328 1941 5402; baseline -0.005 -15"><span class='ocrx_word' id='word_1_643' title='bbox 372 5333 611 5402; x_wconf 65' lang='lat' dir='ltr'><strong>Spiritus</strong></span> <span class='ocrx_word' id='word_1_644' title='bbox 635 5345 882 5397; x_wconf 78' lang='lat' dir='ltr'><strong>sanctus,</strong></span> <span class='ocrx_word' id='word_1_645' title='bbox 908 5332 1097 5386; x_wconf 85' lang='lat' dir='ltr'><strong>uthac</strong></span> <span class='ocrx_word' id='word_1_646' title='bbox 1133 5346 1240 5384; x_wconf 83' lang='lat' dir='ltr'><strong>una</strong></span> <span class='ocrx_word' id='word_1_647' title='bbox 1260 5328 1586 5399; x_wconf 85' lang='lat' dir='ltr'><strong>operatione</strong></span> <span class='ocrx_word' id='word_1_648' title='bbox 1613 5330 1941 5397; x_wconf 79' lang='lat' dir='ltr'><strong>procedens.</strong></span> 
     </span>
    </p>
   </div>
   <div class='ocr_carea' id='block_1_90' title="bbox 373 5418 1949 5497">
    <p class='ocr_par' dir='ltr' id='par_1_90' title="bbox 373 5418 1949 5497">
     <span class='ocr_line' id='line_1_90' title="bbox 373 5418 1949 5497; baseline -0.008 -15"><span class='ocrx_word' id='word_1_649' title='bbox 373 5427 549 5482; x_wconf 86' lang='lat' dir='ltr'><strong>Porro</strong></span> <span class='ocrx_word' id='word_1_650' title='bbox 588 5425 755 5497; x_wconf 82' lang='lat' dir='ltr'><strong>hujus</strong></span> <span class='ocrx_word' id='word_1_651' title='bbox 807 5424 1151 5496; x_wconf 88' lang='lat' dir='ltr'><strong>operationis</strong></span> <span class='ocrx_word' id='word_1_652' title='bbox 1198 5422 1368 5477; x_wconf 86' lang='lat' dir='ltr'><strong>etiam</strong></span> <span class='ocrx_word' id='word_1_653' title='bbox 1430 5418 1673 5490; x_wconf 88' lang='lat' dir='ltr'><strong>Spiritus</strong></span> <span class='ocrx_word' id='word_1_654' title='bbox 1723 5427 1949 5473; x_wconf 79' lang='lat' dir='ltr'><strong>sanctus</strong></span> 
     </span>
    </p>
   </div>
   <div class='ocr_carea' id='block_1_91' title="bbox 376 5510 1943 5589">
    <p class='ocr_par' dir='ltr' id='par_1_91' title="bbox 376 5510 1943 5589">
     <span class='ocr_line' id='line_1_91' title="bbox 376 5510 1943 5589; baseline -0.006 -17"><span class='ocrx_word' id='word_1_655' title='bbox 376 5519 657 5589; x_wconf 84' lang='lat' dir='ltr'><strong>particeps</strong></span> <span class='ocrx_word' id='word_1_656' title='bbox 697 5527 871 5585; x_wconf 88' lang='lat' dir='ltr'><strong>esset,</strong></span> <span class='ocrx_word' id='word_1_657' title='bbox 915 5517 963 5572; x_wconf 87' lang='lat' dir='ltr'><strong>si</strong></span> <span class='ocrx_word' id='word_1_658' title='bbox 1019 5533 1129 5570; x_wconf 90' lang='lat' dir='ltr'><strong>non</strong></span> <span class='ocrx_word' id='word_1_659' title='bbox 1162 5514 1560 5570; x_wconf 81' lang='lat' dir='ltr'><strong>adversaretur</strong></span> <span class='ocrx_word' id='word_1_660' title='bbox 1591 5511 1708 5581; x_wconf 87' lang='lat' dir='ltr'><strong>ejus</strong></span> <span class='ocrx_word' id='word_1_661' title='bbox 1741 5510 1943 5564; x_wconf 88' lang='lat' dir='ltr'><strong>rationi</strong></span> 
     </span>
    </p>
   </div>
   <div class='ocr_carea' id='block_1_92' title="bbox 377 5602 1945 5679">
    <p class='ocr_par' dir='ltr' id='par_1_92' title="bbox 377 5602 1945 5679">
     <span class='ocr_line' id='line_1_92' title="bbox 377 5602 1945 5679; baseline -0.004 -19"><span class='ocrx_word' id='word_1_662' title='bbox 377 5617 441 5661; x_wconf 89' lang='lat' dir='ltr'><strong>ut</strong></span> <span class='ocrx_word' id='word_1_663' title='bbox 490 5609 658 5664; x_wconf 88' lang='lat' dir='ltr'><strong>simul</strong></span> <span class='ocrx_word' id='word_1_664' title='bbox 694 5618 751 5664; x_wconf 84' lang='lat' dir='ltr'><strong>et</strong></span> <span class='ocrx_word' id='word_1_665' title='bbox 796 5617 945 5664; x_wconf 85' lang='lat' dir='ltr'><strong>esset</strong></span> <span class='ocrx_word' id='word_1_666' title='bbox 994 5609 1110 5679; x_wconf 89' lang='lat' dir='ltr'><strong>ipse</strong></span> <span class='ocrx_word' id='word_1_667' title='bbox 1165 5607 1481 5678; x_wconf 85' lang='lat' dir='ltr'><strong>producens</strong></span> <span class='ocrx_word' id='word_1_668' title='bbox 1522 5613 1580 5658; x_wconf 89' lang='lat' dir='ltr'><strong>ct</strong></span> <span class='ocrx_word' id='word_1_669' title='bbox 1622 5602 1945 5673; x_wconf 78' lang='lat' dir='ltr'><strong>productus.</strong></span> 
     </span>
    </p>
   </div>
   <div class='ocr_carea' id='block_1_93' title="bbox 377 5695 1950 5769">
    <p class='ocr_par' dir='ltr' id='par_1_93' title="bbox 377 5695 1950 5769">
     <span class='ocr_line' id='line_1_93' title="bbox 377 5695 1950 5769; baseline -0.002 -18"><span class='ocrx_word' id='word_1_670' title='bbox 377 5697 538 5753; x_wconf 72' lang='lat' dir='ltr'><strong>Nunc</strong></span> <span class='ocrx_word' id='word_1_671' title='bbox 557 5714 690 5755; x_wconf 87' lang='lat' dir='ltr'><strong>vero</strong></span> <span class='ocrx_word' id='word_1_672' title='bbox 714 5701 783 5756; x_wconf 90' lang='lat' dir='ltr'><strong>ob</strong></span> <span class='ocrx_word' id='word_1_673' title='bbox 816 5700 871 5755; x_wconf 90' lang='lat' dir='ltr'><strong>id</strong></span> <span class='ocrx_word' id='word_1_674' title='bbox 912 5714 1020 5754; x_wconf 93' lang='lat' dir='ltr'><strong>non</strong></span> <span class='ocrx_word' id='word_1_675' title='bbox 1067 5708 1246 5769; x_wconf 85' lang='lat' dir='ltr'><strong>potest</strong></span> <span class='ocrx_word' id='word_1_676' title='bbox 1279 5695 1527 5752; x_wconf 83' lang='lat' dir='ltr'><strong>eamdem</strong></span> <span class='ocrx_word' id='word_1_677' title='bbox 1572 5695 1950 5765; x_wconf 87' lang='lat' dir='ltr'><strong>operationem</strong></span> 
     </span>
    </p>
   </div>
   <div class='ocr_carea' id='block_1_94' title="bbox 383 5788 1953 5861">
    <p class='ocr_par' dir='ltr' id='par_1_94' title="bbox 383 5788 1953 5861">
     <span class='ocr_line' id='line_1_94' title="bbox 383 5788 1953 5861; baseline 0.001 -21"><span class='ocrx_word' id='word_1_678' title='bbox 383 5790 734 5861; x_wconf 78' lang='lat' dir='ltr'><strong>participare.</strong></span> <span class='ocrx_word' id='word_1_679' title='bbox 772 5791 841 5846; x_wconf 84' lang='lat' dir='ltr'><strong>At</strong></span> <span class='ocrx_word' id='word_1_680' title='bbox 869 5806 999 5846; x_wconf 83' lang='lat' dir='ltr'><strong>vero</strong></span> <span class='ocrx_word' id='word_1_681' title='bbox 1035 5791 1205 5846; x_wconf 80' lang='lat' dir='ltr'><strong>Filius</strong></span> <span class='ocrx_word' id='word_1_682' title='bbox 1238 5788 1533 5844; x_wconf 79' lang='lat' dir='ltr'><strong>admodum</strong></span> <span class='ocrx_word' id='word_1_683' title='bbox 1571 5796 1774 5856; x_wconf 75' lang='lat' dir='ltr'><strong>potest,</strong></span> <span class='ocrx_word' id='word_1_684' title='bbox 1812 5802 1953 5855; x_wconf 81' lang='lat' dir='ltr'><strong>quo-</strong></span> 
     </span>
    </p>
   </div>
   <div class='ocr_carea' id='block_1_95' title="bbox 2059 3574 3633 3655">
    <p class='ocr_par' dir='ltr' id='par_1_95' title="bbox 2059 3574 3633 3655">
     <span class='ocr_line' id='line_1_95' title="bbox 2059 3574 3633 3655; baseline -0.006 -17"><span class='ocrx_word' id='word_1_685' title='bbox 2059 3583 2174 3638; x_wconf 83' lang='grc' dir='ltr'><em>Τοῦ</em></span> <span class='ocrx_word' id='word_1_686' title='bbox 2205 3584 2641 3655; x_wconf 77' lang='grc' dir='ltr'><strong>Βησσαρίωνος</strong></span> <span class='ocrx_word' id='word_1_687' title='bbox 2668 3585 2988 3655; x_wconf 72' lang='grc' dir='ltr'><strong>ἀπόκρισις</strong></span> <span class='ocrx_word' id='word_1_688' title='bbox 3012 3578 3201 3655; x_wconf 61' lang='lat' dir='ltr'><strong>sicut</strong></span> <span class='ocrx_word' id='word_1_689' title='bbox 3232 3574 3633 3648; x_wconf 71' lang='grc' dir='ltr'><strong>προειρημένα</strong></span> 
     </span>
    </p>
   </div>
   <div class='ocr_carea' id='block_1_96' title="bbox 2438 3650 3245 3721">
    <p class='ocr_par' dir='ltr' id='par_1_96' title="bbox 2438 3650 3245 3721">
     <span class='ocr_line' id='line_1_96' title="bbox 2438 3650 3245 3721; baseline -0.009 -12"><span class='ocrx_word' id='word_1_690' title='bbox 2438 3654 2547 3709; x_wconf 82' lang='grc' dir='ltr'><strong>τοῦ</strong></span> <span class='ocrx_word' id='word_1_691' title='bbox 2579 3650 2900 3719; x_wconf 59' lang='lat' dir='ltr'><strong>&quot;lar-06611</strong></span> <span class='ocrx_word' id='word_1_692' title='bbox 2926 3650 3245 3721; x_wconf 72' lang='grc' dir='ltr'><strong>κεφάλαια.</strong></span> 
     </span>
    </p>
   </div>
   <div class='ocr_carea' id='block_1_97' title="bbox 2139 3755 3641 3836">
    <p class='ocr_par' dir='ltr' id='par_1_97' title="bbox 2139 3755 3641 3836">
     <span class='ocr_line' id='line_1_97' title="bbox 2139 3755 3641 3836; baseline -0.008 -17"><span class='ocrx_word' id='word_1_693' title='bbox 2139 3764 2604 3836; x_wconf 80' lang='grc' dir='ltr'><strong>Ἀποκρινόμεθα,</strong></span> <span class='ocrx_word' id='word_1_694' title='bbox 2642 3764 2727 3817; x_wconf 86' lang='grc' dir='ltr'><strong>ὄτι</strong></span> <span class='ocrx_word' id='word_1_695' title='bbox 2759 3764 2861 3816; x_wconf 83' lang='grc' dir='ltr'><strong>οὐκ</strong></span> <span class='ocrx_word' id='word_1_696' title='bbox 2905 3761 3040 3827; x_wconf 76' lang='grc' dir='ltr'><strong>ἄλλη</strong></span> <span class='ocrx_word' id='word_1_697' title='bbox 3063 3760 3159 3814; x_wconf 81' lang='grc' dir='ltr'><strong>καὶ</strong></span> <span class='ocrx_word' id='word_1_698' title='bbox 3191 3757 3326 3825; x_wconf 73' lang='grc' dir='ltr'><strong>ἄλλη</strong></span> <span class='ocrx_word' id='word_1_699' title='bbox 3359 3757 3391 3828; x_wconf 82' lang='grc' dir='ltr'>ἠ</span> <span class='ocrx_word' id='word_1_700' title='bbox 3427 3755 3492 3810; x_wconf 70' lang='grc' dir='ltr'><strong>ἐκ</strong></span> <span class='ocrx_word' id='word_1_701' title='bbox 3516 3755 3641 3809; x_wconf 72' lang='grc' dir='ltr'><strong>ιιι-</strong></span> 
     </span>
    </p>
   </div>
   <div class='ocr_carea' id='block_1_98' title="bbox 2054 3845 3627 3924">
    <p class='ocr_par' dir='ltr' id='par_1_98' title="bbox 2054 3845 3627 3924">
     <span class='ocr_line' id='line_1_98' title="bbox 2054 3845 3627 3924; baseline -0.006 -18"><span class='ocrx_word' id='word_1_702' title='bbox 2054 3853 2184 3924; x_wconf 76' lang='grc' dir='ltr'><strong>τρὺς</strong></span> <span class='ocrx_word' id='word_1_703' title='bbox 2217 3852 2312 3906; x_wconf 82' lang='grc' dir='ltr'><strong>καὶ</strong></span> <span class='ocrx_word' id='word_1_704' title='bbox 2362 3851 2495 3906; x_wconf 85' lang='grc' dir='ltr'><strong>Υίοῦ</strong></span> <span class='ocrx_word' id='word_1_705' title='bbox 2551 3852 2880 3922; x_wconf 83' lang='grc' dir='ltr'><strong>ἐκπόρευσις</strong></span> <span class='ocrx_word' id='word_1_706' title='bbox 2928 3848 3024 3903; x_wconf 89' lang='grc' dir='ltr'><strong>τοῦ</strong></span> <span class='ocrx_word' id='word_1_707' title='bbox 3074 3849 3230 3918; x_wconf 86' lang='grc' dir='ltr'><strong>ἁγίου</strong></span> <span class='ocrx_word' id='word_1_708' title='bbox 3290 3845 3627 3915; x_wconf 74' lang='grc' dir='ltr'><strong>Πνεῦματος,</strong></span> 
     </span>
    </p>
   </div>
   <div class='ocr_carea' id='block_1_99' title="bbox 2054 3936 3631 4013">
    <p class='ocr_par' dir='ltr' id='par_1_99' title="bbox 2054 3936 3631 4013">
     <span class='ocr_line' id='line_1_99' title="bbox 2054 3936 3631 4013; baseline -0.006 -14"><span class='ocrx_word' id='word_1_709' title='bbox 2054 3944 2191 3999; x_wconf 73' lang='grc' dir='ltr'><strong>ἀλλὰ</strong></span> <span class='ocrx_word' id='word_1_710' title='bbox 2237 3942 2335 4012; x_wconf 88' lang='grc' dir='ltr'><strong>μία</strong></span> <span class='ocrx_word' id='word_1_711' title='bbox 2377 3945 2531 4013; x_wconf 78' lang='grc' dir='ltr'><strong>καὶὴ</strong></span> <span class='ocrx_word' id='word_1_712' title='bbox 2590 3942 2754 4013; x_wconf 80' lang='grc' dir='ltr'><strong>αὐτή.</strong></span> <span class='ocrx_word' id='word_1_713' title='bbox 2804 3942 2916 3995; x_wconf 68' lang='grc' dir='ltr'><strong>Καὶ</strong></span> <span class='ocrx_word' id='word_1_714' title='bbox 2963 3942 3111 4011; x_wconf 82' lang='grc' dir='ltr'><strong>ὅμως</strong></span> <span class='ocrx_word' id='word_1_715' title='bbox 3160 3937 3312 3993; x_wconf 69' lang='grc' dir='ltr'><strong>οὐδὲν</strong></span> <span class='ocrx_word' id='word_1_716' title='bbox 3340 3938 3405 3991; x_wconf 74' lang='grc' dir='ltr'><strong>ιχ</strong></span> <span class='ocrx_word' id='word_1_717' title='bbox 3434 3936 3631 3990; x_wconf 68' lang='grc' dir='ltr'><strong>τούτου</strong></span> 
     </span>
    </p>
   </div>
   <div class='ocr_carea' id='block_1_100' title="bbox 2053 4024 3631 4105">
    <p class='ocr_par' dir='ltr' id='par_1_100' title="bbox 2053 4024 3631 4105">
     <span class='ocr_line' id='line_1_100' title="bbox 2053 4024 3631 4105; baseline -0.005 -14"><span class='ocrx_word' id='word_1_718' title='bbox 2053 4037 2257 4092; x_wconf 78' lang='grc' dir='ltr'><strong>ἄτοπον</strong></span> <span class='ocrx_word' id='word_1_719' title='bbox 2288 4036 2511 4090; x_wconf 59' lang='lat' dir='ltr'><strong>inrui&quot;</strong></span> <span class='ocrx_word' id='word_1_720' title='bbox 2542 4037 2759 4105; x_wconf 82' lang='grc' dir='ltr'><strong>πρόεισι</strong></span> <span class='ocrx_word' id='word_1_721' title='bbox 2790 4035 2897 4103; x_wconf 73' lang='grc' dir='ltr'><strong>γὰρ</strong></span> <span class='ocrx_word' id='word_1_722' title='bbox 2925 4031 3195 4097; x_wconf 69' lang='grc' dir='ltr'><strong>ἐξαύτῶν</strong></span> <span class='ocrx_word' id='word_1_723' title='bbox 3225 4032 3323 4100; x_wconf 74' lang='grc' dir='ltr'><strong>οὐχ</strong></span> <span class='ocrx_word' id='word_1_724' title='bbox 3354 4024 3503 4102; x_wconf 76' lang='grc' dir='ltr'><strong>ᾖδύο</strong></span> <span class='ocrx_word' id='word_1_725' title='bbox 3535 4032 3631 4083; x_wconf 71' lang='grc' dir='ltr'><strong>καὶ</strong></span> 
     </span>
    </p>
   </div>
   <div class='ocr_carea' id='block_1_101' title="bbox 2054 4118 3633 4198">
    <p class='ocr_par' dir='ltr' id='par_1_101' title="bbox 2054 4118 3633 4198">
     <span class='ocr_line' id='line_1_101' title="bbox 2054 4118 3633 4198; baseline -0.008 -14"><span class='ocrx_word' id='word_1_726' title='bbox 2054 4130 2266 4193; x_wconf 79' lang='grc' dir='ltr'><strong>δυάδος,</strong></span> <span class='ocrx_word' id='word_1_727' title='bbox 2307 4119 2483 4198; x_wconf 72' lang='grc' dir='ltr'><strong>ἀλλ”ᾖ</strong></span> <span class='ocrx_word' id='word_1_728' title='bbox 2531 4125 2650 4188; x_wconf 79' lang='grc' dir='ltr'><strong>ἑνὸς</strong></span> <span class='ocrx_word' id='word_1_729' title='bbox 2699 4123 3053 4193; x_wconf 72' lang='grc' dir='ltr'><strong>ἀμφοτέρων.</strong></span> <span class='ocrx_word' id='word_1_730' title='bbox 3096 4121 3266 4176; x_wconf 65' lang='grc' dir='ltr'><strong>Οὐδὲν</strong></span> <span class='ocrx_word' id='word_1_731' title='bbox 3312 4118 3633 4193; x_wconf 68' lang='grc' dir='ltr'><strong>γὰριῆττον</strong></span> 
     </span>
    </p>
   </div>
   <div class='ocr_carea' id='block_1_102' title="bbox 2054 4212 3631 4288">
    <p class='ocr_par' dir='ltr' id='par_1_102' title="bbox 2054 4212 3631 4288">
     <span class='ocr_line' id='line_1_102' title="bbox 2054 4212 3631 4288; baseline -0.007 -14"><span class='ocrx_word' id='word_1_732' title='bbox 2054 4220 2149 4275; x_wconf 80' lang='grc' dir='ltr'><strong>δύο</strong></span> <span class='ocrx_word' id='word_1_733' title='bbox 2182 4220 2289 4273; x_wconf 83' lang='grc' dir='ltr'><strong>είσὶ</strong></span> <span class='ocrx_word' id='word_1_734' title='bbox 2316 4218 2588 4288; x_wconf 84' lang='grc' dir='ltr'><strong>πρόσωπα</strong></span> <span class='ocrx_word' id='word_1_735' title='bbox 2617 4216 2810 4285; x_wconf 81' lang='grc' dir='ltr'><strong>Πατὴρ</strong></span> <span class='ocrx_word' id='word_1_736' title='bbox 2834 4214 2931 4268; x_wconf 78' lang='grc' dir='ltr'><strong>καὶ</strong></span> <span class='ocrx_word' id='word_1_737' title='bbox 2971 4213 3121 4279; x_wconf 79' lang='grc' dir='ltr'><strong>Υἱὸς,</strong></span> <span class='ocrx_word' id='word_1_738' title='bbox 3149 4212 3181 4284; x_wconf 76' lang='grc' dir='ltr'><strong>ἢ</strong></span> <span class='ocrx_word' id='word_1_739' title='bbox 3221 4213 3320 4281; x_wconf 89' lang='grc' dir='ltr'><strong>μία</strong></span> <span class='ocrx_word' id='word_1_740' title='bbox 3349 4212 3510 4265; x_wconf 81' lang='grc' dir='ltr'><strong>οὐσία</strong></span> <span class='ocrx_word' id='word_1_741' title='bbox 3537 4212 3631 4264; x_wconf 72' lang='grc' dir='ltr'><strong>καὶ</strong></span> 
     </span>
    </p>
   </div>
   <div class='ocr_carea' id='block_1_103' title="bbox 2054 4298 3631 4376">
    <p class='ocr_par' dir='ltr' id='par_1_103' title="bbox 2054 4298 3631 4376">
     <span class='ocr_line' id='line_1_103' title="bbox 2054 4298 3631 4376; baseline -0.008 -10"><span class='ocrx_word' id='word_1_742' title='bbox 2054 4312 2185 4374; x_wconf 76' lang='grc' dir='ltr'><strong>θεὸς</strong></span> <span class='ocrx_word' id='word_1_743' title='bbox 2231 4307 2332 4372; x_wconf 75' lang='grc' dir='ltr'><strong>εἷς.</strong></span> <span class='ocrx_word' id='word_1_744' title='bbox 2370 4307 2654 4362; x_wconf 83' lang='grc' dir='ltr'><strong>Ἐντεῦθεν</strong></span> <span class='ocrx_word' id='word_1_745' title='bbox 2687 4308 2782 4360; x_wconf 83' lang='grc' dir='ltr'><strong>καὶ</strong></span> <span class='ocrx_word' id='word_1_746' title='bbox 2828 4306 2929 4376; x_wconf 79' lang='grc' dir='ltr'><strong>μιᾷ</strong></span> <span class='ocrx_word' id='word_1_747' title='bbox 2973 4302 3226 4373; x_wconf 70' lang='grc' dir='ltr'><strong>ἐνεργείᾳ</strong></span> <span class='ocrx_word' id='word_1_748' title='bbox 3268 4302 3345 4366; x_wconf 83' lang='grc' dir='ltr'><strong>ὡς</strong></span> <span class='ocrx_word' id='word_1_749' title='bbox 3379 4298 3459 4363; x_wconf 72' lang='grc' dir='ltr'><strong>εἷς</strong></span> <span class='ocrx_word' id='word_1_750' title='bbox 3494 4300 3631 4362; x_wconf 74' lang='grc' dir='ltr'><strong>Θεὸς</strong></span> 
     </span>
    </p>
   </div>
   <div class='ocr_carea' id='block_1_104' title="bbox 2057 4392 3635 4476">
    <p class='ocr_par' dir='ltr' id='par_1_104' title="bbox 2057 4392 3635 4476">
     <span class='ocr_line' id='line_1_104' title="bbox 2057 4392 3635 4476; baseline -0.01 -16"><span class='ocrx_word' id='word_1_751' title='bbox 2057 4407 2225 4476; x_wconf 77' lang='grc' dir='ltr'><strong>ἄμφω</strong></span> <span class='ocrx_word' id='word_1_752' title='bbox 2249 4402 2309 4457; x_wconf 70' lang='lat' dir='ltr'><strong>sb</strong></span> <span class='ocrx_word' id='word_1_753' title='bbox 2330 4402 2487 4470; x_wconf 72' lang='grc' dir='ltr'><strong>ἅγιον</strong></span> <span class='ocrx_word' id='word_1_754' title='bbox 2519 4400 2747 4467; x_wconf 81' lang='grc' dir='ltr'><strong>Πνεῦμα</strong></span> <span class='ocrx_word' id='word_1_755' title='bbox 2783 4398 3119 4468; x_wconf 76' lang='grc' dir='ltr'><strong>προάγουσιν</strong></span> <span class='ocrx_word' id='word_1_756' title='bbox 3154 4395 3215 4449; x_wconf 69' lang='grc' dir='ltr'><strong>ἓν</strong></span> <span class='ocrx_word' id='word_1_757' title='bbox 3246 4393 3342 4448; x_wconf 76' lang='grc' dir='ltr'><strong>καὶ</strong></span> <span class='ocrx_word' id='word_1_758' title='bbox 3369 4393 3503 4447; x_wconf 75' lang='grc' dir='ltr'><strong>αὐτὸ</strong></span> <span class='ocrx_word' id='word_1_759' title='bbox 3537 4392 3635 4446; x_wconf 77' lang='grc' dir='ltr'><strong>καὶ</strong></span> 
     </span>
    </p>
   </div>
   <div class='ocr_carea' id='block_1_105' title="bbox 2057 4485 3633 4561">
    <p class='ocr_par' dir='ltr' id='par_1_105' title="bbox 2057 4485 3633 4561">
     <span class='ocr_line' id='line_1_105' title="bbox 2057 4485 3633 4561; baseline -0.008 -12"><span class='ocrx_word' id='word_1_760' title='bbox 2057 4494 2263 4550; x_wconf 79' lang='grc' dir='ltr'><strong>ἁπλοῦν</strong></span> <span class='ocrx_word' id='word_1_761' title='bbox 2288 4493 2371 4548; x_wconf 75' lang='grc' dir='ltr'><strong>ὅν.</strong></span> <span class='ocrx_word' id='word_1_762' title='bbox 2405 4493 2516 4560; x_wconf 87' lang='grc' dir='ltr'><strong>Τῆς</strong></span> <span class='ocrx_word' id='word_1_763' title='bbox 2539 4494 2648 4561; x_wconf 79' lang='grc' dir='ltr'><strong>γὰρ</strong></span> <span class='ocrx_word' id='word_1_764' title='bbox 2682 4492 2811 4558; x_wconf 75' lang='grc' dir='ltr'><strong>μιᾶς</strong></span> <span class='ocrx_word' id='word_1_765' title='bbox 2838 4490 3120 4557; x_wconf 69' lang='grc' dir='ltr'><strong>ἐνεργείας</strong></span> <span class='ocrx_word' id='word_1_766' title='bbox 3153 4486 3212 4542; x_wconf 72' lang='grc' dir='ltr'><strong>ἓν</strong></span> <span class='ocrx_word' id='word_1_767' title='bbox 3258 4485 3322 4539; x_wconf 73' lang='grc' dir='ltr'><strong>τὸ</strong></span> <span class='ocrx_word' id='word_1_768' title='bbox 3346 4485 3508 4554; x_wconf 77' lang='grc' dir='ltr'><strong>ἔργον</strong></span> <span class='ocrx_word' id='word_1_769' title='bbox 3537 4486 3633 4539; x_wconf 73' lang='grc' dir='ltr'><strong>καὶ</strong></span> 
     </span>
    </p>
   </div>
   <div class='ocr_carea' id='block_1_106' title="bbox 2056 4577 3636 4654">
    <p class='ocr_par' dir='ltr' id='par_1_106' title="bbox 2056 4577 3636 4654">
     <span class='ocr_line' id='line_1_106' title="bbox 2056 4577 3636 4654; baseline -0.009 -13"><span class='ocrx_word' id='word_1_770' title='bbox 2056 4587 2118 4641; x_wconf 77' lang='grc' dir='ltr'><strong>τὸ</strong></span> <span class='ocrx_word' id='word_1_771' title='bbox 2141 4586 2514 4654; x_wconf 69' lang='grc' dir='ltr'><strong>ἀποτέλεσμα.</strong></span> <span class='ocrx_word' id='word_1_772' title='bbox 2545 4582 2671 4637; x_wconf 80' lang='grc' dir='ltr'><strong>Οῦτ⁹</strong></span> <span class='ocrx_word' id='word_1_773' title='bbox 2696 4579 2791 4635; x_wconf 78' lang='grc' dir='ltr'><strong>οὖν</strong></span> <span class='ocrx_word' id='word_1_774' title='bbox 2811 4582 2958 4635; x_wconf 84' lang='grc' dir='ltr'><strong>δυεῖν</strong></span> <span class='ocrx_word' id='word_1_775' title='bbox 2988 4578 3293 4650; x_wconf 64' lang='grc' dir='ltr'><strong>ἐνεργείαιν</strong></span> <span class='ocrx_word' id='word_1_776' title='bbox 3314 4578 3510 4646; x_wconf 74' lang='grc' dir='ltr'><strong>Πατὴρ</strong></span> <span class='ocrx_word' id='word_1_777' title='bbox 3537 4577 3636 4628; x_wconf 75' lang='grc' dir='ltr'><strong>καὶ</strong></span> 
     </span>
    </p>
   </div>
   <div class='ocr_carea' id='block_1_107' title="bbox 2060 4666 3634 4745">
    <p class='ocr_par' dir='ltr' id='par_1_107' title="bbox 2060 4666 3634 4745">
     <span class='ocr_line' id='line_1_107' title="bbox 2060 4666 3634 4745; baseline -0.009 -13"><span class='ocrx_word' id='word_1_778' title='bbox 2060 4678 2186 4740; x_wconf 73' lang='lat' dir='ltr'><strong>Tib;</strong></span> <span class='ocrx_word' id='word_1_779' title='bbox 2212 4678 2273 4731; x_wconf 81' lang='grc' dir='ltr'><strong>τὸ</strong></span> <span class='ocrx_word' id='word_1_780' title='bbox 2295 4676 2522 4745; x_wconf 79' lang='grc' dir='ltr'><strong>Πνεῦμα</strong></span> <span class='ocrx_word' id='word_1_781' title='bbox 2546 4675 2901 4745; x_wconf 78' lang='grc' dir='ltr'><strong>προάγουσιν,</strong></span> <span class='ocrx_word' id='word_1_782' title='bbox 2924 4670 3038 4725; x_wconf 81' lang='grc' dir='ltr'><strong>οὔτ’</strong></span> <span class='ocrx_word' id='word_1_783' title='bbox 3061 4670 3193 4723; x_wconf 83' lang='grc' dir='ltr'><strong>αὐτὸ</strong></span> <span class='ocrx_word' id='word_1_784' title='bbox 3212 4666 3439 4722; x_wconf 78' lang='grc' dir='ltr'><strong>διπλοῦν</strong></span> <span class='ocrx_word' id='word_1_785' title='bbox 3460 4670 3634 4720; x_wconf 66' lang='grc' dir='ltr'><strong>ἔστιν·</strong></span> 
     </span>
    </p>
   </div>
   <div class='ocr_carea' id='block_1_108' title="bbox 2059 4755 3639 4839">
    <p class='ocr_par' dir='ltr' id='par_1_108' title="bbox 2059 4755 3639 4839">
     <span class='ocr_line' id='line_1_108' title="bbox 2059 4755 3639 4839; baseline -0.009 -16"><span class='ocrx_word' id='word_1_786' title='bbox 2059 4770 2176 4823; x_wconf 79' lang='grc' dir='ltr'><strong>ἀλλ’</strong></span> <span class='ocrx_word' id='word_1_787' title='bbox 2215 4768 2336 4821; x_wconf 65' lang='grc' dir='ltr'><strong>ἐπεὶ</strong></span> <span class='ocrx_word' id='word_1_788' title='bbox 2367 4761 2449 4831; x_wconf 77' lang='grc' dir='ltr'><strong>εἷς</strong></span> <span class='ocrx_word' id='word_1_789' title='bbox 2472 4764 2627 4829; x_wconf 71' lang='grc' dir='ltr'><strong>Θεὸς,</strong></span> <span class='ocrx_word' id='word_1_790' title='bbox 2663 4763 2761 4839; x_wconf 84' lang='grc' dir='ltr'><strong>μία</strong></span> <span class='ocrx_word' id='word_1_791' title='bbox 2795 4762 2953 4817; x_wconf 82' lang='grc' dir='ltr'><strong>οὐσία</strong></span> <span class='ocrx_word' id='word_1_792' title='bbox 2996 4759 3189 4830; x_wconf 82' lang='grc' dir='ltr'><strong>Πατὴρ</strong></span> <span class='ocrx_word' id='word_1_793' title='bbox 3219 4758 3312 4812; x_wconf 76' lang='grc' dir='ltr'><strong>καὶ</strong></span> <span class='ocrx_word' id='word_1_794' title='bbox 3344 4756 3494 4823; x_wconf 74' lang='grc' dir='ltr'><strong>Υῑδς,</strong></span> <span class='ocrx_word' id='word_1_795' title='bbox 3537 4755 3639 4825; x_wconf 79' lang='grc' dir='ltr'><strong>μία</strong></span> 
     </span>
    </p>
   </div>
   <div class='ocr_carea' id='block_1_109' title="bbox 2060 4847 3638 4928">
    <p class='ocr_par' dir='ltr' id='par_1_109' title="bbox 2060 4847 3638 4928">
     <span class='ocr_line' id='line_1_109' title="bbox 2060 4847 3638 4928; baseline -0.01 -15"><span class='ocrx_word' id='word_1_796' title='bbox 2060 4860 2242 4913; x_wconf 80' lang='grc' dir='ltr'><strong>αὐτῶν</strong></span> <span class='ocrx_word' id='word_1_797' title='bbox 2285 4858 2381 4912; x_wconf 67' lang='grc' dir='ltr'><strong>καὶ</strong></span> <span class='ocrx_word' id='word_1_798' title='bbox 2431 4859 2467 4927; x_wconf 84' lang='grc' dir='ltr'><strong>ή</strong></span> <span class='ocrx_word' id='word_1_799' title='bbox 2519 4856 2797 4928; x_wconf 74' lang='grc' dir='ltr'><strong>ἐνέργεια,</strong></span> <span class='ocrx_word' id='word_1_800' title='bbox 2833 4854 2931 4924; x_wconf 79' lang='grc' dir='ltr'><strong>οὐχ</strong></span> <span class='ocrx_word' id='word_1_801' title='bbox 2983 4854 3016 4922; x_wconf 82' lang='grc' dir='ltr'><strong>ή</strong></span> <span class='ocrx_word' id='word_1_802' title='bbox 3070 4851 3151 4915; x_wconf 87' lang='grc' dir='ltr'><strong>είς</strong></span> <span class='ocrx_word' id='word_1_803' title='bbox 3202 4850 3271 4903; x_wconf 71' lang='grc' dir='ltr'><strong>τὰ</strong></span> <span class='ocrx_word' id='word_1_804' title='bbox 3324 4848 3431 4912; x_wconf 73' lang='grc' dir='ltr'><strong>ἔξω</strong></span> <span class='ocrx_word' id='word_1_805' title='bbox 3474 4847 3638 4915; x_wconf 77' lang='grc' dir='ltr'><strong>μόνον</strong></span> 
     </span>
    </p>
   </div>
   <div class='ocr_carea' id='block_1_110' title="bbox 2056 4940 3635 5022">
    <p class='ocr_par' dir='ltr' id='par_1_110' title="bbox 2056 4940 3635 5022">
     <span class='ocr_line' id='line_1_110' title="bbox 2056 4940 3635 5022; baseline -0.009 -17"><span class='ocrx_word' id='word_1_806' title='bbox 2056 4951 2349 5022; x_wconf 79' lang='grc' dir='ltr'><strong>προϊοῦσα,</strong></span> <span class='ocrx_word' id='word_1_807' title='bbox 2386 4949 2523 5002; x_wconf 80' lang='grc' dir='ltr'><strong>ἀλλὰ</strong></span> <span class='ocrx_word' id='word_1_808' title='bbox 2556 4950 2649 5004; x_wconf 74' lang='grc' dir='ltr'><strong>καὶ</strong></span> <span class='ocrx_word' id='word_1_809' title='bbox 2682 4951 2713 5017; x_wconf 85' lang='grc' dir='ltr'>ή</span> <span class='ocrx_word' id='word_1_810' title='bbox 2757 4950 2997 5017; x_wconf 78' lang='grc' dir='ltr'><strong>μένουσα</strong></span> <span class='ocrx_word' id='word_1_811' title='bbox 3027 4946 3086 4996; x_wconf 82' lang='grc' dir='ltr'><strong>ὲν</strong></span> <span class='ocrx_word' id='word_1_812' title='bbox 3124 4944 3331 5005; x_wconf 80' lang='grc' dir='ltr'><strong>αὐτοῖς,</strong></span> <span class='ocrx_word' id='word_1_813' title='bbox 3369 4940 3461 4994; x_wconf 76' lang='grc' dir='ltr'><strong>καὶ</strong></span> <span class='ocrx_word' id='word_1_814' title='bbox 3503 4943 3635 4993; x_wconf 81' lang='grc' dir='ltr'><strong>ἀκο-</strong></span> 
     </span>
    </p>
   </div>
   <div class='ocr_carea' id='block_1_111' title="bbox 2054 5032 3639 5109">
    <p class='ocr_par' dir='ltr' id='par_1_111' title="bbox 2054 5032 3639 5109">
     <span class='ocr_line' id='line_1_111' title="bbox 2054 5032 3639 5109; baseline -0.011 -12"><span class='ocrx_word' id='word_1_815' title='bbox 2054 5042 2258 5104; x_wconf 68' lang='grc' dir='ltr'><strong>λούθως</strong></span> <span class='ocrx_word' id='word_1_816' title='bbox 2283 5040 2342 5096; x_wconf 72' lang='grc' dir='ltr'><strong>ἓν</strong></span> <span class='ocrx_word' id='word_1_817' title='bbox 2372 5042 2434 5094; x_wconf 84' lang='grc' dir='ltr'><strong>τὺ</strong></span> <span class='ocrx_word' id='word_1_818' title='bbox 2463 5039 2686 5109; x_wconf 86' lang='grc' dir='ltr'><strong>Πνεῦμα</strong></span> <span class='ocrx_word' id='word_1_819' title='bbox 2714 5039 2774 5091; x_wconf 61' lang='lat' dir='ltr'><strong>rb</strong></span> <span class='ocrx_word' id='word_1_820' title='bbox 2805 5037 2982 5105; x_wconf 73' lang='grc' dir='ltr'><strong>ἅγιον,</strong></span> <span class='ocrx_word' id='word_1_821' title='bbox 3010 5036 3083 5098; x_wconf 84' lang='grc' dir='ltr'><strong>ὠς</strong></span> <span class='ocrx_word' id='word_1_822' title='bbox 3120 5035 3221 5105; x_wconf 77' lang='grc' dir='ltr'><strong>μιᾷ</strong></span> <span class='ocrx_word' id='word_1_823' title='bbox 3243 5032 3417 5103; x_wconf 79' lang='grc' dir='ltr'><strong>ταύτῃ</strong></span> <span class='ocrx_word' id='word_1_824' title='bbox 3443 5034 3639 5099; x_wconf 63' lang='grc' dir='ltr'><strong>προϊὸν</strong></span> 
     </span>
    </p>
   </div>
   <div class='ocr_carea' id='block_1_112' title="bbox 2056 5124 3632 5205">
    <p class='ocr_par' dir='ltr' id='par_1_112' title="bbox 2056 5124 3632 5205">
     <span class='ocr_line' id='line_1_112' title="bbox 2056 5124 3632 5205; baseline -0.01 -17"><span class='ocrx_word' id='word_1_825' title='bbox 2056 5135 2327 5205; x_wconf 72' lang='grc' dir='ltr'><strong>ινεργείᾳ.</strong></span> <span class='ocrx_word' id='word_1_826' title='bbox 2361 5134 2576 5203; x_wconf 79' lang='grc' dir='ltr'><strong>Ταύτης</strong></span> <span class='ocrx_word' id='word_1_827' title='bbox 2605 5131 2660 5184; x_wconf 71' lang='grc' dir='ltr'><strong>ὁὶ</strong></span> <span class='ocrx_word' id='word_1_828' title='bbox 2689 5130 2792 5199; x_wconf 82' lang='grc' dir='ltr'><strong>τῆς</strong></span> <span class='ocrx_word' id='word_1_829' title='bbox 2839 5128 3123 5198; x_wconf 71' lang='grc' dir='ltr'><strong>ἐνεργείας</strong></span> <span class='ocrx_word' id='word_1_830' title='bbox 3159 5126 3256 5179; x_wconf 74' lang='grc' dir='ltr'><strong>καὶ</strong></span> <span class='ocrx_word' id='word_1_831' title='bbox 3294 5124 3355 5178; x_wconf 81' lang='grc' dir='ltr'><strong>τὸ</strong></span> <span class='ocrx_word' id='word_1_832' title='bbox 3406 5124 3632 5191; x_wconf 79' lang='grc' dir='ltr'><strong>Πνεῦμα</strong></span> 
     </span>
    </p>
   </div>
   <div class='ocr_carea' id='block_1_113' title="bbox 2053 5216 3634 5291">
    <p class='ocr_par' dir='ltr' id='par_1_113' title="bbox 2053 5216 3634 5291">
     <span class='ocr_line' id='line_1_113' title="bbox 2053 5216 3634 5291; baseline -0.008 -12"><span class='ocrx_word' id='word_1_833' title='bbox 2053 5226 2121 5279; x_wconf 81' lang='grc' dir='ltr'><strong>ἂν</strong></span> <span class='ocrx_word' id='word_1_834' title='bbox 2149 5224 2429 5279; x_wconf 69' lang='grc' dir='ltr'><strong>ἐκοινώνει</strong></span> <span class='ocrx_word' id='word_1_835' title='bbox 2462 5224 2521 5276; x_wconf 81' lang='grc' dir='ltr'><strong>τὸ</strong></span> <span class='ocrx_word' id='word_1_836' title='bbox 2554 5223 2732 5290; x_wconf 74' lang='grc' dir='ltr'><strong>ἅγιον,</strong></span> <span class='ocrx_word' id='word_1_837' title='bbox 2771 5221 2822 5274; x_wconf 85' lang='grc' dir='ltr'><strong>εί</strong></span> <span class='ocrx_word' id='word_1_838' title='bbox 2859 5222 2934 5291; x_wconf 75' lang='grc' dir='ltr'><strong>μὴ</strong></span> <span class='ocrx_word' id='word_1_839' title='bbox 2977 5219 3056 5290; x_wconf 83' lang='grc' dir='ltr'><strong>τῷ</strong></span> <span class='ocrx_word' id='word_1_840' title='bbox 3085 5216 3251 5272; x_wconf 79' lang='grc' dir='ltr'><strong>αὐτοῦ</strong></span> <span class='ocrx_word' id='word_1_841' title='bbox 3296 5216 3442 5285; x_wconf 79' lang='grc' dir='ltr'><strong>λόγῳ</strong></span> <span class='ocrx_word' id='word_1_842' title='bbox 3473 5216 3634 5269; x_wconf 72' lang='grc' dir='ltr'><strong>ἀντέ-</strong></span> 
     </span>
    </p>
   </div>
   <div class='ocr_carea' id='block_1_114' title="bbox 2058 5305 3637 5383">
    <p class='ocr_par' dir='ltr' id='par_1_114' title="bbox 2058 5305 3637 5383">
     <span class='ocr_line' id='line_1_114' title="bbox 2058 5305 3637 5383; baseline -0.011 -10"><span class='ocrx_word' id='word_1_843' title='bbox 2058 5332 2277 5373; x_wconf 80' lang='grc' dir='ltr'><strong>πιπτεν’</strong></span> <span class='ocrx_word' id='word_1_844' title='bbox 2322 5316 2397 5380; x_wconf 84' lang='grc' dir='ltr'><strong>ὡς</strong></span> <span class='ocrx_word' id='word_1_845' title='bbox 2428 5315 2545 5383; x_wconf 70' lang='grc' dir='ltr'><strong>ἅμα</strong></span> <span class='ocrx_word' id='word_1_846' title='bbox 2576 5314 2638 5367; x_wconf 73' lang='grc' dir='ltr'><strong>τὸ</strong></span> <span class='ocrx_word' id='word_1_847' title='bbox 2667 5313 2802 5366; x_wconf 76' lang='grc' dir='ltr'><strong>αὐτὸ</strong></span> <span class='ocrx_word' id='word_1_848' title='bbox 2842 5309 2984 5366; x_wconf 76' lang='grc' dir='ltr'><strong>εἶναι</strong></span> <span class='ocrx_word' id='word_1_849' title='bbox 3035 5310 3130 5363; x_wconf 78' lang='grc' dir='ltr'><strong>καὶ</strong></span> <span class='ocrx_word' id='word_1_850' title='bbox 3181 5305 3491 5380; x_wconf 80' lang='grc' dir='ltr'><strong>προὸἀλλον</strong></span> <span class='ocrx_word' id='word_1_851' title='bbox 3539 5306 3637 5357; x_wconf 60' lang='grc' dir='ltr'><strong>καὶ</strong></span> 
     </span>
    </p>
   </div>
   <div class='ocr_carea' id='block_1_115' title="bbox 2059 5396 3638 5481">
    <p class='ocr_par' dir='ltr' id='par_1_115' title="bbox 2059 5396 3638 5481">
     <span class='ocr_line' id='line_1_115' title="bbox 2059 5396 3638 5481; baseline -0.009 -19"><span class='ocrx_word' id='word_1_852' title='bbox 2059 5408 2525 5481; x_wconf 79' lang='grc' dir='ltr'><strong>προϐαλλόμενον.</strong></span> <span class='ocrx_word' id='word_1_853' title='bbox 2561 5405 2676 5459; x_wconf 79' lang='grc' dir='ltr'><strong>Νῦν</strong></span> <span class='ocrx_word' id='word_1_854' title='bbox 2709 5405 2767 5458; x_wconf 68' lang='grc' dir='ltr'><strong>δὲ</strong></span> <span class='ocrx_word' id='word_1_855' title='bbox 2799 5404 2887 5457; x_wconf 78' lang='grc' dir='ltr'><strong>διὰ</strong></span> <span class='ocrx_word' id='word_1_856' title='bbox 2925 5401 3086 5455; x_wconf 88' lang='grc' dir='ltr'><strong>τοῦτο</strong></span> <span class='ocrx_word' id='word_1_857' title='bbox 3117 5402 3180 5455; x_wconf 82' lang='grc' dir='ltr'><strong>οὺ</strong></span> <span class='ocrx_word' id='word_1_858' title='bbox 3214 5400 3443 5453; x_wconf 82' lang='grc' dir='ltr'><strong>δύναται</strong></span> <span class='ocrx_word' id='word_1_859' title='bbox 3466 5396 3638 5464; x_wconf 78' lang='grc' dir='ltr'><strong>αὐτῆς</strong></span> 
     </span>
    </p>
   </div>
   <div class='ocr_carea' id='block_1_116' title="bbox 2061 5490 3640 5565">
    <p class='ocr_par' dir='ltr' id='par_1_116' title="bbox 2061 5490 3640 5565">
     <span class='ocr_line' id='line_1_116' title="bbox 2061 5490 3640 5565; baseline -0.008 -11"><span class='ocrx_word' id='word_1_860' title='bbox 2061 5501 2361 5565; x_wconf 81' lang='grc' dir='ltr'><strong>κοινωνεῖν,</strong></span> <span class='ocrx_word' id='word_1_861' title='bbox 2389 5500 2417 5551; x_wconf 84' lang='grc' dir='ltr'>ὁ</span> <span class='ocrx_word' id='word_1_862' title='bbox 2446 5498 2503 5551; x_wconf 73' lang='grc' dir='ltr'><strong>δι</strong></span> <span class='ocrx_word' id='word_1_863' title='bbox 2547 5497 2672 5559; x_wconf 73' lang='grc' dir='ltr'><strong>Υἱὸς</strong></span> <span class='ocrx_word' id='word_1_864' title='bbox 2721 5498 2815 5550; x_wconf 74' lang='grc' dir='ltr'><strong>καὶ</strong></span> <span class='ocrx_word' id='word_1_865' title='bbox 2877 5496 3044 5562; x_wconf 77' lang='grc' dir='ltr'><strong>μάλα,</strong></span> <span class='ocrx_word' id='word_1_866' title='bbox 3100 5491 3290 5560; x_wconf 76' lang='grc' dir='ltr'><strong>ιπειδὴ</strong></span> <span class='ocrx_word' id='word_1_867' title='bbox 3332 5492 3435 5544; x_wconf 79' lang='grc' dir='ltr'><strong>οὐκ</strong></span> <span class='ocrx_word' id='word_1_868' title='bbox 3483 5490 3640 5543; x_wconf 70' lang='lat' dir='ltr'><strong>tivu-</strong></span> 
     </span>
    </p>
   </div>
   <div class='ocr_carea' id='block_1_117' title="bbox 2061 5582 3642 5661">
    <p class='ocr_par' dir='ltr' id='par_1_117' title="bbox 2061 5582 3642 5661">
     <span class='ocr_line' id='line_1_117' title="bbox 2061 5582 3642 5661; baseline -0.008 -14"><span class='ocrx_word' id='word_1_869' title='bbox 2061 5595 2252 5647; x_wconf 85' lang='grc' dir='ltr'><strong>πίπτει</strong></span> <span class='ocrx_word' id='word_1_870' title='bbox 2296 5590 2377 5661; x_wconf 80' lang='grc' dir='ltr'><strong>τῷ</strong></span> <span class='ocrx_word' id='word_1_871' title='bbox 2419 5590 2563 5659; x_wconf 81' lang='grc' dir='ltr'><strong>λόγῳ</strong></span> <span class='ocrx_word' id='word_1_872' title='bbox 2609 5588 2799 5643; x_wconf 81' lang='grc' dir='ltr'><strong>αὑτοῦ.</strong></span> <span class='ocrx_word' id='word_1_873' title='bbox 2831 5588 3057 5641; x_wconf 78' lang='grc' dir='ltr'><strong>Πάντων</strong></span> <span class='ocrx_word' id='word_1_874' title='bbox 3088 5586 3197 5655; x_wconf 75' lang='grc' dir='ltr'><strong>γὰρ</strong></span> <span class='ocrx_word' id='word_1_875' title='bbox 3230 5584 3340 5638; x_wconf 81' lang='grc' dir='ltr'><strong>τῶν</strong></span> <span class='ocrx_word' id='word_1_876' title='bbox 3371 5582 3447 5653; x_wconf 73' lang='grc' dir='ltr'><strong>μὴ</strong></span> <span class='ocrx_word' id='word_1_877' title='bbox 3485 5583 3642 5637; x_wconf 78' lang='grc' dir='ltr'><strong>ἀντι-</strong></span> 
     </span>
    </p>
   </div>
   <div class='ocr_carea' id='block_1_118' title="bbox 2063 5675 3642 5752">
    <p class='ocr_par' dir='ltr' id='par_1_118' title="bbox 2063 5675 3642 5752">
     <span class='ocr_line' id='line_1_118' title="bbox 2063 5675 3642 5752; baseline -0.008 -12"><span class='ocrx_word' id='word_1_878' title='bbox 2063 5686 2373 5742; x_wconf 83' lang='grc' dir='ltr'><strong>πιπτόντων</strong></span> <span class='ocrx_word' id='word_1_879' title='bbox 2405 5683 2483 5752; x_wconf 81' lang='grc' dir='ltr'>τῷ</span> <span class='ocrx_word' id='word_1_880' title='bbox 2523 5683 2668 5751; x_wconf 80' lang='grc' dir='ltr'><strong>λόγῳ</strong></span> <span class='ocrx_word' id='word_1_881' title='bbox 2717 5680 2815 5749; x_wconf 75' lang='grc' dir='ltr'><strong>τῆς</strong></span> <span class='ocrx_word' id='word_1_882' title='bbox 2859 5679 3121 5750; x_wconf 75' lang='grc' dir='ltr'><strong>ἰδιότητος</strong></span> <span class='ocrx_word' id='word_1_883' title='bbox 3173 5677 3355 5732; x_wconf 81' lang='grc' dir='ltr'><strong>αὐτῶν</strong></span> <span class='ocrx_word' id='word_1_884' title='bbox 3402 5675 3642 5729; x_wconf 65' lang='lat' dir='ltr'><strong>lanatos</strong></span> 
     </span>
    </p>
   </div>
   <div class='ocr_carea' id='block_1_119' title="bbox 2063 5764 3639 5847">
    <p class='ocr_par' dir='ltr' id='par_1_119' title="bbox 2063 5764 3639 5847">
     <span class='ocr_line' id='line_1_119' title="bbox 2063 5764 3639 5847; baseline -0.011 -11"><span class='ocrx_word' id='word_1_885' title='bbox 2063 5780 2169 5835; x_wconf 81' lang='grc' dir='ltr'><strong>τῶν</strong></span> <span class='ocrx_word' id='word_1_886' title='bbox 2198 5778 2356 5832; x_wconf 78' lang='grc' dir='ltr'><strong>θείων</strong></span> <span class='ocrx_word' id='word_1_887' title='bbox 2392 5775 2699 5847; x_wconf 71' lang='grc' dir='ltr'><strong>προσώπων</strong></span> <span class='ocrx_word' id='word_1_888' title='bbox 2744 5774 2978 5843; x_wconf 70' lang='grc' dir='ltr'><strong>μετέχει,</strong></span> <span class='ocrx_word' id='word_1_889' title='bbox 3019 5772 3110 5826; x_wconf 73' lang='grc' dir='ltr'><strong>καὶ</strong></span> <span class='ocrx_word' id='word_1_890' title='bbox 3156 5770 3331 5824; x_wconf 65' lang='grc' dir='ltr'><strong>πάντα</strong></span> <span class='ocrx_word' id='word_1_891' title='bbox 3376 5766 3488 5837; x_wconf 74' lang='grc' dir='ltr'><strong>ἔχει</strong></span> <span class='ocrx_word' id='word_1_892' title='bbox 3526 5764 3639 5819; x_wconf 73' lang='grc' dir='ltr'><strong>τῶν</strong></span> 
     </span>
    </p>
   </div>
  </div>
