3966 6218
332 328 441 401 313
1422 323 1860 386 REFUTATIO
1900 325 2082 384 max.
2121 309 2515 385 PLANUDJZ.
3468 312 3573 391 διε

328 440 424 497 δύο
454 439 741 510 ἑκάτερον,
770 440 873 493 ὅσα
903 440 928 492 ὸ
961 435 1174 507 Πατὴρ,
1208 434 1345 506 πλὴν
1372 434 1480 488 τῶν
1502 432 1899 503 ἁντικειμὲνων

2017 433 2147 486 tiam
2188 447 2300 486 non
2344 431 2644 502 opponitur
2689 434 2807 504 ejus
2844 433 3066 490 ratidni.
3108 434 3364 491 Omnium
3417 453 3568 492 cnam

330 516 494 602 αὐτῷ,
526 530 607 594 ὡς
646 530 885 602 εἴρηται.
932 531 1086 583 Ἐπεὶ
1115 527 1207 582 οὖν
1237 530 1266 581 6
1293 528 1480 598 Πατὴρ
1527 526 1643 597 εχει
1670 525 1731 580 τδ
1768 542 1899 594 προ-

2017 539 2133 594 quae
2160 538 2267 578 non
2290 534 2645 593 opponuntur
2679 527 2873 580 rationi
2909 526 3264 596 proprietatis
3294 528 3571 598 ipsorum,

333 625 550 679 ϐάλλειν
577 625 640 676 τὸ
670 624 895 691 Πνεῦμα
932 620 994 673 τὸ
1022 621 1200 687 ἅγιον,
1227 618 1387 672 τοῦτο
1427 618 1484 672 δὲ
1512 618 1588 688 τῷ
1626 618 1719 670 τοῦ
1772 616 1898 670 Υἱοῦ

2017 629 2353 683 unaquaeque
2383 617 2570 671 divina
2598 632 2838 687 persona
2874 619 3153 688 particeps
3175 626 3280 683 est,
3300 629 3357 673 et
3387 618 3593 673 cinnia'

334 712 477 782 λόγῳ
503 712 604 763 οὐκ
645 710 1006 771 ἐναντιοῦται,
1043 710 1099 761 ὲν
1131 708 1208 776 τῷ
1242 707 1436 776 γεννᾲν
1467 707 1633 760 αὑτὸν
1671 702 1902 760 δέδωκεν

2017 707 2172 761 liabet
2209 717 2444 774 utraque
2492 723 2751 777 persona,
2813 724 2934 779 qua:
2991 710 3158 763 habet
3192 710 3374 771 Pater.
3410 725 3571 766 exce-

336 802 484 870 αὑτῷ
506 803 566 854 τδ
589 803 648 867 ἐξ
679 801 845 855 αὐτοῦ
878 799 1128 868 προϊέναι
1153 799 1213 852 τὸ
1245 796 1469 867 Πνεῦμα
1503 796 1564 848 τὸ
1595 795 1769 864 ἄτιον,
1807 796 1904 849 καὶ

2017 799 2136 865 ptis,
2172 814 2293 866 qtne
2322 799 2422 867 ipsi
2458 812 2832 867 opponuntur,
2859 800 3141 854 utdicttnn
3173 810 3275 855 est.
3303 801 3574 867 Quoniam

336 893 397 956 ἐξ
423 894 750 961 ἀμφοτέρων
792 891 867 955 ὡς
900 890 1008 943 ἀπὸ
1057 889 1174 951 ἑνὸς
1218 886 1354 941 Θεοῦ
1401 887 1495 940 καὶ
1552 889 1682 956 μιᾶς
1724 887 1905 955 πηγῆς

2017 889 2178 956 igitur
2219 889 2380 942 Pater
2428 891 2596 944 habet
2652 893 2956 959 producere
2998 890 3266 960 Spiritum
3297 904 3572 958 sanctum,

335 988 431 1038 καὶ
459 987 633 1055 ἀρχῆς
665 983 1086 1055 ἐκπορεύεσθαι.

2017 979 2121 1033 hoc
2152 995 2285 1034 vero
2334 980 2538 1034 rationi
2569 981 2692 1035 Filii
2732 997 2843 1037 non
2873 981 3220 1048 adversatur,
3246 984 3376 1037 dum
3408 999 3578 1055 gene-

337 1085 416 1132 rat
452 1091 602 1141 eum,
630 1075 726 1130 dat
776 1074 876 1144 ipsi
922 1081 980 1128 ut
1008 1088 1078 1128 ex
1139 1071 1259 1141 ipso
1295 1067 1675 1141 proﬁciscatur
1715 1067 1955 1139 Spiritus
2002 1075 2251 1134 sanctus,
2290 1077 2347 1123 et
2372 1083 2437 1122 ea
2480 1067 2748 1124 ambobus
2782 1078 3035 1140 tanquam
3062 1070 3132 1125 ab
3181 1087 3290 1127 uno
3351 1073 3484 1138 Deo,
3519 1082 3577 1127 et

339 1184 446 1224 uno
480 1168 636 1223 fonte
664 1177 722 1222 et
744 1164 1017 1235 principio
1058 1162 1338 1236 procedat.
1691 1218 1700 1232 ,

1583 1254 1873 1326 Responsio
1903 1252 2048 1307 Petri
2086 1254 2324 1307 Arcadii.

403 1377 699 1434 Possemus
732 1376 898 1431 etiam
940 1383 1065 1430 eum
1106 1375 1412 1444 Augustino
1446 1378 1615 1427 serm.
1646 1387 1685 1426 ιι
1730 1372 1807 1425 De
1853 1370 2039 1425 verbis
2078 1371 2293 1426 Domini
2338 1372 2469 1426 tom.
2502 1370 2568 1435 Χ,
2604 1388 2655 1427 c.
2686 1366 2777 1437 2t),
2819 1374 2874 1427 in
2913 1372 3019 1429 (ine
3041 1374 3396 1445 respondere.
3445 1372 3573 1433 Ideo

337 1469 573 1522 societas
599 1467 828 1521 unitatis
848 1465 1107 1521 Ecclesia:
1134 1466 1252 1528 Dei,
1278 1477 1429 1517 extra
1457 1479 1619 1533 quam
1655 1476 1766 1516 non
1801 1461 1859 1513 lit
1887 1462 2005 1531 ipsa
2044 1461 2297 1517 remissio
2334 1473 2708 1532 peccatorum,
2738 1474 2992 1534 tanquam
3025 1469 3306 1536 proprium
3328 1476 3414 1522 est
3439 1484 3577 1539 Opus

337 1559 581 1627 Spiritus
601 1560 798 1623 sancti,
839 1558 1000 1613 Patre
1020 1572 1151 1612 sane
1180 1565 1236 1611 et
1282 1556 1420 1611 Filio
1467 1555 1929 1625 eooperantibus;
1962 1554 2107 1625 ,quia
2130 1556 2361 1611 societas
2402 1568 2486 1613 est
2532 1558 2933 1629 quodammodo
2977 1559 3154 1613 Patris
3200 1570 3256 1614 et
3296 1561 3418 1615 Filii
3456 1563 3576 1631 ipse

337 1653 581 1723 Spiritus
617 1662 858 1707 sanctus.
882 1651 1019 1707 Nam
1044 1652 1207 1706 Pater
1236 1667 1343 1704 non
1377 1649 1750 1704 communiter
1779 1649 2014 1702 habetur
2038 1648 2203 1701 Pater
2231 1666 2261 1702 a
2290 1651 2429 1704 Filio
2466 1662 2519 1705 et
2548 1651 2757 1721 Spiritu
2798 1662 3013 1716 sancto,
3045 1654 3173 1722 quia
3202 1669 3309 1708 non
3343 1667 3429 1709 est
3466 1655 3575 1709 Pa-

341 1755 424 1800 ter
451 1743 758 1798 amborum.
793 1744 861 1797 Et
882 1742 1052 1798 Filius
1082 1759 1191 1799 non
1215 1744 1583 1798 communiter
1604 1742 1839 1796 habetur
1867 1739 2040 1795 Filius
2070 1756 2099 1794 a
2125 1738 2283 1794 Patre
2303 1751 2358 1795 et
2384 1740 2591 1811 Spiritu
2624 1752 2833 1809 sancto,
2859 1745 2986 1811 quia
3012 1760 3119 1800 non
3154 1759 3238 1801 est
3263 1749 3432 1802 Filius
3466 1764 3582 1802 am-

337 1835 562 1893 borum.
598 1836 842 1908 Spiritus
864 1851 1043 1893 autem
1075 1850 1301 1894 sanctus
1327 1838 1692 1894 communiter
1717 1837 1951 1891 habetur
1979 1850 2010 1889 a
2040 1828 2199 1889 Patre
2245 1845 2301 1891 et
2342 1830 2499 1901 Filio,
2523 1836 2650 1906 quia
2676 1839 2915 1908 Spiritus
2957 1849 3044 1893 est
3084 1855 3226 1897 unus
3262 1842 3577 1895 amborum.

584 1931 858 2000 Μαξίμου
896 1934 1313 2000 συλλογισμιές
1345 1930 1644 1998 δεύτερος.

2329 1928 2553 1982 Maximi
2597 1931 2931 2001 syllogismus
2985 1934 3259 1989 secundus.

410 2021 533 2074 Ἔτι
580 2021 615 2090 ἡ
651 2022 751 2092 μὲν
802 2023 967 2093 μονὰς
1002 2021 1332 2091 ταυτότητός
1376 2023 1525 2075 ἐστιν
1569 2022 1739 2086 αἰτία,
1778 2020 1811 2090 ἡ
1848 2018 1903 2072 δὲ

2079 2018 2351 2073 Praeterea
2396 2022 2582 2074 unitas
2643 2021 2863 2089 quidem
2916 2035 3082 2076 causa
3131 2032 3216 2077 est
3254 2022 3578 2089 identitat's,

338 2113 468 2175 δυὰς
517 2112 861 2182 ἑτερότητος.
894 2112 1056 2165 Ὅθεν
1102 2114 1130 2164 6
1159 2112 1287 2175 Υἱὸς
1337 2112 1433 2166 καὶ
1470 2112 1530 2164 τδ
1574 2110 1799 2179 Πνεῦμα
1843 2109 1903 2161 τὸ

2017 2107 2245 2164 dualitas
2269 2112 2401 2163 vero
2430 2109 2790 2166 dirui-sitatis.
2822 2110 3004 2177 Quare
3029 2111 3202 2166 Filius
3242 2123 3300 2166 et
3335 2114 3578 2183 Spiritus

338 2201 513 2269 ἅγιον,
544 2202 617 2264 ὡς
651 2202 752 2270 μὲν
784 2201 844 2265 ἐξ
870 2201 987 2263 ἑνὸς
1021 2200 1114 2254 τοῦ
1145 2202 1356 2273 Πατρὺς
1396 2201 1547 2266 ὄντα,
1579 2201 1773 2254 ταυτὸν
1801 2198 1902 2270 τῆς

2017 2208 2236 2254 sanctus
2263 2200 2334 2254 ab
2367 2216 2477 2255 uno
2504 2201 2662 2254 l’atre
2688 2204 3041 2266 exsisteutes,
3091 2204 3433 2259 identilatem
3474 2219 3577 2257 na-

339 2293 557 2360 φὺσεως
601 2290 854 2359 ἀλλήλοις
900 2294 994 2344 καὶ
1021 2293 1098 2361 τῷ
1143 2294 1320 2362 Πατρὶ
1356 2291 1589 2361 ἔχουσιν
1621 2291 1695 2354 ὡς
1725 2289 1782 2343 δὲ
1807 2289 1903 2342 δύο

2017 2303 2141 2345 tum
2175 2291 2242 2344 ad
2268 2291 2502 2345 invicem
2526 2300 2580 2344 et
2606 2307 2729 2345 cum
2765 2292 2926 2347 Patre
2950 2293 3177 2346 habent.
3212 2294 3281 2348 Ut
3303 2309 3435 2348 vero
3454 2310 3578 2347 rur—

339 2385 505 2437 xaltv
532 2383 681 2448 οντα,
706 2383 872 2452 ἕτερά
895 2384 1041 2437 ἐστιν
1068 2383 1317 2454 ἀλλήλοις
1348 2386 1441 2436 καὶ
1462 2382 1539 2452 τῷ
1567 2382 1742 2450 Πατρὶ
1767 2381 1908 2434 κατὰ

340 2476 436 2538 τὰς
474 2475 820 2539 ὑποστάτεις,
865 2473 984 2527 ἀλλ’
1027 2475 1086 2526 οὺ
1135 2476 1233 2546 τὴν
1282 2473 1463 2543 φύσιν.
1500 2476 1576 2527 Οὐ
1626 2476 1735 2543 γὰρ
1781 2471 1907 2542 ἐνῆν

341 2568 515 2620 ταῦτὰ
546 2568 648 2637 τὴν
678 2567 841 2636 φύσιν
882 2567 1033 2633 ὄντα,
1067 2567 1164 2622 καὶ
1208 2567 1373 2637 ἔτερα
1417 2565 1580 2620 πάλιν
1624 2566 1766 2619 κατὰ
1812 2566 1908 2635 τὴν

342 2658 508 2727 φύσιν
542 2654 701 2712 εῖναι.
726 2658 790 2711 Εἰ
819 2659 920 2729 μὲν
947 2656 1041 2712 οὖν
1067 2661 1173 2730 ἄρα
1200 2657 1261 2722 ἐξ
1290 2659 1434 2724 ἑνὸς,
1458 2657 1707 2710 τουτέστι
1744 2655 1908 2726 μόνον

339 2751 439 2804 τοῦ
472 2750 687 2820 Πατρὸς
711 2755 803 2805 καὶ
828 2751 887 2804 τὸ
921 2749 1144 2817 Πνεῦμα
1169 2750 1514 2821 προέρχεται,
1548 2747 1606 2801 ἓν
1633 2749 1787 2799 ἔσται
1816 2744 1912 2799 καὶ

341 2839 547 2893 ταυτὸν
591 2839 722 2894 αὐτὸ
762 2840 960 2910 ἐαυτῷο
1005 2840 1133 2892 εἰδὲ
1165 2841 1228 2893 ὲκ
1260 2840 1372 2904 δύο,
1404 2839 1649 2892 τουτέστι
1698 2834 1909 2905 Πατρὸς

341 2934 438 2985 καὶ
475 2929 629 2997 Υἱοῦ,
658 2931 844 3000 ἕτερον
873 2930 1026 2983 ἔσται
1058 2930 1187 2984 αὐτὸ
1220 2931 1415 3001 ἑαυτῷ·
1447 2930 1521 2992 ὡς
1553 2930 1618 2983 ἂν
1645 2930 1772 2983 am
1809 2927 1910 2996 μὲν

342 3010 399 3077 ὃν
428 3022 494 3077 τὺ
525 3025 591 3076 ὲκ
614 3023 707 3076 τοῦ
742 3024 979 3095 Πατρὺς,
1011 3023 1139 3077 ἄλλο
1169 3022 1227 3076 δὲ
1264 3022 1324 3076 τὸ
1351 3024 1415 3076 ἐκ
1438 3022 1529 3076 τοῦ
1564 3020 1717 3074 Υἰοῦ.
1761 3018 1912 3072 Ἐπεὶ

344 3116 456 3185 γὰρ
485 3115 647 3178 ἄλλος
676 3118 776 3186 μὶν
803 3117 832 3169 ὁ
859 3116 1067 3187 Πατὴρ,
1090 3116 1246 3175 ἄλλος
1273 3114 1330 3168 δὲ
1350 3117 1379 3167 6
1408 3114 1556 3178 Υἱὸς,
1581 3113 1792 3180 ἀνάγκη
1817 3109 1912 3163 καὶ

351 3209 387 3259 ι·
392 3207 480 3261 ἰοῦ
512 3207 734 3279 Πνεῦμα
776 3209 903 3263 ἄλλο
935 3209 1027 3260 καὶ
1059 3207 1186 3264 ἀλλο
1217 3203 1378 3259 εἶναι·
1408 3205 1567 3257 τοῦτο
1600 3202 1656 3256 δὲ
1688 3202 1909 3255 ἄτοπον.

341 3300 406 3354 Εἰ
434 3301 497 3354 δὲ
533 3301 682 3368 λέγοι
707 3317 793 3364 τις
827 3300 939 3365 πῶς
973 3301 1033 3353 τὸ
1071 3299 1132 3364 ἰξ
1163 3300 1327 3354 ἄλλον
1357 3298 1454 3352 καὶ
1481 3296 1641 3350 ἄλλον
1670 3294 1764 3348 τοῦ
1803 3308 1910 3347 πα-

339 3395 474 3464 τρὸς
501 3394 594 3447 καὶ
618 3394 713 3464 τῆς
738 3395 947 3464 μητρὸς
977 3393 1166 3449 τέκνον
1188 3391 1289 3445 οὐκ
1309 3391 1440 3446 ἄλλο
1465 3390 1557 3444 καὶ
1588 3387 1715 3441 ἄλλο
1743 3386 1912 3449 ἐστὶν,

341 3485 463 3538 ἀλλ’
499 3484 593 3551 ἒνς
646 3485 879 3556 ἐροῦμεν
928 3486 1010 3539 ὅτι
1055 3486 1154 3555 οὐχ
1201 3484 1390 3547 ἁπλῶς
1440 3484 1588 3536 ἐστιν
1634 3481 1714 3546 ἓν,
1778 3477 1916 3532 ἀλλὰ.

2006 2396 2100 2436 sus
2125 2382 2237 2436 duo
2270 2389 2421 2444 sunt,
2446 2380 2679 2436 diverse
2708 2390 2838 2435 sunt
2875 2383 2943 2436 ad
2981 2381 3216 2437 invicem
3238 2394 3294 2438 et
3321 2400 3444 2438 cum
3478 2385 3577 2437 Pa-

2009 2482 2091 2526 tre
2122 2474 2425 2528 secundum
2456 2473 2803 2544 hypostases.
2830 2489 2941 2528 non
2968 2477 3271 2530 secundum
3298 2486 3574 2530 naturam.

2006 2563 2123 2619 Non
2144 2566 2529 2631 enimlicebat,
2558 2582 2681 2622 cum
2715 2568 2909 2623 eadem
2945 2576 3141 2622 natura
3168 2579 3374 2634 essent,
3407 2569 3576 2627 etiam

2008 2654 2113 2708 alia
2140 2670 2359 2710 rursum
2389 2657 2695 2712 secundum
2749 2667 3002 2714 naturain
3060 2674 3204 2714 esse.
3235 2659 3293 2714 Si
3318 2661 3482 2732 igitur
3509 2676 3579 2715 ex

2009 2758 2120 2798 uno
2152 2744 2367 2800 scilicet
2406 2747 2525 2801 solo
2555 2745 2716 2802 Patre
2746 2748 2984 2816 Spiritus
3014 2736 3401 2818 proﬁciscitur,
3437 2766 3580 2805 unus

2007 2836 2115 2889 erit
2142 2845 2197 2890 et
2228 2836 2370 2891 idem
2393 2838 2508 2906 ipse
2542 2840 2673 2893 sibi.
2701 2840 2796 2893 Sin
2827 2855 2893 2894 ex
2921 2840 3159 2907 duobus,
3190 2840 3348 2895 Patre
3371 2843 3581 2897 scilicet

2008 2937 2065 2983 et
2090 2927 2247 2995 Filio,
2274 2930 2535 2985 aliuserit
2558 2931 2671 3000 ipse
2698 2932 2849 2997 sibi;
2885 2941 3144 3001 tanquam
3170 2933 3264 3003 qui
3284 2934 3427 2988 alius
3455 2936 3581 3003 qui-

2011 3019 2134 3073 dem
2165 3019 2238 3074 sit
2273 3036 2340 3075 ex
2374 3021 2555 3082 Patre.
2586 3024 2727 3077 alius
2757 3039 2888 3077 vero
2922 3023 2994 3078 sit
3020 3040 3084 3078 ex
3121 3024 3277 3079 Filio.
3309 3023 3580 3091 Quoniam

2012 3107 2157 3161 enim
2177 3109 2319 3163 alius
2341 3119 2426 3162 est
2456 3109 2639 3173 Pater,
2662 3110 2800 3164 alius
2823 3110 3015 3174 Filius,
3049 3116 3362 3169 necessario
3375 3125 3431 3168 et
3460 3113 3581 3184 Spi-

2015 3196 2156 3253 ritus
2186 3197 2307 3252 Filii
2327 3198 2468 3252 alius
2494 3210 2550 3253 et
2579 3200 2720 3256 alios
2742 3201 2919 3266 sit;id
2952 3217 3087 3257 vero
3122 3206 3420 3259 absurdum
3476 3217 3580 3261 cst.

2013 3288 2169 3355 Quod
2200 3288 2247 3355 si
2271 3289 2472 3344 dixerit
2513 3292 2734 3362 aliquis.
2778 3295 3055 3362 quomodo
3089 3296 3183 3364 qui
3239 3314 3306 3352 ex
3346 3308 3500 3366 patre
3526 3310 3584 3353 et

2015 3391 2190 3437 matre
2239 3383 2404 3448 lilius,
2451 3400 2559 3438 non
2607 3386 2749 3439 alius
2789 3398 2846 3440 et
2893 3387 3035 3441 alius
3085 3399 3210 3451 est,
3262 3391 3359 3444 sed
3416 3406 3581 3455 unus,

2017 3478 2432 3541 respondemus,
2479 3476 2625 3545 quod
2665 3491 2773 3531 non
2816 3477 3138 3547 simpliciter
3164 3488 3248 3534 est
3289 3496 3451 3543 unus,
3485 3484 3580 3534 sui

342 3574 615 3630 σύνθετον
644 3575 708 3630 ἐκ
741 3575 920 3653 τετοῦ
976 3576 1292 3644 σπέρματος
1321 3571 1414 3626 τοῦ
1444 3570 1648 3641 πατρὸς
1678 3569 1773 3623 καὶ
1801 3568 1909 3621 τῶν

2017 3566 2356 3635 compositus
2379 3582 2444 3620 ex
2466 3568 2676 3627 semine
2699 3569 2870 3633 patris
2911 3581 2967 3624 et
2988 3571 3346 3641 sanguintbus
3374 3572 3581 3627 matris.

338 3670 604 3740 αἱμάτων
635 3668 734 3737 τῆς
767 3668 995 3741 μητρός.

822 3775 1153 3853 Ἀπόκρισις
1188 3781 1455 3851 δευτέρα.

412 3878 677 3948 Εἴρηται,
713 3879 797 3930 ὅτι
891 3877 1055 3947 μονὰς
1083 3877 1179 3929 καὶ
1203 3876 1332 3938 Θεὸς
1356 3871 1437 3938 εἷς
1470 3878 1500 3928 ὁ
1546 3876 1732 3947 Πατὴρ
1762 3874 1856 3930 καὶ
1885 3874 1914 3927 6

341 3971 504 4036 Υἱὸς,
540 3971 634 4023 καὶ
674 3970 734 4024 τὸ
765 3969 991 4039 Πνεῦμα
1034 3968 1360 4039 προάγουσν
1392 3969 1485 4021 καὶ
1515 3969 1603 4022 διὰ
1644 3968 1800 4021 τοῦτο
1849 3969 1914 4020 οὐ

338 4059 572 4113 δύναται
620 4059 715 4112 καὶ
758 4058 954 4133 ταντὸν
995 4057 1192 4110 ἑαυτοῦ
1242 4061 1336 4111 καὶ
1388 4056 1573 4127 ἓτερον
1611 4056 1810 4111 ἑαυτοῦ
1853 4055 1916 4109 τδ

343 4152 580 4220 Πνεῦμα
605 4150 668 4203 τὺ
696 4149 873 4220 ἅγιον,
895 4149 1032 4203 ἀλλὰ
1057 4150 1291 4220 ἀνάγκη,
1319 4149 1521 4218 μᾶλλον
1549 4144 1692 4203 εἶναι
1720 4149 1915 4203 ταυτὸν

339 4241 557 4310 ἑαυτῷ,
586 4241 676 4295 διὰ
701 4241 763 4294 τὸ
800 4228 1047 4312 προϊέναι
1085 4242 1149 4294 ἐκ
1186 4242 1389 4294 τούτων
1439 4240 1516 4304 ὡς
1565 4223 1912 4310 ἐκμονάδος.

339 4334 420 4387 T6
461 4335 573 4402 γὰρ
605 4332 792 4403 ἕτερον
824 4333 1040 4397 ἑαυτοῦ,
1090 4337 1185 4386 καὶ
1220 4331 1471 4386 σύνθετον
1505 4333 1915 4402 ὑπολαμὸάνιιν

338 4429 406 4480 τὸ
440 4426 669 4496 Πνεῦμα
709 4428 772 4478 τὸ
799 4425 976 4495 ἅγιον,
1008 4425 1096 4479 διὰ
1124 4426 1183 4480 τὸ
1211 4425 1340 4479 ἄλλο
1379 4426 1480 4495 μὲν
1526 4426 1635 4478 δεῖν
1668 4424 1805 4480 εἶναι
1855 4428 1916 4480 τὸ

338 4523 407 4571 ἐκ
440 4520 684 4586 Πατρὸς,
719 4504 849 4570 ἄλλο
881 4517 938 4570 δὲ
984 4519 1043 4570 τὺ
1077 4518 1135 4583 ἐξ
1165 4516 1318 4582 Υἱοῦ,
1349 4516 1456 4570 τῶν
1486 4518 1628 4571 πάνυ
1674 4534 1917 4583 σωματιο

342 4606 462 4661 κῶν
498 4608 647 4659 ἐστιν
672 4607 891 4673 ἐννοεῖν,
925 4607 1018 4661 καὶ
1046 4607 1164 4661 λίαν
1191 4608 1387 4669 ὑλικῶς
1419 4625 1477 4661 τε
1505 4608 1598 4659 καὶ
1637 4608 1917 4678 σαρκικῶς

338 4701 412 4753 τὰ
437 4701 621 4753 ἐκεῖσε
658 4699 978 4754 νοσούντων.
1010 4699 1086 4754 Οὐ
1127 4700 1235 4771 γὰρ
1281 4697 1453 4763 οὕτως
1491 4701 1525 4771 ἡ
1566 4699 1663 4752 τοῦ
1706 4700 1917 4771 Πατρὸς

342 4795 605 4866 ἐνέργεια
635 4792 736 4863 τῆς
764 4793 858 4846 τοῦ
883 4792 1010 4846 Υἱοῦ
1040 4793 1474 4863 ἀπεσχοινισται,
1511 4792 1585 4855 ὥς
1624 4794 1656 4862 η
1680 4791 1786 4862 ἐμὴ
1815 4790 1915 4859 τῆς

344 4886 473 4956 σῆςο
503 4884 613 4936 οὐδ’
653 4882 826 4947 οὕτως
860 4882 1020 4947 ἀλλος
1054 4885 1148 4935 καὶ
1176 4883 1334 4945 ἄλλος
1364 4884 1524 4947 εἰσὶν,
1562 4884 1639 4947 ὡς
1668 4882 1779 4951 ἐγὼ
1822 4884 1915 4936 καὶ
1945 4910 1994 4967 D

342 4975 437 5028 σύ.
485 4974 624 5028 Τότε
678 4976 786 5044 γὰρ
836 4974 901 5027 ἂν
951 4971 1112 5043 μόνον
1142 4967 1254 5040 εἶχε
1305 4973 1487 5044 χώραν
1515 4975 1548 5042 η
1584 4974 1639 5024 ὲν
1671 4972 1748 5043 τῷ
1783 4973 1919 5026 ἀπο-

336 5066 651 5132 τελέσματι
684 5063 955 5125 σύνθεσιςσ
987 5065 1034 5114 ei
1064 5062 1172 5131 γὰρ
1203 5064 1296 5115 καὶ
1316 5062 1474 5125 ἄλλος
1501 5067 1594 5116 καὶ
1622 5062 1780 5126 ἄλλος
1805 5065 1917 5127 τοῖς

344 5159 675 5229 προσώποις
711 5158 866 5223 εἰσὶν,
897 5155 1015 5210 ἀλλ’
1042 5156 1196 5209 οὐδὲν
1233 5151 1394 5229 ἦττον
1424 5149 1504 5219 εἷς
1550 5157 1646 5209 καὶ
1680 5159 1707 5208 ὁ
1753 5157 1916 5219 αὐτός

339 5253 462 5305 εἰσὶ
500 5255 568 5322 τῇ
606 5251 847 5318 Θεότητι,
892 5248 987 5301 καὶ
1029 5244 1109 5312 εἷς
1150 5247 1392 5318 ἀριθμῷ,
1423 5247 1499 5310 ὡς
1547 5245 1687 5301 εἶναι
1739 5248 1919 5302 αὐτῶν

337 5344 447 5395 καὶ
476 5344 606 5413 μίαν
634 5340 711 5411 τῷ
760 5341 980 5412 ἀριθμῷ
1008 5342 1111 5410 τὴν
1137 5341 1441 5411 ἐνέργειαν.
1469 5331 1571 5393 Ὧν
1600 5340 1655 5393 δὲ
1688 5340 1721 5411 ἡ
1770 5342 1923 5412 ὲνέρο

338 5452 482 5503 γεια
537 5434 659 5503 μία,
709 5434 829 5496 πῶς
874 5432 936 5485 οὐ
991 5433 1083 5485 καὶ
1132 5431 1193 5484 τὸ
1235 5433 1298 5485 ὲκ
1346 5431 1547 5501 ταύτης
1599 5428 1660 5485 ἓν
1708 5430 1775 5484 ἂν
1827 5430 1922 5484 καὶ

339 5525 564 5580 ἁπλοῦν
590 5526 703 5594 εἴη,
733 5525 829 5578 καὶ
857 5524 1033 5595 πάντη
1073 5522 1393 5588 ἀσύνθετον,
1434 5522 1527 5578 καὶ
1573 5522 1634 5586 ἐξ
1673 5521 1924 5594 ἀνάγκης

338 5618 552 5674 ταυτὸν
584 5616 766 5688 ἑαυτῷ
782 5634 800 5683 ;

2523 3764 2805 3836 Responsio
2823 3767 3075 3821 secunda.

2042 3892 2047 3895 -
2092 3854 2310 3912 Dictum
2345 3864 2429 3911 est
2459 3858 2627 3926 quod,
2657 3870 2930 3924 quatenus
2961 3860 3162 3925 unitas,
3186 3870 3243 3914 et
3266 3860 3411 3916 Deus
3441 3876 3583 3915 unus

2015 3957 2121 4015 est,
2156 3949 2314 4003 Pater
2338 3957 2394 4001 et
2424 3947 2593 4001 Filius
2640 3950 2953 4018 producunt
2983 3950 3251 4020 Spiritum
3285 3934 3535 4009 sanctum
3567 3972 3581 4018 ;

2015 4051 2072 4096 et
2106 4050 2396 4111 propterea
2429 4056 2541 4095 non
2584 4050 2765 4110 potest
2795 4042 3036 4112 Spiritus
3077 4055 3321 4110 sanctus,
3354 4057 3412 4101 et
3443 4047 3588 4101 idem

2018 4133 2148 4199 sibi,
2176 4144 2235 4189 et
2271 4133 2415 4188 alius
2459 4148 2602 4200 esse,
2639 4135 2733 4190 sed
2766 4135 2937 4204 magis
2964 4150 3188 4190 necesse
3218 4147 3303 4191 est
3349 4150 3408 4192 ut
3441 4139 3584 4193 idem

2019 4227 2092 4282 sit
2123 4227 2255 4292 sibi,
2278 4242 2347 4300 eo
2374 4225 2521 4296 quod
2545 4228 2614 4281 ab
2634 4227 2767 4297 ipsis
2798 4238 3056 4298 tanquam
3085 4244 3153 4284 ex
3196 4230 3430 4285 monade
3459 4246 3586 4300 pro-

2019 4318 2191 4375 cedit.
2220 4297 2551 4374 Existimare
2580 4320 2724 4373 enim
2762 4297 3029 4388 Spiritum
3076 4333 3325 4376 sanctum
3356 4297 3523 4377 alin—tn
3554 4340 3584 4377 a

2019 4426 2078 4466 se
2106 4420 2162 4466 et
2188 4413 2574 4479 compositum,
2602 4426 2670 4466 eo
2701 4412 2846 4480 quod
2871 4412 3013 4465 alius
3051 4422 3304 4481 oporteat
3333 4428 3473 4478 esse,
3519 4430 3586 4467 ex

2020 4503 2202 4567 Patre,
2243 4503 2382 4557 alius
2424 4518 2491 4556 ex
2518 4502 2700 4568 ,Filio,
2749 4511 2833 4556 est
2870 4502 3174 4569 hominum,
3214 4504 3307 4573 qui
3345 4505 3586 4575 cogitant

2020 4609 2108 4649 res
2142 4594 2296 4648 valde
2342 4594 2678 4663 corporales,
2727 4601 2784 4648 et
2825 4594 3121 4648 admodum
3170 4587 3488 4673 .materiales
3532 4608 3587 4650 ct

2020 4685 2289 4751 carnales,
2350 4686 2553 4757 quique
2594 4685 2740 4740 circa
2793 4696 2883 4741 res
2913 4687 3163 4741 caelestes
3211 4687 3507 4758 desipiunt.
3535 4698 3590 4741 et

2021 4778 2159 4833 vitio
2184 4778 2461 4832 laborant.
2493 4777 2612 4832 Non
2644 4779 2791 4832 enim
2818 4771 2998 4833 Patris
3026 4781 3275 4849 operatio
3300 4780 3373 4832 ita
3396 4778 3592 4832 dividi-

2022 4876 2111 4927 tur
2140 4870 2208 4926 ab
2239 4870 2557 4940 operatione
2578 4870 2723 4935 Filii,
2752 4868 3215 4940 quemadmodum
3244 4886 3275 4925 a
3310 4881 3399 4924 tua
3435 4886 3549 4923 mea
3573 4885 3590 4934 ;

2021 4957 2202 5033 neque
2234 4961 2307 5016 ita
2337 4970 2468 5016 sunt
2515 4962 2657 5016 alius
2684 4963 2947 5028 etalius,
2991 4971 3052 5016 ut
3088 4977 3190 5032 ego
3219 4970 3276 5016 et
3322 4972 3376 5016 tu
3411 4978 3426 5014 :
3462 4970 3593 5013 tunc

2024 5056 2171 5110 enim
2205 5056 2379 5110 solum
2402 5055 2582 5108 locum
2603 5054 2832 5108 haberet
2853 5054 3178 5123 compositio
3200 5054 3255 5108 in
3281 5051 3592 5108 eﬂ'ectibus.

2025 5139 2287 5208 Quamvis
2320 5145 2464 5199 enim
2492 5143 2635 5198 alius
2662 5153 2718 5198 et
2749 5145 2893 5198 alius
2929 5144 3041 5197 sint
3076 5144 3346 5213 personis,
3384 5143 3477 5196 sed
3509 5145 3595 5194 ni:

2027 5236 2328 5291 bileminus
2367 5250 2508 5289 unus
2561 5245 2618 5289 ct
2648 5234 2791 5289 idem
2832 5243 2963 5289 sunt
2987 5234 3208 5299 deitate,
3239 5243 3294 5289 et
3324 5248 3467 5288 unus
3497 5236 3594 5286 nu-

2025 5334 2203 5389 mero,
2241 5326 2380 5381 adeo
2431 5337 2491 5380 ut
2519 5327 2687 5380 etiam
2733 5340 2925 5381 eorum
2953 5326 3202 5396 Operatio
3251 5341 3356 5380 una
3387 5326 3459 5380 sit
3492 5339 3594 5378 ηιμ

2025 5433 2202 5473 mero.
2239 5419 2483 5484 Quorum
2517 5428 2698 5471 autem
2742 5419 2984 5488 operatio
3029 5435 3131 5473 una
3160 5430 3267 5483 est,
3317 5420 3596 5489 quomodo

2025 5498 2169 5579 quod
2199 5524 2266 5564 ex
2297 5510 2411 5578 ipsa
2453 5509 2709 5573 eiiicitur,
2756 5525 2865 5563 non
2898 5511 2969 5564 sit
3017 5524 3183 5564 unum
3241 5520 3297 5563 et
3342 5509 3593 5577 simplex,

2024 5610 2080 5656 et
2132 5601 2355 5655 omnino
2412 5601 2829 5670 eunipositionis
2878 5616 3113 5672 expers,
3169 5598 3599 5673 necessarioque

2026 5692 2129 5749 sibi
2169 5693 2349 5748 idem?
