3966 6218
342 308 447 375 317

1424 305 1864 371 REFUTATIO
1901 303 2082 367 ΜΛΧ.
2124 305 2524 368 ΡΙΑΝΠΠᾹΞ.

3487 283 3591 369 318

339 429 424 480 λιν
456 425 640 496 μείνας
669 423 874 488 οἰσίας.
918 423 1195 478 Ἐντεῦθεν
1215 426 1306 478 καὶ
1334 425 1382 476 oi
1415 426 1634 478 Λατῖνοι
1661 424 1909 494 ἐλέγχον-

2019 425 2196 478 turam
2222 425 2516 482 humanam
2543 427 2861 496 assumpsit,
2886 442 3080 482 rursus
3120 428 3174 482 in
3227 428 3416 484 eadem
3449 430 3588 484 sub-

338 537 429 573 ται
456 519 585 589 περὶ
616 519 713 586 τῆς
742 518 839 571 τοῦ
866 517 1022 585 ἁγίου
1059 517 1376 587 Πνεύματος
1406 517 1781 587 ὲι;πορεύσεως
1811 519 1909 571 οὐκ

338 611 602 679 ἀσφαλῶς
634 611 1073 679 δογματίζοντες.
1120 611 1332 679 ’Ὠσπερ
1365 611 1472 680 γὰρ
1503 611 1560 662 τὸ
1584 610 1780 680 χρῶμα
1810 611 1910 663 ούκ

337 704 403 754 ἐκ
425 702 521 771 τῆς
553 701 740 763 οὐσίας
765 701 882 752 ἐστὶ
915 700 1008 752 καὶ
1036 699 1130 752 τοῦ
1164 701 1462 771 σχήματος,
1492 699 1608 752 ἀλλ’
1641 703 1704 752 ἐκ
1738 699 1907 768 μόνης

335 794 436 862 τῆς
459 793 670 855 οὐσίας,
698 791 757 843 τὸ
797 791 854 843 δὲ
900 791 1088 860 σχῆμα
1116 791 1210 844 καὶ
1273 793 1472 862 χρῶμα
1503 793 1560 842 ὲν
1615 795 1681 861 τῇ
1730 791 1910 861 οὐσία,

337 883 480 936 οὕτω
511 883 606 935 καὶ
655 884 716 934 τὸ
751 883 976 950 Πνεῦμα
1006 882 1066 934 τὸ
1121 882 1278 950 ἅγιον
1329 883 1427 934 οὐκ
1457 883 1520 933 ὲκ
1558 882 1767 951 Πατρὶς
1815 881 1910 932 καὶ

339 973 492 1037 Υίοῦ,
521 973 638 1026 ἀλλ’
688 975 750 1025 ἐκ
782 975 945 1043 μόνον
980 973 1075 1026 τοῦ
1128 974 1341 1042 Πατρος
1373 972 1770 1041 ἐκπορεύεσθλι
1822 972 1910 1023 λέ-

337 1082 517 1132 γεται.
552 1066 711 1119 Ἐστι
739 1066 918 1118 τοίνυν
951 1063 1010 1118 τὸ
1043 1065 1144 1135 μὲν
1176 1065 1374 1134 χρῶμα
1405 1066 1501 1134 τῆς
1534 1065 1775 1134 ὁράσεως
1811 1066 1910 1134 μέ-

336 1174 458 1225 νης,
493 1160 627 1226 μόνη
653 1159 761 1226 γὰρ
791 1159 824 1226 ἡ
846 1159 1038 1226 ὅρασις
1070 1157 1200 1209 αὐτὸ
1225 1159 1511 1225 διακρίνει,
1547 1156 1604 1210 τὸ
1636 1157 1691 1208 δὲ
1727 1158 1909 1226 σχῆμα

336 1251 687 1321 καὶόράσεως
717 1253 808 1303 καὶ
832 1251 996 1319 ἁφῆς.
1023 1250 1132 1303 Καὶ
1153 1250 1261 1320 γὰρ
1280 1249 1372 1302 ὑπ’
1393 1250 1720 1319 ἀμφοτέρων
1749 1267 1910 1303 κατα-

337 1342 697 1412 λαμϐάνεται,
725 1343 757 1412 ή
786 1341 841 1394 δὲ
862 1343 1023 1394 οὐσία
1041 1341 1139 1410 τῆς
1157 1342 1300 1411 ἁφῆς
1319 1341 1487 1413 μόνης
1504 1342 1569 1395 ἂν
1587 1343 1695 1412 εἴη.

812 1432 1158 1501 Ἀπόκρισις
1184 1432 1452 1501 τετάρτη.

428 1525 518 1588 Ὠς
552 1527 766 1580 ἐοικότα
809 1525 1236 1596 παραδείγματα
1284 1528 1363 1587 είς
1416 1524 1515 1594 τὴν
1580 1523 1906 1594 Ἐκκλησίαν

337 1620 610 1686 εἰσάγεις,
645 1618 852 1688 ἀνδρῶν
876 1617 1066 1688 ἄριστε
1098 1619 1193 1672 καὶ
1231 1616 1542 1686 σοφώτατεί
1598 1618 1707 1671 Καὶ
1734 1617 1906 1682 οὕτως

343 1711 640 1781 ἁρμοδίαις
665 1711 872 1763 εἰκόσιν
901 1711 1142 1775 εἰκάζεις
1173 1711 1241 1763 τὰ
1277 1709 1418 1772 θεῖα,
1446 1709 1567 1780 ὕλῃ,
1600 1712 1694 1763 καὶ
1733 1709 1902 1779 ποσῷ,

337 1803 442 1856 καὶ
467 1801 627 1870 ποιῷ,
651 1801 748 1870 τὴν
775 1801 936 1855 ἇῦλον
967 1801 1184 1870 ἐκείνην
1219 1803 1314 1855 καὶ
1347 1802 1572 1866 ἄποσον,
1606 1801 1698 1854 καὶ
1738 1803 1909 1873 ἀσχη-

338 1893 625 1963 μάτιστον,
659 1894 753 1946 καὶ
783 1894 961 1964 ἀναφῆ
1006 1893 1170 1962 φύσιν
1211 1894 1487 1957 ὑποτιθεὶς
1531 1893 1626 1948 καὶ
1679 1895 1907 1964 συγκρί-

335 2001 471 2039 νων.
502 1986 568 2038 Τί
615 1985 707 2038 οὖν
744 1986 917 2039 ταῦτα
949 1986 1130 2041 πάντα
1169 1985 1237 2039 τὰ
1283 1987 1340 2039 ἐν
1367 1986 1593 2050 ταύταις
1642 2003 1736 2041 σου
1788 1991 1906 2052 ταῖς

337 2077 516 2130 εἰκόσι
543 2077 642 2131 καὶ
667 2077 888 2132 ἐπὶτῶν
915 2077 1290 2149 πρωτοτύπων
1322 2079 1629 2150 ζητήσομεν
1652 2097 1666 2146 ;
1693 2081 1906 2135 Οὐκοῦν

338 2165 457 2236 ὥρα
486 2167 577 2219 καὶ
606 2167 698 2219 τὸν
727 2167 855 2220 Υίὺν
886 2167 981 2222 καὶ
1011 2167 1070 2221 τδ
1103 2170 1325 2236 Πνεῦμα
1357 2169 1465 2223 τῶν
1497 2172 1553 2222 ἐν
1597 2171 1741 2241 ἄλλῳ
1776 2172 1908 2240 ὑφε-

345 2260 647 2326 στηκότων,
672 2259 734 2311 ού
764 2258 887 2310 καθ’
917 2260 1084 2313 ἑαυτὰ
1124 2261 1184 2313 τὸ
1214 2256 1352 2313 εἶναι
1401 2262 1637 2330 ἑχόντων
1670 2263 1820 2332 (ἵλεῳ
1853 2264 1909 2317 δὲ

340 2349 478 2419 ἡμῖν
505 2346 639 2415 εἶεν)
672 2347 967 2401 πιστεύεινο
1000 2350 1080 2401 ἔτι
1107 2349 1217 2403 τῶν
1248 2353 1525 2420 μεριστῶν
1563 2354 1656 2406 καὶ
1690 2352 1912 2405 διαστα-

341 2439 450 2492 τῶν
496 2434 658 2503 εἶναι,
717 2441 813 2493 καὶ
856 2440 956 2494 ὅσα
1007 2443 1136 2512 περὶ
1167 2441 1234 2494 τὰ
1280 2442 1567 2510 σωματικὰ
1613 2442 1782 2495 ταῦτα
1816 2443 1912 2494 καὶ

341 2531 528 2596 ύλικᾶ,
558 2534 654 2585 καὶ
698 2533 827 2599 περὶ
858 2535 1040 2586 ἐκεῖνα
1073 2533 1314 2601 ἀνάγειν.
1365 2533 1506 2586 Ἀλλ’
1536 2532 1683 2584 ὥσπε
1695 2551 1724 2602 ρ
1755 2534 1912 2587 τοῦτο

337 2623 565 2689 ἄτοπον,
597 2621 739 2676 οὕτω
766 2623 862 2676 καὶ
905 2625 966 2674 τὸ
997 2624 1245 2676 ἐντεῦθεν
1276 2625 1482 2677 οἴεσθαί
1508 2639 1561 2677 τι
1607 2626 1912 2694 συμπεραί-

340 2731 454 2767 ·.ειν
485 2716 778 2781 ἀναγκαῖον
814 2713 1042 2783 μάταιον
1070 2717 1163 2768 καὶ
1188 2717 1438 2785 ἀνόητον.
1470 2719 1659 2771 Καίτοι
1689 2735 1782 2770 σου
1815 2719 1911 2772 καὶ

340 2808 377 2873 ὴ
407 2806 574 2857 είκὼν
595 2806 731 2877 αῦτη
763 2805 1014 2868 Λατίνοις
1065 2807 1267 2874 μᾶλλον
1314 2808 1346 2878 ἢ
1400 2808 1481 2861 σοὶ
1515 2808 1908 2878 συμϐάλλεται.

353 2895 418 2950 'll
443 2899 663 2968 ποιότης
694 2898 823 2967 γὰρ,
851 2891 883 2971 ᾖ
921 2900 982 2950 τὸ
1007 2897 1228 2968 Πνεῦμα
1257 2899 1416 2963 αὐτὸς
1442 2899 1684 2962 εἰκάζειν
1717 2899 1911 2969 ἧθέληυ

340 3007 466 3056 σας,
499 2991 601 3043 οὐκ
635 2989 700 3042 ἂν
731 2990 842 3060 είη,
870 2989 918 3042 εί
970 2991 1136 3059 μήπω
1172 2992 1528 3059 σεσωσμένης
1559 2991 1770 3056 οὐσίας,
1797 2991 1910 3044 οὐδ’

335 3081 406 3133 ἂν
431 3079 589 3150 σχοίη
620 3080 680 3131 τὸ
709 3075 870 3140 εῖναι,
904 3081 952 3131 εί
984 3077 1060 3149 μὴ
1095 3081 1153 3132 ὲν
1201 3079 1359 3150 οὐσίᾳ
1392 3080 1652 3149 διαστατῇ
1680 3097 1787 3132 τινι
1815 3080 1909 3133 καὶ

2018 523 2218 574 stantia
2242 537 2488 577 manens.
2511 523 2648 576 llinc
2671 522 2835 577 etiam
2857 521 3037 577 Latini
3066 521 3495 592 redarguuntur,
3519 523 3589 578 de

2019 614 2370 682 processione
2419 613 2658 684 Spiritus
2685 615 2856 668 sancti
2913 630 3021 668 non
3077 629 3273 668 secure
3320 613 3590 682 dogmati-

2019 715 2220 760 santcs.
2249 705 2326 770 ,Ut
2351 707 2494 759 enim
2519 707 2670 761 color
2721 722 2828 760 non
2872 723 2937 760 ex
2985 705 3289 760 substantia
3314 714 3397 760 est
3427 705 3590 761 simul

2016 805 2072 850 et
2101 812 2166 850 ex
2201 796 2392 866 ﬁgura,
2429 798 2523 851 sed
2558 813 2626 850 ex
2654 796 2768 852 sola
2811 797 3142 860 substantia,
3201 794 3370 865 ﬁgura
3405 805 3588 848 autem

2017 896 2072 940 et
2097 888 2246 941 color
2269 889 2321 940 in
2355 889 2659 942 substantia
2684 897 2813 942 sunt
2851 906 2865 940 :
2897 888 2969 941 ita
3003 897 3060 941 et
3085 888 3324 955 Spiritus
3364 897 3589 940 sanctus

2016 991 2126 1029 non
2155 993 2222 1030 ex
2249 976 2409 1030 Patre
2439 986 2495 1031 et
2534 977 2694 1038 Filio,
2720 978 2813 1031 sed
2848 991 2915 1031 ex
2944 977 3063 1031 solo
3089 977 3250 1031 Patre
3285 976 3588 1046 procedere

2019 1067 2238 1122 dicitur.
2306 1069 2397 1120 Est
2467 1068 2633 1136 igitur
2675 1069 2827 1122 color
2860 1067 3082 1137 quidem
3109 1068 3280 1122 solius
3309 1079 3584 1136 aspectus,

2017 1162 2164 1215 solus
2187 1160 2333 1214 enim
2368 1161 2520 1214 visus
2548 1177 2672 1215 cum
2697 1161 2986 1226 discernit,
3013 1162 3185 1230 ﬁgura
3211 1174 3339 1214 vero
3373 1169 3589 1227 spectat

2016 1251 2084 1304 ad
2101 1251 2278 1305 visum
2295 1261 2350 1306 et
2377 1260 2601 1305 tactum.
2625 1252 2838 1321 Quippe
2855 1267 2921 1306 ex
2941 1252 3209 1306 ambobus
3226 1250 3584 1320 comprehen-

2016 1341 2186 1406 ditur,
2223 1342 2526 1397 substantia
2554 1359 2684 1396 γει-ο
2704 1344 2876 1398 solius
2922 1352 3096 1398 tactus
3118 1352 3261 1398 esset
3287 1342 3582 1412 oltjectum.

2528 1432 2816 1504 Responsio
2861 1443 3071 1504 quarta.

2085 1523 2257 1589 Quam
2283 1524 2674 1578 convenientia
2707 1527 2956 1594 exempla
2992 1528 3044 1579 in
3075 1526 3374 1580 Ecclesiam
3409 1527 3584 1580 intro-

2015 1614 2191 1679 ducis,
2218 1615 2300 1669 vir
2358 1617 2563 1684 optime
2622 1629 2686 1669 ac
2744 1616 3187 1684 sapientissime!
3254 1618 3416 1673 Etsic
3440 1618 3587 1687 aptis

2014 1705 2284 1762 assituilas
2348 1707 2810 1762 similitudinibus
2872 1724 2960 1763 res
3001 1710 3254 1774 divinas,
3315 1711 3581 1777 materiae,

1942 1806 2072 1879 Bct
2126 1798 2459 1868 quantitati,
2526 1799 2886 1868 qualitatique
2950 1800 3096 1854 illam
3142 1805 3583 1868 immaterialem,

2011 1893 2299 1961 omnisque
2351 1893 2672 1960 quantitatis
2723 1900 3033 1960 expertem,
3096 1900 3150 1944 et
3184 1893 3352 1961 llgura
3382 1910 3580 1947 caren-

2016 1994 2146 2047 tem,
2192 1984 2610 2052 intactilemque
2641 1991 2892 2037 naturain
2925 1983 3242 2054 subiiciens,
3269 1991 3322 2036 et
3353 1998 3473 2037 cum
3503 1983 3590 2038 his

2009 2077 2318 2131 conferens.
2367 2075 2508 2141 Quid
2562 2077 2752 2144 igitur,
2796 2086 3068 2130 cunctane
3105 2075 3230 2139 ista,
3255 2089 3379 2144 qua:
3404 2075 3458 2128 in
3496 2075 3586 2129 his

2011 2168 2487 2229 similitudinibus,
2535 2168 2701 2222 etiam
2749 2167 2806 2222 in
2851 2167 3261 2236 exemplaribus
3289 2167 3584 2237 quaerenda

2011 2261 2174 2314 sunt?
2212 2260 2384 2329 Igitur
2419 2261 2530 2330 jam
2577 2261 2916 2314 credendum
2967 2270 3054 2315 est
3086 2262 3221 2328 (sint
3251 2275 3385 2314 vero
3425 2261 3589 2314 nobis

2012 2350 2287 2419 propitii),
2329 2360 2383 2404 et
2433 2350 2656 2413 Filium,
2690 2360 2746 2405 et
2781 2349 3046 2420 Spiritum
3079 2352 3134 2405 in
3161 2352 3268 2404 alio
3293 2352 3584 2414 exsistere,

2011 2456 2120 2494 non
2158 2457 2254 2510 per
2287 2452 2346 2496 se
2384 2441 2711 2496 subsistere.
2774 2443 3052 2497 Praeterea
3105 2458 3231 2497 esse
3270 2458 3337 2497 ex
3370 2443 3440 2496 iis
3465 2458 3588 2512 qua:

2013 2543 2204 2602 partes
2260 2533 2485 2598 habent,
2542 2545 2599 2589 et
2652 2534 3082 2597 dimensionem,
3139 2544 3196 2589 et
3240 2535 3426 2589 omnia
3461 2552 3585 2604 qua:

2021 2625 2168 2678 circa
2221 2627 2527 2693 corporalia
2582 2635 2639 2682 et
2691 2629 3020 2691 materialia,
3093 2629 3157 2682 ad
3215 2629 3304 2682 illa
3352 2629 3587 2684 transfe—

2016 2713 2184 2767 renda
2244 2723 2392 2768 sunt.
2450 2715 2745 2782 Caeterum,
2781 2716 3246 2785 quemadmodum
3319 2719 3421 2774 hoc
3484 2721 3585 2773 ah-

2018 2807 2248 2860 sttrdum
2303 2816 2410 2872 est,
2445 2810 2518 2862 ita
2547 2809 2708 2864 etiam
2768 2825 2834 2863 ex
2888 2825 2955 2863 eo
2982 2811 3188 2878 aliquid
3240 2812 3452 2879 Opinari
3485 2828 3585 2866 ne-

2019 2898 2319 2950 cessarium
2380 2899 2742 2963 concludere,
2810 2914 3010 2952 vanum
3079 2909 3133 2953 et
3196 2902 3424 2955 stultum
3481 2911 3584 2956 est.

2022 2984 2347 3056 Quanquam
2401 2996 2458 3041 et
2501 2989 2807 3042 similitudo
2851 3001 2938 3044 tua
2971 2990 3087 3046 hac
3142 2990 3354 3046 Latinis
3407 2993 3588 3062 potius

2015 3090 2177 3145 quam
2233 3079 2330 3131 tibi
2371 3081 2660 3144 conferat;
2693 3081 2928 3149 qualitas
2999 3084 3144 3136 enim
3189 3084 3298 3154 (cui
3333 3083 3429 3138 tibi
3467 3086 3584 3153 pla-

336 3175 505 3240 ποσῇ.
551 3170 707 3223 Ἐπεὶ
741 3171 835 3224 καὶ
877 3170 1066 3224 οὐσίαν
1118 3171 1246 3225 ἄνευ
1282 3170 1447 3223 ποσοῦ
1497 3173 1597 3224 οὐκ
1651 3170 1715 3225 ἂν
1747 3172 1908 3240 ἡμεῖς

2016 3168 2128 3223 cuit
2181 3167 2486 3223 assimilare
2548 3169 2837 3239 Spiritum)
2893 3172 3084 3238 utique
3139 3189 3246 3227 non
3273 3183 3438 3236 esset,
3475 3191 3584 3230 non

335 3263 570 3330 ῑδοιμεν,
605 3259 706 3314 κᾶν
735 3261 936 3332 χρῶμα
959 3261 1128 3331 αὐτῆς
1153 3261 1497 3333 θεασώμεθα.
1518 3262 1582 3315 Εί
1608 3258 1701 3316 οὖν
1730 3263 1830 3315 οὐκ
1851 3264 1910 3315 ὲν

336 3352 500 3423 οὐσίᾳ
531 3353 694 3423 μόνον
723 3353 933 3418 ἁπλῶς,
964 3351 1082 3407 ἀλλ’
1102 3355 1159 3405 ὲν
1193 3353 1454 3425 διαστατῇ
1487 3354 1645 3424 οὐσία
1673 3354 1909 3424 ὑφέστη-

336 3460 440 3497 κεν
469 3445 503 3513 ἡ
529 3445 776 3514 ποιότης,
804 3447 899 3498 καὶ
925 3444 987 3498 τὸ
1025 3444 1192 3498 ποσὸν
1220 3444 1329 3518 ἄρα
1369 3444 1446 3516 τῷ
1479 3447 1578 3516 τῆς
1623 3446 1910 3515 ποιότητος

338 3530 483 3590 εἶναι
509 3535 896 3606 συμϐάλλεται.
921 3537 1027 3589 Καὶ
1049 3535 1191 3608 οῦτω
1217 3537 1609 3608 συνηγορήσων
1634 3537 1907 3601 Λατίνοις,

339 3625 379 3699 ἦ
411 3629 644 3697 ἐλέγξω-ν
677 3629 962 3697 ἐλήλυθας,
1001 3629 1212 3699 ἀνδρῶν
1249 3629 1440 3700 ἄριστε
1478 3630 1574 3683 καὶ
1605 3627 1907 3698 σοφώτατε.

342 3723 421 3775 ού
449 3723 556 3793 γὰρ
577 3724 641 3776 ἂν
672 3720 781 3789 ἐγώ
811 3735 902 3774 σου
933 3721 1262 3790 καταγνοίην
1291 3721 1783 3788 τούναντίον,ο’ύτω
1808 3724 1914 3775 πᾶ-

340 3829 446 3866 σαν
467 3813 846 3883 ἐξησκημένον
874 3811 1143 3877 παιδείαν,
1179 3810 1324 3865 οὕτω
1348 3811 1403 3865 δὲ
1432 3811 1822 3881 διαϐεϐηκότος
1855 3813 1912 3864 ὲν

337 3907 630 3976 φιλοσοφία
665 3907 760 3959 καὶ
783 3905 1009 3977 θεωρίᾳ,
1042 3906 1137 3959 καὶ
1161 3905 1250 3959 διὰ
1280 3905 1497 3960 πάντων
1524 3904 1624 3976 μὲν
1653 3904 1912 3975 μαθημά-

337 4016 452 4053 των
489 3998 828 4062 ὁδεύσαντος,
860 3998 1319 4068 εὐδοκιμήσαντος
1367 3995 1412 4048 δ’
1459 3999 1514 4052 ὲν
1545 3995 1743 4060 ἅπασι,
1772 3997 1912 4068 πρὸς

335 4092 400 4145 δὶ
429 4093 494 4161 τῇ
534 4091 746 4144 Ἐλλάδι
784 4091 875 4144 καὶ
907 4089 1008 4160 τὴν
1037 4089 1282 4144 Λατίνων
1333 4087 1582 4157 γλῶτταν
1631 4093 1688 4152 ἐς
1741 4089 1910 4160 ἄκρον

337 4181 755 4252 ἐξησκημένον,
804 4184 900 4235 καὶ
951 4182 1246 4253 περιουσίᾳ
1317 4180 1602 4250 δυνάμεως
1660 4181 1795 4234 ἄλλα
1854 4196 1911 4233 τε

340 4276 516 4329 πολλὰ
547 4275 834 4345 θαυμαστὰ
863 4276 958 4328 καὶ
989 4276 1049 4328 τὸ
1083 4273 1229 4344 μέγα
1253 4272 1392 4340 Περὶ
1417 4273 1662 4341 Τριάδος
1694 4273 1788 4326 τοῦ
1818 4290 1915 4341 με·

338 4369 513 4436 γάλου
547 4369 640 4421 καὶ
690 4366 1008 4436 θαυμαστοῦ
1059 4365 1428 4434 Αύγουστίνου
1469 4363 1630 4434 ἔργον
1681 4368 1764 4427 είς
1810 4364 1914 4434 τὴν

339 4461 618 4530 ἡμετέραν
669 4458 1084 4529 μετενεγκόντος
1139 4457 1325 4527 φωνὴν
1380 4459 1440 4510 ὲν
1471 4449 1515 4525 ᾧ
1563 4455 1700 4526 πρὸς
1729 4457 1913 4520 ἄλλοις

2013 3269 2231 3315 servata
2285 3260 2616 3326 substantia,
2669 3276 2851 3330 neque
2904 3262 3130 3318 haberet
3175 3282 3318 3331 esse,
3376 3267 3478 3321 nisi
3531 3267 3586 3322 in

2013 3352 2361 3418 substantia,
2421 3352 2768 3408 dimensione
2825 3361 3009 3407 tamen
3069 3355 3251 3424 aliqua
3295 3351 3584 3412 constante

2014 3451 2072 3498 et
2124 3453 2351 3513 quanta.
2412 3442 2678 3509 Quoniam
2760 3459 2941 3514 neque
3021 3445 3384 3500 substantiam
3463 3449 3585 3502 sine

2014 3535 2326 3604 quantitate
2365 3549 2656 3604 possemus
2692 3550 2793 3590 nos
2827 3535 3096 3604 aspicere,
3149 3538 3403 3605 quamvis
3433 3538 3585 3592 colo-

2012 3641 2130 3681 rem
2180 3627 2354 3694 ipsius
2390 3627 2698 3682 rideamus.
2759 3627 2815 3682 Si
2866 3628 3033 3698 igitur
3058 3643 3165 3682 non
3196 3629 3248 3681 in
3278 3631 3583 3686 substantia

2017 3725 2229 3771 tantum
2281 3715 2628 3785 simpliciter,
2679 3719 2776 3772 sed
2808 3719 2864 3771 in
2901 3718 3209 3774 substantia
3240 3722 3585 3778 dimensione

2015 3807 2211 3862 aﬂ'ecta
2247 3808 2464 3863 exsistit
2515 3809 2773 3877 qualitas,
2834 3809 2966 3881 ergo
3017 3824 3072 3866 et
3129 3823 3398 3882 quantum
3434 3818 3586 3872 utsit

2016 3899 2255 3969 qualitas
2312 3898 2546 3953 confert.
2595 3899 2774 3971 Atque
2830 3903 2903 3956 ita
2967 3901 3192 3959 Latinos
3249 3907 3434 3974 putius
3495 3924 3590 3976 pa-

2019 3990 2254 4044 trocinio
2313 3991 2662 4054 defensurus,
2734 4008 2896 4062 quam
2950 4002 3132 4050 uteos
3170 4001 3465 4068 redarguas
3500 4012 3588 4052 ac-

2016 4085 2252 4151 ccssisti,
2317 4087 2402 4140 vir
2458 4087 2666 4157 optime
2731 4097 2896 4156 atque
2954 4091 3385 4158 sapientissime.
3465 4094 3586 4148 Non

2015 4177 2163 4231 enim
2222 4177 2473 4246 profecto
2513 4193 2614 4248 ego
2655 4181 2998 4235 contrarium
3024 4183 3090 4236 de
3127 4191 3179 4236 te
3204 4186 3460 4246 sentiam,
3489 4187 3584 4254 qui

2016 4269 2073 4324 in
2111 4270 2264 4324 omni
2320 4269 2739 4340 disciplinarum
2779 4275 3180 4330 exercitatione
3228 4287 3472 4330 versatus
3503 4291 3582 4340 es,

2016 4360 2111 4429 qui
2166 4361 2304 4416 adeo
2367 4362 2423 4415 in
2476 4363 2826 4432 philosophia
2875 4375 2929 4418 et
2961 4367 3423 4435 contemplatione
3453 4381 3590 4434 prte-

2021 4459 2318 4516 tervectus,
2375 4463 2431 4507 et
2489 4455 2737 4508 omnium
2789 4456 3058 4510 bonarum
3087 4459 3287 4511 artium
3311 4460 3586 4515 curricula

341 4553 560 4614 ⁸πολλοῖς
591 4553 686 4605 καὶ
717 4552 748 4620 ἡ
774 4553 836 4602 ἐκ
862 4549 1072 4617 Πατρός
1107 4551 1202 4602 καὶ
1235 4549 1365 4602 Υίοῦ
1414 4549 1508 4602 τοῦ
1543 4549 1700 4617 ἁγίου
1735 4548 1908 4601 Πνεύ-

2016 4561 2295 4612 emensus,
2349 4546 2404 4600 in
2459 4549 2676 4602 cunctis
2737 4549 3083 4618 splendorem
3150 4560 3434 4604 assecutus
3491 4567 3582 4617 es;

346 4660 516 4711 ματος
549 4643 668 4696 θεία
698 4642 1022 4713 ὲκπόρευσις
1050 4641 1247 4712 ἀριστὰ
1265 4659 1323 4694 τε
1349 4643 1442 4696 καὶ
1477 4641 1761 4707 σοφώτατα
1787 4641 1909 4693 θεο-

340 4735 584 4798 λογείται
611 4735 704 4784 καὶ
735 4733 1060 4786 ὲνθεώταταο
1096 4726 1138 4798 ᾧ
1171 4733 1263 4785 καὶ
1294 4735 1407 4794 τοῖς
1443 4731 1718 4793 τοσούτοις
1744 4729 1908 4782 αὑτοῦ

341 4826 525 4888 λόγοις
554 4826 670 4885 πῶς
700 4824 764 4876 ἂν
795 4824 956 4887 αὐτὸς
998 4825 1376 4878 ἐναντιοῦσθαι
1411 4825 1612 4886 δύναιο,
1644 4825 1912 4894 τρόφιμος

340 4916 419 4970 ὣν
448 4919 642 4986 ἐκείνῳ
677 4922 767 4970 καὶ
797 4920 1027 4987 ἐραστής
1052 4932 1067 4948 ο
1101 4920 1194 4969 καὶ
1222 4917 1396 4970 ταῦτα
1422 4918 1633 4980 τούτοις
1675 4919 1790 4979 τοῖς
1823 4917 1912 4968 λό-

338 5026 484 5077 γοις,
519 5010 551 5080 ἡ
583 5009 890 5078 ῥηματίοις,
940 5007 974 5062 ἃ
1017 5007 1119 5060 κᾶν
1165 5011 1291 5072 παῖς
1342 5008 1720 5078 ἐξελέγξειεν;
1767 5009 1912 5064 Ἀλλ’

337 5098 500 5170 οἶμαι
527 5100 603 5169 τῷ
630 5115 790 5152 τινων
823 5099 977 5168 θυμῷ
1020 5099 1370 5169 χαρίσασθαι,
1413 5101 1444 5169 ἢ
1495 5101 1740 5154 ἐκκλῖναι
1785 5101 1910 5170 βου-

338 5191 592 5260 λόμενος,
628 5191 834 5260 ταύτην
864 5183 1023 5259 εὗρες
1045 5189 1184 5254 ὁδὸν,
1224 5192 1432 5242 ἐκεῖνόν
1473 5208 1531 5243 τε
1562 5193 1778 5258 φυγεῖν,
1814 5193 1909 5244 καὶ

337 5285 405 5352 τῇ
431 5279 666 5350 ἀληθείᾳ
698 5280 898 5350 μᾶλλον
933 5281 1136 5348 ἀμῦναι
1167 5283 1233 5350 τῇ
1269 5281 1528 5352 ἀσθενείᾳ
1574 5282 1682 5335 τῶν
1709 5282 1905 5350 λόγων,

333 5371 436 5441 την
466 5371 683 5440 ἐκείνης
709 5371 1024 5442 περιουσίαν
1055 5369 1148 5421 καὶ
1174 5374 1282 5433 τοῖς
1315 5371 1390 5440 μὴ
1421 5372 1652 5441 συνορᾷν
1682 5372 1912 5441 δυναμέ-

335 5479 449 5524 νοις
484 5463 902 5516 ἀνακαλύπτων.

2019 4637 2160 4691 ultra
2187 4650 2318 4691 vero
2343 4636 2582 4706 linguam
2637 4635 2905 4702 Graecam,
2938 4639 3102 4691 etiam
3134 4637 3382 4693 Latinam
3417 4645 3588 4696 excel-

2016 4726 2191 4781 lenter
2221 4727 2450 4796 adeptus
2473 4741 2666 4796 magna
2699 4727 2964 4782 facilitate
2989 4743 3113 4783 cum
3160 4730 3327 4783 multa
3356 4732 3461 4784 alia
3494 4733 3590 4784 ad-

2019 4819 2313 4874 miratione
2363 4819 2527 4889 digna
2571 4830 2684 4873 tum
2740 4834 2996 4890 magnum
3051 4837 3190 4890 Opus
3223 4822 3299 4875 De
3335 4823 3588 4876 Trinitatis

2019 4911 2202 4979 magni
2264 4918 2317 4964 et
2385 4911 2694 4964 admirandi
2757 4913 3053 4983 Augustini
3119 4916 3175 4968 in
3201 4927 3446 4968 nostram
3484 4917 3579 4970 lin.

2018 5019 2178 5072 gnam
2240 5005 2596 5068 transtulisti,
2651 5006 2704 5059 in
2757 5023 2865 5074 quo
2900 5017 3100 5075 prazter
3131 5008 3236 5063 alia
3276 5010 3437 5063 etiam
3465 5008 3587 5079 Spi-

2021 5093 2159 5148 ritus
2205 5095 2382 5148 sancti
2441 5110 2506 5148 ex
2567 5097 2726 5150 Patre
2778 5097 3030 5166 Filioque
3083 5100 3268 5155 divina
3310 5103 3592 5169 processio

2017 5185 2244 5254 optime,
2303 5185 2705 5254 sapientissime
2768 5186 3222 5262 divinissitneque
3283 5192 3586 5260 theologice

2018 5277 2434 5331 demonstratur
2469 5294 2482 5330 :
2513 5280 2602 5331 cui
2655 5293 2788 5334 sane
2825 5290 2888 5334 ac
2935 5283 3104 5338 tantis
3125 5285 3245 5353 ejus
3277 5284 3586 5338 rationibus

2020 5370 2296 5438 quomodo
2340 5370 2456 5438 ipsc
2516 5380 2566 5424 te
2623 5386 2809 5440 posses
2854 5387 3155 5443 opponere,
3186 5375 3482 5430 illiuscu‘m
3512 5378 3602 5428 sis-

2019 5465 2274 5520 alumnus
2302 5477 2358 5520 et
2385 5468 2690 5532 studiosus,
2727 5469 3036 5536 praesertim
3070 5472 3219 5524 hisce
3256 5471 3585 5532 rationibus,

329 5567 432 5609 seu
466 5556 725 5616 verbulis,
759 5570 877 5624 qua:
906 5555 990 5608 vel
1033 5570 1170 5623 puer
1220 5555 1616 5625 redargueret?
1646 5553 1917 5611 Caeterum
1961 5573 2086 5611 reor
2135 5558 2226 5612 ire
2293 5559 2657 5628 quorumdam
2689 5561 2990 5631 gratificari
3059 5561 3308 5624 studens.
3338 5578 3434 5617 seu
3465 5575 3590 5616 eam

336 5653 613 5706 declinare
647 5653 854 5715 volens,
890 5652 1029 5705 hanc
1067 5663 1262 5707 nactus
1294 5663 1350 5704 et
1403 5662 1624 5705 secutus
1687 5669 1747 5706 es
1809 5655 1972 5718 viam,
2007 5662 2064 5705 ut
2121 5663 2174 5707 et
2203 5655 2356 5708 illum
2397 5655 2621 5719 vitares,
2645 5666 2702 5710 et
2733 5657 2954 5712 veritati
2989 5659 3166 5728 magis
3195 5656 3578 5729 Opitula’reris,

341 5743 564 5796 nimiam
622 5748 738 5814 ejus
799 5745 905 5796 vim
961 5758 1186 5798 cernere
1238 5759 1348 5798 non
1371 5741 1703 5808 valentibus,
1733 5743 2108 5800 imbecillitate
2147 5747 2426 5800 rationum
2460 5748 2820 5816 patefaciens.
