3966 6218
1240 273 1341 348 DE
1380 274 1912 349 PHOCESSIONE
1951 280 2316 349 SPIRITUS
2343 283 2650 350 SANCTI.

3465 283 3578 354 323

1410 587 1546 641 ΤΟΥ
1587 585 1994 642 ΣΟΦΩΤΔΤΟΥ
2023 585 2505 643 ΚΑΡΔῘΝΔΛΕΩΣ

727 729 1480 912 ΚΥΡΟΥ
1591 717 3198 912 ΒΗΣΣΑΡΙΩΝΟΣ

1907 850 2043 906 in!

1071 1014 1273 1066 ΠΡΟΣ
1298 1009 1622 1066 ΑΛΕΞΙΟΝ
1646 1012 1920 1065 ΛΑΣΚΑῙ

2070 1001 2213 1067 Tozv
2247 1002 2864 1067 φιΑΑΝθραηιΝοΝ
3149 995 3174 1035 ί

502 1169 761 1255 ΠΕΡΙ
833 1164 1055 1251 ΤΗΣ
1132 1149 1950 1249 ΕΚΠΟΡΕΥΣΕΩΣ
2005 1159 2238 1248 ΤΟΥ
2308 1159 2652 1248 ΑΓΙΟΥ
2723 1150 3448 1254 ΠΝΕΥΜΑΤΟΣ.

1498 1481 1998 1543 BAPIENTISSIMI
2033 1482 2452 1540 CARDINALIS

903 1631 1644 1825 'DOMINI
1753 1635 3010 1808 BESSARIONIS

1039 1904 1153 1964 AD
1201 1905 1592 1969 ALEXIUM
1629 1905 2053 1968 LASCARIN
2075 1905 2924 1972 PHILANTHROPINUM

849 2073 996 2179 DE
1080 2071 1897 2164 PBOCESSIONE
1969 2068 2525 2164 SPIRITUS
2592 2064 3057 2166 SANCTI.

1255 2247 1560 2310 (luterprete
1582 2244 1734 2294 Petro
1755 2242 1992 2302 Arcadio,
2020 2205 2265 2304 Opucuia
2283 2247 2454 2304 aurea,
2480 2258 2527 2308 p.
2563 2245 2694 2308 165.)

1921 2377 1991 2394 ..ι

417 2461 493 2526 ἲὺ
533 2470 634 2542 μὲν
658 2471 718 2524 οὗ
740 2469 807 2524 τὰ
838 2453 1159 2539 ἀνθρώπινα
1191 2467 1370 2535 μόνον,
1403 2455 1538 2519 ἀλλὰ
1580 2467 1676 2518 καὶ
1703 2465 1772 2518 τὰ
1797 2464 1918 2517 Θεία

2095 2465 2172 2520 Tu
2229 2467 2476 2538 quidem.
2511 2482 2622 2522 non
2645 2469 2822 2524 solum
2867 2482 3048 2524 rerum
3076 2470 3464 2535 humanarum.
3495 2487 3590 2528 ve-

348 2563 512 2633 σοφδς
544 2561 641 2628 ὢν,
671 2562 764 2614 καὶ
809 2561 947 2630 μέγα
982 2560 1308 2630 ιντρύφημα
1347 2557 1472 2620 τοὺς
1521 2555 1713 2623 λόγους
1743 2553 1926 2608 ποιού-

350 2672 515 2725 μενος
548 2654 641 2707 καὶ
671 2654 770 2724 τὴν
801 2655 913 2706 τῶν
939 2653 1097 2705 θείων
1135 2652 1370 2721 μάλιστα
1405 2649 1638 2720 μελέτην
1667 2648 1921 2718 Γραφῶν,

345 2748 408 2799 οὐ
449 2745 600 2816 παύῃ
627 2745 789 2808 αὑτός
820 2761 878 2797 τε
910 2743 1033 2798 καθ’
1081 2743 1277 2796 ἑαυτὸν
1309 2741 1618 2812 ἁνερευνῶν
1648 2742 1746 2812 τὴν
1775 2743 1833 2795 ἂν
1855 2743 1922 2812 τῇ

347 2837 534 2890 πίστει
559 2836 820 2908 ἀλήθειαν
848 2835 941 2889 καὶ
967 2836 1116 2906 ἡμᾶς
1142 2834 1411 2889 ἐπὶτοῦτο
1439 2835 1798 2907 παρακαλῶν,
1829 2836 1926 2889 καὶ

343 2928 448 2997 τῆς
474 2927 773 2991 ἐξετάσεως
807 2930 1005 2998 ταύτης
1031 2927 1124 2979 καὶ
1161 2925 1315 2997 ἱερᾶς
1365 2925 1592 2997 ἐρεύνης
1620 2925 1893 2996 συλλήπτο

319 3021 322 3024 ’
349 3035 452 3088 ρας
487 3017 1066 3088 συμπαραλαμϐάνων*
1098 3018 1208 3086 ἐγὼ
1238 3019 1293 3069 δὲ
1322 3016 1563 3088 ῥᾳθυμίᾳ
1592 3034 1651 3070 τε
1696 3017 1924 3088 κατεχό-

351 3127 543 3180 μενος,
570 3111 663 3162 καὶ
692 3109 809 3178 ἅμα
842 3110 1014 3179 ἡδέως
1075 3108 1415 3176 ἀπαλλαγεὶς
1467 3109 1562 3160 τοῦ
1611 3110 1775 3162 πόνου
1826 3108 1922 3161 τοῦ

348 3201 484 3272 περὶ
516 3201 739 3266 τούτων,
771 3200 860 3254 διὰ
886 3201 947 3252 τὸ
976 3199 1110 3269 πρὸς
1139 3200 1458 3270 ἀνθρώπους
1491 3200 1582 3253 τὸν
1606 3200 1762 3269 λόγον
1795 3201 1924 3254 πολ-

345 3291 513 3355 λάκις
557 3291 890 3361 ποιήσασθαι
938 3294 1004 3361 τῇ
1059 3291 1299 3362 σφετέρᾳ
1361 3291 1666 3361 φιλονεικίᾳ
1719 3293 1924 3362 μᾶλλον

347 3385 446 3436 καὶ
471 3384 714 3454 ἁμαθείᾳ
739 3383 772 3452 ἢ
800 3387 866 3454 τῇ
899 3383 1129 3453 ἀληθείᾳ
1149 3383 1566 3452 χαριζομένους,
1596 3384 1744 3435 ἄκων
1769 3382 1926 3447 αὖθις

342 3472 428 3535 είς
458 3471 550 3524 τὸν
585 3472 714 3542 περὶ
741 3471 949 3525 τούτων
980 3471 1170 3540 ἀγῶνα
1205 3474 1430 3542 εἴσειμ’
1480 3472 1658 3524 καίτοι
1692 3471 1830 3542 πρὸς
1864 3474 1925 3525 σὲ

344 3563 678 3633 εὐγνώμονα
719 3562 816 3616 καὶ
848 3563 1012 3630 σοφὸν
1069 3563 1348 3633 ἀκροατὴν
1411 3563 1536 3624 τοὺς
1571 3562 1760 3632 λόγους
1799 3565 1924 3633 μέλ-ι

346 3657 464 3708 λων
526 3654 873 3724 ποιήσεσθαιο
925 3653 985 3706 ὃν
1038 3656 1342 3725 πέπεισμαι
1377 3656 1452 3725 μὴ
1519 3655 1712 3724 πείρας
1760 3656 1924 3707 ἕνεκα

350 3746 562 3815 μᾶλλον
593 3746 627 3816 ἢ
655 3746 746 3798 τοῦ
774 3747 903 3816 περὶ
932 3747 1028 3816 τὴν
1055 3745 1319 3817 ἁλήοειαν
1346 3745 1547 3815 ἔρωτος
1581 3745 1754 3798 ταῦτα
1792 3745 1922 3816 παρ’

2026 2571 2148 2610 rum
2178 2557 2344 2611 etiam
2381 2559 2690 2615 divinarum
2735 2561 2876 2616 bene
2901 2563 3114 2632 peritus
3139 2576 3262 2618 cum
3295 2563 3395 2625 sis.
3422 2563 3591 2634 atque

2025 2643 2332 2700 doctrinam
2391 2647 2447 2701 in
2500 2649 2712 2718 magnis
2734 2649 2949 2705 deliciis
2980 2651 3202 2718 habeas,
3238 2651 3590 2722 potissimum

2024 2751 2160 2792 vero
2213 2752 2496 2794 sacrarum
2529 2738 2866 2796 Litterarum
2913 2743 3158 2798 studium
3217 2751 3274 2798 et
3320 2741 3593 2798 exercita-

2027 2835 2234 2890 tionem
2261 2873 2277 2902 ,
2332 2851 2457 2890 cum
2515 2851 2613 2903 per
2656 2845 2707 2890 te
2741 2836 2917 2905 ipsum
2955 2837 3007 2890 in
3047 2837 3212 2892 rebus
3251 2836 3374 2891 ﬁdei
3399 2851 3594 2891 verum

2025 2929 2307 2998 inquirere
2374 2943 2481 2982 non
2543 2939 2762 2990 cessas,
2817 2938 2930 2980 tum
2987 2944 3087 2982 nos
3141 2943 3356 2999 quoque
3395 2930 3460 2983 ad
3488 2930 3596 2985 hoc

2023 3020 2355 3080 adhortaris,
2408 3027 2464 3072 et
2516 3018 2680 3088 hujus
2733 3019 3109 3087 inquisitionis
3155 3035 3217 3075 ac
3248 3021 3596 3075 sacraainve-

2025 3112 2335 3182 stigationis
2369 3111 2571 3175 socios,
2613 3119 2668 3164 et
2693 3111 2974 3180 adjutores
3001 3114 3261 3168 assumis.
3299 3114 3408 3180 Ego
3435 3129 3591 3177 vero.

2025 3218 2148 3257 cum
2206 3217 2272 3256 ex
2321 3202 2541 3272 pigritia
2600 3201 2869 3265 laborem,
2920 3203 3459 3273 stmulquelibenter
3487 3204 3590 3261 ista

2025 3305 2156 3345 cura
2217 3299 2270 3345 et
2319 3290 2504 3344 labore
2566 3291 2832 3360 ineipsum
2886 3291 3200 3347 liberassem
3247 3312 3261 3348 :
3307 3305 3593 3366 propterea

2024 3380 2170 3449 quod
2226 3395 2369 3450 saape
2420 3395 2544 3435 cum
2608 3382 2675 3435 iis
2727 3379 2953 3448 egerim,
2999 3381 3094 3450 qui
3151 3383 3322 3452 magis
3356 3385 3593 3454 propria:

2025 3467 2364 3521 contentioni
2421 3476 2476 3522 et
2527 3467 2837 3537 imperitiae.
2883 3485 3047 3538 quam
3099 3472 3318 3525 veritati
3379 3487 3590 3526 morem

2024 3565 2252 3628 gerant;
2289 3557 2471 3612 denuo
2506 3557 2712 3612 invitus
2745 3558 2798 3612 in
2831 3561 2934 3614 bne
2961 3571 3240 3615 certamen
3275 3561 3591 3618 descendo:

2025 3649 2276 3718 quamvis
2337 3649 2405 3703 ad
2455 3657 2506 3702 te
2551 3647 2848 3704 candidum
2909 3659 2967 3705 et
3028 3651 3250 3706 doctum
3279 3651 3591 3709 auditorem

2026 3727 2202 3794 verba
2239 3739 2342 3792 sim
2390 3739 2677 3806 facturus;
2733 3757 2897 3812 quem
2949 3744 3088 3798 mihi
3136 3745 3256 3814 ipse
3288 3733 3594 3815 persuadeo

341 3835 486 3905 ἐμοῦ
506 3834 866 3888 ἀπαιτοῦντα.
892 3833 1101 3896 ΙἌλλως
1122 3849 1182 3886 τε
1208 3833 1304 3885 καὶ
1329 3832 1513 3902 οἴομαι
1531 3835 1721 3902 ἀρκεῖν
1742 3830 1920 3894 ἅπλῶς

2029 3846 2138 3886 non
2183 3831 2356 3900 magis
2406 3828 2723 3901 experiendi
2785 3841 2972 3902 causa,
3034 3852 3200 3906 quam
3231 3845 3420 3892 amore
3449 3840 3594 3894 veri-

343 3927 482 3978 αὐτὸ
499 3925 561 3978 τὸ
577 3927 672 3994 τῆς
696 3925 856 3993 ἁγίας
881 3927 1103 3978 συνόδου
1127 3924 1342 3995 ἀξίωμα
1366 3923 1503 3994 πρὸς
1523 3923 1713 3976 πειθώ·
1742 3923 1835 3975 καὶ
1859 3921 1921 3973 τὸ

340 4019 484 4086 παρ’
509 4018 679 4086 αὐτῆς
711 4015 1098 4088 συμπερανσὲν
1134 4014 1493 4085 εὐγνωμόνως
1519 4011 1918 4084 προσδέξασθαι

340 4109 481 4162 ἄνευ
503 4109 648 4171 τινὸς
681 4108 987 4176 ἀντιλογίας
1016 4109 1049 4177 ἢ
1070 4104 1396 4174 δισταγμοῦ,
1425 4104 1601 4157 ὲκείνό
1623 4114 1685 4169 γε
1714 4101 1916 4168 είδότα,

345 4203 428 4261 ὡς
463 4201 523 4252 ὲν
574 4199 843 4252 τοσούτων
883 4194 1093 4269 ἀνδρῶν
1139 4197 1451 4250 συνελεύσει
1506 4193 1651 4248 οὕτω
1680 4195 1781 4262 μὶν
1830 4210 1918 4247 σο-

343 4293 474 4361 φίᾳ,
493 4289 634 4344 οὕτω
660 4291 714 4343 δὲ
734 4292 1163 4360 κεκοσμημένων
1185 4291 1359 4360 ἀρετῇ
1388 4303 1447 4339 τε
1477 4287 1572 4339 καὶ
1597 4286 1818 4353 γνώσει,
1840 4279 1916 4338 ὧν

341 4385 405 4434 ἐν
444 4383 596 4452 μέσῳ
622 4384 712 4434 τὸν
734 4381 866 4435 Θεὸν
900 4382 1178 4435 πιστεύειν
1204 4382 1420 4450 ἀνάγκη
1476 4377 1756 4447 παρεῖναι,
1815 4379 1916 4444 τὴν

337 4473 607 4544 ἀλήθειαν
635 4474 911 4527 διαλαθεῖν
944 4475 1201 4528 ἀδύνατον
1228 4469 1388 4526 εἶναι.

2029 3922 2155 3976 tatis
2208 3919 2261 3976 id
2321 3938 2351 3976 a
2411 3938 2497 3978 me
2526 3933 2734 3992 petere.
2770 3923 3075 3981 Mamertini
3108 3943 3233 3982 cum
3270 3940 3325 3984 et
3362 3930 3475 4000 ipsa
3505 3946 3592 3986 sa-

2023 4012 2293 4066 crosancti
2357 4013 2578 4067 concilii
2623 4014 2948 4082 auctoritas,
2997 4028 3057 4071 ut
3105 4033 3208 4085 ego
3231 4015 3453 4087 quidem
3477 4016 3595 4074 exi-

2021 4101 2209 4166 stimo,
2265 4101 2494 4158 cuilibet
2542 4104 2873 4172 simpliciter
2920 4106 2988 4159 ad
3031 4109 3476 4176 persuadendum
3507 4125 3596 4164 sae

2024 4191 2287 4258 tisfaciat;
2354 4193 2613 4263 quodque
2655 4193 2724 4248 ab
2786 4193 2908 4265 ipso
2957 4193 3276 4252 conclusum
3305 4207 3412 4263 est,
3444 4198 3499 4253 id
3537 4208 3595 4252 tu

2020 4299 2177 4353 aequo
2224 4287 2428 4352 animo,
2472 4287 2592 4340 sine
2644 4287 2749 4341 ulla
2783 4292 3135 4344 contentione
3195 4289 3281 4344 vel
3318 4285 3600 4361 ambigui-

2022 4381 2132 4428 tate
2184 4378 2441 4446 recipies;
2490 4377 2625 4432 illud
2671 4389 2824 4433 certo
2867 4380 3070 4446 sciens,
3098 4397 3442 4452 nequaquam
3479 4383 3598 4439 ﬁeri

2021 4481 2206 4536 posse,
2250 4477 2310 4520 ut
2360 4476 2640 4526 tantorum
2698 4470 2944 4525 virorum
2976 4483 3338 4539 conventum,
3371 4486 3484 4528 tum
3511 4491 3601 4530 sa-

343 4571 581 4638 pientia,
647 4580 760 4623 tum
824 4571 1052 4636 virtute,
1119 4578 1286 4639 atque
1333 4562 1696 4635 intelligentia
1759 4563 2136 4633 praeditorum,
2182 4577 2414 4632 quorum
2480 4565 2533 4618 in
2593 4565 2776 4621 medio
2813 4568 2980 4623 Deum
3011 4569 3191 4638 ipsum
3249 4571 3443 4628 adesse
3471 4587 3597 4628 crc-

343 4666 486 4720 dere
509 4680 730 4718 necesse
767 4675 870 4728 est,
908 4668 1108 4721 veritas
1131 4667 1317 4720 lateat.

427 4760 662 4812 Ἔπειτα
705 4761 764 4814 ϐὲ
794 4762 888 4812 καὶ
915 4761 1105 4814 ἄλλοτε
1139 4761 1427 4831 μέμνημαι
1471 4760 1534 4814 οὗ
1567 4760 1773 4828 μικράν
1800 4771 1920 4809 τινα

2102 4750 2309 4806 Deinde
2369 4765 2503 4804 vero
2562 4749 2697 4805 alias
2760 4750 2925 4805 etiam
2979 4754 3201 4808 memini
3229 4757 3336 4808 non
3366 4773 3588 4825 parum

345 4853 571 4912 συνθεὶς
605 4851 694 4904 σοὶ
725 4852 1030 4923 ἐπιστολὴν,
1057 4853 1256 4915 ἱκανῶς
1274 4851 1478 4904 τούτων
1499 4849 1756 4904 ἁπάντων
1789 4850 1924 4916 ἑφα-

345 4944 652 5012 πτομένην,
667 4943 728 4995 τό
744 4959 801 4994 τι
819 4943 1028 5013 πρόὸλη
1036 4961 1112 5014 μα
1131 4944 1464 4996 συνιστῶσαν
1481 4943 1612 4996 αὐτὸ
1628 4941 1752 4996 καθ’
1767 4937 1922 5004 αὐτὸ,

343 5035 410 5086 τὸ
448 5033 507 5083 τὸ
538 5032 762 5100 Πνεῦμα
789 5033 848 5084 τὸ
874 5032 1029 5101 ἅγιον
1057 5029 1354 5102 δηλαδὴ’ὲκ
1402 5031 1616 5100 [ἰατρὸς
1664 5031 1758 5084 καὶ
1785 5027 1921 5082 Υίοῦ

345 5123 771 5192 ἐκπορεύεσθαι,
798 5125 867 5178 τά
890 5141 951 5178 τε
983 5127 1284 5193 φαινόμενα
1307 5125 1479 5194 τούτῳ
1514 5123 1592 5193 τῷ
1645 5123 1924 5193 συμπερά-

347 5235 523 5289 σματι
552 5218 780 5273 ἕπεσθαι
804 5218 981 5270 ἄτοπα
1011 5215 1464 5278 διαλύουσαν.Ὤς
1494 5214 1570 5284 μὴ
1602 5213 1710 5267 δεῖν
1737 5210 1922 5265 £10.6-

345 5329 467 5378 γων
494 5310 780 5371 πλειόνων,
803 5310 898 5360 καὶ
928 5307 1102 5360 ταῦτα
1137 5307 1200 5375 τι
1225 5324 1328 5374 σοι⁹
1358 5306 1568 5376 ἀνδρῶν
1594 5306 1806 5375 ἄριστε,
1831 5297 1923 5369 το-

347 5402 565 5470 σαύτην
595 5402 775 5472 ιχοντι
797 5404 990 5472 πεῖραν
1021 5401 1080 5452 δν
1103 5401 1217 5462 τοῖς
1247 5397 1532 5460 τοιούτοις,
1561 5395 1636 5460 ὡς
1668 5397 1764 5448 καὶ
1805 5394 1916 5446 ἀπὸ

348 5494 559 5562 μικρᾶς
587 5508 734 5554 τινος
763 5490 1018 5563 ἀφορμῆς
1063 5488 1234 5544 πολλὰ
1268 5505 1326 5543 τε
1361 5491 1454 5544 καὶ
1489 5487 1702 5558 μεγάλα
1753 5503 1920 5541 κατα·

347 5586 543 5655 νοῆσαι
574 5573 860 5640 δύνασθαι.

674 5777 938 5839 ΡΑῐιιυι..
979 5777 1093 5836 Gn.
1143 5771 1357 5836 CLXI.

2029 4845 2320 4916 quamdam
2381 4859 2467 4899 me
2526 4843 2624 4898 tibi
2688 4847 3065 4912 composuisse
3092 4847 3411 4915 epistolam,
3477 4849 3595 4905 hac

2027 4935 2210 4989 omnia
2249 4936 2470 5004 copiose
2500 4935 2859 5003 attingentem
2893 4954 2908 4988 :
2940 4939 3142 5006 quippe
3177 4953 3298 5008 qua:
3362 4948 3419 4993 et
3445 4955 3598 5009 qua:-

2027 5034 2262 5107 stionem
2280 5032 2448 5104 ipsam
2469 5046 2569 5102 per
2583 5045 2643 5085 se
2671 5033 2978 5086 rationibus
3001 5033 3309 5099 conﬁrmat,
3333 5036 3595 5090 nimirum

2027 5123 2294 5195 Spiritum
2358 5133 2609 5179 sanctum
2648 5139 2716 5180 ex
2756 5123 2919 5179 Patre
2977 5123 3224 5195 Filioque
3270 5129 3594 5198 procedere.

2025 5225 2084 5270 et
2114 5215 2396 5284 quaebanc
2430 5215 2850 5270 conclusionem
2874 5217 3112 5271 absurda
3139 5219 3294 5287 sequi
3316 5219 3595 5283 videntur,

2025 5306 2210 5360 diluit.
2238 5306 2315 5360 Ita
2349 5315 2408 5358 ut
2437 5321 2546 5360 non
2588 5307 2662 5360 sit
2699 5321 2860 5378 opus,
2897 5310 3202 5375 praesertim
3233 5323 3368 5362 vero
3399 5309 3500 5364 tibi
3519 5309 3601 5364 vi-

2025 5414 2214 5453 rerum
2248 5399 2476 5466 optime,
2508 5398 2764 5469 pluribus
2796 5399 3003 5465 verbis,
3036 5399 3130 5470 qui
3164 5399 3220 5453 in
3277 5400 3597 5470 hujusmodi

2025 5489 2191 5545 rebus
2220 5499 2400 5544 tamen
2429 5490 2600 5544 babes
2614 5491 3044 5560 experientiam;
3077 5501 3136 5545 ut
3165 5492 3246 5546 vel
3265 5508 3334 5549 ex
3369 5492 3598 5547 minima

2022 5597 2239 5650 quaque
2265 5581 2574 5647 occasione,
2611 5582 2868 5650 plurima,
2897 5599 3072 5653 eaque
3119 5579 3336 5656 mam,
3369 5594 3425 5640 et
3455 5569 3598 5639 ditii-

2023 5673 2146 5727 cilia
2181 5683 2369 5742 captu,
2397 5671 2558 5728 facile
2594 5673 2902 5745 intelligere
2937 5693 3129 5744 queas.

3168 5759 3232 5835 ll
