3966 6218
1272 261 1801 352 ’ΒεδεΑΒῙοΝιε
1835 289 1894 352 s.
1930 288 2002 354 Β.
2032 278 2101 351 E.
2135 280 2607 353 CARDINALIS

3488 284 3596 359 323

315 408 449 454 mn
500 407 655 455 esset
686 412 865 455 annus
923 398 1230 469 ascriptus:
1267 400 1406 454 alter
1432 415 1563 456 vero
1612 401 1904 458 bambace-

2017 402 2168 456 σίων.
2228 404 2631 472 Ἑνεγέγραπτο
2686 403 2791 472 γὰρ
2834 403 2891 454 ἐν
2925 401 3000 472 τῷ
3053 401 3197 456 τέλει
3232 403 3447 473 χρόνος.
3501 396 3597 476 ἀφδ

332 505 445 547 nus
495 504 670 545 annos
701 498 826 545 ante
849 498 1126 545 trecentos
1152 491 1392 560 scriptus
1419 502 1562 558 erat,
1616 493 1663 548 si
1689 494 1911 562 quidem

342 586 403 641 in
436 583 586 641 calce
631 581 902 651 ascriptus
958 589 1079 636 erat
1150 597 1351 650 annus,
1417 599 1486 639 ex
1531 599 1643 654 quo
1673 584 1727 640 id
1750 585 1912 641 facile

346 675 653 745 computari
678 682 922 744 poterat:
944 681 1007 727 ‘et
1026 672 1157 727 libri
1186 673 1290 741 ipsi
1323 674 1507 731 adhuc
1537 685 1779 741 exstant,
1808 677 1914 731 nisi

344 769 488 824 forte
524 775 810 837 postquam
846 763 979 819 mibi
1009 765 1211 819 ostensi
1233 766 1478 830 fuerunt,
1532 778 1697 837 opera
1718 783 1913 823 eorum

346 861 438 929 qui
468 858 626 912 facile
659 855 842 910 omnia
872 855 1015 908 mala
1044 856 1277 925 propria:
1310 857 1471 911 saluti
1507 858 1910 924 maclilnantur,

345 948 697 1004 evanuerint.
732 943 799 999 Hi
826 946 935 1001 duo
958 946 1107 1011 libri,
1129 947 1592 1015 quemadmodum
1621 964 1723 1003 nos
1748 964 1916 1019 expo-

343 1040 580 1101 suimus,
618 1037 864 1091 Doctoris
932 1038 1281 1101 sententiam,
1313 1036 1395 1092 sic
1446 1037 1595 1093 intus
1639 1040 1915 1096 habebant

344 1132 603 1200 scriptam
631 1142 645 1182 :
686 1129 854 1182 homo
880 1142 1012 1180 vero
1040 1126 1283 1195 quidam,
1331 1129 1516 1183 animo
1569 1130 1788 1200 quidem
1816 1147 1914 1185 au-

346 1223 475 1287 dax,
492 1222 583 1276 sed
605 1235 767 1273 manu
789 1219 969 1274 adhuc
984 1219 1143 1287 longe
1157 1219 1438 1283 audacior,
1461 1219 1726 1275 adversus
1743 1237 1917 1276 mem-

346 1311 573 1365 branam
598 1310 743 1364 ferro
768 1319 934 1363 utens
960 1308 1242 1362 veritatem
1266 1308 1493 1363 abrasit.
1526 1309 1703 1365 Minus
1729 1320 1912 1366 tamen

346 1401 530 1459 sesilli
559 1401 848 1469 processit.
898 1398 1040 1453 "Cum
1066 1398 1211 1453 enim
1238 1400 1393 1453 locus
1415 1415 1619 1455 vacuus
1636 1401 1725 1466 sit,
1759 1400 1916 1471 ipsae-

347 1507 456 1562 que
481 1491 697 1561 syllabas
713 1489 957 1544 dimidiae
983 1490 1165 1545 adhuc
1180 1500 1508 1559 appareant,
1549 1500 1606 1545 et
1628 1491 1911 1545 audaciam

345 1582 495 1639 illius
552 1591 825 1651 arguunt,
873 1591 930 1636 et
983 1581 1271 1635 veritatem
1324 1581 1499 1649 ipsam
1553 1580 1912 1635 nihilominus

2016 490 2076 543 οὗ
2112 493 2272 546 τοῦτο
2314 496 2493 565 ῥᾷστα
2546 494 2976 561 συλλογίσασθαι
3016 493 3215 549 ἔνεστι.
3248 496 3362 550 Καὶ
3401 496 3473 551 τὰ
3512 497 3596 567 βι-

2018 585 2144 639 ϐλία
2180 587 2433 652 μένουσιν
2467 586 2570 651 ἔτι,
2625 587 2675 640 εί
2715 588 2790 657 μή
2823 603 2926 640 που
2960 588 3100 656 μετὰ
3146 586 3248 658 τὴν
3288 569 3425 660 napi
3456 591 3593 661 ἐμοῦ

2016 677 2287 744 ἀνάδειξιν
2315 680 2613 749 ἠφάνισται
2666 680 2821 750 παρὰ
2848 679 2957 733 τῶν
2991 679 3173 733 πάντα
3210 680 3408 751 ῥᾳδίως
3450 683 3597 738 κατὰ

2013 772 2114 841 τῆς
2168 771 2376 826 ἑαυτῶν
2424 769 2699 840 σωτηρίας
2755 772 3168 842 μηχανωμένων
3250 760 3427 827 ταῦτα
3498 776 3594 829 καὶ

2014 860 2182 929 ἄμφω
2206 860 2281 923 ὡς
2308 862 2473 931 ἡμεῖς
2507 861 2805 930 ὲξεθέμεθα
2839 862 2940 930 τὴν
2968 861 3063 914 τοῦ
3086 861 3408 915 διδασκάλου
3433 866 3596 933 ῥῆσιν

2014 945 2161 1020 εἶχον
2191 952 2637 1022 ἐγγεγραμμένα.
2656 951 2823 1020 Ἀνὴρ
2853 949 2909 1002 δέ
2937 965 3020 1012 τις
3047 950 3330 1020 τολμηρᾶς
3360 951 3460 1018 μὲν
3487 950 3595 1019 ψυ-

2015 1044 2135 1112 Χῆςι
2160 1042 2341 1112 χειρὸς
2371 1042 2428 1095 δὲ
2448 1042 2881 1112 τολμηροτέροις,
2913 1042 3057 1094 κατὰ
3091 1043 3192 1111 μὲν
3217 1042 3310 1094 τοῦ
3335 1042 3593 1110 μεμϐρά-

2016 1150 2106 1186 νου
2132 1133 2336 1203 σιδήρῳ
2362 1136 2709 1205 χρησάμενος
2742 1135 2970 1197 ἀπέξεσε
2998 1132 3096 1204 τὴν
3117 1132 3374 1203 ἀλήθειαν
3393 1149 3408 1165 °
3438 1132 3596 1186 οὐδὲν

2013 1221 2057 1275 δ’
2084 1225 2232 1292 ὅμως
2257 1225 2406 1294 αύτῷ
2430 1225 2708 1293 προύργου
2734 1228 3074 1294 ἀπήντηκεν.
3108 1223 3179 1279 Ὀ
3200 1236 3261 1278 τε
3282 1225 3390 1293 γὰρ
3423 1225 3593 1288 τόπος

2015 1316 2169 1377 κενὸς
2198 1313 2297 1376 ὣν,
2331 1316 2387 1368 αἴ
2414 1334 2473 1368 τε
2506 1316 2618 1369 τῶν
2651 1315 2933 1371 συλλαϐῶν
2960 1317 3183 1387 ἡμίσεις
3211 1316 3292 1369 ἔτι
3325 1316 3591 1385 φαινόμεέ

2014 1421 2123 1466 ναι,
2161 1406 2223 1459 τό
2250 1423 2311 1458 τε
2340 1405 2601 1476 τόλμημα
2637 1407 2853 1460 ἐκείνου
2886 1407 3195 1476 ἐλέγχουσι,
3229 1409 3330 1476 τήν
3360 1424 3421 1460 τε
3455 1407 3589 1477 ἀλή-

2015 1496 2168 1550 θειαν
2210 1498 2366 1551 οὐδὲν
2414 1494 2578 1567 ἦττον
2628 1498 2815 1566 σαφῶς
2848 1499 3187 1569 παριστῶσι.
3212 1498 3368 1551 Κατὰ
3397 1499 3453 1552 δὲ
3489 1498 3586 1552 τοῦ

2014 1588 2202 1659 ἐτέρου
2236 1590 2446 1658 β.ϐλίου
2480 1591 2651 1659 μέλαν
2679 1593 2905 1662 ἐπιχέας
2938 1591 3175 1661 ἐκάλυψε
3211 1591 3373 1645 τοῦτο
3396 1591 3455 1644 τὸ
3485 1593 3585 1662 μέ-

230 1672 233 1675 “
344 1673 492 1726 clare
534 1673 873 1740 exprimunt.
903 1672 958 1725 In
1020 1672 1126 1725 alio
1177 1685 1308 1724 vero
1347 1670 1490 1724 libro
1515 1670 1680 1725 litura
1739 1679 1906 1726 totam

2018 1692 2107 1747 ρος
2124 1679 2218 1731 τοῦ
2238 1680 2403 1749 ῥητοῦ
2422 1683 2552 1743 πᾶν,
2571 1683 2598 1734 ὅ
2618 1699 2773 1751 φησι,
2793 1682 2937 1750 llap’
2958 1683 3144 1736 αὐτοῦ
3159 1682 3227 1736 τὸ
3240 1678 3395 1735 εἶναι
3416 1683 3585 1750 ἕχον,

346 1764 493 1817 illam
514 1773 721 1832 partem
750 1761 1035 1816 sententiae
1064 1762 1417 1827 oblitteravit,
1449 1778 1570 1831 qua:
1603 1763 1681 1817 sic
1708 1763 1906 1818 habet:

346 1855 422 1907 Ab
452 1856 565 1923 ipso
606 1852 879 1905 habentem
932 1866 1060 1913 esse,
1125 1859 1173 1903 et
1222 1852 1443 1902 omnino
1493 1850 1558 1903 ab
1615 1850 1714 1903 illa
1746 1867 1910 1904 causa

348 1946 745 2015 dependentem.
780 1944 977 1997 Verum
1035 1941 1231 1995 deinde
1275 1950 1513 2009 tempore
1557 1942 1907 2010 procedente,

346 2054 471 2091 cum
490 2039 683 2097 doctus
708 2034 798 2088 ille
825 2032 1076 2104 Cydones
1106 2031 1307 2085 librum
1344 2032 1400 2085 in
1437 2046 1631 2086 manus
1660 2034 1910 2101 accepis-

345 2138 450 2189 set,
480 2123 753 2179 sententia
787 2124 983 2176 iterum
1027 2136 1157 2175 sana
1187 2120 1396 2174 reddita
1421 2132 1526 2183 est,
1556 2122 1671 2191 ipse
1737 2122 1909 2192 siqui-

346 2217 469 2269 dem
500 2213 716 2284 propria
742 2226 905 2266 manu
935 2221 989 2265 et
1016 2211 1344 2265 sententiam
1370 2211 1430 2264 in
1450 2210 1595 2265 libro
1643 2212 1908 2281 integram

343 2304 615 2372 ascripsit,
648 2313 704 2357 et
753 2316 879 2355 eum
941 2301 1034 2368 qui
1070 2300 1123 2352 id
1166 2312 1334 2353 ausus
1357 2309 1524 2367 esset,
1570 2300 1706 2355 satis
1739 2300 1904 2371 digne

338 2391 605 2447 conviciis
633 2397 981 2445 consectatus
1033 2397 1136 2443 est.

416 2483 475 2536 ln
520 2490 723 2535 tantam
794 2480 1053 2533 nimirum
1111 2478 1466 2542 dementiam,
1543 2478 1813 2547 tenebras,
1853 2488 1909 2536 et

338 2573 706 2644 ignorantiam
735 2579 1008 2625 nostrates
1040 2569 1324 2625 contentio
1368 2570 1603 2640 impulit,
1626 2579 1682 2626 et
1703 2571 1910 2627 audent

342 2666 528 2718 dicere
544 2661 789 2726 Latinos,
812 2671 868 2715 et
900 2660 1138 2716 Veccum
1171 2660 1342 2715 libros
1367 2662 1721 2730 corrupisse:
1780 2678 1906 2719 cum

248 2812 255 2815 _
346 2766 526 2808 tamen
547 2753 750 2807 dictum
772 2750 918 2805 istud
951 2760 1158 2805 tantam
1188 2750 1385 2805 habeat
1412 2752 1906 2822 pulchritudinem,

343 2853 607 2912 tantaque
658 2857 789 2898 cum
844 2841 1177 2911 eloquentia,
1238 2842 1595 2907 rotunditate,
1633 2852 1689 2897 et
1737 2844 1906 2898 attica

2011 1767 2111 1821 καὶ
2130 1768 2282 1834 ὅλως
2300 1769 2542 1837 ἐκείνης
2564 1770 2675 1840 τῆς
2698 1774 2892 1840 αίτίας
2913 1774 3274 1842 ἐξημμένον.
3294 1773 3453 1827 Ἀλλὰ
3463 1773 3593 1843 χρόδ

2010 1875 2085 1928 νῳ
2123 1858 2350 1932 ὕστερον
2404 1863 2498 1915 τοῦ
2531 1865 2699 1933 σοφοῦ
2737 1865 2966 1935 Κυδώνη
3005 1866 3215 1919 ἐκείνου
3267 1866 3369 1937 τὴν
3401 1866 3586 1936 βίϐλον

2010 1951 2091 2014 είς
2123 1954 2308 2022 χεῖρας
2342 1950 2619 2018 λαϐόντος,
2653 1957 2713 2007 τὸ
2746 1955 2914 2024 ῥητὸν
2944 1957 3105 2010 πάλιν
3135 1957 3289 2025 ὑγιὲς
3321 1958 3584 2028 ἀπεδόθη.

2008 2044 2180 2107 Αὐτὸς
2208 2045 2317 2116 γὰρ
2345 2045 2524 2118 οἰκείᾳ
2560 2048 2706 2118 χειρὶ
2750 2048 2811 2100 τό
2858 2065 2916 2101 τε
2972 2050 3236 2117 ρητδν”ὲν
3286 2052 3363 2121 τῷ
3397 2050 3585 2122 βιϐλίῳ

2009 2131 2302 2204 ὁλόκληρον
2329 2137 2852 2207 προσπαρέγραψεν,
2882 2136 3074 2209 ὕϐρεσί
3104 2155 3163 2192 τι
3191 2141 3356 2209 ἀξίως
3384 2142 3583 2197 Ιπλυνσ

2008 2224 2102 2278 τὸν
2134 2225 2295 2280 τοῦτο
2322 2227 2719 2299 τετολμηκότα.

2083 2491 2178 2555 Είς
2203 2491 2473 2562 τοσαύτην
2500 2491 2761 2547 ἀπόνοιαν
2791 2494 2887 2549 καὶ
2915 2492 3108 2561 σκότος
3163 2502 3257 2552 καὶ
3288 2502 3514 2570 ἄγνοιαν
3547 2501 3582 2576 ὴ

2009 2582 2123 2651 ἔρις
2152 2583 2456 2652 ἡμετέρους
2484 2586 2758 2641 ἀπίωσιν.
2799 2582 2933 2641 Εἶτα
2970 2590 3151 2657 λέγειν
3181 2591 3472 2662 τολμῶσιν,
3505 2596 3585 2663 ὥς

2008 2673 2228 2726 Λατῖνοι
2278 2674 2372 2726 καὶ
2427 2673 2631 2738 Βέκκος
2664 2677 2764 2739 τὰς
2795 2676 3014 2747 βίϐλους
3062 2680 3350 2736 Moesiaca:
3403 2686 3581 2741 καίτοι

2008 2762 2261 2816 τοσοῦτον
2288 2764 2501 2835 ἔχοντος
2527 2764 2621 2818 τοῦ
2658 2767 2822 2837 ῥητοῦ
2852 2769 3042 2824 τούτου
3076 2772 3293 2838 κάλλος,
3322 2776 3417 2829 καὶ
3445 2781 3584 2847 μετὰ

2011 2855 2284 2924 τοσαύτης
2308 2857 2640 2924 εὐγλωττίας
2669 2861 2759 2911 καὶ
2791 2865 3255 2934 στρογγυλότητος
3301 2868 3583 2939 ἀπηγγελ-

346 2935 525 3005 gratia
580 2935 651 2988 sit
714 2934 1009 3003 prolatum,
1073 2941 1132 2986 ut
1194 2946 1305 2986 non
1360 2932 1536 2987 solum
1580 2932 1757 2987 Latini
1802 2935 1906 2989 tale

2012 2947 2195 3014 μένου,
2228 2950 2321 3001 καὶ
2353 2950 2574 3017 χάριτος
2607 2949 2887 3021 Ἀττικῆς,
2914 2953 2989 3016 ὡς
3023 2954 3099 3026 μὴ
3131 2932 3580 3031 Λατίνους-μόνον

339 3027 622 3097 quidpiam
652 3026 887 3088 efﬁcere,
950 3036 1215 3092 tantaque
1248 3038 1370 3077 cum
1397 3025 1567 3092 gratia
1592 3024 1780 3080 Graece
1809 3027 1906 3079 ali-

2013 3039 2088 3107 μὴ
2110 3038 2369 3092 δύνασθαί
2399 3054 2527 3096 ποτε
2558 3041 2801 3095 τοιοῦτόν
2828 3060 2881 3096 τι
2905 3048 3000 3098 καὶ
3028 3024 3172 3115 μετὰ
3188 3024 3454 3123 τοσαύτης
3484 3055 3583 3124 χά-

340 3120 473 3187 quid
522 3118 873 3172 conscribere
915 3117 1141 3169 minime
1190 3115 1424 3184 possint,
1472 3115 1672 3184 quibus
1733 3120 1906 3185 patria

344 3212 548 3279 lingua,
587 3210 859 3277 variaeque
899 3210 1082 3277 figura:
1136 3217 1191 3261 et
1236 3217 1507 3276 praecepta
1561 3206 1774 3262 diversa
1826 3209 1910 3263 di-

344 3303 528 3368 cendi,
556 3311 619 3355 ut
655 3302 859 3370 aliquid
895 3301 951 3353 in
1007 3313 1255 3354 nostram
1304 3299 1544 3369 linguam
1575 3316 1700 3353 cum
1734 3302 1907 3369 gratia

338 3392 527 3457 edant,
580 3392 971 3460 impedimento
1022 3401 1107 3445 est
1161 3407 1175 3443 :
1224 3391 1681 3460 quemadmodum
1712 3408 1743 3446 e
1772 3407 1908 3446 con-

344 3485 535 3547 trario,
592 3488 654 3536 ut
716 3480 887 3537 Graeci
951 3481 1051 3549 ipsi
1104 3480 1297 3536 Latine
1345 3482 1548 3550 aliquid
1602 3499 1756 3552 aequa
1785 3498 1908 3552 gra-

340 3585 412 3629 tia
447 3576 761 3629 Latinorum
795 3582 1145 3642 componant,
1179 3575 1330 3629 nullo
1370 3575 1532 3629 modo
1568 3578 1681 3630 lieri
1705 3584 1905 3646 potest,

339 3667 710 3737 quaintumvis
724 3666 943 3734 utrique
964 3665 1199 3733 linguam
1219 3667 1447 3721 invicem
1467 3676 1778 3723 exerceant.
1800 3666 1909 3721 ilu-

336 3754 570 3824 jnsvero
592 3752 670 3806 rei
698 3751 1165 3820 locupletissimus
1191 3767 1291 3823 ego
1323 3753 1479 3809 testis
1503 3770 1625 3809 esse
1654 3771 1903 3824 possum,

339 3845 433 3914 qui
465 3843 714 3898 Latinam
732 3843 970 3911 linguam
998 3842 1169 3897 ferme
1192 3844 1498 3914 utquisque
1514 3846 1653 3901 alius
1684 3846 1913 3901 Latino-

339 3950 464 3990 rum
504 3935 596 4004 qui
629 3937 685 3988 in
707 3950 771 3989 ea
794 3934 1025 3988 multum
1050 3934 1364 4003 elaborarit,
1405 3936 1598 4002 calleo,
1639 3946 1692 3991 et
1731 3940 1909 4008 perci-

337 4026 451 4096 pio,
478 4027 825 4081 conscribere
858 4040 986 4080 vero
1040 4026 1245 4096 aliquid
1297 4028 1381 4082 vel
1431 4029 1694 4083 mediocri
1745 4030 1907 4086 laude

336 4121 563 4189 dignum
616 4117 842 4171 minime
869 4117 1044 4170 valeo.
1071 4117 1186 4173 Non
1210 4117 1384 4171 solum
1408 4118 1592 4187 igitur,
1615 4129 1673 4173 ut
1698 4120 1906 4175 dictum

336 4216 444 4276 εει,
501 4208 620 4262 ﬁeri
681 4222 793 4262 non
843 4216 1056 4277 poterat
1095 4215 1154 4259 ut
1197 4210 1337 4262 hanc
1393 4214 1720 4263 sententiam
1756 4220 1905 4267 tanta

2012 3144 2160 3199 ριτος
2219 3130 2549 3201 Ἑλληνικῶς
2602 3150 2654 3187 τι
2710 3134 3070 3204 συγγράψαι,
3131 3131 3213 3203 οἷς
3261 3143 3292 3209 ἡ
3348 3144 3580 3213 πάτριος

2008 3219 2247 3284 γλῶσσα,
2282 3224 2377 3273 καὶ
2409 3222 2479 3273 τὰ
2523 3222 2761 3293 διάφορα
2819 3225 3077 3296 σχήματά
3103 3246 3161 3282 τε
3191 3234 3287 3284 καὶ
3338 3234 3576 3302 μέθοδοι,

2010 3309 2261 3378 ἐμποδὼν
2292 3311 2385 3364 τοῦ
2437 3313 2575 3381 μετὰ
2617 3316 2838 3385 χάριτος
2894 3317 3141 3372 ἐκδοῦναι
3194 3338 3318 3375 τινα
3349 3327 3429 3387 είς
3477 3329 3577 3398 τὴν

2009 3400 2279 3470 ἡμετέραν
2325 3403 2513 3471 φωνήν
2535 3418 2550 3433 ·
2593 3405 2784 3476 ὥσπερ
2817 3410 2879 3460 ὲκ
2916 3408 3009 3462 τοῦ
3044 3410 3287 3467 ἐναντίου
3322 3414 3579 3488 Ἕλλησιν

2008 3491 2265 3545 ἀδύνατον
2294 3493 2601 3557 Λατινικῶς
2632 3511 2684 3548 τι
2721 3497 2857 3564 μετὰ
2886 3501 2986 3569 τῆς
3033 3501 3157 3572 ἴσης
3185 3504 3437 3571 Λατίνοις
3480 3510 3580 3581 χά..

2013 3597 2160 3651 ριτος
2207 3584 2657 3653 συγγράψασθαι,
2692 3586 2798 3640 κᾶν
2827 3588 2913 3658 ἐφ’
2960 3591 3158 3645 ὁπόσον
3190 3594 3446 3667 ἑκάτεροι
3477 3586 3579 3670 τὴν

2007 3671 2269 3762 ἀλλήλων
2304 3674 2604 3744 ἁσκήσαιεν
2640 3678 2908 3746 γλῶτταν.
2972 3684 3085 3737 Καὶ
3127 3684 3317 3741 τούτου
3364 3686 3578 3762 μάρτυς

2006 3760 2166 3822 αὐτὸς
2213 3761 2552 3831 ἀξιόπιστος,
2591 3771 2793 3831 συνιεὶς
2836 3771 2935 3838 μὲν
2969 3772 3068 3842 τὴν
3095 3774 3344 3830 Λατίνων
3392 3760 3578 3848 φωνὴν

2013 3852 2199 3922 σχεδὸν
2228 3854 2301 3917 ὡς
2336 3855 2495 3918 ἄλλος
2526 3858 2636 3909 τῶν
2675 3859 2848 3914 πολλὰ
2883 3864 3317 3935 μεμοχθηκότων
3351 3872 3407 3921 ἐν
3437 3873 3577 3944 αὐτῇ

2008 3945 2273 4011 Λατίνων,
2304 3948 2726 4016 συγγράψασθαι
2753 3952 2810 4005 δὲ
2839 3955 2988 4022 ὅμως
3014 3957 3168 4011 οὐδὲν
3192 3959 3221 4011 ὂ
3239 3977 3289 4014 τι
3319 3962 3412 4015 καὶ
3428 3964 3579 4028 ἄξιον

2008 4034 2165 4098 λόγου
2192 4035 2599 4103 δυνάμενος.οὐ
2624 4040 2883 4104 Λατίνους
2908 4040 3004 4097 οὖν
3029 4046 3211 4115 μόνον,
3238 4047 3312 4112 ὡς
3334 4052 3574 4121 είρηται,

2008 4124 2068 4176 τὸ
2097 4125 2259 4194 ῥητὸν
2287 4125 2444 4178 τοῦτο
2479 4128 2620 4196 μετὰ
2649 4130 2916 4201 τοσαύτης
2947 4134 3192 4189 ἐκδοῦναι
3222 4139 3447 4207 χάριτος
3474 4142 3579 4195 οὐκ

2006 4210 2073 4284 ἦν
2107 4212 2353 4283 δυνατὸν,
2406 4221 2523 4273 ἀλλ’
2576 4224 2686 4276 οὐδ’
2724 4224 2997 4297 Ἐλλήνων
3029 4230 3204 4283 οὐδενὶ
3237 4233 3381 4303 πλὴν
3407 4236 3576 4291 αὑτοῦ

335 4316 461 4355 cum
513 4299 685 4369 gratia
726 4298 905 4353 Latini
931 4297 1174 4365 ederent,
1230 4299 1323 4353 sed
1376 4313 1553 4368 neque
1588 4300 1899 4357 Graecorum

2012 4305 2321 4407 Βασιλιξου.
2362 4310 2606 4407 Ἐκᾳείνου
2657 4315 2767 4383 γὰρ
2805 4318 2838 4385 ἡ
2863 4317 3053 4385 εἰκὼν,
3079 4323 3288 4377 ἐκείνου
3316 4297 3413 4394 τῆς
3438 4345 3578 4399 γρα-

338 4393 507 4459 ullus,
536 4399 766 4459 excepto
798 4391 914 4458 ipso
949 4388 1186 4456 Basilio;
1216 4391 1365 4445 illius
1391 4402 1477 4446 cst
1522 4394 1669 4449 enim
1702 4396 1902 4464 imago,

338 4482 485 4536 illius
514 4490 599 4535 est
644 4482 745 4534 hoc
793 4496 967 4550 genus
998 4480 1307 4546 scribendi;
1377 4482 1421 4536 si
1451 4482 1575 4552 quis
1598 4484 1900 4553 plurimum

338 4568 479 4624 valet
511 4568 579 4624 ad
609 4571 922 4625 orationum
982 4570 1131 4624 ideas
1169 4571 1570 4642 dijudicandas,
1612 4576 1719 4629 scit
1757 4576 1902 4646 quod

338 4664 814 4733 dico;pra:scrtim
877 4678 1000 4717 cum
1046 4672 1103 4716 et
1140 4654 1356 4719 'Veccus
1420 4667 1533 4720 heri
1589 4674 1647 4722 et
1700 4668 1904 4725 nudius

337 4752 534 4808 tertius
565 4751 877 4817 exstiterit;
936 4752 1062 4806 libri
1094 4767 1247 4816 vero,
1284 4769 1407 4808 cum
1449 4754 1610 4821 longe
1634 4759 1903 4811 vetustio-

338 4859 427 4897 res
457 4856 619 4912 quam
641 4842 728 4894 isti
759 4841 890 4907 sint,
920 4842 1081 4895 verba
1105 4856 1224 4896 esse
1248 4844 1452 4909 inania,
1475 4859 1785 4915 vanumque
1815 4863 1901 4902 re-

336 4936 567 5006 fugium,
608 4934 874 4988 rationem
918 4935 1079 4986 istam
1127 4944 1380 5003 arguunt.

407 5027 654 5096 Amplius
700 5026 868 5080 etiam
901 5034 956 5079 et
1037 5025 1258 5079 aliunde
1314 5026 1416 5081 hoc
1465 5027 1609 5082 idem
1685 5039 1896 5086 certum

336 5118 516 5174 facere
549 5125 732 5185 posset
784 5115 1004 5185 aliquis.
1039 5114 1164 5169 Fuit
1194 5118 1275 5171 vir
1333 5118 1580 5187 quidam,
1607 5135 1729 5175 cum
1786 5124 1901 5193 ple-

338 5213 523 5281 risque
572 5207 694 5262 aliis
732 5222 938 5278 magna:
960 5210 1243 5277 sapientia:
1277 5209 1421 5279 apud
1463 5210 1710 5279 Latinos,
1748 5212 1900 5284 llugo

334 5299 663 5371 appellatus,
693 5296 1113 5365 antiquissimus
1134 5307 1346 5363 auctor,
1366 5305 1423 5354 et
1442 5300 1536 5368 qui
1568 5303 1741 5359 multo
1765 5314 1902 5361 tem-

335 5406 467 5463 pore
504 5404 604 5445 nos
627 5387 960 5443 antecessit:
1010 5402 1076 5441 ex
1105 5402 1214 5458 quo
1239 5389 1387 5443 enim
1428 5390 1555 5457 fuit,
1588 5407 1761 5465 prope
1788 5405 1901 5452 tre.

332 5483 477 5535 ccnti
533 5489 663 5534 sunt
705 5479 834 5532 anni
883 5478 1075 5548 elapsi.
1130 5477 1221 5534 ille
1254 5495 1378 5536 cum
1413 5481 1483 5535 de
1542 5488 1895 5551 processionc

328 5569 571 5640 $piritus
591 5572 765 5626 sancti
806 5571 1035 5633 scribat,
1060 5571 1163 5626 hoc
1191 5574 1370 5642 magni
1419 5574 1608 5630 Basilii
1644 5576 1795 5632 dicto
1825 5579 1896 5632 ad

332 5662 677 5731 probandum
720 5664 914 5717 utitur.
950 5662 1106 5727 Quod
1143 5678 1271 5719 sane
1306 5680 1406 5734 ego
1439 5681 1543 5721 non
1587 5668 1761 5723 solum
1796 5667 1897 5726 La-

2010 4397 2117 4487 ςρῆς
2146 4398 2305 4452 τοῦτο
2333 4401 2390 4453 τὸ
2417 4397 2577 4466 εἶδος.
2603 4404 2670 4458 El
2685 4423 2769 4468 τις
2790 4408 2963 4470 δεινὸς
2983 4411 3154 4480 λόγων
3176 4416 3383 4485 κρίνειν
3409 4397 3576 4487 Ιϐίας,

2006 4484 2146 4540 οἶδεν
2179 4490 2208 4541 ὃ
2240 4491 2420 4558 λέγω·
2457 4494 2633 4560 ἄλλως
2664 4514 2723 4551 τε
2772 4502 2865 4553 toﬁ
2907 4502 3116 4558 Βέκκου
3146 4484 3277 4573 xlii;
3323 4510 3419 4564 καὶ
3444 4484 3580 4580 πρόζ

2008 4595 2167 4649 τριτα
2194 4584 2498 4650 γεγονότος,
2536 4589 2591 4639 al
2632 4587 2806 4656 βίϐλοι
2838 4592 3015 4663 πολλῴ
3044 4595 3251 4650 τούτων
3283 4600 3577 4654 παλαιότεο

2010 4690 2100 4743 ραι
2130 4669 2311 4738 οὖσαι,
2366 4678 2521 4743 λόγον
2552 4679 2726 4743 ἄλλως
2772 4680 2921 4746 ὄντα,
2966 4685 3061 4737 καὶ
3105 4689 3346 4756 ματαίαν
3409 4708 3578 4745 κατα-

2005 4766 2207 4836 φυγὴν,
2247 4768 2341 4819 τὸν
2368 4768 2525 4835 λόγον
2546 4770 2737 4826 τοῦτον
2764 4774 3099 4845 ἐλέγχουσιν.

2078 5033 2199 5085 Ἔτι
2250 5034 2307 5087 δὲ
2337 5036 2431 5090 καὶ
2488 5036 2753 5107 ἑτέρωθεν
2811 5039 2969 5094 τοῦτο
3019 5041 3435 5101 meabat?“
3462 5064 3573 5113 τις.

2015 5125 2179 5195 ’Δνὴρ
2208 5126 2358 5196 παρὰ
2390 5128 2641 5193 Λατίνοις
2673 5130 2773 5183 σὺν
2794 5132 2978 5196 ἄλλοις
3007 5133 3221 5201 πολλοῖς
3255 5138 3449 5207 γεγονσ
3476 5158 3577 5210 μισ

2002 5216 2173 5286 γάλης
2212 5218 2427 5286 σοφίας,
2472 5217 2664 5287 Οὕγων
2714 5224 3049 5294 καλούμενος
3084 5227 3460 5295 παλαιότατός
3513 5250 3577 5288 τι

2001 5307 2095 5360 καὶ
2123 5308 2302 5379 χρόνῳ
2331 5308 2512 5380 πολλῷ
2542 5313 2756 5379 φθάσας
2797 5315 2945 5385 ἡμᾶς
2965 5331 2979 5347 ο
3037 5317 3319 5389 παρῆλθον
3344 5322 3456 5393 γὰρ
3483 5324 3580 5391 ιγ-

2000 5399 2102 5468 γῦς
2133 5401 2462 5470 τριακοσίων
2496 5404 2763 5459 ινιαυτῶν
2791 5405 2852 5471 ἐξ
2877 5405 2939 5460 οὗ
2966 5408 3215 5476 γέγονεν.
3245 5405 3417 5478 οὗτος
3447 5417 3579 5484 περὶ

2000 5490 2097 5559 τῆς
2131 5490 2225 5551 τοῦ
2258 5492 2416 5559 ἁγίου
2450 5494 2770 5567 Πνιύματος
2820 5499 3202 5569 ικπορεύσεως
3249 5507 3576 5576 συγγραφάς

2004 5598 2184 5651 μενος,
2220 5584 2297 5652 τῷ
2322 5583 2477 5655 ρητῷ
2499 5586 2594 5640 τοῦ
2626 5589 2864 5657 μεγάλου
2892 5592 3178 5646 Βασιλείου
3205 5593 3337 5664 πρὸς
3361 5597 3576 5651 ἀπόδει-

2002 5673 2083 5737 ξιν
2116 5675 2396 5745 κέχρηται.
2434 5677 2600 5734 Τοῦτο
2621 5680 2665 5734 δ’
2691 5680 2800 5751 ἐγὼ
2832 5685 2889 5737 ού
2918 5686 3221 5751 Acta-nati);
3256 5685 3378 5742 ίδὼν
3410 5687 3574 5761 μόνον
