3966 6218
333 418 449 484 329

1285 425 1386 490 DE
1423 427 1952 494 PBOCESSIONI
1981 430 2336 496 SPIBI'I‘U‘S
2366 422 2660 498 SANCTL

3477 433 3600 498 330’

340 537 478 607 ἡμῖν
529 509 872 604 ἀναγγέλλει),
925 535 1064 591 ἀλλὰ
1097 535 1200 592 κάν
1239 541 1310 612 τῇ
1347 541 1955 609 Κωνσταντινουπὸλιιι,

2060 547 2138 601 ine
2172 546 2408 617 inspexi,
2437 545 2704 617 vobisque
2754 535 2959 615 refero,
2992 562 3182 604 verum
3237 547 3400 603 etiam
3438 546 3588 603 Con-

355 627 690 698 Ἑλληνικῶς
741 630 1150 698 γεγραμμένον.
1213 633 1328 686 Οὐκ
1386 633 1554 686 αὑτοῦ
1589 633 1794 704 βιϐλίον
1821 634 1918 689 τοῦ

342 715 620 780 Οὖγωνος,
649 717 785 772 ἀλλά
839 719 1058 790 Νικῆτα
1103 722 1272 786 τινὸς,
1305 722 1380 786 ὡς
1409 720 1584 794 οἶμαι,
1622 728 1922 781 ἐπισκόπου

343 807 768 879 Θεσσαλονίκης,
819 811 928 883 πρὸ
983 813 1278 868 διακοσίων
1325 817 1660 886 πεντήκοντα
1715 819 1923 889 χρόνων

260 897 302 942 .’
344 902 742 972 γεγενημένου,
794 903 1137 972 άντιλογικδν
1179 905 1318 976 πρὸς
1353 908 1444 962 τὸν
1495 909 1837 976 omva
1877 902 1925 978 ᾧ

342 992 598 1062 φαίνεται
623 993 802 1064 τούτῳ
833 995 912 1064 τῷ
944 997 1098 1067 ῥητῷ
1130 999 1158 1050 ὁ
1213 997 1408 1066 Οὓγων
1443 1001 1810 1070 χρησάμενος,
1843 1004 1926 1064 εις

343 1083 490 1150 ἱμὰς
517 1083 672 1137 ἐλθὸν
706 1087 897 1158 χεῖρας
930 1087 1193 1155 ἀνέγνων.
1230 1089 1428 1143 Καίτοι
1465 1090 1495 1142 δ
1519 1091 1927 1162 Θεσσαλονίκης

347 1168 502 1238 οὗτος
547 1176 627 1246 τῷ
673 1176 925 1232 Λατίνων
973 1181 1306 1250 προσέκειτο
1365 1183 1646 1253 δόγματι·
1709 1185 1770 1237 τὸ
1817 1184 1948 1253 γὰρσ

349 1267 726 1337 συμπέρασμα
778 1269 979 1339 ἀληθὲς
1028 1267 1172 1326 εἶναι
1235 1273 1526 1338 δδόξαζεν·
1583 1273 1940 1343 ἐμάχετοδδ,

351 1355 509 1411 τοῦτο
540 1357 604 1428 δὴ
637 1359 695 1412 τὺ
723 1359 1040 1432 λεγόμενον,
1067 1362 1208 1434 ὑπὲρ
1243 1363 1368 1417 ὄνου
1394 1365 1573 1430 σκιᾶς,
1604 1365 1931 1434 p.thin-

350 1462 468 1514 γων
499 1449 634 1518 μηδὲ
664 1450 874 1520 τάληθῆ
904 1451 980 1521 τῷ
1011 1454 1276 1524 Συμϐόλῳ
1311 1456 1651 1526 προσθεῖναι.
1687 1457 1931 1527 Πρᾶγμα

355 1539 608 1608 μεγάλης
638 1542 924 1604 εὐλαϐείας
947 1561 1006 1597 τε
1037 1546 1133 1599 καὶ
1181 1548 1378 1614 σοφίας
1397 1563 1410 1579 ·
1441 1548 1631 1616 ὅμοιον
1661 1547 1737 1611 ὡς
1765 1548 1820 1601 εἴ
1848 1565 1932 1612 τις

351 1629 536 1697 ἔλεγε,
567 1631 642 1700 μὴ
688 1632 795 1684 δεῖν
844 1635 1327 1705 παρρησιάζεσθαι
1359 1638 1456 1707 τὴν
1489 1637 1769 1709 ἀλήθειαν.
1821 1641 1934 1693 Καὶ

356 1722 535 1775 ταῦτα
559 1721 776 1789 arma»
809 1742 869 1778 τε
902 1727 998 1780 καὶ
1049 1727 1347 1795 ιπλάτυνα,
1378 1729 1550 1794 δεῖξαι
1585 1730 1932 1801 βουλόμενος,

2028 637 2391 708 atautinopoli
2421 651 2546 693 cum
2581 640 2638 692 in
2664 652 2812 694 meas
2842 653 3038 695 manus
3065 639 3373 705 incidisset,
3401 638 3589 696 Graece

2023 730 2290 798 scriptum
2313 730 2441 799 legi.
2471 730 2597 801 Legi
2638 746 2770 786 vero
2789 747 2898 786 non
2917 731 3141 801 quidem
3173 731 3376 786 librum
3413 731 3590 801 ipsius

2023 820 2289 891 Hugonis,
2349 822 2443 876 sed
2477 821 2679 878 Hiceta
2749 823 3039 893 cujusdam
3069 831 3259 878 contra
3290 822 3574 893 nugonem

2024 903 2224 964 librum
2268 910 2622 982 antilogicum
2658 911 2786 982 (hoc
2813 923 2920 974 est,
2941 911 3410 968 concertatorium
3439 926 3504 965 ac
3525 909 3592 964 de

2025 1001 2394 1069 controversis
2417 1003 2728 1072 scriptum),
2767 1012 2827 1058 ut
2855 1018 2957 1074 ego
3025 1003 3311 1067 arbitrior,
3344 1002 3594 1071 episcopi
3629 1015 3632 1018 '

2027 1091 2556 1158 Thessalonicensis,
2590 1093 2685 1163 qui
2720 1093 2826 1149 fuit
2867 1103 2995 1150 ante
3021 1093 3290 1149 ducentos
3322 1093 3596 1162 quinqua-

2027 1185 2178 1256 ginta
2204 1200 2398 1243 annos.
2430 1187 2491 1242 In
2519 1201 2630 1258 quo
2669 1187 2890 1242 videtur
2919 1185 3019 1241 iste
3044 1185 3219 1256 Hugo,
3248 1183 3350 1239 bac
3376 1193 3595 1242 senten-

2031 1276 2106 1332 tia
2142 1292 2276 1332 usus
2301 1277 2494 1334 fuisse.
2530 1279 2696 1348 Atqui
2719 1279 2816 1334 iste
2848 1277 3353 1332 Thessalonicensis
3380 1275 3626 1338 Latinum

2032 1383 2154 1422 rum
2174 1369 2493 1425 adbwrebat
2515 1369 2778 1440 dogmati:
2803 1371 3217 1428 conclusionem
3242 1368 3393 1424 enim
3413 1385 3596 1423 veram

2031 1474 2155 1516 esse
2207 1461 2576 1530 epinabatur:
2610 1461 2978 1521 contendebat
3003 1476 3136 1517 vero
3163 1461 3216 1516 id
3245 1459 3391 1532 quod
3430 1469 3517 1515 est
3544 1459 3597 1513 in

2039 1553 2358 1622 proverbio,
2411 1553 2480 1609 de
2512 1539 2704 1610 umbra
2742 1553 2884 1609 asini
2949 1573 2963 1609 :
3020 1570 3132 1609 non
3188 1563 3466 1624 oportere.
3517 1552 3601 1604 in-

2033 1643 2251 1714 quiens.
2287 1661 2391 1701 nec
2421 1645 2788 1716 ipsaquidem
2814 1661 2941 1700 vera
2967 1646 3226 1716 Symbolo
3259 1643 3478 1700 addere.
3499 1641 3604 1696 Res

2037 1731 2257 1790 scilicet
2273 1749 2482 1805 magna:
2522 1736 2829 1806 religionis,
2871 1735 3140 1805 scrupuli,
3179 1751 3245 1793 ac
3277 1734 3598 1804 sapientiaa:

355 1813 434 1876 ὡς
467 1814 659 1882 γέγονε
702 1815 802 1884 μὲν
827 1817 886 1869 ὲν
913 1819 1029 1880 τοῖς
1060 1820 1290 1887 βιϐλίοις
1321 1821 1521 1890 φθορά,
1567 1822 1758 1890 γέγονε
1785 1822 1844 1876 δὲ
1872 1823 1932 1876 οὐ

2060 1839 2150 1878 non
2181 1840 2366 1890 secus,
2404 1838 2467 1880 ac
2489 1826 2534 1880 si
2562 1827 2762 1896 aliquis
2784 1820 3015 1890 diceret,
3046 1841 3154 1880 non
3182 1829 3438 1896 oportere
3467 1824 3622 1878 veri—t

360 1907 514 1974 παρὰ
537 1906 782 1960 Λατίνων
831 1911 922 1963 καὶ
947 1911 1058 1964 τῶν
1082 1914 1495 1982 προσκειμένων
1525 1915 1771 1980 ἐκείνοις,
1799 1913 1931 1968 ἀλλὰ

2062 1927 2206 1972 atem
2241 1918 2414 1973 libere
2451 1895 2718 1988 proﬁteri.
2745 1918 2923 1990 Atque
2957 1919 3072 1974 bazc
3093 1895 3510 1979 fuserecensui,
3553 1924 3609 1970 et

356 1995 674 2050 τούναντίον
731 2001 930 2069 μᾶλλον
985 2005 1135 2075 παρὰ
1179 1992 1287 2058 τῶν
1319 2004 1612 2076 ἐριζόντων
1645 2007 1777 2077 πρὸς
1803 2010 1931 2072 τοὺς

2060 2009 2292 2074 Iilatavi,
2341 2009 2536 2065 volens
2586 2011 2877 2066 ostendere
2913 2009 3106 2064 factam
3132 2009 3354 2080 quidem
3383 2023 3505 2063 esse
3553 2006 3607 2061 in

362 2089 623 2152 Λατίνους
649 2105 664 2121 ⁸
701 2093 798 2146 καὶ
831 2095 858 2162 ἡ
889 2095 1066 2166 φθορά
1122 2097 1183 2150 οὐ
1234 2101 1376 2151 κατὰ
1426 2099 1770 2169 προσθήκην,
1800 2100 1939 2157 ἀλλὰ

2060 2102 2192 2157 ibris
2211 2102 2646 2169 corruptionem.
2680 2104 2876 2159 lactant
2911 2112 3095 2156 tamen
3158 2117 3267 2155 non
3329 2115 3360 2155 a
3407 2099 3614 2154 Latinis

366 2181 508 2232 κατὰ
539 2182 836 2254 ἀφαίρεσιν
887 2189 1137 2256 γέγονεν.
1203 2189 1355 2242 Ὢστ⁹
1403 2191 1579 2254 οὐδεὶς
1610 2190 1689 2243 ἔτι
1711 2191 1942 2256 δικαίως

2060 2202 2094 2248 et
2117 2193 2336 2248 illorum
2375 2193 2708 2260 fautoribus,
2737 2196 2833 2250 sed
2862 2204 3050 2249 contra
3078 2194 3264 2264 potius
3293 2192 3364 2247 ab
3429 2191 3496 2245 iis
3520 2193 3615 2262 qui

367 2270 570 2326 Βέκκον
601 2275 635 2346 ἢ
669 2277 794 2340 τοὺς
818 2279 1038 2348 ὁμοίους
1067 2279 1395 2346 αἰτιάσεται,
1429 2281 1536 2334 τῶν
1564 2281 1784 2351 βιδλίων
1817 2283 1946 2334 πολ-

2060 2284 2310 2339 idversus
2361 2285 2591 2340 Latinos
2619 2285 2974 2348 contendunt,
3002 2285 3285 2353 ipsamque
3315 2281 3615 2350 corruptio~

371 2360 450 2431 λῷ
479 2365 587 2433 πρὸ
619 2366 713 2419 τοῦ
752 2369 960 2422 Βέκκου
990 2371 1240 2441 βοώντων
1267 2373 1366 2442 τὴν
1401 2371 1681 2442 ἀλήθειαν.

2060 2389 2175 2429 nem
2202 2389 2312 2428 non
2341 2375 2644 2429 secundum
2687 2375 3050 2438 additionem,
3085 2373 3179 2428 sed
3195 2370 3614 2426 diminutionem

370 2453 571 2515 laetam
601 2477 745 2518 esse.
802 2465 882 2519 lta
942 2475 1001 2520 ut
1040 2482 1204 2522 nemo
1277 2469 1330 2522 in
1377 2477 1656 2538 posterum
1724 2468 1984 2535 Veccum,
2062 2469 2147 2526 vel
2209 2470 2418 2527 similes
2452 2473 2601 2543 justo
2654 2479 2900 2536 accuset,
2961 2469 3114 2524 libris
3160 2467 3294 2541 ipsis
3315 2467 3617 2536 longeanlc

372 2552 607 2609 Veecum
639 2558 925 2612 veritatem
954 2558 1129 2628 ipsam
1160 2561 1548 2618 clamantibus.

444 2663 552 2718 Καὶ
579 2664 751 2718 ταῦτα
773 2667 874 2736 μὲν
896 2668 1003 2722 άπὸ
1023 2669 1114 2723 τοῦ
1130 2672 1323 2742 χρόνου
1344 2677 1548 2744 σημεῖα
1590 2673 1762 2740 οὕτως
1785 2676 1948 2730 άνανο

373 2753 606 2826 τίρῤητά
661 2773 723 2811 τε
777 2761 869 2814 καὶ
908 2763 1224 2833 θαυμαστά.
1282 2768 1358 2820 Οὐ
1394 2770 1500 2839 μὴν
1533 2771 1670 2824 ἀλλὰ
1710 2772 1803 2824 καὶ
1846 2771 1942 2824 ἀπ’

372 2847 542 2914 αὐτῆς
569 2848 668 2917 τῆς
700 2851 976 2920 φράσεως,
1009 2857 1108 2909 καὶ
1145 2857 1241 2910 τοῦ
1281 2858 1508 2924 κάλλους
1561 2862 1662 2930 τῆς
1697 2879 1942 2932 συγγρα-

373 2934 510 3005 φῆς,
539 2939 751 3010 εἴρηται
779 2946 853 3014 μὴ
883 2945 993 3000 δεῖν
1022 2947 1211 3021 ἑτέρον
1239 2953 1535 3018 πιστεύειν,
1569 2955 1602 3025 ἢ
1643 2954 1740 3008 τοῦ
1769 2957 1943 3026 μάκα-

377 3046 472 3097 ρος
501 3032 782 3088 Βισιλείου
817 3041 998 3106 φωνάς
1032 3038 1172 3096 εἶναι
1203 3044 1376 3099 ταῦτα
1407 3047 1475 3100 τά
1503 3047 1743 3117 ῥήματα.
1777 3049 1945 3104 Οὐδὲν

2126 2680 2196 2735 Et
2219 2679 2331 2736 haec
2348 2681 2568 2752 quidem
2591 2699 2619 2737 a
2645 2692 2888 2753 tempore
2906 2681 3191 2751 desumpta
3211 2679 3321 2735 sint
3337 2677 3488 2749 signa
3510 2685 3619 2734 tam

2052 2773 2210 2840 mira,
2264 2783 2321 2828 et
2369 2775 2678 2838 manifesta,
2717 2786 2773 2830 et
2829 2791 2950 2844 quae
2983 2772 3235 2827 convinci
3271 2772 3422 2825 nullo
3456 2769 3620 2824 modo

2050 2873 2275 2936 queant.
2311 2865 2821 2930 Verumenimvero,
2855 2876 2910 2920 et
2941 2882 3006 2920 ex
3039 2866 3154 2936 ipsa
3186 2864 3405 2934 quidem
3428 2863 3618 2918 elocu-

2052 2956 2223 3022 tione,
2250 2965 2303 3011 et
2343 2958 2752 3026 pulchritudine
2784 2957 3107 3027 scriptionis
3135 2956 3344 3011 dictum
3368 2963 3472 3018 est,
3505 2953 3620 3008 haec

2051 3047 2216 3102 verba
2256 3047 2459 3104 nullius
2485 3049 2710 3104 alterius
2755 3059 3006 3118 oportere
3034 3048 3279 3112 credere,
3303 3061 3463 3117 quam
3477 3047 3622 3102 beati

375 3122 443 3217 is
469 3123 618 3192 ὅμως
644 3121 828 3198 ἧττον,
888 3133 985 3185 καὶ
1023 3133 1120 3186 ἀπ’
1149 3135 1320 3206 αὐτῆς
1343 3137 1443 3206 τῆς
1472 3141 1681 3206 ἑννοίας
1719 3146 1821 3202 καὶ
1847 3145 1947 3215 τῆς

2060 3138 2233 3196 Basilii
2265 3155 2385 3196 esse
2420 3156 2602 3196 voces.
2632 3141 3000 3196 Nihilominus
3026 3151 3207 3195 tamen
3245 3150 3301 3194 et
3334 3140 3400 3193 ab
3428 3139 3618 3192 eadem

374 3215 486 3268 τῶν
507 3219 834 3288 ,ἡγουμένων
857 3239 916 3276 τε
967 3226 1062 3279 καὶ
1094 3227 1378 3298 ἑπομένων
1407 3232 1754 3300 ἀκολουθίας,
1789 3237 1843 3289 εί
1869 3253 1952 3298 τις

2060 3233 2170 3302 ipsa
2202 3233 2582 3302 intelligentia,
2604 3243 2660 3288 et
2694 3232 3135 3288 antecedentium
3171 3248 3236 3287 ac
3271 3232 3612 3299 subsequen-

377 3305 632 3396 ἀκριϐῶς
656 3311 970 3384 ιπιστήσειε
1001 3317 1080 3388 τῷ
1109 3321 1318 3392 σκοπῷ,
1378 3323 1440 3378 τὸ
1470 3325 1604 3378 αὐτὸ
1633 3327 1795 3380 τοῦτο
1850 3345 1951 3396 φα-

379 3395 628 3466 νήσεται.

455 3497 564 3550 1Τοῦ
595 3498 862 3570 Εὐνομίου
915 3505 980 3558 ὲκ
1007 3507 1100 3560 τοῦ
1147 3511 1208 3562 τὸ
1263 3509 1490 3580 Πνεῦμα
1521 3510 1580 3566 τὸ
1614 3511 1770 3581 ἅγιον
1805 3515 1956 3586 παρὰ

380 3591 494 3645 τῶν
523 3593 696 3662 άγίων
737 3597 921 3667 τρίτον
955 3603 1022 3671 τῇ
1059 3601 1233 3667 τάξει,
1265 3605 1359 3657 καί⁸
1389 3605 1467 3675 τῷ
1497 3604 1766 3675 ἀξιώματι
1796 3607 1954 3674 λέγε.⁸

387 3685 532 3750 σθαι,
572 3689 756 3750 τρίτον
784 3683 923 3744 εἷναι
948 3696 1015 3763 τῇ
1043 3693 1202 3762 φύσει
1240 3695 1587 3766 συνάγοντος,
1616 3701 1644 3752 ὁ
1687 3698 1830 3761 Θεῖος
1853 3698 1959 3752 Bas

387 3781 588 3844 σίλειος
617 3783 756 3852 πρὸς
785 3785 847 3837 τὸ
877 3787 1252 3858 συμπέρασμα
1295 3790 1685 3860 δυσχεραίνων,
1720 3792 1788 3844 τά
1817 3791 1959 3858 μέσα

385 3874 537 3942 ὅμως
566 3875 666 3929 οὐκ
687 3877 951 3948 ἀρνεῖται,
982 3879 1184 3950 δηλαδὴ
1207 3882 1268 3934 τὸ
1288 3882 1347 3935 τὸ
1369 3882 1592 3948 Πνεῦμα
1620 3884 1803 3951 τρίτον
1824 3879 1985 3938 εῖναι·

385 3968 457 4036 τῇ
481 3966 626 4031 τάξει
655 3973 746 4020 καὶ
768 3969 847 4040 τῷ
875 3971 1168 4040 ἀξιώματι.
1210 3973 1270 4024 El
1301 3975 1408 4042 γὰρ
1440 3977 1529 4027 καὶ
1553 3973 1742 4044 ὥσπερ
1771 3974 1963 4044 δυσχε-

392 4059 595 4127 ραίνων
623 4059 723 4131 βοᾷ
752 4062 929 4130 λέγων
961 4067 1082 4116 κατ’
1116 4065 1401 4132 Εὑνομίου,
1429 4067 1586 4128 Τίνες
1617 4066 1672 4120 δὲ
1699 4067 1750 4120 οί
1795 4066 1964 4136 ἅγιοι,

390 4150 489 4202 καὶ
521 4150 584 4204 ὲν
608 4154 782 4215 ποίοις
830 4152 1010 4222 λόγοις
1062 4154 1159 4225 τὴν
1209 4154 1556 4208 διδασκαλίαν
1616 4157 1965 4227 πεποίηνται,

392 4243 573 4295 εἰπεῖν
603 4243 705 4296 οὐκ
756 4243 892 4314 ἔχει,
935 4245 1036 4298 οὐκ
1071 4246 1422 4315 ἐνιστάμενος
1462 4248 1612 4316 ὅμως
1651 4248 1789 4318 πρὸς
1812 4247 1968 4301 τοῦτο

391 4332 572 4387 ταῦτά
601 4351 791 4407 φησιν,
837 4335 948 4389 οὐδ’
979 4338 1225 4406 ἀπαρνού
1235 4354 1395 4407 μενος
1441 4338 1502 4390 τὸ
1531 4337 1713 4408 τρίτον
1740 4336 1878 4392 εἶναι
1909 4339 1968 4390 τὸ

2058 3325 2190 3378 tium
2233 3334 2515 3390 contextu,
2553 3325 2598 3379 si
2641 3326 2764 3394 quis
2792 3324 3080 3394 diligenter
3127 3339 3352 3392 scopum
3382 3337 3622 3392 perpen-

2058 3413 2221 3476 derit,
2262 3413 2364 3466 hoc
2393 3413 2538 3467 idem
2569 3413 2870 3482 apparebit.

2133 3503 2275 3558 Cum
2309 3504 2634 3568 Eunomius,
2672 3520 2736 3559 ex
2764 3520 2830 3560 eo
2857 3503 2999 3574 quod
3039 3503 3279 3573 Spiritus
3341 3515 3562 3558 sanctus
3597 3521 3625 3557 a

2058 3596 2260 3651 sanctis
2291 3597 2487 3650 tertius
2508 3597 2699 3651 ordine
2753 3612 2816 3652 ac
2847 3596 3120 3666 dignitate
3172 3596 3472 3659 diceretur,
3523 3605 3630 3650 ter-

2062 3689 2196 3742 tium
2227 3703 2448 3758 quoque
2471 3703 2595 3742 eum
2623 3703 2744 3742 esse
2766 3697 2954 3741 natura
2984 3688 3287 3757 colligeret,
3332 3685 3489 3740 divus
3523 3686 3631 3741 Ba-

2062 3779 2247 3842 silius,
2276 3779 2683 3833 conclusionem
2716 3779 2942 3836 moleste
2967 3777 3165 3842 l'erens,
3186 3793 3291 3832 non
3326 3787 3484 3846 negat
3523 3794 3635 3832 tne-

2063 3872 2170 3939 dia,
2197 3873 2477 3937 nimirum,
2509 3872 2773 3942 Spiritum
2823 3883 3070 3926 sanctum
3116 3874 3339 3926 tertium
3394 3888 3513 3927 esse
3548 3889 3638 3926 or-

2065 3966 2190 4020 dine
2219 3980 2282 4019 ae
2314 3965 2598 4034 dignitate.
2653 3963 2803 4018 Licet
2861 3963 3008 4018 enim
3047 3965 3210 4019 veluti
3250 3980 3390 4034 asgre
3434 3965 3634 4029 ferens,

2066 4060 2262 4113 clamet
2287 4057 2548 4111 adversus
2593 4057 2920 4111 Eunomium
2943 4074 2956 4110 :
2983 4057 3086 4122 Qui
3146 4072 3272 4110 vero
3302 4057 3413 4111 sint
3438 4059 3635 4120 sancti,

2066 4157 2130 4203 et
2157 4149 2210 4202 in
2242 4149 2444 4218 quibus
2471 4148 2820 4203 sermonibus
2844 4147 2984 4202 hanc
3025 4149 3333 4203 doctrinam
3389 4149 3636 4212 fecerint,

2068 4241 2251 4295 dicere
2271 4241 2499 4310 nequit:
2530 4254 2636 4294 non
2671 4249 2851 4294 tamen
2891 4240 2944 4294 id
2977 4254 3178 4307 urgens
3201 4240 3314 4293 lucc
3339 4240 3434 4304 ait,
3462 4256 3639 4308 neque

2071 4345 2274 4401 negans
2305 4331 2530 4385 tertium
2556 4344 2676 4384 esse
2702 4329 2917 4392 ordine,
2946 4345 3012 4384 ac
3045 4329 3152 4383 dici
3179 4345 3208 4382 a
3253 4329 3457 4382 sancuis
3519 4329 3643 4398 Spi.

393 4427 623 4497 Πνεῦμα
649 4431 715 4502 τῇ
736 4429 912 4496 τάξει,
941 4430 1250 4501 ἢλέγεσθαι
1281 4430 1428 4502 παρὰ
1457 4431 1567 4484 τῶν
1594 4432 1784 4500 ἁγίων,
1812 4432 1886 4496 ὡς
1915 4434 1955 4485 ol

2073 4421 2265 4486 ritum,
2294 4419 2761 4492 quemadmodum
2794 4429 3066 4475 nostrates
3095 4419 3232 4474 male
3286 4420 3599 4474 existimant
3626 4438 3641 4483 ;

391 4493 660 4589 ἠμίτεροι
681 4493 866 4584 κακῶς
897 4493 1124 4586 οἴονται,
1153 4522 1294 4576 οὕτω
1316 4493 1424 4592 γάρ
1448 4521 1517 4576 ἃν
1556 4493 1653 4576 καί
1676 4493 1852 4595 ἐαυτῷ
1868 4493 1955 4580 ’καί

2074 4515 2152 4569 sic
2185 4513 2332 4568 enim
2365 4514 2478 4582 ipse
2506 4511 2611 4568 sibi
2655 4527 2719 4568 ac
2755 4511 2975 4567 veritati
2998 4512 3386 4566 adversaretur
3411 4529 3423 4565 :
3449 4510 3544 4566 sed
3578 4511 3644 4565 ab

393 4613 466 4681 τῇ
500 4611 726 4684 ἀληθείᾳ
781 4612 1136 4683 ἠναντιοῦτο·
1195 4613 1332 4667 ἀλλὰ
1393 4615 1529 4685 πρδς
1564 4613 1662 4686 τὴν
1714 4606 1970 4669 ἀπόνοιαν

393 4703 771 4775 δυσχεραίνων
826 4705 922 4758 τοῦ
983 4705 1274 4775 Εὑνομίου,
1307 4707 1402 4760 καὶ
1434 4706 1737 4778 ἀχθόμενος
1781 4709 1871 4761 ἐπὶ
1894 4708 1972 4778 τῷ

397 4797 832 4868 συμπεράσματι
857 4796 1140 4869 τῷντρίτον
1174 4793 1312 4851 εῖναι
1351 4800 1444 4854 καὶ
1478 4803 1547 4872 τῇ
1579 4799 1741 4868 φύσει
1772 4799 1974 4871 δηλαδὴ

394 4887 460 4940 τὺ
495 4887 742 4958 Πνεῦμα,
759 4888 854 4942 καὶ
880 4888 976 4959 τὴν
1003 4888 1428 4960 παρασιὼπησιν
1455 4890 1622 4945 αὐτοῦ
1649 4892 1976 4962 αίτιὼμενος

396 4972 434 5052 ἦ
477 4977 788 5047 σεσιώπηκε
837 4981 964 5044 τοὺς
1020 4979 1184 5035 τοῦτο
1232 4981 1490 5051 λέγοντας
1525 4983 1736 5051 ἁγίους,
1772 4984 1976 5053 ταύτην

398 5070 656 5140 ἒξεσὸησε
685 5074 788 5142 τὴν
817 5074 1024 5144 φωνήνο
1057 5073 1218 5138 Τίνες
1246 5075 1303 5127 δὲ
1332 5077 1380 5127 οί
1413 5076 1562 5143 ἅγιοι
1597 5075 1692 5129 καὶ
1719 5078 1776 5129 ιν
1802 5076 1975 5140 ποίοις

395 5162 578 5228 λόγοις
603 5163 703 5232 τὴν
729 5164 1092 5219 διδασκαλίαν
1114 5165 1464 5237 πεποίηνται,
1491 5168 1668 5218 εἰπεῖν
1700 5168 1800 5220 οὐκ
1839 5167 1972 5236 ἔχει.

398 5253 573 5321 Δῆλον
598 5255 794 5324 γὰρὼς
824 5258 873 5310 εί
894 5258 986 5320 τάς
1003 5258 1114 5313 τῶν
1146 5257 1317 5326 ἁγίων
1345 5259 1536 5328 ῥήσεις
1569 5257 1846 5327 ἐξέθηκεν,
1876 5261 1978 5313 οὐκ

397 5345 470 5401 ἂν
497 5342 642 5416 εἶχεν
681 5347 810 5410 ίσως
871 5347 931 5401 τὸ
959 5348 1161 5403 ἄτοπον
1212 5350 1515 5418 ιπαγαγεῖν
1575 5351 1974 5422 συμπέρασμα.

401 5437 599 5506 Ἱαμεν
625 5437 733 5510 γὰρ
756 5439 830 5502 ὡς
857 5440 952 5494 καὶ
978 5442 1088 5494 ἀπὸ
1117 5440 1234 5504 ἑνός
1261 5457 1405 5504 τινος
1431 5441 1696 5510 ῥήματος,
1723 5443 1756 5514 ἢ
1780 5441 1976 5506 λίξεως

403 5532 696 5594 πολλάκις,
727 5535 757 5585 ὁ
793 5534 902 5596 πᾶς
939 5537 1143 5597 σκοπὸς
1174 5531 1268 5586 τοῦ
1299 5533 1767 5602 συγγραψαμένου
1819 5535 1914 5586 καὶ
1943 5535 1977 5604 ἠ

400 5625 616 5678 διάνοια
643 5629 915 5694 φαίνεται,
967 5626 1043 5689 ὡς
1080 5624 1156 5696 μὴ
1209 5624 1411 5689 ἐξεῖναί
1468 5641 1588 5677 τινα
1637 5623 1852 5677 οἴκοθεν
1879 5641 1979 5678 κα-

404 5722 688 5790 κουργεῖν,
719 5721 812 5771 aui.
860 5719 1235 5790 συμπέρασμα
1284 5717 1566 5786 ἐπιφέρειν
1595 5718 1716 5779 ταῖς
1752 5717 1978 5770 ἐκείνων

403 5813 615 5880 φωναῖς
650 5811 724 5882 μὴ
757 5811 1078 5883 συμῦαίνον.
1112 5810 1274 5864 Ὅθεν
1308 5811 1356 5863 εἰ
1389 5810 1482 5863 καὶ
1511 5808 1775 5880 Εὖνόμιος
1810 5826 1980 5880 προσο

2074 4608 2332 4666 Eunomii
2371 4607 2646 4662 dementia
2675 4607 3027 4663 vehementer
3050 4605 3380 4672 abhorrens,
3413 4616 3469 4662 ct
3502 4605 3641 4661 indi-

2077 4720 2180 4775 gne
2215 4703 2399 4759 ferens
2458 4702 2892 4770 conclusionem,
2942 4703 3215 4757 nimirum
3273 4703 3496 4758 tertium
3523 4715 3646 4756 esse

2077 4796 2341 4868 Spiritum
2373 4796 2535 4852 etiam
2588 4807 2807 4862 natura,
2864 4806 2920 4851 et
2971 4796 3255 4852 silentium
3297 4796 3444 4851 illius
3479 4809 3648 4848 accuo

2076 4905 2223 4953 sans,
2255 4889 2404 4959 quod
2447 4890 2698 4954 tacuerit,
2757 4888 3094 4959 minimeque
3158 4888 3486 4944 indicaverit
3514 4903 3643 4942 san-

2077 4988 2196 5035 ctos
2261 4980 2354 5048 qui
2412 4979 2560 5035 istud
2615 4977 2904 5044 aliirment,
2933 4979 2986 5034 in
3032 4979 3172 5034 hanc
3205 4995 3392 5035 vocem
3427 4981 3648 5048 erupit:

2076 5069 2182 5137 Qui
2212 5086 2340 5125 vero
2361 5073 2472 5127 sint
2497 5071 2696 5136 sancti,
2733 5081 2789 5126 et
2821 5071 2875 5125 in
2900 5071 3102 5142 quibus
3128 5073 3476 5126 sermonibus
3511 5075 3652 5125 hanc

2079 5162 2387 5218 doctrinam
2446 5163 2796 5226 tradiderint,
2822 5162 3006 5218 dicere
3051 5163 3262 5232 nequit.
3295 5164 3646 5232 Perspicuum

2077 5255 2224 5310 enim
2289 5263 2393 5320 est,
2422 5259 2568 5324 quod
2607 5255 2650 5309 si
2702 5265 3015 5309 sanctorum
3065 5255 3424 5310 auctoritates
3478 5269 3650 5322 expo-

2080 5327 2337 5413 suisset:
2367 5348 2660 5403 absurdam
2722 5349 2956 5404 fortasse
2999 5346 3200 5402 inferre
3239 5345 3647 5401 conclusionem

2084 5441 2308 5496 minime
2330 5439 2623 5508 potuisset.
2668 5439 2886 5493 Scimus
2909 5437 3078 5499 enim,
3107 5436 3255 5506 quod
3285 5451 3350 5490 ex
3378 5450 3488 5489 uno
3517 5451 3651 5504 quo-

2082 5537 2224 5603 piam
2239 5531 2408 5587 verbo
2420 5547 2518 5587 seu
2539 5530 2802 5586 vocabulo
2817 5543 2957 5599 sar-pe
2989 5538 3134 5584 totus
3152 5541 3350 5598 seupus
3373 5528 3656 5598 scriptoris

2082 5635 2137 5680 et
2165 5640 2318 5679 mens
2345 5633 2590 5696 apparet,
2630 5622 2792 5676 alicui
2823 5623 2888 5676 de
2917 5635 3017 5678 suo
3041 5629 3100 5676 ut
3126 5637 3234 5675 non
3258 5621 3419 5675 liceat
3450 5619 3654 5689 aliquid

2084 5714 2336 5769 addendo
2365 5713 2632 5770 malitiose
2665 5729 2846 5782 agere,
2889 5722 2943 5768 et
2995 5712 3404 5767 conclusionem
3459 5725 3651 5764 eorum

2083 5806 2244 5862 dictis
2273 5806 2496 5860 minimc
2522 5815 2947 5861 consentaneum
2975 5804 3195 5860 inferre.
3234 5802 3368 5858 lliuc
3425 5803 3482 5858 lit
3510 5813 3566 5856 ut
3606 5811 3657 5863 si
