3966 6218
269 412 366 477 333

1213 411 1312 477 DE
1355 400 1874 482 PROCESSIONE
1911 420 2272 483 SPIRITUS
2315 419 2606 482 SANG’PI.

3442 391 3548 490 33.!

271 527 546 600 προτιθεὶς
575 525 668 583 τού
704 527 860 596 Υίοῦ,
904 529 936 600 ἢ
979 527 1358 600 πρεσϐύτερον
1384 531 1566 600 λέγων
1593 531 1689 586 τοῦ
1722 534 1835 587 Πα-
1869 539 1888 595 Α

2007 550 2032 588 ε
2059 543 2166 601 εει,
2201 533 2665 605 quemadmodum
2694 533 2748 588 in
2784 533 3075 604 Evangelio
3128 528 3310 586 edocti
3357 545 3547 585 smnus

271 620 416 691 τρδς,
445 614 601 685 οὗτος
629 621 952 676 ἀνθίσταται
982 622 1081 692 μὶν
1103 625 1170 693 τῇ
1199 620 1294 676 τοῦ
1315 622 1452 676 Θεοῦ
1477 623 1732 695 διαταγῇ,
1753 623 1849 679 ἀλ-

1959 643 1990 682 a
2033 627 2266 682 Domino
2315 627 2534 682 dicente
2578 642 2591 678 :
2638 630 2836 681 Euntes
2879 627 3054 679 docete
3111 638 3288 676 omnes
3341 631 3543 690 gentes.

273 707 480 778 λότριος
535 709 593 763 δὲ
641 713 744 782 τῆς
786 711 1142 782 ὑγιαινούσης
1201 713 1317 765 ἐστὶ
1366 713 1625 778 πίστεως,
1682 715 1760 785 μὴ
1792 714 1852 768 ὃν

2006 720 2285 789 ιριὶταηιει
2319 736 2405 773 eos
2435 720 2489 774 in
2517 722 2726 774 nomine
2749 719 2950 781 Patris,
2986 729 3035 771 et
3066 714 3217 777 Filii,
3241 723 3289 767 et
3314 712 3546 782 Spiritus

276 799 552 868 παρέλαϐε
604 800 777 854 τύπον
819 802 1136 870 δοξολεγίας
1167 803 1478 872 φυλάττων.
1531 805 1649 858 ἀλλ’
1675 803 1857 874 ἑαυτῷ

2006 811 2154 863 uncti.
2186 809 2290 874 Qui
2333 819 2516 864 autem
2540 811 2828 878 anteponit
2855 809 3014 875 Filio,
3054 809 3138 862 vel
3174 806 3545 870 antiquiorem

283 891 644 957 καινοφωνίαν
675 893 754 955 είς
785 894 1083 962 ἀρέσκειαν
1129 893 1435 964 ἀνθρώπων
1464 895 1718 950 ιπινοῶν.
1749 897 1862 950 Καὶ

2006 899 2104 953 icit
2131 914 2254 955 esse
2285 901 2483 964 Patre,
2536 901 2640 956 iste
2683 901 2913 971 opponit
2939 916 2996 955 se
3026 899 3250 969 quidem
3285 897 3378 951 Dei
3415 910 3545 948 con.-

287 979 400 1046 μετ’
419 979 597 1047 ὀλίγαο
630 981 795 1034 Ὥστε
819 983 852 1050 ἡ
880 981 1013 1053 περὶ
1041 981 1140 1052 τὴν
1167 981 1322 1048 τάξιν
1344 983 1669 1052 καινοτομία
1695 984 1864 1054 αὐτῆς

1980 990 2282 1055 stitutioui,
2321 993 2538 1048 alienus
2575 1007 2708 1046 vero
2726 1002 2812 1047 est
2846 1008 2874 1046 a
2905 1007 3035 1046 sana
3084 990 3189 1044 ﬁde
3213 1030 3228 1054 ,
3277 1003 3402 1042 cum
3435 985 3548 1039 for-

285 1069 380 1138 τῆς
402 1071 690 1142 ὑπάρξεως
719 1073 981 1144 ἀθέτησιν
1024 1075 1161 1146 ἔχει,
1207 1076 1302 1129 κα)⁸
1332 1075 1470 1146 ὅλης,
1493 1075 1596 1145 τῆς
1626 1075 1867 1140 πίστεώς

2006 1081 2178 1136 aulam
2231 1084 2515 1154 religionis
2569 1083 2834 1149 colendae,
2889 1098 3055 1153 quam
3103 1079 3401 1149 acceperit,
3437 1091 3546 1130 non

285 1163 434 1218 ἔστιν
473 1166 730 1236 ἄρνησις.

1973 1182 2192 1230 servet:
2225 1175 2321 1230 sed
2361 1175 2666 1230 novitatem
2697 1189 2922 1239 vocum,
2959 1174 3024 1228 ad
3071 1172 3398 1243 captandam
3456 1170 3555 1222 ho-

284 1258 490 1312 minum
528 1260 762 1328 gratiam
823 1259 928 1314 sibi
978 1260 1275 1329 excogitet.
1327 1260 1397 1314 Et
1448 1269 1572 1330 post
1616 1273 1793 1330 pauca
1843 1275 1860 1312 :
1902 1258 2252 1334 Quapropter
2290 1282 2415 1337 qua:
2442 1268 2589 1323 circa
2657 1265 2912 1322 ordinem
2980 1269 3194 1321 novitas
3232 1274 3337 1325 est,
3380 1261 3555 1333 ipsius

285 1353 630 1409 exsisteutia'.
665 1363 1050 1424 contemptum
1100 1355 1288 1419 habet,
1324 1365 1382 1410 et
1412 1356 1584 1410 totius
1624 1354 1749 1408 ﬁdei
1783 1361 1869 1409 est
1907 1360 2146 1424 negatio.

351 1450 418 1502 El
446 1445 542 1502 οὖν
571 1449 746 1502 ταῦτα
770 1451 839 1503 τά
865 1452 1087 1521 ῥήματα
1109 1451 1553 1520 άμφιδάλλοντός
1579 1452 1698 1504 ἐστι
1728 1448 1862 1519 περὶ

283 1541 384 1611 τὴν
429 1543 605 1607 τάξιν,
638 1545 732 1598 καὶ
782 1543 1148 1608 διστάζοντος,
1197 1545 1294 1597 καὶ
1347 1543 1488 1612 μετὰ
1536 1541 1653 1607 τοῦ,
1685 1543 1861 1606 ίσως,

286 1634 386 1686 καὶ
421 1634 498 1686 ἶν’
531 1633 689 1699 ὅλως
723 1634 820 1688 καί
849 1634 1348 1705 συγχωρήσωμεν
1373 1638 1500 1697 τοὺς
1539 1636 1735 1690 ἑαυτοῦ
1772 1635 1864 1689 λό-

287 1743 421 1795 γους
450 1730 846 1800 προφέροντος,
894 1730 1059 1794 αὐτὸς
1099 1733 1332 1802 κρινεῖς,
1375 1732 1470 1784 καὶ
1501 1732 1615 1784 δσοι
1662 1728 1868 1798 εὐγνώ-

2047 1453 2127 1507 An
2164 1455 2332 1525 igitur
2364 1458 2481 1512 haec
2527 1459 2695 1513 verba
2729 1457 3040 1512 dubitantis
3073 1454 3182 1510 sint
3230 1454 3298 1507 de
3332 1451 3547 1511 ordine,

1971 1555 2135 1616 atque
2161 1549 2512 1620 ambigentis,
2541 1560 2595 1604 et
2623 1565 2750 1604 cum
2777 1550 2886 1604 illis
2919 1549 3148 1603 vocibus
3172 1589 3186 1612 ,
3219 1548 3471 1606 fortasse,
3503 1554 3559 1596 ct

1974 1651 2032 1694 ut
2071 1643 2286 1696 omnino
2309 1646 2676 1708 concedamus,
2711 1658 2838 1698 suas
2893 1643 3134 1697 rationes
3185 1638 3553 1704 enttutiantis,

1976 1738 2032 1783 tu
2085 1729 2204 1800 ipse
2233 1731 2529 1800 iudicabis,
2560 1742 2615 1786 et
2655 1739 2934 1801 quotquot
2975 1730 3065 1784 alii
3119 1742 3247 1784 sunt
3298 1728 3438 1798 atqui
3502 1741 3557 1780 et

294 1837 461 1889 μονες
494 1823 589 1874 καὶ
624 1823 822 1893 μικρόν
853 1840 906 1876 τι
934 1823 1209 1887 συνιέντες
1239 1823 1414 1892 λόγων
1442 1822 1749 1894 δυνάμεως,
1775 1823 1870 1876 καὶ

2006 1820 2134 1874 trobi
2185 1821 2312 1886 viri,
2372 1824 2467 1891 qui
2515 1823 2600 1878 vel
2653 1822 2928 1877 modicam
2984 1823 3092 1876 vim
3145 1821 3416 1886 rationum
3492 1833 3557 1872 ac

291 1912 560 1982 ἀληθείας
589 1914 906 1983 δογμάτων.

373 2004 490 2062 Είτ’
522 2005 622 2060 οὐκ
657 2007 1008 2076 αἰσχύνονται
1055 2005 1332 2074 τοσαύτην
1365 2005 1766 2074 ὲναντιολογίαν
1797 2004 1874 2074 τῷ

293 2099 436 2172 ἁγίῳ
463 2100 900 2169 προσάπτοντες,
953 2096 1253 2168 προσθείην
1282 2097 1328 2149 δ’
1359 2095 1427 2151 ἂν
1459 2098 1554 2150 καὶ
1593 2095 1872 2158 ἀπόνοιαν,

293 2194 340 2246 τί
374 2191 471 2245 νῦν
514 2192 614 2260 μὲν
643 2191 829 2261 τρίτον
863 2184 1006 2243 είναι
1047 2189 1109 2242 τὸ
1141 2187 1367 2258 Πνεῦμά
1412 2205 1546 2257 φησι
1591 2192 1658 2258 τῇ
1700 2188 1873 2252 τάξει,

292 2285 387 2338 καὶ
420 2282 565 2337 οὕτω
593 2284 776 2353 τρίτον
817 2281 892 2345 ὡς
928 2281 1004 2351 μὴ
1040 2282 1241 2336 ινείναι
1283 2281 1384 2350 τὴν
1417 2280 1570 2345 τάξιν
1605 2278 1835 2343 ἀλλάξαι
1859 2295 1873 2311 ·

293 2375 512 2430 ἀσεϐεῖν
541 2376 650 2446 γάρ
678 2391 812 2444 φησι
835 2375 927 2428 τὸν
950 2372 1108 2427 τούτο
1134 2373 1391 2428 ποιοῦντα
1413 2387 1427 2403 ·
1456 2371 1552 2424 νῦν
1583 2371 1664 2432 δὲ,
1695 2368 1882 2434 ’Λειώ-

297 2482 432 2538 ματι
454 2467 564 2537 γάρ
591 2465 934 2536 δευτερεύειν
968 2464 1064 2518 τοῦ
1088 2465 1222 2518 Υίοῦ
1276 2465 1408 2527 ῐτως
1456 2463 1824 2534 παραδίδωσιν
1852 2463 1881 2514 δ

296 2559 459 2628 λόγος
486 2558 588 2628 τῆς
623 2557 936 2621 εύσεδείας.

379 2651 525 2720 Ἐγὼ
548 2650 648 2720 μὶν
677 2649 770 2703 ἐπὶ
805 2648 1049 2720 μάρτυρι
1072 2648 1193 2718 Θεῷ
1224 2645 1388 2709 αὐτὸς
1413 2646 1554 2716 ὑπὲρ
1580 2646 1692 2699 τῶν
1710 2646 1883 2699 ταῦτα

294 2741 570 2809 λεγόντων
607 2739 968 2811 λαίσχύνομαγ
1008 2741 1056 2794 εί
1105 2739 1152 2793 δ’
1192 2738 1350 2794 αὐτοὶ
1383 2739 1486 2791 οὐκ
1538 2737 1883 2792 αἰσθάνονται

294 2834 398 2904 τῆς
422 2833 629 2885 ἑαυτῶν
655 2831 885 2894 ἀτοπίας
915 2831 1100 2900 θαῦμα
1129 2832 1196 2884 ἂν
1222 2830 1339 2900 εἴη.

372 2923 532 2976 '05s
551 2924 734 2976 πᾶσαν
760 2921 939 2976 αὐτῶν
967 2920 1362 2990 ἀναισχυντίαν
1389 2920 1698 2985 ἀποκλείει,
1720 2921 1802 2974 ὅτι
1829 2922 1887 2974 ὲν

295 3017 411 3076 τοῖς
438 3015 559 3068 κατ’
603 3014 872 3083 Εύνομίου
907 3012 1048 3081 μετά
1080 3012 1255 3074 πολλὰ
1308 3013 1824 3082 συμπεραινόμενος
1860 3015 1888 3065 ο

300 3106 631 3170 διδάσκαλος
679 3106 879 3173 ἐπάγει
904 3118 919 3132 ·
957 3103 1116 3158 οὕτω
1143 3103 1388 3172 δηλονότι
1433 3104 1613 3157 καὶτὸ
1662 3103 1888 3174 Πνεῦμα

293 3200 356 3252 τὸ
381 3198 540 3266 ἅγιον
569 3198 836 3268 ἀξιώματι
887 3197 986 3266 μὲν
1012 3197 1325 3266 ὑποδέδηκε
1366 3198 1465 3251 καὶ
1488 3196 1667 3263 τάξει,
1700 3214 1887 3267 παρει-

296 3290 562 3362 λήφαμεν
609 3291 718 3360 γάρ
769 3290 901 3344 αὐτὸ
957 3290 1142 3357 τρίτον
1183 3289 1291 3342 ἀπὸ
1358 3290 1575 3360 Πατρὸς
1622 3290 1718 3342 καὶ
1755 3289 1884 3342 Υίοῦ

297 3382 735 3454 ἀριθμούμενον,
767 3379 932 3436 αὐτοῦ
983 3380 1078 3434 τοῦ
1116 3381 1324 3450 Κυρίου
1368 3381 1427 3432 ἐν
1476 3383 1542 3451 τῇ
1593 3380 1887 3450 παραδόσει

296 3476 402 3530 τοῦ
433 3475 707 3546 σωτηρίου
744 3475 1126 3547 βαπτίσματος
1163 3474 1613 3544 παραδεδωκότος
1661 3474 1761 3545 τὴν
1794 3475 1889 3529 τά·

299 3570 413 3634 ξιν,
455 3571 516 3622 εν
555 3563 637 3632 οἷς
683 3563 826 3632 εἷπε,
862 3565 1266 3636 Πορευθέντες
1311 3563 1650 3630 βαπτίζετε,
1681 3566 1776 3620 καὶ
1821 3568 1889 3620 τὰ

300 3659 497 3715 λοιπά.

375 3752 712 3823 Ἐπίοτησον
758 3747 874 3818 οὖν,
920 3753 1002 3807 δτι
1030 3747 1112 3815 οἷς
1147 3753 1393 3824 ῥήμασιν
1421 3754 1477 3806 ὲν
1520 3755 1585 3823 τῇ
1617 3752 1758 3824 πρὸς⁴
1794 3752 1892 3815 τὰς

303 3847 609 3909 κανονικάς
641 3847 904 3917 ἐπιστολῇ
954 3847 1220 3917 κέχρηται
1269 3847 1404 3916 πρὸς
1432 3845 1655 3916 τὴντῆς
1685 3845 1892 3911 τάξεως

303 3938 617 4005 ἀπόδειξιν,
649 3940 716 4009 τῇ
746 3937 1005 4008 σωτηρίῳ
1035 3936 1242 4008 δηλαδὴ
1293 3937 1614 4008 παραδόσει,
1657 3940 1767 4001 τοῖς
1797 3939 1893 3991 αύ-

300 4033 424 4092 τοῖς
449 4029 734 4084 κάνταῦθα
764 4031 894 4099 περὶ
920 4029 1022 4098 τῆς
1046 4028 1218 4098 αὐτῆς
1241 4027 1450 4092 τάξεως
1479 4029 1700 4098 χρῆται.
1728 4030 1894 4083 ’Δλλὰ

306 4125 422 4194 μὴν
457 4125 515 4176 ὲν
538 4125 604 4193 τῇ
638 4121 776 4192 πρὸς
805 4121 904 4186 τὰς
935 4121 1230 4183 κανονικὰς
1275 4119 1518 4190 τοσούτῳ
1560 4120 1755 4192 θαρρει
1801 4122 1896 4176 καὶ

305 4219 499 4271 πίστει
527 4216 794 4286 προφέρει
826 4215 916 4268 τὸν
949 4195 1129 4282 λᾶον,
1163 4212 1304 4266 ὥστε
1334 4213 1410 4284 μὴ
1443 4214 1642 4268 ἐνεῖναι
1681 4220 1775 4266 και
1811 4213 1896 4266 λέ-

304 4328 367 4380 γε
379 4328 434 4362 ιν
459 4309 635 4372 άλλως
657 4310 856 4372 εἰπεῖν,
883 4308 916 4378 ἢ
943 4308 1236 4379 ἀσεϐήσειν
1263 4307 1355 4360 τὸν
1385 4305 1543 4359 τοῦτο
1576 4308 1895 4378 ποιήσονταο

307 4404 430 4466 πῶς
473 4397 568 4456 οὖν
616 4400 871 4465 ινταῦθα,
911 4401 1044 4455 ὅπου
1076 4404 1141 4472 τῇ
1173 4401 1312 4470 αὐτῇ
1349 4399 1457 4454 τῶν
1504 4399 1683 4468 λόγων
1730 4401 1894 4470 ίσχύῖ,

1974 1909 2292 1981 dogmatum
2322 1913 2610 1968 veritatem
2638 1913 2964 1983 intelligant.

2050 2004 2260 2060 Deinde
2291 2022 2400 2061 non
2459 2008 2793 2062 erubescunt
2833 2016 3038 2061 lautam
3085 2015 3270 2072 notam
3326 2015 3561 2058 contra—

1978 2099 2216 2164 rietatis,
2245 2099 2504 2154 adderem
2536 2115 2670 2154 vero
2701 2110 2758 2153 et
2795 2099 3050 2152 amentiae
3082 2105 3282 2151 sancto
3315 2097 3567 2163 inurere,

1978 2191 2024 2246 si
2083 2189 2349 2258 Spiritum
2382 2205 2502 2244 esse
2551 2189 2777 2258 quidem
2831 2189 3059 2244 tertium
3109 2188 3271 2241 modo
3307 2187 3561 2247 ailirmet,

1981 2291 2036 2335 et
2071 2281 2146 2334 ita
2183 2279 2430 2345 tertium,
2475 2287 2534 2331 ιιι
2575 2279 2872 2331 immutare
2908 2275 3158 2330 ordinem
3185 2291 3292 2328 non
3337 2273 3408 2328 sit
3446 2273 3562 2337 fas;

1979 2372 2184 2427 etenim
2237 2369 2402 2440 impie
2455 2372 2530 2424 ait
2577 2383 2702 2422 eum
2741 2382 2900 2436 agere
2962 2367 3054 2434 qui
3111 2365 3162 2417 id
3201 2374 3360 2434 agat;
3399 2363 3563 2417 modo

1982 2479 2115 2518 vero
2142 2462 2286 2516 dicat
2324 2479 2339 2515 :
2372 2459 2644 2529 Dignitatc
2669 2459 2816 2512 enim
2852 2456 3156 2512 secundum
3188 2469 3308 2510 esse
3336 2471 3365 2507 a
3402 2455 3559 2514 Filio,

1983 2555 2216 2610 fortasse
2243 2553 2410 2608 tradit
2447 2550 2667 2622 pietatis
2689 2565 2893 2604 sermo.

2053 2647 2321 2716 Equidem
2383 2654 2557 2700 testor
2612 2645 2806 2708 Deum,
2867 2658 2950 2698 tne
3010 2657 3108 2711 pro
3162 2639 3228 2695 iis
3277 2641 3370 2710 qui
3437 2639 3563 2692 talia

1985 2740 2202 2803 dicunt,
2247 2738 2627 2794 erubescere:
2689 2736 2835 2807 quod
2895 2736 2940 2789 si
3001 2735 3100 2805 ipsi
3162 2731 3570 2788 absurditatem

1987 2847 2138 2887 suam
2173 2849 2278 2886 non
2315 2833 2584 2894 sentiunt,
2626 2831 2827 2884 mirum
2863 2837 2967 2883 cst.

2069 2928 2340 2982 Caeterum
2391 2924 2539 2995 quod
2591 2938 2815 2978 omnem
2873 2936 3066 2976 eorum
3115 2918 3357 2974 obstruit
3395 2917 3574 2986 impu-

1990 3019 2266 3081 dentiam,
2310 3016 2447 3071 illttd
2491 3024 2598 3079 εει,
2629 3013 2776 3084 quod
2812 3012 2866 3065 in
2912 3010 2980 3065 iis
3013 3027 3135 3080 qua:
3173 3011 3344 3064 tradit
3377 3007 3574 3062 doctor

1992 3115 2259 3168 adversus
2291 3110 2645 3175 Eunomium,
2691 3118 2813 3175 post
2861 3108 3030 3162 multa
3070 3106 3176 3159 alia
3232 3101 3572 3158 concludens

1996 3206 2204 3260 infert:
2236 3205 2327 3261 Sic
2358 3203 2620 3272 nimirum
2667 3212 2724 3256 ct
2774 3200 3017 3270 Spiritus
3051 3205 3273 3253 sanctus
3305 3195 3574 3268 dignitate

1995 3297 2218 3368 quidem
2263 3306 2332 3352 ει-
2357 3295 2551 3351 ordine
2613 3293 2766 3350 subit
2801 3293 3029 3347 Filium:
3067 3290 3384 3358 accepimus
3424 3287 3574 3342 enim

1998 3390 2176 3460 ipsum
2205 3389 2426 3442 tertium
2452 3403 2481 3441 a
2501 3387 2660 3442 Patre
2678 3396 2734 3440 et
2759 3384 2898 3439 Filio
2920 3371 3295 3442 numeratum.
3313 3379 3573 3435 eumdem

1997 3483 2118 3551 ipso
2158 3482 2388 3537 Domino
2439 3480 2491 3534 in
2541 3478 2843 3533 traditione
2917 3473 3179 3531 salutaris
3233 3473 3580 3540 baptismatis

1997 3573 2245 3627 ordinem
2280 3572 2551 3636 tradente,
2593 3571 2644 3624 in
2674 3570 2878 3640 quibus
2925 3566 3106 3622 dixit:
3153 3564 3350 3618 Ettntes
3407 3564 3580 3632 bapti-

1997 3675 2136 3727 sate,
2173 3673 2228 3718 et
2257 3665 2488 3732 reliqua.
3359 3727 3363 3732 τ

2073 3757 2360 3826 Perpende
2386 3756 2575 3826 igitur,
2609 3767 2820 3824 quaeso,
2844 3752 3104 3822 quoniam
3137 3749 3341 3820 quibus
3376 3748 3576 3808 verbis,

2001 3851 2056 3904 in
2087 3847 2318 3918 epistola
2355 3845 2420 3900 ad
2457 3845 2752 3899 canonicas
2783 3845 2847 3897 ad
2889 3843 3140 3897 ordinem
3189 3841 3581 3894 demonstran-

2000 3941 2134 3996 dum
2167 3953 2298 3992 usus
2323 3948 2428 4002 est,
2495 3935 2756 3989 nimirum
2797 3933 3028 3988 salutari
3064 3931 3363 3986 traditione
3407 3929 3583 3999 bapti-

2001 4033 2216 4098 smatis,
2268 4031 2465 4086 iisdem
2520 4030 2686 4084 etiam
2721 4028 2811 4082 hic
2840 4027 2908 4081 de
2938 4026 3132 4081 eodem
3155 4025 3351 4078 ordine
3387 4024 3580 4077 utitur.

2003 4128 2072 4180 At
2105 4125 2253 4181 enim
2294 4125 2345 4178 itt
2385 4121 2616 4193 epistola
2651 4121 2716 4175 ad
2759 4119 3057 4174 canunicas
3099 4125 3248 4170 tanta
3285 4116 3584 4170 Securitatt:

2003 4230 2265 4288 tantaque
2291 4216 2396 4270 ﬁde
2417 4228 2730 4271 sermonem
2761 4213 2990 4282 profert,
3013 4218 3071 4265 ut
3092 4225 3199 4265 non
3220 4209 3380 4263 liceat
3399 4208 3586 4262 dieare

2003 4315 2161 4368 aliter
2179 4327 2302 4366 eum
2324 4311 2716 4377 dixisse,qttam
2737 4305 2904 4375 impie
2925 4318 3085 4374 agere
3102 4317 3228 4358 eum
3251 4302 3342 4372 qui
3371 4301 3421 4354 id
3439 4311 3580 4371 agat.

2006 4405 2293 4472 Quomodo
2325 4402 2491 4471 igitur
2517 4401 2626 4473 hic,
2661 4399 2752 4452 ubi
2785 4397 2976 4452 eadem
3003 4397 3278 4450 rationum
3309 4394 3384 4457 vi,
3411 4402 3466 4448 et
3489 4410 3584 4448 uc-

310 4497 416 4549 καὶ
441 4494 568 4548 οὔτε
599 4493 834 4564 μείζονι,
867 4491 980 4546 οὒτ’
1003 4491 1246 4546 ἐλάττονι
1265 4492 1488 4562 χρῆται,
1524 4493 1660 4560 μετὰ
1675 4492 1888 4560 δισταγ.

2006 4515 2106 4569 que
2137 4496 2344 4564 majori
2381 4507 2560 4562 neque
2583 4490 2804 4553 minori,
2828 4489 3022 4554 utitur,
3048 4503 3175 4543 cum
3236 4486 3578 4540 haesitatione

315 4589 423 4656 μοῦ
459 4589 554 4640 καὶ
585 4586 916 4655 ἀμφιϐολίας
944 4588 1034 4638 τὸν
1069 4585 1228 4652 λόγον
1253 4585 1596 4654 προαγαγεῖν
1631 4583 1897 4651 ipsum;

386 4680 560 4732 Ἀὶλὰ
589 4677 764 4732 ταῦτα
799 4678 1094 4746 κακοήθων
1131 4675 1459 4746 ἀνθρώπων,
1489 4676 1581 4729 καὶ
1634 4676 1769 4746 μετὰ
1800 4677 1900 4745 τῆς

315 4772 534 4829 ἑαυτῶν.
567 4769 817 4840 κεφαλῆς
865 4771 1042 4826 πάντα
1079 4769 1514 4838 μηχανωμένων,
1560 4768 1620 4819 ού
1663 4767 1760 4836 τῆς
1807 4767 1898 4820 τοῦ

316 4863 466 4916 θείου
503 4862 703 4931 ἀνδρὸς
748 4864 960 4917 ἐκείνου
1005 4862 1114 4914 eis).
1166 4860 1428 4922 διανοίας.
1477 4858 1666 4922 Οὕτως
1710 4858 1902 4912 οὐδένα

314 4957 399 5009 δεῖ
426 4955 797 5026 ἀμφιϐάλλειν
831 4957 925 5008 τοῦ
961 4956 1201 5026 μεγάλου
1246 4955 1459 5024 [ἰατρὸς
1505 4948 1644 5006 εἶναι
1683 4954 1903 5020 γνήσιον

314 5047 512 5100 τοῦτον
547 5047 640 5101 τὸν
668 5048 848 5116 λόγον,
903 5049 964 5100 τὸ
1017 5049 1077 5101 τὸ
1126 5046 1352 5115 Πνεῦμα
1405 5045 1466 5098 τὸ
1507 5043 1661 5117 ἅγιον
1701 5041 1904 5112 δηλαδὴ

317 5137 472 5200 τάξει
522 5143 617 5191 καὶ
649 5137 923 5208 ἀξιώματι
954 5137 1049 5190 τοῦ
1086 5135 1217 5191 rio?)
1249 5134 1612 5206 δευτερεύειν,
1647 5134 1742 5186 καὶ
1774 5133 1904 5201 παρ’

319 5228 492 5281 αὑτοῦ
524 5229 668 5296 ἔχειν
701 5229 759 5282 τὸ
788 5223 950 5292 εἶναι,
997 5229 1092 5281 καὶ
1124 5229 1217 5296 τῆς
1243 5225 1411 5291 αύτοῖ)
1441 5228 1620 5288 αἰτίας
1643 5223 1898 5300 ὲξῆὶφθαι.

396 5321 605 5374 Τούτου
636 5322 692 5374 δὲ
718 5321 871 5385 δντος
916 5321 1164 5391 γνησίου,
1208 5321 1291 5383 τίς
1343 5319 1425 5372 ἔτι
1475 5318 1660 5374 λοιπὸν
1691 5317 1819 5373 άλλο
1849 5332 1905 5369 τι

321 5414 640 5484 ζητήσειεν,
674 5411 719 5466 ὦ
749 5414 882 5484 πρὸς
911 5413 1008 5482 τῆς
1039 5412 1305 5482 ἀληθείας
1339 5411 1507 5480 αὐτῆς
1534 5428 1549 5476 ;
1577 5408 1692 5479 θῷχ
1721 5407 1906 5474 ἱκανὸς

323 5507 354 5557 ὁ
394 5507 565 5574 μέγας
603 5504 881 5568 Βασίλειος
914 5502 1124 5569 διδάξαι
1171 5502 1322 5574 ἡμᾶς
1353 5501 1452 5572 τὴν
1495 5500 1787 5570 άλήθειαν;
1829 5495 1904 5550 Οὐ

329 5597 492 5665 μόνος
519 5596 630 5650 τῶν
675 5597 853 5653 ἄλλων
893 5596 1156 5650 ἁπάντων
1191 5593 1484 5658 ἀντάξιος;
1534 5592 1607 5644 Ού
1651 5588 1906 5643 τοσοῦτον

326 5689 538 5744 ἔσπασε
569 5692 661 5743 καὶ
688 5691 913 5762 χάριτος
941 5691 1037 5743 καὶ
1073 5691 1288 5760 σοφίας,
1334 5687 1409 5751 ὡς
1438 5687 1536 5740 καὶ
1565 5685 1724 5756 μόνος
1758 5685 1908 5757 πάσῃ

327 5782 401 5846 τῇ
435 5780 735 5853 Ἐκκλησία
756 5779 1073 5844 διδάσκαλος
1106 5779 1404 5863 ἀξιόχρεως
1431 5770 1604 5844 sitm;

412 5963 555 6034 Ἐγὼ
581 5969 678 6041 μὲν
721 5968 922 6044 μᾶλλον
960 5969 1024 6026 ἂν
1072 5964 1364 6041 βουλοίμην
1410 5962 1548 6038 μετά
1592 5962 1805 6038 τούτου,
1856 5963 1904 6024 εί

2005 4603 2171 4661 atque.
2203 4586 2560 4656 ambiguitate
2595 4597 2906 4638 sermonem
2946 4582 3192 4652 proferre
3232 4580 3552 4634 debuisset?

2082 4683 2283 4736 Verum
2325 4681 2442 4734 haec
2500 4685 2628 4731 sunt
2676 4676 2964 4729 hominum
3015 4673 3293 4744 perversis
3341 4674 3589 4727 muribus

2011 4773 2389 4844 praeditorutn,
2446 4769 2653 4838 quique
2707 4767 2894 4821 omnia
2952 4767 3091 4820 mala
3140 4766 3365 4835 proprio
3419 4766 3586 4833 capiti

2011 4863 2427 4923 macltiuautur,
2465 4877 2574 4915 non
2607 4868 2792 4914 autem
2829 4858 3030 4912 mentis
3067 4858 3216 4912 illius
3249 4856 3423 4910 divini
3461 4856 3584 4908 viri.

2012 4955 2104 5012 Sic
2137 4955 2414 5008 neminem
2444 4961 2664 5021 Oportet
2694 4951 2978 5021 ambigere
3019 4950 3197 5020 magni
3233 4949 3380 5002 illius
3411 4947 3587 5002 Patri»;

2011 5061 2133 5102 esse
2159 5046 2460 5115 legitimam
2488 5045 2628 5099 hanc
2651 5044 3006 5106 sententiam,
3034 5043 3296 5096 nimirum
3317 5039 3585 5110 Spiritum

2013 5151 2262 5194 sanctum
2290 5137 2483 5192 ordine
2511 5153 2576 5190 ac
2599 5137 2867 5206 dignitate
2898 5133 3206 5190 secundum
3230 5149 3350 5188 esse
3373 5148 3403 5186 a
3431 5131 3587 5186 Ftiin.

2015 5229 2084 5295 ab
2114 5231 2341 5300 ipsoque
2374 5229 2578 5283 habere
2604 5243 2746 5290 esse,
2783 5236 2840 5282 et
2870 5243 2898 5282 a
2933 5241 3030 5282 sua
3062 5241 3226 5282 causa
3255 5225 3588 5292 dependere.

2086 5322 2260 5381 Porro
2320 5331 2504 5376 autem
2563 5320 2666 5374 hac
2723 5319 3000 5376 sententia
3054 5333 3184 5371 vera
3239 5325 3294 5371 et
3347 5315 3588 5386 legitima

2015 5415 2347 5476 exsistente,
2402 5427 2590 5482 quaeso
2641 5421 2692 5465 ιε
2741 5425 2838 5480 per
2877 5410 3061 5480 ipsam.
3089 5406 3402 5486 veritatem,
3457 5405 3589 5475 quid

2016 5504 2172 5569 aliud
2197 5504 2436 5574 amplius
2483 5511 2694 5573 quaeret
2736 5501 2984 5572 aliquis?
3012 5499 3206 5554 Nonne
3246 5498 3380 5554 satis
3427 5507 3590 5568 aptus

2018 5605 2101 5656 est
2135 5610 2370 5668 magnus
2396 5594 2626 5650 Basilius
2657 5593 2723 5650 ad
2768 5592 3078 5654 docendum
3114 5606 3214 5646 nos
3253 5589 3589 5646 veritatem?

2018 5689 2212 5746 Nonne
2244 5689 2396 5745 solus
2431 5687 2606 5752 instar
2650 5685 2897 5741 omnium
2940 5693 3025 5739 est
3069 5683 3346 5738 aliorum?
3390 5682 3584 5738 Nomm

1992 5791 2225 5858 'tantam
2268 5779 2504 5855 adeptus
2532 5788 2616 5836 est
2657 5779 2885 5846 gratiam
2937 5785 2992 5830 et
3025 5774 3376 5845 sapientiam,
3416 5784 3469 5827 ut
3508 5775 3587 5825 vel

2019 5873 2174 5930 solus
2207 5871 2305 5925 toti
2334 5869 2592 5926 Ecclesia:
2623 5868 2818 5924 doctur
2843 5866 3200 5937 dignissimus
3223 5881 3346 5922 esse
3378 5864 3588 5934 possit?

2004 6041 2016 6052 ρ
2097 5961 2371 6034 Equidem
2403 5961 2622 6022 mallem
2658 5961 2862 6034 potius,
2905 5959 2952 6019 si
2985 5959 3120 6018 mihi
3162 5959 3265 6018 buc
3296 5957 3478 6014 dicere
3513 5955 3594 6013 {as
