3966 6218
323 377 437 442 331

1268 385 1365 446 DE
1397 385 1924 450 PROCESSIONE
1965 329 2327 450 SPlRléUS
2365 387 2658 449 SANC'I‘I.

3469 391 3580 454 338

401 496 540 564 ’Ἤδη
589 497 638 548 δ’
680 496 774 548 ἐπὶ
805 496 876 549 τὰ
918 500 1418 570 προεπηγγελμένα
1468 501 1891 572 μεταϐήσομαιτ

2077 504 2195 559 Jam
2229 516 2365 558 vero
2400 504 2467 556 ad
2511 517 2575 556 ea
2615 515 2736 571 qua
2781 510 2941 556 antea
2989 501 3268 568 pollicitus
3309 517 3454 566 sum,
3487 520 3576 559 me

322 588 422 640 καί
462 605 549 641 σοι
588 588 690 657 τὴν
727 589 956 659 πρόοδον
1001 590 1100 660 τῆς
1149 593 1275 646 καθ’
1312 595 1460 662 ἡμᾶς
1512 595 1733 648 συνόδου
1777 611 1900 649 συν-ρ

319 680 687 748 τετμημένοις
731 680 1161 751 διηγησάμενος,
1198 683 1293 736 καί
1339 700 1494 747 τινας
1541 685 1730 752 ὀλίγας
1771 687 1901 756 περὶ

2003 594 2316 658 conferam,
2354 594 2569 663 tibique
2599 606 2953 663 progressum
2983 603 3183 648 nostrae
3211 593 3405 664 synodi
3439 608 3580 662 prae-

2003 687 2116 742 cise
2156 686 2428 751 narrabo;
2480 700 2543 740 ac
2588 685 2808 739 tandem
2867 685 3195 753 quibusdam
3254 685 3446 754 paucis
3506 683 3575 738 de

320 770 422 824 τοῦ
471 770 941 842 συμπεράσματος
982 772 1293 842 ἀποδείξεις
1334 775 1537 840 ἐκθεὶς,
1563 776 1891 831 καταπαύσω

2007 777 2112 830 bac
2183 777 2541 831 conclusione
2632 776 3200 832 demonstrationibus
3265 775 3572 844 expositis,

327 862 426 914 τὸν
451 861 628 931 λόγον.

515 975 686 1044 Ἀρχὴ
728 977 1070 1046 διηγήσεως
1100 979 1220 1034 τῶν
1247 981 1316 1034 ἐν
1352 982 1428 1050 τῇ
1459 982 1726 1048 συνόδῳ,

405 1066 494 1129 Ὠς
527 1067 640 1120 ἴστε
670 1069 855 1121 τοίνυν
900 1071 957 1123 ἐν
1007 1072 1284 1142 Φερραρία
1319 1074 1754 1142 παραγενόμενοι
1802 1074 1900 1128 σύν

318 1177 384 1214 τε
419 1161 495 1230 τῷ
518 1163 766 1233 κραταιῷ
791 1163 949 1232 ἡμῶν
982 1164 1211 1232 βασιλεῖ,
1241 1168 1332 1219 καὶ
1356 1166 1434 1234 τῷ
1465 1168 1596 1238 ίερῷ
1622 1169 1896 1239 πατριάρ-

319 1269 417 1323 χῃ,
445 1255 537 1306 καὶ
569 1254 720 1324 πάσῃ
750 1257 816 1323 τῇ
847 1255 1097 1325 ἡμετέρα¹
1130 1257 1334 1326 συνόδῳ
1358 1256 1394 1310 ἃ
1427 1259 1526 1325 μὲν
1554 1258 1659 1326 πρὸ
1679 1256 1774 1310 τοῦ
1801 1261 1900 1326 τῆς

320 1343 542 1398 συνόδου
591 1344 922 1412 ἐνάρξασθαι
980 1347 1214 1415 μερικῆς
1262 1347 1648 1416 διειλέγμεθα,
1699 1349 1775 1411 ὡς
1823 1350 1898 1420 μὴ

317 1434 463 1486 πάνυ
495 1433 771 1501 ἀναγκαῖα
811 1435 1066 1504 παρήσω·
1107 1436 1228 1488 ἐπεὶ
1279 1436 1404 1504 μηδ’
1449 1439 1582 1506 ἡμῖν
1617 1438 1897 1508 προύργου

316 1518 464 1594 ἦσαν
494 1524 701 1586 ἐκεῖνα,
736 1524 869 1578 ἀλλὰ
914 1526 1006 1577 τὸν
1054 1527 1248 1595 καιρὸν
1287 1527 1541 1600 ἐπίτηδες
1592 1529 1895 1598 τρίϐοντες,

319 1614 602 1668 συνελθεῖν
634 1617 974 1688 ἀνεμένομεν
1008 1616 1103 1682 οὒς
1132 1618 1241 1688 ἔδει
1290 1623 1550 1691 παρεῖναι
1585 1621 1643 1672 ἐν
1673 1623 1739 1690 τῇ
1773 1637 1897 1674 συν·

317 1705 447 1760 όδτυ.

389 1795 502 1848 Τοῦ
553 1799 745 1868 καιροῦ
790 1799 835 1851 δ’
885 1801 1227 1865 ἐπιστάντος,
1263 1801 1439 1867 ἔδοξεν
1496 1805 1632 1873 ἡμῖν
1689 1805 1770 1868 είς
1802 1803 1896 1857 δύο
1929 1837 1969 1889 Β

321 1889 545 1957 μερίσαι
592 1890 652 1942 τὸ
703 1889 943 1960 ζήτημα,
987 1893 1212 1963 δηλαδὴ,
1261 1894 1320 1946 τό
1388 1913 1446 1947 τε
1503 1895 1576 1966 μὴ
1617 1896 1727 1948 δεῖν
1772 1895 1897 1965 μηδ’

317 1980 492 2052 αὐτὴν
535 1981 632 2053 τὴν
674 1983 936 2053 ἀλήθειαν
994 1985 1053 2037 ἐν
1108 1985 1186 2054 τῷ
1241 1986 1506 2058 Συμδόλῳ
1555 1989 1892 2056 προσθεῖναι,

319 2073 415 2133 καὶ
481 2073 734 2143 δεύτερον
789 2074 851 2126 τὺ
896 2074 1021 2142 μηδ’
1082 2075 1281 2147 ἀληθὲς
1315 2073 1455 2131 εἶναι
1514 2079 1574 2132 τὸ
1610 2080 1896 2147 συμπέρα·

319 2179 432 2228 αμα
460 2162 639 2226 τοῦτο,
679 2163 743 2215 τδ
785 2163 846 2215 τὸ
901 2164 1126 2234 Πνεῦμα
1183 2166 1241 2218 τὸ
1294 2166 1447 2234 ἅγιον
1497 2168 1560 2221 ἐκ
1623 2166 1717 2219 τοῦ
1759 2167 1892 2219 Υίοῦ

316 2252 736 2322 ἐκπορεύεσθαι.
805 2255 1028 2320 Ἕδοξεν
1093 2256 1192 2324 μέν
1243 2257 1337 2310 οὖν
1389 2258 1581 2311 τοῦτο’
1646 2259 1893 2325 ἐζητεῖτο

314 2343 376 2397 δὲ
432 2345 560 2415 περὶ
626 2346 856 2415 ποτέρου
919 2348 1128 2401 τούτων
1200 2349 1466 2418 πρότερον
1521 2345 1658 2401 εἶναι
1713 2350 1894 2402 διαλεο

319 2434 498 2485 κτέον.
552 2434 663 2487 Καὶ
707 2435 979 2504 ἐκράτησε
1013 2437 1073 2488 τὸ
1105 2438 1234 2508 περὶ
1285 2437 1379 2490 τοῦ
1417 2437 1503 2506 μὴ
1552 2437 1681 2490 δεῖν
1739 2437 1894 2503 ὅλως

318 2523 696 2589 προσθεῖναι,
727 2527 906 2579 καίτοι
947 2528 1001 2594 γ’
1033 2527 1168 2596 ἐμοῦ
1225 2529 1301 2597 μὴ
1355 2529 1704 2599 βουλομένου.
1757 2529 1891 2584 ἀλλὰ

316 2616 568 2685 φανερῶς
601 2617 994 2688 ἀντιλέγοντος.
1031 2620 1255 2688 Ἔλεγον
1294 2621 1421 2690 γὰρ,
1460 2622 1534 2684 ὡς
1575 2623 1644 2673 Ἦ
1676 2623 1892 2692 ἰσχυρό-

311 2707 476 2774 ⁴ιιιερόν
503 2709 650 2760 ἐστιν
681 2709 820 2780 ὑπὲρ
855 2710 1014 2780 ἡμῶν
1047 2711 1206 2765 τοῦτο
1225 2713 1287 2765 τὸ
1325 2712 1536 2782 πρόδλη
1550 2731 1625 2780 μα
1657 2714 1800 2782 ἥπερ
1829 2712 1889 2766 τὸ

311 2797 594 2869 δεύτερον,
623 2799 656 2869 ἢ
687 2801 1104 2872 ἀσθενέστερον
1134 2805 1184 2856 εἰ
1217 2803 1316 2873 μὲν
1345 2801 1440 2857 οὖν
1472 2805 1885 2874 ἀσθενύστερον,

311 2890 380 2943 οὗ
415 2890 518 2961 χρὴ
556 2892 664 2944 ἀπὸ
689 2892 785 2946 τοῦ
819 2881 1213 2966 ἀσθενεστέρου
1260 2896 1604 2966 ἀρξαμένους
1653 2898 1888 2966 ἡττηθῆ-

311 2999 427 3048 ναι,
461 2985 555 3035 ml
582 2984 683 3054 τὴν
710 2980 881 3054 ἧτταν
912 2986 1076 3050 εὐθὺς
1106 2988 1163 3052 ἐξ
1191 2988 1369 3057 ἀρχῆς
1402 2987 1497 3039 τοῦ
1534 2987 1746 3066 ἀγῶνος
1777 3003 1883 3039 πα-

284 3067 537 3133 ·θόντας,
587 3073 1037 3140 τεταραγμένους
1091 3074 1185 3125 καλ¹
1233 3073 1651 3143 πεφοϐημένους
1698 3075 1777 3136 είς
1825 3074 1886 3127 τὸ

2003 867 2165 922 ﬁnem
2194 867 2412 922 faciam.

2132 977 2469 1048 Principium
2497 981 2829 1034 narrationis
2878 989 3113 1033 actorum
3143 980 3196 1032 in
3228 981 3446 1050 synodo.

2073 1068 2206 1132 Quae
2247 1069 2416 1139 igitur
2453 1069 2763 1124 Ferrariam
2792 1070 3025 1141 profecti
3064 1086 3170 1124 una
3213 1086 3338 1124 cum
3383 1071 3573 1125 fortis-

2001 1157 2144 1212 simo
2196 1169 2389 1213 nostro
2450 1162 2806 1230 imperatore.
2874 1175 2938 1215 ac
3001 1176 3160 1215 sacro
3231 1161 3570 1231 patriarcha,

2003 1255 2227 1315 totaque
2271 1259 2459 1300 nostra
2494 1249 2728 1317 synodo,
2769 1259 2828 1302 ut
2865 1258 2920 1302 tu
2954 1265 3176 1319 quoque
3216 1251 3384 1314 nosti,
3417 1262 3575 1307 ante-

2000 1351 2160 1404 quam
2195 1337 2416 1392 initium
2453 1348 2698 1393 sumeret
2733 1339 3002 1410 synodus,
3037 1339 3294 1409 privatim
3327 1341 3572 1408 disputa-

1999 1428 2215 1491 bamns,
2248 1445 2312 1483 ea
2347 1440 2604 1500 tanquam
2659 1431 2842 1485 minus
2883 1431 3190 1486 necessaria
3241 1433 3571 1499 przetermit-

2002 1525 2132 1580 tam,
2166 1518 2387 1587 quando
2410 1520 2574 1574 nobis
2597 1536 2820 1589 quoque
2853 1521 2941 1574 illa
2979 1521 3165 1574 minus
3191 1529 3348 1574 erant
3379 1520 3566 1579 utilia;

1997 1605 2092 1660 sed
2123 1605 2192 1659 de
2214 1605 2486 1660 industria
2521 1615 2738 1675 tempus
2799 1617 3172 1666 conterentes.
3201 1622 3339 1676 quos
3375 1607 3569 1662 adesse

1997 1713 2138 1767 opus
2159 1707 2278 1751 erat
2302 1697 2356 1750 in
2377 1702 2606 1767 synodo,
2624 1707 2684 1750 ut
2705 1699 3066 1752 convenirent
3088 1698 3566 1767 exspectabamus.

2070 1790 2316 1844 instante
2377 1791 2564 1859 itaque
2615 1799 2887 1852 tempore,
2936 1791 3113 1846 visum
3164 1803 3248 1846 est
3303 1791 3461 1845 nobis
3513 1790 3566 1845 in

2009 1879 2147 1935 duas
2204 1891 2390 1950 partes
2449 1881 2806 1949 qumstionem
2861 1881 3144 1945 dividere;
3204 1881 3464 1935 nimirum
3514 1888 3571 1933 et

1999 1973 2144 2043 quod
2193 1989 2303 2027 non
2345 1983 2597 2043 oporteat
2649 1989 2718 2027 ne
2777 1973 2949 2043 ipsam
3003 1975 3223 2043 quidem
3271 1973 3560 2027 veritatem

1997 2063 2263 2134 Symbolo
2311 2063 2554 2129 addere;
2612 2075 2667 2120 et
2730 2065 2876 2134 quod
2930 2065 3234 2120 secundum
3287 2072 3390 2128 est,
3430 2065 3576 2117 hanc

1997 2155 2224 2207 minime
2279 2167 2461 2206 veram
2508 2168 2632 2206 esse
2661 2154 3103 2216 conclusionem.
3145 2154 3402 2208 videlicet
3446 2152 3571 2223 Spi-

1999 2246 2162 2297 ritum
2204 2243 2405 2298 factum
2437 2259 2502 2298 ex
2541 2241 2682 2297 Filio
2707 2243 3030 2310 procedere.
3072 2245 3182 2299 Hoc
3220 2246 3388 2313 igitur
3421 2244 3564 2309 viso,

1995 2335 2346 2404 quaerebatur
2407 2335 2476 2388 de
2538 2341 2659 2402 quo
2709 2337 2864 2403 prius
2932 2336 3316 2390 disserendum
3375 2347 3563 2397 esset.

1995 2426 2244 2496 illudque
2301 2426 2364 2480 de
2424 2425 2592 2480 nihilo
2656 2442 2874 2495 prorsus
2933 2428 3175 2479 addendo
3237 2426 3437 2488 vicit,’
3477 2441 3566 2480 me

1994 2518 2197 2586 alioqui
2233 2517 2476 2579 nolente,
2515 2515 2610 2570 sed
2647 2517 2938 2571 manifeste
2987 2517 3430 2572 contradicente.
3477 2517 3566 2572 Si-

1991 2608 2211 2678 quidem
2259 2608 2466 2661 aieham
2526 2609 2610 2662 vel
2661 2609 2897 2662 validius
2943 2624 3065 2663 esse
3091 2623 3189 2677 pro
3218 2608 3378 2663 nobis
3414 2608 3561 2663 istud

1991 2698 2274 2767 problema
2330 2697 2643 2766 posteriori,
2709 2699 2794 2752 vel
2850 2698 3157 2763 infirmius;
3191 2699 3234 2753 si
3263 2697 3562 2761 inﬁrmius,

1991 2801 2100 2841 non
2149 2801 2287 2855 Opus
2327 2801 2447 2839 esse
2498 2785 2568 2840 ab
2607 2786 2895 2841 inﬁrmiori
2929 2787 3256 2856 incipientes
3303 2788 3470 2848 vinci.
3507 2796 3564 2842 et

1990 2877 2221 2930 victoria
2270 2880 2456 2932 statim
2518 2893 2548 2931 a
2603 2878 2881 2948 principio
2941 2880 3263 2933 certaminis
3320 2878 3560 2944 amissa,

1993 2967 2240 3021 turbatos
2290 2983 2354 3021 ac
2418 2968 2616 3022 timore
2664 2969 2968 3036 perculsos,
3030 2970 3084 3023 in
3123 2970 3425 3024 secundum
3468 2971 3564 3025 de-

1988 3059 2288 3124 scendere;
2326 3059 2631 3114 timendum
2669 3060 2818 3113 enim
2851 3076 2994 3126 esse,
3037 3077 3106 3115 ne
3135 3061 3259 3133 fuga
3299 3063 3350 3116 in
3381 3062 3564 3130 primo

309 3158 570 3228 δεύτερον
619 3161 904 3214 εἰσελθεῖν.
951 3164 1079 3226 Δέος
1114 3164 1221 3232 γὰρ
1260 3166 1334 3233 μή
1393 3181 1523 3217 ποτε
1560 3167 1591 3234 ἡ
1630 3164 1807 3235 τροπὴ
1853 3166 1886 3236 ἡ

1997 3148 2238 3218 quaesito,
2296 3151 2463 3203 etiam
2532 3149 2587 3202 in
2620 3151 2866 3203 secundo
2899 3151 3040 3220 fugae
3067 3167 3232 3206 causa
3264 3152 3426 3206 nobis
3453 3152 3558 3217 sit;

312 3249 410 3302 ἐπὶ
436 3249 515 3318 τῷ
549 3252 750 3321 πρώτῳ
783 3252 921 3304 κάπὶ
953 3251 1030 3320 τῷ
1057 3253 1300 3324 δευτέρῳ
1326 3257 1535 3324 τροπῆς
1564 3257 1718 3312 αἰτία
1749 3258 1886 3326 ἡμῖν

313 3340 568 3407 γίνηταιο
595 3341 646 3393 εἰ
681 3341 738 3394 δέ
781 3343 1005 3412 ἰσχυρόν
1047 3344 1186 3405 ἐστι,
1230 3345 1312 3396 δεῖ
1340 3346 1402 3396 τὸ
1435 3347 1656 3416 ἰσχυρὸν
1685 3340 1885 3415 φυλᾶτ-

311 3447 434 3484 τειν
463 3431 729 3499 ὕστερον*
769 3435 1092 3503 νικήσαντες
1145 3435 1246 3505 μὲν
1287 3437 1396 3503 γὰρ
1427 3438 1486 3488 ἐν
1542 3436 1620 3506 τῷ
1659 3438 1884 3508 πρώτῳ,

317 3525 460 3593 μετὰ
484 3523 656 3578 ταῦτα
684 3527 786 3579 κάν
815 3527 894 3595 τῷ
919 3527 1160 3597 δευτέρῳ
1205 3530 1269 3582 ἐκ
1311 3529 1514 3598 πολλῆς
1546 3530 1743 3592 αὐτοὺς
1783 3530 1885 3598 τῆς

312 3615 634 3685 περιουσίας
663 3615 1003 3684 τρεψόμεθα.
1038 3618 1102 3670 Εἰ
1133 3617 1190 3671 δέ
1214 3619 1580 3688 κρατηθῶμεν
1610 3621 1666 3672 ἐν
1693 3620 1885 3689 ἐκείνῳ

310 3705 395 3776 τῷ
425 3707 658 3774 δόγματι
682 3706 907 3777 δηλαδὴ,
949 3709 1070 3761 τότε
1118 3709 1224 3762 κᾶν
1255 3710 1316 3762 τὸ
1357 3709 1616 3780 δεύτερον
1657 3713 1886 3778 νικήσω-

317 3799 441 3867 μεν,
463 3801 538 3866 μὴ
559 3798 670 3852 δεῖν
690 3801 822 3852 αὐτὸ
843 3799 921 3867 τῷ
940 3799 1192 3868 συμϐόλῳ
1211 3799 1530 3870 προσθεῖναι
1546 3800 1882 3863 διδάξαντες.

327 3876 331 3880 ’
389 3891 604 3954 uno;
635 3907 693 3943 τε
723 3891 849 3942 ἐπεὶ
879 3891 937 3942 τὸ
963 3891 1032 3942 δι’
1063 3891 1361 3944 ἐλαττόνων
1391 3892 1480 3943 ἀεὶ
1503 3891 1605 3945 κάν
1633 3893 1698 3961 τῇ
1726 3890 1884 3958 φύσει

314 3985 528 4056 βέλτιον
573 3981 669 4042 τοῦ
706 3981 796 4041 διὰ
845 3982 1136 4048 πλειόνων,
1188 3983 1368 4035 ἐκεῖνο
1413 3983 1735 4052 προκρίνειν
1785 3983 1882 4046 δεῖ,

312 4076 428 4145 ἐγὼ
455 4075 662 4144 ελεγον,
695 4077 791 4128 καὶ
826 4075 955 4145 περὶ
985 4075 1201 4127 ἐκείνου
1252 4074 1470 4143 πρῶτον
1519 4074 1884 4144 διαλεχθῆναι,

314 4168 439 4240 μεθ’
491 4167 522 4220 δ
571 4167 634 4221 τδ
686 4167 876 4219 λοιπὸν
915 4165 1104 4236 χώραν
1151 4165 1253 4218 οὐκ
1306 4165 1441 4234 ἔχει.
1490 4164 1597 4218 Τοῦ
1654 4164 1751 4232 μὲν
1793 4159 1886 4218 οὖν

311 4263 589 4332 δόγματος
619 4261 881 4328 φανέντος
920 4257 1170 4327 ψευδοῦς,
1213 4257 1276 4310 τὸ
1312 4256 1388 4326 μὴ
1420 4255 1736 4326 προσθεῖναι
1781 4253 1888 4323 χώ-

316 4373 419 4427 ραν
452 4356 550 4425 ούχ
598 4355 714 4421 ἐξει
745 4355 955 4408 λοιπόν.
989 4354 1155 4406 Ὥστε
1205 4351 1289 4404 ἐνὶ
1324 4348 1496 4417 ἀγῶνι
1532 4347 1731 4408 τελέως
1759 4346 1886 4408 τοὺς

307 4448 595 4511 ἐναντίους
628 4445 963 4519 τρεψόμεθα,
1005 4446 1072 4497 ἂν
1098 4443 1207 4497 ἀπὸ
1253 4441 1350 4494 τοῦ
1391 4441 1659 4508 δόγματος
1706 4433 1882 4506 ἀρξώ-

316 4541 482 4613 μεθα.
519 4539 628 4593 Τοῦ
675 4539 733 4592 δέ
769 4539 846 4609 μὴ
895 4538 1005 4591 δεῖν
1054 4536 1378 4606 προσθεῖναι
1429 4526 1759 4600 δειχθέντος,
1810 4527 1890 4580 ἔτι

311 4630 563 4688 λείπεται
609 4628 862 4696 ἐξετάσαι
909 4628 970 4681 τὸ
1003 4627 1204 4695 δόγμα,
1233 4628 1282 4677 εἰ
1329 4623 1549 4692 ἀληθές.
1600 4619 1786 4674 Ταῦτα
1830 4619 1887 4671 δέ

312 4720 490 4786 λέγων
523 4719 650 4777 τοὺς
683 4717 990 4786 ἡμετέρους
1018 4716 1120 4768 οὐκ
1148 4713 1383 4767 ἔπειθον.
1405 4711 1554 4765 Ἀλλ’
1586 4712 1650 4763 ὲκ
1683 4707 1888 4769 παντὸς

311 4808 602 4861 ἐϐούλοντο
632 4808 838 4876 τρόπου
870 4808 1002 4877 περὶ
1035 4806 1230 4858 τούτου
1261 4805 1482 4874 πρῶτον
1515 4799 1885 4868 διαλεχθῑμισι.

311 4901 500 4954 Ταῦτα
528 4899 574 4952 δ’
605 4898 717 4967 ἐγὼ
765 4898 954 4965 ελεγον
1005 4895 1414 4967 μαρτυροῦντός
1465 4910 1554 4963 μοι
1587 4891 1682 4945 τοῦ
1731 4889 1886 4950 Θεοῦ,

311 4995 410 5056 καὶ
459 4993 561 5061 τῆς
618 4991 1004 5060 συνειδήσεως,
1057 4989 1156 5058 τῆς
1213 4986 1307 5039 τοῦ
1353 4985 1547 5052 γένους
1594 4981 1754 5051 ἡμῶν
1801 4980 1889 5032 ἀεὶ

310 5085 482 5153 τιμῆς
507 5083 930 5153 στοχαζόμενος,
960 5083 1056 5134 καὶ
1083 5079 1183 5148 τὴν
1212 5077 1384 5141 αὐτοῦ
1413 5077 1575 5141 δόξαν
1599 5077 1662 5127 ἐκ
1689 5072 1888 5133 παντὸς

311 5177 520 5246 τρόπου
553 5174 1105 5245 πραγματευόμενος.
1156 5171 1232 5223 Ἦ.
1263 5170 1370 5238 γὰρ
1402 5167 1630 5232 ἐνδόξως
1676 5164 1890 5218 ἐϐουλό-

315 5285 428 5338 μην
450 5268 601 5338 asa;
634 5267 880 5326 Λατίνων
911 5263 1316 5334 διαζευχθῆναι.
1353 5262 1448 5314 καὶ
1496 5260 1636 5329 μετὰ
1673 5256 1768 5310 τοῦ
1805 5260 1888 5309 δο-

311 5363 432 5428 κεῖν
463 5359 866 5429 κεκρατηκέναι
897 5355 1100 5420 αὐτῶν,
1139 5355 1171 5426 ἢ
1202 5351 1429 5418 ἐνδόξως
1459 5353 1646 5414 αὐτοῖς
1678 5348 1888 5416 mea.

309 5469 425 5520 ναι,
453 5451 550 5522 τεαὶ
575 5451 705 5516 ἄνευ
757 5448 851 5502 τοῦ
898 5447 1050 5512 δόξαι
1095 5445 1418 5514 ἡττηθῆναι,
1457 5447 1553 5497 καὶ
1589 5442 1890 5510 ἀσθενῆσαι

311 5543 455 5614 πρὸς
491 5545 594 5604 τὰς
633 5541 964 5606 ἀποδείξεις.
1015 5539 1235 5592 Τούτων
1273 5537 1318 5590 δ’
1365 5537 1649 5605 ἐκάτερον,
1700 5536 1763 5587 ἐκ
1792 5535 1890 5601 μὲν

313 5625 392 5686 ὧν
417 5628 530 5695 ἐγὼ
576 5629 786 5695 ἐλεγον,
818 5627 1128 5697 ἠκολούθεν
1175 5627 1238 5678 ἐκ
1277 5625 1334 5678 δὲ
1356 5619 1430 5678 ὢν
1457 5621 1887 5694 διεπραξάμεθα,

313 5723 426 5776 πᾶν
455 5720 790 5775 τούναντιον.
829 5719 994 5773 Ὅθεν
1029 5721 1122 5771 καὶ
1156 5715 1529 5785 μετεμέλησεν
1560 5715 1658 5766 οὐκ
1688 5715 1889 5780 ὀλίγοις

313 5815 412 5886 τῆς
445 5813 643 5887 βουλῇς
667 5810 892 5886 ταύτης,
926 5811 1020 5866 καὶ
1047 5811 1279 5883 μάλιστα
1295 5809 1414 5885 τοῖς
1461 5807 1790 5878 νουνεχέσιν.
1821 5803 1886 5859 ΤΞ

1988 3244 2034 3297 si
2069 3257 2202 3296 vero
2230 3242 2475 3295 validum
2501 3250 2609 3304 est,
2637 3243 2918 3311 posterius
2948 3257 3194 3298 servare.
3240 3243 3378 3298 Cum
3410 3244 3560 3298 enim

1987 3335 2042 3388 in
2096 3335 2274 3402 primo
2325 3335 2643 3398 vicerimus,
2713 3335 2770 3387 in
2821 3334 3066 3389 secundo
3132 3351 3349 3404 quoque
3371 3345 3561 3404 postea

1986 3425 2205 3479 abunde
2277 3425 2412 3492 satis
2473 3440 2570 3480 eos
2627 3435 2940 3480 avertemus
3001 3434 3166 3494 atque
3229 3424 3557 3494 fugabimus.

1985 3515 2142 3582 Quod
2177 3517 2223 3570 si
2259 3516 2389 3570 victi
2443 3516 2712 3570 fuerimus
2775 3517 2828 3570 in
2894 3517 2988 3571 illo
3043 3517 3223 3586 primo
3281 3517 3554 3584 dogmate,

1989 3616 2120 3662 tunc
2173 3610 2368 3662 saltem
2422 3608 2726 3664 secundum
2773 3608 3078 3673 vincemus,
3132 3607 3560 3676 docebimusque

1992 3713 2100 3752 non
2135 3707 2389 3768 Oportere
2415 3699 2546 3752 illud
2585 3700 2639 3753 in
2672 3700 2997 3770 Symbolum
3031 3699 3258 3753 addere.

2062 3790 2350 3851 Praeterea,
2407 3803 2534 3842 cum
2599 3791 2746 3859 quod
2806 3806 2903 3858 per
2967 3790 3249 3859 pauciora,
3309 3804 3375 3843 eo
3409 3788 3556 3856 quod

1988 3896 2086 3951 per
2116 3882 2273 3950 plura
2306 3881 2386 3943 fit,
2421 3896 2642 3950 semper
2678 3884 2844 3936 etiam
2887 3883 2942 3935 in
2979 3893 3176 3935 natura
3212 3881 3412 3934 melius
3447 3880 3556 3944 sit,

1989 3973 2123 4028 illud
2149 3988 2252 4041 ego
2273 3973 2742 4040 anteponendum,
2774 3973 2952 4040 deque
2982 3986 3048 4025 eo
3077 3972 3233 4040 prius
3268 3971 3558 4039 disputan-

1987 4065 2115 4118 dum
2145 4078 2270 4119 esse
2303 4062 2541 4127 aiebam,
2569 4071 2695 4131 post
2747 4062 2895 4132 quod
2935 4061 3210 4130 reliquum
3244 4077 3356 4116 non
3391 4061 3561 4115 habet

1987 4156 2170 4210 locum
2196 4173 2209 4208 :
2236 4164 2458 4210 ostensa
2482 4155 2668 4222 itaque
2697 4155 2936 4208 falsitate
2961 4152 3254 4221 dogmatis,
3291 4166 3400 4205 non
3436 4165 3558 4205 esse

1991 4243 2330 4308 addendum,
2393 4259 2504 4298 non
2554 4241 2779 4300 habebit
2835 4241 3096 4310 deinceps
3150 4240 3331 4295 locum
3369 4257 3382 4293 :
3420 4254 3560 4308 qua-

1991 4346 2216 4405 prOpter
2271 4335 2318 4388 si
2379 4349 2410 4388 a
2445 4333 2700 4404 dogmate
2729 4333 3081 4402 incipiemus,
3119 4347 3229 4386 uno
3259 4332 3560 4386 certamine

1989 4427 2230 4497 perfecte
2257 4427 2446 4481 hostes
2480 4434 2645 4479 erunt
2677 4424 2817 4494 pulsi
2885 4434 3048 4493 atque
3082 4424 3250 4494 fugati
3286 4441 3298 4474 :
3337 4431 3561 4477 ostenso

1991 4533 2124 4572 vero
2212 4517 2349 4571 nihil
2453 4530 2577 4570 esse
2682 4513 3021 4577 addendum,
3122 4515 3302 4568 adhuc
3379 4512 3558 4580 ipsum

1991 4612 2188 4681 dogma
2250 4617 2500 4679 superest
2551 4608 3026 4670 examinandum,
3085 4623 3152 4660 an
3209 4621 3403 4660 verum
3463 4605 3560 4661 sit.

1988 4703 2126 4759 Cum
2197 4715 2328 4756 vero
2388 4699 2507 4754 hac
2547 4700 2812 4762 dicerem,
2869 4698 3078 4754 nostris
3147 4698 3380 4752 suadere
3449 4711 3558 4750 non

1987 4804 2238 4861 poteram
2266 4807 2282 4857 ;
2314 4790 2412 4846 sed
2457 4789 2608 4852 omni
2651 4788 2814 4844 modo
2844 4804 2907 4843 ac
2932 4788 3165 4850 ratione,
3191 4787 3258 4840 de
3289 4787 3389 4840 hoc
3411 4786 3562 4854 prius

1989 4900 2110 4940 esse
2163 4880 2548 4937 disserendum
2619 4880 3052 4936 contendebant.
3109 4880 3234 4935 llaec
3276 4891 3409 4932 vero
3458 4892 3562 4944 ego

1991 4975 2262 5038 dicebam,
2325 4981 2466 5029 teste
2518 4971 2652 5026 mihi
2703 4971 2811 5025 Deo
2850 4980 2907 5025 et
2966 4969 3326 5030 conscientia,
3363 4975 3562 5021 nostra:

1989 5069 2168 5140 gentis
2187 5080 2403 5136 semper
2454 5066 2712 5120 honorem
2761 5071 3038 5132 spectans,
3073 5064 3301 5131 ejusque
3331 5057 3558 5128 gloriam

1992 5160 2248 5214 omnibus
2299 5157 2479 5212 modis
2537 5170 2758 5218 curans.
2792 5153 2889 5208 Vel
2934 5152 3082 5208 enim
3118 5150 3377 5221 praeclare
3416 5151 3562 5204 vole-

1999 5255 2128 5308 bam
2189 5266 2291 5304 nos
2342 5265 2376 5304 ε
2422 5247 2634 5304 Latinis
2661 5245 2895 5316 sejungi,
2929 5244 3201 5313 simulque
3228 5257 3350 5297 cum
3374 5241 3562 5296 existi-

1995 5343 2239 5401 matione
2272 5341 2556 5404 victorias;
2591 5344 2674 5391 vel
2717 5337 2978 5405 praeclare
3009 5350 3133 5389 cum
3165 5334 3276 5388 illis
3300 5331 3559 5404 conjungi

1993 5446 2051 5492 et
2093 5435 2304 5502 absque
2364 5446 2433 5485 eo
2485 5429 2632 5499 quod
2682 5427 3002 5481 videremur
3026 5425 3158 5479 victi
3195 5425 3384 5486 fuisse,
3419 5420 3560 5475 etin

1994 5524 2419 5598 probationibus
2449 5521 2745 5576 defecisse.
2794 5517 3003 5571 [lorum
3037 5527 3224 5570 autem
3259 5523 3559 5581 utrumque

1992 5636 2059 5674 ex
2103 5619 2170 5672 iis
2223 5630 2344 5686 qua:
2368 5629 2467 5684 ego
2513 5610 2788 5673 dicebam,
2817 5609 3187 5680 sequebatur;
3227 5623 3294 5661 ex
3327 5605 3395 5658 iis
3427 5617 3558 5658 vero

1993 5727 2114 5781 quae
2168 5708 2406 5779 egimus,
2473 5713 2645 5759 totum
2687 5701 3027 5770 oppositum.
3068 5698 3218 5754 Unde.
3249 5697 3414 5752 etiam
3447 5709 3558 5753 non

1995 5815 2218 5876 paucos,
2254 5798 2487 5853 maxime
2515 5808 2645 5850 vero
2673 5791 2930 5848 cordatos
2962 5791 3108 5847 viros
3142 5789 3303 5862 lmjns
3331 5785 3548 5844 consilii
