3966 6218
387 385 518 448 333‘

1348 383 1857 447 BESSARION-IS
1885 383 1952 443 Β.
1983 383 2057 442 R.
2089 382 2160 444 Ε.
2202 384 2674 446 CARDlNALlS

3527 386 3640 452 ιιι

385 507 541 567 parte
563 511 845 567 agnoscas.
896 495 1054 550 Prius
1099 503 1278 550 tamen
1313 497 1438 550 audi
1495 505 1806 552 nostrarum
1857 509 1953 561 op-

2083 492 2174 563 Ιρὸ
2234 493 2291 546 δὲ
2352 493 2560 548 τούτων
2632 494 2742 549 τῶν
2818 493 3102 566 ἡμετέρων
3163 495 3476 550 ἑνστάσεων
3542 499 3637 552 καὶ

387 587 719 655 positionum
764 594 818 639 et
835 585 1334 640 controversiarum
1349 596 1533 656 caput,
1559 588 1703 658 quod
1725 588 1958 642 maxime

389 674 606 730 ﬁrmum
633 692 754 732 esse
790 677 1027 733 videtur.

464 766 523 819 ln
547 766 695 821 calce
718 767 1101 822 definitionum
1129 769 1394 838 cujusque
1433 770 1649 840 synodi,
1684 782 1905 839 sumpto
1927 788 1956 824 a

388 854 550 907 tertia
579 854 758 918 initio,
792 857 906 911 haec
941 858 1009 912 ad
1042 860 1270 913 verbum
1316 861 1421 916 lata
1448 871 1502 915 et
1529 863 1750 916 condita
1775 873 1906 917 sunt
1939 882 1952 917 :

390 943 486 998 llis
528 945 687 1001 lectis
736 949 924 1001 statuit
971 961 1159 1004 sancta
1184 953 1440 1022 synodus,
1478 972 1496 1004 ι
1531 953 1737 1007 nemini
1789 955 1960 1010 licere

387 1033 548 1088 aliam
585 1035 744 1090 ﬁdem
779 1039 1048 1106 proferre,
1079 1053 1174 1096 aut
1213 1059 1565 1110 componere,
1600 1059 1696 1099 aut
1742 1060 1956 1114 sapere,

387 1135 481 1180 aut
530 1128 691 1184 aliter
725 1131 966 1186 docere:
998 1148 1093 1187 eos
1139 1150 1271 1188 vero
1322 1138 1413 1203 qui
1461 1135 1687 1199 audent,
1729 1139 1994 1194 clericoa‘

390 1219 612 1284 quidem
647 1223 1002 1290 deponendos
1026 1240 1170 1289 esse,
1200 1227 1370 1282 laicos
1400 1235 1581 1283 autem
1611 1229 1960 1286 anathemate

389 1308 686 1366 ferientlos.
739 1332 758 1364 ι
1810 1305 1814 1310 ’

461 1401 636 1472 Hujus
684 1421 815 1460 sane
861 1423 1090 1473 sensus,
1124 1419 1178 1465 et
1225 1412 1424 1466 horum
1463 1411 1633 1468 ferme
1663 1412 1958 1468 verborum

391 1505 524 1549 sunt
555 1499 736 1550 omnia
769 1500 1080 1556 interdicta.
1113 1503 1298 1557 Nosin
1328 1505 1446 1558 istis
1478 1516 1732 1574 tanquam
1759 1505 1961 1559 ﬁrmis-

391 1587 565 1653 simis,
586 1600 640 1643 et
671 1607 792 1658 qua!
822 1594 990 1648 refelli
1026 1598 1957 1663 nequeant,nitebamur,diceutes.

392 1693 502 1732 non
528 1692 808 1751 oportere,
844 1702 910 1739 ne
944 1688 1114 1754 ipsam
1150 1688 1368 1757 quidem
1398 1689 1682 1744 veritatem
1705 1689 1966 1760 Sy-mbolo

392 1771 620 1837 addere,
647 1777 1092 1846 quandoquidem
1119 1781 1398 1848 praedictis
1430 1781 1612 1836 verbis
1638 1780 1688 1834 id
1723 1790 1960 1843 vetatur,

393 1862 732 1932 minimeque
770 1867 918 1922 licet.
957 1868 1034 1922 Ad
1069 1885 1189 1938 quae.
1237 1885 1360 1924 cum
1392 1870 1549 1926 valde
1589 1871 1772 1925 multa
1803 1873 1966 1925 ratio-

393 1968 496 2008 nes
531 1970 558 2009 a
590 1955 798 2014 Latinis
847 1961 959 2020 sint
985 1961 1181 2027 allatae,
1240 1963 1384 2018 inter
1430 1963 1550 2017 illas
1597 1963 1761 2018 etiam
1809 1975 1966 2019 erant

395 2044 534 2102 istae.

502 2160 991 2221 Demonstrationes
1020 2168 1159 2236 quod
1192 2167 1344 2221 liceat
1376 2181 1556 2221 verum
1589 2165 1838 2237 Symbolo

1083 2240 1297 2290 addere.

463 2322 792 2391 Concilium,
843 2343 938 2382 seu
973 2330 1229 2393 concilia,
1260 2343 1368 2383 non
1395 2329 1569 2383 solum
1605 2329 1764 2384 aliam
1803 2327 1964 2381 fidem

394 2416 662 2482 proferre,
721 2435 909 2474 verum
988 2421 1153 2475 etiam
1209 2436 1541 2490 componere
1593 2431 1798 2475 vetant.
1847 2419 1966 2475 Jam

392 2521 544 2570 vero,
578 2508 622 2561 si
663 2510 965 2582 intelligant
993 2513 1152 2566 aliam
1188 2511 1348 2566 fidem
1397 2527 1745 2580 componere,
1777 2526 1876 2579 pro
1898 2526 1966 2566 eo

394 2598 540 2666 quod
561 2610 644 2652 est
665 2615 786 2655 esse
813 2603 936 2656 aliis
957 2603 1237 2658 vocabulis
1256 2602 1572 2672 Symbolum
1592 2602 1961 2662 enuntiatum,

395 2690 664 2758 contingit
689 2707 881 2746 omnes
901 2694 1237 2748 anathemati
1261 2694 1537 2762 subjectos
1555 2707 1696 2752 esse,
1729 2693 1820 2761 qui
1845 2692 1968 2746 aliis

395 2781 618 2848 quidem
650 2783 950 2847 vocabulis,
988 2783 1182 2838 eodem
1207 2798 1334 2838 vero
1363 2798 1527 2837 sensu
1561 2783 1702 2836 idem
1739 2781 1968 2852 Symbo-

395 2869 514 2925 lum
562 2872 874 2927 ediderunt.
904 2874 1059 2939 Quod
1093 2876 1208 2928 fere
1240 2889 1433 2928 omnes
1476 2874 1647 2928 sancti
1676 2873 1966 2931 fecerunt:

395 2962 492 3015 sed
522 2962 626 3016 hoc
659 2965 851 3018 falsum
880 2973 1043 3032 atque
1074 2965 1451 3033 blasphemum
1507 2971 1609 3018 est.
1643 2963 1759 3017 Non
1802 2963 1967 3032 igitur

399 3052 755 3108 interdictum
783 3065 869 3109 est
895 3055 1017 3109 aliis
1048 3055 1234 3114 verbis
1254 3055 1470 3109 veritati
1495 3053 1967 3109 consentientibus

2060 585 2382 654 ἀντιλογιῶν
2411 587 2472 640 τδ
2520 587 2816 657 κεφάλαιον
2864 588 2961 640 καὶ
3007 585 3247 657 μάλιστα
3293 587 3635 662 ἰσχυρότερον

2057 677 2192 732 ἄκον
2200 695 2314 731 σον.

2140 768 2230 822 Ἐν
2259 767 2338 838 τῷ
2370 771 2513 828 τέλει
2554 771 2668 824 τῶν
2695 772 2838 842 ὅρων
2863 771 3102 843 ἑκάστης
3126 771 3237 825 τῶν
3262 772 3498 826 συνόδων
3529 773 3630 827 an!

2057 860 2159 929 τῆς
2195 863 2390 930 τρίτης
2431 865 2756 934 ἀρχομένων
2803 865 3012 917 κεῖνται
3070 863 3214 918 οὓτω
3259 863 3406 917 κατὰ
3438 864 3595 934 ῥῆμα
3619 883 3634 898 ·

2067 971 2086 1005 ι
2123 953 2346 1008 Τούτων
2392 957 2874 1023 ἀναγνωσθέντων,
2910 956 3112 1027 ὥρισεν
3145 958 3178 1026 ἡ
3214 955 3344 1024 ἁγία
3395 956 3636 1020 σύνοδος,

2063 1047 2254 1114 μηδενὶΙ
2296 1047 2497 1112 ἑξεῐναι
2542 1048 2735 1118 ἑτέραν
2776 1048 2963 1100 πίστιν
3008 1049 3331 1118 προφέρειν,
3366 1048 3398 1118 ἢ
3458 1064 3615 1100 συντι

2063 1135 2233 1200 θέναι,
2262 1139 2294 1208 ἢ
2328 1142 2567 1208 φρονεῖν,
2599 1139 2631 1208 ἢ
2661 1139 2940 1192 διδάσκειν
2976 1139 3216 1204 ἑτέρως·
3263 1142 3391 1198 τοὺς
3419 1139 3476 1191 δὲ
3513 1137 3648 1190 τολ-’

2064 1228 2303 1296 μῶντας,
2349 1229 2647 1296 κληρικοὺς
2702 1231 2800 1298 μὲν
2855 1229 3263 1300 καθαιρείσθω,
3298 1229 3524 1291 λαῖκοὺς
3579 1227 3640 1280 δὲ

2061 1318 2579 1384 ἁναθεματίξεσθαι.
2615 1339 2635 1371 ι

2130 1407 2348 1477 Ταύτης
2378 1410 2478 1478 τῆς
2517 1410 2726 1474 ἑννοίας
2777 1411 2876 1465 καὶ
2925 1410 3135 1464 τούτων
3182 1411 3369 1481 σχεδὸν
3399 1409 3508 1464 τῶν
3543 1412 3644 1480 ρη-

2066 1498 2251 1566 μάτων
2279 1497 2388 1550 elei
2409 1499 2478 1552 τὰ
2505 1499 2811 1570 κωλύματα
2843 1502 3046 1557 πάντα.
3077 1501 3206 1554 Ἐπὶ
3232 1501 3446 1560 τούτοις
3476 1500 3644 1568 ἡμεῖς

2063 1588 2140 1650 ὡς
2209 1591 2628 1660 ἀναντιρρήτοις
2700 1591 3151 1662 διισχυριζόμεθα
3223 1590 3513 1658 λέγοντες,
3565 1591 3640 1660 μὴ

2065 1680 2179 1754 δεῖν,
2217 1681 2298 1750 τῷ
2348 1682 2605 1752 συμϐόλῳ
2655 1683 2793 1754 μηδὲ
2840 1685 2939 1753 τὴν
2983 1683 3245 1754 ἀλήθειαν
3294 1680 3638 1752 προσθεῖναι.

2081 1771 2234 1824 Ἐπῖὶ
2278 1772 2370 1824 διὰ
2400 1773 2509 1825 τῶν
2541 1774 2964 1845 προειρημένων
3011 1774 3274 1844 ῥημάτων
3307 1771 3640 1835 κεκώλυται,

2067 1867 2160 1918 καί
2189 1867 2290 1918 οὐκ
2323 1863 2522 1930 ἑξεστι.
2564 1867 2706 1936 Πρὸς
2733 1867 2769 1920 ἃ
2800 1865 2942 1921 πάνυ
2973 1865 3184 1921 πολλῶν
3219 1865 3284 1918 ὲκ
3305 1863 3401 1917 τοῦ
3437 1864 3643 1936 μέρους

2067 1958 2310 2011 Λατίνων
2361 1958 2536 2026 λόγων
2583 1958 2889 2030 ῥηθέντων,
2945 1960 3005 2012 ἑν
3058 1957 3290 2021 ἐκείνοις
3347 1951 3490 2027 ἦσαν
3547 1959 3645 2011 καὶ

2065 2066 2260 2105 ταυτα.

2079 2161 2450 2233 Ἀποδείξεις
2497 2165 2617 2220 τῶν
2646 2167 2761 2234 τὴν
2803 2168 3096 2238 ἀλήθειαν
3135 2165 3265 2221 δεῖν
3292 2161 3645 2234 προσθεῖναι

2640 2239 2720 2302 τῷ
2750 2239 3057 2307 Συμϐόλῳ.

2149 2324 2210 2378 'H
2247 2324 2487 2387 σύνοδος.
2516 2326 2548 2396 ἢ
2581 2328 2637 2379 al
2672 2326 2882 2381 σύνοδοι
2931 2329 2992 2381 ού
3040 2326 3103 2380 τδ
3148 2326 3451 2397 προφέρειν
3480 2320 3648 2391 μόνον

2067 2417 2251 2468 πίστιν
2292 2419 2505 2485 ἑτέραν,
2539 2418 2675 2471 ἀλλὰ
2729 2420 2825 2472 καὶ
2875 2419 2934 2472 τὸ
2981 2417 3292 2472 συντιθέναι
3321 2415 3546 2468 κωλύει.
3579 2413 3645 2466 Ei

2065 2509 2122 2561 δὲ
2152 2509 2213 2561 τὸ
2260 2510 2453 2578 ἑτέραν
2509 2510 2696 2564 πίστιν
2751 2511 3063 2565 συντιθέναι
3114 2511 3236 2563 ἀντὶ
3288 2506 3383 2562 τοῦ
3430 2506 3644 2575 ἑτέραις

2065 2603 2240 2666 λέξεσι
2293 2602 2680 2673 πεφρασμένον
2736 2602 3008 2673 σύμϐολον
3073 2601 3278 2663 νοοῦσι,
3339 2598 3641 2666 συμϐαίνει

2067 2697 2149 2747 ὅτι
2195 2695 2400 2758 πάντες
2452 2697 2501 2749 οί
2545 2696 2764 2765 ἑτέραις
2813 2696 2912 2765 μὲν
2955 2694 3156 2759 λέξεσι,
3199 2694 3314 2755 τοῖς
3357 2691 3544 2751 αὐτοῖς
3586 2689 3646 2743 δὲ

2066 2788 2323 2856 νοήμασι,
2360 2787 2419 2840 τὸ
2449 2787 2580 2840 αὐτὸ
2619 2789 2904 2857 ἑκθέμενοι
2944 2787 3238 2856 σύμϐολον,
3270 2785 3408 2854 ὅπερ
3459 2782 3648 2852 σχεδὸν

2070 2880 2270 2942 ⁸πάντες
2297 2881 2345 2932 oi
2380 2878 2527 2947 ἅγιοι
2563 2881 2937 2949 πεποιήκασιν
2997 2880 3255 2948 (ἕκαστος
3301 2877 3411 2946 γὰρ
3441 2874 3646 2936 αὐτῶν,

2068 2973 2101 3042 ἢ
2132 2973 2182 3026 οι
2226 2971 2492 3035 πλείονες,
2527 2974 2855 3043 ἐποιήσαντο
2901 2972 3137 3035 πίστεως
3191 2969 3434 3032 ἐκθέσεις
3462 2967 3646 3033 ιδίας).

2071 3065 2175 3117 ύπδ
2221 3063 2472 3134 ἀνάθεμα
2513 3066 2672 3120 εἰσιν.
2740 3063 2901 3118 Ἀλλά
2960 3065 3068 3134 μὴν
3111 3060 3268 3115 τοῦτο
3312 3059 3504 3128 ψεῦδος
3551 3058 3647 3111 καὶ

397 3142 646 3197 eamdem
675 3143 839 3201 (idem
856 3161 1153 3213 exponere,
1176 3144 1270 3200 sed
1299 3144 1626 3201 contrariam
1657 3143 1815 3199 [idem
1833 3159 1966 3200 eoa-

2083 3157 2415 3227 3λάσφημον.
2448 3157 2562 3209 Ούκ
2590 3156 2700 3226 ἄρα
2734 3154 3042 3209 κεκώλυται
3073 3155 3135 3206 τὸ
3185 3153 3399 3223 ἑτέροις
3433 3150 3647 3221 ῥήμασι

399 3230 662 3298 scribere,
695 3233 753 3288 id
771 3234 1110 3304 prohibitum
1144 3242 1246 3293 est.

473 3504 748 3561 Secundo.
785 3504 991 3572 Quarta
1041 3505 1281 3577 synodus
1316 3504 1482 3560 etiam
1514 3520 1706 3575 sapere
1757 3521 1822 3561 ac
1875 3506 1973 3562 do-

403 3612 532 3653 cere
560 3598 738 3663 aliter,
765 3598 942 3652 eidem
972 3597 1193 3668 subjicit
1223 3597 1578 3652 anathemati.
1609 3597 1729 3652 lam
1763 3614 1893 3652 vero
1925 3600 1970 3653 si

401 3704 600 3759 sapere
643 3698 738 3745 aut
765 3688 971 3743 docere
1020 3688 1302 3743 vocabulis
1331 3689 1551 3756 quidem
1583 3691 1728 3754 aliis,
1758 3689 1970 3745 veri-tati

405 3789 588 3836 tamen
610 3780 1084 3836 consentientibus
1111 3780 1162 3834 id
1197 3781 1474 3848 prohibet,
1505 3781 1607 3837 sub
1628 3783 1975 3838 anathemate

405 3881 594 3938 erunt,
618 3872 710 3941 qui
745 3887 900 3926 suam
927 3871 1110 3934 fidem,
1147 3872 1348 3942 quibus
1395 3872 1574 3927 sortiti
1623 3881 1975 3944 sumtu-nus-

409 3963 642 4032 quisque
674 3963 952 4018 vocabulis
980 3965 1304 4018 docuerunt.
1345 3963 1556 4034 Singuli
1579 3962 1727 4018 enim
1758 3971 1974 4018 sancto-

411 4071 554 4118 rum,
584 4055 706 4110 aliis
739 4065 903 4124 atque
927 4056 1051 4109 aliis
1077 4055 1258 4109 verbis
1291 4057 1540 4110 eamdem
1574 4053 1737 4109 fidem
1769 4054 1976 4109 docue-

410 4157 560 4202 runt.
595 4149 663 4202 At
683 4147 828 4202 enim
863 4149 968 4202 hoc
996 4147 1290 4202 absurdum
1308 4158 1423 4211 est;
1463 4162 1571 4201 non
1596 4145 1766 4216 igitur
1793 4161 1976 4211 voces,

410 4241 505 4295 sed
536 4240 770 4308 oppositi
797 4255 993 4295 sensus
1027 4240 1289 4310 prohibiti
1329 4239 1828 4319 suntaprmsertim
1853 4254 1977 4292 cum

412 4339 468 4386 et
493 4345 686 4402 sapere
719 4330 787 4385 ad
817 4345 1035 4398 sensus,
1060 4347 1169 4385 non
1206 4331 1273 4386 ad
1309 4331 1472 4386 verba
1503 4330 1796 4387 referatur.

483 4509 692 4566 Tertio.
725 4508 887 4564 Sexta
919 4506 1160 4580 synodus
1193 4509 1310 4564 haec
1334 4509 1524 4565 eadem
1557 4511 1741 4574 habet,
1773 4528 1894 4581 quae
1921 4523 1977 4567 et
2009 4493 2054 4548 θ

415 4603 948 4673 quarta.Etiamhoc
980 4603 1235 4672 amplius,
1268 4600 1478 4656 inhibet
1494 4617 1592 4656 eos
1620 4604 1710 4672 qui
1740 4604 1978 4675 aliquam

416 4711 613 4751 vocum
665 4697 988 4762 novitatem,
1037 4696 1142 4749 hoc
1187 4701 1270 4748 est
1301 4693 1975 4762 vocabulii-nventionem,

417 4785 689 4842 inducunt
716 4785 784 4840 ad
817 4787 1157 4842 eversionem
1191 4799 1380 4838 eorum
1407 4798 1527 4851 quae
1545 4783 1615 4836 ab
1639 4784 1747 4838 illis
1774 4787 1982 4839 saucita

417 4886 569 4936 sunt.
628 4878 707 4934 Ex
733 4892 844 4948 quo
873 4884 1105 4947 apparet
1140 4875 1260 4930 illas
1292 4884 1503 4929 tantum
1569 4890 1733 4930 voces
1785 4879 1985 4932 vetitas

416 4985 560 5034 esse,
588 4984 711 5038 qua
739 4967 807 5022 ad
831 4967 1172 5022 eversionem
1223 4981 1416 5022 eorum
1450 4980 1573 5035 qua:
1617 4966 1686 5020 ab
1717 4967 1824 5022 illis
1879 4967 1983 5023 lata

418 5069 476 5114 et
501 5060 718 5114 condita
757 5067 919 5114 sunt:
973 5073 1082 5112 non
1109 5065 1291 5112 autem
1323 5073 1419 5112 eas
1442 5073 1564 5127 quae
1593 5073 1700 5112 nou
1735 5058 1802 5112 ad
1831 5073 1988 5113 ever-

418 5153 651 5216 sionem,
690 5151 791 5207 sed
812 5150 1059 5207 eamdem
1087 5158 1305 5206 servant
1353 5149 1789 5220 intelligentiam,
1827 5150 1986 5206 indu-

417 5253 639 5299 cuntur.

493 5335 784 5392 Pratarea.
808 5337 988 5394 Tertia
1021 5339 1263 5410 synodus
1297 5340 1564 5405 decernit,
1600 5357 1708 5398 non
1733 5355 1988 5414 oportere

423 5426 610 5490 aliam,
645 5438 846 5497 praeter
877 5429 1170 5494 Nicanam,
1202 5430 1362 5484 fidem
1410 5431 1692 5502 proferre:
1746 5434 1988 5503 alioquin

423 5517 528 5572 sub
554 5520 902 5578 anathemate
929 5536 1070 5586 esse,
1115 5522 1210 5589 qui
1264 5523 1314 5575 id
1362 5533 1543 5594 agant.
1578 5525 1824 5594 Symboli
1863 5537 1989 5578 vero

427 5607 680 5669 secundae
732 5610 946 5680 synodi,
1004 5627 1113 5682 quo
1144 5628 1244 5667 nos
1303 5613 1466 5670 modo
1501 5615 1725 5675 utimur.
1786 5615 1988 5670 nullam

432 5695 762 5758 mentionem
792 5696 938 5752 fecit.
960 5696 1018 5756 Si
1048 5699 1213 5768 igitur
1229 5701 1468 5769 Symboli
1497 5701 1749 5756 secunda:
1777 5702 1990 5771 synodi.

438 5796 694 5855 tanquam
720 5790 864 5860 quod
887 5791 1161 5847 diversqu
1211 5791 1300 5858 sit,
1337 5794 1673 5860 alter-umque
1706 5792 1927 5848 exsistat
1962 5812 1990 5850 ιι

2071 3247 2425 3316 συμφωνοῦσι
2460 3249 2525 3316 τῇ
2559 3248 2787 3320 ἀληθείᾳ
2811 3249 2911 3318 τὴν
2945 3248 3118 3316 αὐτὴν
3165 3245 3351 3298 πίστιν
3383 3242 3648 3304 ἐκθεῖναι,

2073 3339 2209 3393 ἀλλὰ
2257 3339 2320 3392 τὸ
2360 3341 2612 3394 ἑναντῐαν
2666 3340 2848 3394 πίστιν
2902 3337 3241 3409 συγγράψαι,
3276 3334 3434 3390 τοῦτο
3472 3332 3649 3387 κεκώ-

2071 3430 2248 3484 λυται.

2148 3522 2270 3574 Ἔτι
2304 3523 2336 3591 ἡ
2367 3522 2409 3574 δν
2438 3521 2656 3585 σύνοδος
2703 3521 2798 3576 καὶ
2841 3527 2903 3575 τδ
2953 3522 3175 3592 φρονεῖν
3231 3518 3329 3573 καὶ
3373 3516 3650 3571 διδάσκειν

2075 3613 2320 3680 ἑτέρους,
2354 3612 2461 3665 ὑπὸ
2493 3614 2552 3665 τὸ
2601 3613 2734 3667 αὐτὸ
2784 3611 3077 3666 ὑποϐάλλει
3117 3609 3386 3680 ἀνάθεμα.
3416 3610 3478 3662 El
3508 3608 3564 3661 δὲ
3590 3609 3650 3660 τὺ

2075 3707 2317 3773 φρονεῖν,
2347 3703 2379 3773 ἢ
2421 3702 2717 3771 διδάσκειν,
2754 3704 2970 3768 λέξεσιν
3009 3703 3228 3772 ἑτέραις
3262 3699 3382 3770 μὲν,
3418 3713 3645 3769 συμφω-

2075 3793 2228 3848 νοῦσι
2265 3795 2324 3848 δὲ
2375 3798 2442 3866 τῇ
2498 3795 2750 3866 ἀληθείᾳ,
2781 3795 2940 3849 τοῦτο
2990 3794 3212 3859 κωλύει,
3244 3793 3352 3848 ὑπὸ
3396 3793 3648 3861 ἀνάθεμα

2076 3887 2300 3953 πάντες,
2332 3888 2382 3939 οἱ
2433 3883 2520 3950 αἶς
2566 3871 2754 3958 ἔτυχεν
2803 3888 3036 3950 ἕκαστος
3065 3886 3248 3952 λέξεσι
3287 3887 3388 3955 τὴν
3436 3883 3650 3937 ἑαυτῶν

2078 3979 2261 4033 πίστιν
2308 3979 2672 4042 διδάσκοντες.
2723 3979 2996 4041 Ἕκαστος
3044 3980 3154 4048 γὰρ
3201 3979 3311 4032 τῶν
3348 3977 3522 4045 ἁγίων
3555 3978 3652 4032 άλη-

2076 4069 2198 4132 λαις
2234 4070 2329 4123 καὶ
2361 4070 2550 4133 ἄλλαις
2596 4070 2776 4134 λέξεσι
2815 4069 2917 4138 τὴν
2959 4069 3132 4139 αὐτὴν
3159 4068 3347 4121 πίστιν
3368 4067 3654 4121 διδάσκου-

2081 4179 2188 4216 σιν.
2226 4161 2390 4215 una
2429 4161 2535 4231 μὴν
2574 4162 2736 4214 τοῦτο
2780 4161 3001 4217 ἄτοπον.
3039 4164 3154 4218 οὐκ
3189 4165 3296 4233 ἄρα
3326 4162 3423 4222 τὰς
3455 4160 3650 4224 λέξεις.

2078 4252 2214 4306 ἀλλὰ
2247 4253 2315 4305 τὰ
2360 4253 2714 4323 ἀντικείμενα
2761 4257 3012 4322 νοήματα
3047 4253 3451 4307 κεκωλύκασιν.
3499 4251 3657 4305 Ἐπεὶ

2080 4344 2177 4396 καὶ
2203 4342 2380 4405 ἄλλως
2414 4343 2476 4395 vii
2522 4345 2741 4412 φρονεῖν
2778 4345 2858 4406 είς
2892 4343 2960 4401 τὰ
3012 4343 3262 4414 νοήματα
3293 4341 3653 4412 ἁναφὲρεται,

2081 4436 2197 4489 ἀλλ’
2223 4437 2326 4488 οὒκ
2361 4437 2441 4496 είς
2473 4436 2574 4498 τας
2604 4433 2806 4499 λέξεις.

2155 4528 2278 4584 Ἔτι
2311 4531 2352 4593 ἡ
2375 4527 2511 4597 ἕκτη
2554 4529 2625 4580 τὰ
2659 4527 2802 4582 αὑτά
2842 4541 2902 4580 τε
2953 4526 3126 4580 ταῦτα
3165 4528 3232 4597 τῇ
3261 4527 3302 4580 δ’
3338 4525 3516 4597 φησί’
3563 4525 3659 4580 καὶ

2081 4617 2162 4671 ἑτι
2192 4619 2388 4673 κωλύει
2411 4616 2536 4680 τοὺς
2569 4614 2957 4690 καμινοιρωνίαν,
2982 4597 3116 4686 ﬁrst.
3135 4617 3332 4682 λέξεως
3362 4615 3657 4686 ἑφεύρεσιν

2082 4709 2402 4777 είσάγοντας
2435 4708 2570 4780 πρὸς
2621 4707 2939 4778 ἀνατροπὴν
2971 4708 3085 4761 τῶν
3138 4709 3230 4766 ὑπ’
3273 4707 3453 4761 αὐτῶν
3481 4707 3655 4777 διορι-

2085 4801 2340 4854 σθέντων.
2403 4800 2524 4868 ’Λφ’
2581 4793 2646 4858 οὗ
2707 4801 2960 4869 φαίνεται
3010 4800 3224 4859 ὲκείνας
3289 4798 3396 4852 τῶν
3451 4798 3660 4864 λέξεων

2084 4890 2467 4955 κεκωλῦσθαι,
2514 4889 2572 4944 αῖ
2624 4891 2762 4959 πρὸς
2799 4888 3115 4961 ἀνατροπὴν
3159 4887 3268 4941 τῶν
3317 4887 3661 4955 ἐγκειμένων

2084 4986 2395 5052 εἰσάγονται
2423 4999 2438 5014 °
2470 4983 2530 5036 ού
2566 4985 2674 5053 μὴν
2725 4983 2826 5047 τὰς
2863 4984 2940 5055 μὴ
2970 4982 3107 5052 πρὸς
3144 4979 3482 5050 ἀνατροπὴν,
3518 4979 3661 5034 ἀλλὰ

2083 5075 2454 5152 ταυτὸςνόημα
2495 5074 2672 5140 σωζού
2681 5091 2799 5138 σας.

2159 5331 2278 5385 Ἔτι
2325 5333 2358 5402 ἡ
2417 5337 2465 5399 γ’
2515 5329 2736 5391 σύνοδος
2786 5327 3102 5399 διορίζεται,
3158 5327 3236 5398 μὴ
3295 5326 3411 5381 δεῖν
3460 5326 3660 5393 ἑτέραν

2088 5425 2270 5478 πίστιν
2323 5423 2621 5493 προφέρειν
2667 5421 2820 5490 παρὰ
2863 5420 2964 5488 τὴν
3000 5420 3059 5472 ἑν
3088 5419 3299 5490 Νικαίᾳ
3326 5433 3340 5446 ·
3367 5419 3417 5470 εί
3463 5416 3521 5469 δὲ
3553 5417 3658 5485 μὴ,

2089 5515 2194 5568 ὑπὸ
2233 5515 2480 5585 ἀνάθεμα
2519 5511 2660 5568 εἶναι
2708 5515 2836 5578 τοὺς
2876 5511 3037 5567 τοῦτο
3088 5508 3396 5572 ποιοῦντας.
3448 5510 3556 5561 Teo
3602 5508 3659 5560 δὲ

2093 5608 2363 5678 συμϐόλου
2397 5609 2497 5678 τῆς
2544 5605 2589 5677 β’
2642 5607 2886 5672 συνόδου,
3014 5606 3175 5677 ἡμεῖς
3219 5601 3482 5673 χρώμεθα
3537 5598 3655 5659 νῦν,

2094 5699 2352 5769 οὐδεμίαν
2407 5700 2701 5768 ἐποιήσατο
2767 5698 2973 5769 μνείαν.
3010 5697 3069 5752 Εἰ
3123 5695 3221 5766 μὲν
3275 5688 3369 5747 οὖν
3401 5691 3560 5744 τοῦτο
3599 5689 3660 5740 τὸ

2092 5794 2189 5864 τῆς
2228 5791 2271 5861 β’
2324 5793 2540 5847 συνόὸον
2583 5790 2874 5861 σύμϐολον,
2929 5790 3002 5854 ὡς
3046 5787 3306 5859 διαφέρον
3337 5785 3431 5840 καὶ
3467 5783 3658 5866 ἓτερον
