3966 6218
488 309 522 332 κ

244 323 360 421 345

1183 334 1298 410 'bE
1337 339 1860 410 PROCESSIONE
1895 345 2254 436 SPIRlTUS
2294 345 2585 411 suctu.

3404 319 3510 412 346

229 455 307 522 ’ὃν
357 466 450 522 τοῦ
487 466 584 537 τῆς
626 462 876 536 πρώτης,
904 451 994 516 διὰ
1049 463 1207 515 τοῦτο
1255 462 1355 516 οὐκ
1400 461 1559 532 ἔτυχε
1608 463 1829 532 μνήμης

1945 461 2190 533 Symbolo
2218 463 2426 533 primae,
2469 463 2540 516 ob
2581 477 2702 517 eam
2742 477 2961 517 causam
3011 477 3039 515 a
3098 456 3258 517 tertia
3301 464 3512 534 synodo

241 561 355 615 ὕπο
393 557 493 630 τῆς
523 558 716 630 τρίτης
748 555 1000 621 συνόδου,
1029 555 1423 625 ἁμαρτάνομεν
1463 557 1626 624 ήμεῖς
1660 556 1828 622 ἀσύγ-

240 669 470 720 γνωστα
515 650 634 710 νῦν.
663 647 745 718 τῷ
783 647 886 717 μὲν
938 646 1040 716 τῆς
1095 646 1322 716 πρώτης
1372 645 1432 698 ού
1469 648 1767 716 χρώμενοι,
1798 645 1827 699 ὃ

239 746 347 799 καὶ
381 742 562 811 μένειν
597 739 1005 810 ἀμεταποίητον
1045 738 1333 808 ἐκύρωσαν
1363 739 1414 790 oi
1451 739 1714 808 Πατέρες,
1754 739 1832 808 τῷ

240 834 306 886 δὲ
342 832 446 900 τῆς
491 831 754 901 δευτέρας
783 829 876 882 ἐπ’
911 827 1245 898 Ἐκκλησίας
1273 845 1333 880 τε
1365 827 1462 880 καὶ
1496 827 1600 897 ἰδίᾳ
1630 830 1833 890 πάντες

241 924 720 992 ἀναγινώσκοντες
756 922 936 992 μόνον.
969 921 1080 975 Καί
1127 923 1294 990 ἐσμεν
1336 920 1481 973 κατά
1513 920 1704 973 τοῦτον
1737 920 1830 973 τδν

242 1017 412 1084 λόγον
441 1015 531 1068 ὑπ’
565 1016 832 1084 ἀνάθεμα.
867 1014 932 1066 El
954 1012 1000 1065 δ’
1033 1013 1108 1075 ὡς
1148 1011 1344 1066 ταυτὸν
1369 1011 1428 1064 ὃν
1464 1013 1828 1081 σεσιώπηται,

244 1107 504 1178 φαίνεται
533 1104 730 1160 ταυτὸν
753 1105 813 1158 ὃν
840 1104 899 1158 ού
927 1107 1042 1166 τοῖς
1093 1104 1302 1172 ῥήμασι
1333 1102 1574 1172 (τούτοις
1601 1105 1710 1173 γὰρ
1739 1103 1835 1156 καὶ

243 1199 514 1266 πάμπολυ
563 1197 836 1268 διαφέρει,
918 1194 1238 1269 προσθήκας
1292 1211 1349 1248 τε
1403 1192 1664 1257 πλείστας
1711 1194 1834 1264 ἔχον

245 1291 354 1344 καὶ
404 1291 746 1360 ἀφαιρέσεις)
774 1306 788 1319 ο
830 1286 950 1342 ἀλλ’
991 1288 1111 1340 ἐστι
1144 1287 1344 1339 ταυτὸν
1401 1289 1517 1350 τοῖς
1569 1287 1831 1356 νοήμασι.

244 1383 346 1436 Διὸ
371 1384 460 1436 καὶ
486 1382 780 1453 ἀμφότερα
805 1382 867 1435 τό
895 1399 953 1433 τε
985 1381 1087 1450 τῆς
1119 1380 1371 1450 πρώτης,
1399 1381 1460 1432 τό
1485 1396 1546 1432 τε
1577 1381 1672 1448 τῆς
1709 1379 1836 1430 δευ-

246 1478 416 1546 τέρας
443 1471 750 1548 ⁴σύμϐολον,
782 1479 856 1540 ὡς
905 1477 964 1530 ἓν
995 1477 1271 1546 ἡγήσαντο
1300 1475 1350 1530 οἱ
1383 1477 1483 1545 τῆς
1527 1474 1577 1543 γ’
1609 1476 1832 1529 συνόδου

247 1571 520 1640 ιιατέρες.
556 1569 721 1624 Ὥστε
756 1556 862 1624 ’καὶ
910 1572 1019 1624 πᾶν
1067 1571 1336 1640 σύμϐολον
1388 1569 1486 1640 τὴν
1535 1568 1706 1638 αὐτὴν
1753 1566 1834 1634 τῷ

243 1661 351 1729 τῆς
381 1662 609 1732 πρώτης
656 1661 864 1715 ἔννοιαν
898 1663 1070 1726 σῶζον
1125 1661 1213 1734 εἴη
1247 1663 1313 1714 ἂν
1345 1664 1578 1725 ἐκείνοις
1609 1661 1830 1713 ταυτόν.

248 1755 364 1809 Καὶ
386 1755 542 1807 ούδιν
575 1755 712 1823 πρὸς
741 1754 833 1807 τῦν
862 1754 1038 1822 λόγον,
1069 1757 1199 1808 ὅταν
1247 1755 1478 1824 λέγηται
1513 1755 1588 1823 μὴ
1624 1754 1832 1824 τολμᾷν

250 1845 609 1915 παραδιδόναι
654 1845 842 1914 ἕτερον
895 1847 1188 1914 σύμϐολον.
1231 1845 1459 1917 Ἕτερον
1514 1847 1621 1915 γὰρ
1667 1846 1829 1897 ἀκου-

255 1939 414 1991 στέον
459 1937 521 1990 τὸ
551 1938 648 2006 τῆς
700 1938 1084 2008 ἀντικειμένης
1127 1938 1360 2002 ἐννοίας,
1385 1938 1478 1990 καὶ
1502 1936 1622 2005 οὐχὶ
1654 1937 1713 1988 τὸ
1742 1937 1829 1987 λέ-

255 2028 374 2094 ξεσι
399 2029 691 2097 διαφέρον·
726 2029 1048 2099 ἐπειδήπερ,
1083 2030 1159 2092 ὡς
1202 2030 1440 2098 εἴρηται,
1467 2028 1528 2080 τδ
1570 2028 1669 2093 τῆς
1710 2027 1830 2080 δευ-

254 2118 446 2187 τέρας,
467 2119 721 2170 πλεῖστον
747 2122 868 2180 ταῖς
905 2117 1086 2183 λέξεσι
1129 2117 1390 2186 διαφέρον
1417 2115 1512 2168 τοῦ
1549 2114 1649 2184 τῆς
1677 2111 1829 2181 πρώο

254 2227 379 2279 της,
409 2211 508 2263 οὐκ
554 2211 816 2279 ἐνομίσθη
875 2211 1065 2280 ἕτερον
1115 2207 1276 2264 εἴναι.
1306 2209 1471 2262 Ὠστε
1527 2201 1830 2276 συμπεραίκ

257 2318 430 2365 νεται,
460 2301 540 2352 ὅτι
589 2301 658 2352 τά
687 2301 788 2371 τὴν
815 2301 1024 2354 ἔννοιαν
1069 2302 1312 2366 σώζοντα
1365 2300 1466 2370 τὴν
1517 2299 1688 2366 αὐτὴν
1721 2299 1829 2348 εἱσι

258 2395 450 2456 ταυτά,
478 2392 584 2446 κάν
612 2393 733 2456 ταῖς
765 2391 945 2457 λέξεσι
983 2392 1342 2463 διαφέρωσιν,
1375 2390 1441 2445 δν
1475 2389 1678 2460 τρόπον
1710 2387 1830 2440 έστὶ

259 2487 357 2540 καὶ
382 2487 479 2555 τῆς
515 2483 560 2554 β’
584 2486 782 2540 ταυτὸν
817 2486 892 2556 τῷ
931 2485 1031 2554 τῆς
1056 2485 1300 2556 πρώτης.

1934 553 2081 608 nulla
2115 555 2253 608 facta
2280 564 2362 608 est
2397 556 2622 620 mentio,
2663 552 2994 623 inexpiabile
3019 553 3200 608 scelus
3222 569 3323 609 nos
3353 556 3514 610 modo

1934 646 2329 700 committimus
2379 645 2639 716 Sytnbolo
2675 646 2862 714 primae
2913 661 3022 698 non
3053 645 3258 700 utendo
3301 661 3315 700 :
3366 648 3513 714 quod

1935 749 1997 792 ut
2024 747 2271 794 maneret
2303 738 2664 804 immutabile,
2703 739 2892 793 Patres
2927 747 3231 791 sanxerunt
3264 753 3278 791 :
3311 754 3511 794 secun-

1933 829 2017 883 die
2044 845 2175 884 vero
2209 839 2421 883 tantum
2460 827 2777 900 Symbolum
2832 842 2945 884 tum
2988 829 3041 883 in
3074 829 3340 894 Ecclesia,
3398 841 3513 886 tum

1935 921 2187 990 privatim
2219 937 2410 976 omnes
2439 922 2741 977 recitando.
2770 922 2835 976 Et
2871 925 3173 976 secundum
3224 922 3367 978 hanc
3422 940 3512 978 ra-

1937 1014 2140 1065 tionem
2175 1013 2277 1066 sub
2308 1014 2654 1068 anathemate
2711 1028 2920 1067 sumus.
2967 1012 3022 1066 Si
3069 1028 3199 1096 verp
3252 1022 3512 1083 tanquam

1937 1103 2081 1158 idem
2115 1105 2207 1166 sit,
2238 1105 2455 1158 silentio
2485 1105 2821 1174 praeteritum
2840 1114 2947 1167 est,
2975 1104 3118 1158 idem
3150 1121 3270 1161 esse
3298 1107 3514 1162 videtur

1934 1211 2046 1250 non
2087 1196 2269 1250 verbis
2298 1196 2405 1266 (his
2432 1199 2637 1250 etenim
2675 1197 2905 1250 tnultum
2959 1199 3253 1252 admodum
3304 1199 3512 1265 dill'ert,

1935 1288 2244 1344 additiones
2275 1289 2540 1358 plurimas
2569 1288 2799 1352 habens,
2829 1299 2886 1343 et
2939 1289 3338 1359 ademptiones)
3364 1309 3379 1358 ;
3415 1294 3512 1349 sed

1935 1391 2019 1437 est
2062 1381 2204 1435 idem
2253 1397 2415 1437 sensu
2467 1392 2523 1436 et
2571 1383 2949 1452 intelligentia.
2981 1381 3160 1448 Quare
3220 1393 3514 1454 utrumque

1939 1472 2257 1543 Symbolum
2293 1483 2403 1525 tum
2437 1475 2650 1542 primae,
2674 1483 2787 1526 tum
2815 1473 3089 1538 secundm,
3123 1473 3291 1528 veluti
3321 1491 3514 1540 unum,

1938 1564 2129 1619 Patres
2195 1565 2369 1620 tertiae
2412 1565 2604 1634 synodi
2660 1565 2913 1620 arbitrati
2965 1577 3116 1619 sunt.
3167 1566 3515 1637 Quapropter

1936 1657 2100 1712 etiam
2166 1671 2328 1712 omne
2384 1657 2702 1728 Symbolum
2759 1657 3009 1712 eamdem
3065 1659 3513 1729 intelligentiam,

1937 1765 2099 1818 quam
2128 1760 2182 1804 et
2207 1751 2520 1821 Symbolum
2554 1751 2739 1819 prima:
2767 1766 3014 1814 servans,
3041 1752 3183 1806 idem
3213 1753 3319 1807 erit
3349 1763 3515 1822 atque

1933 1843 2048 1907 illa,
2082 1851 2137 1895 et
2176 1842 2314 1894 nihil
2348 1841 2480 1896 facit
2512 1841 2580 1896 ad
2616 1853 3001 1911 argumentum
3033 1853 3089 1898 et
3139 1845 3408 1898 rationem
3445 1845 3512 1898 il-

1934 1933 2112 1986 lorum
2144 1933 2240 2001 qui
2271 1932 2463 1986 dicunt
2514 1947 2622 1986 non
2655 1933 2970 1988 audendum
3010 1936 3158 1989 aliud
3193 1935 3515 2006 Symbolum

1937 2026 2188 2090 tradere;
2216 2026 2366 2080 aliud
2405 2027 2552 2080 enim
2593 2027 3053 2093 subaudiendum,
3085 2031 3231 2100 quod
3280 2032 3353 2086 sit
3383 2047 3518 2087 con-

1938 2117 2120 2170 traria
2173 2116 2577 2186 intelligentiae,
2640 2133 2750 2172 non
2813 2130 2996 2174 autem
3047 2125 3192 2189 quod
3236 2124 3518 2178 vocabulis

1939 2204 2157 2259 dilferat
2184 2224 2196 2259 :
2232 2206 2700 2275 quandoquidem,
2739 2217 2795 2260 ut
2828 2209 3036 2263 dictum
3068 2221 3171 2274 est,
3199 2211 3514 2283 Symbolum

1937 2297 2190 2350 secundm
2219 2297 2433 2366 synodi,
2469 2313 2593 2350 cum
2631 2298 2865 2353 multum
2906 2301 3126 2356 dill‘erat
3178 2305 3458 2360 vocabulis
3485 2322 3515 2360 a

1941 2386 2201 2457 Symbolo
2260 2386 2470 2456 primae,
2508 2403 2617 2440 non
2675 2400 2853 2444 tamen
2909 2390 3058 2445 aliud
3093 2405 3212 2445 esse
3241 2393 3520 2449 existima-

1941 2485 2054 2531 tum
2085 2487 2188 2532 est.
2222 2478 2402 2544 Quare
2431 2479 2787 2533 concluditur
2822 2497 2837 2535 :
2868 2481 3000 2548 Quae
3030 2484 3279 2538 eamdem
3297 2501 3520 2561 servan‘

260 2576 873 2646 lntelligentiam,etiatn
907 2578 951 2632 si
975 2578 1156 2633 verbis
1181 2577 1455 2643 diderant,
1471 2577 1659 2630 eadem
1683 2585 1824 2636 esse,
1865 2569 2325 2639 quemadmodum
2383 2579 2438 2628 et
2506 2571 2823 2644 Symbolum
2857 2577 3112 2632 secunda:
3137 2579 3517 2647 synodi,idem

261 2683 358 2728 est
386 2689 451 2728 ac
481 2673 797 2743 Symbolum
831 2675 1039 2743 primae.

337 2765 458 2817 Ἔτι
501 2765 708 2835 ἑκάστη
759 2764 975 2828 σύνοδος
1031 2763 1169 2833 μετά
1232 2763 1332 2832 τὴν
1378 2761 1689 2831 ἀνάγνωσιν
1735 2757 1831 2813 τοῦ

260 2859 385 2914 ὅλου
409 2859 606 2926 ἑαυτῆς
644 2861 792 2927 ὅρου,
820 2857 881 2911 ού
915 2857 1074 2927 μόνον
1100 2856 1194 2908 τοῦ
1221 2856 1498 2924 Συμδόλου
1526 2897 1541 2921 ,
1577 2853 1712 2908 ἀλλά
1739 2851 1832 2906 τοῦ

275 2953 579 3020 ξύμπαντος
633 2951 781 3020 ὅρου,
839 2947 1013 3018 φησί·
1072 2947 1292 3001 Τούτων
1333 2947 1830 3015 ἀναγνωσθέντων,

275 3041 464 3110 ”›ρισεν
492 3043 524 3112 ή
560 3039 692 3105 ἁγία
723 3039 936 3102 σύνοδος
971 3041 1160 3109 μηδενὶ
1187 3039 1386 3102 ἐξεῖναι
1415 3039 1610 3108 ἑτέραν
1643 3043 1832 3091 πίστιν

2013 2751 2244 2807 Rursus.
2279 2752 2631 2824 Unaquteque
2661 2755 2927 2826 synodus,
2949 2766 3070 2824 post
3107 2759 3393 2818 recitatam
3427 2772 3516 2819 to-

1937 2855 2048 2900 tam
2091 2861 2245 2900 suam
2274 2845 2674 2910 deﬁnitionem,
2732 2863 2845 2902 non
2889 2857 3100 2905 tantum
3173 2853 3520 2926 Symbolum,

1938 2943 2056 2990 ait:
2101 2936 2196 2992 llis
2246 2937 2428 3000 lectis,
2486 2939 2682 2994 statuit
2748 2953 2939 2997 sancta
2978 2944 3242 3010 synodus.
3307 2950 3519 3007 nemini

1938 3029 2105 3083 licere
2123 3029 2285 3083 aliam
2328 3029 2488 3084 ﬁdem
2509 3030 2784 3100 proferre.
2804 3033 2987 3097 Quare
3016 3034 3153 3090 illud
3176 3055 3189 3091 :
3217 3037 3311 3093 His
3333 3039 3516 3108 lectis,

271 3133 589 3202 τροφέρειν.
628 3131 791 3184 Ὥστε
837 3131 920 3194 τὸ,
948 3132 1154 3184 τούτων
1187 3130 1663 3198 ἀναγνωσθέντων,
1699 3135 1833 3199 rep”;

1945 3122 2008 3173 ad
2064 3130 2232 3174 tutam
2292 3121 2675 3176 deﬁnitionem
2707 3124 2984 3192 refertur;
3028 3129 3196 3199 igitur
3255 3142 3315 3186 et
3365 3137 3517 3205 quod

279 3226 387 3276 ,λον
439 3224 529 3276 τδν
587 3225 712 3293 ὅρον
772 3225 1132 3292 ἀναφέρεται.
1162 3223 1268 3275 Καὶ
1327 3222 1386 3275 τὸ
1421 3222 1550 3292 ἑξῆς
1602 3223 1708 3292 ἀρα
1750 3225 1833 3289 τὸ,

1945 3211 2210 3280 deinceps
2259 3214 2542 3281 sequitur,
2592 3215 2756 3268 aliam
2813 3218 2972 3272 [idem
3019 3237 3128 3276 non
3161 3223 3332 3281 licere
3384 3243 3517 3298 pro-

273 3316 504 3385 Ἑτέραν
562 3315 746 3368 πίστιν
792 3317 867 3385 μὴ
919 3316 1120 3380 ἐξεῖναι
1169 3319 1491 3388 προφέρειν,
1552 3319 1688 3387 πρὸς
1747 3319 1839 3372 τὸν

267 3408 390 3474 ἱρον
431 3405 524 3457 καὶ
572 3403 702 3455 αύτδ
747 3403 1118 3472 ἀναφέρεταιο
1155 3407 1278 3475 ῆτοι
1325 3406 1399 3475 μὴ
1449 3406 1650 3470 ἐξεῖναι
1701 3421 1839 3478 προ-

269 3497 458 3564 ρὲρειν
490 3493 661 3562 ἀλλην
715 3494 900 3546 πίστιν
960 3495 1117 3563 παρά
1149 3497 1250 3565 τὴν
1295 3497 1354 3548 ὲν
1384 3495 1462 3566 τῷ
1499 3497 1612 3565 ὅρῳ
1656 3498 1838 3565 ἐγκει-

268 3591 442 3658 ειένην
491 3587 570 3656 τῷ
617 3586 865 3648 καθόλου,
896 3587 958 3640 ού
996 3588 1157 3656 μόνον
1184 3591 1242 3640 ὲν
1266 3587 1344 3657 τῷ
1375 3587 1652 3660 Συμσόλῳ.
1695 3589 1838 3644 Ἀλλ’

262 3684 392 3733 ὅσον
424 3680 566 3732 κατὰ
595 3680 665 3732 τά
713 3681 936 3749 ῥήματα
966 3681 998 3748 ή
1027 3680 1069 3732 δ’
1100 3680 1346 3750 ἔγραψεν
1377 3681 1541 3750 ἔντερα
1571 3681 1677 3749 τῆς
1721 3683 1840 3750 τρί-

264 3787 388 3844 της,
425 3769 521 3821 καὶ
572 3771 606 3839 ή
657 3771 882 3838 πέμπτη
917 3770 1019 3839 τῆς
1059 3771 1123 3832 δ’,
1157 3773 1250 3824 καὶ
1279 3770 1451 3834 οὕτως
1491 3771 1642 3844 ἑξῆς.
1672 3771 1837 3826 Ὥστε

261 3843 396 3930 περὶ
426 3861 525 3929 τῆς
570 3861 802 3914 καθόλου
849 3861 1084 3923 πίστεώς
1125 3863 1274 3914 ἐστιν
1312 3863 1340 3916 ό
1369 3863 1548 3932 λόγος,
1580 3843 1676 3917 καὶ
1708 3866 1838 3937 περὶ

258 3954 370 4006 τῶν
398 3954 707 4024 νοημάτων,
738 3953 800 4006 οὐ
829 3955 958 4024 περὶ
985 3953 1094 4008 τῶν
1127 3953 1332 4020 λέξεων
1353 3956 1559 4012 αὐτῶν.

335 4042 462 4094 Ἔτι
497 4043 528 4111 η
559 4040 604 4106 ζ’
627 4040 845 4104 σύνοδος
875 4043 997 4095 ούδδ
1025 4045 1267 4096 ποιεῖται
1294 4045 1433 4107 ὅλως
1473 4046 1666 4114 μνείαν
1700 4064 1838 4117 σύμ⁶

262 4133 450 4195 δόλου,
476 4130 599 4186 οὕτε
623 4132 717 4184 τοῦ
743 4136 843 4203 τῆς
870 4133 1114 4202 πρώτης,
1139 4133 1266 4188 οὕτε
1299 4136 1392 4188 τοῦ
1426 4137 1526 4204 τῆς
1551 4137 1834 4208 δευτέρας,

259 4223 382 4276 ἀλλ’
439 4223 624 4286 ἀπλώς
677 4224 806 4294 δρον
859 4224 1060 4295 ιαυτῆς
1114 4225 1409 4296 ὲκθεμένη,
1448 4227 1512 4278 ιν
1563 4227 1640 4296 τῷ
1693 4229 1837 4280 τέλει

262 4315 420 4384 φησὶ,
453 4332 473 4367 ε
517 4314 740 4379 Τούτοις
766 4317 866 4370 οὐκ
918 4317 1033 4370 ἐστι
1068 4318 1404 4387 προσθεῖναι,
1435 4319 1530 4372 καὶ¹
1563 4319 1672 4372 ἀπὸ
1715 4319 1838 4374 τού-

263 4425 376 4460 των
398 4408 502 4460 οὐκ
526 4407 674 4460 ἐστιν
698 4409 938 4475 ἀφελεῖν.
972 4409 1034 4461 El
1064 4409 1120 4462 δέ
1149 4426 1235 4469 τις
1262 4411 1529 4481 προσθείη
1575 4411 1608 4482 ἢ
1643 4412 1837 4480 ἀφέλοι

1940 3303 2109 3367 ferre,
2145 3305 2212 3359 ad
2249 3314 2416 3360 totam
2452 3309 2833 3365 definitionem
2856 3323 3070 3382 spectat
3093 3333 3108 3378 ;
3132 3315 3240 3371 hoc
3265 3329 3372 3384 est,
3405 3339 3516 3381 non

1939 3395 2107 3453 licere
2164 3399 2412 3467 proferre
2445 3401 2605 3456 aliam
2655 3403 2820 3458 fidem
2847 3445 2862 3470 ,
2898 3419 3092 3474 praeter
3121 3426 3240 3466 eam
3276 3430 3401 3483 qua
3459 3418 3515 3472 in

1940 3490 2259 3545 definitione
2289 3493 2628 3560 universali,
2662 3511 2772 3549 non
2811 3497 2988 3552 solum
3025 3501 3078 3554 in
3109 3501 3365 3572 Symbolo
3385 3522 3520 3562 con-

1942 3581 2168 3636 tinetur.
2204 3581 2308 3636 Sed
2334 3584 2480 3652 quod
2503 3587 2700 3640 attinet
2721 3589 2790 3641 ad
2818 3593 3009 3655 verba,
3044 3605 3239 3662 quarta
3273 3599 3518 3668 synodus

1940 3672 2046 3728 alia
2085 3673 2312 3742 scripsit
2364 3691 2393 3728 a
2433 3678 2612 3743 tertia,
2663 3689 2719 3734 et
2743 3683 2936 3749 quinta
2979 3701 3008 3737 a
3043 3697 3266 3755 quarta,
3316 3699 3374 3743 et
3434 3693 3515 3748 sic

1940 3765 2220 3833 deinceps.
2254 3763 2595 3834 Quapropter
2627 3773 2696 3823 de
2748 3775 3045 3831 universali
3103 3777 3208 3832 lida
3257 3790 3344 3835 est
3397 3797 3518 3838 ser-

1944 3869 2052 3917 mo,
2091 3855 2268 3924 deque
2311 3857 2504 3911 iisdem
2557 3865 2877 3929 sententiis,
2922 3883 3030 3920 non
3066 3869 3135 3923 de
3189 3870 3323 3940 ipsis
3356 3889 3517 3930 voca-

1942 3944 2108 4000 bulis.

2008 4037 2278 4096 Pra:terea
2307 4043 2536 4110 septima
2561 4045 2808 4116 synodus
2860 4057 3036 4116 neque
3080 4051 3310 4108 omnino
3340 4055 3510 4112 ullam

1940 4129 2068 4184 facit
2113 4134 2449 4190 mentionem
2473 4139 2721 4209 Symboli
2757 4156 2937 4211 neque
2967 4142 3181 4210 prima,
3217 4161 3398 4216 neque
3428 4167 3516 4206 se-

1939 4221 2175 4276 cundia:
2226 4225 2322 4287 sed
2357 4228 2692 4297 simpliciter
2743 4231 3070 4288 deﬁnitione
3115 4249 3214 4288 sua
3262 4238 3434 4306 edita,
3461 4251 3520 4297 et

1939 4312 2230 4380 explicata,
2269 4316 2326 4370 in
2359 4317 2464 4373 line
2496 4321 2663 4375 dicit:
2707 4341 2725 4373 ε
2763 4322 2859 4378 His
2891 4341 3000 4378 non
3033 4326 3166 4382 licet
3203 4329 3430 4397 addere,
3457 4342 3516 4388 et

1940 4419 2006 4458 ex
2040 4404 2126 4460 his
2165 4422 2274 4462 non
2313 4409 2442 4465 licet
2483 4413 2751 4468 adimere.
2779 4415 2836 4469 Si
2878 4417 3004 4484 quis
3031 4433 3165 4472 vero
3209 4422 3512 4491 addiderit,

262 4504 378 4555 ἀπο
423 4502 629 4573 ταύτης
665 4505 762 4570 τῆς
816 4503 1071 4570 πίστεως,
1124 4504 1372 4572 ἀνάθεμα
1426 4505 1532 4576 εἴη.
1599 4523 1619 4558 ε
1675 4507 1835 4560 Ὥστε

1945 4508 1995 4551 et
2022 4497 2094 4552 ab
2109 4513 2172 4551 ea
2195 4497 2301 4552 lide
2316 4500 2608 4569 ademerit,
2627 4504 2918 4558 anathema
2932 4506 3023 4559 sit.
3055 4526 3074 4560 ι
3102 4510 3279 4575 Quare
3297 4525 3518 4569 constat

262 4593 430 4658 δῆλον
470 4592 554 4645 ὅτι
605 4592 734 4658 περὶ
787 4593 1024 4656 πίστεως
1078 4592 1250 4661 λέγει,
1283 4595 1378 4647 καὶ
1425 4595 1525 4661 τῆς
1580 4596 1728 4648 κατὰ
1775 4598 1845 4650 τὰ

263 4687 520 4752 δόγματα
551 4683 947 4744 δναντιὼσεως.
977 4685 1051 4738 ού
1083 4687 1192 4755 γὰρ
1223 4685 1288 4755 δὴ
1337 4685 1652 4739 κεκώλυκεν
1681 4687 1844 4756 ὅρους

262 4778 369 4844 τὴν
399 4774 730 4843 Ἐκκλησίαν
768 4775 1204 4844 συγγράφεσθαι.

345 4867 488 4930 Ἔτι,
524 4867 592 4918 ’Δ
620 4869 684 4936 τῇ
717 4867 917 4936 καρδίᾳ.
964 4866 1044 4927 είς
1073 4865 1423 4936 δικαιοσύνην
1469 4868 1844 4939 πιστεύομεν,

265 4956 445 5010 ταῦτα
469 4961 564 5010 καὶ
591 4958 670 5029 τῷ
705 4961 935 5028 στόματι
961 4958 1248 5027 ὁμολογεῖν
1280 4961 1361 5022 είς
1390 4962 1670 5030 σωτηρίαν
1697 4961 1846 5029 ὀφεί-

266 5051 468 5116 λομενο
497 5052 547 5104 sl
567 5050 625 5104 δὲ
662 5051 759 5120 μὴ,
777 5050 972 5120 ἀτελὴς
1001 5051 1133 5118 ἡμῖν
1165 5051 1342 5117 ἔσται,
1372 5053 1466 5104 καὶ
1498 5054 1556 5118 ἐξ
1583 5053 1846 5122 ἡμισείας

270 5138 305 5204 ἡ
341 5137 545 5200 πίστις.
574 5140 666 5189 Δεῖ
718 5137 825 5206 γὰρ
881 5137 1170 5205 ὁμολογεῖν
1224 5138 1536 5207 ἔμπροσθεν
1579 5141 1692 5193 τῶν
1751 5143 1843 5194 ἀν-

270 5227 509 5296 θρώπων
561 5229 661 5296 τὴν
697 5229 900 5292 πίστιν,
937 5227 987 5280 εί
1038 5228 1304 5299 μέλλομεν
1343 5231 1440 5284 καὶ
1483 5213 1637 5284 αὐτοὶ
1664 5235 1846 5300 τυχεῖν

272 5322 626 5390 ἀναρρήσεως
679 5318 784 5372 ὑπὸ
835 5319 932 5372 τοῦ
991 5321 1242 5390 Σωτῆρος
1291 5322 1386 5378 ἀπὶ
1443 5321 1537 5376 τοῦ
1591 5323 1846 5393 οὐρανίου

275 5409 506 5478 Ιιατρὸς,
553 5408 696 5461 κατὰ
739 5408 802 5461 τὸ
853 5409 1032 5476 λόγιον
1084 5408 1275 5464 αὐτοῦ.
1337 5411 1498 5464 Ἀλλά
1547 5415 1617 5467 τὰ
1669 5413 1844 5484 ἀληθῆ

279 5503 493 5571 ἀνάγκη
529 5504 748 5570 φρονεῖν
771 5518 783 5530 ’
813 5505 906 5554 καὶ
947 5504 1163 5574 ἀνάγκη
1197 5503 1302 5574 ἄρα
1327 5504 1616 5572 όμολογεῖν
1641 5505 1841 5559 ταῦτα.

280 5592 441 5644 Ὥστε
482 5591 520 5645 ἃ
571 5593 780 5662 ἀνάγκη
832 5593 1130 5654 πιστεύειν,
1178 5594 1351 5648 ταῦτα
1403 5596 1503 5648 οὐκ
1552 5597 1844 5649 ἀνεύθυνον

279 5687 456 5751 μόνον,
491 5686 628 5738 ἀλλὰ
660 5689 752 5736 καὶ
781 5688 996 5756 ἀνάγκη
1025 5688 1330 5767 ὁμολογεῖν.

343 5778 486 5843 Ἔτι,
520 5780 576 5830 ἐν
606 5780 716 5840 τοῖς
764 5780 1094 5882 Πρκκὲικοῖς
1132 5780 1230 5850 τῆς
1282 5782 1550 5852 τετάρτης
1596 5781 1840 5847 συνόδου,

1943 4604 2066 4644 eam
2091 4591 2158 4645 de
2178 4591 2282 4646 ﬁde
2309 4593 2514 4658 dicere,
2547 4603 2600 4649 et
2622 4595 2691 4649 de
2710 4611 2773 4650 ea
2805 4612 2924 4665 quae
2953 4597 3006 4651 in
3042 4599 3392 4669 dogmatibus
3406 4614 3516 4671 est,

1945 4683 2364 4739 contrarietate.
2394 4684 2514 4739 Non
2553 4687 2700 4741 enim
2733 4699 2883 4743 certe
2917 4689 3226 4746 Ecclesiam
3260 4710 3290 4748 a
3311 4694 3516 4751 deﬁnio

1946 4772 2192 4828 tionibus
2220 4775 2634 4831 conscribendis
2677 4779 2880 4834 arcuit.

2014 4862 2283 4934 Insuper:
2320 4865 2452 4932 Qua:
2481 4869 2646 4921 corde
2680 4869 2748 4922 ad
2769 4870 3042 4940 justitiam
3067 4874 3366 4939 credimus,
3401 4876 3518 4932 haec

1945 4957 2112 5011 etiam
2143 4973 2243 5012 ore
2292 4959 2542 5013 conﬁteri
2572 4961 2636 5013 ad
2669 4965 2903 5016 salutem
2953 4965 3256 5022 debemus:
3291 4970 3377 5022 sin
3412 4971 3518 5025 mi-

1947 5062 2054 5101 nus
2099 5048 2417 5117 imper-lecta
2473 5049 2634 5104 nobis
2679 5053 2829 5116 erit,
2885 5063 2942 5108 et
2988 5070 3055 5109 ex
3103 5058 3332 5112 dimidio
3359 5057 3515 5113 l'ldes.

1947 5138 2177 5207 Oportet
2206 5140 2354 5193 enim
2379 5155 2563 5195 coram
2607 5143 2926 5198 hominibus
2957 5145 3114 5201 iidem
3143 5151 3416 5213 conliteri,
3469 5151 3515 5203 si

1948 5246 2050 5284 nos
2083 5245 2300 5299 quoque
2329 5232 2582 5287 volumus
2621 5248 2810 5289 coram
2861 5237 3021 5295 Patre
3061 5239 3270 5294 cmlesti
3308 5255 3518 5311 preco-

1948 5323 2100 5376 nium
2162 5324 2424 5392 consequi
2482 5324 2806 5392 Selvatoris,
2866 5332 3172 5385 secundum
3233 5334 3516 5404 eloquium

1946 5416 2089 5484 ejus.
2119 5417 2280 5485 Atqui
2321 5431 2450 5470 vera
2483 5432 2677 5485 sapere
2698 5435 2924 5475 necesse
2951 5433 3071 5488 est;
3107 5425 3274 5494 igitur
3293 5441 3515 5481 necesse

1945 5519 2029 5560 est
2056 5509 2218 5561 etiam
2257 5524 2318 5561 ea
2351 5509 2624 5564 conﬁteri.
2651 5511 2852 5578 Quare,
2891 5530 3011 5584 qua:
3039 5521 3352 5572 necessario
3382 5530 3514 5576 sunt

1945 5598 2240 5659 credenda,
2289 5613 2352 5654 ea
2382 5617 2487 5654 non
2515 5602 2692 5656 solum
2729 5603 2974 5675 impune,
3007 5608 3104 5662 sed
3127 5610 3293 5664 etiam
3323 5627 3514 5667 neces-

1947 5693 2094 5743 sario
2121 5702 2247 5744 sunt
2280 5692 2612 5748 conﬁtenda.

2017 5783 2097 5837 Ad
2129 5784 2244 5839 ιιιεο
2267 5785 2321 5838 in
2350 5785 2500 5839 Actis
2525 5796 2734 5855 quarta
2763 5789 2980 5861 synodi,
3017 5792 3070 5848 in
3101 5796 3274 5862 prima
3299 5801 3515 5856 actione
