3966 6218
499 278 600 348 3t?

1475 270 1981 346 nassiimoms
2017 285 2080 345 s.
2116 286 2185 347 ιι,
2228 287 2295 347 E.
2324 272 2796 348 'CABDINALIS
2858 316 2861 319 ι

3060 228 3161 255 σεῖε

3644 292 3745 360 348

498 396 808 464 expositum
840 403 944 461 est,
968 392 1469 483 'priinum‘qnidcm
1502 375 1569 447 ab
1596 392 1895 463 Eutychete
1916 390 2059 461 Sym«

2175 398 2232 446 ἐν
2268 399 2333 466 τῇ
2383 396 2573 466 πρώτῃ
2623 396 2841 466 πράξει,
2886 396 3187 450 ἐκτέθειται
3241 399 3604 477 μὲνήπρῶτον
3650 392 3742 462 ὕπδ

500 489 681 540 Lnium
722 487 1021 542 Nicaanum.
1071 472 1287 541 .Dcinde
1345 478 1512 539 infert
1572 484 1716 538 idem
1770 484 2063 537 haereticus

498 576 807 647 Entyclies,
865 593 1032 645 super
1082 578 1223 631 hanc
1270 570 1462 641 iidem,
1498 575 1709 629 scilicet
1765 573 2062 633 Nicaenam,

495 665 870 720 delinitioncm
908 667 1147 721 edidisse
1169 659 1467 735 Ephesiam
1499 666 1767 737 synodum
1810 665 2066 733 hujusce—

498 760 644 809 modi
679 776 692 811 :
754 756 914 821 Eum,
949 759 1041 826 qui
1100 762 1299 827 praeter
1341 758 1481 811 hanc
1515 756 1720 825 aliquid
1766 754 2061 817 addiderit,

498 849 579 901 vel
615 849 1029 917 excogitaverit,
1064 846 1149 903 vel
1191 847 1466 912 docuerit,
1514 846 1695 917 poenis
1746 845 1882 901 tunc
1941 846 2067 900 latis

494 939 809 1005 subiacere.

570 1030 843 1083 Eusebius
880 1045 1009 1083 vero
1053 1029 1348 1097 episcopus
1383 1028 1715 1098 Dorylensis,
1768 1028 1861 1097 qui
1902 1044 2067 1082 accu-

494 1136 644 1177 sator
675 1129 792 1176 erat
825 1120 1069 1174 lizerelici
1106 1118 1450 1189 Eutychetis,
1486 1120 1599 1173 haec
1633 1120 1862 1173 audiens
1890 1120 2069 1173 excla-

495 1216 699 1268 mavit:
731 1215 843 1265 Non
873 1221 955 1266 est
983 1198 1106 1265 talis
1141 1212 1425 1275 delinitio;
1470 1227 1576 1264 non
1615 1221 1702 1265 est
1734 1212 1857 1266 talis
1887 1226 2065 1265 canon

495 1308 545 1360 id
580 1307 918 1375 prohibens,
950 1306 1211 1357 mentitas
1252 1312 1355 1356 est.
1391 1301 1646 1357 Scxcenti
1685 1318 1819 1357 vero
1845 1303 2067 1371 triginta

496 1399 707 1458 Patres,
767 1397 859 1464 qui
919 1394 1267 1449 Chalcedone
1330 1393 1723 1453 fuerunt.hoc
1780 1393 2068 1446 audientes

497 1498 821 1542 Iacuerunt:
877 1494 932 1539 et
964 1486 1269 1554 Eutychen,
1302 1494 1488 1551 utpote
1515 1485 1607 1551 qui
1630 1500 1734 1536 non
1783 1492 2066 1552 pateretur

494 1580 658 1634 etiam
690 1577 792 1631 alia
818 1592 1011 1645 sapere
1046 1585 1244 1644 praeter
1267 1584 1328 1627 ea
1360 1589 1479 1642 qua:
1505 1574 1558 1625 in
1585 1572 1848 1643 Symbolo
1879 1580 2067 1627 essent

496 1669 733 1730 Nicagno,
754 1667 858 1719 alia
882 1666 1090 1719 scilicet
1120 1679 1369 1726 numero,
1389 1677 1495 1717 non
1525 1674 1779 1731 tanquam
1800 1663 2066 1731 Opposita,

494 1760 952 1813 condemnarunt.
972 1757 1154 1820 Quare
1185 1756 1549 1809 ostenderunt
1573 1756 1690 1808 illas
1732 1766 1943 1808 tantum
1969 1769 2064 1807 vo-
2093 1736 2142 1797 Β

494 1866 587 1904 ces
628 1850 834 1913 vetari,
865 1865 986 1917 qua:
1044 1857 1173 1901 sunt
1214 1848 1506 1900 contrariae
1562 1856 1617 1900 et
1655 1846 1919 1906 adversae,
1949 1860 2057 1899 non

495 1951 678 1994 autem
714 1941 1140 1993 consentientes.
1170 1938 1307 1991 Ecce
1347 1940 1491 1990 enim
1538 1938 1670 1991 illud
1726 1954 1789 1991 ex
1821 1936 2063 1997 duabus,

495 2040 551 2083 et
610 2032 664 2083 in
698 2030 911 2082 duabus
969 2029 1185 2080 naturis
1226 2028 1589 2081 iuconunistis
1630 2028 1907 2080 Christum
1942 2034 2066 2095 post

497 2123 571 2185 id,
615 2121 757 2189 quod
789 2120 959 2173 semel
1002 2128 1396 2187 assumpserat,
1435 2118 1721 2183 mansisse,
1755 2117 1903 2171 aliud
1940 2134 2063 2172 cum

496 2214 570 2267 sit
606 2230 634 2265 a
668 2210 922 2280 Symbolo
965 2208 1203 2273 Nicwno,
1237 2209 1383 2262 aliud
1429 2224 1557 2263 vero
1606 2210 1733 2263 dico
1760 2209 2063 2275 vocabulis,

496 2317 603 2353 non
636 2297 999 2367 intelligentia
1029 2336 1043 2361 ,
1080 2308 1259 2350 tamen
1308 2297 1573 2366 cogebant
1611 2296 1895 2366 Eutychen
1929 2299 2064 2352 illud

494 2403 706 2456 sapere.
744 2385 896 2439 Unde
925 2394 1148 2452 apparet
1184 2384 1373 2438 Patres
1419 2400 1528 2437 non
1560 2385 1888 2455 simpliciter
1917 2387 2063 2442 aliud

493 2476 866 2545 prohibuisse,
894 2475 987 2528 sed
1021 2476 1295 2543 Opposita.

566 2566 701 2621 Illud
730 2582 894 2635 porro
924 2567 1214 2620 considera
1262 2567 1590 2635 diligenter:
1628 2569 1739 2623 haec
1769 2570 1917 2624 enim
1962 2586 2056 2627 ea-

494 2660 617 2714 dem
639 2661 801 2714 verba
836 2660 1007 2713 tertia:
1038 2657 1255 2728 synodi,
1283 2673 1405 2727 qua:
1445 2674 1547 2713 nos
1574 2661 1956 2727 producimus,
1984 2664 2067 2716 ni-

496 2752 696 2803 mirum
721 2749 923 2801 nemini
954 2748 1119 2801 licere
1143 2748 1306 2801 aliam
1332 2748 1491 2803 [idem
1512 2752 1782 2818 proferre,
1816 2751 1931 2804 haec
1951 2752 2067 2821 ipsa

495 2854 597 2910 pro
630 2854 687 2893 se
725 2839 997 2909 Eutyches
1033 2838 1392 2907 producebat.
1444 2840 1758 2910 Dorylensis
1798 2857 1928 2895 vero
1956 2842 2070 2908 epié

494 2945 727 2999 scopas,
766 2946 830 2983 ac
877 2938 989 2983 tota
1018 2932 1282 3000 synodus,
1322 2931 1439 2985 Non
1489 2943 1572 2985 est
1610 2933 1752 2997 talis,
1785 2933 2064 2995 dixerunt,

495 3036 675 3075 canon
718 3020 771 3075 id
822 3032 1046 3085 vetans;
1090 3022 1185 3076 sed
1217 3038 1365 3086 eum,
1396 3024 1598 3092 quippe
1632 3024 1725 3092 qui
1777 3039 1940 3092 prave
1973 3041 2063 3078 ca-

496 3128 695 3166 nonem
732 3115 1219 3181 interpretaretur,
1251 3118 1709 3168 condemnarunt.
1744 3114 2063 3182 Explicabat

493 3206 643 3257 enim
677 3205 856 3271 ipsum
890 3218 1157 3257 canonem
1189 3204 1486 3273 Eutychos,
1517 3205 1977 3272 quemadmodum
2010 3214 2064 3258 et

496 3306 791 3358 nostrates,
830 3296 1086 3349 nimirum
1121 3296 1444 3349 existimans
1493 3310 1655 3349 omne
1692 3296 1826 3349 illud
1857 3296 2064 3364 simpli-

492 3387 634 3440 citer
678 3387 982 3455 prohiberi,
1020 3387 1166 3455 quod
1205 3386 1290 3438 vel
1322 3386 1436 3454 ipsa
1474 3387 1767 3439 verborum
1800 3388 2066 3440 varietate

493 3479 645 3531 aliud
679 3489 845 3532 esset.
870 3478 1027 3543 Quod
1074 3487 1256 3530 tamen
1301 3477 1535 3530 concilio
1586 3479 1809 3529 minime
1840 3477 2062 3546 placuit,

493 3569 568 3622 ob
620 3585 853 3637 eamque
897 3584 1117 3623 causam
1150 3584 1277 3621 eum
1311 3568 1664 3632 damnarunt,
1725 3584 1849 3623 cum
1900 3570 2060 3623 aliam

494 3660 657 3714 (idem
690 3661 1093 3713 arbitrarentur
1128 3676 1251 3713 eam
1298 3676 1419 3728 qua:
1446 3671 1594 3715 esset
1621 3661 1917 3722 contraria,
1952 3676 2059 3713 non

491 3760 676 3803 autem
722 3764 843 3802 cam
896 3764 1018 3818 qtue
1050 3750 1236 3803 verbis
1294 3750 1516 3817 quidem
1570 3750 1810 3815 diil'erat,
1862 3751 2064 3804 intelli‘

491 3841 672 3908 gentia
703 3855 832 3894 vero
870 3843 944 3894 sit
978 3846 1355 3897 consentiens.

564 3932 770 3986 Deinde
807 3949 909 4001 ego
938 3933 1100 3987 etiam
1133 3935 1358 3988 memini
1396 3936 1448 3989 in
1474 3937 1835 4006 explicatione
1861 3939 2061 3993 Nomo-

489 4024 742 4089 canonis,
774 4038 895 4092 qua:
926 4025 985 4077 [it
1020 4040 1049 4077 a
1085 4024 1317 4092 Zonara,
1348 4028 1556 4095 aliquid
1583 4030 1687 4081 tale
1718 4045 1803 4082 me
1836 4032 2057 4085 vidisse.

489 4116 552 4170 In
578 4131 644 4170 eo
674 4118 822 4171 enim
861 4116 1246 4171 Nomocanoue
1298 4119 1411 4172 hac
1445 4120 1700 4173 iuhibitio
1742 4125 1914 4175 tertiae
1968 4139 2059 4193 sy-

489 4209 644 4273 nodi,
676 4210 937 4262 nimirum
978 4223 993 4260 :
1022 4207 1117 4262 His
1147 4210 1310 4263 leCtis
1340 4212 1534 4264 statuit
1570 4224 1757 4267 sancta
1796 4219 2057 4284 synodus,

486 4309 544 4355 et
565 4303 794 4368 reliqua,
832 4302 970 4355 inter
1004 4303 1141 4356 alios
1165 4316 1406 4356 canones
1440 4308 1615 4359 tertiae
1664 4309 1855 4376 synodi
1883 4311 2058 4362 conti-

2172 486 2443 557 Εὐτυχοῦς
2472 489 2528 540 τὸ
2552 485 2661 542 τῶν
2689 490 2745 539 ἐν
2769 486 2973 559 Νικαίᾳ
3006 488 3302 558 Σύμϐολον.
3334 490 3466 546 Εἶτα
3489 497 3738 569 ἐπιφέρει

2170 583 2197 633 ό
2226 585 2383 645 αὐτὸς
2416 583 2688 649 αἰρετικδς
2722 583 2983 653 Εὑτυχὴς,
3004 584 3086 637 ὅτι
3117 586 3207 637 ἐπὶ
3234 586 3405 659 ταύτῃ
3439 589 3503 658 τῇ
3539 590 3740 657 πίστει,

2168 676 2409 745 δηλονότι
2437 679 2545 729 τῶν
2579 679 2636 730 ἐν
2672 677 3039 746 Νικαίᾳ,ὃλον
3069 679 3415 751 ἑξήνεγκενή
3444 683 3503 733 ὲν
3533 682 3736 754 Ἐφέσῳ

2172 768 2417 832 σύνοδος·
2465 771 2567 821 Τὸν
2606 769 2755 838 παρὰ
2802 770 3011 839 ταύτην
3072 772 3435 839 προστιθέντα
3464 791 3517 826 τι
3554 775 3585 844 ἢ
3623 777 3736 828 ἑπιο
3785 805 3793 810 -

2170 861 2394 913 νοοῦντα
2436 863 2468 929 ἢ
2507 860 2829 915 διδάσκοντα
2874 862 3175 931 ἐπιτιμίοις
3230 864 3347 926 τοῖς
3376 864 3497 916 τότε
3541 867 3739 935 ἐγγρα-

2170 954 2352 1019 φεῖσιν
2383 952 2726 1005 ὑποκεῖσθαι.

2244 1043 2499 1103 Εὖ3ἐ6ιο;
2524 1042 2579 1095 δὲ
2604 1046 2898 1106 ἐπίσκοπος
2921 1036 3316 1114 Δορυλαίου,δς
3339 1037 3405 1115 ἧν
3433 1046 3737 1117 κατήγορος

2132 1135 2263 1189 ,τοῦ
2314 1137 2590 1206 αἱρετικοῢ
2642 1137 2938 1205 Εὑτυχούς,
2979 1135 3154 1190 ταῦτα
3205 1137 3441 1200 ἀκούσας
3487 1130 3734 1207 ἐϐόησεν·

2170 1232 2283 1284 Οὐκ
2344 1232 2491 1285 ἐστιν
2543 1234 2670 1301 ὄρος
2714 1232 2987 1297 τοιοῦτος,
3036 1233 3137 1285 οὐκ
3185 1232 3303 1286 ἔστι
3353 1234 3532 1287 κανὼν
3577 1233 3738 1287 τοῦτο

2169 1320 2523 1390 διαγορεύων,
2564 1323 2853 1391 ἐψεύσατο.
2907 1325 2970 1378 Οἱ
3027 1324 3084 1377 δὲ
3128 1318 3400 1389 ἑξακόσιοι
3448 1327 3741 1395 τριάκοντα

2172 1416 2411 1485 Πατὲρες
2449 1418 2497 1467 oi
2537 1418 2596 1469 ιν
2625 1408 2950 1485 Χαλκηδόνι,
2983 1415 3145 1469 τοῦτο
3193 1417 3545 1479 ἀκούσαντες,
3580 1415 3738 1469 ἐσιώ-

2172 1525 2378 1577 πησαν,
2410 1510 2505 1560 καὶ
2532 1500 2899 1561 κατεδίκασαν
2928 1508 3023 1563 τὸν
3056 1508 3325 1578 Εὐτυχέα,
3356 1507 3429 1571 ὡς
3466 1510 3541 1577 μὴ
3570 1524 3734 1560 κατα-

2169 1600 2457 1671 δεχόμενον
2483 1603 2700 1669 φρονεῖν
2734 1600 2829 1654 καὶ⁸
2858 1600 2994 1653 ἄλλα
3020 1598 3168 1670 παρὰ
3196 1600 3256 1652 τὸ
3281 1600 3337 1651 ἐν
3360 1600 3407 1651 Ν
3415 1598 3563 1670 auio.
3592 1599 3730 1669 σύμ·

2171 1693 2345 1759 ϐολον,
2377 1694 2512 1747 ἄλλα
2539 1693 2738 1764 δηλαδὴ
2770 1694 2846 1764 τῷ
2870 1693 3105 1764 ἀριθμῷ,
3131 1694 3229 1763 οὐχ
3255 1695 3329 1756 ὡς
3356 1696 3728 1763 ἀντικείμενα.

2171 1787 2335 1839 Ὥστε
2388 1787 2596 1851 ἔδειξαν
2627 1788 2843 1851 ὲκείνας
2891 1791 2990 1851 τὰς
3044 1789 3359 1858 προσθήκας
3405 1780 3727 1851 κωλύεσθαι,

2166 1879 2227 1931 αἴ
2276 1882 2412 1932 είσιν
2458 1880 2694 1932 ἐναντίαι
2750 1880 2846 1932 καὶ
2894 1880 3287 1948 ἁντικείμεναι,
3318 1880 3377 1932 ού
3433 1866 3623 1947 μέντοι
3669 1898 3731 1948 γε

2166 1972 2264 2032 τὰς
2302 1972 2712 2038 όμοφωνούσας.
2748 1970 2877 2023 Ἰδοὺ
2911 1970 3018 2041 γὰρ
3057 1971 3116 2023 τὸ
3152 1954 3215 2023 ἐκ
3267 1966 3361 2023 δύο
3392 1970 3610 2039 φύσεων
3639 1970 3734 2024 καὶ

2167 2063 2224 2113 ὲν
2250 2063 2370 2116 δυσὶ
2405 2064 2632 2133 φύσεσιν
2678 2063 3007 2133 ἂσυγχύτοις
3038 2064 3127 2117 τὸν
3169 2064 3406 2131 Χριστὸν
3460 2066 3597 2132 μετὰ
3632 2066 3731 2134 τὴν

2168 2156 2475 2226 πρόσληψιν
2512 2161 2713 2225 μεῖναι,
2741 2157 2928 2225 ἕτερον
2979 2156 3037 2207 ὃν
3087 2156 3179 2208 τοῦ
3232 2159 3289 2208 ὲν
3339 2156 3542 2228 Νικαίᾳ
3593 2176 3730 2225 συμ-

2169 2248 2352 2313 ϐόλου,
2381 2248 2569 2316 ἕτερον
2613 2248 2668 2300 δὲ
2710 2248 2852 2315 λέγω
2897 2250 3013 2311 ταῖς
3040 2247 3271 2312 λέξεσιν,
3318 2248 3377 2299 οὺ
3415 2251 3480 2317 τῇ
3511 2248 3722 2320 ὲννιλίᾳ’

2166 2340 2318 2409 ὅμως
2348 2340 2657 2409 ἠνάγκαζον
2686 2342 2775 2393 τὸν
2820 2341 3033 2410 Εὐτυχῆ
3072 2341 3343 2409 φρονῆσαι
3377 2341 3529 2393 αὐτό.
3568 2341 3727 2393 Ὥστε

2168 2436 2418 2502 φαίνεται
2465 2435 2631 2503 μὴτὸ
2678 2436 2865 2500 ἕτερον
2908 2434 3097 2497 ἁπλῶς
3146 2433 3270 2496 τοὺς
3323 2435 3576 2504 Πατέρας
3621 2454 3727 2487 κω-

2167 2524 2336 2591 λύειν,
2365 2526 2501 2579 ἀλλὰ
2530 2526 2597 2578 τὰ
2628 2526 3000 2592 ἀντικείμενα.

2237 2620 2435 2673 Σκόπει
2483 2620 2541 2673 δὲ
2585 2617 2743 2672 τοῦτο
2789 2620 3053 2685 ἀκριϐῶς.
3103 2617 3252 2670 Αύτὰ
3284 2618 3391 2686 γὰρ
3434 2617 3610 2670 ταῦτα
3656 2616 3723 2669 τὰ

2170 2715 2391 2782 ῥήματα
2441 2712 2538 2781 τῆς
2572 2713 2764 2782 τρίτης
2805 2713 3024 2766 συνόδου
3076 2700 3111 2766 ἃ
3156 2712 3505 2783 προφέρομεν
3548 2714 3727 2781 ἡμεῖς.

2168 2806 2226 2857 τό
2254 2807 2448 2875 μηδενὶ
2488 2805 2689 2869 ἐξεῖναι
2724 2804 2926 2874 δηλαδὴ
2961 2806 3263 2872 προφέρειν
3297 2804 3476 2854 πίστιν
3509 2802 3729 2872 ἑτέραν,

2169 2899 2308 2952 αὐτὰ
2342 2897 2515 2950 ταῦτα
2546 2898 2854 2966 προέφερεν
2884 2898 2913 2948 ό
2942 2894 3188 2964 Εὐτυχὴς
3221 2894 3360 2962 ὑπὲρ
3404 2892 3626 2946 ἑαυτοῦ.
3670 2886 3729 2945 Ὁ

2168 2990 2225 3041 δὲ
2279 2990 2569 3058 Δορυλαίου
2624 2990 2919 3051 ἐπίσκοπος
2980 2989 3074 3043 καὶ
3123 2991 3154 3056 ἡ
3210 2986 3426 3049 σύνοδος
3473 2987 3592 3055 ὅλη,
3617 2982 3733 3038 Ούκ

2088 3070 2133 3132 C
2168 3082 2333 3143 Ιἐστιν,
2369 3082 2596 3149 ἔφασαν,
2638 3082 2884 3145 τοιοῦτος
2930 3085 3112 3139 κανὼν
3160 3084 3322 3137 τοῦτο
3356 3086 3690 3155 διαγορεύων
3716 3102 3730 3115 ο

2168 3174 2301 3227 ἀλλὰ
2352 3177 2715 3230 κατεδίκασαν
2767 3179 2931 3230 αὐτὸν
2980 3179 3055 3239 ὡς
3106 3178 3589 3248 παρεξηγούμενον
3635 3178 3725 3230 τόν

2167 3266 2389 3317 κανόνα.
2422 3265 2698 3334 Ἐξηγείτο
2729 3268 2834 3337 γὰρ
2862 3268 3025 3320 αὐτὸν
3051 3273 3077 3321 ό
3106 3270 3370 3339 Εὐτυχὴς,
3403 3268 3593 3338 ὥσπερ
3631 3269 3727 3320 καὶ

2164 3358 2213 3408 οί
2263 3358 2541 3426 ἡμέτεροι,
2576 3358 2818 3426 δηλονότι
2870 3362 2978 3412 πᾶν
3021 3362 3208 3423 ἁπλῶς
3256 3365 3468 3434 ἕτερον,
3502 3369 3607 3437 κᾷν
3635 3372 3734 3439 ρηδ

2168 3452 2374 3520 ματικὴ
2424 3451 2680 3520 ἑτερότης
2720 3448 2776 3523 ᾗ,
2805 3454 3043 3522 νομίζων
3076 3456 3406 3510 κωλύεσθαι.
3441 3460 3617 3530 Ὅπερ
3665 3466 3732 3531 τῇ

2168 3542 2371 3612 συνόδῳ
2401 3545 2670 3613 ἀπήρεσε,
2704 3550 2797 3600 καὶ
2831 3545 2917 3599 διὰ
2954 3547 3113 3601 τοῦτο
3142 3552 3305 3603 αὑτὸν
3341 3553 3730 3619 κατεδίκασαν,

2164 3636 2362 3705 ἑτέραν
2421 3638 2605 3689 πίστιν
2670 3640 2985 3708 νομίζοντες
3052 3642 3152 3711 τὴν
3212 3646 3577 3707 Ennianos
3633 3649 3733 3716 τὴν

2164 3727 2374 3795 ῥήμασι
2414 3727 2515 3797 μὲν
2545 3726 2938 3799 διαφέρουσαν,
2970 3735 3086 3795 ταῖς
3134 3734 3368 3797 ἐννοίαις
3409 3736 3466 3788 δὲ
3502 3752 3733 3805 συμφω-

2164 3825 2380 3877 νοῦσαν.

2239 3918 2361 3969 Ἔτι
2415 3919 2704 3987 μέμνημαι
2764 3918 2859 3972 καὶ
2905 3920 3016 3987 ἐγὼ
3065 3922 3124 3973 ὲν
3185 3926 3252 3992 τῇ
3314 3924 3578 3994 ἐξηγήσει
3632 3932 3732 3981 τοῦ

2163 4012 2393 4077 Ζωναρᾶ
2439 4015 2498 4063 ὲν
2542 4013 2621 4081 τῷ
2694 4012 3036 4081 Νομοκάνονι
3090 4016 3332 4069 τοιοῦτόν
3361 4035 3417 4069 τι
3454 4018 3603 4072 ίδὼν.
3637 4019 3729 4072 Ἑν

2162 4107 2271 4174 γὰρ
2301 4107 2378 4173 τῷ
2405 4106 2750 4173 Νομοκάνονι
2788 4107 2946 4159 τοῦτο
2974 4107 3034 4159 τὸ
3079 4108 3309 4174 κώλυμα
3354 4108 3455 4178 τῆς
3500 4118 3549 4176 γ’
3577 4112 3736 4164 συνόο

2161 4199 2276 4263 δου,
2325 4202 2405 4263 τὸ,
2464 4200 2681 4252 Τούτων
2733 4200 3192 4267 ἀναγνωσθέντων
3247 4201 3446 4270 ὥρισεν
3509 4206 3543 4274 ή
3600 4206 3733 4271 ἁγία

2165 4292 2405 4356 σύνοδος,
2442 4292 2538 4344 καὶ
2566 4294 2633 4343 τὰ
2656 4292 2840 4357 λοιπὰ,
2872 4295 3048 4344 κεῖται
3081 4294 3140 4344 ὲν
3176 4296 3291 4357 τοῖς
3321 4298 3505 4347 κανόσι
3545 4297 3647 4365 τῆς
3680 4300 3734 4364 γ’

488 4401 671 4453 netur,
716 4394 1093 4460 septimusque
1124 4405 1504 4448 enumeratur.
1543 4398 1683 4471 Ante
1716 4398 1879 4450 istum
1922 4415 2055 4452 vero

2165 4385 2400 4448 συνόδου,
2428 4382 2655 4453 ἕϐδομος
2684 4382 3103 4453 ἀριθμούμενος.
3133 4386 3176 4438 Π
3185 4388 3247 4455 pb
3277 4387 3332 4438 δὲ
3360 4390 3551 4440 τούτου
3582 4391 3735 4443 ἐστιν

486 4491 574 4536 est
602 4482 745 4536 alius
781 4493 971 4536 sextus
1026 4498 1203 4537 canon
1235 4485 1481 4554 ejusdem
1513 4489 1686 4540 tertiae
1718 4490 1911 4556 synodi
1958 4492 2050 4558 qui

486 4574 984 4628 excommunicatus
1005 4574 1133 4627 facit
1154 4590 1252 4629 eos
1284 4577 1373 4644 qni
1403 4577 1609 4631 audent
1664 4578 1871 4647 aliquid
1900 4580 2051 4634 labe-

488 4663 692 4719 factare
717 4681 782 4719 ex
810 4668 1031 4720 statutis
1075 4678 1238 4735 atque
1262 4668 1500 4722 decretis
1534 4684 1563 4721 a
1594 4673 1827 4741 synodo.
1866 4674 1921 4725 In
1947 4675 2051 4728 hoc

487 4766 668 4810 autem
728 4758 982 4827 septimo,
1019 4761 1246 4822 scilicet,
1284 4759 1378 4814 llis
1416 4761 1598 4826 lectis,
1628 4767 1818 4817 statuit
1867 4774 2053 4820 sancta

486 4853 726 4923 synodus
759 4852 962 4905 nemini
995 4853 1160 4907 licere
1195 4853 1352 4905 aliam
1398 4854 1557 4907 tidem
1592 4856 1875 4923 proferre;
1925 4873 2053 4909 ana-

488 4946 728 4998 themate
788 4943 1085 5007 ieriuntur,
1114 4946 1205 5012 qui
1236 4959 1500 4997 canonem
1546 4947 2048 5014 transgrediuntur.

490 5035 666 5089 Movet
688 5051 818 5105 ergo
850 5037 1204 5103 quaestionem
1222 5034 1576 5105 Zonaras“).
1596 5052 1697 5089 cur
1726 5039 1971 5108 synodus
1998 5040 2051 5092 in

485 5138 639 5178 sexto
656 5142 865 5179 canone
885 5128 1381 5179 excommunicaton
1400 5127 1728 5192 l'acitlaicos,
1746 5144 1798 5180 m
1817 5134 2051 5197 septimo

484 5232 582 5270 eos
610 5218 952 5271 anathemate
981 5217 1247 5285 percutit?
1272 5218 1502 5271 Solvens
1539 5229 1719 5271 autem
1748 5220 2049 5271 dubitatio-

485 5324 631 5373 nem,
662 5312 741 5363 sic
763 5311 927 5363 habet
951 5309 1019 5363 ad
1055 5309 1282 5363 verbum
1310 5326 1323 5363 :
1358 5308 1549 5379 Magna
1594 5322 1682 5364 est
1712 5310 2045 5374 dill'erentia,

484 5404 629 5467 quod
673 5403 892 5472 aliquis,
927 5414 1117 5457 contra
1160 5403 1402 5472 aliquam
1444 5418 1556 5456 rem
1592 5404 1737 5457 dicat
1763 5444 1777 5469 ,
1808 5414 1863 5457 et
1903 5404 2049 5472 quod

557 5544 631 5613 (Ι)
667 5544 789 5601 llmc
842 5546 1004 5599 hodie
1056 5562 1162 5601 non
1214 5545 1562 5615 reperiuntur
1586 5543 1727 5615 apud
1777 5543 2045 5598 Zonaram

482 5613 618 5666 locus
643 5625 760 5679 cit.,
814 5617 905 5668 sed
946 5618 1087 5685 apud
1123 5613 1493 5669 Balsamonem
1548 5617 1601 5666 in
1658 5614 2046 5666 Nonmeauone

484 5684 613 5735 dum
663 5687 885 5749 exponit
910 5684 1171 5741 canoncm
1226 5698 1437 5741 sextum
1480 5685 1697 5740 COIICllll
1762 5686 2041 5752 Eplicsim.

2156 4478 2318 4539 ἄλλος
2372 4478 2531 4539 ῑκτος
2589 4476 2773 4529 κανὼν
2835 4477 2937 4544 τῆς
2996 4477 3171 4545 αὐτῆς
3227 4480 3420 4549 τρίτης
3478 4483 3732 4545 συνόδου,

2155 4570 2551 4639 ἀκοινωνήτους
2588 4569 2760 4621 ποιῶν
2796 4570 2922 4630 τοὺς
2964 4570 3279 4635 τολμῶντας
3320 4574 3735 4641 παρασαλεύειν

2154 4677 2208 4713 τι
2237 4661 2346 4713 τῶν
2374 4662 2478 4713 ὑπὸ
2500 4664 2598 4730 τῆς
2629 4661 2850 4714 συνόδου
2892 4665 3323 4730 πεπραγμένων.
3348 4663 3437 4716 Ἐν
3464 4666 3523 4717 δι
3548 4667 3734 4735 τούτῳ

2155 4755 2232 4823 τῷ
2259 4754 2492 4823 ἑϐδόμῳ,
2527 4754 2629 4823 τῷ,
2661 4754 2883 4805 Τούτων
2934 4755 3418 4821 ἀναγνωσθέντων,
3455 4758 3666 4827 ὥρισεν
3698 4760 3729 4827 ἡ

2156 4847 2287 4911 ἁγία
2318 4847 2531 4908 σύνοδος
2576 4847 2766 4916 μηδενὶ
2810 4847 3009 4909 ἐξεῖναι
3056 4849 3251 4915 ἑτέραν
3296 4850 3484 4900 πίστιν
3520 4852 3730 4919 προφέ-

2156 4958 2292 5010 ρειν,
2313 4942 2805 5009 ἁναθεματίζονται
2835 4944 2884 4995 οί
2915 4944 3349 5011 παραϐαίνοντες
3378 4946 3472 4997 τὸν
3499 4949 3731 5000 κανόνα.

2167 5032 2391 5101 Ἀπορεῖ
2411 5031 2501 5085 οὖν
2525 5036 2553 5086 ό
2582 5035 2867 5105 Ζωναρᾶς,
2922 5036 3065 5087 διατί
3107 5038 3138 5105 ἡ
3177 5037 3394 5099 σύνοδος
3420 5040 3479 5089 ἐν
3510 5039 3615 5107 μὲν
3651 5040 3737 5108 τῷ

2152 5124 2296 5194 ἕκτῳ
2324 5128 2505 5178 κανόνι
2536 5130 2933 5195 ἁκοινωνήτους
2963 5130 3106 5203 ποιεῖ
3132 5130 3256 5190 τοὺς
3291 5128 3512 5192 λαῖκούς
3537 5145 3552 5159 ·
3580 5134 3641 5184 ὲν
3670 5133 3739 5185 ὁὶ

2152 5217 2231 5284 τῷ
2280 5218 2490 5286 ἑϐδόμῳ
2532 5215 2921 5286 ἁναθεματίξει
2971 5219 3190 5280 αὐτούς.
3224 5222 3329 5272 Καὶ
3368 5222 3740 5290 ἐπιλυόμενός

2151 5313 2251 5379 τὴν
2306 5313 2541 5379 ἀπορίαν
2593 5313 2758 5380 φησιν
2822 5310 2998 5373 οὕτως
3051 5312 3189 5364 κατὰ
3242 5314 3437 5382 ῥῆμα·
3491 5314 3735 5383 Μεγάλη

2152 5405 2269 5455 ἐστι
2315 5403 2552 5473 διαφορὰ
2580 5402 2676 5454 τοῦ
2718 5402 3121 5467 ἐναντιοῦσθαι,
3159 5405 3255 5456 καὶ
3302 5402 3397 5456 τού
3443 5404 3740 5473 ἀμφιϐἀλ·

2151 5545 2221 5595 At
2255 5541 2501 5594 fortassis
2529 5556 2650 5608 quae
2685 5541 3062 5595 attribuuntur
3091 5540 3145 5593 in
3187 5539 3404 5595 excusis
3431 5539 3592 5596 libris
3612 5539 3743 5594 Bal-

2152 5614 2361 5663 samnni
2390 5619 2519 5663 sunt
2550 5610 2793 5667 Zonartc.
2824 5613 2909 5663 vel
2968 5610 3111 5663 istud
3142 5608 3430 5664 Balsamon
3455 5611 3679 5681 accepit
3708 5626 3743 5663 ει

2153 5681 2388 5749 Zonara,
2413 5696 2537 5736 cum
2572 5686 2736 5736 etiam
2774 5682 3048 5751 posterior
3076 5681 3261 5735 fuerit.

2522 5776 2603 5786 φοοδ
