3966 6218
275 321 375 385 349

1197 317 1295 376 DE
1337 276 1865 397 euocassmtvs
1903 307 2270 372 SPIRITUS
2303 311 2604 373 SANCTI.

3418 317 3525 382 350

269 446 383 497 λειν
421 441 546 495 τινὰ
593 439 724 510 περί
767 454 912 500 τινος
952 435 1303 505 πράγματος.
1338 435 1450 488 Καὶ
1498 433 1588 486 διά
1633 433 1832 486 τοῦτοί

1956 427 2025 484 de
2051 445 2115 484 ea
2165 429 2403 484 dubitet.
2466 429 2534 483 Et
2589 435 2900 497 prepterea,
2933 427 3028 496 qui
3081 427 3297 485 dubitat
3335 431 3402 487 de
3464 436 3531 488 iis

273 531 370 608 μὲν
397 534 762 606 ἀμφιϐἀλλων
795 533 924 600 περὶ
954 527 1064 582 τῶν
1087 527 1188 597 ἤδη
1218 526 1404 590 καλῶς
1445 525 1842 595 προκυρωθένο

268 647 375 683 των
412 627 866 697 ἀφορισθήσεται,
896 624 1085 676 ὁποῖον
1112 620 1312 690 δηλαδὴ
1339 619 1592 688 βούλεται
1627 621 1655 671 6
1682 619 1845 681 ἕκτος

267 719 479 775 κανών·
509 721 538 772 6
566 715 623 770 δὲ
647 713 1062 780 ἐναντιούμενος
1089 712 1322 774 τούτοις,
1342 711 1418 772 ὡς
1445 709 1842 778 ἐναντιόφρων,

265 807 858 879 ἀναθεματισθήσεται,
883 805 1068 856 ὁποῖον
1095 801 1299 870 δηλαδὴ
1333 800 1588 870 βούλεται
1615 801 1644 851 6
1671 799 1716 864 ζ’
1744 815 1842 852 κα-

265 901 406 964 νὼν,
436 901 604 967 ἦγοον
632 898 660 948 6
693 897 820 962 ὅρος
862 886 1018 954 οὗτος
1052 889 1147 941 τοῦ
1182 888 1527 956 κωλύματος.
1553 886 1716 938 Ὥστε
1748 887 1845 938 καὶ

265 993 424 1052 οὗτος
468 993 494 1043 6
526 985 800 1055 ἐξηγητὴς
827 984 1030 1053 ’ἐτέραν
1086 983 1272 1034 πίστιν
1306 978 1542 1031 ἐνταῦθα
1594 979 1652 1031 τὸ
1687 978 1846 1031 ἐναντ-

264 1084 512 1139 τιοῦσθαι
536 1083 631 1136 καὶ⁵
662 1077 1104 1146 ἐναντιοφρονεῖν
1141 1072 1398 1143 ὀνομάζει
1436 1071 1624 1142 σαφῶς
1658 1088 1718 1124 τε
1749 1073 1846 1126 καὶ

264 1181 369 1233 ἀνα
376 1174 669 1244 μφιϐόλως.

341 1269 462 1320 Ἔτι
516 1267 550 1336 ἡ
598 1268 656 1318 ἐν
711 1263 790 1333 τῷ
828 1261 1084 1331 Τρούλλφ
1127 1259 1344 1320 σύνοδος
1393 1259 1451 1309 ὲν
1504 1255 1582 1325 τῷ
1642 1254 1845 1326 πρώτῳ

275 1360 464 1427 ἑαυτῆς
490 1357 678 1410 κανόνι
712 1354 880 1424 φησίν
907 1368 922 1382 ·
971 1351 1262 1421 Ὀρίζομεν
1304 1347 1746 1416 ἀκαινοτόμητόν
1784 1363 1842 1398 τε

281 1451 360 1503 ιαὶ
399 1450 798 1517 ἀπαράτρωτον
827 1443 1124 1511 φυλάττειν
1158 1441 1258 1510 τὴν
1311 1437 1720 1509 παραδοθεῖσαν
1754 1435 1845 1488 πί-

277 1556 387 1593 ῖτιν
415 1540 552 1608 ἡμῖν
583 1538 687 1590 ὑπό
716 1553 774 1590 τε
819 1537 932 1588 τῶν
964 1531 1254 1585 αὐτοπτῶν
1285 1531 1382 1583 καὶ
1425 1527 1720 1598 ὑπηρετῶν
1744 1525 1842 1580 τοῦ

257 1631 444 1699 Λόγου
491 1630 602 1682 τῶν
646 1628 941 1698 θεοκρίτων
995 1625 1334 1690 ἀποστόλων,
1366 1623 1447 1676 ἔτι
1481 1623 1537 1676 δὲ
1587 1623 1685 1675 καὶ
1731 1623 1843 1674 τῶν

263 1723 605 1791 τριακοσίων
650 1719 786 1770 δέκα
842 1717 935 1771 καὶ
975 1713 1121 1767 ὀκτὼ
1173 1712 1352 1778 ἁγίων
1405 1713 1502 1765 καὶ
1549 1711 1841 1780 μακαρίων

267 1813 531 1882 πατέρων
561 1809 669 1863 τῶν
710 1809 768 1860 ἐν
809 1805 1016 1876 Νικαίᾳ
1064 1803 1457 1856 συνελθόντων.
1490 1801 1600 1853 Καὶ
1641 1799 1840 1868 ἐφεξῆς

279 1906 601 1977 εαταριθμεῖ
626 1903 803 1966 πάσας
826 1901 924 1964 τὰς
953 1899 1231 1962 συνόδους,
1257 1897 1355 1949 καὶ
1393 1894 1718 1964 διορίζεται,
1752 1892 1840 1946 ἵνα

259 2000 364 2065 τὴν
413 1997 567 2065 παρά
621 1995 818 2048 πασῶν
887 1991 1294 2062 παραδοθεῖσαν
1350 1990 1536 2042 πίστιν
1593 1987 1842 2058 ἄτρωτον

263 2090 647 2159 φυλάττωμεν.
709 2084 842 2140 Εἶτα
895 2085 1211 2137 τελευταῖον
1267 2083 1505 2149 ἐπάγειο
1538 2080 1600 2132 Et
1651 2079 1708 2132 δὲ
1754 2095 1837 2141 τις

269 2183 375 2237 τῶν
429 2183 686 2235 ἁπάντων
735 2177 814 2249 μὴ
869 2177 940 2230 τὰ
980 2175 1360 2246 προειρημένα
1402 2174 1501 2242 τῆς
1559 2170 1836 2230 εὐσεϐείας

263 2272 512 2340 δόγματα
558 2269 757 2338 κρατεῖ
801 2266 899 2319 καὶ
932 2262 1262 2326 ἀσπάζεται,
1290 2260 1404 2313 οὐδ’
1451 2259 1594 2312 οὕτω
1623 2257 1836 2322 δοξάζει

266 2367 359 2418 καὶ
415 2362 697 2432 κηρύττει,
768 2357 880 2412 ἀλλ’
954 2355 1015 2422 ἐξ
1075 2355 1329 2415 ἐναντίας
1417 2351 1555 2404 ίέναι
1622 2352 1832 2402 τούτων

299 2458 552 2526 πιχειρεῖ,
584 2454 724 2506 ἔστω
759 2449 1030 2518 ἀνάθεμα,
1065 2448 1208 2500 κατὰ
1257 2445 1349 2497 τὸν
1387 2444 1487 2514 ήδη
1537 2443 1834 2494 ἐκτεθέντα

295 2567 386 2620 ρον
409 2549 512 2601 ύπδ
551 2545 661 2599 τῶν
695 2539 1154 2614 προδηλωθέντων
1206 2537 1380 2605 ἀγίων
1411 2536 1508 2588 καὶΙ
1545 2535 1834 2603 μακαρίων

269 2643 522 2709 ιίατέρων
541 2656 554 2670 ο
587 2640 681 2692 καὶ
705 2635 801 2689 τοῦ
829 2629 1219 2704 Χριστιανικοῦ
1244 2629 1548 2695 καταλόγου
1575 2627 1650 2688 ὡς
1681 2626 1833 2678 ἀλλό-

268 2748 410 2801 τριος
459 2727 771 2794 ἐξωθείσθω
806 2725 902 2777 καὶ
934 2721 1271 2778 ἐκπιπτέτω.
1323 2719 1515 2788 Ἡμεῖς
1566 2721 1676 2787 γὰρ
1709 2715 1832 2769 οὔτε

289 2821 614 2892 ’ροστιθέναι
638 2836 714 2885 τι,
742 2816 866 2870 οὕτε
905 2815 1012 2883 μὴν
1045 2814 1300 2882 ὑφαιρεῖν
1329 2808 1472 2864 κατά
1512 2811 1581 2862 τά
1613 2824 1834 2877 προορια

297 2916 455 2967 θέντα
498 2910 778 2972 παντελῶς
825 2907 1284 2974 διαγινώσκομεν,
1320 2903 1353 2971 ἢ
1388 2902 1512 2955 καθ’
1543 2902 1832 2956 ὁντιναοῦν

320 3005 599 3076 summa:
631 3003 811 3070 λόγον.

327 3096 496 3158 θῦτος
528 3098 557 3148 6
589 3095 770 3147 κανών
799 3096 916 3146 ἐστι
943 3091 1132 3161 σαφῶς
1159 3091 1424 3160 ἐξήγησις
1448 3089 1544 3141 τοῦ
1574 3089 1702 3159 ὅρου
1733 3091 1830 3160 τῆς
1860 3130 1908 3189 c

1950 535 2071 589 quae
2096 522 2206 590 jam
2241 529 2390 575 recte
2422 528 2553 574 sunt
2573 519 2805 581 sancita,
2827 520 3396 576 excommunicatione
3430 539 3532 592 pu-

1945 612 2186 667 niendus
2220 615 2329 668 erit
2352 653 2366 678 ,
2406 614 2554 684 quod
2591 613 2856 667 nimirum
2889 613 3058 683 exigit
3087 623 3272 668 sextus
3311 629 3526 670 canon:

1944 704 2040 772 qui
2069 720 2203 758 vero
2234 715 2425 759 contra
2474 705 2590 759 haec
2617 704 2774 768 dicit,
2813 715 3071 774 tanquam
3109 708 3388 760 contraria
3437 723 3529 762 sa-

1945 796 2104 866 piens
2126 797 2480 851 anathemate
2516 796 2789 862 ferietur;
2825 795 2970 864 quod
3021 797 3235 850 scilicet
3287 799 3529 864 postulat

1945 888 2216 956 septimus
2245 903 2449 952 canon,
2485 887 2764 950 videlicet,
2808 887 3054 943 delinitio
3103 887 3206 942 ista
3241 889 3527 943 iuhibitio-

1945 981 2052 1035 nis.
2089 981 2268 1046 Quare
2295 991 2351 1036 et
2379 983 2480 1037 iste
2513 983 2806 1051 interpres.
2833 983 2996 1037 aliam
3028 983 3115 1038 hic
3154 983 3316 1038 fidem
3349 985 3527 1038 Iltalli'

1944 1069 2102 1135 feste,
2147 1089 2210 1126 ac
2262 1075 2380 1128 sine
2426 1075 2532 1129 ulla
2578 1075 2920 1129 dubitatione
2949 1085 3106 1128 vocat
3135 1074 3208 1140 id,
3268 1075 3411 1144 quod
3445 1085 3528 1130 est

1946 1165 2289 1220 contrarium
2311 1182 2454 1228 esse,
2487 1175 2544 1220 et
2569 1166 2845 1220 contraria
2881 1182 3094 1234 sapere.

2016 1257 2326 1322 Postremo,
2389 1259 2648 1313 Trullana
2693 1259 2935 1329 synodus
2974 1260 3027 1312 in
3060 1260 3234 1327 primo
3273 1274 3373 1314 suo
3432 1274 3527 1314 ca-

1946 1361 2090 1402 none
2117 1350 2194 1402 ait
2229 1367 2241 1401 :
2306 1349 2606 1404 Deliuimus
2642 1352 2802 1407 {idem
2839 1353 3001 1406 nobis
3045 1354 3300 1406 traditam
3337 1355 3404 1407 ab
3441 1354 3527 1408 in-

1945 1440 2311 1506 spectoribus,
2339 1451 2395 1494 et
2422 1442 2644 1496 famulis
2661 1445 2810 1498 verbi
2837 1460 2865 1497 a
2895 1444 3004 1498 Deo
3023 1445 3213 1498 electis
3239 1445 3525 1513 apostolis,

1946 1528 2189 1599 itemque
2230 1548 2259 1586 a
2290 1535 2548 1590 trecentis
2581 1535 2768 1589 decem
2793 1546 2847 1590 et
2878 1549 3004 1590 octo
3029 1539 3234 1591 sanctis
3269 1547 3324 1590 et
3351 1541 3526 1592 beatls

1945 1621 2218 1686 Patribus,
2250 1627 2344 1694 qui
2379 1627 2571 1682 Nicaea:
2619 1644 2949 1692 convenere,
2994 1629 3202 1698 absque
3236 1630 3342 1683 ulla
3370 1632 3526 1686 novi-

1947 1726 2058 1770 tate
2099 1717 2502 1773 invulncratam
2540 1720 2966 1790 inviolatamque
3009 1721 3334 1775 servandam
3378 1739 3522 1778 esse.

1942 1809 2019 1862 Ac
2039 1809 2300 1880 deinceps
2321 1827 2514 1866 omnes
2546 1813 2786 1883 synodos
2819 1823 3146 1876 enumerat,
3178 1823 3339 1882 atque
3393 1814 3528 1868 deli-

1942 1901 2046 1966 nit,
2085 1911 2144 1954 ut
2170 1902 2327 1955 ﬁdem
2350 1903 2418 1956 ab
2444 1903 2704 1958 onmibus
2731 1903 2957 1974 synodis
2976 1903 3228 1958 traditam
3260 1887 3523 1975 integram

1941 1995 2588 2050 custodiatnus.Taudem
2620 2007 2895 2065 postremo
2933 1995 3132 2049 infert:
3155 1995 3209 2049 Si
3235 1995 3359 2060 quis
3393 2011 3526 2049 vero

1940 2085 2185 2138 omnium
2216 2087 2471 2155 praedicta
2518 2081 2735 2155 pietatis
2786 2087 3040 2158 dogmata
3089 2103 3198 2140 non
3267 2094 3416 2140 tenet
3464 2096 3523 2142 et

1940 2179 2306 2246 amplectitur,
2323 2193 2501 2247 neque
2526 2179 2598 2235 ita
2631 2180 2798 2234 sentit
2827 2189 2880 2233 et
2909 2179 3190 2248 prmdicat.
3211 2179 3304 2233 sed
3333 2188 3520 2232 contra

1941 2270 2022 2323 ire
2085 2281 2335 2333 conatur,
2390 2273 2678 2324 anathema
2711 2272 2802 2333 sit,
2858 2272 3009 2340 juxta
3061 2271 3364 2338 expositam
3407 2271 3520 2338 jam

1938 2359 2313 2415 deﬁnitionem
2337 2376 2368 2414 a
2390 2361 2662 2429 prmdictis
2689 2362 2894 2414 sanctis
2935 2370 2990 2414 et
3020 2361 3194 2414 beatis
3226 2361 3479 2413 Patribus
3499 2397 3516 2424 ,

1937 2463 1994 2508 et
2032 2469 2061 2506 e
2089 2453 2529 2506 Christianorum
2581 2456 2827 2522 catalogo
2869 2464 3124 2520 tanquam
3155 2453 3367 2505 alienus
3423 2465 3521 2503 ex-

1939 2545 2189 2614 pellatur,
2209 2555 2264 2596 et
2295 2544 2656 2597 excidat.Nos
2672 2545 2818 2598 enim
2844 2558 3020 2611 neque
3053 2541 3256 2597 addere
3285 2542 3518 2612 aliquid,

1937 2651 2116 2706 neque
2147 2651 2276 2689 sane
2308 2636 2572 2702 adimere,
2608 2637 2908 2690 secundum
2943 2651 3008 2690 ea
3047 2651 3169 2705 quae
3215 2644 3339 2688 ante
3387 2635 3520 2690 deli-

1937 2727 2049 2780 nita
2083 2737 2228 2787 sunt,
2267 2742 2492 2794 prorsus
2548 2727 2903 2804 intendimus,
2936 2727 3020 2781 vel
3063 2739 3389 2796 quacunque
3434 2741 3521 2782 ra-

1938 2822 2084 2875 tione
2122 2822 2424 2890 potuimus.

2011 3094 2116 3148 Iste
2141 3110 2315 3148 canon
2375 3093 2666 3164 perspicue
2710 3095 3105 3162 interpretatur
3139 3093 3516 3151 definitionem

219 3169 224 3171 Α
292 3190 448 3256 ρίτης
505 3186 723 3238 συνόδου
750 3186 862 3237 ’καὶ
911 3184 1021 3237 τῶν
1069 3183 1270 3244 ἄλλων,
1306 3181 1404 3234 τοῦ
1451 3181 1830 3252 διοριζομένου

1941 3187 2115 3241 tertiae
2160 3185 2349 3255 synodi
2403 3196 2458 3238 et
2508 3187 2738 3239 aliarum
2779 3186 3249 3253 praescribentem,
3294 3203 3361 3243 ne
3423 3187 3517 3243 cui

289 3283 450 3350 τὲραν
480 3280 661 3331 πίστιν
696 3279 889 3348 μηδενὶ
920 3275 1120 3341 ἐξεῖναι
1158 3275 1479 3344 προφέρειν.
1513 3273 1680 3341 Λέγει
1720 3275 1830 3342 γὰρ

318 3389 358 3439 ι,
396 3373 578 3424 Ἔστω
605 3369 880 3438 ἀνάθεμα,
908 3368 962 3421 εἴ
983 3385 1069 3430 τις
1099 3367 1157 3433 ἐξ
1194 3366 1444 3428 ἐναντίας
1485 3365 1597 3418 τῶν
1631 3381 1830 3433 πατρι-

297 3469 367 3519 ῶν
397 3465 686 3534 δογμάτων
729 3462 867 3515 ἰέναι
897 3461 1192 3529 ἐπιχειρεῖ,
1231 3457 1376 3512 κατὰ
1405 3457 1499 3510 τὸν
1545 3457 1646 3527 ήδη
1673 3458 1829 3508 ἐκτε-

255 3560 418 3608 ¹ιέντα
462 3555 610 3622 ὅρον,
659 3551 849 3605 τοῦτον
898 3549 1120 3619 δηλαδὴ,
1174 3549 1267 3600 τὸν
1329 3547 1426 3601 τοῦ
1483 3548 1828 3616 κωλύματος.

263 3650 421 3700 Ὥστε
459 3647 614 3710 οὗτος
642 3649 670 3699 6
695 3647 820 3713 ὄρος
855 3645 915 3696 τὸ
945 3644 1165 3697 ἐναντία
1213 3646 1434 3712 φρονεῖν
1466 3643 1688 3696 κωλύει.
1717 3642 1829 3696 Καὶ

261 3738 343 3801 τὸ,
378 3736 568 3805 Ἡμεῖς
586 3735 641 3787 δὲ
662 3733 786 3786 οὕτε
815 3732 1199 3802 προστίθεμεν,
1234 3728 1358 3783 οὔτε
1382 3730 1724 3800 ἀφαιροῦμέν
1752 3748 1825 3793 τι,

255 3833 313 3882 ἓν
342 3832 410 3898 τῇ
452 3829 638 3879 πίστει
669 3825 874 3895 δηλαδὴ
902 3824 1051 3891 λέγει
1091 3823 1168 3892 μὴ
1215 3822 1556 3892 προσθεῖναι,
1607 3826 1698 3874 καὶ
1731 3822 1825 3874 ἀπ’

260 3922 425 3989 tam;
474 3919 573 3971 ούκ
619 3917 894 3985 ἀφαιρεῖν,
924 3915 1026 3967 οὐκ
1056 3913 1164 3965 ἀπὸ
1213 3913 1509 3982 συμϐόλου.
1549 3913 1828 3982 Σύμϐολον

255 4016 367 4084 γὰρ
401 4010 632 4064 ἐνταῦθα
654 4011 755 4062 οὐκ
783 4010 993 4074 ἀνέγνω
1019 4007 1050 4075 ἡ
1086 4005 1323 4065 σύνοδος.
1368 4005 1530 4057 Ἀλλὰ
1557 4011 1684 4074 περὶ
1717 4007 1826 4058 τῶν

254 4106 542 4174 δογμάτων
593 4101 825 4155 εἰποῦσα
897 4098 1008 4152 τῶν
1076 4097 1334 4158 συνόδων,
1395 4098 1616 4165 ἐπάγει,
1679 4097 1818 4150 Οῠτε

256 4193 604 4264 προστιθέναι
638 4191 763 4244 οὔτε
808 4191 1063 4258 ἀφαιρεῖν
1107 4203 1160 4240 τι
1201 4186 1672 4256 διαγινώσκομεν
1730 4189 1825 4241 καὶ

263 4287 541 4347 συνάπτει,
572 4283 727 4337 Κατά
771 4284 838 4334 τά
890 4277 1309 4351 προορισθέντα,
1346 4279 1452 4330 ὑπὸ
1499 4279 1608 4331 τῶν
1650 4281 1825 4332 Πατέ-

258 4395 362 4444 ρων
392 4374 612 4444 δηλαδή.
649 4373 806 4424 Ὥστε
836 4371 929 4423 καὶ
955 4373 1003 4423 οί
1034 4371 1144 4440 πρὸ
1174 4369 1354 4422 αὐτῶν
1398 4370 1666 4439 Πατέρες,
1693 4371 1824 4425 ὃταν

1938 3279 2098 3333 liceat
2134 3279 2292 3332 aliam
2349 3279 2510 3331 iidem
2546 3279 2810 3347 proferre.
2860 3278 2999 3332 Dicit
3049 3279 3218 3342 enim,
3267 3278 3352 3335 Sit
3386 3296 3519 3336 ana-

1940 3371 2145 3426 thema.
2169 3371 2211 3424 si
2233 3371 2356 3439 quis
2403 3371 2665 3424 adversus
2695 3371 2865 3436 patria
2899 3370 3147 3440 dogmata
3179 3371 3260 3424 ire
3283 3383 3519 3427 conatur

1933 3463 2083 3533 juxta
2128 3465 2429 3531 expositam
2485 3463 2594 3532 jam
2647 3462 3050 3525 deﬁnitionem,
3084 3462 3223 3515 hanc
3277 3464 3514 3526 scilicet,

1938 3553 2304 3606 inhibitionis.
2338 3551 2518 3618 Quare
2574 3554 2675 3606 ista
2705 3552 2954 3606 deﬁnitio
2996 3553 3269 3606 contraria
3319 3568 3514 3622 sapere

1936 3655 2112 3715 vetat};
2163 3655 2218 3700 et
2247 3647 2418 3700 illud:
2461 3645 2570 3700 Nos
2616 3661 2746 3698 vero
2800 3660 2978 3711 neque
3028 3646 3279 3699 addimus
3336 3661 3514 3716 neque
3606 3633 3614 3640 ’

1936 3739 2210 3792 adiminus
2238 3739 2443 3802 aliquid
2467 3755 2480 3802 ;
2517 3738 2774 3792 nimirum
2804 3737 2870 3791 ad
2899 3737 3080 3802 fidem,
3110 3738 3285 3804 aiunt,
3313 3754 3372 3793 se
3399 3755 3510 3793 non

1939 3829 2164 3890 addere,
2211 3831 2278 3882 ab
2324 3844 2496 3897 eaque
2527 3845 2634 3882 non
2669 3829 2942 3892 adimere;
2985 3844 3093 3882 non
3123 3844 3153 3882 a
3209 3829 3510 3897 Sytnbolo;

1936 3919 2252 3990 Symbolum
2309 3920 2454 3972 enim
2510 3919 2599 3973 hic
2641 3935 2748 3972 non
2781 3921 3030 3973 recitavit
3078 3922 3339 3990 synodus.
3404 3921 3511 3977 Sed

1935 4027 2059 4066 cum
2101 4013 2168 4065 de
2202 4009 2549 4080 dogmatibus
2599 4010 2933 4080 synodorum
2997 4011 3246 4076 dixisset,
3300 4012 3508 4067 infert:

1933 4104 2119 4173 Neque
2149 4104 2350 4158 addere
2408 4119 2583 4173 neque
2622 4104 2861 4156 adimere
2890 4102 3095 4172 aliquid
3139 4104 3508 4168 intendimus;

1934 4206 1988 4249 et
2025 4195 2334 4266 sulijungit:
2369 4193 2678 4249 Secundum
2709 4209 2773 4248 ea
2808 4209 2928 4264 quae
2954 4204 3082 4248 ante
3112 4195 3333 4248 deliuita
3357 4205 3506 4260 sunt,

1931 4287 2188 4341 videlicet
2213 4305 2242 4340 a
2277 4287 2551 4340 Patribus.
2578 4286 2946 4355 Quapropter,
3000 4294 3055 4338 et
3083 4285 3177 4354 qui
3227 4300 3324 4338 eos
3356 4295 3509 4339 ante-

1931 4386 2214 4433 cesserunt
2249 4377 2458 4439 Patres,
2494 4392 2616 4431 cum
2668 4378 2882 4442 dicunt,
2918 4376 3034 4432 Non
3105 4386 3358 4445 oportere
3409 4377 3509 4430 ad-

257 4471 448 4537 ρ.έγωσι
487 4470 563 4536 μὴ
597 4465 915 4534 προσθεῖναι
952 4462 985 4532 ἢ
1017 4463 1236 4530 ἀφελεῖν
1261 4462 1395 4525 δεῖν,
1417 4463 1478 4515 οὐ
1505 4465 1822 4533 ῥηματικὰς

1941 4469 2060 4522 dere
2099 4467 2182 4522 vel
2239 4468 2506 4528 adimere.
2543 4481 2651 4522 non
2686 4467 3056 4520 additamenta
3103 4476 3160 4519 et
3187 4467 3509 4520 diminutio-

250 4559 589 4631 προσθήκας,
649 4557 744 4610 καὶ⁵
798 4555 1142 4623 ἀφαιρέσεις,
1197 4554 1336 4607 ἀλλά
1403 4556 1504 4625 τὴν
1561 4558 1822 4612 ἐναντίων

247 4652 540 4720 νοημάτων
582 4650 640 4701 ἐν
691 4649 760 4718 τῇ
797 4647 980 4699 πίστει
1023 4645 1346 4717 προσθήκην
1393 4649 1684 4704 κωλύουσι.
1723 4653 1823 4705 Διά

250 4743 445 4794 τούτου
474 4738 564 4792 οὖν
596 4737 764 4805 μόνου
796 4733 1119 4802 σαφέστατά
1152 4750 1213 4786 τε
1241 4735 1334 4787 καὶ
1366 4736 1733 4806 καθαρώτατα
1763 4739 1823 4791 τὸ

243 4836 469 4906 ζήτημα
521 4830 710 4883 λύεται
775 4830 890 4890 τοῖς
951 4828 1288 4895 φιλονεικεῖν
1359 4829 1460 4882 οὐκ
1519 4831 1816 4886 ἐθέλουσιν.

251 4925 589 4993 Ἐϐουλόμην
632 4921 895 4976 δύνασθαι
933 4918 1255 4989 γράφειν,ῆ
1299 4918 1446 4989 ἐχειν
1491 4923 1820 4992 προχείρους

244 5018 474 5079 πάντας,
504 5014 597 5076 οὓς
626 5013 754 5082 περὶ
780 5009 973 5062 τούτου
1003 5008 1097 5062 τοῦ
1131 5009 1452 5078 ζητήματος
1483 5011 1541 5077 ἐξ
1569 5013 1822 5076 ἐναντίας

243 5112 378 5179 ἡμῖν
410 5109 458 5160 0t
489 5108 706 5161 Λατῖνοι
751 5105 1130 5175 προεκόμισαν
1157 5101 1384 5168 λόγους’
1425 5097 1568 5165 εἶδες
1599 5103 1708 5173 γὰρ
1757 5106 1822 5159 ἂν

243 5205 337 5255 καὶ
370 5201 505 5252 πολὺ
536 5197 738 5267 πλῆθος
769 5195 1222 5265 ἐπιχειρημάτων
1251 5194 1346 5246 καὶ
1386 5195 1633 5270 μεγάλην
1663 5197 1821 5266 ἑχόν..

241 5309 352 5346 των
386 5292 538 5359 tta/iw
568 5293 664 5342 καὶ
698 5287 981 5356 ἀλήθειαν.

313 5383 462 5447 Πλὴν
498 5380 688 5452 ἐπειδὴ
736 5381 831 5434 καὶ.
887 5379 956 5433 τὰ
1009 5377 1276 5448 εἰρημένα
1327 5375 1476 5431 οὕτω
1533 5378 1723 5448 σαφῶς
1758 5380 1821 5434 τὸ

243 5476 468 5545 ζήτημα
510 5475 830 5542 τέμνουσιν,
858 5471 934 5533 ῶς
977 5469 1056 5541 τῷ
1090 5471 1190 5540 μὲν
1227 5469 1364 5538 πρὸς
1405 5470 1506 5541 τὴν
1553 5472 1817 5542 ἀλήθειαν

242 5569 540 5639 ἀφορῶντι,
583 5567 676 5618 καὶ
711 5564 840 5618 ἄνευ
885 5562 1218 5631 φιλονεικίας
1248 5578 1309 5613 τε
1359 5564 1456 5616 καὶ
1487 5563 1818 5634 προλήψεως

240 5658 348 5710 τῶν
384 5657 694 5726 λεγομένων
741 5654 1019 5720 ἀκούοντι,
1053 5653 1149 5706 καὶ
1178 5653 1352 5706 ταῦτα
1381 5653 1576 5722 ἀρκεῖν
1602 5670 1616 5684 ο
1650 5655 1731 5723 τῷ
1759 5657 1817 5709 δὲ

243 5752 381 5822 πρὸς
432 5751 550 5822 ἔριν
599 5751 696 5804 καὶ
743 5748 1079 5819 λογομαχίας
1135 5746 1650 5818 παρεσκευασμένῳ
1696 5749 1816 5804 οὺδέ

1931 4573 2029 4614 nes
2059 4559 2372 4617 verborum.
2428 4558 2523 4612 sed
2555 4557 2956 4611 contrariorum
3003 4556 3058 4609 in
3103 4556 3208 4609 title
3244 4572 3504 4611 sensuum

1930 4650 2282 4705 interdicunt.
2316 4647 2392 4700 Ex
2418 4650 2518 4702 hoc
2553 4648 2714 4716 igitur
2757 4647 2874 4700 solo
2914 4645 3200 4700 maniieSte
3241 4662 3304 4702 ac
3355 4648 3508 4702 Incu-

1930 4741 2106 4796 lenter
2135 4741 2366 4795 solvitur
2399 4740 2465 4794 iis
2489 4739 2907 4809 qttwsitum,qui
2928 4739 3121 4792 nolunt
3147 4741 3502 4798 contendere.

1928 4831 2070 4888 Sane
2101 4834 2293 4886 vellent
2335 4835 2578 4888 scribere
2639 4846 2799 4902 posse
2824 4871 2840 4894 ,
2890 4832 2978 4885 vel
3029 4833 3186 4894 mihi,
3218 4841 3277 4885 ut
3312 4847 3504 4886 omnes

1927 4935 2113 4979 essent
2138 4926 2380 4978 rationes
2398 4933 2684 4994 promptae,
2725 4938 2862 4990 quas
2917 4923 2971 4976 in
3023 4923 3353 4976 contrariam
3380 4939 3504 4991 par-

1928 5021 2038 5068 tem
2072 5015 2228 5068 nobis
2255 5014 2431 5068 Latini
2459 5013 2714 5068 attulere.
2764 5012 3006 5066 Vidisses
3049 5013 3196 5066 enim
3224 5021 3279 5066 et
3332 5013 3504 5066 maxi-

1928 5121 2070 5160 mam
2105 5107 2320 5174 copiam
2348 5115 2818 5174 argumentorum,
2871 5111 2926 5159 et
2982 5118 3230 5173 magnam
3269 5103 3376 5158 vim
3409 5106 3502 5159 ha-

1929 5197 2198 5258 bentium,
2224 5206 2388 5263 atque
2420 5197 2724 5250 veritatem.

1996 5379 2219 5442 Verum,
2250 5377 2697 5449 quandoquidem
2740 5378 2903 5432 etiam
2942 5377 3201 5448 praedicta
3231 5377 3311 5433 sic
3359 5391 3498 5432 eno-

1925 5468 2048 5523 date
2099 5467 2359 5523 decidunt
2413 5470 2809 5536 qumstionem,
2851 5479 2909 5521 ut
2952 5471 3233 5521 veritatem
3265 5469 3486 5538 quidem

1926 5561 2258 5629 inspicienti.
2311 5576 2376 5616 ac
2420 5562 2539 5614 sine
2577 5560 2947 5624 contentione,
2983 5570 3040 5613 et
3095 5560 3486 5630 ιιιιιίιιίρηιίοηθ

1925 5671 2012 5719 ea,
2043 5669 2163 5724 quae
2185 5655 2465 5716 dicuntur,
2497 5651 2739 5706 audienti
2776 5653 2856 5705 vel
2891 5651 3004 5705 haec
3044 5651 3157 5705 sola
3183 5653 3315 5704 satis
3335 5651 3442 5707 sint
3478 5669 3494 5718 ;

1928 5749 1976 5804 ei
2020 5762 2150 5802 vero
2175 5745 2268 5815 qui
2308 5744 2374 5799 ad
2399 5745 2579 5800 rixam
2606 5755 2662 5799 ct
2709 5743 3150 5801 concertationes
3195 5745 3495 5802 verborum
