3966 6218
1724 288 1785 323 δι’

387 348 498 414 353

1312 353 1408 415 DE
1449 310 1963 420 PROCESSIONE
2001 358 2354 423 srmrrus
2391 361 2682 427 SANCTI.

3504 374 3614 444 35‘

383 488 475 526 ναι
502 467 828 540 προφέρειν,
862 465 895 537 ἢ
931 465 1294 537 συγγράφειν,
1336 468 1368 537 ἢ
1402 469 1781 539 συντιθέναι,ἧ
1819 487 1916 540 «ppu

2022 524 2024 530 _
2052 469 2219 537 ferre,
2261 474 2345 528 vel
2376 477 2747 541 conscribere,
2783 482 2876 532 aut
2905 491 3259 548 componere,
3284 491 3616 555 autsapere,

384 563 517 627 νεῐν,
548 561 580 631 ἢ
612 559 886 613 διδάσκειν
910 557 1107 623 ἄλλως,
1137 558 1273 628 μήτε
1297 576 1350 611 τι
1380 561 1437 612 ὲν
1473 563 1540 630 τῇ
1570 562 1751 613 πίστει
1780 564 1943 625 νοεῖν,

379 655 415 724 ἢ
450 653 752 724 προφέρειν
781 650 811 703 6
836 651 950 713 τοῖς
975 650 1124 720 ὅροις
1159 650 1367 703 τούτων
1404 651 1514 705 τῶν
1560 652 1822 721 Πατέρων
1853 653 1947 707 δύ-

385 746 521 799 ναιτ’
551 746 618 799 ἂν
646 741 1063 809 ἐναντιωθῆναι.
1102 741 1164 794 Ὅ
1192 742 1249 795 δὲ
1281 742 1498 812 τολμῶν
1537 744 1707 814 ἀλλην
1761 747 1944 800 πίστιν

383 834 715 899 συντιθέναι,
743 832 778 903 ἢ
803 834 1124 902 προφέρειν,
1156 832 1189 902 ἢ
1230 832 1523 900 διδάσκειν,
1579 836 1610 904 ἢ
1648 836 1942 906 παραδιδό-

376 942 471 979 ναι
507 924 702 995 ἕτερον
756 922 1030 993 σύμϐολον
1080 924 1195 985 τοῖς
1230 922 1587 994 ἐπιστρέφειν
1611 925 1942 997 ἐπιθυμοῦσι

378 1016 518 1085 πρδς
547 1015 649 1085 τὴν
680 1014 801 1067 όδὺν
827 1014 924 1082 τῆς
954 1013 1218 1084 ἀληθείας
1243 1012 1302 1079 ἐξ
1330 1014 1624 1069 ὁποιασοῦν
1646 1018 1937 1087 αἱρέσεως,

375 1105 410 1174 ἢ
448 1105 506 1170 ἐξ
537 1103 898 1174 ’1ουδαῖσμοῦ,
929 1104 962 1174 ἢ
994 1106 1050 1170 ἐξ
1091 1104 1477 1174 Ἑλληνισμοῦ,
1517 1109 1566 1159 εἰ
1600 1108 1702 1177 μὲν
1720 1110 1939 1163 ἐπίσκο-

375 1212 477 1258 πος
510 1195 618 1265 εἴη,
657 1195 691 1265 ἢ
722 1195 982 1265 κληρικδς
1032 1197 1060 1248 6
1092 1194 1355 1260 τοιοῦτος,
1404 1196 1808 1267 ἀλλοτριοῦσθω
1840 1200 1941 1270 τῆς

373 1288 682 1357 ἐπισκοπῆς
706 1289 734 1340 6
765 1288 1088 1352 ἐπίσκοπος,
1113 1287 1209 1340 καὶ
1245 1287 1274 1340 6
1301 1288 1558 1358 κληρικδς
1587 1290 1682 1346 τοῦ
1708 1291 1936 1362 κλήρουο

372 1379 423 1431 εί
447 1380 505 1431 δὲ
534 1378 790 1448 μοναχδς,
821 1376 855 1448 ἢ
885 1380 1072 1442 λαῖκὸς
1098 1375 1607 1446 ἀναθεματιζέσθω.

418 1471 634 1525 ’Ταῦτα
654 1471 749 1524 νῦν
786 1472 884 1542 μὲν
933 1472 1296 1527 ἀπολωλότων
1344 1475 1452 1527 τῶν
1480 1478 1808 1545 Πρακτικῶν
1836 1479 1938 1549 τῆς

371 1559 603 1630 πρώτης
644 1561 884 1628 συνόδου,
915 1562 1051 1631 ἡμῖν
1076 1563 1219 1615 εἰσιν
1251 1562 1509 1631 ἄγνωστα
1534 1580 1548 1595 ο
1601 1565 1721 1619 τότε
1751 1566 1808 1620 δὲ
1845 1586 1941 1637 με·

369 1652 597 1717 νόντων,
625 1652 921 1721 ἐγίνωσκον
944 1652 972 1706 δ
1000 1668 1061 1704 τε
1092 1653 1326 1719 πάππας
1348 1655 1623 1727 Διεέριος,
1643 1657 1671 1709 ὃ
1700 1673 1759 1709 τε
1780 1655 1937 1725 ⁴ἅγιος

382 1742 731 1807 ’Δθανάσιος.

2049 571 2144 614 aut
2178 562 2375 619 docere
2408 565 2589 620 aliter.
2648 565 2835 636 Neque
2883 568 3088 638 aliquid
3136 571 3193 625 in
3245 572 3352 627 fide
3383 576 3613 640 sentire,

2048 651 2133 726 vel
2189 653 2456 722 proferre,
2483 655 2627 725 quod
2668 657 3081 713 deﬁnitionibus
3141 661 3337 717 horum
3393 666 3615 725 Patrum

2046 743 2382 796 contrarium
2414 758 2533 798 esse
2567 746 2756 814 possit.
2783 744 2886 812 Qui
2919 762 3049 801 vero
3077 748 3242 803 attdet
3262 750 3423 804 aliam
3449 753 3613 808 fidem

2045 845 2392 901 componere,
2425 843 2519 889 aut
2548 836 2817 905 proferre,
2853 848 2945 892 aut
2987 841 3209 902 ducere.
3249 856 3351 897 seu
3387 843 3612 900 tradem
3704 846 3713 891 ἓ

2044 921 2189 976 aliud
2216 921 2532 994 Symbolum
2564 925 2633 981 iis
2658 926 2749 996 qui
2774 941 2839 981 ex
2876 943 3202 1000 quacunque
3249 931 3468 994 haeresi.
3522 936 3611 991 vel

2041 1011 2347 1081 Judaismo,
2381 1015 2468 1070 vel
2495 1017 2804 1087 gentilismo
2839 1018 2906 1072 ad
2951 1019 3095 1075 viam
3131 1022 3385 1079 veritatis
3427 1025 3615 1081 redire

2041 1104 2306 1174 cupiunt;
2348 1107 2407 1160 si
2455 1108 2747 1179 episcopus
2777 1109 2999 1179 quidem
3047 1112 3120 1167 sit
3171 1113 3274 1170 iste
3336 1116 3478 1180 talis,
3523 1118 3611 1174 vel

2041 1193 2277 1250 clericus
2303 1235 2319 1262 ,
2369 1198 2661 1269 episcopus
2713 1215 2843 1255 sane
2879 1202 2948 1257 ab
3000 1204 3341 1274 episcopatu,
3376 1207 3611 1265 clericus

2040 1297 2171 1338 vero
2204 1298 2234 1338 a
2258 1285 2414 1341 clero
2435 1288 2725 1346 alienetur.
2748 1289 2845 1358 Sin
2867 1301 3049 1348 autem
3070 1290 3377 1351 monachus
3403 1299 3497 1363 sit,
3514 1309 3612 1354 aut

2041 1371 2234 1435 laicus.
2268 1376 2614 1433 anathemate
2648 1378 2898 1438 feriatur.

2112 1460 2234 1519 Haec
2254 1481 2399 1521 nunc
2418 1468 2665 1537 quidem,
2698 1484 2824 1526 cum
2851 1483 2969 1530 acta
3001 1477 3188 1546 prima;
3213 1479 3403 1549 synodi
3425 1483 3607 1551 perie-

2036 1553 2167 1621 rint,
2188 1565 2318 1612 sunt
2345 1558 2506 1613 nobis
2545 1559 2861 1629 incognita;
2911 1573 3045 1622 tunc
3089 1584 3223 1625 vero
3251 1586 3375 1625 cum
3424 1583 3607 1628 exsta-

2036 1656 2182 1712 rent,
2210 1650 2579 1720 agnoscebant
2607 1666 2672 1706 ea
2706 1668 2831 1710 cum
2875 1655 3128 1717 Liberius
3149 1677 3307 1733 papa,
3338 1672 3452 1722 tum
3479 1681 3607 1721 san-
3684 1681 3706 1761 ᾗ

2036 1746 2158 1792 ctus
2186 1739 2540 1800 Athanasius.

441 1832 630 1888 Ταῦτα
662 1834 755 1888 νῦν
778 1835 961 1901 αὐτοῖς
989 1836 1256 1908 ῥήμασιν,
1280 1838 1448 1909 ὃμοια
1473 1839 1570 1910 τῆς
1594 1840 1783 1912 τρίτης
1810 1856 1916 1894 συν-

2105 1829 2231 1886 Htec
2282 1832 2445 1903 igitur
2473 1835 2559 1892 bis
2600 1837 2737 1907 ipsis
2791 1841 2961 1898 verba
3000 1844 3199 1901 similia
3247 1858 3378 1902 sunt
3419 1848 3605 1904 verbis

284 1910 295 1917 ’
372 1924 516 1991 όδου,
552 1925 649 1979 καὶ
680 1926 792 1979 τῶν
826 1927 1004 1981 ἄλλων
1034 1929 1143 1981 εἰσὶ
1176 1930 1410 2002 ῥήμασι.
1463 1931 1531 1984 Τί
1579 1929 1672 1986 οὖν
1699 1910 1931 2004 ἐροῦμεν

370 2018 505 2087 περὶ
531 2016 633 2086 τῆς
672 2017 724 2087 β’
774 2018 1018 2085 συνόδου,
1052 2020 1148 2073 καὶ
1182 2022 1312 2089 περὶ
1342 2022 1649 2092 Γρηγορίου
1680 2024 1774 2076 τοῦ
1801 2024 1932 2077 Θεο·

368 2107 554 2175 λόγου,
593 2107 654 2172 ὃς
685 2109 892 2179 ταύτης
919 2111 1020 2180 τῆς
1057 2111 1103 2181 β’
1132 2112 1354 2165 συνόδου
1383 2110 1612 2184 ἔξαρχος
1642 2114 1739 2180 ὢν,
1770 2114 1932 2178 αὐτὸς

366 2198 584 2267 λέγεται
608 2199 670 2253 τὸ
690 2198 988 2271 Σύμῦολον,
1009 2195 1053 2269 ᾧ
1071 2200 1169 2256 νῦν
1196 2204 1357 2274 ἡμεῖς
1380 2204 1662 2274 χρώμεθα,
1692 2206 1929 2276 συγγρά-

365 2290 596 2359 ψασθαι,
625 2291 805 2364 τὸτῆς
841 2292 1070 2364 πρώτης
1094 2295 1153 2348 ἐν
1194 2294 1471 2360 πλείστοις
1503 2300 1879 2369 μεταποιήσας
1908 2319 1924 2367 ;

367 2381 524 2452 εἴπερ
552 2382 613 2434 :6
646 2381 877 2454 κώλυμα
899 2383 1057 2438 τοῦτο
1085 2384 1185 2456 τὴν
1214 2385 1425 2441 ἔννοιαν
1454 2385 1567 2458 ἔχει
1607 2387 1828 2458 ταύτην,
1858 2390 1926 2461 ἦν

362 2458 530 2540 φασιν
563 2474 613 2526 oi
646 2473 925 2544 ἡμέτεροι,
960 2474 1097 2545 φεῦί
1131 2476 1253 2529 ἀντὶ
1297 2477 1469 2546 ἁγίων
1511 2479 1609 2531 καὶ
1662 2458 1925 2552 Πατέρων

364 2561 459 2611 καὶ
483 2559 843 2625 διδασκάλων,
867 2561 1161 2630 λυμεώνων
1204 2563 1299 2617 καὶ
1327 2565 1665 2619 ἀπατεώνων
1695 2568 1923 2624 ἀντέλα-

363 2650 457 2705 6ον
494 2651 679 2723 χώραν
708 2654 757 2707 οἱ
786 2653 884 2723 τῆς
915 2653 961 2723 β’
993 2654 1216 2708 συνόδου
1256 2655 1531 2727 [Integer
1567 2658 1660 2711 καὶ
1692 2658 1721 2712 6
1751 2659 1924 2729 μέγας

360 2743 423 2797 ἐν
452 2745 704 2816 θωλογῖᾳ
734 2746 1058 2819 Γρηγόριος.
1092 2747 1236 2801 Ἀλλ’
1276 2750 1447 2818 ἀπείη
1492 2753 1590 2805 καὶ
1643 2753 1808 2825 μόνον
1837 2754 1924 2807 ὲν-

358 2836 550 2904 νοῆσαι
582 2836 642 2889 τὸ
670 2835 1014 2907 βλάσφημον.
1047 2838 1161 2891 Οὐκ
1190 2837 1298 2909 ἄρα
1326 2839 1536 2910 ταύτην
1572 2841 1673 2912 τὴν
1713 2843 1921 2901 ἔννοιαν

358 2927 473 2998 ἔχει
500 2925 626 2981 ςῦτε
663 2931 695 2996 ἠ
720 2934 793 2989 α’.
814 2927 939 2981 οὔτε
963 2929 996 3000 ἡ
1022 2930 1202 3002 τρίτη,
1238 2930 1352 2985 οὔτ’
1385 2932 1519 3005 ἄλλη
1548 2951 1631 3000 τις
1659 2937 1768 2991 τῶν
1796 2956 1922 2994 συν-

357 3018 492 3071 όδων
515 3019 1012 3095 ἀντιφθεγγομένη,
1071 3022 1204 3076 ἀλλὰ
1246 3023 1344 3094 τὴν
1368 3024 1620 3081 ἐναντίαν
1666 3029 1921 3103 φανερῶς

356 3111 543 3165 πίττιν
572 3111 795 3169 κωλύει.

437 3274 742 3330 Ἀλλόῦτω
773 3278 875 3347 μὲν
923 3278 1081 3332 τοῦτο
1115 3281 1209 3333 καὶ
1241 3282 1420 3351 φωτὸς
1471 3285 1754 3357 ἀνεδείχθη
1781 3305 1918 3359 τρα-

352 3367 595 3439 νότερον,
623 3372 718 3421 καὶ
743 3368 1001 3440 καθαρῶς
1030 3361 1439 3441 ἀποδέδεῐκται,
1466 3376 1542 3447 μὴ
1570 3379 1916 3435 κεκωλῦσθαι

351 3459 422 3510 τὰ
457 3458 634 3528 ἀληθῆ
655 3460 970 3530 προσθεῖναι
1023 3464 1088 3531 τῇ
1140 3462 1317 3515 πίστει
1354 3468 1443 3517 καὶ
1476 3468 1554 3535 τῷ
1608 3468 1872 3538 Συμϐόλέρ
1897 3485 1912 3501 ·

352 3550 555 3619 μᾶλλον
580 3550 635 3603 δὲ
670 3551 1056 3607 ἀναπτύσσειν.
1084 3552 1252 3607 Οὐδὲν
1287 3557 1396 3626 γὰρ
1442 3556 1700 3626 ἀληθείας
1739 3560 1915 3629 δόγμα

350 3643 524 3707 ἐστὶν,
553 3644 583 3696 δ
610 3648 685 3712 μὴ
735 3646 1047 3716 περιέχεται
1106 3648 1182 3718 τῷ
1226 3649 1510 3720 Συμϐόλῳ,
1543 3653 1640 3705 καὶ
1667 3655 1734 3724 τῇ
1765 3655 1910 3725 ἁπλῇ

348 3736 648 3805 παραδόσει
678 3738 784 3789 τῶν
806 3739 1153 3792 ἀποστόλων
1184 3741 1556 3797 ἀναπτύσσειν
1590 3743 1648 3797 δὲ
1698 3747 1790 3797 καὶ
1834 3746 1913 3815 τῷ

348 3824 611 3893 regem,»
638 3828 932 3881 συνάπτειν
963 3828 1063 3881 οὐκ
1085 3831 1175 3882 ἀεὶ
1204 3830 1469 3898 δηλονότι,
1504 3834 1625 3887 οὐδὲ
1664 3834 1752 3887 τδν
1784 3836 1911 3905 pou.

344 3913 574 3983 λόμενον
614 3918 812 3982 πάντα,
844 3919 981 3972 ἀλλά
1018 3921 1264 3993 μεγάλης
1288 3925 1534 3994 ἀνάγκης
1559 3927 1908 3998 ἐπειγούσης,

344 4007 441 4056 καὶ
470 4006 566 4073 τῆς
598 4006 928 4078 Ἐκκλησίας
968 4013 1261 4081 κρινάσης.

422 4093 663 4161 Τούτων,
698 4091 744 4149 ὦ
774 4098 1027 4169 ἀνθρωπε
1062 4100 1157 4154 τοῦ
1186 4102 1347 4169 Θεοῦ,
1407 4105 1501 4157 καὶ
1547 4107 1723 4161 ἀλλων
1753 4109 1907 4162 πλεί-

345 4200 489 4236 στων
505 4186 606 4252 τῆς
623 4187 812 4256 ὁμοίας
839 4190 1062 4261 ἀγωγῆς
1104 4196 1234 4263 περὶ
1281 4194 1475 4250 τούτου
1510 4198 1606 4251 τοῦ
1655 4201 1906 4271 ζητήμα-

340 4291 430 4338 τος
465 4278 775 4348 είρημένων
812 4280 919 4333 61:6
938 4282 1206 4348 Λατίνων,
1245 4287 1407 4355 ἡμεῖς
1442 4288 1540 4356 μὲν
1563 4291 1701 4361 πρὸς
1732 4292 1905 4347 ταῦτα

341 4367 514 4434 μηδὲν
545 4370 948 4440 ἀποκρίνασθαι
994 4373 1207 4444 ἔχοντες
1235 4376 1330 4445 (τί
1380 4379 1492 4449 γάρ
1528 4380 1594 4433 ἀν
1646 4399 1731 4447 τις
1766 4386 1906 4455 πρὸς

2035 1921 2211 1975 tertia:
2242 1925 2458 1994 synodi,
2485 1933 2539 1982 et
2571 1927 2833 1986 aliarum.
2868 1930 3008 1998 Quid
3049 1935 3217 2006 igitur
3252 1935 3501 1994 dicemus
3532 1938 3602 1992 de

2032 2012 2271 2067 secunda
2331 2017 2560 2086 synodo,
2613 2019 2793 2091 deque
2842 2023 3107 2095 Gregorio
3157 2025 3456 2096 Theologo,
3503 2029 3601 2097 qui

2030 2099 2161 2155 huic
2216 2104 2470 2160 secunda:
2523 2114 2731 2179 synodo
2775 2125 2898 2167 cum
2947 2115 3291 2184 praesideret,
3337 2117 3600 2188 Symbolo

2028 2193 2216 2261 prima:
2240 2195 2295 2248 in
2328 2196 2518 2252 multis
2548 2200 2856 2268 immutate,
2877 2203 2998 2273 ipse
3026 2205 3208 2262 fertur
3253 2209 3595 2280 Symbolum,

2027 2294 2138 2351 quo
2166 2298 2267 2339 nos
2296 2287 2458 2341 modo
2492 2290 2698 2344 utimur
2747 2295 3182 2364 conscripsisse?
3218 2299 3261 2352 si
3307 2300 3451 2353 istud
3507 2300 3595 2354 in-

2028 2370 2320 2428 terdictum
2362 2377 2501 2432 hanc
2559 2381 2724 2435 habet
2753 2383 3195 2452 intelligentiam,
3231 2398 3396 2455 quam
3430 2389 3597 2456 proli‘

2027 2472 2213 2519 tentur
2237 2468 2442 2531 nostri,
2478 2468 2582 2525 heu
2612 2472 2624 2524 ε
2658 2471 2779 2527 loco
2808 2483 3120 2528 sanctorum
3158 2476 3379 2530 Patrum
3426 2487 3592 2549 atque

2025 2550 2332 2621 doctorum,
2382 2557 2573 2614 Patres
2622 2562 2878 2618 secundat
2899 2565 3114 2635 synodi,
3151 2575 3210 2621 et
3260 2580 3488 2637 magnus
3524 2568 3581 2624 in

2024 2641 2296 2716 theologia
2348 2647 2675 2720 Gregorius,
2732 2653 3016 2710 hominum
3085 2657 3473 2727 pestiferorum
3526 2675 3592 2716 ac

2025 2732 2496 2795 fraudulentorum
2525 2743 2706 2799 locum
2737 2746 3132 2814 {obtinueruuL
3179 2749 3284 2806 Sed
3337 2751 3485 2809 absit
3530 2763 3591 2808 ut

2023 2827 2110 2882 vel
2137 2830 2438 2906 cogitemus
2469 2834 2610 2890 istud
2662 2838 2992 2894 convicium.
3042 2840 3159 2897 Non
3195 2842 3362 2913 igitur
3410 2861 3589 2915 neque

2022 2918 2220 2988 prima,
2285 2937 2466 2993 neque
2532 2927 2714 2994 tertia,
2769 2944 2949 2999 neque
3003 2931 3110 2987 ulla
3163 2933 3264 2988 alia
3324 2937 3585 3006 synodus,

2024 3018 2284 3081 tanquam
2330 3018 2601 3070 contraria
2646 3018 2732 3073 bis
2768 3018 3049 3090 loquatur,
3099 3025 3240 3080 hanc
3284 3026 3452 3083 habet
3500 3029 3587 3084 in-

2024 3102 2402 3172 telligentiam,
2446 3106 2543 3162 sed
2573 3111 2900 3166 contrariam
2936 3113 3098 3170 ﬁdem
3142 3118 3432 3175 manifeste
3461 3136 3591 3191 pro-

2023 3192 2198 3249 hibet.
3174 3192 3177 3197 6

2093 3283 2292 3342 Verum
2328 3288 2380 3344 id
2410 3289 2481 3345 ita
2507 3292 2755 3361 quidem,
2806 3293 3040 3367 Inseque
3068 3297 3274 3357 clarius
3300 3311 3583 3362 ostensum

2019 3383 2104 3429 est
2126 3391 2189 3430 ac
2219 3377 2460 3434 dilucide
2504 3381 2977 3451 demonstratum,
3024 3389 3158 3443 nihil
3190 3390 3412 3448 obstate
3450 3410 3588 3464 quo-

2018 3466 2201 3520 minus
2234 3484 2360 3523 vera
2392 3478 2504 3524 tum
2537 3472 2685 3537 lidei,
2733 3484 2849 3528 tum
2873 3474 3128 3545 Symbolo
3151 3478 3447 3547 addantur,
3475 3486 3586 3539 imo

2017 3571 2149 3611 vero
2173 3560 2498 3628 explicetur.
2540 3563 2764 3620 Nullum
2792 3567 2940 3622 enim
2980 3569 3229 3626 veritatis
3256 3581 3343 3627 est
3369 3576 3581 3644 dogma,

2017 3650 2161 3717 quod
2194 3650 2251 3705 in
2284 3652 2543 3722 Symbolo
2577 3671 2640 3710 ac
2686 3658 2920 3728 simplici
2954 3661 3253 3719 traditione
3298 3667 3583 3734 apostolo-

2015 3754 2135 3793 rum
2180 3756 2288 3795 non
2337 3744 2701 3801 contineatur.
2758 3750 3093 3817 Explicanda
3142 3768 3276 3809 vero
3327 3765 3479 3821 sunt,
3525 3766 3582 3812 et

2015 3841 2138 3883 eum
2197 3830 2456 3902 Symbolo
2495 3842 2869 3897 connectenda
2909 3856 3018 3898 non
3074 3861 3291 3916 semper
3344 3849 3575 3915 scilicet,

2012 3910 2191 3991 neque
2227 3939 2256 3976 a
2298 3940 2648 3997 quocunque.
2698 3933 2794 3986 sed
2839 3948 3030 4004 magna
3064 3948 3292 4007 urgente
3337 3942 3579 3997 necessi~

2013 4021 2140 4078 tate,
2166 4022 2329 4085 atque
2366 4019 2441 4072 ita
2480 4020 2717 4077 Ecclesia
2738 4022 3041 4090 judicante.

2084 4104 2180 4161 His
2217 4106 2449 4178 aliisque
2499 4113 2921 4182 quamplurimis
2971 4120 3219 4190 ejusdem
3247 4126 3485 4194 generis,
3539 4142 3575 4182 ο

2009 4197 2095 4251 vir
2117 4198 2236 4264 Dei,
2273 4200 2434 4256 dictis
2459 4202 2527 4259 de
2576 4204 2681 4260 hoc
2722 4209 2953 4276 quaesito
2981 4225 3012 4265 a
3043 4211 3273 4279 Latinis,
3304 4231 3405 4272 nos
3453 4220 3575 4288 qui-

2009 4289 2132 4345 dem
2190 4292 2256 4346 ad
2317 4309 2381 4349 ea
2431 4298 2569 4351 nihil
2603 4300 2747 4367 quod
2785 4302 3245 4371 responderentur.
3303 4309 3571 4368 habentes

2009 4381 2161 4451 (quid
2199 4385 2347 4439 enim
2384 4382 2585 4457 aliquis
2632 4391 2700 4444 ad
2744 4401 2950 4447 tantam
2988 4395 3271 4452 veritatem
3297 4397 3411 4469 jam
3466 4402 3573 4456 im-

335 4458 607 4532 τοσαύτην
634 4463 1077 4536 ἀναισχυντήσων
1099 4468 1247 4521 είποι
1272 4469 1589 4543 ἀλήθειανς)
1607 4476 1899 4548 ὲσιγῶμενο

2022 4473 2305 4529 )rudenter
2339 4476 2547 4534 diceret
2568 4479 2637 4550 ?),
2670 4483 3110 4553 conticehantus;
3162 4487 3240 4543 illi
3298 4506 3427 4548 vero
3464 4496 3570 4550 hoc

336 4554 535 4605 ἐκεῖνοι
563 4554 623 4607 δὲ
666 4555 963 4626 δεδειχότες
1007 4560 1083 4623 ὡς
1115 4560 1325 4633 τάληθῆ
1364 4570 1581 4635 φρονεῖν
1608 4570 1667 4621 οὐ
1696 4570 1902 4625 κωλύε-

333 4657 448 4706 ται,
480 4642 605 4696 οῦτε
631 4645 709 4715 τῷ
733 4647 993 4718 Συμϐόλῳ
1024 4653 1362 4721 προσθεῖναι,
1388 4657 1694 4723 ἀκολούθως
1723 4663 1900 4732 ἐπηγ-

331 4731 583 4797 γέλλοντο
603 4735 796 4801 δεῖξαι,
831 4737 906 4800 ὡς
946 4739 1041 4792 καὶ
1070 4742 1269 4811 ἀληθές
1300 4746 1469 4810 ἐστιν,
1503 4747 1531 4799 ὃ
1563 4749 1621 4802 ἐν
1651 4751 1728 4821 τῷ
1751 4753 1899 4823 Συμι

266 4874 271 4879 .
334 4825 472 4894 ϐόλῳ
502 4828 862 4896 προσέθεσαν,
912 4831 1158 4901 δηλονότι
1184 4837 1246 4886 τὸ
1285 4838 1339 4888 :6
1400 4840 1624 4909 Πνεῦμα
1653 4844 1712 4895 τὸ
1743 4847 1897 4911 ἆγιον

330 4916 397 4968 ἐκ
429 4917 642 4986 [ἰατρὸς
687 4922 784 4972 καὶ
815 4920 944 4974 Υἱοῦ
977 4925 1377 4995 ἐκπορεύεσθαι
1402 4942 1417 4958 ⁸
1480 4934 1574 4984 καὶ
1611 4936 1760 5001 ἡμᾶς
1815 4937 1895 4999 είς

330 5008 423 5058 τὸν
451 5009 639 5076 ἀγῶνα
683 5014 1107 5081 προεκαλοῦντο.
1162 5019 1225 5069 Ol
1255 5018 1300 5070 δ’
1322 5022 1603 5090 ἡμέτεροι,
1630 5027 1687 5075 ὲν
1718 5026 1895 5096 τούτῳ

328 5098 655 5169 ἡττηθέντες
685 5118 747 5154 τε
804 5103 903 5175 καὶ
929 5108 1257 5174 τραπέντες,
1307 5111 1554 5165 ὲδειλίων
1580 5115 1673 5167 τὸν
1708 5116 1897 5169 δεύτε-

327 5206 421 5260 ρον
441 5191 709 5245 εἰσελθεῖν
738 5194 962 5266 ἀγῶνας
995 5199 1091 5250 καὶ
1111 5197 1349 5270 ἔπασχον
1368 5203 1397 5254 6
1424 5204 1536 5273 ἐγὼ
1565 5207 1688 5259 κατ’
1716 5210 1893 5280 ἀρχὰς

322 5282 536 5351 ελεγον,
568 5285 798 5339 κωλύων
823 5287 932 5340 ἀπὸ
981 5289 1172 5343 τούτου
1221 5292 1317 5345 τοῦ
1363 5292 1679 5365 ζητήματος
1726 5300 1890 5369 ἀρξα-

323 5378 472 5429 σθαι.
530 5376 814 5445 Ἥγωνίων
870 5396 932 5433 τε
986 5381 1167 5434 τοίνυν
1200 5384 1298 5437 καὶ
1323 5384 1579 5456 ἔτρεμον,
1627 5390 1723 5443 καὶ
1750 5393 1890 5455 ὅλως

314 5467 425 5519 οὐκ
450 5468 644 5538 ἦθελον
664 5470 758 5521 ἐπὶ
787 5471 951 5524 πλέον
978 5476 1329 5544 προσμεῖναι,
1360 5477 1478 5529 ἀλλ’
1506 5480 1676 5532 ἑὸόων
1706 5483 1887 5535 ἀπαν-

314 5574 412 5621 τες
442 5560 733 5628 διαστῆναι
781 5560 893 5614 δεῖν
922 5562 1035 5615 τῶν
1067 5565 1316 5618 Λατίνων
1349 5568 1446 5620 καὶ
1495 5570 1629 5638 πρὸς
1653 5571 1751 5643 τὴν
1782 5590 1886 5627 πα-

314 5650 476 5720 τρίδα
521 5650 954 5720 ὲπαναστρέψαι.
1008 5655 1118 5707 Καὶ
1145 5657 1244 5725 τὴν
1293 5660 1478 5712 αἰτίαν
1516 5662 1882 5732 ἐρωτώμενοι,

315 5741 616 5798 ἀποδοῦναι
638 5742 740 5795 οὐκ
769 5739 935 5814 εἶχον.
968 5746 1031 5799 Τί
1062 5745 1155 5799 οὖν
1185 5752 1297 5810 τοῖς
1332 5752 1584 5818 Λατίνοις
1612 5756 1878 5827 ἐροῦμεν;

675 5839 946 5902 ΡΑτιιοι..
980 5844 1094 5904 Gn.
1146 5845 1358 5908 CLXI.

2003 4564 2251 4644 probato,
2284 4569 2430 4636 quod
2470 4570 2734 4627 nimirum
2778 4588 2907 4629 vera
2952 4590 3176 4647 sapere,
3210 4590 3385 4653 eaque
3409 4584 3571 4657 Sym-

2002 4654 2130 4710 bolo
2166 4658 2368 4713 addere
2392 4661 2616 4719 minime
2639 4665 3033 4734 prohibemur:
3058 4686 3400 4743 consequens
3432 4654 3567 4743 iilud

2000 4757 2055 4802 et
2085 4749 2342 4818 alterum,
2366 4754 2510 4822 quod
2558 4756 2624 4811 ad
2666 4756 2984 4828 Symbolum
3015 4764 3374 4832 addidissent.
3406 4770 3567 4839 polli-

1998 4839 2091 4892 citi
2122 4849 2271 4906 sunt,
2311 4845 2453 4899 velle
2485 4861 2543 4900 se
2572 4848 2862 4905 ostendere
2910 4868 3099 4908 verum
3133 4871 3272 4923 esse,
3300 4860 3562 4917 nimirum

1999 4927 2261 4997 Spiritum
2316 4944 2568 4988 sanctum
2604 4952 2671 4991 ex
2723 4939 2885 4995 Patre
2932 4940 3184 5014 Filioque
3236 4950 3564 5018 procedere,

1997 5034 2209 5090 nosque
2261 5026 2327 5077 ad
2363 5039 2643 5082 certamen
2677 5032 3068 5098 provocabunt.
3101 5032 3286 5092 Nostri
3349 5051 3558 5109 autem,

1995 5125 2118 5164 cum
2157 5113 2211 5166 in
2254 5113 2357 5169 hoc
2392 5117 2520 5171 victi
2562 5129 2619 5173 et
2652 5121 2818 5191 fugati
2871 5122 3126 5193 fuissent,
3160 5128 3427 5187 timebant
3474 5148 3562 5189 se-
3609 5154 3615 5207 ρ

1994 5205 2230 5258 cundum
2264 5207 2449 5262 subire
2479 5220 2751 5267 certamen
2777 5227 2793 5278 ;
2821 5226 2877 5270 et
2904 5217 3120 5284 accidit,
3145 5224 3291 5290 quod
3316 5240 3419 5294 ego
3453 5226 3561 5281 illis

1992 5310 2023 5349 a
2082 5296 2353 5369 principio
2384 5301 2655 5368 dicebam,
2705 5320 2830 5361 cum
2884 5324 2979 5364 eos
3030 5321 3273 5369 vetarem
3334 5321 3405 5370 ab
3456 5322 3562 5373 hac

1991 5391 2293 5456 quaestione
2327 5393 2656 5464 principium
2710 5413 2949 5455 sumere.
3007 5401 3177 5472 lgitttr
3205 5406 3374 5461 animi
3409 5410 3563 5463 solli-

1990 5479 2233 5535 citudine
2273 5484 2353 5537 vel
2390 5487 2623 5541 maxime
2656 5490 3012 5559 urgebantur,
3046 5507 3112 5549 ac
3144 5496 3477 5564 tremebant,
3507 5509 3560 5555 el

1987 5572 2215 5628 omnino
2273 5577 2531 5632 nolebant
2568 5582 2799 5650 amplius
2832 5600 3074 5653 manere,
3104 5590 3199 5641 sed
3244 5589 3560 5648 clamabant

1986 5680 2175 5721 omnes
2211 5678 2461 5738 oportere
2510 5687 2539 5724 a
2598 5671 2806 5728 Latinis
2852 5679 3103 5748 sejungi,
3135 5682 3280 5736 etin
3324 5685 3553 5752 patriam

1986 5763 2225 5827 reverti;
2259 5764 2527 5818 rationem
2573 5780 2703 5822 vero
2746 5772 3137 5837 quaerentibus,
3177 5774 3411 5833 reddere
3438 5790 3553 5834 non

3179 5866 3251 5932 l2
