3966 6218
341 354 452 415 355
696 354 701 359 “
1300 345 1805 408 BESSARIONIS
1867 347 1926 405 S.
1963 348 2032 411 Β.
2076 346 2139 410 Ε.
2185 345 2649 408 CABDINALIS
3497 357 3602 420 356

350 473 625 537 poterant.
648 461 791 529 Quid
823 476 953 533 ergo
998 460 1211 515 Latinis
1242 459 1488 516 dicemus
1512 462 1534 512 ?
1563 476 1668 530 qua
1689 463 1836 532 justa
1861 470 1916 515 et

2033 464 2167 534 [Ιοίῳ
2195 463 2338 534 λόγῳ
2374 464 2582 534 εὐλόγῳ
2633 464 2691 517 ἐν
2722 462 2875 535 μέσῳ
2904 464 3000 519 τοῦ
3047 466 3282 536 ἀγῶνος,
3310 471 3515 541 μᾶλλον
3542 460 3599 529 δξ

349 562 582 610 nonesta
614 566 779 607 causa
807 558 862 605 et
898 549 1110 605 ratione
1142 549 1195 602 in
1229 547 1410 603 medio
1436 549 1775 614 certaminis,
1806 549 1915 603 imo

2032 553 2136 606 οὐδ’
2167 553 2226 605 ἐν
2256 554 2399 625 ἀρχῇ
2438 555 2517 606 ἐτι
2554 554 2653 623 (τὸ
2685 554 2797 625 γὰρ
2826 558 2959 627 περὶ
2984 556 3079 610 τοῦ
3116 559 3191 629 μὴ
3216 560 3327 615 δεῖν
3352 565 3598 634 προσθεῖσ

349 659 482 700 vero
506 658 685 712 neque
719 641 901 696 adhuc
930 640 988 695 in
1024 639 1298 711 principio
1346 639 1633 694 constituti
1670 639 1915 708 (qumstio

2028 660 2111 696 ναι
2143 643 2296 696 οὐδὲν
2339 645 2475 713 πρὸς
2523 647 2585 698 τὸ
2632 646 2926 716 πρᾶγμα),
2954 648 3062 701 τίνι
3101 648 3197 703 οὖν
3240 649 3383 721 λόγῳ
3431 655 3594 723 μήπω

350 734 499 789 enim
523 732 592 786 de
614 744 724 784 non
767 728 1021 784 addendo
1054 728 1194 783 nihil
1229 727 1296 782 ad
1336 728 1500 797 rem),
1551 743 1658 797 qua
1689 728 1916 795 ratione,

2030 733 2256 803 ἡρμένοι
2296 733 2755 805 ὑποστρέψωμεν,
2781 737 2968 793 εἰπεῖν
3001 737 3105 807 οὐκ
3136 734 3310 809 εἶχον,
3336 742 3456 795 ἀλλ’
3474 745 3596 798 ἁλός

350 827 595 894 inquam,
623 835 745 877 cum
772 821 1017 876 nondum
1050 820 1402 891 coeperimus,
1451 820 1796 875 redibimus?
1826 820 1916 875 Di-

2028 841 2137 892 γως
2166 825 2357 891 ἐϐόων,
2390 826 2816 897 Ἐπανέλθωμεν
2844 830 2927 894 είς
2948 830 3050 902 τὴν
3078 834 3339 906 πατρίδα.
3371 836 3594 905 Ἔλεγον

352 929 479 970 cere
527 928 636 967 non
690 921 979 982 poterant,
1022 912 1117 968 sed
1170 919 1373 966 temere
1417 925 1483 965 ac
1513 910 1662 964 nulla
1706 910 1918 965 ratione

2033 913 2082 966 δὲ
2112 915 2205 967 καὶ
2260 916 2396 984 πρὸς
2427 915 2674 982 ἑαυτοὺς,
2703 917 2780 980 ὡς
2804 918 2885 981 είς
2928 918 3214 991 ἡμετέρας
3242 922 3412 986 ἀκοὰς
3443 921 3599 993 ἦλθε,

352 1004 701 1059 clamabant:
760 1002 1071 1057 Redeamus
1102 1002 1157 1057 in
1212 1003 1469 1071 patriam.
1523 1000 1760 1055 Aiebant
1792 1015 1918 1056 vero

2034 1000 2438 1081 tob;_Adtivou;
2496 1005 2642 1074 ἔχειν
2682 1005 2961 1061 δεικνύναι
3014 1007 3288 1063 πλείστων
3344 1010 3600 1065 διδασκά-

353 1105 405 1151 ct
454 1096 596 1149 inter
634 1109 715 1158 se,
760 1091 1224 1162 quemadmodum
1278 1092 1344 1146 ad
1401 1100 1615 1146 nostras
1670 1092 1919 1162 pervenit

2035 1092 2133 1146 λων
2174 1093 2349 1161 ἁγίων
2380 1095 2610 1148 πλεῖστα
2640 1095 2803 1165 ρητά,
2838 1096 2907 1149 δι’
2952 1086 3035 1151 ὧν
3064 1100 3245 1169 ῥητῶς
3295 1099 3513 1168 λέγεται
3544 1101 3601 1153 τὸ

264 1204 267 1207 ν
308 1202 329 1261 λι
354 1199 536 1249 aures,
562 1183 788 1238 Latinos
827 1198 986 1253 posse
1021 1183 1315 1238 ostendere
1370 1182 1671 1238 multorum
1711 1196 1830 1237 sant

2028 1185 2254 1257 Πνεῦμα
2279 1184 2338 1237 τὸ
2358 1184 2517 1253 ἅγιον
2545 1185 2609 1238 ἐκ
2642 1186 2859 1257 Πατρός
2886 1189 2985 1242 καὶ
3002 1188 3136 1242 Υίοῦ
3163 1190 3594 1261 ἐκπορεύεσθαι.

317 1272 329 1345 γ’
355 1290 474 1328 rum
532 1273 823 1327 doctorum
862 1273 1166 1342 permultas
1218 1274 1544 1339 sententias,
1599 1274 1802 1343 quibus
1854 1290 1883 1327 a

2036 1275 2093 1329 Τί
2127 1274 2221 1329 οῦν
2258 1291 2347 1336 τις
2386 1276 2523 1345 πρὸς
2568 1274 2745 1330 ταῦτα
2792 1278 3218 1348 ἀποκρινεῖται;
3266 1279 3602 1348 διαστῶμεν,

355 1365 584 1418 verbum
617 1363 821 1418 dicitur
850 1363 1087 1433 Spiritus
1120 1350 1343 1421 sanctus
1372 1381 1440 1421 ex
1478 1366 1640 1421 Patre
1672 1365 1921 1434 Filioque

2030 1363 2460 1435 διαζευχθῶμεν,
2524 1366 2879 1437 ἀπέλθωμεν.
2944 1368 3199 1433 Ἀκούεις
3252 1370 3596 1423 διδασκάλων

356 1455 678 1524 procedere.
721 1453 859 1520 Quid
892 1455 1061 1525 igitur
1092 1456 1168 1510 ad
1220 1458 1336 1512 hrec
1364 1456 1641 1527 quispiam
1692 1471 1922 1526 respon-

2033 1453 2125 1505 καὶ
2156 1452 2416 1526 Πατέρων
2439 1453 2758 1524 ἀπόφασιν;
2810 1456 2981 1522 Διότι,
3017 1459 3207 1527 φασιν,
3256 1458 3443 1529 ἔχουσι
3469 1459 3599 1511 πολε

355 1549 550 1603 debit?
601 1564 943 1619 separemur,
1008 1550 1386 1627 sejungamur,
1416 1548 1696 1604 abeamus.
1753 1547 1921 1602 Audis

2030 1542 2136 1597 λῶν
2170 1544 2508 1600 διδασκάλων
2534 1546 2675 1617 ρητά
2706 1547 2901 1614 δεῖξαι,
2935 1548 3071 1619 πρὸς
3100 1548 3136 1603 ἃ
3166 1550 3333 1619 ἡμεῖς
3361 1550 3596 1619 ἀποκρι-

355 1640 637 1701 doctorum
700 1648 756 1695 et
803 1641 1025 1696 Patrum
1080 1640 1452 1695 sententiam?
1497 1640 1787 1706 Quoniam,
1837 1638 1921 1692 in-

2034 1634 2242 1690 νεῖσθαι
2277 1636 2377 1689 οὐκ
2406 1636 2625 1706 ἔχομεν,
2664 1636 3030 1710 διαιρεθῶμεν
3078 1640 3353 1694 Λατίνων.
3406 1640 3600 1709 Ὅμως

354 1731 571 1799 quiunt,
608 1731 906 1786 multorum
966 1733 1253 1784 doctorum
1311 1728 1454 1783 dicta
1506 1738 1736 1798 possunt
1768 1728 1920 1792 nobis

2034 1726 2187 1797 μόλις
2222 1726 2353 1780 ποτὲ
2374 1727 2683 1791 συνιδόντες
2711 1731 2771 1782 τὸ
2801 1728 2902 1799 τῆς
2930 1731 3111 1785 αὐτῶν
3142 1733 3370 1802 γνώμης
3397 1732 3600 1786 ἄτοπον

354 1797 669 1886 ostendere,
706 1820 772 1874 ad
810 1836 933 1890 qua:
958 1821 1093 1874 nihil
1126 1835 1422 1889 possumus
1450 1797 1803 1889 respondere,
1837 1819 1920 1872 di-

2035 1818 2125 1885 ξιαὶ
2155 1817 2259 1870 ὑπὸ
2281 1817 2376 1871 τοῦ
2410 1819 2673 1890 κραταιοῦ
2720 1797 2994 1889 βασιλέως
3055 1797 3295 1889 εὐλόγως
3325 1797 3601 1877 *πεισθέν-

356 1912 606 1965 vidamus
638 1926 739 1966 nos
783 1925 812 1964 a
843 1910 1070 1964 Latinis.
1110 1910 1213 1964 Vix
1255 1918 1436 1964 tamen
1470 1908 1765 1979 aliquando
1795 1924 1922 1965 cum

1748 1925 1765 1964 ι
1795 1924 1922 1965 cum
2029 1926 2147 1976 τες,
2177 1908 2397 1979 ὑφῆκαν
2426 1909 2527 1979 τῆς
2547 1909 2748 1979 ἀλόγου
2771 1911 2987 1983 ἐκείνης
3019 1913 3314 1980 ἐντάσείος.

357 2001 770 2073 perspexissent
828 2002 970 2058 hanc
1024 2001 1110 2056 sui
1188 2002 1407 2056 consilii
1458 2002 1851 2067 temeritatem,
1911 2006 1967 2055 et
2041 1998 2326 2055 fortissimi
2383 2002 2559 2057 nostri
2615 2002 2961 2074 imperatoris
3012 2004 3241 2063 inductu
3285 2014 3343 2062 et
3391 2008 3601 2063 ratione

318 2118 321 2119 ν
360 2108 683 2165 persuasum
709 2093 817 2147 illis
837 2102 1001 2158 esset,
1031 2095 1101 2147 ab
1131 2093 1223 2147 illo
1252 2093 1494 2148 absurdo
1547 2093 1787 2163 inccepto
1838 2102 2154 2164 conatuque
2181 2093 2539 2151 destiterunt.

432 2187 657 2241 Interim
718 2201 851 2241 vero
887 2201 975 2240 res
1019 2186 1147 2256 ipsze
1180 2186 1578 2255 profectionem
1622 2186 1930 2241 beatissimi

2108 2187 2201 2242 Ἐν
2239 2189 2482 2260 τοσούτῳ
2508 2189 2567 2244 δέ
2603 2190 2699 2245 καὶ
2738 2192 2804 2246 τὰ
2831 2194 3135 2265 πράγματα
3159 2197 3478 2268 ἠνάγκασαν
3507 2200 3602 2270 τὴν

358 2294 511 2349 papa:
547 2277 796 2332 Ferraria
826 2277 1159 2332 Florentiam
1213 2289 1475 2333 urserunt
1499 2278 1599 2347 (l),
1629 2278 1924 2347 eodemque

2033 2280 2098 2333 ἐκ
2127 2280 2439 2353 Φερραρίας
2472 2283 2529 2347 ἐς
2559 2282 2903 2354 Φλωρεντίαν
2952 2286 3268 2357 ἀποδημίαν
3305 2290 3401 2343 τοῦ
3428 2309 3599 2361 μακα-

359 2366 554 2437 synodi
584 2365 1088 2435 transpositionem.
1124 2365 1275 2419 Abiit
1301 2381 1434 2437 ergo
1475 2366 1563 2421 ille
1590 2405 1604 2429 ,
1642 2365 1802 2422 simul
1831 2380 1925 2420 nos

2034 2373 2299 2443 ριωτάτου
2341 2374 2567 2440 πάππα,
2599 2374 2692 2430 καὶ
2712 2376 2811 2446 τὴν
2840 2377 3019 2431 ἐκεῖσε
3061 2381 3161 2451 τῆς
3195 2381 3416 2434 συνόδου
3444 2386 3600 2453 μετά-

344 2470 580 2526 .quoque
599 2455 857 2510 abiimus.
873 2454 1251 2525 Omnibusque
1274 2456 1747 2525 rebusFlorentize
1773 2470 1910 2525 para

2036 2463 2203 2520 θεσιν.
2249 2464 2524 2536 Ἀπῆλθεν
2585 2466 2679 2521 οῦν
2734 2470 2960 2534 ἐκεῖνος,
3024 2473 3449 2544 συναπὴλθομεν
3505 2482 3602 2532 καὶ

356 2548 452 2615 tis,
468 2547 587 2602 dies
607 2546 968 2616 disputationi
992 2546 1219 2613 dicitur,
1243 2563 1351 2617 qua
1370 2547 1613 2617 incipere
1631 2556 1922 2616 Opuserat,

2031 2555 2215 2625 ἡμεῖς.
2242 2556 2354 2611 Καὶ
2384 2556 2605 2611 πάντων
2627 2559 2937 2629 γενομένων
2966 2561 3024 2615 ἐν
3057 2563 3392 2636 Φλωρεντίᾳ,
3435 2570 3597 2621 κεκύ-

364 2653 419 2698 ct
460 2643 758 2697 constituta
799 2642 919 2696 dies
950 2640 1146 2700 adfuit.
1177 2641 1392 2697 Rursus
1434 2640 1601 2711 igitur
1633 2656 1733 2696 nos
1761 2639 1930 2710 coepi-

2036 2662 2202 2713 ρωται
2251 2648 2464 2718 ἡμέρα,
2499 2648 2622 2703 καθ’
2657 2649 2724 2719 ἡν
2773 2650 3043 2720 ἄρξασθαι
3091 2652 3222 2720 ἔδει,
3254 2659 3347 2710 καὶ
3375 2659 3405 2727 ἡ
3433 2664 3602 2729 κυρία

361 2749 488 2788 mus
512 2748 793 2789 accusare.
824 2732 1293 2799 Quemadmodum
1343 2733 1490 2788 enim
1526 2734 1581 2787 in
1628 2731 1927 2802 quaestione

2035 2734 2259 2801 ἐπέστη.
2285 2738 2457 2791 Πάλιν
2480 2736 2573 2791 οὖν
2592 2740 2754 2809 ἡμεῖς
2776 2740 3029 2809 ἐγκαλεῖν
3049 2743 3356 2814 ἠρξάμεθα.
3381 2748 3601 2821 Ὥσπερ

352 2822 433 2878 de
463 2839 571 2879 non
602 2823 855 2880 addendo
882 2836 985 2878 nos
1005 2838 1298 2894 personam
1329 2823 1666 2879 accusatoris
1693 2822 1918 2893 gereba-

2037 2825 2136 2898 γὰρ
2166 2826 2225 2879 ἐν
2254 2827 2331 2898 τῷ
2356 2830 2486 2900 περὶ
2516 2830 2610 2883 τοῦ
2669 2831 2744 2902 μὴ
2776 2832 2889 2887 δεῖν
2945 2836 3266 2904 προσθεῖναι
3328 2839 3603 2912 ζητήματι

362 2927 520 2976 mus;
572 2912 752 2969 Latini
800 2928 927 2968 vero
959 2913 1038 2968 sic
1067 2912 1137 2968 ad
1165 2913 1378 2984 objecta
1415 2911 1837 2982 responderunt,
1866 2918 1928 2966 ut

2036 2916 2188 2987 ἡμεῖς
2218 2921 2641 2991 ἐνεκαλέσαμεν,
2686 2924 2913 2977 Λατῖνοι
2945 2924 3002 2977 δέ
3041 2911 3464 3002 ἀπελογήθησαν
3505 2933 3602 2987 οῦ·

364 3005 598 3074 amplius
620 3004 804 3059 dicere
837 3003 1136 3073 quidquam
1171 3002 1396 3057 minime
1439 3002 1820 3073 potuerimus;
1849 3000 1926 3056 ita

2036 3027 2160 3075 τως,
2190 3011 2263 3075 ὡς
2290 3012 2365 3082 μὴ
2386 3013 2685 3085 δυνηθῆναι
2714 3016 2861 3085 ἡμᾶς
2881 3015 2962 3070 ἔτι
2994 3000 3364 3091 ἀποκριθῆναι
3387 3040 3401 3053 ·
3427 3024 3488 3078 οῦ
3504 3044 3602 3087 τως

362 3098 528 3154 etiam
566 3098 621 3152 in
654 3096 760 3153 hoc
792 3097 1046 3166 dogmate
1085 3110 1187 3151 nos
1220 3095 1441 3165 quidem
1472 3102 1661 3165 utpote
1692 3093 1785 3164 qui
1838 3108 1927 3148 ac-

2035 3102 2130 3156 καὶ
2159 3104 2218 3155 ἐν
2253 3103 2328 3173 τῷ
2364 3102 2598 3174 δόγματι
2622 3105 2784 3176 ἡμεῖς
2825 3108 2924 3176 μὲν
2954 3108 3028 3171 ὡς
3061 3110 3418 3178 ἐγκαλοῦντες
3444 3132 3601 3182 προε-

363 3188 715 3253 cusabainus,
764 3186 819 3241 in
869 3185 1099 3240 dubium
1148 3186 1563 3251 revocavimus;
1592 3186 1665 3239 illi
1713 3200 1842 3239 vero
1872 3185 1925 3238 in

2036 3165 2527 3260 tsivapev,éxei\i0t
2553 3193 2608 3246 δέ
2637 3165 3025 3262 ἀπελογοῦντο,
3050 3165 3120 3250 τά
3141 3165 3419 3268 δευτερεῖα

363 3279 599 3335 dicendo
629 3278 900 3334 secundas
926 3286 1115 3348 partes
1139 3278 1472 3342 obtinentes,
1502 3278 1926 3348 respondebant.

2034 3280 2271 3352 ἔχοντες.
2345 3283 2432 3337 Ἐν
2483 3284 2613 3337 πᾶσι
2645 3285 2757 3355 γὰρ
2791 3288 2935 3341 κατὰ
2982 3290 3166 3343 πᾶσαν
3197 3291 3473 3357 ἐξουσίαν,
3525 3293 3600 3353 ὡς

354 3371 422 3424 ln
474 3357 731 3424 omnibus
780 3368 929 3424 enim
987 3367 1057 3422 ad
1106 3377 1356 3422 nostrum
1406 3366 1694 3422 arbitrium
1747 3366 1920 3422 libidi-

2032 3378 2163 3446 ἡμῖν
2187 3372 2255 3446 ἦν
2284 3376 2652 3447 βουλομένοις,
2684 3378 2831 3432 οὕτω
2851 3380 2943 3433 τὸν
2969 3381 3127 3449 λόγον
3159 3382 3571 3455 ᾠκονομοῦμεν.

352 3475 596 3531 nemque
625 3474 847 3515 causam
882 3458 1330 3530 disponebamus.
2119 3532 2132 3544 .

430 3551 619 3621 Itaque
644 3550 699 3605 in
722 3549 1081 3619 quaestionem
1107 3548 1437 3604 adduximus
1462 3563 1562 3604 nos
1589 3548 1925 3619 incipientes

2106 3556 2507 3627 Προετείναμεν
2551 3556 2644 3611 οὖν
2692 3558 2788 3612 ἀπ’
2817 3559 2999 3613 αὐτῶν
3027 3564 3135 3617 τῶν
3165 3564 3476 3619 ἀποστόλων
3507 3570 3602 3620 καὶ

362 3643 431 3699 ab
449 3643 595 3713 ipsis
637 3641 919 3712 apostolis,
951 3652 1008 3697 et
1053 3641 1310 3697 omnibus
1340 3642 1514 3697 sacris
1559 3641 1838 3707 conciliis,
1871 3650 1928 3695 et

2035 3647 2137 3703 τῶν
2186 3648 2361 3717 ἀγίων
2401 3649 2636 3702 συνόδων
2694 3651 2922 3705 ἀπασῶν
2963 3652 3287 3725 ἀρξάμενοι,
3347 3660 3441 3710 καὶ
3484 3661 3601 3721 τοῖς

361 3750 553 3790 eorum
571 3734 755 3800 dictis,
772 3742 828 3786 et
850 3743 1112 3802 praterea
1130 3732 1374 3786 omnium
1406 3740 1717 3787 sanctorum
1738 3733 1926 3787 Orien-

2035 3738 2208 3791 αῦτῶν
2246 3755 2305 3792 τε
2347 3739 2439 3792 καὶ
2484 3739 2594 3793 τῶν
2630 3740 2970 3811 ἀνατολικῶν
3019 3744 3243 3799 πάντων
3284 3748 3460 3815 ἀγίων
3500 3752 3601 3820 ῥη.

365 3827 556 3880 talium
618 3824 702 3878 usi
758 3839 951 3881 sumus
1012 3823 1213 3894 quibus
1265 3822 1598 3889 ostenditur,
1661 3822 1926 3893 Spiritum

2031 3830 2140 3890 τοῖς
2166 3829 2524 3899 χρησάμενοι,
2553 3824 2635 3893 οἷς
2663 3832 2949 3888 δείκνυται
2990 3836 3048 3889 τὸ
3097 3838 3322 3908 Πνεῦμα
3356 3841 3414 3892 τὸ
3439 3841 3597 3909 ἅγιον

361 3926 609 3972 sanctum
633 3931 742 3970 non
765 3915 986 3985 quidem
1009 3932 1037 3970 a
1062 3914 1201 3970 Filio
1223 3929 1329 3969 non
1355 3913 1688 3985 procedere;
1714 3914 1925 3968 nullum

2032 3920 2148 3989 οὐχὶ
2189 3922 2262 3991 μὴ
2317 3922 2716 3992 ἐκπορεύεσθαι
2761 3927 2822 3978 ἐκ
2877 3927 2969 3979 τοῦ
3024 3929 3181 3994 Υίοῦ,
3221 3932 3463 3987 τοιοῦτον
3494 3936 3598 4005 γὰρ

360 4009 508 4063 enim
527 4007 798 4079 ejusmodi
815 4007 1018 4061 dictum
1035 4006 1320 4072 habemus,
1341 4013 1401 4059 ut
1417 4004 1619 4074 optime
1636 4014 1693 4058 tu
1710 4018 1926 4074 quoque

2034 4011 2180 4063 οὐδὲν
2225 4012 2388 4081 ῥητὸν
2430 4014 2646 4084 ἔχομεν,
2680 4017 2755 4080 ὡς
2802 4022 2895 4072 καὶ
2949 4021 3109 4085 αὐτὸς
3138 4020 3313 4089 οἶδας,
3342 4027 3391 4078 εί
3428 4028 3504 4096 μή
3540 4004 3600 4082 ab

363 4101 529 4165 nosti,
555 4108 782 4168 excepta
804 4097 1077 4173 sententia
1103 4096 1420 4152 Damasccni
1448 4096 1545 4165 (2),
1576 4110 1695 4164 quae
1723 4095 1884 4150 habet
1907 4110 1923 4148 :

2029 4102 2122 4155 τοῦ
2162 4104 2524 4174 Δαμασκηνοῦ
2565 4107 2726 4175 μόνον
2762 4109 2824 4161 τὸ
2850 4110 3033 4178 λέγον,
3090 4114 3315 4184 Πνεῦμα
3340 4117 3471 4171 Υἱοῦ
3494 4095 3593 4171 7λέ-

362 4191 627 4261 Spiritum
675 4188 798 4244 Filii
835 4189 1092 4250 dicimus,
1128 4202 1196 4241 ex
1224 4187 1363 4241 Filio
1399 4195 1581 4240 autem
1615 4201 1723 4240 non
1785 4186 1927 4240 dici-

2034 4210 2217 4263 γομεν,
2243 4195 2299 4261 ἐξ
2328 4196 2457 4249 Υίοῦ
2486 4197 2542 4249 δὲ
2569 4199 2627 4250 οὺ
2677 4199 2934 4271 λέγομεν.
2983 4203 3108 4267 Τοῖς
3138 4204 3196 4256 δέ
3234 4207 3418 4271 ἄλλοις
3460 4210 3600 4263 πᾶσι

362 4297 505 4336 mus.
533 4281 669 4336 Aliis
699 4294 831 4336 vero
862 4278 1115 4333 erunibus
1149 4277 1308 4332 dictis
1338 4277 1443 4330 hoc
1476 4283 1685 4330 tantum
1733 4283 1924 4331 osten-

2034 4289 2216 4357 ῥητοῖς
2273 4288 2432 4342 τοῦτο
2487 4290 2759 4346 δείκνυται
2799 4296 2981 4361 μόνον,
3028 4297 3110 4349 ὅτι
3162 4300 3221 4352 τὸ
3260 4300 3487 4371 Πνεῦμα
3533 4303 3594 4356 τὸ

362 4371 530 4435 ditur,
575 4369 838 4437 Spiritum
866 4375 1115 4422 sanctum
1153 4381 1220 4420 ex
1254 4367 1414 4419 Patre
1457 4364 1779 4434 procedere,
1818 4380 1928 4420 non

2032 4378 2187 4445 ἆγιον
2221 4381 2283 4431 ἐκ
2307 4380 2517 4451 Πατρὸς
2563 4384 2942 4453 ἐκπορεύεται,
2980 4387 3079 4456 οὐχ
3116 4389 3199 4441 ὅτι
3247 4391 3311 4443 ἐκ
3334 4392 3427 4445 τοῦ
3462 4392 3592 4447 Υίυῦ

363 4474 545 4517 autem
570 4478 635 4517 ex
665 4461 802 4515 Filio
831 4474 941 4514 non
971 4458 1312 4530 procedere.~
1332 4458 1425 4511 llis
1459 4456 1644 4527 itaque
1694 4458 1927 4527 prolatis

2032 4472 2129 4522 οὐκ
2154 4472 2532 4541 ἐκπορεύεται.
2564 4476 2746 4529 Ταῦτα
2784 4473 2877 4530 οὗν
2905 4480 3073 4547 ἡμεῖς
3107 4485 3597 4553 προσενέγκαντες,

365 4554 689 4625 putabamus
736 4566 834 4607 nos
863 4559 1206 4614 ostensuros,
1252 4548 1443 4602 falsum
1489 4564 1609 4604 esse
1659 4548 1928 4619 Spiritum

2035 4560 2249 4630 ᾠόμεθα
2277 4563 2660 4634 stigmosum;
2702 4563 2843 4621 εῖναι
2871 4570 2932 4623 τδ
2961 4571 3027 4623 ἐκ
3052 4548 3303 4627 coortos
3341 4548 3402 4629 ei
3434 4548 3601 4633 ονεῡζ

364 4657 614 4702 sanctum
644 4660 707 4698 ex
738 4643 877 4698 Filio
906 4641 1227 4713 procedere.
1644 4698 1659 4711 ,

1644 4698 1659 4711 ,
2036 4669 2110 4721 μα
2138 4652 2197 4704 τὸ
2229 4656 2385 4723 ἅγιον
2422 4645 2850 4728 ἐκπορεύεσθαι.

434 4737 613 4793 Latini
632 4751 761 4791 vero
780 4736 847 4790 ad
871 4735 986 4790 haec
1003 4735 1187 4789 omnia
1223 4734 1365 4790 dicta
1392 4743 1734 4801 sanctorum,
1758 4751 1927 4791 unum

2102 4740 2321 4793 Λατῖνοι
2352 4742 2407 4793 δὲ
2436 4743 2570 4811 πρὸς
2595 4744 2769 4800 ταῦτα
2797 4748 2898 4815 μὲν
2927 4749 2997 4803 τὰ
3030 4752 3169 4821 ρητά
3194 4753 3372 4807 πάντα
3408 4754 3466 4806 ἓν
3499 4754 3592 4808 καὶ

362 4840 417 4886 et
446 4828 576 4885 illud
606 4841 895 4883 commune
927 4826 1200 4881 dederunt
1226 4841 1567 4895 responsum,
1604 4828 1786 4880 omnia
1808 4843 1928 4884 esse

2032 4832 2207 4883 κοινὸν
2252 4833 2652 4903 ἀπεκρίθησαν,
2729 4837 2803 4900 ὼς
2833 4841 3012 4893 πάντα
3069 4844 3209 4897 εἰσιν
3260 4843 3459 4915 ἀληθῆ,
3497 4847 3593 4899 καὶ¹

362 4935 513 4984 vera,
538 4918 751 4987 sibique
786 4916 892 4970 hoc
922 4914 1067 4968 idem
1111 4914 1307 4980 videri,
1347 4915 1392 4969 si
1447 4913 1668 4983 quidem
1697 4918 1928 4969 credunt

2033 4920 2176 4972 δοκεῖ
2215 4925 2310 4975 καὶ
2337 4926 2523 4989 αὐτοῖς
2545 4942 2558 4957 ο
2597 4929 2693 4981 καὶ
2723 4929 2829 5000 γὰρ
2863 4932 3183 4987 πιστεύουσι
3224 4936 3318 4989 καὶ
3356 4938 3513 4991 αὐτοὶ
3537 4938 3599 4991 to

363 5013 550 5082 etipsi
584 5012 848 5082 Spiritum
878 5017 1129 5063 sanctum
1175 5024 1242 5062 ex
1284 5009 1441 5062 Patre
1478 5010 1777 5079 procedere
1810 5029 1824 5077 ;
1876 5011 1926 5065 id

2034 5014 2254 5084 Πνεῦμα
2301 5017 2363 5068 τὸ
2392 5018 2547 5085 ἆγιον
2583 5022 2646 5072 ἐκ
2698 5023 2915 5093 Πατρὸς
2950 5026 3344 5096 ἐκπορεύεσθαι
3370 5046 3385 5063 ο
3437 5032 3598 5084 τοῦτο

365 5115 545 5158 tamen
575 5119 681 5156 non
708 5117 830 5179 esse
859 5100 1193 5156 contrarium
1224 5114 1325 5154 suo
1357 5101 1617 5168 dogmati.
1648 5102 1761 5156 lloc
1782 5104 1927 5157 enim

2034 5106 2213 5173 μέντοι
2248 5124 2311 5175 γε
2340 5109 2440 5162 οὐκ
2472 5114 2809 5166 ἐναντιοῦται
2866 5116 2943 5185 τῷ
3001 5119 3182 5174 αὐτῶν
3210 5119 3465 5190 δόγματι.
3519 5124 3596 5176 Τὸ

362 5196 506 5267 quod
541 5203 625 5249 cst
653 5209 718 5249 ex
770 5194 928 5248 Patre
959 5191 1276 5261 procedere,
1322 5206 1502 5261 neque
1554 5195 1927 5248 contradicto-

2032 5198 2140 5267 γὰρ
2167 5200 2230 5251 ἐκ
2256 5201 2465 5272 Πατρὺς
2494 5206 2888 5275 ἐκπορεύεσθαι
2911 5208 3037 5264 οὔτε
3068 5212 3449 5282 ἁντιφατικδν,
3470 5214 3595 5269 οὔτε

361 5289 526 5353 rium,
587 5300 767 5357 neque
807 5283 1142 5340 contrarium
1188 5293 1271 5337 est
1310 5283 1491 5349 alteri,
1542 5286 1687 5353 quod
1732 5296 1816 5342 est
1861 5302 1927 5340 cx

2030 5287 2267 5343 ἐναντίον
2291 5294 2405 5345 ἐστὶ
2437 5295 2516 5364 τῷ
2538 5299 2600 5349 ἐκ
2623 5298 2720 5359 τοῦ,
2748 5299 2877 5353 Υίοῦ
2912 5303 3338 5373 ἐκπορεύεσθαι.
3392 5310 3454 5361 Εἰ
3490 5311 3594 5378 γὰρ

359 5380 496 5435 Filio
525 5378 839 5449 procedere.
868 5376 922 5430 Si
947 5376 1093 5429 enim
1121 5376 1312 5433 horum
1349 5376 1579 5429 alterum
1608 5388 1774 5440 esset,
1798 5387 1925 5431 tunc

2029 5380 2232 5433 τούτων
2289 5382 2515 5457 θάτερον
2574 5384 2664 5458 ἦν,
2720 5391 2863 5456 τότε,
2916 5394 3010 5445 τοῦ
3051 5395 3174 5459 ἐνὸς
3213 5398 3501 5467 ῥηθέντος,
3535 5404 3595 5454 τὸ

362 5487 474 5525 uno
516 5470 802 5535 allirmato,
852 5467 1086 5522 alterum
1138 5465 1253 5519 tolli
1288 5480 1510 5519 necesse
1566 5477 1736 5523 esset.
1772 5468 1928 5523 Nunc

2033 5472 2220 5543 ἕτερον
2251 5476 2508 5549 ἀνῃρεῖτο
2537 5480 2594 5545 ἐξ
2625 5483 2891 5553 ἀνάγκης.
2948 5485 3060 5539 Νῦν
3084 5488 3147 5540 δέ
3186 5465 3343 5544 οὐδὲν
3395 5492 3596 5546 κωλύει

361 5580 491 5619 vero
532 5563 668 5618 nihil
694 5562 894 5626 obstat,
927 5558 1218 5629 quominus
1265 5568 1319 5612 et
1372 5558 1525 5624 illud,
1552 5559 1694 5627 quod
1729 5570 1811 5614 est
1862 5576 1927 5614 ex

2032 5565 2126 5616 καὶ
2157 5564 2215 5617 τὸ
2239 5567 2301 5619 ἐκ
2336 5568 2427 5620 τοῦ
2456 5570 2668 5639 Πατρός
2718 5577 3114 5646 ἐκπορεύεσθαι
3174 5582 3373 5651 ἀληθὲς
3413 5582 3551 5637 εἶναι
3579 5627 3594 5649 ,

434 5679 507 5747 (l)
542 5678 715 5732 Pestis
753 5674 1255 5747 cmperatgrassari
1286 5673 1575 5747 Ferrarite,
1602 5673 1725 5727 ideo
1753 5685 1929 5747 trans-
2033 5677 2247 5732 ultima.

364 5742 601 5809 iat'a'cst
652 5749 909 5817 synodus.
950 5742 1081 5797 Vide
1117 5742 1284 5795 Couc.
1340 5743 1482 5796 Flor.
1519 5760 1655 5800 sess.
1718 5744 1799 5807 15,
1870 5756 1925 5799 et
2104 5748 2177 5818 (ἓ)
2204 5748 2319 5802 Lib.
2358 5767 2373 5805 ι
2406 5752 2483 5806 De
2507 5754 2612 5821 ﬁde
2645 5758 2873 5823 ort/zod.,
2905 5776 3026 5831 cap.
3052 5763 3084 5818 8
3113 5764 3168 5819 in
3200 5766 3369 5824 calce.
