3966 6218
466 395 573 460 857

1387 396 1482 457 DE
1526 392 2052 455 PROCESQIONE
2095 394 2457 455 SPIRITUS
2501 394 2786 455 SANtZTI.
2845 385 2849 399 ’

3586 395 3691 454 358

465 508 562 559 καὶ
598 506 659 558 10
691 503 751 569 ἐξ
820 504 943 560 ΐίοῦ
979 505 1178 571 ἀληθές
1205 522 1218 536 ο
1284 505 1474 578 ὥσπερ
1513 509 1608 561 ὲὰν
1664 509 1930 578 εἴπωμεν,
1969 507 2028 560 τὸ

2152 507 2290 561 ὀυ-ο
2324 507 2640 577 procedere,
2674 519 2861 560 verum
2891 504 2998 568 sit;
3043 512 3098 559 et
3143 501 3275 558 illud
3321 504 3465 573 quod
3508 513 3593 559 est
3626 519 3691 557 ex

467 597 695 666 Πνεῦμα
710 597 772 649 τὸ
787 597 942 665 ἆγιον
964 597 1283 668 πέμπεσθαι
1312 599 1375 651 ὲκ
1401 599 1494 651 τοῦ
1528 599 1764 670 ΙΙατρδς,
1787 599 1942 660 ἄλλος
1968 598 2026 650 δέ

464 688 547 750 τίς
575 705 733 759 φησι,
753 689 813 740 10
838 687 1061 758 Πνεῦμα
1088 687 1402 757 πέμπεσθαι
1426 690 1490 743 ὲκ
1511 691 1722 761 Πατρδς
1746 692 1840 745 καὶ
1871 690 2027 744 Υίοῦ.

467 779 576 831 Καὶ
607 779 898 848 ἀμφότερά
924 781 1065 832 είσιν
1096 779 1297 850 ἀληθῆ,
1346 781 1440 835 καὶ
1466 781 1526 834 06
1563 781 1796 852 μάχεται
1816 781 2031 852 θατέρῳ

465 869 527 922 τὸ
549 869 760 932 ἕτερον.
787 870 852 922 Et
886 869 988 939 μὲν
1014 869 1108 923 οὖν
1133 869 1183 923 οἱ
1215 871 1362 938 ἆγιοι
1389 871 1578 940 ελεγον
1604 874 1670 926 ὲκ
1689 873 1783 925 τοῦ
1817 873 2030 942 Πατρδς

469 961 631 1030 μόνου
666 959 1067 1028 ἐκπορεύεσθαι
1100 959 1163 1014 τδ
1205 959 1452 1030 Πνεῦμα,
1485 960 1519 1031 ἦ
1567 961 1649 1016 ὅτι
1685 963 1747 1014 ὲκ
1772 961 1864 1014 τοῦ
1899 961 2030 1016 Υἱοῦ

464 1052 564 1104 οὑκ
589 1050 976 1122 ἐκπορεύεται,
1003 1046 1152 1122 εἶχεν
1181 1050 1248 1106 ἃν
1267 1050 1446 1120 λόγον,
1482 1053 1663 1121 λέγειν
1688 1053 1720 1123 ἡ
1735 1057 1840 1123 μᾶς
1878 1055 2033 1120 δοξά-

467 1144 581 1208 ζειν
599 1146 815 1215 ψεῦδος·
849 1150 970 1202 ἐπεὶ
991 1149 1048 1202 δὲ
1075 1148 1284 1204 τούτων
1307 1150 1591 1221 οὐδέτερον
1610 1151 1790 1216 οὐδεὶς
1814 1153 2029 1206 οὐδέπω

467 1241 562 1291 καὶ
592 1239 688 1291 νῦν
714 1241 926 1311 είρηκε,
975 1241 1037 1294 τδ
1064 1243 1128 1296 ἐκ
1157 1241 1253 1296 τοῦ
1296 1241 1509 1313 Πατρδς
1559 1242 1815 1312 λέγεσθαι
1865 1245 2030 1296 ἐκπο-

469 1328 748 1397 ρεύεσθαι,
805 1331 906 1384 οὐκ
955 1332 1173 1403 ἀναιρεῖ
1219 1333 1280 1388 10
1317 1334 1382 1386 ὲκ
1433 1332 1532 1386 τοῦ
1561 1333 1694 1387 Υίοῦ
1734 1333 2032 1404 ἐκπορεύε-

468 1418 614 1473 σθαι.

541 1507 729 1560 Ταῦτα
754 1509 854 1578 μὲν
884 1509 1026 1579 πρὸς
1056 1510 1126 1564 τὰ
1161 1511 1412 1582 ἡμέτερα
1443 1514 1584 1584 ῥητὰ
1615 1513 2027 1584 ἀπεκρίθησαν·

471 1597 608 1665 πρὸς
652 1597 707 1649 δὲ
730 1597 791 1649 τὸ
817 1596 913 1650 106
944 1600 1332 1670 Δαμασκηνοῦ,
1363 1602 1485 1655 ἐπεὶ
1526 1603 1662 1672 μηδὲ
1697 1603 1865 1673 ἡμεῖς
1897 1601 2030 1654 0610

471 1691 905 1759 προετείναμεν,
963 1692 1084 1746 οὐδὲ
1133 1694 1334 1746 ἐκεῖνοι
1382 1695 1800 1766 ἀπεκρίθησαν·
1838 1693 1948 1764 ἐγὼ
1975 1695 2032 1747 δὲ

470 1782 567 1831 καὶ
599 1778 697 1848 τὴν
720 1779 913 1834 τούτου
947 1778 1102 1833 λύσιν
1142 1780 1374 1850 ὕστερόν
1405 1800 1488 1836 σοι
1531 1784 1854 1854 χαρίσομαι.

545 1947 778 2016 Ἔπειτα
804 1962 862 2016 δὲ
898 1963 1098 2016 ἐκείνοι
1152 1961 1210 2031 ἐξ
1261 1962 1429 2036 ἄλλης
1481 1966 1655 2036 ἀρχῆς
1707 1965 2030 2036 ἀρξάμενοι,

472 2049 626 2108 εἷπον
652 2054 826 2108 πολλὰ
855 2057 949 2108 καὶ
968 2055 1199 2124 διάφορα
1218 2056 1276 2109 ὲν
1299 2055 1547 2110 πλείοσιν
1573 2056 1810 2127 ἡμέραις
1837 2057 2034 2127 ἐφεξῆς

474 2149 904 2218 ἐπιχειρήματα,
961 2147 1068 2200 ἀπὸ
1109 2150 1209 2218 τῆς
1249 2147 1400 2212 θείας
1429 2149 1654 2218 Γραφῆς
1695 2149 2032 2218 ὁρμώμενοι,

473 2239 727 2293 κάκεῖθεν
785 2239 895 2294 τῶν
941 2240 1244 2293 ιλαττόνων
1274 2239 1636 2311 εὐποροῦντες
1689 2240 2032 2309 προτάσεων,

471 2331 780 2397 δεικνύντα,
810 2332 870 2385 10
898 2332 1123 2403 Πνεῦμα
1148 2333 1208 2386 10
1241 2333 1396 2401 ἆγιον
1431 2335 1494 2386 ὲκ
1530 2333 1742 2403 Πατρὸς
1775 2331 1870 2384 καὶ
1901 2330 2032 2382 Υίοῦ

473 2421 890 2493 ἐκπορεύεσθαι.

543 2518 866 2572 Τελευταίον
887 2516 945 2570 δὲ
974 2513 1072 2578 τὰς
1101 2516 1292 2586 ῥήσεις
1339 2515 1450 2568 τῶν
1482 2514 1746 2585 Πατέρων
1799 2516 2037 2584 ἐπήνεγ-

473 2626 602 2675 καν,
626 2603 712 2672 αἷς
741 2606 926 2677 σαφῶς
959 2623 1018 2659 τε
1071 2606 1167 2659 καὶ
1218 2605 1520 2677 διαρρήδην
1568 2608 1601 2676 ή
1637 2604 1733 2658 τοῦ
1767 2605 2038 2674 δόγματος

473 2701 668 2754 τούτου
698 2698 924 2767 ἀλήθεια
958 2697 1235 2766 φαίνεται.
1271 2697 1606 2768 Παρήγαγον
1631 2697 1688 2750 δὲ
1717 2699 1778 2750 06
1806 2698 2040 2754 δυτικῶν

480 2793 660 2862 μόνον,
694 2791 810 2846 ἀλλ’
830 2789 979 2844 οὐδὲν
999 2786 1164 2862 ἦττον
1191 2791 1284 2843 καὶ
1305 2789 1640 2844 ἀνατολικῶν
1672 2790 2038 2849 διδασκάλων.

2133 598 2270 654 Filio
2293 636 2308 662 ,
2337 613 2549 654 verum.
2580 598 2761 654 Veluti
2806 597 2853 651 si
2877 596 3122 655 dicamus
3148 595 3411 665 Spiritum
3441 604 3690 649 sanctum

2132 690 2273 744 mitti
2309 705 2340 743 a
2379 690 2559 754 Patre,
2599 672 2893 743 alius'vero
2922 685 3194 756 quispiam
3224 684 3394 753 dicat,
3422 685 3691 756 Spiritum

2131 782 2268 838 mitti
2299 798 2366 838 ex
2398 782 2556 836 Patre
2584 789 2638 836 et
2678 780 2815 836 Filio
2841 797 2856 846 ;
2881 789 2937 835 et
2967 781 3127 834 ambo
3165 787 3297 834 sunt
3337 792 3492 845 vera,
3529 787 3585 834 et
3617 779 3696 832 al-
3774 805 3780 846 ς

2132 883 2309 929 terum
2355 874 2510 927 alteri
2574 873 2799 928 minime
2855 880 3142 942 repugnat.
3184 869 3242 926 Si
3305 870 3469 940 igitur
3523 871 3696 925 sancti
3771 857 3783 913 ί

2131 965 2375 1021 dicerent
2405 964 2669 1034 Spiritum
2710 979 2776 1018 ex
2800 963 2957 1018 Patre
3001 964 3117 1018 solo
3164 963 3482 1032 procedere,
3519 963 3602 1017 Vel
3631 978 3698 1018 ex
3748 984 3776 1014 at

2133 1056 2269 1111 Filio
2298 1072 2406 1111 non
2434 1054 2752 1125 procedere,
2782 1070 2890 1109 non
2916 1065 3061 1110 esset
3091 1056 3289 1109 mirum
3324 1044 3529 1119 dicere,
3548 1052 3699 1124 ipsos

2132 1147 2342 1216 opinari
2374 1147 2593 1202 falsum.
2627 1147 2825 1201 Verum
2869 1159 2992 1199 cum
3019 1145 3214 1199 borum
3252 1154 3506 1198 neutrum
3531 1159 3696 1198 nemo

2135 1250 2374 1306 unquam
2399 1237 2577 1290 adhuc
2628 1234 2864 1300 dixerit,
2905 1234 3038 1289 illud
3096 1233 3239 1303 quod
3289 1241 3375 1288 est
3418 1248 3483 1288 ex
3537 1233 3701 1287 Patre

2131 1327 2452 1401 procedere,
2502 1343 2610 1382 non
2639 1327 2779 1381 tollit
2810 1328 3045 1382 alterum
3075 1365 3090 1392 ,
3121 1324 3266 1395 quod
3318 1335 3401 1380 est
3444 1338 3511 1377 ex
3558 1323 3698 1378 Filio

2133 1418 2453 1488 procedere.

2205 1505 2329 1561 llazc
2359 1507 2426 1560 ad
2467 1516 2654 1562 nostra
2700 1507 2842 1561 dicta
2871 1505 3305 1576 responderunt.
3349 1502 3432 1560 Ad
3472 1513 3703 1561 senten-

2137 1599 2265 1651 tiam
2317 1613 2448 1652 vero
2493 1599 2835 1664 Damasceni,
2895 1598 3119 1668 quando
3155 1606 3212 1653 et
3250 1611 3353 1652 nos
3397 1596 3544 1652 illam
3589 1610 3702 1650 non

2135 1689 2520 1758 produximus,
2566 1705 2747 1759 neque
2803 1689 2881 1744 illi
2929 1691 3230 1760 quidquam
3275 1689 3702 1760 responderunt.

2136 1778 2250 1850 Ego
2279 1796 2411 1835 vero
2447 1779 2542 1835 tibi
2579 1790 2769 1851 postea
2806 1789 2864 1836 et
2897 1781 2952 1835 in
2983 1781 3153 1850 hujus
3200 1781 3474 1836 solutione
3504 1779 3701 1835 faciam

2135 1869 2294 1926 Satis.

2206 1964 2408 2022 Deinde
2442 1983 2574 2022 vero
2605 1967 2680 2021 illi
2712 1967 2782 2021 ab
2814 1966 2924 2021 alio
2959 1965 3231 2036 principio
3263 1979 3418 2020 sacra
3444 1964 3706 2019 nimirum

2135 2055 2418 2124 Scriptura
2468 2058 2581 2112 nixi
2631 2067 2686 2110 et
2735 2056 2886 2123 freti,
2935 2055 3173 2120 indeque
3227 2053 3385 2124 cepia
3432 2054 3707 2109 minorum

2135 2147 2576 2216 propositionum
2639 2147 3026 2218 abundantes,
3079 2146 3264 2202 exorsi
3321 2155 3452 2202 sunt
3519 2146 3709 2200 dicere

2137 2235 2396 2307 deinceps
2434 2255 2530 2307 per
2549 2240 2748 2294 multos
2773 2240 2891 2294 dies
2920 2239 3088 2294 multa
3112 2249 3170 2293 et
3195 2239 3347 2293 varia
3363 2248 3710 2308 argumenta,

2137 2328 2480 2382 ostendentia
2525 2327 2792 2398 Spiritum
2839 2337 3090 2383 sanctum
3137 2344 3204 2381 ex
3251 2327 3411 2382 Patre
3460 2327 3709 2397 Filioque

2138 2418 2458 2488 procedere.

2209 2511 2493 2566 Postremo
2517 2511 2684 2566 etiam
2716 2510 3079 2565 auctoritates
3110 2510 3335 2565 Patrum
3377 2511 3705 2579 attulerunt,

2144 2599 2349 2671 quibus
2380 2602 2673 2676 manifeste
2705 2617 2769 2656 ac
2790 2603 3099 2658 luculenter
3122 2601 3286 2672 hujus
3315 2601 3589 2672 dogmatis
3619 2618 3710 2658 ve—

2148 2693 2284 2750 ritas
2315 2681 2730 2765 comprobatur.
2775 2695 3140 2751 Protulerunt
3165 2705 3351 2751 autem
3392 2711 3503 2751 non
3530 2696 3708 2752 solum

2141 2789 2607 2857 Occidentalium,
2627 2807 2819 2847 verum
2835 2792 3001 2848 etiam
3018 2793 3306 2850 doctorum
3325 2792 3708 2848 Orientalium.

475 2878 576 2940 Ὠν
609 2901 750 2949 τινα,
779 2884 878 2937 ὅσα
911 2898 1003 2953 μοι
1039 2881 1446 2953 ἀναγκαιότερα
1492 2881 1662 2946 ἔδοξε,
1696 2884 1796 2936 σὺν
1827 2884 2042 2950 τούτοις

2152 2881 2388 2950 Quarum
2415 2883 2647 2954 aliquas,
2667 2899 3013 2954 quaecunque
3037 2886 3172 2940 mihi
3198 2886 3369 2956 magis
3387 2887 3713 2942 necessariae

479 2989 562 3026 σοι
580 2971 746 3026 τανῦν
775 2971 1152 3042 πέπομφα,ῶς
1183 2971 1250 3026 ἂν
1279 2972 1374 3025 καὶ
1403 2972 1604 3034 αὐτοὺς
1632 2973 1760 3037 τοὺς
1790 2973 2042 3039 δυτικοὺς

2152 2977 2276 3031 visa:
2314 2984 2464 3041 sunt,
2512 2991 2618 3030 una
2666 2991 2790 3056 cum
2836 2976 2990 3032 hisee
3038 2977 3136 3032 tibi
3170 2978 3328 3044 misi,
3363 2986 3422 3031 ut
3461 2987 3518 3032 et
3566 2978 3714 3048 ipsos

478 3065 718 3138 ἀκούσῃς
747 3064 998 3135 Πατέρας
1030 3064 1084 3116 τί
1119 3064 1248 3133 περὶ
1294 3065 1485 3117 τούτου
1522 3065 1783 3135 φρονοῦσί
1835 3083 1896 3120 τε
1949 3065 2042 3120 καὶ

2152 3065 2534 3125 Occidentales
2567 3053 2764 3123 audias
2816 3069 3032 3132 Patres,
3071 3069 3202 3138 quid
3248 3070 3327 3124 nn
3369 3070 3436 3125 de
3478 3069 3583 3125 hoc
3613 3070 3713 3124 du-

479 3157 816 3211 διδάσκουσι.
860 3155 1004 3224 Πρὸς
1057 3155 1200 3224 ἆπερ
1275 3156 1440 3224 ἡμεῖς
1496 3156 1797 3225 ἀπολογίαν
1864 3159 2040 3211 εἰπεῖν

2152 3166 2329 3230 gmate
2363 3159 2581 3228 sapiant
2605 3167 2660 3214 et
2693 3159 2946 3214 doceant.
2983 3158 3063 3213 Ad
3100 3175 3236 3229 quas
3260 3175 3362 3214 nos
3391 3174 3711 3229 responsum

479 3249 701 3318 εἴχομεν
727 3245 1006 3316 οὐδεμίαν,
1039 3245 1073 3315 ἢ
1107 3247 1188 3299 ὅτι
1209 3244 1340 3298 νόθα
1369 3245 1500 3309 εἰσὶ,
1530 3246 1628 3301 καὶ
1658 3247 1762 3300 ὑπὸ
1789 3247 2038 3302 Λατίνων

479 3339 810 3394 νενόθευται.
860 3336 1194 3407 Παρήγαγον
1248 3336 1344 3389 τὸν
1393 3337 1669 3407 ἡμέτερον
1717 3338 2043 3405 Ἐπιφάνιον

481 3433 541 3486 ὲν
566 3431 780 3493 πολλοῖς
809 3428 994 3490 τόποις
1023 3425 1211 3496 σαφῶς
1237 3427 1300 3480 ὲκ
1350 3429 1582 3499 Πατρὸς,
1617 3431 1710 3482 καὶ
1753 3431 1884 3484 Υίοῦ
1927 3431 2044 3485 οεο-

481 3524 744 3592 λογοῦντα
765 3521 824 3574 τὺ
845 3521 1091 3589 Πνεῦμα.
1119 3520 1266 3573 Νόοα
1293 3521 1552 3591 ἐλέγομεν
1583 3516 1745 3576 εἶναι.
1777 3524 2046 3592 ’Δνέγνων

481 3616 544 3668 10
575 3614 972 3687 προειρημένον
995 3618 1052 3668 ὲν
1074 3617 1184 3676 τοῖς
1211 3613 1334 3668 κατ’
1377 3609 1647 3680 Εύνομίου
1671 3609 1765 3662 τοῦ
1803 3611 2042 3680 μεγάλου

488 3703 774 3760 Βασιλείου
802 3705 966 3777 ῥητόν
987 3721 1002 3736 ⁸
1044 3704 1472 3774 παρέγγραπτον
1510 3695 1656 3754 εἶναι
1680 3699 1854 3752 ἐδόκει
1889 3701 2042 3770 ἡμῖν.

489 3799 868 3867 Προεκόμισαν
898 3797 968 3848 τὰ
1000 3795 1109 3849 τῶν
1135 3794 1194 3860 ἐξ
1221 3794 1460 3862 ἑσπέρας
1494 3791 1686 3860 ἁγίων
1721 3791 2046 3860 πᾶσαήμῶν

487 3888 752 3956 ἀπολογία
787 3887 848 3942 τδ
865 3888 1039 3951 νόθον,
1072 3887 1165 3940 καὶ
1217 3885 1371 3938 οὐδὲν
1399 3883 1591 3953 ἕτερον
1620 3878 1711 3953 ἧν.
1765 3883 1891 3936 Ἐπὶ
1921 3883 2050 3936 πολ-

485 3981 581 4044 λὰς
610 3977 706 4034 οὖν
739 3980 950 4050 ἡμέρας
977 3976 1338 4046 σκεπτόμενοι
1385 3975 1510 4029 καθ’
1546 3975 1772 4037 ἑαυτοὺς
1797 3974 1889 4025 καὶ
1921 3975 2046 4044 pauc

484 4075 788 4144 λευόμενοι,
810 4086 864 4125 τι
911 4073 978 4125 ἂν
1013 4070 1150 4139 πρὸς
1201 4069 1376 4122 ταῦτα
1409 4065 1867 4136 ἀποκριθείημεν,
1899 4068 2048 4120 060‘s-

487 4170 621 4239 μίαν
643 4169 972 4238 εὑρίσκομεν
999 4166 1298 4234 ἀπολογίαν
1324 4164 1358 4234 ἢ
1383 4165 1609 4234 ταύτην.
1636 4163 1854 4233 Ταύτην
1882 4163 1938 4217 δὲ
1960 4157 2048 4229 αὖ,

487 4263 561 4324 ὼς
617 4261 810 4329 ἄλογον
847 4261 1011 4321 πάνυ,
1061 4259 1454 4329 προσενεγκεῖν
1487 4256 1586 4308 οὐκ
1636 4255 1812 4308 ἐδόκει
1862 4253 2048 4306 καλόν.

490 4353 712 4424 Πρῶτον
754 4353 852 4420 μὲν
880 4352 960 4402 ὅτι
987 4349 1048 4402 ἔκ
1077 4365 1136 4400 τε
1167 4347 1274 4400 τῶν
1303 4347 1584 4416 ἑπομένων
1610 4346 1703 4398 καὶ
1734 4343 2052 4413 ἡγουμένων

487 4445 625 4510 αῦτη
661 4443 842 4514 ήδόξα
867 4442 1119 4510 ἐφαίνετο
1141 4441 1239 4508 τῆς
1273 4437 1383 4491 τῶν
1412 4437 1583 4504 ἁγίων
1622 4432 1759 4489 οὖσα
1789 4435 2048 4496 διανοίας·

2144 3250 2357 3305 nullum
2389 3250 2746 3316 habebamus,
2775 3250 2920 3319 quod
2949 3250 3228 3319 daremus,
3248 3251 3352 3306 nisi
3387 3251 3531 3322 quod
3559 3251 3716 3305 adul-

2147 3343 2339 3397 terinae
2369 3352 2574 3408 essent,
2603 3353 2659 3398 et
2689 3359 2718 3397 a
2758 3343 2969 3397 Latinis
3002 3355 3295 3415 corruptae.
3329 3344 3714 3399 Produxerunt

2148 3446 2409 3505 nostrum
2446 3436 2812 3506 Epiphanium
2849 3438 2903 3491 in
2945 3437 3134 3490 multis
3181 3437 3486 3505 theologire
3536 3439 3714 3493 disse.-

2149 3537 2362 3582 rentem
2397 3539 2452 3583 et
2485 3530 2847 3598 explicantem
2881 3545 2946 3583 ex
2974 3528 3132 3583 Patre
3168 3529 3414 3598 Filioque
3445 3529 3712 3600 Spiritum

2149 3629 2448 3677 sanctum:
2500 3621 2810 3676 adulterina
2861 3623 2981 3691 ejus
3029 3623 3148 3676 loca
3204 3638 3323 3678 esse
3364 3623 3711 3692 dicebamus;

2148 3711 2398 3781 legerunt
2443 3712 2758 3781 praedictam
2802 3714 3137 3768 sententiam
3191 3715 3371 3784 magni
3421 3714 3607 3770 Basilii
3658 3719 3714 3770 in

2150 3801 2304 3856 libris
2334 3801 2597 3857 adversus
2629 3801 2957 3858 Eunomium
2993 3819 3007 3856 :
3037 3802 3343 3873 ascriptitia
3371 3814 3427 3858 et
3457 3819 3564 3860 non
3596 3821 3716 3876 ger-

2153 3906 2310 3960 mana
2347 3906 2470 3948 esse
2500 3894 2659 3960 nobis
2678 3894 2995 3948 videbatur.
3023 3895 3391 3950 Adduxerunt
3418 3897 3565 3952 dicta
3592 3915 3714 3952 san-

2151 3993 2367 4037 ctorum
2396 3983 2856 4049 Occidentalium,
2903 3994 3014 4039 tota
3053 3997 3242 4041 nostra
3282 3988 3544 4057 Apologia
3581 3990 3717 4046 illud

2152 4082 2209 4124 et
2263 4073 2398 4126 nihil
2445 4072 2591 4126 aliud
2647 4083 2790 4137 erat,
2831 4073 3144 4128 adulterina
3189 4091 3332 4132 esse.
3376 4079 3480 4132 Per
3515 4080 3718 4135 multos

2154 4167 2319 4236 igitur
2371 4165 2488 4219 dies
2539 4180 2785 4220 seorsum
2837 4167 3278 4232 considerantes,
3325 4181 3382 4223 et
3423 4187 3524 4226 nos
3569 4173 3719 4242 ipsos

2155 4256 2530 4320 consulentes,
2575 4255 2704 4325 quid
2737 4257 2804 4310 ad
2835 4257 2954 4312 haec
2994 4259 3478 4328 responderemus,
3522 4274 3721 4332 praeter

2159 4349 2260 4401 hoc
2299 4349 2508 4402 nullum
2567 4349 2988 4404 inveniebamus
3030 4366 3381 4421 responsum.
3429 4351 3543 4408 lloc
3588 4369 3720 4408 vero

2161 4455 2352 4495 rursus
2381 4450 2635 4510 tanquam
2667 4443 2823 4496 valde
2850 4443 3149 4496 absurdum
3181 4443 3453 4512 proferre,
3482 4461 3593 4501 non
3624 4446 3722 4501 bo-

489 4535 679 4588 ἔπειτα
742 4533 1010 4586 πλείστων
1068 4530 1290 4602 βιϐλίων
1336 4529 1432 4582 καὶ⁵
1470 4527 1852 4580 παλαιοτάτων
1906 4526 2042 4578 1061‘

2156 4547 2287 4585 num
2328 4531 2490 4586 nobis
2525 4546 2647 4586 esse
2678 4531 2988 4585 videbatur.
3027 4530 3268 4586 Primum
3306 4534 3553 4604 quidem,
3595 4552 3723 4605 pro-

491 4628 746 4698 ὲχόντων,
773 4625 875 4678 οὐκ
916 4620 982 4692 ἦν
1019 4621 1159 4676 αὐτὰ
1210 4619 1710 4692 παραγράψασθαι.
1755 4617 1965 4680 Ἀλλως
1993 4633 2052 4669 τε

489 4722 588 4773 καὶ
621 4719 787 4788 μηδὲν
809 4718 988 4771 αὐτῶν
1015 4715 1224 4786 βιὸλίυν
1250 4755 1265 4780 ,
1318 4714 1416 4784 οὐχ
1461 4712 1820 4782 Ἑλληνικῶς,
1853 4712 1912 4764 ού
1947 4711 2057 4764 Λα-

489 4811 712 4874 τινικῶς
733 4809 1126 4881 γεγραμμένον
1160 4807 1382 4877 ἔχοντες
1417 4805 1611 4868 δεῖξαι,
1640 4803 1816 4865 ἄλλως
1845 4802 1987 4872 ἕχον,
2020 4802 2054 4872 ἢ

495 4905 568 4966 ὼς
594 4903 813 4956 Λατῖνοι
849 4901 1198 4971 παρήγαγον,
1225 4899 1342 4958 πῶς
1368 4897 1434 4948 ἂν
1461 4895 1699 4961 εὐλόγως
1739 4893 1878 4946 αύτὰ
1919 4908 2060 4960 παρ-

2154 4633 2340 4690 pterea
2375 4621 2519 4690 quod
2551 4637 2619 4676 ex
2658 4622 3131 4692 consequentibus
3183 4633 3240 4677 et
3268 4628 3724 4682 antecedentibus

2157 4713 2322 4783 hujus
2344 4712 2624 4781 opinionis
2663 4723 2902 4766 mentem
2933 4727 3386 4772 sanctorumesse
3414 4718 3724 4774 constabat.

2160 4805 2364 4860 Deinde
2409 4804 2573 4858 etiam
2618 4819 2741 4858 cum
2795 4807 3014 4875 plurimi
3079 4821 3144 4861 ac
3196 4791 3552 4864 vetustissimi
3598 4810 3724 4868 libri

2157 4895 2302 4949 istud
2345 4893 2632 4959 baberent,
2665 4910 2773 4949 non
2822 4906 3144 4964 poteramus
3177 4897 3298 4952 illus
3329 4898 3494 4952 veluti
3523 4899 3722 4968 depra-

493 4994 879 5065 εγραφόμεθας
907 4993 936 5044 ὁ
967 4991 1076 5060 γάρ
1109 5005 1234 5043 τινα
1278 4983 1754 5062 παραγράψασθαι
1805 4983 2042 5053 βοιιλόμε⁴

2167 4997 2326 5039 ratos
2359 4985 2592 5055 rejicerc
2619 4995 2784 5054 atque
2814 4985 3079 5040 refutare.
3115 4983 3425 5042 Praesértitn
3464 5001 3590 5041 eum
3623 5003 3724 5043 nos

494 5104 606 5151 νος,
655 5086 784 5139 ἄνευ
821 5082 1057 5150 εὐλόγων
1126 5082 1222 5134 καὶ
1279 5077 1518 5148 ἰσχυρῶν
1571 5076 1780 5140 αἰτιῶν,
1811 5075 1968 5126 τοῦτο
1999 5075 2059 5125 ού

493 5182 741 5236 δύναται.
780 5178 973 5248 Ἡμεῖς
1002 5174 1194 5236 ἄλλους
1224 5172 1415 5240 ἁγίους
1464 5169 1773 5224 τούναντίον
1802 5168 2062 5234 λέγοντας

493 5274 594 5327 ούκ
645 5272 866 5341 εἴχομεν
899 5267 1118 5330 δεῖξαι·
1155 5264 1284 5326 τοὺς
1328 5263 1524 5323 αὐτοὺς
1576 5261 1826 5323 δυτικοὺς
1885 5260 2060 5322 ἄλλως

493 5365 752 5431 λέγοντας
780 5358 1016 5428 ἀλλαχοῦ
1045 5353 1299 5427 οὐδαμῶς
1344 5352 1768 5420 ἁπεδείκνυμεν.
1805 5351 2059 5411 Φυσικοῖς

491 5457 672 5522 λόγοις
721 5449 1074 5520 παραστῆσαι
1133 5445 1332 5506 αὐτοὺς
1409 5442 1776 5512 ψευδομένους
1839 5443 2054 5492 πάντων

493 5549 715 5600 ἔλαττον
761 5535 1090 5610 ὲδυνᾶμεθα.
1127 5535 1439 5605 Οὐδαμόθεν
1493 5533 1586 5585 οὖν
1622 5531 1842 5599 ξύλογον
1874 5529 2056 5581 αἰτίαν

492 5633 999 5702 καταλελειμμένην
1035 5632 1165 5698 ἡμῖν
1197 5625 1457 5695 ἑωρῶμεν
1479 5640 1492 5653 ·
1549 5623 1638 5676 διὰ
1666 5623 1822 5675 τοῦτο
1851 5623 1940 5674 καὶ
1973 5637 2058 5674 σε-

497 5729 826 5797 σιγήκαμεν.

2168 5078 2377 5131 ηυΙΙυηι
2409 5077 2963 5131 haberemuslibrum
3002 5093 3110 5132 non
3151 5077 3358 5145 Grmce,
3387 5095 3493 5133 non
3535 5078 3726 5134 Latine
3776 5148 3778 5151 ι

2164 5169 2454 5236 scriptum,
2495 5183 2656 5236 quem
2697 5182 2858 5222 secus
2900 5167 3124 5234 habere,
3168 5184 3330 5237 quam
3376 5167 3556 5222 Latini
3597 5184 3726 5236 pro-
3776 5155 3779 5162 ’

2164 5258 2471 5320 duxissent,
2518 5257 2977 5324 ostenderemus;
3019 5259 3114 5326 qui
3145 5257 3260 5312 fieri
3297 5269 3481 5326 posset
3520 5265 3578 5310 ut
3607 5258 3729 5327 jure

2163 5352 2373 5420 Optimo
2419 5366 2608 5404 eorum
2650 5350 2824 5403 libros
2874 5358 3134 5418 tanquam
3175 5349 3397 5403 vitiatos
3447 5347 3730 5416 excipere-

2164 5444 2317 5495 mus?
2351 5442 2512 5495 Certe
2557 5441 2731 5505 enim,
2782 5442 2876 5510 qui
2926 5443 3044 5494 vult
3082 5440 3319 5508 aliquem
3362 5440 3726 5508 proscribere,

2162 5545 2218 5587 et
2271 5543 2331 5587 nt
2375 5534 2623 5586 vitiatum
2681 5545 2846 5603 atque
2883 5541 3204 5601 corruptum
3247 5532 3560 5596 excludere,
3610 5535 3729 5584 sine

2165 5627 2365 5681 debitis
2409 5626 2720 5680 rationibus
2779 5635 2832 5680 et
2884 5625 3055 5679 firmis
3102 5624 3283 5678 causis
3326 5623 3429 5677 hoc
3473 5633 3730 5692 preestare

2166 5718 2392 5772 minime
2457 5727 2654 5787 potest.
2731 5717 2841 5771 Nos
2911 5718 3048 5770 alios
3117 5725 3335 5771 sanctos
3393 5715 3730 5770 contrarium

499 5825 831 5876 atlirtnantes
899 5818 1192 5876 ostendere
1267 5829 1374 5868 non
1436 5820 1786 5881 poteramus;
1857 5810 2076 5866 eosdem
2121 5809 2266 5880 ipsos
2336 5809 2719 5866 Occidentales
2782 5810 2940 5864 aliter
3000 5810 3242 5865 dicentes
3295 5807 3449 5872 alibi,
3506 5809 3729 5861 minime
