3966 6218
194 350 314 421 ⁴3ἰ9

1138 341 1645 403 BESSA-RIONJS
1683 340 1743 402 S.
1780 341 1849 400 Β.
1896 343 1962 402 E.
2007 338 2472 401 CARDLNALIS

3329 334 3429 399 360

203 457 648 523 ostendebamus.
721 452 911 508 Ductis
950 466 994 506 'a
1064 461 1262 506 natura
1308 450 1619 505 ratlonibus
1664 465 1761 505 eos
1823 449 2082 521 deceptos
2143 452 2411 522 probare,
2451 448 2590 505 nihil
2642 447 2827 504 minus
2876 453 3219 518 poteramus.
3276 449 3430 505 Nulla

203 559 372 630 igitur
401 567 467 609 ex
517 557 675 621 parte
701 548 906 630 justam
954 559 1176 601 causam
1211 545 1372 600 nobis
1414 545 1662 599 relictam
1696 544 2038 608 videbamus,
2065 556 2356 616 propterea
2388 554 2444 602 et
2471 544 2869 602 conticuimus.

269 648 524 704 Attamen
569 654 680 712 non
727 638 979 700 deerant,
1022 635 1115 705 qui
1150 644 1209 691 et
1261 635 1370 692 alio
1411 634 1764 690 abundarent
1791 641 1837 696 Α

199 749 489 806 responso.
534 729 798 786 nimirum
837 741 1053 782 errasse
1087 724 1466 781 Occidentales
1524 733 1764 788 sanctos,

199 839 256 884 et
298 827 354 880 in
391 824 496 878 hoc
531 824 790 889 deceptos
836 831 978 874 esse.
1039 816 1156 871 Hoc
1199 824 1384 871 autem
1431 814 1766 870 catholicam

200 917 366 972 tidem
403 910 566 967 nobis
598 917 874 974 evertere,
909 907 1262 962 manifestum
1297 916 1402 962 est.
1431 905 1488 960 Si
1519 904 1668 960 enim
1705 903 1767 957 t'i-

198 1005 297 1063 des
340 1010 522 1058 nostra
567 998 772 1070 pendet
803 1013 831 1052 a
866 997 1098 1061 sanctis,
1132 995 1190 1053 hi
1226 1009 1358 1052 vero
1401 994 1668 1050 falluntur
1709 995 1766 1049 in

199 1094 326 1150 ﬁdei
356 1092 615 1158 veritate,
641 1088 777 1146 ﬁdes
799 1103 994 1144 eversa
1026 1097 1132 1143 est.

161 1208 179 1274 ι
265 1186 563 1255 PrOpterea
614 1181 782 1252 igitur
826 1179 954 1249 jure
1000 1179 1210 1249 optimo
1253 1193 1380 1234 cum
1408 1178 1618 1234 Latinis
1639 1179 1768 1235 sub-

196 1287 383 1335 secuta
416 1285 502 1332 est
530 1283 585 1330 et
613 1271 938 1330 confirmata
971 1272 1266 1327 concordia
1290 1311 1308 1339 ,
1335 1279 1391 1328 et
1420 1286 1611 1328 omnes
1644 1273 1766 1329 abs-

197 1387 304 1443 que
343 1370 454 1425 ulla
498 1368 576 1432 vi,
626 1366 739 1421 Deo
790 1373 959 1430 teste,
1020 1373 1445 1420 consenserunt.
1487 1364 1766 1434 Quotquot

138 1462 143 1468 ’
197 1467 378 1515 autem
423 1454 743 1511 consentire
781 1453 1082 1509 noluerunt
1127 1451 1209 1522 (hi
1244 1466 1375 1506 vero
1406 1451 1538 1515 duo,
1562 1460 1618 1506 et
1651 1467 1763 1505 non

197 1549 430 1620 amplius
464 1531 683 1614 erant),
709 1559 820 1598 non
856 1541 1057 1607 coacti,
1090 1541 1187 1596 sed
1225 1540 1433 1594 domini
1465 1541 1550 1595 sui
1592 1541 1764 1610 ipsius

198 1637 541 1709 propriaeque
564 1633 854 1690 sententia:
884 1639 1288 1686 remanserunt.
1330 1629 1532 1684 Jurene
1554 1644 1616 1684 ac
1651 1644 1763 1684 me—

198 1725 328 1788 rito,
363 1732 419 1777 tu
447 1723 562 1792 ipse
589 1719 889 1788 iudicabis,
915 1725 1208 1787 postquam
1244 1717 1451 1771 videris
1477 1731 1541 1771 ac
1565 1717 1763 1787 legeris

197 1813 551 1869 auctoritates
581 1818 922 1876 sanctorum,
949 1822 1088 1878 quas
1111 1806 1209 1862 tibi
1236 1821 1384 1861 nunc
1420 1806 1600 1862 mitto.
1628 1806 1762 1874 Quis

194 1906 344 1960 enim
384 1904 528 1959 inter
560 1900 906 1959 Christianos
948 1899 1307 1964 constitutus,
1355 1913 1466 1953 non
1501 1898 1636 1954 istos
1672 1913 1760 1954 se-

196 2002 484 2064 queretur,
529 2006 593 2047 ac
645 2001 818 2047 staret
853 2005 980 2046 cum
1025 1997 1171 2045 cmtu
1213 1991 1411 2046 horqu
1449 1992 1756 2059 doctorum,
1793 1969 1836 2026 Β

198 2084 442 2154 itemque
459 2081 810 2138 orientalium
831 2081 854 2135 ?
873 2079 1124 2136 Consona
1140 2081 1288 2136 enim
1316 2080 1552 2137 invicem
1575 2081 1758 2139 dicere

197 2189 424 2230 necesse
458 2182 542 2228 est
569 2187 667 2228 eos
705 2169 1000 2238 arbitrari,
1041 2170 1502 2242 quemadmodum
1536 2171 1593 2227 in
1636 2187 1758 2227 ora-

198 2269 347 2325 tione
377 2282 409 2322 a
440 2280 530 2322 me
568 2266 774 2335 scripta
801 2264 880 2335 (l)
918 2263 1108 2318 multis
1135 2264 1391 2319 ostendo.

264 2359 418 2414 Dicta
451 2357 620 2428 igitur
642 2363 958 2412 sanctorum
993 2354 1086 2408 illa
1117 2353 1234 2425 ipsa
1263 2370 1363 2425 per
1397 2370 1518 2412 sese
1547 2356 1616 2412 ad
1648 2358 1758 2414 sol-

199 2449 431 2505 vendam
469 2461 690 2504 omnem
722 2445 1168 2518 ambiguitatem,
1206 2455 1263 2502 et
1297 2447 1594 2520 unicuique
1627 2464 1756 2521 per-

195 2539 536 2595 suadendum
567 2537 700 2594 satis
731 2547 880 2592 sunt.
915 2535 1184 2604 Quoniam
1233 2538 1368 2602 mihi
1395 2553 1614 2610 quoque
1644 2555 1757 2596 non

194 2629 521 2702 syllogismi,
570 2643 751 2700 neque
781 2627 1205 2699 probabilitates
1252 2637 1311 2683 et
1338 2629 1760 2686 demonstratio-

193 2738 316 2790 nes,
342 2723 437 2778 sed
471 2721 588 2793 ipsa
616 2721 763 2778 nuda
803 2721 948 2776 dicta
977 2728 1294 2777 sanctorum
1337 2731 1752 2792 persuaserunt.

191 2817 369 2874 Simul
403 2816 550 2871 enim
583 2830 647 2871 ac
692 2814 802 2870 vidi
824 2823 890 2870 .et
931 2813 1119 2870 audivi
1153 2831 1252 2881 ea,
1294 2817 1484 2872 statim
1529 2825 1756 2873 conten-

193 2908 327 2964 dere
365 2907 587 2978 penitus
632 2905 798 2972 desii,
850 2921 978 2961 cum
1015 2916 1196 2961 tamen
1225 2907 1383 2977 prius
1414 2922 1525 2962 non
1555 2923 1755 2980 parum

192 3015 446 3073 urgerem
471 3007 634 3070 atque
661 2998 946 3054 instarem.
971 2999 1297 3054 Existimavi
1328 2999 1478 3054 enim
1513 3012 1754 3068 sanctos,

191 3109 318 3148 cum
347 3091 556 3163 Spiritu
582 3099 771 3147 sancto
799 3091 968 3146 locuti
991 3091 1220 3157 iuerint,
1245 3106 1353 3146 non
1385 3107 1545 3162 posse
1563 3108 1594 3146 a
1623 3108 1756 3150 vero

191 3182 492 3248 declinare,
524 3191 580 3237 et
607 3195 749 3251 aegre
768 3180 887 3244 tuli,
922 3181 1063 3251 quod
1088 3195 1279 3234 eorum
1300 3181 1443 3234 dit-ta
1471 3181 1625 3250 prius
1645 3195 1753 3234 non

189 3274 550 3329 audivissem.
592 3272 766 3328 Nemo
801 3273 946 3326 enim
986 3280 1234 3325 nostrum
1262 3271 1482 3325 Latinos
1512 3286 1751 3340 unquam

189 3377 401 3423 tantam
430 3365 540 3421 vim
575 3381 645 3422 ex
667 3364 831 3420 dictis
859 3373 1177 3418 sanctorum
1203 3361 1488 3418 habituros
1504 3378 1628 3418 esse
1658 3378 1751 3416 ar-

188 3457 521 3514 bitrabatur.
551 3455 966 3527 Quamprimum
998 3465 1205 3519 tamen,
1253 3461 1385 3508 tunc
1415 3454 1610 3509 saltem
1648 3455 1761 3509 vidi

190 3559 247 3606 et
283 3547 490 3614 audivi,
529 3546 599 3602 ab
664 3545 814 3600 omni
863 3543 1220 3599 contentione
1272 3545 1759 3614 controversiaque

191 3638 440 3704 discessi,
479 3633 907 3708 gratesque‘Deo
945 3635 1054 3703 egi,
1091 3633 1237 3703 quod
1260 3632 1386 3687 inde
1414 3643 1616 3688 tantam
1649 3635 1758 3689 uti-

189 3731 405 3786 litatem
457 3723 848 3800 percepissem.
899 3724 1070 3794 Igitur
1118 3723 1216 3778 tibi
1263 3738 1479 3794 quoque
1522 3725 1758 3779 candido

191 3821 457 3887 auditori,
494 3819 852 3886 animumque
901 3813 1165 3884 cupidum
1217 3814 1462 3869 veritatis
1509 3815 1754 3880 habenti,

189 3926 356 3986 atque
404 3913 554 3969 oumi
603 3910 922 3968 Christiano
983 3909 1059 3965 tui
1120 3907 1290 3962 simili
1339 3907 1455 3963 haec
1503 3909 1590 3964 vel
1639 3911 1755 3964 sola

187 4006 484 4062 suilidient.

260 4096 531 4163 Quoniam
569 4109 701 4149 vero
738 4102 794 4148 et
823 4092 1034 4163 aliquot
1073 4091 1431 4160 probationes
1473 4105 1507 4144 a
1543 4090 1756 4146 ratione

188 4187 388 4259 petitas
410 4184 632 4255 quaeris,
661 4194 751 4238 tua
768 4187 932 4238 causa
952 4180 1328 4243 mediocriter,
1353 4189 1618 4249 quantum
1639 4181 1756 4234 ﬁeri

189 4279 415 4351 poterit,
449 4288 502 4331 et
524 4277 630 4330 hoc
655 4274 1060 4346 praestabimus,
1081 4272 1387 4326 rationibus
1413 4282 1752 4338 sanctorum,

189 4371 486 4438 divinaque
524 4366 812 4435 Scriptura
839 4364 950 4418 nixi
982 4373 1038 4418 et
1070 4363 1213 4417 freti.
1248 4362 1400 4427 Quod
1433 4362 1656 4431 quidem
1700 4373 1754 4418 ct

189 4462 244 4515 in
279 4461 555 4524 oratione,
585 4473 706 4528 quas
737 4462 804 4511 de
838 4454 1132 4513 concordia
1167 4452 1507 4518 inscribitur,
1544 4454 1754 4524 praesti-

191 4554 378 4628 timus.
403 4546 787 4605 Praestahimus
813 4557 992 4603 tamen
1025 4546 1386 4601 nihilominus
1407 4555 1462 4600 et
1483 4545 1574 4600 hic
1592 4561 1753 4616 quas-

189 4645 311 4699 dam
360 4643 602 4697 rationes
643 4643 991 4711 attingentes.
1037 4639 1341 4707 Antequam
1369 4649 1547 4693 tamen
1573 4639 1640 4693 dc
1668 4640 1754 4692 his

191 4736 511 4805 singillatim
535 4735 804 4798 dicamus,
850 4743 908 4788 ut
942 4732 1160 4786 facilior
1189 4731 1350 4785 nobis
1380 4731 1640 4800 deinceps
1663 4731 1755 4784 ﬁat

188 4829 388 4895 oratio,
419 4827 664 4898 quaedam
693 4828 848 4897 prius
871 4839 1088 4878 sumere
1121 4832 1205 4878 est
1230 4837 1470 4878 necesse.

189 4943 544 5014 Sumptiones,
563 4949 610 4995 et
635 4941 812 5012 prima
835 4939 1041 5011 quidem
1063 4940 1327 5014 qu‘oduum
1349 4946 1477 4992 esset
1503 4937 1752 4992 constitu-

632 5009 793 5065 iivum
831 5009 1079 5082 persona!
1106 5009 1311 5063 Patris.

257 5105 526 5173 Quoniam
560 5103 861 5172 unicuique
897 5102 1108 5156 entium
1134 5100 1203 5154 ad
1240 5115 1583 5155 communem
1625 5116 1752 5170 spe-

189 5199 329 5253 ciem
364 5205 448 5252 est
478 5195 702 5266 prepria
733 5194 980 5266 qumdam
1010 5195 1118 5248 alia
1147 5193 1380 5263 species,
1418 5208 1526 5261 qua
1546 5191 1750 5247 consti-

189 5292 382 5356 tuitur,
413 5297 468 5344 ct
505 5299 609 5355 est,
645 5298 701 5342 et
735 5287 1038 5342 secundum
1087 5300 1252 5354 quam
1291 5284 1496 5339 dicitur
1545 5283 1749 5353 aliquid

187 5382 292 5434 hoc
331 5397 430 5435 cus
464 5394 479 5432 :
505 5380 672 5434 veluti
721 5378 884 5450 hujus
911 5375 1170 5440 hominis,
1201 5384 1331 5444 puta
1358 5375 1529 5436 Petri,
1556 5383 1750 5444 praeter

186 5485 534 5524 rorumuncm
582 5470 844 5540 speciem,
877 5483 998 5537 quae
1047 5466 1266 5536 quidem
1319 5479 1401 5521 est
1442 5466 1750 5521 communis

186 5561 520 5628 humanitas,
576 5571 661 5616 est
705 5569 760 5615 ct
812 5559 912 5612 alia
952 5557 1244 5630 peculiaris
1305 5559 1532 5628 Species,
1594 5557 1748 5629 juxta

258 5746 332 5805 tl)
376 5741 448 5794 Ea
485 5749 566 5793 cst
597 5740 920 5805 dugmatica.

1793 4688 1831 4740 D

1935 635 2116 692 Ἦσαν
2139 640 2184 691 δ’
2207 641 2355 708 ὅμως
2392 639 2439 690 οἳ
2489 639 2586 691 καὶ
2613 637 2804 706 ἐτέρας
2843 635 3174 707 ηὐπόρησαν
3242 637 3430 707 ἀπολοο

1870 733 2016 800 γίας,
2069 729 2324 798 δηλονότι
2375 727 2715 798 πλανηθῆναι
2773 728 2898 788 τοὺς
2946 727 3200 790 δυτικοὺς
3247 726 3431 794 ἁγίους

1870 823 1963 875 καὶ
1987 819 2288 892 ψεύσασθαι
2323 819 2379 870 ὲν
2425 819 2622 888 τούτῳ.
2655 817 2825 870 Τοῦτο
2883 817 2927 870 δ’
2959 817 3041 870 ὅτι
3072 817 3172 887 τὴν
3204 818 3432 871 καθόλου

1869 915 1998 984 ἡμῖν
2025 912 2208 966 πίστιν
2231 911 2547 979 ἀνατρέπει,
2593 910 2848 978 φανερόν.
2931 909 2996 961 Ei
3026 909 3136 978 γάρ
3177 909 3210 977 ἡ
3256 907 3430 970 πίστις

1869 1003 2026 1074 ἡμῶν
2068 1001 2303 1073 ἤρτηται
2341 1002 2451 1053 τῶν
2498 1000 2690 1068 ἁγίων,
2745 1001 2793 1052 oi
2844 1000 2900 1053 δὲ
2953 999 3432 1068 πλανῶνται-περὶ

1866 1094 1966 1165 τὴν
1991 1094 2268 1164 ἀλήθειαν,
2297 1095 2329 1163 ἡ
2360 1093 2544 1155 πίστις
2573 1092 3010 1161 ἀνατέτραπται.

1937 1185 2035 1238 Διά
2064 1182 2238 1238 ταῦτα
2283 1179 2376 1236 οὖν
2409 1181 2645 1250 εὐλόγως
2697 1181 2732 1250 ἡ
2764 1181 2901 1250 μετὰ
2927 1178 3176 1233 Λατίνων
3206 1178 3430 1250 ἠκολού-

1867 1279 2033 1350 θησεν
2062 1277 2276 1340 ένωσις.
2325 1275 2436 1330 Καὶ
2484 1278 2687 1339 πάντες
2735 1275 3034 1338 ἁϐιάστως,
3091 1274 3168 1336 ὼς
3218 1277 3246 1326 ὁ
3299 1271 3429 1333 Θεὸς

1865 1366 1996 1435 οἵδε,
2028 1369 2337 1423 συνέθεντο.
2378 1368 2532 1420 Ὅσοι
2559 1367 2617 1420 δὲ
2670 1365 2962 1420 συνθέσθαι
2991 1366 3090 1417 οὐκ
3120 1363 3430 1432 ἠϐουλήθη-

1868 1479 1967 1515 σαν
2019 1457 2181 1532 (ἦσαν
2204 1462 2259 1514 δὲ
2283 1460 2398 1524 δύο,
2440 1461 2534 1512 καὶ
2571 1457 2932 1527 οὺθπλείους),
3003 1455 3279 1521 ἁϐίαστοι,
3333 1455 3430 1508 καὶ

1865 1555 2046 1623 κύριοι
2076 1552 2304 1620 ἑαυτῶν,
2351 1553 2448 1604 καὶ
2477 1552 2575 1619 τῆς
2613 1549 2750 1612 ἰδίας
2804 1549 3029 1618 ἔμειναν
3075 1547 3324 1616 γνώμης.
3366 1547 3431 1598 Εἰ

1864 1645 1909 1698 δ’
1932 1645 2192 1713 εὐλόγως,
2219 1645 2251 1713 ἢ
2297 1643 2396 1713 μὴ,
2423 1644 2654 1712 κρινεῖς,
2714 1641 2812 1703 τὰς
2845 1639 2957 1693 τῶν
2983 1637 3155 1706 ἁγίων
3215 1639 3428 1708 ῥήσεις,

1863 1737 1924 1798 ἀς
1955 1752 2036 1788 σοι
2062 1734 2157 1788 νῦν
2188 1733 2413 1803 πέμπω,
2437 1731 2702 1800 ὀψόμενός
2739 1746 2798 1782 τε
2857 1728 2953 1782 καὶ
2984 1727 3271 1795 ἀναγνούς.
3333 1726 3429 1789 Τίς

1862 1829 1970 1898 γὰρ
2000 1826 2172 1880 τελῶν
2204 1826 2284 1888 είς
2345 1823 2730 1894 Χριστιανοὺς,
2790 1821 2889 1873 οὐκ
2949 1818 3016 1873 ἂν
3061 1818 3255 1889 ἓψαιτο
3302 1817 3427 1877 τού-

1864 1935 1997 1983 τοις,
2027 1918 2119 1972 καὶ
2149 1915 2308 1986 σταίη
2365 1915 2504 1985 μετά
2553 1913 2647 1966 τοῦ
2677 1910 2787 1965 τῶν
2831 1910 3170 1964 διδασκάλων
3221 1909 3428 1963 τούτων

1865 2008 2051 2080 χοροῦ.
2084 2007 2202 2076 ἅμα
2229 2005 2287 2058 δὲ
2317 2004 2413 2058 καὶ
2438 2003 2532 2057 τοῦ
2562 2003 2671 2056 τῶν
2719 2000 3055 2056 ἀνατολικῶν
3080 2018 3095 2065 ;
3152 2000 3428 2070 Σύμφωνα

1865 2101 1972 2171 γὰρ
2003 2096 2255 2168 ἀλλήλοις
2281 2095 2495 2165 ἀνάγκη
2528 2091 2772 2158 δοξάζειν
2821 2092 3022 2154 αὐτοὺς
3083 2091 3286 2155 εἰπεῖν,
3350 2091 3429 2154 ὡς

1865 2193 1922 2244 έν
1950 2189 2031 2261 τῷ
2064 2185 2542 2260 συγγεγραμμένῳ
2575 2201 2666 2256 μοι
2713 2184 2856 2255 λόγῳ
2884 2183 2974 2239 διὰ
3033 2181 3292 2242 πλειόνων
3321 2182 3429 2237 δει-

1865 2281 2034 2337 κνύω.

1886 2405 1899 2420 ο
1933 2375 2086 2431 Δΰτὰ
2141 2375 2240 2444 μὲν
2263 2368 2356 2428 οὖν
2409 2374 2476 2427 τά
2509 2371 2649 2444 ῥητὰ
2704 2370 2827 2425 καθ’
2864 2370 3006 2425 αὐτὰ
3067 2369 3203 2439 μόνα
3267 2367 3429 2421 ἱκανὰ

1865 2469 1974 2520 εἰσι
2020 2467 2203 2520 πᾶσαν
2250 2464 2581 2535 ἀμφιεολίαν
2627 2461 2809 2526 λῦσαι,
2883 2459 2979 2514 καὶ
3005 2460 3188 2513 πᾶσαν
3242 2460 3430 2535 πεῖσαι

1863 2561 2066 2632 ψυχήν.
2113 2558 2267 2612 Ἐπεὶ
2291 2557 2438 2626 κάμὲ
2470 2557 2530 2610 οὐ
2561 2555 2942 2625 συλλογισμοὶ,
2975 2554 3098 2607 οὐδὲ
3145 2551 3430 2608 πιθανολο-

1864 2649 2100 2718 γίαικαὶ
2157 2646 2486 2712 ἀποδείξεις,
2569 2645 2849 2700 ἁλλάὑτὸ
2895 2644 3078 2714 γυμνὰ
3149 2644 3217 2697 τὰ
3289 2643 3431 2713 ῥητὰ

1864 2739 2110 2795 ἔπεισαν.
2133 2739 2288 2810 Ἅμα
2309 2739 2417 2809 γὰρ
2461 2737 2585 2793 ἰδὼν
2625 2737 2721 2792 καὶ
2753 2735 2995 2800 ἀκούσας
3052 2735 3218 2800 αὐτὰ,
3265 2734 3428 2796 εὐθὺς

1867 2834 2049 2904 πάσης
2091 2832 2427 2902 φιλονεικίας
2479 2833 2578 2885 καὶ
2629 2829 2806 2899 ἔριδος
2849 2830 3203 2898 ἐπαυσάμην,
3251 2829 3428 2880 καίτοι

1866 2927 2135 2996 πρότερον
2192 2925 2546 2992 ἐνιστάμενος
2592 2923 2654 2975 οὐ
2713 2921 2978 2993 μετρίως.
3033 2920 3262 2991 Ἕκρινα
3319 2919 3429 2988 γὰρ

1863 3013 1990 3075 τοὺς
2019 3011 2206 3080 ἁγίους
2237 3010 2516 3081 Πνεύματι
2545 3011 2687 3082 ἁγίῳ
2717 3011 3076 3082 λαλήσαντας,
3141 3009 3216 3080 μὴ
3265 3007 3428 3063 δύνα-

1869 3103 1992 3164 σθαι
2023 3102 2295 3156 ἐκκλίνειν
2320 3101 2413 3156 τοῦ
2435 3101 2695 3172 ἀληθοῦς,
2744 3104 2836 3154 καὶ
2865 3101 3160 3172 ἀχθεσθεὶς
3228 3101 3311 3154 ὅτι
3354 3100 3430 3168 μὴ

1864 3195 2130 3267 πρότερον
2152 3195 2294 3248 αὑτά
2356 3193 2643 3264 ὴκηκόειν.
2679 3195 2865 3257 Οὐδεὶς
2887 3194 2994 3265 γὰρ
3023 3194 3276 3247 οὐδέποτε
3317 3193 3428 3246 τῶν

1865 3285 2151 3356 ἡμετέρων
2179 3284 2449 3354 τοσαύτην
2481 3285 2589 3338 ἀπὸ
2618 3285 2800 3354 ῥητῶν
2821 3287 2947 3348 τοὺς
2977 3285 3241 3348 Λατίνους
3273 3285 3428 3354 ἰσχὺν

1865 3376 2000 3447 ᾤετο
2023 3375 2200 3446 ἔχειν’
2231 3376 2319 3429 ὅτε
2349 3376 2519 3444 ὅμως.
2560 3375 2684 3428 τότε
2744 3375 2898 3444 γοῦν,
2943 3375 3083 3429 αὑτὰ
3141 3367 3282 3427 εἶδον
3333 3377 3427 3426 καὶ

1863 3468 2105 3537 ηκουσα,
2156 3466 2337 3533 πάσης
2388 3465 2856 3536 ἀμφισϐητήσεως
2908 3465 3252 3536 ἀπηλλάγην,
3332 3465 3428 3516 καὶ

1862 3561 2088 3628 χάριτας
2118 3558 2444 3628 ὡμολόγησα
2470 3557 2546 3627 τῷ
2569 3556 2709 3626 Θεῷ,
2746 3557 2985 3611 τοσαῦτα
3035 3559 3248 3611 ἐκεῖθεν
3281 3558 3429 3624 ὠφε-

1860 3649 2065 3718 ληθείς.
2102 3651 2208 3702 Καί
2241 3667 2324 3702 σοι
2355 3649 2538 3702 τοίνυν
2577 3647 2884 3717 εὐγνώμονι
2913 3650 3184 3721 ἀκροατῇ,
3206 3650 3300 3703 καὶ
3327 3650 3429 3718 ψυ-

1862 3741 1963 3809 χὴν
2015 3739 2196 3808 ἔχοντι
2257 3740 2353 3810 τῆς
2412 3738 2674 3810 ἀληθείας
2740 3740 3038 3811 ἐφιεμένην
3099 3741 3196 3793 καὶ
3257 3741 3426 3794 παντὶ

1860 3831 2029 3902 ὁμοίῳ
2059 3829 2370 3902 Χριστιανῷ
2399 3830 2574 3886 ταῦτα
2609 3830 2840 3902 ἀρκέσει
2871 3832 2968 3885 καὶ
3001 3831 3164 3902 μόνα.

1945 4098 2095 4152 Ἐπεὶ
2120 4098 2177 4152 δὲ
2207 4099 2300 4153 καί
2337 4116 2488 4163 τινας
2527 4099 2634 4154 ἀπὸ
2673 4100 2957 4171 λογισμῶν
3011 4102 3183 4166 αίτεῖς
3213 4103 3425 4158 ἀποδεί-

1861 4191 1996 4258 ξεις,
2034 4191 2134 4262 σὴν
2166 4193 2325 4263 χάριν
2355 4200 2616 4263 μετρίως,
2663 4192 2739 4258 ὡς
2769 4195 2888 4248 ὲνὸν
2919 4197 3014 4249 καὶ
3039 4195 3199 4250 τοῦτο
3264 4198 3426 4268 ποιή-

1862 4299 2049 4352 σομεν,
2087 4282 2190 4335 ἀπὸ
2220 4283 2329 4335 τῶν
2371 4282 2547 4350 λόγων
2578 4285 2688 4338 τῶν
2739 4284 2912 4352 ἁγίων
2964 4286 3059 4337 καὶ
3122 4286 3224 4356 τῆς
3273 4286 3426 4349 θείας

1860 4374 2078 4445 Γραφῆς
2121 4374 2454 4445 ὁρμώμενοι.
2492 4375 2558 4427 Ὃ
2597 4375 2775 4429 ἔνεστι
2835 4377 2931 4445 μὲν
2993 4377 3097 4430 κάν
3157 4377 3234 4447 τῷ
3289 4374 3428 4445 περὶ

1858 4466 2128 4531 ἑνώσεως
2159 4466 2630 4536 ἐπιγεγραμμένῳ
2657 4483 2747 4535 μοι
2780 4465 2945 4537 λόγῳ·
3005 4466 3309 4536 ποιήσομεν
3355 4467 3414 4518 δὲ

1859 4559 2005 4627 ὅμως
2037 4559 2314 4612 κάνταῦθα
2341 4557 2504 4612 τινῶν
2529 4558 2702 4624 λόγων
2749 4558 3045 4628 ἁψάμενοι.
3084 4560 3197 4630 Πρὸ
3237 4560 3294 4612 δὲ
3327 4560 3423 4613 τοῦ

1860 4650 2000 4701 κατὰ
2041 4650 2204 4717 μέρος
2233 4649 2356 4717 περὶ
2381 4648 2587 4703 τούτων
2617 4651 2813 4714 εἰπεῖν,
2853 4650 3068 4720 ἀνάγκη
3114 4651 3238 4704 τινὰ
3291 4669 3422 4720 προ-

1859 4743 2062 4806 λαϐεῖν,
2106 4740 2241 4810 πρὸς
2287 4741 2346 4792 τὸ
2398 4742 2730 4812 σαφέστερον
2787 4741 2877 4794 τὸν
2937 4743 3065 4812 ἑξῆς
3113 4742 3272 4810 λόγον
3331 4759 3424 4810 γε·-

1859 4829 2070 4882 νέσθαι.

1861 4941 2175 5010 Amatam,
2205 4943 2302 4995 καὶ
2339 4943 2573 5013 πρῶτον
2592 4944 2650 4997 τί
2681 4944 2778 5013 ἄν.
2795 4945 2888 5013 εἴη
2918 4950 3290 5000 συστατικὸν
3319 4941 3424 5000 τοῦ

2287 5008 2612 5084 προσώπου
2673 5008 2780 5068 τοῦ
2818 5008 3074 5083 Πατρός.

1943 5103 2095 5156 Ἐπεὶ
2121 5102 2352 5155 ἑκάστου
2405 5102 2513 5155 τῶν
2541 5103 2710 5156 ὄντων
2749 5088 2885 5175 πρὸς
2939 5106 3016 5175 τῷ
3072 5106 3234 5175 κοινῷ
3273 5107 3425 5171 εἴδει,

1857 5195 1974 5247 ἐστι
1998 5212 2050 5248 τι
2078 5197 2171 5247 καὶ
2201 5195 2389 5264 ἕτερον
2447 5194 2577 5248 ἴδιον
2643 5189 2803 5260 εἶδος,
2861 5190 2905 5264 ᾧ
2967 5198 3284 5250 συνίσταται
3328 5198 3425 5250 καὶ

1858 5285 1999 5352 ἔστι,
2027 5288 2122 5339 καὶ
2152 5286 2289 5340 καθὸ
2317 5287 2534 5353 λέγεται
2570 5287 2688 5338 τόδε
2723 5305 2774 5339 τι
2807 5287 2899 5341 καὶ
2931 5289 3013 5340 δνο
3051 5287 3242 5359 ὥσπερ
3272 5289 3424 5341 τοῦδε

1857 5379 1949 5432 τοῦ
1968 5377 2282 5448 ἀνθρώπου,
2317 5378 2412 5430 τοῦ
2445 5377 2654 5447 Πέτρου
2685 5379 2872 5448 τυχὸν,
2934 5380 3073 5449 πρὸς
3134 5379 3211 5449 τῷ
3261 5379 3424 5448 κοινῷ

1858 5473 2010 5535 εἴδει,
2049 5472 2185 5543 ὅπερ
2224 5471 2372 5522 έστιν
2421 5470 2455 5539 ἡ
2513 5471 2889 5540 ἀνθρωπότης,
2942 5473 3056 5525 ἐστι
3104 5474 3197 5526 καὶ
3239 5472 3425 5542 ἓοερον

1860 5561 1989 5615 ἴδιον
2019 5558 2178 5626 εἶδος,
2208 5560 2343 5618 καθὸ
2372 5561 2454 5613 ὅδε
2481 5561 2508 5612 ὁ
2538 5561 2826 5632 ἅνθρωπός
2857 5565 2973 5617 ἐστι
3011 5554 3225 5633 Πέτρος
3265 5563 3424 5632 τυχὸν
