3966 6218
470 285 571 354 361

1384 293 1484 352 DE
1527 289 2049 382 PROCESSIONE
2090 289 2456 353 smmrus
2494 265 2829 354 ssucrIL

3587 290 3700 354 οδε

473 406 507 475 ἦ
568 402 804 467 Παῦλος,
873 403 1011 472 ὅπερ
1065 403 1178 455 ἑστι
1248 403 1339 456 καὶ
1397 405 1760 475 ἀκοινώνητον
1820 405 2034 474 ἑτέρῳ·

2165 421 2301 474 [nam
2345 405 2439 460 hic
2491 404 2654 460 homo
2683 412 2769 478 est
2803 403 2942 458 forte
2977 402 3171 457 Petrus
3207 401 3291 456 vel
3323 400 3541 468 Paulus,
3571 417 3692 472 quae

481 495 644 549 τοῦτο
666 495 710 546 δ’
733 496 880 546 ἐστὶν
915 495 947 563 ἠ
979 494 1126 565 ψυχὴ
1160 494 1324 548 αὑτοῦ
1345 496 1610 566 δηλονότι,
1664 497 1726 549 τὸ
1782 497 1962 565 σῶμα,
1999 496 2031 564 ἢ

477 585 679 649 ἄλλοτι,
705 586 844 655 ὅπερ
873 585 1024 639 ἐστὶν
1054 587 1201 656 αὐτῴ
1260 587 1404 658 ἀρχὴ
1435 585 1527 642 τοῦ
1588 588 1790 657 ἄτομον
1849 584 1992 640 εἶναι
2018 601 2032 616 ⁸

484 679 746 751 ζητητέον
774 679 866 733 καὶ
897 679 991 734 ἐπὶ
1037 678 1131 733 τοῦ
1183 681 1316 734 Θεοῦ
1372 684 1467 735 καὶ
1521 683 1751 753 Πατρὸς,
1805 683 1856 735 τί
1917 681 2033 735 ποτ’

477 773 624 826 ἐστιν
660 770 810 841 αὐτῷ
841 771 974 825 ἴδιον
1008 767 1167 838 εἶδος,
1216 773 1277 825 τὸ
1305 774 1596 844 πρόσωπον
1661 774 1828 826 αὑτοῦ
1887 791 2036 826 συνιο

479 861 638 915 στῶν.
673 862 832 915 Ἐστι
864 861 965 931 μὲν
985 862 1092 932 γὰρ
1123 863 1301 916 κοινὸν
1336 863 1486 933 αὑτῷ
1517 864 1594 933 τῷ
1620 863 1817 933 Πατρὶ,
1840 862 1950 932 Υἱῴ
1979 878 2037 913 τε

482 955 573 1006 καὶ
603 953 880 1021 Πνεῦματι
910 953 1006 1006 καὶ
1043 953 1298 1018 οὐσιῶδες
1349 951 1508 1017 εἶδος,
1583 953 1640 1008 ἓν
1697 954 1792 1006 καὶ
1842 953 2040 1008 ταυτὸν

480 1043 700 1114 ἀριθμῷ
725 1043 810 1108 ὃν,
843 1042 1096 1115 δηλαδὴή
1153 1043 1340 1116 Θεότης
1361 1085 1376 1110 ,
1433 1044 1558 1098 καθ’
1581 1045 1647 1114 ἣν
1703 1047 1819 1113 μετ’
1854 1045 2040 1098 αὐτῶν

479 1130 557 1196 εἷς
586 1136 704 1187 ἐστι
733 1133 887 1197 Θεόςο
919 1133 1032 1204 ἔχει
1064 1135 1246 1204 μέντοι
1312 1138 1406 1189 καὶ
1451 1137 1638 1207 ἕτερον
1691 1138 1822 1190 ἴδιον
1879 1134 2040 1200 εἶδος,

439 1224 848 1295 ίάκοινὼνητον
873 1226 985 1288 τοῖς
1029 1225 1212 1288 ἄλλοις
1264 1227 1578 1296 προσώποις
1607 1267 1622 1292 ,
1669 1229 1804 1281 καθὸ
1837 1229 1952 1281 τόδε
1989 1246 2044 1281 τι

480 1317 578 1367 aut
637 1313 932 1384 πρόσωπον
984 1317 1044 1369 ἐν
1117 1319 1184 1387 τῇ
1243 1317 1363 1389 θείᾳ
1417 1318 1608 1388 Τριάδι
1673 1320 1809 1375 ἐστε.
1871 1320 2044 1374 Τοῦτο

482 1407 576 1458 οῦν
609 1406 661 1459 τι
691 1405 813 1460 ποτ’
837 1408 958 1460 ὲστι
987 1406 1278 1479 ζητητέον.

2138 495 2360 565 quidem
2394 495 2606 565 Species
2631 494 2854 548 minime
2880 492 3318 548 communicatur
3340 507 3463 545 cum
3487 495 3692 557 altero;

2139 589 2253 642 haec
2274 597 2457 642 autem
2485 596 2570 642 est
2597 587 2681 641 vel
2701 587 2876 656 ipsius
2910 585 3114 640 scilicet
3143 583 3346 649 anima,
3366 583 3450 637 vel
3475 597 3696 651 corpus,

2139 679 2227 733 vel
2261 678 2469 748 aliquid
2497 677 2672 745 aliud,
2706 678 2851 748 quod
2880 685 2964 731 est
3007 676 3108 745 ipsi
3142 676 3498 745 principium,
3539 685 3598 729 ut
3629 675 3700 731 sit

2142 768 2485 823 individuum
2508 787 2523 822 :
2543 768 2900 838 quaerendum
2919 775 3004 822 est
3023 775 3080 820 et
3099 767 3154 820 in
3174 765 3296 835 ipso
3317 765 3424 821 Deo
3442 776 3498 822 et
3515 767 3698 830 Patre,

2142 873 2394 929 quaenam
2429 857 2531 927 ipsi
2552 857 2773 928 propria
2797 859 2869 912 sit
2902 858 3142 926 species,
3170 870 3292 925 quae
3315 853 3488 925 ipsius
3517 869 3706 924 perso-

2145 965 2269 1004 nam
2319 950 2644 1006 constituat.
2685 948 2905 1003 Etenim
2935 947 3242 1002 communis
3275 946 3490 1013 species
3524 955 3579 1000 et
3613 959 3706 1000 es-

2146 1043 2394 1098 sentialis
2415 1049 2499 1098 est
2533 1041 2636 1112 ipsi
2664 1040 3103 1110 Patri,Filioque
3135 1054 3197 1094 ac
3223 1037 3454 1109 Spiritui
3490 1045 3705 1098 sancto,

2146 1148 2252 1188 uua
2287 1134 2592 1203 eademque
2637 1147 2866 1187 numero
2901 1131 3173 1186 exsistens
3206 1129 3468 1184 nimirum
3509 1127 3704 1193 deitas,

2146 1221 2448 1283 secundum
2483 1243 2647 1297 quam
2690 1227 2854 1281 simul
2889 1241 3014 1280 cum
3061 1225 3196 1295 ipsis
3237 1237 3382 1279 unus
3411 1231 3495 1278 est
3539 1222 3707 1276 Deus.

2146 1322 2405 1376 Attamen
2431 1319 2595 1375 habet
2627 1326 2682 1375 et
2723 1319 2951 1374 alteram
2987 1316 3276 1387 propriam
3305 1315 3566 1386 speciem,
3589 1327 3711 1383 qua:

2149 1426 2260 1466 non
2293 1411 2735 1466 communicatur
2760 1423 2883 1464 cum
2916 1409 3040 1463 aliis
3068 1407 3338 1476 personis,
3370 1407 3522 1477 juxta
3546 1418 3710 1474 quam

2149 1502 2256 1555 hoc
2284 1500 2488 1570 aliquid
2517 1509 2602 1555 est
2626 1507 2682 1554 et
2715 1513 2948 1568 persona
2976 1498 3028 1552 in
3057 1497 3405 1558 sanctissima
3422 1496 3708 1551 Trinitale.

2152 1589 2266 1646 Iioc
2291 1592 2458 1661 igitur
2488 1591 2748 1660 quidnam
2775 1592 2867 1658 sit,
2899 1589 3258 1661 quarendum
3286 1596 3394 1644 est.

491 1716 612 1772 Ὀτι
650 1719 716 1776 τὸ
745 1719 1081 1792 ἀγέννητον
1109 1726 1221 1780 οὐκ
1254 1725 1386 1781 ἔστι
1411 1726 1785 1782 συστατικὸν
1836 1727 2042 1783 αὐτοῦ.

2258 1725 2408 1792 Quod
2443 1727 2731 1797 ingenitum
2763 1742 2865 1793 non
2889 1733 2964 1780 est
2992 1724 3386 1780 constitutivum
3417 1722 3604 1793 ipsius.

554 1853 630 1908 Τὸ
668 1855 767 1925 μὲν
793 1857 886 1912 οῦν
911 1859 1206 1930 ἀγέννητον
1227 1862 1325 1915 οὐκ
1351 1861 1488 1916 ἔστι.
1535 1864 1706 1918 Τοῦτο
1752 1865 1862 1937 γάρ
1895 1869 2042 1921 ἐστιν

485 1945 778 2014 ἀπόφασιςο
803 1948 954 2003 οὐδὲν
981 1950 1036 2003 δὲ
1055 1949 1165 2005 τῶν
1215 1951 1384 2006 ὄντων
1414 1953 1555 2008 κατὰ
1588 1956 1865 2025 ἀπόφασιν
1902 1957 2048 2028 ἔχει,

485 2036 604 2089 τοδέ
637 2055 692 2090 τι
714 2035 876 2093 εἶναι.
944 2040 1087 2094 Ἀλλ’
1111 2042 1259 2096 ἔστιν
1308 2045 1473 2098 αὐτοῦ
1531 2046 1731 2117 ἰδίωμα
1781 2049 2047 2118 ἑπόμενον

491 2130 845 2202 συστάντιτῷ
871 2133 1149 2204 προσώπῳ
1176 2136 1365 2192 αὐτοῦ.
1399 2139 1475 2190 Ub
1502 2138 1608 2210 μὴν
1639 2140 1759 2193 οὐδὲ
1786 2143 1846 2194 τὸ
1877 2141 2048 2196 αἴτιον

491 2223 764 2291 λέγεσθαι.
799 2225 862 2279 Et
888 2227 998 2297 γὰρ
1019 2227 1166 2281 τοῦτ’
1189 2223 1257 2300 ἦν
1284 2229 1344 2282 τὸ
1366 2228 1728 2286 ὑποστατικὸν
1779 2233 1927 2303 αὐτῷ
1976 2230 2051 2288 εῖ-

490 2315 604 2380 δος,
652 2316 826 2380 αῐτιος
895 2318 1098 2388 μᾶλλον
1153 2319 1370 2389 ἐλέγετο
1406 2321 1440 2391 ἢ
1500 2324 1714 2394 Πατήρ.
1772 2325 1911 2379 Ἀλλ’
1947 2327 2050 2382 ὑπὸ

493 2408 711 2465 πάντων
758 2408 869 2462 τῶν
919 2410 1256 2466 διδασκάλων
1312 2414 1508 2474 κοινῶς
1570 2415 1791 2486 Πατέρα
1849 2416 2050 2486 μᾶλλον

494 2497 825 2571 καλούμενον
849 2502 1067 2574 ὁρῶμεν
1095 2504 1279 2559 αὐτόν.

567 2741 697 2798 Ὀτι
721 2745 863 2800 οὐδὲ
890 2747 957 2800 τὸ
981 2749 1176 2803 αἴτιόν
1199 2751 1331 2805 ἐστι
1355 2755 1731 2810 συστατικὸν
1771 2756 1980 2814 αὑτοῦ.

570 2886 775 2940 Ἐτιτό
833 2889 1005 2943 αῐτιον
1039 2873 1272 2945 καθόλου
1312 2910 1368 2946 τε
1401 2893 1462 2948 ὃν
1495 2896 1590 2950 καὶ
1637 2897 1780 2952 κατά
1820 2897 1914 2952 τοῦ
1948 2901 2058 2953 Πα-

499 2976 626 3048 τρός
674 2995 727 3031 τι
780 2980 875 3032 καὶ
929 2981 1239 3049 προϐολέως
1280 2985 1598 3055 λεγόμενον,
1654 2989 1836 3060 νόημα
1897 2991 2059 3061 μόνον

2223 1866 2389 1937 Igitur
2422 1865 2564 1935 quod
2604 1875 2799 1920 vocant
2836 1864 3138 1934 ingenitum
3161 1875 3303 1921 esse,
3334 1873 3440 1914 non
3466 1865 3567 1911 est.
3601 1854 3717 1909 [loc

2153 1959 2298 2013 enim
2331 1967 2414 2012 est
2445 1955 2663 2025 negatio
2691 1974 2704 2020 ;
2740 1955 2876 2009 nihil
2903 1962 3084 2009 autem
3129 1966 3349 2016 eorum,
3374 1964 3495 2018 qua:
3531 1947 3584 2000 iu
3633 1962 3718 1999 re-

2157 2066 2276 2105 rum
2319 2061 2515 2104 natura
2557 2047 2854 2111 exsistunt,
2881 2061 3003 2102 esse
3041 2046 3149 2100 hoc
3181 2042 3390 2113 aliquid
3439 2039 3605 2096 habet
3631 2053 3720 2092 sc-

2156 2140 2396 2196 cundum
2433 2139 2806 2209 negationem.
2848 2137 2954 2192 Sed
2983 2145 3068 2192 est
3098 2136 3200 2205 ipsi
3237 2133 3545 2205 proprietas
3574 2147 3721 2200 qure-

2158 2233 2307 2298 dam,
2360 2245 2482 2299 qua:
2519 2229 2671 2284 illius
2717 2243 3012 2298 personam
3054 2227 3408 2281 constitutam
3451 2223 3720 2291 sequitur.

2157 2324 2225 2375 At
2248 2335 2427 2389 neque
2460 2332 2681 2374 causam
2715 2316 2848 2380 dici,
2886 2315 2932 2370 si
2961 2315 3109 2370 enim
3143 2315 3250 2369 hoc
3280 2322 3425 2368 esset
3465 2313 3722 2384 hyposta-

2162 2413 2266 2466 tica
2288 2411 2406 2481 ejus
2439 2407 2671 2479 species,
2699 2406 2883 2476 potius
2911 2413 3102 2460 auctor
3126 2413 3182 2458 et
3226 2418 3389 2458 causa
3415 2403 3720 2463 diceretur,

2160 2517 2323 2574 quam
2352 2501 2513 2556 Pater
2540 2516 2554 2553 ε
2580 2512 2774 2552 verum
2830 2496 2899 2550 ab
2927 2494 3183 2550 omnibus
3215 2491 3579 2547 communiter
3627 2490 3726 2545 do-

2162 2590 2402 2652 oloribus
2432 2591 2651 2647 Patrem
2684 2586 2855 2662 magis
2883 2601 3010 2647 eum
3043 2583 3302 2660 appellari
3325 2583 3598 2643 videmus.

2356 2751 2538 2824 Neque
2572 2731 2732 2805 causa
2780 2759 2854 2806 es!
2886 2749 3283 2804 constitutiuum
3319 2746 3517 2818 ipsius.

2238 2887 2507 2944 Pratcrea
2541 2900 2764 2942 causam
2799 2899 2945 2950 esse,
2972 2899 3096 2939 cum
3121 2881 3427 2939 universale
3452 2880 3544 2945 sit,
3577 2893 3641 2934 ac
3661 2879 3730 2934 de

2166 2981 2351 3046 Patre,
2384 2989 2442 3035 et
2479 2979 2645 3034 etiam
2708 2977 3042 3047 productore
3078 2974 3425 3045 praedicetur,
3468 2969 3728 3042 cogitatio

499 3067 677 3132 ἔσται,
715 3071 810 3123 καὶ
845 3072 998 3125 οὐδὲν
1059 3076 1316 3146 πρᾶγμα.
1377 3079 1441 3132 "O
1471 3077 1529 3132 δὲ
1588 3081 1835 3135 τοιοῦτόν
1886 3084 2053 3152 ἐστιν,

2168 3081 2383 3130 tantum
2423 3071 2551 3137 erit,
2596 3078 2654 3124 et
2684 3069 2836 3124 nulla
2884 3083 3010 3124 res:
3051 3066 3197 3137 quod
3241 3074 3422 3121 autem
3471 3070 3557 3118 est
3585 3061 3730 3132 ejusv

499 3156 651 3213 ἐστιν
675 3159 774 3213 οὐκ
790 3161 870 3217 δν.
904 3163 978 3217 Τὸ
1007 3163 1062 3216 δὲ
1083 3165 1158 3235 μὴ
1187 3164 1246 3218 ὃν
1266 3167 1326 3219 οὐ
1356 3167 1577 3223 δύναται
1609 3170 1705 3224 τοῦ
1732 3172 2058 3245 ὕπερουσιου

503 3251 821 3305 συστατικὺν
850 3249 1012 3309 εἶναι.
1054 3255 1320 3310 Λεεπεται
1371 3254 1468 3313 οῦν
1521 3260 1554 3330 ἢ
1616 3263 1718 3332 τὴν
1745 3266 2063 3338 πατρὸτητα

507 3343 683 3411 μόνον,
721 3343 883 3414 ῆτὴν
907 3345 1180 3418 προϐολὴν
1223 3347 1406 3418 μόνον,
1456 3348 1489 3422 ἢ
1528 3353 1622 3406 καὶ
1653 3351 1823 3425 ἄμφω
1865 3372 2065 3412 συστα-

503 3432 630 3485 τικὰ
665 3428 807 3487 εἶναι
837 3434 934 3487 τοῦ
971 3435 1268 3506 προσώπου
1300 3438 1394 3493 τοῦ
1423 3441 1718 3512 πατρικοῦ.
1765 3444 1927 3499 Ἀλλὰ
1952 3447 2061 3518 μὴν

504 3523 670 3592 ἄμφω
682 3524 980 3578 συστατικὰ
996 3526 1088 3579 τοῦ
1105 3526 1270 3582 αὑτοῦ
1287 3525 1427 3584 εἶναι
1445 3530 1727 3600 ἀδύνατον,
1752 3535 1842 3592 διὰ
1868 3536 2062 3592 ταῦτα.

505 3614 565 3665 Ei
596 3615 704 3682 γὰρ
723 3613 891 3684 ἄμφω
925 3617 1215 3671 συνιστῶσι
1273 3616 1335 3672 τὸ
1369 3619 1664 3690 πρόσωπον
1697 3623 1792 3676 τοῦ
1829 3624 2064 3697 Πατρὺς,

507 3704 540 3773 ἢ
572 3707 662 3758 καὶ
696 3705 799 3776 ἰδίᾳ
827 3707 1089 3778 ἑκάτερον
1125 3707 1348 3764 δύναται
1413 3711 1545 3765 αὐτὸ
1579 3715 1859 3780 συνιστᾶν,
1913 3716 1948 3788 ἢ
1980 3717 2064 3784 οὒ,

507 3797 622 3850 ἀλλ’
659 3797 827 3868 ἄμφω
882 3798 1018 3869 ἅμα.
1076 3800 1139 3854 Et
1189 3802 1288 3872 μὲν
1333 3797 1428 3857 οὖν
1493 3805 1587 3858 καὶ
1631 3805 1892 3878 ἑκάτερον
1939 3809 2066 3880 ὶδιᾳ,

508 3890 600 3943 δύο
625 3891 734 3961 ἄρα
758 3890 875 3962 εἴδη
900 3891 930 3945 6
954 3892 1142 3964 Πατὴρ
1187 3894 1299 3960 ἔξει
1337 3895 1434 3949 καὶ
1486 3897 1800 3964 ἀκολούθως
1847 3901 1943 3956 καὶ
1975 3902 2068 3956 δύο

509 3981 781 4062 πρόσωπα
816 3983 994 4051 ἔσται,
1025 3986 1100 4048 ὡς
1121 3985 1214 4040 δύο
1240 3988 1570 4059 προσωπικὰ
1595 3991 1710 4063 εἴδη
1743 3992 1902 4063 ἔχωνο
1954 3993 2063 4048 ὡσ-

511 4090 615 4144 περ
634 4074 702 4128 ἂν
728 4074 782 4126 ετ
807 4091 891 4138 τις
920 4074 1206 4146 ἄνθρωπος
1235 4077 1327 4132 δύο
1364 4079 1478 4150 ἔχει
1521 4081 1718 4152 ψυχὰς,
1767 4083 1906 4154 ὅπερ
1945 4085 2072 4140 ἄτο-

512 4182 633 4218 πον.
667 4165 730 4218 Et
760 4163 809 4218 δ’
827 4166 930 4236 οὐχ
975 4166 1051 4231 ὡς
1073 4168 1331 4240 ἑκάτερον
1382 4170 1508 4241 ἰδίᾳ,
1545 4172 1660 4225 ἀλλ’
1687 4172 1857 4245 ἄμφω
1911 4175 2052 4246 ἅμα,

508 4258 624 4312 οὔτ’
651 4259 679 4312 ὁ
721 4259 940 4330 Πατέρα
956 4259 1135 4329 λέγων
1187 4262 1352 4332 μόνον
1410 4263 1648 4334 ἐδήλωσε
1683 4265 1746 4319 τὸ
1793 4267 2067 4338 πατρικὸν

512 4352 832 4421 πρόσωπον,
877 4349 1001 4404 οὔτε
1060 4354 1089 4406 ὁ
1151 4352 1442 4424 προῦολέα.
1493 4355 1659 4409 Ἀλλὰ
1708 4358 1901 4423 τούτου
1959 4360 2069 4414 πᾶν

511 4443 826 4497 τούναντίον
851 4444 909 4496 ὲν
933 4445 998 4517 τῇ
1026 4444 1222 4515 χρήσει
1283 4447 1522 4518 ὁρῶμεν.
1581 4448 1789 4513 Πάντες
1838 4451 1944 4522 γὰρ
1993 4450 2071 4503 δι·

511 4533 796 4598 δάσκαλοι,
826 4534 922 4589 καὶ
954 4536 1104 4589 πᾶσα
1125 4535 1338 4607 Γραφὴ,
1375 4537 1452 4607 τῷ
1484 4538 1710 4608 ὀνόματι
1731 4539 1827 4593 τοῦ
1858 4540 2072 4611 Πατρδς

512 4627 610 4695 τὴν
665 4624 815 4679 Θείαν
837 4625 1009 4680 αὐτοῦ
1041 4627 1292 4697 δηλοῦσιν
1315 4628 1635 4683 ὑπόστασιν·
1670 4632 1766 4683 καὶ
1801 4631 2073 4702 προϐολέα

513 4718 572 4770 δὲ
606 4717 858 4786 λέγοντες
891 4718 1243 4788 οῑήμέτεροι,
1271 4721 1364 4772 τὸν
1394 4720 1614 4789 Πατέρα
1643 4721 1837 4792 δηλοῦν
1868 4721 2072 4776 οἴονται

520 4809 702 4877 μόνον.
759 4810 873 4863 οὐκ
904 4809 1010 4878 ἄρα
1059 4809 1184 4863 οὔτε
1222 4809 1399 4873 οὕτως
1443 4811 1610 4881 ἄμφω
1657 4811 1775 4882 ἅμα
1835 4812 2074 4865 ὑποστα-

515 4901 662 4966 τικὰ,
691 4900 767 4964 ὡς
795 4901 1020 4971 θάτερον
1078 4903 1237 4972 μόνον
1287 4902 1361 4971 μὴ
1410 4902 1709 4972 ἐγχωροῦν,
1767 4903 1883 4956 ἀλλ’
1910 4903 2077 4973 ἄμφω

517 4992 633 5061 ἅμα
659 4993 940 5061 συνιστᾷν,
1003 4992 1128 5044 οὗτε
1160 4993 1233 5056 ὡς
1256 4993 1513 5062 ἑκάτερον
1547 4993 1653 5065 ἰδίᾳ
1687 4994 1781 5048 καὶ
1812 4995 1931 5047 καθ’
1952 4995 2080 5047 ἑαυ-

516 5085 576 5136 τὸ
597 5083 897 5154 ἐγχωροῦν,
930 5082 1048 5135 ἀλλ’
1078 5083 1136 5149 ἐξ
1162 5083 1406 5154 ἀνάγκης
1447 5085 1671 5154 θάτερον
1704 5085 1804 5152 μὲν
1851 5085 1946 5138 καὶ
1977 5085 2076 5154 μό-

518 5192 606 5226 νον
631 5175 856 5244 συνιστᾷ
903 5174 966 5226 τὸ
1019 5176 1335 5245 πρόσωπονο
1397 5176 1456 5229 τὸ
1495 5175 1540 5230 δ’
1575 5177 1703 5231 ἄλλο
1762 5178 1856 5232 καὶ
1890 5177 2078 5232 λοιπὸν

519 5263 708 5316 ἕπεται
729 5263 809 5333 τῷ
829 5257 1419 5334 προσώπῳ’συστάντι.

2097 4407 2148 4468 D

2171 3165 2344 3230 modi,
2374 3174 2457 3220 est
2483 3179 2593 3218 non
2621 3176 2756 3226 ens;
2782 3175 2892 3215 non
2916 3175 3015 3215 ens
3038 3173 3169 3214 vero
3198 3174 3306 3214 non
3332 3163 3510 3227 potest
3529 3151 3732 3210 consti-

2167 3271 2340 3323 tuere,
2372 3255 2519 3327 quod
2552 3269 2714 3324 supra
2744 3267 2964 3308 omnem
2997 3250 3359 3306 substantiam
3392 3258 3493 3304 est.
3527 3245 3732 3315 Super-

2164 3357 2251 3403 est
2295 3345 2503 3417 igitur,
2560 3343 2647 3398 vel
2698 3340 3086 3412 pateruitatem
3142 3339 3317 3394 solam
3347 3379 3361 3404 ,
3412 3337 3500 3392 vel
3560 3336 3732 3391 solam

2165 3435 2608 3510 productionem,
2644 3434 2732 3488 vel
2768 3434 2936 3487 etiam
2973 3429 3164 3484 ambas
3191 3443 3316 3522 esse
3341 3427 3578 3496 species,
3613 3441 3735 3494 quae

2171 3529 2511 3587 constituant
2536 3539 2825 3596 personam
2851 3523 3049 3580 Patris.
3076 3523 3146 3577 At
3178 3519 3326 3576 enim
3349 3519 3522 3576 amba:
3544 3528 3604 3573 ut
3625 3519 3738 3574 sint

2167 3621 2419 3692 ejusdem
2456 3617 2851 3680 constitutivae,
2900 3616 3056 3671 nullo
3088 3613 3250 3670 modo
3282 3611 3396 3668 ﬁeri
3429 3619 3630 3682 potest,
3666 3609 3738 3664 nb

2168 3715 2310 3770 hanc
2333 3713 2605 3768 rationem
2639 3727 2654 3764 :
2689 3710 2735 3766 si
2777 3709 2922 3765 enim
2952 3707 3128 3763 ambae
3162 3706 3514 3772 constituunt
3545 3717 3740 3772 perso-

2167 3821 2297 3862 nam
2340 3803 2564 3869 Patris,
2606 3803 2694 3860 vel
2753 3810 2810 3859 et
2863 3816 3114 3858 seorsum
3174 3813 3517 3870 unaquaeque
3560 3803 3742 3865 potest

2169 3915 2290 3957 eam
2322 3900 2687 3961 constituere,
2718 3895 2807 3950 vel
2829 3909 2963 3960 non,
2995 3894 3090 3950 sed
3122 3892 3300 3949 ambas
3334 3891 3520 3948 simul.
3553 3889 3608 3943 Si
3635 3888 3740 3956 igi-

2171 4003 2262 4046 tur
2303 3998 2359 4046 et
2386 3999 2617 4058 utraque
2643 4001 2893 4042 seorsum
2917 4025 2932 4050 ,
2966 3985 3105 4040 duas
3125 3999 3255 4056 ergo
3278 3981 3502 4039 habebit
3528 3980 3741 4051 species

2171 4084 2333 4140 Pater
2360 4100 2372 4136 :
2398 4091 2452 4136 et
2483 4093 2837 4150 consequens
2882 4076 3016 4132 illud
3057 4077 3184 4140 erit,
3227 4083 3428 4131 utnon
3470 4090 3596 4140 una,
3642 4071 3740 4128 sed

2172 4173 2375 4246 duplici
2400 4187 2634 4244 persona
2673 4171 2745 4226 sit
2776 4169 3061 4241 praeditus,
3089 4169 3296 4240 quippe
3326 4168 3419 4238 qui
3450 4167 3588 4222 duas
3618 4181 3742 4237 pcr-

2173 4267 2390 4323 sonalcs
2439 4266 2650 4335 species
2689 4263 2909 4326 haheat,
2949 4262 3118 4318 veluti
3154 4261 3199 4318 si
3239 4260 3365 4332 quis
3413 4261 3577 4316 homo
3605 4260 3742 4316 duas

2173 4359 2400 4413 haberet
2429 4357 2658 4423 animas,
2702 4354 2851 4426 quod
2890 4354 3190 4411 absurdum
3234 4363 3342 4411 est.
3372 4353 3429 4410 Si
3463 4369 3595 4409 vero
3631 4368 3740 4408 non

2177 4459 2431 4519 tanquam
2471 4457 2700 4517 utraque
2747 4461 3032 4508 seorsum,
3067 4443 3166 4499 sed
3194 4445 3367 4501 amba
3402 4444 3746 4500 constituant

2175 4540 2360 4605 simul,
2399 4553 2574 4608 neque
2605 4536 2698 4607 qui
2739 4537 2957 4592 Patrem
2990 4544 3204 4591 tantum
3246 4534 3401 4600 dicit,
3438 4550 3619 4606 neque
3650 4535 3744 4606 qui

2175 4631 2586 4702 productorem,
2616 4639 2897 4698 paternam
2928 4642 3222 4698 personam
3250 4628 3598 4699 signiﬁcavit.
3637 4628 3748 4684 Sed

2178 4723 2342 4794 hujus
2393 4722 2472 4776 rei
2520 4730 2693 4775 totum
2733 4719 3045 4789 appositum
3092 4718 3150 4773 in
3204 4735 3306 4774 usu
3352 4720 3627 4783 videmus,
3669 4720 3748 4774 si-

2178 4813 2402 4884 quidem
2429 4827 2621 4866 onmes
2654 4809 2906 4866 doctores
2945 4820 3166 4880 totaque
3199 4810 3484 4881 Scriptura
3523 4811 3747 4866 nomine

2178 4903 2356 4958 Patris
2382 4901 2621 4956 divinam
2659 4900 2830 4972 ipsius
2860 4901 3124 4956 denotant
3156 4903 3490 4974 hypostasim
3523 4922 3536 4958 :
3573 4904 3745 4957 nostri

2181 5009 2398 5066 quoque
2430 4993 2558 5048 dum
2592 4994 2980 5064 productorem
3003 4994 3262 5060 etl'erunt,
3289 4996 3504 5050 Patrem
3538 5004 3746 5050 tantum

2181 5086 2490 5157 signiﬁcare
2523 5085 2837 5156 cpinantur.
2883 5087 3000 5142 Non
3039 5087 3206 5156 igitur
3249 5103 3429 5157 neque
3470 5088 3552 5143 sic
3579 5091 3751 5143 amba:

2181 5190 2308 5234 sunt
2337 5178 2498 5233 simul
2529 5178 2922 5245 constitutivae,
2960 5189 3218 5248 tauquam
3252 5180 3424 5234 altera
3454 5181 3569 5234 sola
3603 5180 3752 5235 istud

2181 5271 2396 5327 etiicere
2458 5282 2718 5340 nequeat,
2778 5273 2871 5326 sed
2929 5272 3103 5325 amba:
3156 5271 3320 5326 simul
3378 5272 3750 5336 constituant;

519 5360 708 5430 Neque
749 5371 1005 5432 tanquam
1045 5371 1272 5431 utraque
1307 5377 1575 5428 seorsum,
1618 5373 1670 5418 et
1701 5381 1797 5434 per
1835 5380 1893 5420 se
1927 5366 2097 5436 ipsam
2130 5365 2310 5422 facere
2347 5366 2480 5422 satis
2513 5367 2605 5429 sit,
2637 5367 2732 5422 sed
2762 5382 2829 5421 ex
2863 5365 3186 5423 necessitate
3221 5369 3415 5430 altera,
3446 5367 3753 5437 etquidem

516 5454 630 5513 sola
670 5471 959 5525 personam
998 5456 1305 5524 constituit,
1347 5461 1516 5514 altera
1552 5475 1682 5514 vero
1706 5470 1761 5515 et
1799 5462 2006 5529 reliqua
2039 5479 2324 5533 personam
2360 5465 2711 5520 constitutam
2747 5464 3012 5533 sequitur.

601 5599 672 5651 Ἡ
701 5599 971 5666 προϐολὴ
1012 5618 1124 5654 ουκ
1180 5599 1353 5654 ἐστιν
1394 5604 1768 5657 συστατικὸν
1795 5605 2007 5661 αὐτοῦ.

591 5710 854 5768 Asinum.
882 5713 972 5767 οὖν
1023 5715 1055 5784 ἢ
1091 5715 1184 5784 τῖςν
1219 5716 1316 5786 μὲν
1350 5717 1666 5786 πατρότητα
1698 5717 1755 5770 τὸ
1787 5719 2080 5772 ὑποστατι-

2356 5607 2638 5662 Productio
2689 5625 2791 5660 non
2833 5615 2908 5661 est
2951 5607 3337 5660 constitutivum
3380 5610 3565 5678 ipsius.

2265 5717 2527 5788 Superest
2565 5719 2752 5787 igitur,
2788 5719 2870 5774 vel
2914 5721 3299 5788 patcrtzitatcm
3349 5718 3751 5786 hvt-ostatmtuu
