3966 6218
228 280 333 339 363

228 406 285 452 et
316 400 595 468 prepriam
651 402 831 460 Patris
874 421 997 464 esse
1047 417 1316 488 speciem,
1369 427 1789 494 productionem

229 498 415 543 autem
442 492 557 561 jam
611 493 795 563 ipsum
843 501 1206 561 constitutum
1242 492 1442 581 sequi;
1477 520 1564 575 vel
1598 533 1791 582 contra

229 580 653 646 productionem
693 602 986 656 personam
1012 594 1193 653 Patris
1215 580 1578 675 constituere,
1604 612 1793 670 Pater-

225 671 457 725 nitatem
489 682 544 729 et
574 692 841 745 generare
879 682 990 751 jam
1015 700 1141 741 eum
1174 694 1537 753 constitutum
1583 706 1739 775 sequi
1772 725 1789 763 :

225 761 321 816 sed
353 763 399 817 si
441 764 749 832 producere
784 774 1100 843 constituit,
1143 795 1409 849 generare
1436 804 1567 845 vero
1597 761 1788 865 sequi-

229 862 354 917 tur,
388 864 655 924 sequetur
694 861 903 932 aliquid
938 866 1267 940 absurdum,
1302 889 1368 931 ac
1404 889 1606 946 praeter
1637 861 1790 941 com-

222 957 443 999 munem
490 944 717 1006 Patrum
750 952 1106 1027 doctrinam;
1145 962 1251 1019 hoc
1279 944 1463 1024 autem
1510 984 1593 1029 est
1644 977 1790 1047 ejus-

220 1033 392 1089 modi.

217 1222 466 1287 operatio
523 1240 554 1280 a
606 1230 968 1290 constitutiva
1022 1236 1199 1306 ipsius
1248 1245 1436 1311 specie
1492 1222 1787 1321 provenit;

214 1319 432 1365 cunctae
466 1327 603 1371 vero
631 1318 755 1375 aliae
792 1326 1147 1391 operationes
1185 1344 1285 1399 per
1319 1332 1493 1401 ipsam
1524 1318 1785 1397 nimirum

212 1399 449 1467 primam
502 1408 905 1474 operationem.
946 1399 1434 1480 Quemadmodum
1477 1426 1546 1481 ab
1578 1429 1782 1497 anima,

211 1505 334 1558 quae
363 1502 448 1547 est
493 1499 852 1559 constitutiva
892 1508 1105 1575 species
1148 1509 1333 1578 Petri,
1381 1516 1559 1584 prima
1602 1530 1658 1576 et
1686 1521 1788 1576 im-

210 1581 447 1640 mediata
481 1587 656 1657 ipsius
684 1597 945 1662 Operatio
978 1604 1261 1670 provenit,
1295 1581 1416 1676 quae
1443 1610 1664 1679 quidem
1701 1625 1785 1671 est

210 1674 431 1744 vivere;
469 1680 698 1751 reliqua:
749 1701 884 1744 vero
917 1706 1016 1759 per
1046 1694 1247 1763 ipsam,
1290 1699 1443 1754 velut
1484 1701 1780 1773 inspicere,

207 1762 431 1831 docere,
451 1777 656 1839 texere,
694 1782 931 1843 struere,
964 1790 1019 1835 et
1042 1784 1401 1853 re‘liqua.Per
1430 1790 1608 1859 ipsum
1632 1795 1779 1850 enim

207 1855 413 1923 vivere,
439 1874 562 1928 qua:
592 1872 677 1917 est
708 1868 885 1933 prima
922 1878 979 1925 et
1010 1872 1327 1931 immediate
1358 1880 1482 1949 ejus
1506 1886 1776 1955 operatio,

206 1944 289 2000 lue
319 1965 511 2007 omnes
546 1963 603 2009 et
633 1956 860 2027 reliquae
890 1961 1226 2020 etiiciuntur.
1265 1966 1323 2023 Si
1358 1944 1778 2044 itaque-produ;

203 2055 330 2094 cere
367 2050 454 2096 est
489 2045 701 2114 species
731 2051 1095 2110 constitutiva
1127 2072 1381 2126 persona:
1426 2064 1627 2131 Patris,
1670 2068 1780 2137 spi-

201 2129 344 2183 ratio
376 2146 476 2186 seu
516 2138 800 2203 processio
838 2141 948 2196 erit
992 2146 1167 2214 prima
1207 2150 1328 2221 ejus
1360 2162 1416 2207 et
1459 2154 1775 2213 immediata

200 2223 470 2288 operatio.
524 2227 629 2281 Per
682 2229 865 2299 ipsum
918 2250 1052 2291 vero
1103 2241 1318 2310 spirare
1359 2251 1414 2298 et
1470 2248 1776 2315 producere

198 2315 552 2381 generabitur
594 2320 804 2388 Filius,
849 2340 915 2381 ac
964 2343 1074 2384 non
1113 2334 1351 2402 amplius
1397 2336 1639 2407 Spiritus
1677 2356 1776 2411 per

198 2402 418 2475 Filium,
458 2418 515 2464 ut
562 2425 817 2472 asserunt
858 2421 1120 2492 theologi,
1159 2425 1254 2480 sed
1301 2402 1473 2485 Filius
1509 2447 1609 2502 per
1646 2402 1772 2504 S-pi-

197 2496 366 2553 ritum
394 2505 681 2569 procedet.
716 2507 848 2575 Quae
876 2513 1061 2569 omnia
1100 2525 1215 2572 tum
1247 2521 1488 2587 veritati,
1509 2496 1627 2579 tum
1662 2496 1771 2582 tia-

195 2585 503 2647 ditionibus
526 2592 753 2652 Patrum
779 2608 836 2653 et
859 2605 1136 2659 communi
1164 2608 1284 2662 usui
1303 2585 1496 2665 eorum
1521 2612 1766 2669 obstant.

193 2782 507 2846 Paternum
573 2802 654 2848 est
722 2800 999 2880 propritim
1028 2872 1039 2880 _
1072 2806 1464 2863 constit-utivum
1528 2828 1766 2880 persona:

881 2869 1087 2927 Patris.

264 2977 469 3035 Verum
515 2982 779 3051 quoniam
824 2984 943 3041 hac
993 2986 1235 3044 absurda
1281 3002 1433 3059 sunt,
1487 2995 1760 3067 reliquum

191 3081 279 3127 est
306 3081 368 3126 ut
394 3074 709 3142 paternitas
750 3076 979 3145 quidem
1022 3094 1314 3148 personam
1346 3083 1523 3143 Patris
1551 3090 1760 3145 consti-

194 3171 332 3226 tuat,
352 3173 409 3219 et
426 3164 542 3221 haec
562 3166 684 3236 ejus
706 3166 776 3221 sit
798 3167 1022 3225 minime
1041 3175 1498 3232 communicanda
1524 3181 1759 3250 species,

190 3256 489 3327 productio
517 3266 699 3315 autem
730 3275 1018 3329 personam
1061 3263 1235 3331 ipsius
1259 3268 1371 3338 jam
1407 3272 1759 3328 constitutam

190 3355 476 3415 sequatur,
497 3363 607 3402 non
627 3348 855 3417 quidem
871 3359 931 3404 ut
956 3352 1219 3410 accidens
1241 3370 1337 3411 seu
1370 3357 1753 3430 adventitium,

189 3438 403 3493 nullum
425 3439 573 3494 enim
597 3441 858 3498 accidens
883 3443 938 3497 in
970 3444 1275 3512 Trinitate,
1302 3449 1399 3504 sed
1422 3453 1606 3508 omnia
1629 3464 1760 3511 sunt

187 3532 493 3586 secundum
520 3541 771 3589 naturam
801 3542 857 3590 ct
872 3536 1234 3593 substantiam
1259 3555 1273 3593 :
1300 3548 1467 3611 utque
1489 3559 1755 3613 generare

187 3621 363 3688 prima
390 3630 447 3676 et
491 3621 813 3678 immediata
848 3624 923 3679 sit
961 3641 1212 3694 personae
1248 3629 1430 3687 Patris
1479 3636 1751 3703 operatio,

185 3710 494 3780 producete
525 3727 657 3768 vero
676 3729 781 3784 per
808 3730 1075 3784 generare
1105 3717 1395 3777 eiliciatur.
1432 3722 1556 3780 Haec
1586 3726 1755 3796 igitur

182 3817 374 3857 eorum
412 3818 536 3873 quae
563 3803 801 3860 dicenda
830 3816 986 3873 sunt,
1027 3810 1184 3878 prius
1214 3824 1533 3882 sumantur,
1576 3819 1755 3873 veluti

184 3892 283 3948 toti
317 3893 559 3948 orationi
583 3896 921 3952 necessaria.

803 4009 1047 4083 Sumptio
1080 4014 1137 4071 Ξ.

134 4184 137 4191 ι
248 4120 329 4175 Ad
358 4121 476 4178 haec
509 4136 642 4179 vero
689 4134 946 4195 tanquam
976 4133 1287 4185 communia
1312 4132 1567 4191 dicantur
1596 4138 1749 4207 prius

179 4213 346 4268 etiam
384 4212 521 4270 haec.
564 4214 768 4271 Eorum
805 4233 928 4288 quae
958 4218 1012 4273 in
1060 4220 1174 4276 Deo
1217 4223 1499 4293 dicuntur,
1542 4230 1743 4299 partim

179 4305 404 4375 quidem
452 4314 583 4361 sunt
611 4308 927 4363 communia
966 4310 1227 4368 omnibus
1255 4318 1534 4384 personis,
1571 4321 1742 4376 veluti

176 4396 375 4464 bonus,
395 4406 453 4454 et
481 4400 721 4469 sapiens,
752 4410 808 4455 et
833 4401 1019 4457 omnia
1043 4403 1313 4461 absoluta.
1343 4405 1612 4465 Similiter
1639 4428 1739 4467 au-

179 4498 289 4544 tem
343 4500 398 4545 et
419 4504 541 4560 qua
573 4491 877 4546 secundum
922 4481 1278 4552 eminentiam
1318 4500 1387 4554 ad
1433 4503 1581 4557 entia
1614 4514 1743 4560 sunt

173 4580 518 4650 negationes,
552 4587 612 4635 ut
642 4581 941 4663 invisibile,
968 4594 1131 4656 atque
1164 4587 1745 4663 incompreliensibile,

173 4679 231 4725 ct
268 4670 494 4727 similia.
549 4661 849 4742 Praeterea,
897 4687 1168 4748 quotquot
1226 4679 1608 4740 habitudinem
1672 4661 1740 4741 ad

173 4764 507 4823 creationem
534 4765 821 4834 denotant,
857 4777 917 4823 ut
944 4784 1069 4826 esse
1097 4771 1370 4841 opiﬁcem,
1394 4784 1450 4829 et
1471 4777 1740 4846 judicem,

174 4864 487 4928 caeteraque
540 4858 833 4930 ejusmodi.
871 4858 1022 4915 Talia
1053 4861 1224 4933 igitur
1268 4869 1581 4924 communia
1609 4882 1740 4929 sunt

173 4948 435 5005 omnibus
486 4951 760 5021 personis.
812 4950 1070 5019 Quaedam
1114 4970 1248 5011 vero
1291 4966 1422 5013 sunt
1464 4963 1685 5033 propria
1721 4981 1736 5020 :

171 5040 527 5110 propriorum
571 5051 754 5098 autem
786 5045 1036 5114 qua‘dam
1071 5059 1200 5102 sunt
1239 5051 1459 5120 propria
1500 5053 1737 5112 duarum

171 5144 530 5198 personarum
574 5133 898 5191 habitudine
923 5136 1158 5206 quadam
1202 5138 1269 5193 ad
1299 5141 1571 5211 reliquam
1604 5161 1733 5215 per-

172 5238 386 5291 sonam,
439 5223 611 5279 vcluti
655 5225 777 5281 Filii
812 5243 876 5283 ac
932 5229 1176 5299 Spiritus
1223 5235 1400 5289 sancti
1448 5238 1732 5307 proprium

169 5324 401 5371 estesse
433 5327 686 5383 causata,
724 5320 809 5374 vel
854 5320 1031 5377 Patris
1058 5334 1114 5377 et
1153 5324 1275 5381 Filii
1319 5330 1603 5398 proprium
1648 5342 1735 5388 est

168 5406 387 5463 mittere
406 5407 674 5478 Spiritum
700 5422 973 5477 sanctum,
996 5414 1080 5469 vel
1097 5429 1287 5471 eorum
1305 5417 1415 5473 dici
1441 5419 1727 5490 Spiritum.

165 5496 423 5562 Quaxlam
461 5517 590 5556 vero
620 5504 837 5572 propria
860 5515 992 5560 sunt
1038 5508 1198 5563 unius
1216 5524 1487 5578 persona}.
1519 5513 1731 5571 Rursus

165 5604 356 5644 corum
396 5608 519 5662 qum
544 5594 765 5663 propria
801 5605 930 5649 sunt
959 5584 1124 5654 unius
1147 5613 1431 5669 personae,
1479 5606 1726 5673 quaedam

164 5682 237 5735 ita
263 5692 391 5736 sunt
433 5684 651 5749 propria
680 5689 1011 5755 personalia,
1046 5700 1103 5745 ut
1133 5703 1185 5748 et
1214 5691 1555 5761 bypostatica
1591 5700 1721 5767 sint,

1182 302 1697 377 BESSARIONIS
1737 321 1804 403 S.
1843 324 1919 392 R,
1969 330 2031 392 Ε.
2060 334 2526 402 CARDINALIS

3370 360 3477 424 364

1828 446 1869 507 Α
1898 446 1993 500 κὸν
2018 452 2113 503 καὶ
2138 452 2269 507 ἴδιον
2302 450 2442 519 εἶδος
2476 458 2570 510 τοῦ
2602 458 2813 528 Πατρὸς
2850 456 3018 528 εἶναι,
3078 466 3179 535 τὴν
3233 467 3291 522 δὲ
3339 488 3472 543 προ-

1898 535 2062 609 ϐολὴν
2093 539 2323 599 ἕπεσθαι
2358 548 2507 617 αὑτῷ
2533 548 2633 618 ἥδη
2662 552 2939 620 συστάντι,
2996 556 3030 627 ἢ
3057 557 3120 610 τὸ
3171 535 3469 634 ἀνάπαλιν,

1895 629 1997 697 τὴν
2028 631 2128 699 μὲν
2158 634 2431 707 προϐολὴν
2453 641 2709 709 συνιστᾷν
2740 640 2804 693 τὸ
2834 647 3102 715 πατρικὸν
3146 629 3465 719 πρόσωπον,

1894 719 1993 787 τὴν
2013 721 2069 775 δὲ
2102 726 2419 796 πατρότητα
2473 733 2567 785 καὶ
2613 734 2674 787 τὸ
2701 737 2897 806 γεννᾷν
2952 736 3181 795 ἕπεσθαι
3233 744 3333 815 ἤδη
3367 765 3456 801 συ-

1895 812 2104 868 στάντι.
2138 816 2281 871 Ἀλλ’
2312 822 2362 872 εὶ
2392 821 2451 874 τὸ
2485 824 2585 892 μὲν
2614 826 2945 896 προϐάλλειν
2996 812 3263 905 συνιστᾷ,
3311 812 3372 891 τὸ
3406 839 3462 892 δὲ

1895 906 2093 976 γεννᾷν
2119 906 2332 975 ἕπεται,
2368 913 2724 985 ἀκολουθήσει
2746 937 2796 972 τι
2818 919 3042 987 ἄτοπον,
3076 924 3167 977 κα)⁸
3188 928 3340 996 παρά
3364 930 3462 1000 τὴν

1892 994 2077 1064 κοινὴν
2119 999 2232 1052 τῶν
2285 1002 2546 1073 Πατέρων
2602 1006 2985 1066 διδασκαλίαν·
3063 1015 3221 1072 τοῦτο
3270 994 3459 1076 δ’ἐστι

1890 1099 2155 1141 τοιουτον.

1969 1173 2037 1228 Ἢ
2070 1179 2261 1250 πρώτη
2289 1182 2382 1235 καὶ
2432 1186 2635 1255 ἀμεσος
2668 1191 2898 1248 ἑκάστου
2947 1197 3243 1267 προσώπου
3308 1201 3459 1268 ιςνέρ⁴

1889 1279 2015 1329 γεια
2066 1268 2175 1322 ἀπὸ
2213 1271 2309 1324 τοῦ
2367 1279 2693 1333 συστατικοῦ
2748 1282 2925 1347 εἴδους
2993 1288 3161 1343 αὑτοῦ
3210 1291 3452 1360 πρόεισι,

1889 1356 2060 1411 πᾶσαι
2092 1358 2139 1411 δ’
2170 1359 2328 1416 ἄλλαι
2356 1366 2631 1436 ἐνέργειαι
2659 1370 2751 1425 διὰ
2802 1376 3011 1447 ταύτης
3036 1380 3137 1447 τῆς
3204 1356 3449 1453 πρώτης,

1887 1447 2088 1518 δηλαδὴ
2121 1452 2424 1522 ἐνεργείας·
2467 1458 2657 1532 ὥσπερ
2687 1465 2751 1519 ὲκ
2781 1467 2879 1534 τῆς
2908 1466 3090 1539 ψυχῆς
3147 1447 3271 1541 ἥτις
3330 1447 3451 1526 ιτὶτι

1888 1542 2207 1596 συστατικὸν
2241 1541 2380 1610 εἶδος
2410 1549 2505 1602 τοῦ
2539 1553 2773 1624 Πέτρου,
2807 1559 2840 1630 η
2881 1559 3075 1630 πρώτη
3098 1563 3195 1615 καὶ
3245 1564 3451 1631 ἄμεσος

1886 1625 2055 1680 αὐτοῦ
2085 1630 2333 1702 ἐνέργεια
2368 1637 2634 1708 πρόεισιν,
2678 1643 2802 1712 ἥτις
2979 1648 3041 1701 τὸ
3063 1625 3205 1720 ζῇν,
3258 1625 3316 1706 σὶι
3346 1625 3452 1707 λοιξ

1808 1767 1856 1828 Β
1887 1717 1991 1771 παὶ
2016 1718 2076 1772 δὲ
2106 1720 2195 1775 διὰ
2215 1723 2443 1797 ταύτης,
2497 1728 2688 1805 ὥσπερ
2718 1734 2782 1788 τὸ
2832 1737 3079 1808 θεωρεῖν,
3117 1717 3449 1809 Ἲδιδάσκειν,

1885 1806 2153 1879 ὑφαίνειν,
2181 1819 2510 1885 τεκταίνειν,
2568 1824 2664 1877 καὶ
2717 1825 2788 1881 τὰ
2828 1806 3011 1885 λοιπά.
3067 1806 3177 1886 ΫΔιὰ
3223 1835 3318 1888 τοῦ
3347 1806 3449 1906 ξῇν

1882 1902 2011 1970 γὰρ,
2045 1902 2171 1972 ἥτις
2202 1907 2320 1961 ἐστὶ
2353 1910 2544 1982 πρώτη
2574 1915 2669 1969 καὶ
2696 1916 2898 1987 ἄμεσος
2940 1921 3109 1976 αὑτοῦ
3170 1902 3444 1997 ἐνέργεια,

1882 1992 2052 2046 πᾶσαι
2078 1994 2236 2051 αῦται
2259 2001 2355 2067 καὶ
2378 2003 2432 2054 αί
2466 2003 2649 2059 λοιπαὶ
2673 2009 3043 2067 ἐπιτελοῦνται
3099 2015 3159 2069 Et
3190 2017 3324 2085 γοῦν
3350 2022 3446 2075 καὶ

1878 2083 1972 2137 τοῦ
1996 2087 2291 2157 προσώπου
2321 2094 2415 2146 τοῦ
2440 2099 2731 2167 πατρικοῦ,
2772 2102 2832 2156 τὸ
2860 2083 3210 2174 προϐάλλειν.
3244 2110 3363 2164 ἐστὶ
3382 2113 3444 2165 τὸ

1879 2178 2202 2233 συστατικὸν
2234 2176 2395 2251 εἶδος,
2421 2184 2573 2242 ἔσται
2609 2191 2641 2259 ἡ
2683 2191 2787 2262 μὲν
2831 2195 3078 2263 πνεῦσις,
3110 2199 3142 2270 ἢ
3181 2202 3443 2272 ἐκπορευ-

1878 2269 2045 2341 σις,ή
2092 2270 2286 2343 πρώτη
2340 2276 2501 2331 αὑτοῦ
2553 2285 2645 2334 καὶ
2679 2281 2885 2354 ἄμεσος
2951 2288 3228 2358 ἐνέργεια·
3268 2269 3357 2346 δια
3385 2294 3441 2348 at

1873 2358 1967 2412 τοῦ
2001 2364 2154 2416 πνεῖν
2185 2366 2275 2420 καὶ
2304 2369 2630 2437 προϐάλλειν
2678 2376 3075 2448 γεννηθήσεται
3106 2384 3135 2435 ὀ
3167 2383 3316 2449 Υἱὸς,
3346 2390 3439 2439 καὶ

1872 2451 2056 2506 οὐκέτι
2104 2455 2164 2507 τὸ
2200 2457 2425 2528 Πνεῦμα
2478 2462 2567 2517 διὰ
2626 2465 2721 2519 τοῦ
2750 2467 2907 2533 Υίοῦ,
2963 2469 3039 2535 ὡς
3082 2474 3131 2526 oi
3190 2474 3434 2537 θεολόγοι

1874 2545 2057 2610 φασὶν,
2105 2546 2222 2599 ἀλλ’
2255 2550 2283 2602 ὁ
2312 2550 2443 2617 Υἱὸς
2467 2554 2556 2608 διὰ
2609 2557 2704 2609 τοῦ
2765 2560 3082 2631 Πνεῦματος
3148 2566 3432 2635 πρόεισιν·

1870 2635 2087 2692 ἅπαντα
2138 2643 2357 2697 ἐναντία
2383 2648 2448 2715 τῇ
2482 2647 2735 2720 ἀληθείᾳ,
2773 2652 2867 2706 καὶ
2922 2655 3047 2718 ταῖς
3101 2657 3432 2726 παραδόσεσι

1866 2730 1979 2781 τῶν
2004 2729 2285 2800 Πατέρων,
2318 2739 2411 2789 καὶ
2438 2740 2505 2809 τῇ
2549 2743 2704 2811 κοινῇ
2740 2744 2934 2813 χρήσει
2995 2746 3198 2801 αὐτῶν.
3246 2736 3247 2739 ¹

1876 2836 1940 2893 Ἠ
1963 2841 2258 2910 πατρότης
2286 2845 2415 2929 ἐστὶ
2442 2847 2508 2901 τὸ
2533 2853 2912 2929 arietata-tor
2940 2855 3100 2929 ζδιον
3116 2856 3223 2914 τοῦ
3250 2872 3431 2929 προσ-

2284 2914 2451 2971 ώπου
2511 2920 2619 2973 τοῦ
2673 2926 2990 2990 πατρικοῦ,

1946 3022 2086 3077 Ἀλλ’
2109 3029 2229 3081 ἐπεὶ
2248 3030 2423 3086 ταῦτα
2455 3030 2655 3099 ἄτοπα,
2707 3035 2959 3092 λείπεται
3014 3039 3115 3113 τὴν
3165 3044 3266 3113 μὲν
3320 3063 3428 3099 πα-

1785 3107 1830 3172 C
1862 3113 2093 3184 τρότητα
2122 3117 2183 3170 τὸ
2223 3120 2516 3190 πρόσωπον
2543 3123 2604 3177 τὸ
2662 3129 2928 3195 πατρικὸν
2988 3107 3219 3204 συνιστᾷ
3234 3154 3285 3199 ν,
3333 3138 3428 3190 καὶ

1862 3199 2021 3256 τοῦτο
2049 3203 2216 3258 αὑτοῦ
2239 3207 2299 3260 τὸ
2329 3209 2697 3281 ἀκοινώνητον
2718 3209 2859 3279 εἶδος
2884 3213 3046 3285 εἶναι,
3073 3220 3171 3291 τὴν
3193 3199 3254 3275 δὲ
3295 3241 3425 3294 προ-

1860 3288 2022 3363 ϐολὴν
2053 3290 2281 3349 ἔπεσθαι
2312 3296 2390 3367 τῷ
2432 3301 2709 3372 προσώπῳ
2757 3304 2922 3358 αὑτοῦ
2974 3307 3074 3379 ἤδη
3126 3288 3419 3367 συστάντι.

1856 3382 1953 3453 οὐχ
2000 3383 2075 3448 ὡς
2129 3387 2499 3457 συμϐεϐηκὸς,
2550 3390 2584 3460 ἢ
2635 3392 2960 3464 ἐπίκτητον,
3030 3398 3321 3469 οὐδὲνγὰρ
3363 3405 3421 3457 ὲν

1855 3477 1922 3546 τῇ
1955 3473 2147 3546 Τριάδι
2180 3479 2551 3551 συμϐεϐηκὸς,
2582 3484 2720 3537 ἀλλά
2758 3487 2899 3540 κατὰ
2927 3488 3091 3557 φύσιν
3116 3493 3298 3547 πάντα
3326 3497 3421 3550 καὶ

1854 3566 2109 3637 οὐσιώδη·
2161 3572 2253 3623 καὶ
2284 3571 2346 3624 τὸ
2396 3572 2496 3642 μὲν
2561 3579 2762 3647 γεννᾷν
2842 3579 3069 3652 πρώτην
3123 3581 3284 3651 εἶναι,
3325 3588 3419 3639 καὶ

1854 3657 2058 3728 ἀμεσον
2089 3660 2369 3733 ἐνέργειαν
2394 3663 2487 3718 τοῦ
2515 3667 2813 3736 προσώπου
2856 3670 2956 3725 τοῦ
3010 3676 3307 3745 πατρικοῦ,
3354 3678 3418 3731 τὸ

1851 3747 1908 3799 δὲ
1941 3749 2267 3817 προϐάλλειν
2296 3753 2680 3811 ἀποτελεῖσθαι
2709 3761 2801 3813 διὰ
2829 3760 2921 3815 τοῦ
2957 3766 3176 3835 γεννᾷν.

1921 3836 2107 3892 Ταῦτα
2150 3841 2249 3912 μὲν
2281 3839 2374 3897 οῦν
2425 3850 2813 3920 προσειλήφθω
2854 3854 2965 3909 τῶν
3003 3856 3410 3929 ῥηθησομένων,

1850 3929 1927 3993 ὡς
1950 3930 2221 4000 ἀναγκαῖα
2251 3935 2329 4005 τῷ
2376 3941 2541 3993 παντὶ
2571 3939 2736 4010 λόγῳ.

2484 4048 2704 4121 Λῆμμα
2736 4052 2822 4119 β’·

1921 4149 2044 4203 Ἔτι
2071 4152 2123 4206 δ’
2152 4153 2227 4217 ώς
2260 4157 2417 4212 κοινὰ
2447 4163 2765 4233 προειρήθω
2794 4167 2890 4219 καὶ
2915 4169 3111 4225 ταῦτα.
3163 4173 3284 4228 Τῶν
3317 4176 3409 4230 ἐπὶ

1846 4240 1982 4295 Θεοῦ
2015 4242 2326 4315 λεγομένων
2353 4250 2421 4302 τὰ
2452 4251 2552 4319 μὲν
2584 4251 2704 4307 ἔστι
2735 4257 2894 4311 κοινὰ
2921 4262 3044 4325 ταῖς
3075 4264 3407 4322 ὑποστάσεσι

1847 4329 2071 4393 πάσαις,
2097 4332 2173 4395 ώς
2203 4333 2264 4387 τὸ
2290 4336 2492 4404 ἀγαθὸς
2520 4342 2612 4395 καὶ
2644 4345 2808 4413 σοφὸς
2840 4350 2935 4402 καὶ
2975 4352 3152 4406 πάντα
3178 4355 3247 4408 τὰ
3276 4358 3394 4411 ἀπο

1772 4455 1822 4511 D
1845 4417 2137 4490 λελυμένα·
2164 4427 2365 4495 ὁμοίως
2392 4428 2448 4482 δὲ
2472 4432 2642 4488 κοιὶαὶ
2673 4436 2811 4505 πρὸς
2832 4440 2898 4493 τὰ
2927 4439 3055 4495 ὄντα
3085 4444 3214 4498 καθ’
3239 4447 3417 4519 ὑπερέ

1846 4515 1977 4585 οχὴν
2004 4516 2329 4586 ἀποφάσεις,
2362 4522 2438 4598 ᾡς
2467 4524 2528 4578 τὸ
2575 4526 2829 4598 ἀόρατον,
2863 4535 2959 4587 καὶ
2994 4515 3403 4607 ἀκατάληπτον,

1841 4607 1937 4658 καὶ
1958 4606 2026 4660 τὰ
2056 4609 2305 4664 τοιαῦτα·
2340 4612 2422 4666 ἔτι
2449 4632 2509 4668 τε
2539 4617 2641 4671 ὅσα
2682 4618 2784 4689 τὴν
2812 4623 2951 4693 πρὸς
2984 4627 3164 4681 κτίσιν
3219 4631 3405 4701 σχέσιν
3438 4618 3459 4648 ’⁵

1841 4698 2121 4768 ἐμφαίνει,
2158 4704 2234 4767 ώς
2260 4705 2323 4757 τὸ
2369 4706 2725 4779 δημιουργὸς,
2779 4715 2877 4767 καὶ
2931 4720 3128 4789 κριτὴς
3191 4698 3283 4774 καί
3333 4723 3403 4776 τὰ

1838 4788 2021 4855 ὃμοια·
2048 4792 2117 4844 τὰ
2145 4792 2244 4862 μὲν
2276 4791 2371 4848 οὖν
2438 4798 2667 4852 τοιαῦτα
2722 4802 2882 4856 κοινὰ
2925 4807 3039 4868 τοῖς
3086 4807 3400 4876 προσώποις

1837 4878 1945 4933 eici.
1965 4882 2119 4935 πᾶσι·
2168 4884 2236 4938 τὰ
2270 4884 2329 4939 δέ
2356 4888 2508 4942 ἐστιν
2528 4888 2658 4945 ῐδια.
2717 4893 2825 4946 Καὶ
2856 4894 2965 4949 τῶν
2998 4896 3144 4950 ίδίων
3199 4901 3268 4951 τὰ
3299 4901 3399 4968 μέν

1837 4971 1987 5026 ἐστιν
2027 4974 2135 5029 ίδια
2161 4977 2306 5032 δυοῖν
2339 4982 2403 5051 τῇ
2440 4980 2576 5052 πρὸς
2604 4982 2665 5035 τὸ
2710 4983 2897 5041 λοιπὸν
2932 4988 3141 5057 σχέσει,
3208 4989 3399 5061 ὥσπερ

1844 5063 1951 5130 fit}:
1975 5066 2064 5118 καὶ
2101 5067 2537 5136 Πνεύματιίδιὸν
2580 5090 2641 5127 τε
2694 5077 2955 5142 αίτιατὸν,
3017 5080 3049 5149 ἦ
3089 5082 3261 5151 Πατρὶ
3307 5085 3395 5136 καὶ

1835 5151 1948 5222 Υἱῷ
1980 5152 2113 5207 ἴδιον
2138 5158 2201 5208 τὸ
2234 5157 2473 5227 πέμπειν
2501 5161 2562 5215 τὸ
2596 5163 2841 5232 Πνεῦμα·
2886 5167 2953 5220 τὰ
2999 5168 3055 5219 δὲ
3116 5169 3225 5224 [δια
3279 5172 3397 5235 ἑνὸς

1835 5244 2149 5314 προσώπου.
2200 5248 2322 5301 Τῶν
2342 5250 2397 5303 δὲ
2420 5251 2539 5314 ἑνὸς
2567 5254 2861 5323 προσώπου
2894 5257 3040 5311 ἰδίων
3079 5262 3263 5324 πάλιν,
3328 5265 3396 5316 τὰ

1835 5333 1935 5402 μὲν
1964 5333 2137 5400 οὕτως
2198 5338 2309 5393 [δια
2366 5344 2718 5411 προσωπικά,
2775 5347 2854 5409 ώς
2916 5350 3009 5401 καὶ
3050 5350 3394 5406 ὑποστατικά

1832 5422 1993 5495 εἶναι,
2018 5427 2209 5500 ὥσπερ
2239 5432 2274 5501 ἡ
2307 5433 2600 5506 πατρότης,
2658 5437 2691 5506 ἠ
2728 5437 2934 5508 υῑότης,
2988 5442 3087 5495 καὶ
3144 5444 3179 5513 ἡ
3228 5445 3392 5497 ἐκπό-

1831 5536 2038 5589 ρευσις·
2072 5522 2143 5574 τὰ
2168 5522 2223 5575 δὲ
2249 5525 2297 5577 εί
2330 5525 2425 5578 καὶ
2454 5528 2751 5596 πρόσεστιν
2802 5531 2883 5582 ἐνὶ
2913 5532 3084 5603 μόνῳ,
3143 5536 3261 5587 ἀλλ’
3296 5538 3392 5604 οὐχ

1829 5608 2086 5679 ὑφίστησι
2111 5611 2171 5664 τὸ
2200 5613 2520 5682 πρόσωπον,
2577 5617 2714 5671 ἀλλὰ
2740 5619 2904 5688 μόνον
2933 5624 3220 5692 γνωρίζει·
3275 5626 3383 5677 ώσ-

1829 5718 1936 5769 περ
1958 5703 2049 5757 ἐπὶ
2078 5703 2172 5758 τοῦ
2202 5706 2415 5776 Πατρὸς
2435 5709 2496 5763 τὸ
2530 5710 2845 5782 ἀγέννητον.
2877 5714 3002 5770 οῦτ’
3026 5712 3119 5771 οὖν
3134 5718 3199 5771 τὰ
3232 5720 3384 5770 κοινὰ
