  <div class='ocr_page' id='page_1' title='image "/cluster/home/n/w/nwhite01/storage/ocr_20150623/161/hvd.32044073502700/286.png"; bbox 0 0 3966 6218; ppageno 0'>
   <div class='ocr_carea' id='block_1_1' title="bbox 426 196 537 260">
    <p class='ocr_par' dir='ltr' id='par_1_1' title="bbox 426 196 537 260">
     <span class='ocr_line' id='line_1_1' title="bbox 426 196 537 260; baseline 0.027 -4"><span class='ocrx_word' id='word_1_1' title='bbox 426 196 537 260; x_wconf 76' lang='grc'><strong>365</strong></span> 
     </span>
    </p>
   </div>
   <div class='ocr_carea' id='block_1_2' title="bbox 1352 199 2762 268">
    <p class='ocr_par' dir='ltr' id='par_1_2' title="bbox 1352 199 2762 268">
     <span class='ocr_line' id='line_1_2' title="bbox 1352 199 2762 268; baseline 0.006 -9"><span class='ocrx_word' id='word_1_2' title='bbox 1352 199 1452 261; x_wconf 85' lang='lat' dir='ltr'><strong>DE</strong></span> <span class='ocrx_word' id='word_1_3' title='bbox 1494 199 2022 263; x_wconf 75' lang='lat' dir='ltr'><strong>PROCESSIONE</strong></span> <span class='ocrx_word' id='word_1_4' title='bbox 2063 202 2427 267; x_wconf 79' lang='lat' dir='ltr'><strong>SPIRITUS</strong></span> <span class='ocrx_word' id='word_1_5' title='bbox 2466 205 2762 268; x_wconf 75' lang='lat' dir='ltr'><strong>SANCTI.</strong></span> 
     </span>
    </p>
   </div>
   <div class='ocr_carea' id='block_1_3' title="bbox 3558 215 3665 281">
    <p class='ocr_par' dir='ltr' id='par_1_3' title="bbox 3558 215 3665 281">
     <span class='ocr_line' id='line_1_3' title="bbox 3558 215 3665 281; baseline 0.019 -2"><span class='ocrx_word' id='word_1_6' title='bbox 3558 215 3665 281; x_wconf 75' lang='lat'><strong>366</strong></span> 
     </span>
    </p>
   </div>
   <div class='ocr_carea' id='block_1_4' title="bbox 429 305 2011 392">
    <p class='ocr_par' dir='ltr' id='par_1_4' title="bbox 429 305 2001 378">
     <span class='ocr_line' id='line_1_4' title="bbox 429 305 2001 378; baseline 0.003 -18"><span class='ocrx_word' id='word_1_7' title='bbox 429 309 537 360; x_wconf 82' lang='grc' dir='ltr'>τῶν</span> <span class='ocrx_word' id='word_1_8' title='bbox 578 305 746 378; x_wconf 81' lang='grc' dir='ltr'>τριῶν</span> <span class='ocrx_word' id='word_1_9' title='bbox 799 307 1074 378; x_wconf 73' lang='grc' dir='ltr'><strong>ἰδιώματα</strong></span> <span class='ocrx_word' id='word_1_10' title='bbox 1128 307 1473 362; x_wconf 70' lang='grc' dir='ltr'>ύποστατικά</span> <span class='ocrx_word' id='word_1_11' title='bbox 1527 311 1691 376; x_wconf 79' lang='grc' dir='ltr'>εἰσιν,</span> <span class='ocrx_word' id='word_1_12' title='bbox 1753 308 1879 363; x_wconf 69' lang='grc' dir='ltr'>οὔτε</span> <span class='ocrx_word' id='word_1_13' title='bbox 1933 311 2001 364; x_wconf 80' lang='grc' dir='ltr'><strong>τὰ</strong></span> 
     </span>
    </p>
   </div>
   <div class='ocr_carea' id='block_1_5' title="bbox 2119 305 3665 392">
    <p class='ocr_par' dir='ltr' id='par_1_5' title="bbox 2119 312 3665 392">
     <span class='ocr_line' id='line_1_5' title="bbox 2119 312 3665 392; baseline 0.007 -24"><span class='ocrx_word' id='word_1_14' title='bbox 2119 312 2264 369; x_wconf 73' lang='lat' dir='ltr'><strong>sicuti</strong></span> <span class='ocrx_word' id='word_1_15' title='bbox 2309 315 2642 384; x_wconf 87' lang='lat' dir='ltr'><strong>paternitas,</strong></span> <span class='ocrx_word' id='word_1_16' title='bbox 2697 317 2890 374; x_wconf 81' lang='lat' dir='ltr'><strong>ﬁliatio</strong></span> <span class='ocrx_word' id='word_1_17' title='bbox 2943 328 2999 376; x_wconf 92' lang='lat' dir='ltr'><strong>et</strong></span> <span class='ocrx_word' id='word_1_18' title='bbox 3049 323 3351 391; x_wconf 82' lang='lat' dir='ltr'><strong>processio.</strong></span> <span class='ocrx_word' id='word_1_19' title='bbox 3406 326 3665 392; x_wconf 70' lang='lat' dir='ltr'><strong>Quu&#39;datn</strong></span> 
     </span>
    </p>
   </div>
   <div class='ocr_carea' id='block_1_6' title="bbox 428 397 2006 470">
    <p class='ocr_par' dir='ltr' id='par_1_6' title="bbox 428 397 2006 470">
     <span class='ocr_line' id='line_1_6' title="bbox 428 397 2006 470; baseline 0.002 -19"><span class='ocrx_word' id='word_1_20' title='bbox 428 399 573 451; x_wconf 88' lang='grc' dir='ltr'>δυοῖν</span> <span class='ocrx_word' id='word_1_21' title='bbox 604 398 710 450; x_wconf 79' lang='grc' dir='ltr'>ἴδια</span> <span class='ocrx_word' id='word_1_22' title='bbox 761 397 899 469; x_wconf 68' lang='grc' dir='ltr'>πρὸς</span> <span class='ocrx_word' id='word_1_23' title='bbox 931 399 989 451; x_wconf 61' lang='lat' dir='ltr'><strong>ab</strong></span> <span class='ocrx_word' id='word_1_24' title='bbox 1009 397 1212 468; x_wconf 85' lang='grc' dir='ltr'>τρίτον.</span> <span class='ocrx_word' id='word_1_25' title='bbox 1254 398 1394 453; x_wconf 75' lang='grc' dir='ltr'>Οὔτε</span> <span class='ocrx_word' id='word_1_26' title='bbox 1455 400 1564 469; x_wconf 84' lang='grc' dir='ltr'>μὴν</span> <span class='ocrx_word' id='word_1_27' title='bbox 1622 401 1690 454; x_wconf 68' lang='grc' dir='ltr'>τὰ</span> <span class='ocrx_word' id='word_1_28' title='bbox 1746 400 1863 463; x_wconf 62' lang='grc' dir='ltr'>έθδς</span> <span class='ocrx_word' id='word_1_29' title='bbox 1906 401 2006 470; x_wconf 73' lang='grc' dir='ltr'><strong>μὲν</strong></span> 
     </span>
    </p>
   </div>
   <div class='ocr_carea' id='block_1_7' title="bbox 430 489 2002 563">
    <p class='ocr_par' dir='ltr' id='par_1_7' title="bbox 430 489 2002 563">
     <span class='ocr_line' id='line_1_7' title="bbox 430 489 2002 563; baseline 0.002 -19"><span class='ocrx_word' id='word_1_30' title='bbox 430 491 554 552; x_wconf 76' lang='grc' dir='ltr'>ῖδια,</span> <span class='ocrx_word' id='word_1_31' title='bbox 587 489 728 542; x_wconf 80' lang='grc' dir='ltr'>οὕτω</span> <span class='ocrx_word' id='word_1_32' title='bbox 778 490 835 543; x_wconf 84' lang='grc' dir='ltr'>δὲ</span> <span class='ocrx_word' id='word_1_33' title='bbox 858 491 993 557; x_wconf 75' lang='grc' dir='ltr'>ἴδια,</span> <span class='ocrx_word' id='word_1_34' title='bbox 1049 491 1124 554; x_wconf 84' lang='grc' dir='ltr'><strong>ὡς</strong></span> <span class='ocrx_word' id='word_1_35' title='bbox 1173 491 1521 563; x_wconf 79' lang='grc' dir='ltr'>γνωριστικά</span> <span class='ocrx_word' id='word_1_36' title='bbox 1585 493 1682 546; x_wconf 74' lang='grc' dir='ltr'>καὶ</span> <span class='ocrx_word' id='word_1_37' title='bbox 1733 493 2002 563; x_wconf 78' lang='grc' dir='ltr'>ἑπόμενα.</span> 
     </span>
    </p>
   </div>
   <div class='ocr_carea' id='block_1_8' title="bbox 443 579 2008 655">
    <p class='ocr_par' dir='ltr' id='par_1_8' title="bbox 443 579 2008 655">
     <span class='ocr_line' id='line_1_8' title="bbox 443 579 2008 655; baseline 0.001 -19"><span class='ocrx_word' id='word_1_38' title='bbox 443 581 600 636; x_wconf 81' lang='grc' dir='ltr'>Ἀλλά</span> <span class='ocrx_word' id='word_1_39' title='bbox 630 581 834 646; x_wconf 85' lang='grc' dir='ltr'>ταύτας</span> <span class='ocrx_word' id='word_1_40' title='bbox 853 582 1020 653; x_wconf 77' lang='grc' dir='ltr'>μόνας</span> <span class='ocrx_word' id='word_1_41' title='bbox 1049 579 1190 636; x_wconf 75' lang='grc' dir='ltr'>εῖναι</span> <span class='ocrx_word' id='word_1_42' title='bbox 1209 585 1572 655; x_wconf 86' lang='grc' dir='ltr'>προσωπικάς</span> <span class='ocrx_word' id='word_1_43' title='bbox 1600 584 1889 654; x_wconf 80' lang='grc' dir='ltr'>ἰδιότητας,</span> <span class='ocrx_word' id='word_1_44' title='bbox 1909 586 2008 654; x_wconf 77' lang='grc' dir='ltr'>τὴν</span> 
     </span>
    </p>
   </div>
   <div class='ocr_carea' id='block_1_9' title="bbox 430 672 2006 748">
    <p class='ocr_par' dir='ltr' id='par_1_9' title="bbox 430 672 2006 748">
     <span class='ocr_line' id='line_1_9' title="bbox 430 672 2006 748; baseline 0.003 -23"><span class='ocrx_word' id='word_1_45' title='bbox 430 672 743 745; x_wconf 83' lang='grc' dir='ltr'>πατρότητα</span> <span class='ocrx_word' id='word_1_46' title='bbox 754 673 976 745; x_wconf 74' lang='grc' dir='ltr'>δηλαδὴ,</span> <span class='ocrx_word' id='word_1_47' title='bbox 997 678 1091 730; x_wconf 78' lang='grc' dir='ltr'>καὶ</span> <span class='ocrx_word' id='word_1_48' title='bbox 1109 674 1208 746; x_wconf 82' lang='grc' dir='ltr'>τὴν</span> <span class='ocrx_word' id='word_1_49' title='bbox 1230 677 1475 748; x_wconf 84' lang='grc' dir='ltr'>υίότητα,</span> <span class='ocrx_word' id='word_1_50' title='bbox 1497 678 1591 732; x_wconf 76' lang='grc' dir='ltr'>καὶ</span> <span class='ocrx_word' id='word_1_51' title='bbox 1623 677 1722 748; x_wconf 80' lang='grc' dir='ltr'><strong>τὴν</strong></span> <span class='ocrx_word' id='word_1_52' title='bbox 1739 678 2006 748; x_wconf 80' lang='grc' dir='ltr'>ὲκτιόρευ-</span> 
     </span>
    </p>
   </div>
   <div class='ocr_carea' id='block_1_10' title="bbox 435 764 2007 840">
    <p class='ocr_par' dir='ltr' id='par_1_10' title="bbox 435 764 2007 840">
     <span class='ocr_line' id='line_1_10' title="bbox 435 764 2007 840; baseline 0.002 -23"><span class='ocrx_word' id='word_1_53' title='bbox 435 781 543 832; x_wconf 89' lang='grc' dir='ltr'>σιν,</span> <span class='ocrx_word' id='word_1_54' title='bbox 567 764 645 829; x_wconf 85' lang='grc' dir='ltr'><strong>ὡς</strong></span> <span class='ocrx_word' id='word_1_55' title='bbox 665 765 872 830; x_wconf 85' lang='grc' dir='ltr'>ταύτας</span> <span class='ocrx_word' id='word_1_56' title='bbox 903 768 1075 837; x_wconf 78' lang='grc' dir='ltr'>μόνας</span> <span class='ocrx_word' id='word_1_57' title='bbox 1105 768 1427 838; x_wconf 68' lang='grc' dir='ltr'>ὑφεστώσας</span> <span class='ocrx_word' id='word_1_58' title='bbox 1457 769 1524 822; x_wconf 80' lang='grc' dir='ltr'><strong>τά</strong></span> <span class='ocrx_word' id='word_1_59' title='bbox 1547 769 1832 840; x_wconf 78' lang='grc' dir='ltr'>πρόσωπα.</span> <span class='ocrx_word' id='word_1_60' title='bbox 1860 769 1927 822; x_wconf 78' lang='grc' dir='ltr'>Ἀ</span> <span class='ocrx_word' id='word_1_61' title='bbox 1951 767 2007 821; x_wconf 84' lang='grc' dir='ltr'>δὲ</span> 
     </span>
    </p>
   </div>
   <div class='ocr_carea' id='block_1_11' title="bbox 430 857 2004 934">
    <p class='ocr_par' dir='ltr' id='par_1_11' title="bbox 430 857 2004 934">
     <span class='ocr_line' id='line_1_11' title="bbox 430 857 2004 934; baseline 0.002 -23"><span class='ocrx_word' id='word_1_62' title='bbox 430 857 573 911; x_wconf 97' lang='grc' dir='ltr'>δυοῖν</span> <span class='ocrx_word' id='word_1_63' title='bbox 593 857 698 912; x_wconf 75' lang='grc' dir='ltr'>ἴδια</span> <span class='ocrx_word' id='word_1_64' title='bbox 722 859 864 930; x_wconf 84' lang='grc' dir='ltr'>πρός</span> <span class='ocrx_word' id='word_1_65' title='bbox 896 859 957 913; x_wconf 75' lang='grc' dir='ltr'><strong>τὸ</strong></span> <span class='ocrx_word' id='word_1_66' title='bbox 973 861 1180 932; x_wconf 88' lang='grc' dir='ltr'>τρίτον,</span> <span class='ocrx_word' id='word_1_67' title='bbox 1212 862 1383 915; x_wconf 77' lang='grc' dir='ltr'>ταῦτα</span> <span class='ocrx_word' id='word_1_68' title='bbox 1405 862 1830 934; x_wconf 75' lang='grc' dir='ltr'>γνωρίσματα,ἥ</span> <span class='ocrx_word' id='word_1_69' title='bbox 1862 860 2004 916; x_wconf 78' lang='grc' dir='ltr'>ίὸιώο</span> 
     </span>
    </p>
   </div>
   <div class='ocr_carea' id='block_1_12' title="bbox 434 947 2002 1023">
    <p class='ocr_par' dir='ltr' id='par_1_12' title="bbox 434 947 2002 1023">
     <span class='ocr_line' id='line_1_12' title="bbox 434 947 2002 1023; baseline 0.003 -22"><span class='ocrx_word' id='word_1_70' title='bbox 434 965 577 1017; x_wconf 80' lang='grc' dir='ltr'>ματα</span> <span class='ocrx_word' id='word_1_71' title='bbox 606 947 701 1004; x_wconf 88' lang='grc' dir='ltr'><strong>δύο</strong></span> <span class='ocrx_word' id='word_1_72' title='bbox 729 951 894 1006; x_wconf 87' lang='grc' dir='ltr'>τινῶν</span> <span class='ocrx_word' id='word_1_73' title='bbox 926 948 1068 1007; x_wconf 79' lang='grc' dir='ltr'>εἶναι</span> <span class='ocrx_word' id='word_1_74' title='bbox 1119 952 1450 1022; x_wconf 84' lang='grc' dir='ltr'><strong>προσώπων.</strong></span> <span class='ocrx_word' id='word_1_75' title='bbox 1499 955 1641 1008; x_wconf 74' lang='grc' dir='ltr'><strong>εΚαὶ</strong></span> <span class='ocrx_word' id='word_1_76' title='bbox 1687 954 1863 1009; x_wconf 83' lang='grc' dir='ltr'>ταῦτα</span> <span class='ocrx_word' id='word_1_77' title='bbox 1903 952 2002 1023; x_wconf 67' lang='grc' dir='ltr'>μὲν</span> 
     </span>
    </p>
   </div>
   <div class='ocr_carea' id='block_1_13' title="bbox 430 1041 626 1107">
    <p class='ocr_par' dir='ltr' id='par_1_13' title="bbox 430 1041 626 1107">
     <span class='ocr_line' id='line_1_13' title="bbox 430 1041 626 1107; baseline 0.015 -13"><span class='ocrx_word' id='word_1_78' title='bbox 430 1041 626 1107; x_wconf 75' lang='grc' dir='ltr'>οὕτως.</span> 
     </span>
    </p>
   </div>
   <div class='ocr_carea' id='block_1_14' title="bbox 2109 405 3667 476">
    <p class='ocr_par' dir='ltr' id='par_1_14' title="bbox 2109 405 3667 476">
     <span class='ocr_line' id='line_1_14' title="bbox 2109 405 3667 476; baseline 0.007 -19"><span class='ocrx_word' id='word_1_79' title='bbox 2109 418 2258 470; x_wconf 84' lang='lat' dir='ltr'><strong>vero,</strong></span> <span class='ocrx_word' id='word_1_80' title='bbox 2293 405 2546 474; x_wconf 79' lang='lat' dir='ltr'><strong>quamvis</strong></span> <span class='ocrx_word' id='word_1_81' title='bbox 2578 406 2751 461; x_wconf 89' lang='lat' dir='ltr'><strong>insint</strong></span> <span class='ocrx_word' id='word_1_82' title='bbox 2792 409 2884 463; x_wconf 87' lang='lat' dir='ltr'><strong>uni</strong></span> <span class='ocrx_word' id='word_1_83' title='bbox 2918 411 3044 476; x_wconf 85' lang='lat' dir='ltr'><strong>soli,</strong></span> <span class='ocrx_word' id='word_1_84' title='bbox 3090 428 3284 468; x_wconf 87' lang='lat' dir='ltr'><strong>verum</strong></span> <span class='ocrx_word' id='word_1_85' title='bbox 3318 429 3429 468; x_wconf 88' lang='lat' dir='ltr'><strong>non</strong></span> <span class='ocrx_word' id='word_1_86' title='bbox 3458 416 3667 470; x_wconf 88' lang='lat' dir='ltr'><strong>consti-</strong></span> 
     </span>
    </p>
   </div>
   <div class='ocr_carea' id='block_1_15' title="bbox 2111 494 3672 570">
    <p class='ocr_par' dir='ltr' id='par_1_15' title="bbox 2111 494 3672 570">
     <span class='ocr_line' id='line_1_15' title="bbox 2111 494 3672 570; baseline 0.007 -22"><span class='ocrx_word' id='word_1_87' title='bbox 2111 503 2293 559; x_wconf 88' lang='lat' dir='ltr'><strong>tuunt,</strong></span> <span class='ocrx_word' id='word_1_88' title='bbox 2326 494 2423 550; x_wconf 89' lang='lat' dir='ltr'><strong>sed</strong></span> <span class='ocrx_word' id='word_1_89' title='bbox 2453 505 2665 551; x_wconf 90' lang='lat' dir='ltr'><strong>tantum</strong></span> <span class='ocrx_word' id='word_1_90' title='bbox 2697 497 2980 553; x_wconf 74' lang='lat' dir='ltr'><strong>declarant</strong></span> <span class='ocrx_word' id='word_1_91' title='bbox 3013 515 3328 570; x_wconf 85' lang='lat' dir='ltr'><strong>personam,</strong></span> <span class='ocrx_word' id='word_1_92' title='bbox 3353 513 3412 558; x_wconf 92' lang='lat' dir='ltr'><strong>ut</strong></span> <span class='ocrx_word' id='word_1_93' title='bbox 3435 504 3491 558; x_wconf 89' lang='lat' dir='ltr'><strong>in</strong></span> <span class='ocrx_word' id='word_1_94' title='bbox 3507 504 3672 559; x_wconf 90' lang='lat' dir='ltr'><strong>Patre</strong></span> 
     </span>
    </p>
   </div>
   <div class='ocr_carea' id='block_1_16' title="bbox 2107 585 3674 660">
    <p class='ocr_par' dir='ltr' id='par_1_16' title="bbox 2107 585 3674 660">
     <span class='ocr_line' id='line_1_16' title="bbox 2107 585 3674 660; baseline 0.006 -21"><span class='ocrx_word' id='word_1_95' title='bbox 2107 599 2228 640; x_wconf 88' lang='lat' dir='ltr'><strong>esse</strong></span> <span class='ocrx_word' id='word_1_96' title='bbox 2265 585 2595 656; x_wconf 74' lang='lat' dir='ltr'><strong>ingenitum.</strong></span> <span class='ocrx_word' id='word_1_97' title='bbox 2623 586 2813 657; x_wconf 87' lang='lat' dir='ltr'><strong>Neque</strong></span> <span class='ocrx_word' id='word_1_98' title='bbox 2844 587 3015 658; x_wconf 80' lang='lat' dir='ltr'><strong>igitur</strong></span> <span class='ocrx_word' id='word_1_99' title='bbox 3051 606 3173 660; x_wconf 82' lang='lat' dir='ltr'><strong>quae</strong></span> <span class='ocrx_word' id='word_1_100' title='bbox 3206 594 3520 648; x_wconf 87' lang='lat' dir='ltr'><strong>communia</strong></span> <span class='ocrx_word' id='word_1_101' title='bbox 3545 606 3674 648; x_wconf 88' lang='lat' dir='ltr'><strong>sunt.</strong></span> 
     </span>
    </p>
   </div>
   <div class='ocr_carea' id='block_1_17' title="bbox 2109 675 3670 754">
    <p class='ocr_par' dir='ltr' id='par_1_17' title="bbox 2109 675 3670 754">
     <span class='ocr_line' id='line_1_17' title="bbox 2109 675 3670 754; baseline 0.004 -23"><span class='ocrx_word' id='word_1_102' title='bbox 2109 675 2286 731; x_wconf 88' lang='lat' dir='ltr'><strong>tribus</strong></span> <span class='ocrx_word' id='word_1_103' title='bbox 2341 677 2618 746; x_wconf 89' lang='lat' dir='ltr'><strong>personis,</strong></span> <span class='ocrx_word' id='word_1_104' title='bbox 2675 678 3038 748; x_wconf 78' lang='lat' dir='ltr'><strong>proprietates</strong></span> <span class='ocrx_word' id='word_1_105' title='bbox 3096 691 3226 736; x_wconf 89' lang='lat' dir='ltr'><strong>sunt</strong></span> <span class='ocrx_word' id='word_1_106' title='bbox 3277 683 3670 754; x_wconf 77' lang='lat' dir='ltr'><strong>hypostaticae;</strong></span> 
     </span>
    </p>
   </div>
   <div class='ocr_carea' id='block_1_18' title="bbox 2114 767 3676 844">
    <p class='ocr_par' dir='ltr' id='par_1_18' title="bbox 2114 767 3676 844">
     <span class='ocr_line' id='line_1_18' title="bbox 2114 767 3676 844; baseline 0.005 -20"><span class='ocrx_word' id='word_1_107' title='bbox 2114 782 2293 836; x_wconf 86' lang='lat' dir='ltr'><strong>neque</strong></span> <span class='ocrx_word' id='word_1_108' title='bbox 2331 781 2394 821; x_wconf 86' lang='lat' dir='ltr'><strong>ea</strong></span> <span class='ocrx_word' id='word_1_109' title='bbox 2429 783 2550 833; x_wconf 72' lang='lat' dir='ltr'><strong>quae</strong></span> <span class='ocrx_word' id='word_1_110' title='bbox 2581 767 2815 823; x_wconf 87' lang='lat' dir='ltr'><strong>duarum</strong></span> <span class='ocrx_word' id='word_1_111' title='bbox 2835 769 2902 824; x_wconf 90' lang='lat' dir='ltr'><strong>ad</strong></span> <span class='ocrx_word' id='word_1_112' title='bbox 2931 773 3150 826; x_wconf 81' lang='lat' dir='ltr'><strong>tertiam</strong></span> <span class='ocrx_word' id='word_1_113' title='bbox 3182 776 3403 844; x_wconf 85' lang='lat' dir='ltr'><strong>prepria</strong></span> <span class='ocrx_word' id='word_1_114' title='bbox 3428 786 3576 830; x_wconf 88' lang='lat' dir='ltr'><strong>sunt.</strong></span> <span class='ocrx_word' id='word_1_115' title='bbox 3609 779 3676 832; x_wconf 80' lang='lat' dir='ltr'><strong>At</strong></span> 
     </span>
    </p>
   </div>
   <div class='ocr_carea' id='block_1_19' title="bbox 2111 859 3676 938">
    <p class='ocr_par' dir='ltr' id='par_1_19' title="bbox 2111 859 3676 938">
     <span class='ocr_line' id='line_1_19' title="bbox 2111 859 3676 938; baseline 0.006 -26"><span class='ocrx_word' id='word_1_116' title='bbox 2111 873 2292 929; x_wconf 88' lang='lat' dir='ltr'><strong>neque</strong></span> <span class='ocrx_word' id='word_1_117' title='bbox 2322 873 2444 929; x_wconf 72' lang='lat' dir='ltr'><strong>quae</strong></span> <span class='ocrx_word' id='word_1_118' title='bbox 2467 859 2632 915; x_wconf 87' lang='lat' dir='ltr'><strong>unius</strong></span> <span class='ocrx_word' id='word_1_119' title='bbox 2666 862 2886 931; x_wconf 89' lang='lat' dir='ltr'><strong>propria</strong></span> <span class='ocrx_word' id='word_1_120' title='bbox 2921 874 3070 926; x_wconf 86' lang='lat' dir='ltr'><strong>sunt,</strong></span> <span class='ocrx_word' id='word_1_121' title='bbox 3109 865 3186 920; x_wconf 79' lang='lat' dir='ltr'><strong>ita</strong></span> <span class='ocrx_word' id='word_1_122' title='bbox 3224 874 3406 922; x_wconf 90' lang='lat' dir='ltr'><strong>tamen</strong></span> <span class='ocrx_word' id='word_1_123' title='bbox 3434 869 3676 938; x_wconf 83' lang='lat' dir='ltr'><strong>propria,</strong></span> 
     </span>
    </p>
   </div>
   <div class='ocr_carea' id='block_1_20' title="bbox 2110 954 3679 1028">
    <p class='ocr_par' dir='ltr' id='par_1_20' title="bbox 2110 954 3679 1028">
     <span class='ocr_line' id='line_1_20' title="bbox 2110 954 3679 1028; baseline 0.005 -22"><span class='ocrx_word' id='word_1_124' title='bbox 2110 959 2172 1007; x_wconf 90' lang='lat' dir='ltr'><strong>ut</strong></span> <span class='ocrx_word' id='word_1_125' title='bbox 2199 966 2321 1021; x_wconf 75' lang='lat' dir='ltr'><strong>quae</strong></span> <span class='ocrx_word' id='word_1_126' title='bbox 2346 960 2534 1006; x_wconf 87' lang='lat' dir='ltr'><strong>notam</strong></span> <span class='ocrx_word' id='word_1_127' title='bbox 2563 962 2620 1008; x_wconf 90' lang='lat' dir='ltr'><strong>et</strong></span> <span class='ocrx_word' id='word_1_128' title='bbox 2657 954 3000 1010; x_wconf 79' lang='lat' dir='ltr'><strong>manifestam</strong></span> <span class='ocrx_word' id='word_1_129' title='bbox 3040 955 3268 1022; x_wconf 75' lang='lat' dir='ltr'><strong>faciant,</strong></span> <span class='ocrx_word' id='word_1_130' title='bbox 3295 965 3352 1012; x_wconf 92' lang='lat' dir='ltr'><strong>et</strong></span> <span class='ocrx_word' id='word_1_131' title='bbox 3377 970 3679 1028; x_wconf 78' lang='lat' dir='ltr'><strong>sequantur</strong></span> 
     </span>
    </p>
   </div>
   <div class='ocr_carea' id='block_1_21' title="bbox 2107 1045 3680 1120">
    <p class='ocr_par' dir='ltr' id='par_1_21' title="bbox 2107 1045 3680 1120">
     <span class='ocr_line' id='line_1_21' title="bbox 2107 1045 3680 1120; baseline 0.004 -21"><span class='ocrx_word' id='word_1_132' title='bbox 2107 1059 2426 1115; x_wconf 86' lang='lat' dir='ltr'><strong>personam.</strong></span> <span class='ocrx_word' id='word_1_133' title='bbox 2451 1045 2559 1100; x_wconf 86' lang='lat' dir='ltr'><strong>Sed</strong></span> <span class='ocrx_word' id='word_1_134' title='bbox 2588 1061 2668 1101; x_wconf 72' lang='lat' dir='ltr'><strong>ea:</strong></span> <span class='ocrx_word' id='word_1_135' title='bbox 2695 1056 2906 1102; x_wconf 88' lang='lat' dir='ltr'><strong>tatttum</strong></span> <span class='ocrx_word' id='word_1_136' title='bbox 2935 1055 3062 1102; x_wconf 88' lang='lat' dir='ltr'><strong>sunt</strong></span> <span class='ocrx_word' id='word_1_137' title='bbox 3095 1049 3414 1118; x_wconf 85' lang='lat' dir='ltr'><strong>personales</strong></span> <span class='ocrx_word' id='word_1_138' title='bbox 3435 1053 3680 1120; x_wconf 75' lang='lat' dir='ltr'><strong>proprie-</strong></span> 
     </span>
    </p>
   </div>
   <div class='ocr_carea' id='block_1_22' title="bbox 433 1140 3680 1212">
    <p class='ocr_par' dir='ltr' id='par_1_22' title="bbox 433 1140 3680 1212">
     <span class='ocr_line' id='line_1_22' title="bbox 433 1140 3680 1212; baseline 0.003 -20"><span class='ocrx_word' id='word_1_139' title='bbox 433 1146 590 1204; x_wconf 90' lang='lat' dir='ltr'><strong>tates,</strong></span> <span class='ocrx_word' id='word_1_140' title='bbox 620 1140 925 1209; x_wconf 88' lang='lat' dir='ltr'><strong>pateruitas</strong></span> <span class='ocrx_word' id='word_1_141' title='bbox 953 1141 1241 1212; x_wconf 82' lang='lat' dir='ltr'><strong>nimirum,</strong></span> <span class='ocrx_word' id='word_1_142' title='bbox 1270 1150 1329 1198; x_wconf 89' lang='lat' dir='ltr'><strong>et</strong></span> <span class='ocrx_word' id='word_1_143' title='bbox 1375 1144 1567 1201; x_wconf 81' lang='lat' dir='ltr'><strong>ﬁliatio</strong></span> <span class='ocrx_word' id='word_1_144' title='bbox 1629 1153 1686 1200; x_wconf 89' lang='lat' dir='ltr'><strong>et</strong></span> <span class='ocrx_word' id='word_1_145' title='bbox 1747 1140 2068 1212; x_wconf 85' lang='lat' dir='ltr'><strong>processio,</strong></span> <span class='ocrx_word' id='word_1_146' title='bbox 2107 1140 2311 1210; x_wconf 90' lang='lat' dir='ltr'><strong>quippe</strong></span> <span class='ocrx_word' id='word_1_147' title='bbox 2354 1155 2477 1210; x_wconf 54' lang='lat' dir='ltr'><strong>quae.</strong></span> <span class='ocrx_word' id='word_1_148' title='bbox 2514 1141 2599 1198; x_wconf 71' lang='lat' dir='ltr'><strong>ha:</strong></span> <span class='ocrx_word' id='word_1_149' title='bbox 2652 1142 2782 1197; x_wconf 69' lang='lat' dir='ltr'><strong>solas</strong></span> <span class='ocrx_word' id='word_1_150' title='bbox 2827 1158 3088 1212; x_wconf 81' lang='lat' dir='ltr'><strong>personas</strong></span> <span class='ocrx_word' id='word_1_151' title='bbox 3139 1147 3501 1202; x_wconf 86' lang='lat' dir='ltr'><strong>constituunt.</strong></span> <span class='ocrx_word' id='word_1_152' title='bbox 3551 1147 3680 1212; x_wconf 83' lang='lat' dir='ltr'><strong>Quae</strong></span> 
     </span>
    </p>
   </div>
   <div class='ocr_carea' id='block_1_23' title="bbox 429 1233 3679 1311">
    <p class='ocr_par' dir='ltr' id='par_1_23' title="bbox 429 1233 3679 1311">
     <span class='ocr_line' id='line_1_23' title="bbox 429 1233 3679 1311; baseline 0.001 -23"><span class='ocrx_word' id='word_1_153' title='bbox 429 1247 562 1288; x_wconf 88' lang='lat' dir='ltr'><strong>vero</strong></span> <span class='ocrx_word' id='word_1_154' title='bbox 615 1233 853 1290; x_wconf 86' lang='lat' dir='ltr'><strong>duarum</strong></span> <span class='ocrx_word' id='word_1_155' title='bbox 891 1251 1252 1307; x_wconf 89' lang='lat' dir='ltr'><strong>personarum</strong></span> <span class='ocrx_word' id='word_1_156' title='bbox 1297 1240 1368 1296; x_wconf 88' lang='lat' dir='ltr'><strong>ad</strong></span> <span class='ocrx_word' id='word_1_157' title='bbox 1412 1241 1628 1299; x_wconf 84' lang='lat' dir='ltr'><strong>tertiam</strong></span> <span class='ocrx_word' id='word_1_158' title='bbox 1682 1238 1905 1311; x_wconf 89' lang='lat' dir='ltr'><strong>propria</strong></span> <span class='ocrx_word' id='word_1_159' title='bbox 1963 1241 2127 1302; x_wconf 88' lang='lat' dir='ltr'><strong>sunt,</strong></span> <span class='ocrx_word' id='word_1_160' title='bbox 2164 1233 2420 1290; x_wconf 89' lang='lat' dir='ltr'><strong>notiones</strong></span> <span class='ocrx_word' id='word_1_161' title='bbox 2480 1235 2566 1290; x_wconf 89' lang='lat' dir='ltr'><strong>vel</strong></span> <span class='ocrx_word' id='word_1_162' title='bbox 2613 1235 2982 1306; x_wconf 82' lang='lat' dir='ltr'><strong>praprietates</strong></span> <span class='ocrx_word' id='word_1_163' title='bbox 3032 1235 3266 1291; x_wconf 87' lang='lat' dir='ltr'><strong>duarum</strong></span> <span class='ocrx_word' id='word_1_164' title='bbox 3315 1251 3679 1310; x_wconf 87' lang='lat' dir='ltr'><strong>personarum</strong></span> 
     </span>
    </p>
   </div>
   <div class='ocr_carea' id='block_1_24' title="bbox 429 1327 1686 1404">
    <p class='ocr_par' dir='ltr' id='par_1_24' title="bbox 429 1327 1686 1404">
     <span class='ocr_line' id='line_1_24' title="bbox 429 1327 1686 1404; baseline 0.005 -20"><span class='ocrx_word' id='word_1_165' title='bbox 429 1327 728 1387; x_wconf 76' lang='lat' dir='ltr'><strong>exsistunt.</strong></span> <span class='ocrx_word' id='word_1_166' title='bbox 757 1331 826 1386; x_wconf 87' lang='lat' dir='ltr'><strong>Et</strong></span> <span class='ocrx_word' id='word_1_167' title='bbox 859 1332 976 1389; x_wconf 66' lang='lat' dir='ltr'><strong>haec</strong></span> <span class='ocrx_word' id='word_1_168' title='bbox 997 1332 1224 1404; x_wconf 80' lang='lat' dir='ltr'><strong>quidem</strong></span> <span class='ocrx_word' id='word_1_169' title='bbox 1255 1334 1329 1391; x_wconf 87' lang='lat' dir='ltr'><strong>ita</strong></span> <span class='ocrx_word' id='word_1_170' title='bbox 1368 1351 1427 1392; x_wconf 83' lang='lat' dir='ltr'><strong>se</strong></span> <span class='ocrx_word' id='word_1_171' title='bbox 1457 1336 1686 1392; x_wconf 81' lang='lat' dir='ltr'><strong>habent.</strong></span> 
     </span>
    </p>
   </div>
   <div class='ocr_carea' id='block_1_25' title="bbox 505 1419 2011 1498">
    <p class='ocr_par' dir='ltr' id='par_1_25' title="bbox 505 1425 1994 1498">
     <span class='ocr_line' id='line_1_25' title="bbox 505 1425 1994 1498; baseline 0.001 -19"><span class='ocrx_word' id='word_1_172' title='bbox 505 1425 726 1481; x_wconf 81' lang='grc' dir='ltr'><strong>Τούτων</strong></span> <span class='ocrx_word' id='word_1_173' title='bbox 781 1427 838 1481; x_wconf 78' lang='grc' dir='ltr'>δὲ</span> <span class='ocrx_word' id='word_1_174' title='bbox 899 1426 1176 1498; x_wconf 77' lang='grc' dir='ltr'><strong>ῥηθέντων</strong></span> <span class='ocrx_word' id='word_1_175' title='bbox 1233 1430 1718 1486; x_wconf 88' lang='grc' dir='ltr'>συναποδείκνυται</span> <span class='ocrx_word' id='word_1_176' title='bbox 1780 1432 1877 1485; x_wconf 80' lang='grc' dir='ltr'>καὶ</span> <span class='ocrx_word' id='word_1_177' title='bbox 1933 1426 1994 1482; x_wconf 77' lang='grc' dir='ltr'>τὸ</span> 
     </span>
    </p>
   </div>
   <div class='ocr_carea' id='block_1_26' title="bbox 2119 1419 3681 1498">
    <p class='ocr_par' dir='ltr' id='par_1_26' title="bbox 2169 1419 3681 1490">
     <span class='ocr_line' id='line_1_26' title="bbox 2169 1419 3681 1490; baseline -0.001 -14"><span class='ocrx_word' id='word_1_178' title='bbox 2169 1421 2265 1476; x_wconf 80' lang='lat' dir='ltr'><strong>llis</strong></span> <span class='ocrx_word' id='word_1_179' title='bbox 2316 1434 2451 1476; x_wconf 89' lang='lat' dir='ltr'><strong>vero</strong></span> <span class='ocrx_word' id='word_1_180' title='bbox 2495 1419 2683 1486; x_wconf 89' lang='lat' dir='ltr'><strong>dictis,</strong></span> <span class='ocrx_word' id='word_1_181' title='bbox 2729 1419 3004 1490; x_wconf 81' lang='lat' dir='ltr'><strong>probatur</strong></span> <span class='ocrx_word' id='word_1_182' title='bbox 3037 1419 3282 1490; x_wconf 87' lang='lat' dir='ltr'><strong>Spiritus</strong></span> <span class='ocrx_word' id='word_1_183' title='bbox 3337 1432 3564 1476; x_wconf 78' lang='lat' dir='ltr'><strong>sanctus</strong></span> <span class='ocrx_word' id='word_1_184' title='bbox 3613 1437 3681 1474; x_wconf 74' lang='lat' dir='ltr'><strong>cx</strong></span> 
     </span>
    </p>
   </div>
   <div class='ocr_carea' id='block_1_27' title="bbox 431 1516 2003 1592">
    <p class='ocr_par' dir='ltr' id='par_1_27' title="bbox 431 1516 2003 1592">
     <span class='ocr_line' id='line_1_27' title="bbox 431 1516 2003 1592; baseline 0 -20"><span class='ocrx_word' id='word_1_185' title='bbox 431 1517 660 1588; x_wconf 85' lang='grc' dir='ltr'>Πνεῦμα</span> <span class='ocrx_word' id='word_1_186' title='bbox 695 1517 756 1572; x_wconf 83' lang='grc' dir='ltr'>τὸ</span> <span class='ocrx_word' id='word_1_187' title='bbox 792 1516 948 1588; x_wconf 72' lang='grc' dir='ltr'>ἅγιον</span> <span class='ocrx_word' id='word_1_188' title='bbox 986 1520 1050 1574; x_wconf 78' lang='grc' dir='ltr'>ἑκ</span> <span class='ocrx_word' id='word_1_189' title='bbox 1091 1520 1303 1592; x_wconf 84' lang='grc' dir='ltr'>Πατρδς</span> <span class='ocrx_word' id='word_1_190' title='bbox 1340 1520 1407 1574; x_wconf 80' lang='grc' dir='ltr'><strong>δι’</strong></span> <span class='ocrx_word' id='word_1_191' title='bbox 1434 1519 1564 1574; x_wconf 81' lang='grc' dir='ltr'>Υίοῦ</span> <span class='ocrx_word' id='word_1_192' title='bbox 1605 1519 2003 1591; x_wconf 63' lang='grc' dir='ltr'><strong>ἐκπορεύεσθαι</strong></span> 
     </span>
    </p>
   </div>
   <div class='ocr_carea' id='block_1_28' title="bbox 431 1606 1434 1670">
    <p class='ocr_par' dir='ltr' id='par_1_28' title="bbox 431 1606 1434 1670">
     <span class='ocr_line' id='line_1_28' title="bbox 431 1606 1434 1670; baseline -0.006 -10"><span class='ocrx_word' id='word_1_193' title='bbox 431 1606 626 1670; x_wconf 77' lang='grc' dir='ltr'>οὕτως.</span> <span class='ocrx_word' id='word_1_194' title='bbox 1413 1645 1434 1654; x_wconf 72' lang='lat'><strong>-</strong></span> 
     </span>
    </p>
   </div>
   <div class='ocr_carea' id='block_1_29' title="bbox 502 1699 2004 1777">
    <p class='ocr_par' dir='ltr' id='par_1_29' title="bbox 502 1699 2004 1777">
     <span class='ocr_line' id='line_1_29' title="bbox 502 1699 2004 1777; baseline 0.003 -25"><span class='ocrx_word' id='word_1_195' title='bbox 502 1699 605 1753; x_wconf 85' lang='grc' dir='ltr'>Διά</span> <span class='ocrx_word' id='word_1_196' title='bbox 647 1700 748 1768; x_wconf 84' lang='grc' dir='ltr'>τῆς</span> <span class='ocrx_word' id='word_1_197' title='bbox 787 1701 1013 1772; x_wconf 82' lang='grc' dir='ltr'><strong>πρώτης</strong></span> <span class='ocrx_word' id='word_1_198' title='bbox 1058 1703 1155 1755; x_wconf 75' lang='grc' dir='ltr'>καὶ</span> <span class='ocrx_word' id='word_1_199' title='bbox 1199 1702 1406 1773; x_wconf 81' lang='grc' dir='ltr'><strong>ἀμέσου</strong></span> <span class='ocrx_word' id='word_1_200' title='bbox 1448 1703 1731 1777; x_wconf 76' lang='grc' dir='ltr'><strong>ἐνεργείας</strong></span> <span class='ocrx_word' id='word_1_201' title='bbox 1773 1704 2004 1760; x_wconf 79' lang='grc' dir='ltr'><strong>ἑκάστου</strong></span> 
     </span>
    </p>
   </div>
   <div class='ocr_carea' id='block_1_30' title="bbox 433 1789 2008 1863">
    <p class='ocr_par' dir='ltr' id='par_1_30' title="bbox 433 1789 2008 1863">
     <span class='ocr_line' id='line_1_30' title="bbox 433 1789 2008 1863; baseline 0.002 -21"><span class='ocrx_word' id='word_1_202' title='bbox 433 1790 608 1843; x_wconf 80' lang='grc' dir='ltr'>πᾶσαι</span> <span class='ocrx_word' id='word_1_203' title='bbox 649 1790 705 1842; x_wconf 78' lang='lat' dir='ltr'><strong>ai</strong></span> <span class='ocrx_word' id='word_1_204' title='bbox 747 1789 904 1845; x_wconf 83' lang='grc' dir='ltr'>άλλαι</span> <span class='ocrx_word' id='word_1_205' title='bbox 944 1789 1326 1846; x_wconf 70' lang='grc' dir='ltr'>δπιτελοῦνται</span> <span class='ocrx_word' id='word_1_206' title='bbox 1368 1791 1666 1862; x_wconf 65' lang='grc' dir='ltr'>ἐνέργειαι.</span> <span class='ocrx_word' id='word_1_207' title='bbox 1709 1793 1910 1863; x_wconf 87' lang='grc' dir='ltr'>Πρώτη</span> <span class='ocrx_word' id='word_1_208' title='bbox 1952 1792 2008 1845; x_wconf 72' lang='grc' dir='ltr'>δὲ</span> 
     </span>
    </p>
   </div>
   <div class='ocr_carea' id='block_1_31' title="bbox 433 1881 2009 1956">
    <p class='ocr_par' dir='ltr' id='par_1_31' title="bbox 433 1881 2009 1956">
     <span class='ocr_line' id='line_1_31' title="bbox 433 1881 2009 1956; baseline 0.001 -22"><span class='ocrx_word' id='word_1_209' title='bbox 433 1881 684 1949; x_wconf 76' lang='grc' dir='ltr'>ἐνέργεια</span> <span class='ocrx_word' id='word_1_210' title='bbox 714 1882 808 1934; x_wconf 70' lang='grc' dir='ltr'>καὶ</span> <span class='ocrx_word' id='word_1_211' title='bbox 840 1881 1044 1950; x_wconf 81' lang='grc' dir='ltr'>ἀμεσος</span> <span class='ocrx_word' id='word_1_212' title='bbox 1067 1881 1163 1938; x_wconf 90' lang='grc' dir='ltr'><strong>τοῦ</strong></span> <span class='ocrx_word' id='word_1_213' title='bbox 1195 1883 1407 1954; x_wconf 82' lang='grc' dir='ltr'>Πατρός</span> <span class='ocrx_word' id='word_1_214' title='bbox 1436 1886 1554 1938; x_wconf 74' lang='grc' dir='ltr'>ἐστι</span> <span class='ocrx_word' id='word_1_215' title='bbox 1579 1885 1639 1938; x_wconf 85' lang='grc' dir='ltr'>τὸ</span> <span class='ocrx_word' id='word_1_216' title='bbox 1665 1884 1882 1956; x_wconf 79' lang='grc' dir='ltr'>γεννᾷν.</span> <span class='ocrx_word' id='word_1_217' title='bbox 1908 1883 2009 1937; x_wconf 84' lang='grc' dir='ltr'><strong>Διὰ</strong></span> 
     </span>
    </p>
   </div>
   <div class='ocr_carea' id='block_1_32' title="bbox 432 1970 2004 2045">
    <p class='ocr_par' dir='ltr' id='par_1_32' title="bbox 432 1970 2004 2045">
     <span class='ocr_line' id='line_1_32' title="bbox 432 1970 2004 2045; baseline 0.003 -22"><span class='ocrx_word' id='word_1_218' title='bbox 432 1970 527 2024; x_wconf 85' lang='grc' dir='ltr'><strong>τοῦ</strong></span> <span class='ocrx_word' id='word_1_219' title='bbox 566 1971 761 2041; x_wconf 76' lang='grc' dir='ltr'>γεννᾷν</span> <span class='ocrx_word' id='word_1_220' title='bbox 803 1971 912 2041; x_wconf 77' lang='grc' dir='ltr'><strong>ἀρα</strong></span> <span class='ocrx_word' id='word_1_221' title='bbox 952 1973 984 2043; x_wconf 76' lang='grc' dir='ltr'>ἡ</span> <span class='ocrx_word' id='word_1_222' title='bbox 1027 1973 1123 2026; x_wconf 88' lang='grc' dir='ltr'><strong>τοῦ</strong></span> <span class='ocrx_word' id='word_1_223' title='bbox 1169 1977 1323 2028; x_wconf 89' lang='grc' dir='ltr'>πνεῖν</span> <span class='ocrx_word' id='word_1_224' title='bbox 1363 1975 1693 2029; x_wconf 77' lang='grc' dir='ltr'>ἐπιτελεῖται</span> <span class='ocrx_word' id='word_1_225' title='bbox 1730 1975 2004 2045; x_wconf 70' lang='grc' dir='ltr'>ἐνέργεια.</span> 
     </span>
    </p>
   </div>
   <div class='ocr_carea' id='block_1_33' title="bbox 434 2061 2008 2136">
    <p class='ocr_par' dir='ltr' id='par_1_33' title="bbox 434 2061 2008 2136">
     <span class='ocr_line' id='line_1_33' title="bbox 434 2061 2008 2136; baseline 0.001 -20"><span class='ocrx_word' id='word_1_226' title='bbox 434 2062 545 2116; x_wconf 75' lang='grc' dir='ltr'><strong>Καὶ</strong></span> <span class='ocrx_word' id='word_1_227' title='bbox 565 2061 737 2126; x_wconf 80' lang='grc' dir='ltr'>οὕτως</span> <span class='ocrx_word' id='word_1_228' title='bbox 754 2064 817 2116; x_wconf 70' lang='grc' dir='ltr'>ἐκ</span> <span class='ocrx_word' id='word_1_229' title='bbox 845 2063 1058 2134; x_wconf 68' lang='grc' dir='ltr'>Πατρός</span> <span class='ocrx_word' id='word_1_230' title='bbox 1086 2064 1154 2118; x_wconf 83' lang='grc' dir='ltr'><strong>δι’</strong></span> <span class='ocrx_word' id='word_1_231' title='bbox 1180 2065 1312 2119; x_wconf 83' lang='grc' dir='ltr'>Υίοῦ</span> <span class='ocrx_word' id='word_1_232' title='bbox 1325 2066 1685 2136; x_wconf 78' lang='grc' dir='ltr'>ἐκπορεύεται</span> <span class='ocrx_word' id='word_1_233' title='bbox 1703 2066 1764 2120; x_wconf 82' lang='grc' dir='ltr'>τὸ</span> <span class='ocrx_word' id='word_1_234' title='bbox 1786 2065 2008 2136; x_wconf 80' lang='grc' dir='ltr'>Πνεῦμα</span> 
     </span>
    </p>
   </div>
   <div class='ocr_carea' id='block_1_34' title="bbox 434 2151 2011 2227">
    <p class='ocr_par' dir='ltr' id='par_1_34' title="bbox 434 2151 2011 2227">
     <span class='ocr_line' id='line_1_34' title="bbox 434 2151 2011 2227; baseline 0.001 -22"><span class='ocrx_word' id='word_1_235' title='bbox 434 2151 497 2205; x_wconf 81' lang='grc' dir='ltr'><strong>τὺ</strong></span> <span class='ocrx_word' id='word_1_236' title='bbox 525 2151 703 2220; x_wconf 84' lang='grc' dir='ltr'>ἀγιον.</span> <span class='ocrx_word' id='word_1_237' title='bbox 733 2153 807 2206; x_wconf 74' lang='grc' dir='ltr'>Τὸ</span> <span class='ocrx_word' id='word_1_238' title='bbox 835 2152 893 2206; x_wconf 63' lang='grc' dir='ltr'>δὲ</span> <span class='ocrx_word' id='word_1_239' title='bbox 925 2152 1001 2208; x_wconf 81' lang='grc' dir='ltr'>δι’</span> <span class='ocrx_word' id='word_1_240' title='bbox 1025 2154 1163 2209; x_wconf 84' lang='grc' dir='ltr'>Υίοῦ</span> <span class='ocrx_word' id='word_1_241' title='bbox 1192 2155 1314 2210; x_wconf 90' lang='grc' dir='ltr'>τίνα</span> <span class='ocrx_word' id='word_1_242' title='bbox 1344 2156 1444 2226; x_wconf 82' lang='grc' dir='ltr'>τὴν</span> <span class='ocrx_word' id='word_1_243' title='bbox 1474 2155 1704 2226; x_wconf 88' lang='grc' dir='ltr'>δύναμιν</span> <span class='ocrx_word' id='word_1_244' title='bbox 1736 2155 1850 2227; x_wconf 73' lang='grc' dir='ltr'>ἔχει</span> <span class='ocrx_word' id='word_1_245' title='bbox 1869 2197 1885 2223; x_wconf 90' lang='grc'><strong>,</strong></span> <span class='ocrx_word' id='word_1_246' title='bbox 1916 2156 2011 2209; x_wconf 81' lang='grc' dir='ltr'>καὶ</span> 
     </span>
    </p>
   </div>
   <div class='ocr_carea' id='block_1_35' title="bbox 433 2243 2011 2318">
    <p class='ocr_par' dir='ltr' id='par_1_35' title="bbox 433 2243 2011 2318">
     <span class='ocr_line' id='line_1_35' title="bbox 433 2243 2011 2318; baseline 0.004 -22"><span class='ocrx_word' id='word_1_247' title='bbox 433 2244 489 2296; x_wconf 89' lang='grc' dir='ltr'><strong>τί</strong></span> <span class='ocrx_word' id='word_1_248' title='bbox 514 2245 547 2316; x_wconf 76' lang='grc' dir='ltr'>ἡ</span> <span class='ocrx_word' id='word_1_249' title='bbox 574 2243 673 2298; x_wconf 85' lang='grc' dir='ltr'>διὰ</span> <span class='ocrx_word' id='word_1_250' title='bbox 698 2244 932 2300; x_wconf 74' lang='grc' dir='ltr'>ἐνταῦθα</span> <span class='ocrx_word' id='word_1_251' title='bbox 957 2245 1128 2316; x_wconf 87' lang='grc' dir='ltr'>δηλοῖ,</span> <span class='ocrx_word' id='word_1_252' title='bbox 1155 2247 1235 2300; x_wconf 86' lang='grc' dir='ltr'>ὅτι</span> <span class='ocrx_word' id='word_1_253' title='bbox 1261 2247 1458 2318; x_wconf 85' lang='grc' dir='ltr'>δηλαδὴ</span> <span class='ocrx_word' id='word_1_254' title='bbox 1485 2247 1665 2301; x_wconf 75' lang='grc' dir='ltr'>αἰτίαν</span> <span class='ocrx_word' id='word_1_255' title='bbox 1692 2248 2011 2318; x_wconf 79' lang='grc' dir='ltr'>μεσιτεύον-</span> 
     </span>
    </p>
   </div>
   <div class='ocr_carea' id='block_1_36' title="bbox 441 2321 2009 2410">
    <p class='ocr_par' dir='ltr' id='par_1_36' title="bbox 441 2321 2009 2410">
     <span class='ocr_line' id='line_1_36' title="bbox 441 2321 2009 2410; baseline 0.003 -20"><span class='ocrx_word' id='word_1_256' title='bbox 441 2352 576 2403; x_wconf 83' lang='grc' dir='ltr'>σαν,</span> <span class='ocrx_word' id='word_1_257' title='bbox 617 2336 820 2403; x_wconf 80' lang='grc' dir='ltr'>ἱκανῶς</span> <span class='ocrx_word' id='word_1_258' title='bbox 855 2321 920 2391; x_wconf 64' lang='grc' dir='ltr'><strong>ὲιῖ</strong></span> <span class='ocrx_word' id='word_1_259' title='bbox 946 2336 1023 2409; x_wconf 84' lang='grc' dir='ltr'>τῷ</span> <span class='ocrx_word' id='word_1_260' title='bbox 1056 2338 1197 2408; x_wconf 75' lang='grc' dir='ltr'>Περὶ</span> <span class='ocrx_word' id='word_1_261' title='bbox 1232 2325 1502 2408; x_wconf 57' lang='grc' dir='ltr'>ἐνὼσεως</span> <span class='ocrx_word' id='word_1_262' title='bbox 1536 2339 1812 2394; x_wconf 73' lang='grc' dir='ltr'>δείκνυται</span> <span class='ocrx_word' id='word_1_263' title='bbox 1845 2339 2009 2410; x_wconf 82' lang='grc' dir='ltr'>λόγῳ.</span> 
     </span>
    </p>
   </div>
   <div class='ocr_carea' id='block_1_37' title="bbox 515 2513 2011 2588">
    <p class='ocr_par' dir='ltr' id='par_1_37' title="bbox 515 2513 2011 2588">
     <span class='ocr_line' id='line_1_37' title="bbox 515 2513 2011 2588; baseline 0.001 -19"><span class='ocrx_word' id='word_1_264' title='bbox 515 2515 635 2569; x_wconf 84' lang='grc' dir='ltr'>Ἔτι</span> <span class='ocrx_word' id='word_1_265' title='bbox 665 2515 728 2569; x_wconf 79' lang='grc' dir='ltr'><strong>τὸ</strong></span> <span class='ocrx_word' id='word_1_266' title='bbox 761 2513 990 2586; x_wconf 78' lang='grc' dir='ltr'>Πνεῦμα</span> <span class='ocrx_word' id='word_1_267' title='bbox 1020 2515 1083 2570; x_wconf 75' lang='grc' dir='ltr'>τὸ</span> <span class='ocrx_word' id='word_1_268' title='bbox 1117 2515 1275 2586; x_wconf 77' lang='grc' dir='ltr'>ἅγιον</span> <span class='ocrx_word' id='word_1_269' title='bbox 1305 2518 1338 2588; x_wconf 79' lang='grc' dir='ltr'>ἢ</span> <span class='ocrx_word' id='word_1_270' title='bbox 1368 2517 1434 2570; x_wconf 79' lang='grc' dir='ltr'>ὲκ</span> <span class='ocrx_word' id='word_1_271' title='bbox 1467 2515 1562 2571; x_wconf 86' lang='grc' dir='ltr'><strong>τοῦ</strong></span> <span class='ocrx_word' id='word_1_272' title='bbox 1599 2517 1810 2588; x_wconf 76' lang='grc' dir='ltr'>Πατρδς</span> <span class='ocrx_word' id='word_1_273' title='bbox 1844 2518 2011 2571; x_wconf 69' lang='grc' dir='ltr'>ἔκπο-</span> 
     </span>
    </p>
   </div>
   <div class='ocr_carea' id='block_1_38' title="bbox 448 2605 2014 2680">
    <p class='ocr_par' dir='ltr' id='par_1_38' title="bbox 448 2605 2014 2680">
     <span class='ocr_line' id='line_1_38' title="bbox 448 2605 2014 2680; baseline 0.002 -21"><span class='ocrx_word' id='word_1_274' title='bbox 448 2605 667 2678; x_wconf 86' lang='grc' dir='ltr'>ρεύεται</span> <span class='ocrx_word' id='word_1_275' title='bbox 703 2608 864 2677; x_wconf 85' lang='grc' dir='ltr'>μόνον</span> <span class='ocrx_word' id='word_1_276' title='bbox 887 2645 904 2672; x_wconf 88' lang='grc'><strong>,</strong></span> <span class='ocrx_word' id='word_1_277' title='bbox 934 2607 968 2678; x_wconf 78' lang='grc' dir='ltr'>ἦ</span> <span class='ocrx_word' id='word_1_278' title='bbox 1005 2607 1105 2661; x_wconf 83' lang='grc' dir='ltr'>οὐκ</span> <span class='ocrx_word' id='word_1_279' title='bbox 1137 2607 1203 2662; x_wconf 80' lang='grc' dir='ltr'>ἐκ</span> <span class='ocrx_word' id='word_1_280' title='bbox 1239 2608 1403 2679; x_wconf 83' lang='grc' dir='ltr'>μόνον</span> <span class='ocrx_word' id='word_1_281' title='bbox 1434 2608 1529 2662; x_wconf 89' lang='grc' dir='ltr'><strong>τοῦ</strong></span> <span class='ocrx_word' id='word_1_282' title='bbox 1566 2609 1782 2680; x_wconf 86' lang='grc' dir='ltr'>Πατρός</span> <span class='ocrx_word' id='word_1_283' title='bbox 1806 2625 1822 2641; x_wconf 76' lang='grc' dir='ltr'><strong><em>ο</em></strong></span> <span class='ocrx_word' id='word_1_284' title='bbox 1861 2609 2014 2662; x_wconf 73' lang='grc' dir='ltr'>ἀντυ-</span> 
     </span>
    </p>
   </div>
   <div class='ocr_carea' id='block_1_39' title="bbox 441 2701 2011 2774">
    <p class='ocr_par' dir='ltr' id='par_1_39' title="bbox 441 2701 2011 2774">
     <span class='ocr_line' id='line_1_39' title="bbox 441 2701 2011 2774; baseline -0.001 -17"><span class='ocrx_word' id='word_1_285' title='bbox 441 2703 659 2773; x_wconf 76' lang='grc' dir='ltr'>φάσεως</span> <span class='ocrx_word' id='word_1_286' title='bbox 683 2702 793 2773; x_wconf 84' lang='grc' dir='ltr'><strong>γὰρ</strong></span> <span class='ocrx_word' id='word_1_287' title='bbox 819 2702 970 2756; x_wconf 68' lang='grc' dir='ltr'>ούδὶν</span> <span class='ocrx_word' id='word_1_288' title='bbox 999 2701 1232 2774; x_wconf 78' lang='grc' dir='ltr'>μεταξύ.</span> <span class='ocrx_word' id='word_1_289' title='bbox 1269 2702 1427 2756; x_wconf 81' lang='grc' dir='ltr'>Ἀλλά</span> <span class='ocrx_word' id='word_1_290' title='bbox 1456 2702 1562 2773; x_wconf 80' lang='grc' dir='ltr'>μὴν</span> <span class='ocrx_word' id='word_1_291' title='bbox 1587 2705 1688 2756; x_wconf 88' lang='grc' dir='ltr'>οὐκ</span> <span class='ocrx_word' id='word_1_292' title='bbox 1715 2701 2011 2774; x_wconf 75' lang='grc' dir='ltr'>ἐκπορεύε-</span> 
     </span>
    </p>
   </div>
   <div class='ocr_carea' id='block_1_40' title="bbox 437 2792 2016 2864">
    <p class='ocr_par' dir='ltr' id='par_1_40' title="bbox 437 2792 2016 2864">
     <span class='ocr_line' id='line_1_40' title="bbox 437 2792 2016 2864; baseline -0.001 -17"><span class='ocrx_word' id='word_1_293' title='bbox 437 2811 531 2849; x_wconf 83' lang='grc' dir='ltr'><strong>ται</strong></span> <span class='ocrx_word' id='word_1_294' title='bbox 557 2796 621 2847; x_wconf 80' lang='grc' dir='ltr'>ὲκ</span> <span class='ocrx_word' id='word_1_295' title='bbox 648 2794 811 2864; x_wconf 88' lang='grc' dir='ltr'>μόνου</span> <span class='ocrx_word' id='word_1_296' title='bbox 836 2794 930 2847; x_wconf 85' lang='grc' dir='ltr'><strong>τοῦ</strong></span> <span class='ocrx_word' id='word_1_297' title='bbox 958 2793 1172 2864; x_wconf 84' lang='grc' dir='ltr'>Πατρός</span> <span class='ocrx_word' id='word_1_298' title='bbox 1189 2809 1203 2824; x_wconf 89' lang='grc'><strong>·</strong></span> <span class='ocrx_word' id='word_1_299' title='bbox 1235 2794 1286 2847; x_wconf 82' lang='grc' dir='ltr'>ει</span> <span class='ocrx_word' id='word_1_300' title='bbox 1310 2794 1366 2848; x_wconf 67' lang='grc' dir='ltr'>δὲ</span> <span class='ocrx_word' id='word_1_301' title='bbox 1391 2793 1489 2847; x_wconf 82' lang='grc' dir='ltr'>οὐκ</span> <span class='ocrx_word' id='word_1_302' title='bbox 1514 2793 1579 2848; x_wconf 70' lang='grc' dir='ltr'>ἐκ</span> <span class='ocrx_word' id='word_1_303' title='bbox 1606 2793 1802 2863; x_wconf 84' lang='grc' dir='ltr'>μόνον,</span> <span class='ocrx_word' id='word_1_304' title='bbox 1829 2795 1925 2848; x_wconf 76' lang='grc' dir='ltr'>καὶ</span> <span class='ocrx_word' id='word_1_305' title='bbox 1951 2792 2016 2845; x_wconf 74' lang='grc' dir='ltr'>ἔκ</span> 
     </span>
    </p>
   </div>
   <div class='ocr_carea' id='block_1_41' title="bbox 440 2883 2013 2957">
    <p class='ocr_par' dir='ltr' id='par_1_41' title="bbox 440 2883 2013 2957">
     <span class='ocr_line' id='line_1_41' title="bbox 440 2883 2013 2957; baseline -0.001 -18"><span class='ocrx_word' id='word_1_306' title='bbox 440 2885 536 2940; x_wconf 87' lang='grc' dir='ltr'><strong>τοῦ</strong></span> <span class='ocrx_word' id='word_1_307' title='bbox 570 2884 700 2939; x_wconf 85' lang='grc' dir='ltr'>Υίοῦ</span> <span class='ocrx_word' id='word_1_308' title='bbox 733 2886 864 2957; x_wconf 76' lang='grc' dir='ltr'>ἀρα.</span> <span class='ocrx_word' id='word_1_309' title='bbox 892 2885 1015 2941; x_wconf 83' lang='grc' dir='ltr'><strong>Ὀτι</strong></span> <span class='ocrx_word' id='word_1_310' title='bbox 1047 2886 1092 2939; x_wconf 87' lang='grc' dir='ltr'>δ’</span> <span class='ocrx_word' id='word_1_311' title='bbox 1116 2886 1218 2941; x_wconf 84' lang='grc' dir='ltr'>οὐκ</span> <span class='ocrx_word' id='word_1_312' title='bbox 1250 2889 1314 2940; x_wconf 78' lang='grc' dir='ltr'>ἐκ</span> <span class='ocrx_word' id='word_1_313' title='bbox 1349 2886 1513 2957; x_wconf 89' lang='grc' dir='ltr'>μόνου</span> <span class='ocrx_word' id='word_1_314' title='bbox 1545 2883 1639 2939; x_wconf 89' lang='grc' dir='ltr'><strong>τοῦ</strong></span> <span class='ocrx_word' id='word_1_315' title='bbox 1675 2885 1890 2957; x_wconf 83' lang='grc' dir='ltr'>Πατρὺς</span> <span class='ocrx_word' id='word_1_316' title='bbox 1920 2886 2013 2939; x_wconf 72' lang='grc' dir='ltr'>εκ-</span> 
     </span>
    </p>
   </div>
   <div class='ocr_carea' id='block_1_42' title="bbox 2113 1510 3578 1584">
    <p class='ocr_par' dir='ltr' id='par_1_42' title="bbox 2113 1510 3578 1584">
     <span class='ocr_line' id='line_1_42' title="bbox 2113 1510 3578 1584; baseline -0.002 -14"><span class='ocrx_word' id='word_1_317' title='bbox 2113 1515 2276 1570; x_wconf 86' lang='lat' dir='ltr'><strong>Patre</strong></span> <span class='ocrx_word' id='word_1_318' title='bbox 2308 1527 2406 1584; x_wconf 91' lang='lat' dir='ltr'><strong>per</strong></span> <span class='ocrx_word' id='word_1_319' title='bbox 2430 1511 2628 1567; x_wconf 72' lang='lat' dir='ltr'><strong>Filium</strong></span> <span class='ocrx_word' id='word_1_320' title='bbox 2663 1512 2968 1582; x_wconf 86' lang='lat' dir='ltr'><strong>procedere</strong></span> <span class='ocrx_word' id='word_1_321' title='bbox 2997 1527 3012 1578; x_wconf 77' lang='lat'><strong>&#39;,</strong></span> <span class='ocrx_word' id='word_1_322' title='bbox 3057 1517 3112 1566; x_wconf 84' lang='lat' dir='ltr'><strong>In</strong></span> <span class='ocrx_word' id='word_1_323' title='bbox 3150 1510 3300 1566; x_wconf 89' lang='lat' dir='ltr'><strong>hunc</strong></span> <span class='ocrx_word' id='word_1_324' title='bbox 3330 1510 3578 1567; x_wconf 89' lang='lat' dir='ltr'><strong>modum.</strong></span> 
     </span>
    </p>
   </div>
   <div class='ocr_carea' id='block_1_43' title="bbox 2180 1685 3687 1763">
    <p class='ocr_par' dir='ltr' id='par_1_43' title="bbox 2180 1685 3687 1763">
     <span class='ocr_line' id='line_1_43' title="bbox 2180 1685 3687 1763; baseline 0 -15"><span class='ocrx_word' id='word_1_325' title='bbox 2180 1692 2285 1748; x_wconf 91' lang='lat' dir='ltr'><strong>Per</strong></span> <span class='ocrx_word' id='word_1_326' title='bbox 2315 1691 2556 1762; x_wconf 87' lang='lat' dir='ltr'><strong>primam</strong></span> <span class='ocrx_word' id='word_1_327' title='bbox 2590 1699 2646 1746; x_wconf 92' lang='lat' dir='ltr'><strong>et</strong></span> <span class='ocrx_word' id='word_1_328' title='bbox 2676 1690 3052 1746; x_wconf 88' lang='lat' dir='ltr'><strong>immediatam</strong></span> <span class='ocrx_word' id='word_1_329' title='bbox 3083 1693 3462 1763; x_wconf 84' lang='lat' dir='ltr'><strong>operationem</strong></span> <span class='ocrx_word' id='word_1_330' title='bbox 3495 1685 3687 1749; x_wconf 80' lang='lat' dir='ltr'><strong>unius-</strong></span> 
     </span>
    </p>
   </div>
   <div class='ocr_carea' id='block_1_44' title="bbox 2109 1785 3682 1855">
    <p class='ocr_par' dir='ltr' id='par_1_44' title="bbox 2109 1785 3682 1855">
     <span class='ocr_line' id='line_1_44' title="bbox 2109 1785 3682 1855; baseline 0 -16"><span class='ocrx_word' id='word_1_331' title='bbox 2109 1785 2380 1855; x_wconf 84' lang='lat' dir='ltr'><strong>cujusque</strong></span> <span class='ocrx_word' id='word_1_332' title='bbox 2421 1792 2634 1841; x_wconf 64' lang='lat' dir='ltr'><strong>caetera</strong></span> <span class='ocrx_word' id='word_1_333' title='bbox 2697 1797 2892 1839; x_wconf 88' lang='lat' dir='ltr'><strong>omnes</strong></span> <span class='ocrx_word' id='word_1_334' title='bbox 2945 1787 3301 1854; x_wconf 79' lang='lat' dir='ltr'><strong>operationcs</strong></span> <span class='ocrx_word' id='word_1_335' title='bbox 3349 1785 3682 1841; x_wconf 82' lang='lat' dir='ltr'><strong>elllciuntur.</strong></span> 
     </span>
    </p>
   </div>
   <div class='ocr_carea' id='block_1_45' title="bbox 2109 1875 3690 1947">
    <p class='ocr_par' dir='ltr' id='par_1_45' title="bbox 2109 1875 3690 1947">
     <span class='ocr_line' id='line_1_45' title="bbox 2109 1875 3690 1947; baseline 0.001 -15"><span class='ocrx_word' id='word_1_336' title='bbox 2109 1877 2291 1932; x_wconf 88' lang='lat' dir='ltr'><strong>Prima</strong></span> <span class='ocrx_word' id='word_1_337' title='bbox 2322 1884 2508 1931; x_wconf 89' lang='lat' dir='ltr'><strong>autem</strong></span> <span class='ocrx_word' id='word_1_338' title='bbox 2535 1885 2592 1930; x_wconf 91' lang='lat' dir='ltr'><strong>et</strong></span> <span class='ocrx_word' id='word_1_339' title='bbox 2628 1875 2947 1931; x_wconf 84' lang='lat' dir='ltr'><strong>immediata</strong></span> <span class='ocrx_word' id='word_1_340' title='bbox 2983 1877 3232 1946; x_wconf 86' lang='lat' dir='ltr'><strong>operatio</strong></span> <span class='ocrx_word' id='word_1_341' title='bbox 3270 1877 3450 1934; x_wconf 90' lang='lat' dir='ltr'><strong>Patris</strong></span> <span class='ocrx_word' id='word_1_342' title='bbox 3479 1889 3564 1933; x_wconf 87' lang='lat' dir='ltr'><strong>est</strong></span> <span class='ocrx_word' id='word_1_343' title='bbox 3596 1893 3690 1947; x_wconf 75' lang='lat' dir='ltr'><strong>ge-</strong></span> 
     </span>
    </p>
   </div>
   <div class='ocr_carea' id='block_1_46' title="bbox 2110 1965 3688 2039">
    <p class='ocr_par' dir='ltr' id='par_1_46' title="bbox 2110 1965 3688 2039">
     <span class='ocr_line' id='line_1_46' title="bbox 2110 1965 3688 2039; baseline 0 -17"><span class='ocrx_word' id='word_1_344' title='bbox 2110 1981 2308 2023; x_wconf 89' lang='lat' dir='ltr'><strong>nerare</strong></span> <span class='ocrx_word' id='word_1_345' title='bbox 2333 1983 2348 2033; x_wconf 88' lang='lat'><strong>;</strong></span> <span class='ocrx_word' id='word_1_346' title='bbox 2385 1965 2552 2037; x_wconf 82' lang='lat' dir='ltr'><strong>igitur</strong></span> <span class='ocrx_word' id='word_1_347' title='bbox 2581 1981 2682 2036; x_wconf 89' lang='lat' dir='ltr'><strong>per</strong></span> <span class='ocrx_word' id='word_1_348' title='bbox 2711 1981 2978 2036; x_wconf 77' lang='lat' dir='ltr'><strong>generare</strong></span> <span class='ocrx_word' id='word_1_349' title='bbox 3008 1969 3262 2036; x_wconf 85' lang='lat' dir='ltr'><strong>operatio</strong></span> <span class='ocrx_word' id='word_1_350' title='bbox 3292 1967 3542 2039; x_wconf 82' lang='lat' dir='ltr'><strong>spirandi</strong></span> <span class='ocrx_word' id='word_1_351' title='bbox 3571 1970 3688 2022; x_wconf 83' lang='lat' dir='ltr'><strong>ent-</strong></span> 
     </span>
    </p>
   </div>
   <div class='ocr_carea' id='block_1_47' title="bbox 2111 2060 3692 2133">
    <p class='ocr_par' dir='ltr' id='par_1_47' title="bbox 2111 2060 3692 2133">
     <span class='ocr_line' id='line_1_47' title="bbox 2111 2060 3692 2133; baseline 0.001 -18"><span class='ocrx_word' id='word_1_352' title='bbox 2111 2061 2279 2116; x_wconf 88' lang='lat' dir='ltr'><strong>citur.</strong></span> <span class='ocrx_word' id='word_1_353' title='bbox 2313 2061 2496 2130; x_wconf 84' lang='lat' dir='ltr'><strong>Atque</strong></span> <span class='ocrx_word' id='word_1_354' title='bbox 2525 2060 2599 2115; x_wconf 89' lang='lat' dir='ltr'><strong>ita</strong></span> <span class='ocrx_word' id='word_1_355' title='bbox 2630 2074 2694 2115; x_wconf 77' lang='lat' dir='ltr'><strong>ex</strong></span> <span class='ocrx_word' id='word_1_356' title='bbox 2717 2060 2884 2116; x_wconf 87' lang='lat' dir='ltr'><strong>Patre</strong></span> <span class='ocrx_word' id='word_1_357' title='bbox 2914 2076 3012 2131; x_wconf 89' lang='lat' dir='ltr'><strong>per</strong></span> <span class='ocrx_word' id='word_1_358' title='bbox 3041 2060 3244 2118; x_wconf 87' lang='lat' dir='ltr'><strong>Filium</strong></span> <span class='ocrx_word' id='word_1_359' title='bbox 3285 2063 3539 2133; x_wconf 90' lang='lat' dir='ltr'><strong>procedit</strong></span> <span class='ocrx_word' id='word_1_360' title='bbox 3569 2062 3692 2132; x_wconf 89' lang='lat' dir='ltr'><strong>Spi-</strong></span> 
     </span>
    </p>
   </div>
   <div class='ocr_carea' id='block_1_48' title="bbox 2112 2151 3692 2224">
    <p class='ocr_par' dir='ltr' id='par_1_48' title="bbox 2112 2151 3692 2224">
     <span class='ocr_line' id='line_1_48' title="bbox 2112 2151 3692 2224; baseline 0.001 -18"><span class='ocrx_word' id='word_1_361' title='bbox 2112 2151 2254 2208; x_wconf 85' lang='lat' dir='ltr'><strong>ritus</strong></span> <span class='ocrx_word' id='word_1_362' title='bbox 2278 2160 2526 2208; x_wconf 76' lang='lat' dir='ltr'><strong>sanctus.</strong></span> <span class='ocrx_word' id='word_1_363' title='bbox 2555 2151 2694 2207; x_wconf 83' lang='lat' dir='ltr'><strong>Illud</strong></span> <span class='ocrx_word' id='word_1_364' title='bbox 2715 2160 2897 2208; x_wconf 87' lang='lat' dir='ltr'><strong>autem</strong></span> <span class='ocrx_word' id='word_1_365' title='bbox 2917 2170 3010 2223; x_wconf 79' lang='lat' dir='ltr'><strong>per</strong></span> <span class='ocrx_word' id='word_1_366' title='bbox 3045 2152 3274 2219; x_wconf 79' lang='lat' dir='ltr'><strong>Filium,</strong></span> <span class='ocrx_word' id='word_1_367' title='bbox 3302 2169 3466 2224; x_wconf 90' lang='lat' dir='ltr'><strong>quam</strong></span> <span class='ocrx_word' id='word_1_368' title='bbox 3492 2155 3692 2210; x_wconf 74' lang='lat' dir='ltr'><strong>habeat</strong></span> 
     </span>
    </p>
   </div>
   <div class='ocr_carea' id='block_1_49' title="bbox 2111 2240 3692 2312">
    <p class='ocr_par' dir='ltr' id='par_1_49' title="bbox 2111 2240 3692 2312">
     <span class='ocr_line' id='line_1_49' title="bbox 2111 2240 3692 2312; baseline -0.003 -15"><span class='ocrx_word' id='word_1_369' title='bbox 2111 2241 2245 2308; x_wconf 90' lang='lat' dir='ltr'><strong>vim,</strong></span> <span class='ocrx_word' id='word_1_370' title='bbox 2285 2240 2530 2312; x_wconf 86' lang='lat' dir='ltr'><strong>quidque</strong></span> <span class='ocrx_word' id='word_1_371' title='bbox 2579 2241 2670 2296; x_wconf 91' lang='lat' dir='ltr'><strong>hic</strong></span> <span class='ocrx_word' id='word_1_372' title='bbox 2721 2241 3055 2312; x_wconf 84' lang='lat' dir='ltr'><strong>praepositio</strong></span> <span class='ocrx_word' id='word_1_373' title='bbox 3081 2257 3178 2310; x_wconf 82' lang='lat' dir='ltr'><strong>per</strong></span> <span class='ocrx_word' id='word_1_374' title='bbox 3207 2241 3502 2310; x_wconf 69' lang='lat' dir='ltr'><strong>signiﬁcet,</strong></span> <span class='ocrx_word' id='word_1_375' title='bbox 3539 2240 3692 2310; x_wconf 86' lang='lat' dir='ltr'><strong>quod</strong></span> 
     </span>
    </p>
   </div>
   <div class='ocr_carea' id='block_1_50' title="bbox 2113 2330 3691 2406">
    <p class='ocr_par' dir='ltr' id='par_1_50' title="bbox 2113 2330 3691 2406">
     <span class='ocr_line' id='line_1_50' title="bbox 2113 2330 3691 2406; baseline -0.002 -19"><span class='ocrx_word' id='word_1_376' title='bbox 2113 2333 2374 2388; x_wconf 87' lang='lat' dir='ltr'><strong>nimirum</strong></span> <span class='ocrx_word' id='word_1_377' title='bbox 2423 2346 2644 2389; x_wconf 81' lang='lat' dir='ltr'><strong>causam</strong></span> <span class='ocrx_word' id='word_1_378' title='bbox 2697 2331 3158 2388; x_wconf 87' lang='lat' dir='ltr'><strong>intervenientem</strong></span> <span class='ocrx_word' id='word_1_379' title='bbox 3207 2341 3264 2385; x_wconf 89' lang='lat' dir='ltr'><strong>et</strong></span> <span class='ocrx_word' id='word_1_380' title='bbox 3316 2331 3595 2406; x_wconf 83' lang='lat' dir='ltr'><strong>mediam,</strong></span> <span class='ocrx_word' id='word_1_381' title='bbox 3634 2330 3691 2384; x_wconf 87' lang='lat' dir='ltr'><strong>in</strong></span> 
     </span>
    </p>
   </div>
   <div class='ocr_carea' id='block_1_51' title="bbox 2113 2421 3440 2492">
    <p class='ocr_par' dir='ltr' id='par_1_51' title="bbox 2113 2421 3440 2492">
     <span class='ocr_line' id='line_1_51' title="bbox 2113 2421 3440 2492; baseline -0.004 -11"><span class='ocrx_word' id='word_1_382' title='bbox 2113 2426 2366 2482; x_wconf 88' lang='lat' dir='ltr'><strong>oratione</strong></span> <span class='ocrx_word' id='word_1_383' title='bbox 2398 2423 2473 2480; x_wconf 82' lang='lat' dir='ltr'><strong>De</strong></span> <span class='ocrx_word' id='word_1_384' title='bbox 2507 2425 2796 2478; x_wconf 84' lang='lat' dir='ltr'><strong>concordia</strong></span> <span class='ocrx_word' id='word_1_385' title='bbox 2831 2423 2966 2478; x_wconf 87' lang='lat' dir='ltr'><strong>satis</strong></span> <span class='ocrx_word' id='word_1_386' title='bbox 2991 2422 3308 2479; x_wconf 87' lang='lat' dir='ltr'><strong>ostenditur</strong></span> <span class='ocrx_word' id='word_1_387' title='bbox 3339 2421 3440 2492; x_wconf 86' lang='lat' dir='ltr'><strong>(l).</strong></span> 
     </span>
    </p>
   </div>
   <div class='ocr_carea' id='block_1_52' title="bbox 2183 2515 3691 2587">
    <p class='ocr_par' dir='ltr' id='par_1_52' title="bbox 2183 2515 3691 2587">
     <span class='ocr_line' id='line_1_52' title="bbox 2183 2515 3691 2587; baseline -0.003 -13"><span class='ocrx_word' id='word_1_388' title='bbox 2183 2518 2452 2574; x_wconf 59' lang='lat' dir='ltr'><strong>Praeterea</strong></span> <span class='ocrx_word' id='word_1_389' title='bbox 2493 2516 2731 2587; x_wconf 86' lang='lat' dir='ltr'><strong>Spiritus</strong></span> <span class='ocrx_word' id='word_1_390' title='bbox 2755 2527 2978 2572; x_wconf 88' lang='lat' dir='ltr'><strong>sanctus</strong></span> <span class='ocrx_word' id='word_1_391' title='bbox 3017 2515 3106 2572; x_wconf 85' lang='lat' dir='ltr'><strong>vel</strong></span> <span class='ocrx_word' id='word_1_392' title='bbox 3139 2531 3168 2571; x_wconf 89' lang='lat' dir='ltr'><strong>a</strong></span> <span class='ocrx_word' id='word_1_393' title='bbox 3203 2516 3324 2571; x_wconf 87' lang='lat' dir='ltr'><strong>solo</strong></span> <span class='ocrx_word' id='word_1_394' title='bbox 3361 2516 3523 2573; x_wconf 86' lang='lat' dir='ltr'><strong>Patre</strong></span> <span class='ocrx_word' id='word_1_395' title='bbox 3555 2531 3691 2587; x_wconf 85' lang='lat' dir='ltr'><strong>pro-</strong></span> 
     </span>
    </p>
   </div>
   <div class='ocr_carea' id='block_1_53' title="bbox 2115 2608 3690 2675">
    <p class='ocr_par' dir='ltr' id='par_1_53' title="bbox 2115 2608 3690 2675">
     <span class='ocr_line' id='line_1_53' title="bbox 2115 2608 3690 2675; baseline -0.004 -7"><span class='ocrx_word' id='word_1_396' title='bbox 2115 2610 2286 2675; x_wconf 89' lang='lat' dir='ltr'><strong>cedit,</strong></span> <span class='ocrx_word' id='word_1_397' title='bbox 2325 2610 2414 2666; x_wconf 90' lang='lat' dir='ltr'><strong>vel</strong></span> <span class='ocrx_word' id='word_1_398' title='bbox 2449 2625 2559 2666; x_wconf 90' lang='lat' dir='ltr'><strong>non</strong></span> <span class='ocrx_word' id='word_1_399' title='bbox 2588 2625 2620 2665; x_wconf 90' lang='lat' dir='ltr'><strong>a</strong></span> <span class='ocrx_word' id='word_1_400' title='bbox 2658 2609 2780 2665; x_wconf 86' lang='lat' dir='ltr'><strong>solo</strong></span> <span class='ocrx_word' id='word_1_401' title='bbox 2807 2610 2993 2665; x_wconf 88' lang='lat' dir='ltr'><strong>Patre.</strong></span> <span class='ocrx_word' id='word_1_402' title='bbox 3031 2608 3503 2666; x_wconf 87' lang='lat' dir='ltr'><strong>Contradictionis</strong></span> <span class='ocrx_word' id='word_1_403' title='bbox 3541 2609 3690 2664; x_wconf 87' lang='lat' dir='ltr'><strong>enim</strong></span> 
     </span>
    </p>
   </div>
   <div class='ocr_carea' id='block_1_54' title="bbox 2116 2701 3689 2772">
    <p class='ocr_par' dir='ltr' id='par_1_54' title="bbox 2116 2701 3689 2772">
     <span class='ocr_line' id='line_1_54' title="bbox 2116 2701 3689 2772; baseline -0.003 -14"><span class='ocrx_word' id='word_1_404' title='bbox 2116 2701 2254 2758; x_wconf 85' lang='lat' dir='ltr'><strong>nihil</strong></span> <span class='ocrx_word' id='word_1_405' title='bbox 2285 2710 2370 2758; x_wconf 89' lang='lat' dir='ltr'><strong>est</strong></span> <span class='ocrx_word' id='word_1_406' title='bbox 2398 2701 2665 2758; x_wconf 88' lang='lat' dir='ltr'><strong>medium.</strong></span> <span class='ocrx_word' id='word_1_407' title='bbox 2687 2701 2854 2772; x_wconf 75' lang='lat' dir='ltr'><strong>Atqui</strong></span> <span class='ocrx_word' id='word_1_408' title='bbox 2880 2717 2990 2756; x_wconf 88' lang='lat' dir='ltr'><strong>non</strong></span> <span class='ocrx_word' id='word_1_409' title='bbox 3021 2717 3050 2756; x_wconf 89' lang='lat' dir='ltr'><strong>a</strong></span> <span class='ocrx_word' id='word_1_410' title='bbox 3077 2702 3197 2758; x_wconf 87' lang='lat' dir='ltr'><strong>solo</strong></span> <span class='ocrx_word' id='word_1_411' title='bbox 3225 2701 3387 2757; x_wconf 87' lang='lat' dir='ltr'><strong>Patre</strong></span> <span class='ocrx_word' id='word_1_412' title='bbox 3419 2702 3689 2770; x_wconf 83' lang='lat' dir='ltr'><strong>procedit.</strong></span> 
     </span>
    </p>
   </div>
   <div class='ocr_carea' id='block_1_55' title="bbox 2119 2791 3691 2865">
    <p class='ocr_par' dir='ltr' id='par_1_55' title="bbox 2119 2791 3691 2865">
     <span class='ocr_line' id='line_1_55' title="bbox 2119 2791 3691 2865; baseline -0.003 -15"><span class='ocrx_word' id='word_1_413' title='bbox 2119 2794 2178 2850; x_wconf 88' lang='lat' dir='ltr'><strong>Si</strong></span> <span class='ocrx_word' id='word_1_414' title='bbox 2209 2803 2391 2850; x_wconf 84' lang='lat' dir='ltr'><strong>autem</strong></span> <span class='ocrx_word' id='word_1_415' title='bbox 2413 2810 2524 2850; x_wconf 88' lang='lat' dir='ltr'><strong>non</strong></span> <span class='ocrx_word' id='word_1_416' title='bbox 2564 2811 2592 2849; x_wconf 88' lang='lat' dir='ltr'><strong>a</strong></span> <span class='ocrx_word' id='word_1_417' title='bbox 2622 2795 2741 2850; x_wconf 78' lang='lat' dir='ltr'><strong>solo</strong></span> <span class='ocrx_word' id='word_1_418' title='bbox 2763 2834 2779 2861; x_wconf 91' lang='lat'><strong>,</strong></span> <span class='ocrx_word' id='word_1_419' title='bbox 2809 2793 2978 2865; x_wconf 80' lang='lat' dir='ltr'><strong>igitur</strong></span> <span class='ocrx_word' id='word_1_420' title='bbox 3014 2803 3070 2850; x_wconf 91' lang='lat' dir='ltr'><strong>et</strong></span> <span class='ocrx_word' id='word_1_421' title='bbox 3107 2809 3136 2848; x_wconf 90' lang='lat' dir='ltr'><strong>a</strong></span> <span class='ocrx_word' id='word_1_422' title='bbox 3177 2791 3336 2850; x_wconf 80' lang='lat' dir='ltr'><strong>Filio.</strong></span> <span class='ocrx_word' id='word_1_423' title='bbox 3364 2793 3520 2861; x_wconf 89' lang='lat' dir='ltr'><strong>Quod</strong></span> <span class='ocrx_word' id='word_1_424' title='bbox 3561 2809 3691 2848; x_wconf 85' lang='lat' dir='ltr'><strong>vero</strong></span> 
     </span>
    </p>
   </div>
   <div class='ocr_carea' id='block_1_56' title="bbox 2117 2886 3691 2956">
    <p class='ocr_par' dir='ltr' id='par_1_56' title="bbox 2117 2886 3691 2956">
     <span class='ocr_line' id='line_1_56' title="bbox 2117 2886 3691 2956; baseline -0.001 -14"><span class='ocrx_word' id='word_1_425' title='bbox 2117 2903 2227 2942; x_wconf 88' lang='lat' dir='ltr'><strong>non</strong></span> <span class='ocrx_word' id='word_1_426' title='bbox 2263 2902 2294 2942; x_wconf 89' lang='lat' dir='ltr'><strong>a</strong></span> <span class='ocrx_word' id='word_1_427' title='bbox 2318 2887 2438 2943; x_wconf 85' lang='lat' dir='ltr'><strong>solo</strong></span> <span class='ocrx_word' id='word_1_428' title='bbox 2470 2887 2634 2942; x_wconf 85' lang='lat' dir='ltr'><strong>Patre</strong></span> <span class='ocrx_word' id='word_1_429' title='bbox 2667 2886 2950 2956; x_wconf 84' lang='lat' dir='ltr'><strong>procedat,</strong></span> <span class='ocrx_word' id='word_1_430' title='bbox 2976 2890 3057 2943; x_wconf 91' lang='lat' dir='ltr'><strong>sic</strong></span> <span class='ocrx_word' id='word_1_431' title='bbox 3080 2887 3413 2943; x_wconf 85' lang='lat' dir='ltr'><strong>ostenditur.</strong></span> <span class='ocrx_word' id='word_1_432' title='bbox 3444 2887 3691 2941; x_wconf 85' lang='lat' dir='ltr'><strong>Primum</strong></span> 
     </span>
    </p>
   </div>
   <div class='ocr_carea' id='block_1_57' title="bbox 442 2975 2011 3057">
    <p class='ocr_par' dir='ltr' id='par_1_57' title="bbox 442 2977 2011 3051">
     <span class='ocr_line' id='line_1_57' title="bbox 442 2977 2011 3051; baseline 0.003 -22"><span class='ocrx_word' id='word_1_433' title='bbox 442 2977 772 3046; x_wconf 54' lang='grc' dir='ltr'>πορεύεται,</span> <span class='ocrx_word' id='word_1_434' title='bbox 815 2977 1093 3033; x_wconf 80' lang='grc' dir='ltr'>δείκνυται</span> <span class='ocrx_word' id='word_1_435' title='bbox 1139 2978 1333 3043; x_wconf 83' lang='grc' dir='ltr'>οὕτως.</span> <span class='ocrx_word' id='word_1_436' title='bbox 1381 2980 1583 3050; x_wconf 86' lang='grc' dir='ltr'>Πρῶτα</span> <span class='ocrx_word' id='word_1_437' title='bbox 1632 2978 1733 3051; x_wconf 82' lang='grc' dir='ltr'>μὲν</span> <span class='ocrx_word' id='word_1_438' title='bbox 1775 2978 2011 3050; x_wconf 74' lang='grc' dir='ltr'>οὐδαμοῦ</span> 
     </span>
    </p>
   </div>
   <div class='ocr_carea' id='block_1_58' title="bbox 2119 2975 3689 3057">
    <p class='ocr_par' dir='ltr' id='par_1_58' title="bbox 2119 2975 3689 3048">
     <span class='ocr_line' id='line_1_58' title="bbox 2119 2975 3689 3048; baseline -0.001 -17"><span class='ocrx_word' id='word_1_439' title='bbox 2119 2977 2339 3048; x_wconf 90' lang='lat' dir='ltr'><strong>quidem</strong></span> <span class='ocrx_word' id='word_1_440' title='bbox 2377 2991 2673 3046; x_wconf 87' lang='lat' dir='ltr'><strong>nusquam,</strong></span> <span class='ocrx_word' id='word_1_441' title='bbox 2704 2991 2883 3046; x_wconf 89' lang='lat' dir='ltr'><strong>neque</strong></span> <span class='ocrx_word' id='word_1_442' title='bbox 2910 2975 2962 3030; x_wconf 87' lang='lat' dir='ltr'><strong>in</strong></span> <span class='ocrx_word' id='word_1_443' title='bbox 3009 2976 3198 3032; x_wconf 89' lang='lat' dir='ltr'><strong>divina</strong></span> <span class='ocrx_word' id='word_1_444' title='bbox 3225 2976 3541 3048; x_wconf 87' lang='lat' dir='ltr'><strong>Scriptura,</strong></span> <span class='ocrx_word' id='word_1_445' title='bbox 3590 2991 3689 3030; x_wconf 87' lang='lat' dir='ltr'><strong>ne-</strong></span> 
     </span>
    </p>
   </div>
   <div class='ocr_carea' id='block_1_59' title="bbox 442 3068 2011 3144">
    <p class='ocr_par' dir='ltr' id='par_1_59' title="bbox 442 3068 2011 3144">
     <span class='ocr_line' id='line_1_59' title="bbox 442 3068 2011 3144; baseline 0.004 -23"><span class='ocrx_word' id='word_1_446' title='bbox 442 3068 566 3123; x_wconf 81' lang='grc' dir='ltr'>οῦτε</span> <span class='ocrx_word' id='word_1_447' title='bbox 596 3071 695 3140; x_wconf 82' lang='grc' dir='ltr'>τῆς</span> <span class='ocrx_word' id='word_1_448' title='bbox 724 3070 873 3135; x_wconf 87' lang='grc' dir='ltr'>θείας</span> <span class='ocrx_word' id='word_1_449' title='bbox 902 3071 1149 3140; x_wconf 83' lang='grc' dir='ltr'>Γραφῆς,</span> <span class='ocrx_word' id='word_1_450' title='bbox 1183 3070 1307 3125; x_wconf 83' lang='grc' dir='ltr'>ούτε</span> <span class='ocrx_word' id='word_1_451' title='bbox 1337 3072 1446 3126; x_wconf 83' lang='grc' dir='ltr'><strong>τῶν</strong></span> <span class='ocrx_word' id='word_1_452' title='bbox 1475 3071 1817 3126; x_wconf 80' lang='grc' dir='ltr'>διδασκάλων</span> <span class='ocrx_word' id='word_1_453' title='bbox 1843 3071 2011 3144; x_wconf 83' lang='grc' dir='ltr'>ε’ύρη-</span> 
     </span>
    </p>
   </div>
   <div class='ocr_carea' id='block_1_60' title="bbox 441 3164 2006 3236">
    <p class='ocr_par' dir='ltr' id='par_1_60' title="bbox 441 3164 2006 3236">
     <span class='ocr_line' id='line_1_60' title="bbox 441 3164 2006 3236; baseline 0.002 -22"><span class='ocrx_word' id='word_1_454' title='bbox 441 3181 534 3216; x_wconf 80' lang='grc' dir='ltr'><strong>ται</strong></span> <span class='ocrx_word' id='word_1_455' title='bbox 571 3164 860 3234; x_wconf 71' lang='grc' dir='ltr'>εἰρημένον</span> <span class='ocrx_word' id='word_1_456' title='bbox 884 3179 900 3196; x_wconf 76' lang='grc' dir='ltr'>ο</span> <span class='ocrx_word' id='word_1_457' title='bbox 935 3165 964 3219; x_wconf 84' lang='grc' dir='ltr'><strong>ὃ</strong></span> <span class='ocrx_word' id='word_1_458' title='bbox 997 3165 1054 3218; x_wconf 76' lang='grc' dir='ltr'>δὲ</span> <span class='ocrx_word' id='word_1_459' title='bbox 1091 3165 1195 3218; x_wconf 84' lang='grc' dir='ltr'>ὑπό</span> <span class='ocrx_word' id='word_1_460' title='bbox 1226 3181 1372 3228; x_wconf 90' lang='grc' dir='ltr'>τινος</span> <span class='ocrx_word' id='word_1_461' title='bbox 1402 3166 1608 3219; x_wconf 82' lang='grc' dir='ltr'>τούτων</span> <span class='ocrx_word' id='word_1_462' title='bbox 1641 3165 1741 3220; x_wconf 87' lang='grc' dir='ltr'><strong>ούκ</strong></span> <span class='ocrx_word' id='word_1_463' title='bbox 1776 3165 2006 3236; x_wconf 76' lang='grc' dir='ltr'>εἴρηται,</span> 
     </span>
    </p>
   </div>
   <div class='ocr_carea' id='block_1_61' title="bbox 440 3255 2008 3328">
    <p class='ocr_par' dir='ltr' id='par_1_61' title="bbox 440 3255 2008 3328">
     <span class='ocr_line' id='line_1_61' title="bbox 440 3255 2008 3328; baseline 0.003 -24"><span class='ocrx_word' id='word_1_464' title='bbox 440 3255 620 3307; x_wconf 73' lang='grc' dir='ltr'>οὐδενὶ</span> <span class='ocrx_word' id='word_1_465' title='bbox 669 3255 964 3325; x_wconf 78' lang='grc' dir='ltr'>τολμητέον</span> <span class='ocrx_word' id='word_1_466' title='bbox 1017 3256 1192 3310; x_wconf 86' lang='grc' dir='ltr'>είπεῖν</span> <span class='ocrx_word' id='word_1_467' title='bbox 1222 3274 1234 3288; x_wconf 88' lang='grc'><strong>·</strong></span> <span class='ocrx_word' id='word_1_468' title='bbox 1283 3257 1476 3310; x_wconf 72' lang='grc' dir='ltr'>ἔπειτα</span> <span class='ocrx_word' id='word_1_469' title='bbox 1524 3256 1586 3310; x_wconf 82' lang='grc' dir='ltr'>τὸ</span> <span class='ocrx_word' id='word_1_470' title='bbox 1641 3257 2008 3328; x_wconf 76' lang='grc' dir='ltr'>προϐάλλειν,</span> 
     </span>
    </p>
   </div>
   <div class='ocr_carea' id='block_1_62' title="bbox 440 3347 2009 3419">
    <p class='ocr_par' dir='ltr' id='par_1_62' title="bbox 440 3347 2009 3419">
     <span class='ocr_line' id='line_1_62' title="bbox 440 3347 2009 3419; baseline 0.001 -19"><span class='ocrx_word' id='word_1_471' title='bbox 440 3347 692 3417; x_wconf 71' lang='grc' dir='ltr'>ἐνέργεια</span> <span class='ocrx_word' id='word_1_472' title='bbox 725 3347 816 3400; x_wconf 86' lang='grc' dir='ltr'><strong>τοῦ</strong></span> <span class='ocrx_word' id='word_1_473' title='bbox 849 3347 1068 3419; x_wconf 68' lang='grc' dir='ltr'>ματρὸς</span> <span class='ocrx_word' id='word_1_474' title='bbox 1105 3349 1372 3419; x_wconf 76' lang='grc' dir='ltr'>οΰσιώδης</span> <span class='ocrx_word' id='word_1_475' title='bbox 1408 3348 1542 3403; x_wconf 78' lang='grc' dir='ltr'>οὖσα</span> <span class='ocrx_word' id='word_1_476' title='bbox 1577 3348 1642 3401; x_wconf 86' lang='grc' dir='ltr'>οὐ</span> <span class='ocrx_word' id='word_1_477' title='bbox 1683 3349 1874 3419; x_wconf 85' lang='grc' dir='ltr'>πρώτη</span> <span class='ocrx_word' id='word_1_478' title='bbox 1901 3349 2009 3402; x_wconf 80' lang='grc' dir='ltr'>οὐδ’</span> 
     </span>
    </p>
   </div>
   <div class='ocr_carea' id='block_1_63' title="bbox 440 3438 2008 3514">
    <p class='ocr_par' dir='ltr' id='par_1_63' title="bbox 440 3438 2008 3514">
     <span class='ocr_line' id='line_1_63' title="bbox 440 3438 2008 3514; baseline 0.001 -20"><span class='ocrx_word' id='word_1_479' title='bbox 440 3440 671 3508; x_wconf 77' lang='grc' dir='ltr'>ἀμεσος,</span> <span class='ocrx_word' id='word_1_480' title='bbox 698 3438 1029 3495; x_wconf 73' lang='grc' dir='ltr'>ἐπιτελεῖται</span> <span class='ocrx_word' id='word_1_481' title='bbox 1056 3441 1144 3494; x_wconf 78' lang='grc' dir='ltr'><strong>διὰ</strong></span> <span class='ocrx_word' id='word_1_482' title='bbox 1168 3442 1265 3512; x_wconf 84' lang='grc' dir='ltr'>τῆς</span> <span class='ocrx_word' id='word_1_483' title='bbox 1292 3442 1538 3512; x_wconf 83' lang='grc' dir='ltr'>πρώτης,</span> <span class='ocrx_word' id='word_1_484' title='bbox 1565 3442 1689 3514; x_wconf 73' lang='grc' dir='ltr'>ἥτις</span> <span class='ocrx_word' id='word_1_485' title='bbox 1715 3441 2008 3513; x_wconf 75' lang='grc' dir='ltr'>ἀπεδείχθη</span> 
     </span>
    </p>
   </div>
   <div class='ocr_carea' id='block_1_64' title="bbox 440 3524 2013 3601">
    <p class='ocr_par' dir='ltr' id='par_1_64' title="bbox 440 3524 2013 3601">
     <span class='ocr_line' id='line_1_64' title="bbox 440 3524 2013 3601; baseline 0 -19"><span class='ocrx_word' id='word_1_486' title='bbox 440 3524 577 3583; x_wconf 84' lang='grc' dir='ltr'>οὖσα</span> <span class='ocrx_word' id='word_1_487' title='bbox 606 3529 670 3582; x_wconf 85' lang='grc' dir='ltr'>τὸ</span> <span class='ocrx_word' id='word_1_488' title='bbox 702 3531 896 3601; x_wconf 80' lang='grc' dir='ltr'>γεννᾷν</span> <span class='ocrx_word' id='word_1_489' title='bbox 929 3530 1026 3584; x_wconf 75' lang='grc' dir='ltr'>καὶ</span> <span class='ocrx_word' id='word_1_490' title='bbox 1057 3531 1090 3600; x_wconf 87' lang='grc' dir='ltr'><strong>ή</strong></span> <span class='ocrx_word' id='word_1_491' title='bbox 1123 3530 1378 3599; x_wconf 86' lang='grc' dir='ltr'>γέννησις</span> <span class='ocrx_word' id='word_1_492' title='bbox 1404 3545 1418 3560; x_wconf 88' lang='grc'><strong>·</strong></span> <span class='ocrx_word' id='word_1_493' title='bbox 1456 3530 1598 3584; x_wconf 83' lang='grc' dir='ltr'>ὥστε</span> <span class='ocrx_word' id='word_1_494' title='bbox 1633 3529 1728 3584; x_wconf 78' lang='grc' dir='ltr'>καὶ</span> <span class='ocrx_word' id='word_1_495' title='bbox 1759 3529 1850 3584; x_wconf 78' lang='grc' dir='ltr'>τὸν</span> <span class='ocrx_word' id='word_1_496' title='bbox 1887 3529 2013 3583; x_wconf 80' lang='grc' dir='ltr'>Υίὸν</span> 
     </span>
    </p>
   </div>
   <div class='ocr_carea' id='block_1_65' title="bbox 441 3620 2013 3693">
    <p class='ocr_par' dir='ltr' id='par_1_65' title="bbox 441 3620 2013 3693">
     <span class='ocr_line' id='line_1_65' title="bbox 441 3620 2013 3693; baseline 0 -19"><span class='ocrx_word' id='word_1_497' title='bbox 441 3620 648 3692; x_wconf 84' lang='grc' dir='ltr'>ταύτης</span> <span class='ocrx_word' id='word_1_498' title='bbox 677 3621 897 3693; x_wconf 77' lang='grc' dir='ltr'>ἀνάγκη</span> <span class='ocrx_word' id='word_1_499' title='bbox 927 3623 1027 3692; x_wconf 79' lang='grc' dir='ltr'>τῆς</span> <span class='ocrx_word' id='word_1_500' title='bbox 1057 3622 1342 3693; x_wconf 66' lang='grc' dir='ltr'>ἐνεργείας</span> <span class='ocrx_word' id='word_1_501' title='bbox 1369 3624 1669 3688; x_wconf 81' lang='grc' dir='ltr'>κοινωνεῖν,</span> <span class='ocrx_word' id='word_1_502' title='bbox 1702 3622 1796 3677; x_wconf 65' lang='grc' dir='ltr'><strong>καὶ⁸</strong></span> <span class='ocrx_word' id='word_1_503' title='bbox 1822 3622 1892 3676; x_wconf 89' lang='grc' dir='ltr'><strong>δι’</strong></span> <span class='ocrx_word' id='word_1_504' title='bbox 1915 3621 2013 3675; x_wconf 61' lang='grc' dir='ltr'><strong>αὐ.</strong></span> 
     </span>
    </p>
   </div>
   <div class='ocr_carea' id='block_1_66' title="bbox 443 3713 2011 3787">
    <p class='ocr_par' dir='ltr' id='par_1_66' title="bbox 443 3713 2011 3787">
     <span class='ocr_line' id='line_1_66' title="bbox 443 3713 2011 3787; baseline 0.001 -20"><span class='ocrx_word' id='word_1_505' title='bbox 443 3713 538 3768; x_wconf 86' lang='grc' dir='ltr'><strong>τοῦ</strong></span> <span class='ocrx_word' id='word_1_506' title='bbox 575 3714 638 3768; x_wconf 79' lang='grc' dir='ltr'>τὸ</span> <span class='ocrx_word' id='word_1_507' title='bbox 680 3715 907 3787; x_wconf 84' lang='grc' dir='ltr'>Πνεῦμα</span> <span class='ocrx_word' id='word_1_508' title='bbox 949 3715 1011 3769; x_wconf 78' lang='grc' dir='ltr'><strong>τὸ</strong></span> <span class='ocrx_word' id='word_1_509' title='bbox 1053 3714 1210 3784; x_wconf 78' lang='grc' dir='ltr'>άγιον</span> <span class='ocrx_word' id='word_1_510' title='bbox 1253 3715 1674 3787; x_wconf 74' lang='grc' dir='ltr'>ἐκπορεύεσθαι.</span> <span class='ocrx_word' id='word_1_511' title='bbox 1701 3714 1911 3778; x_wconf 79' lang='grc' dir='ltr'>’Δλλως</span> <span class='ocrx_word' id='word_1_512' title='bbox 1951 3731 2011 3768; x_wconf 85' lang='grc' dir='ltr'><strong>τε</strong></span> 
     </span>
    </p>
   </div>
   <div class='ocr_carea' id='block_1_67' title="bbox 443 3802 2014 3876">
    <p class='ocr_par' dir='ltr' id='par_1_67' title="bbox 443 3802 2014 3876">
     <span class='ocr_line' id='line_1_67' title="bbox 443 3802 2014 3876; baseline 0.003 -21"><span class='ocrx_word' id='word_1_513' title='bbox 443 3802 666 3857; x_wconf 80' lang='grc' dir='ltr'>πάντων</span> <span class='ocrx_word' id='word_1_514' title='bbox 688 3803 964 3859; x_wconf 82' lang='grc' dir='ltr'>κοινωνῶν</span> <span class='ocrx_word' id='word_1_515' title='bbox 989 3806 1018 3860; x_wconf 88' lang='grc' dir='ltr'><strong>ό</strong></span> <span class='ocrx_word' id='word_1_516' title='bbox 1042 3805 1173 3869; x_wconf 81' lang='grc' dir='ltr'>Υἱὸς</span> <span class='ocrx_word' id='word_1_517' title='bbox 1195 3805 1272 3876; x_wconf 84' lang='grc' dir='ltr'>τῷ</span> <span class='ocrx_word' id='word_1_518' title='bbox 1297 3807 1494 3875; x_wconf 82' lang='grc' dir='ltr'>Πατρὶ,</span> <span class='ocrx_word' id='word_1_519' title='bbox 1518 3805 1657 3876; x_wconf 84' lang='grc' dir='ltr'>πλὴν</span> <span class='ocrx_word' id='word_1_520' title='bbox 1681 3805 1790 3861; x_wconf 86' lang='grc' dir='ltr'><strong>τῶν</strong></span> <span class='ocrx_word' id='word_1_521' title='bbox 1820 3819 2014 3860; x_wconf 82' lang='grc' dir='ltr'>συστα-</span> 
     </span>
    </p>
   </div>
   <div class='ocr_carea' id='block_1_68' title="bbox 445 3892 2014 3969">
    <p class='ocr_par' dir='ltr' id='par_1_68' title="bbox 445 3892 2014 3969">
     <span class='ocr_line' id='line_1_68' title="bbox 445 3892 2014 3969; baseline 0.003 -24"><span class='ocrx_word' id='word_1_522' title='bbox 445 3892 615 3946; x_wconf 85' lang='grc' dir='ltr'>τικῶν</span> <span class='ocrx_word' id='word_1_523' title='bbox 641 3893 945 3964; x_wconf 79' lang='grc' dir='ltr'>ίδιοτήτων,</span> <span class='ocrx_word' id='word_1_524' title='bbox 975 3896 1296 3967; x_wconf 84' lang='grc' dir='ltr'>κοινωνήσει</span> <span class='ocrx_word' id='word_1_525' title='bbox 1325 3899 1417 3951; x_wconf 82' lang='grc' dir='ltr'>καὶ</span> <span class='ocrx_word' id='word_1_526' title='bbox 1441 3898 1541 3969; x_wconf 81' lang='grc' dir='ltr'>τῆς</span> <span class='ocrx_word' id='word_1_527' title='bbox 1567 3897 1660 3951; x_wconf 89' lang='grc' dir='ltr'><strong>τοῦ</strong></span> <span class='ocrx_word' id='word_1_528' title='bbox 1686 3897 2014 3968; x_wconf 69' lang='grc' dir='ltr'>προβάλλειν</span> 
     </span>
    </p>
   </div>
   <div class='ocr_carea' id='block_1_69' title="bbox 445 3984 2012 4058">
    <p class='ocr_par' dir='ltr' id='par_1_69' title="bbox 445 3984 2012 4058">
     <span class='ocr_line' id='line_1_69' title="bbox 445 3984 2012 4058; baseline 0.001 -20"><span class='ocrx_word' id='word_1_529' title='bbox 445 3984 748 4055; x_wconf 77' lang='grc' dir='ltr'>δυνάμεως,</span> <span class='ocrx_word' id='word_1_530' title='bbox 777 3986 1016 4056; x_wconf 82' lang='grc' dir='ltr'>φυσικῆς</span> <span class='ocrx_word' id='word_1_531' title='bbox 1045 3987 1146 4056; x_wconf 84' lang='grc' dir='ltr'>μὲν</span> <span class='ocrx_word' id='word_1_532' title='bbox 1171 3987 1250 4058; x_wconf 80' lang='grc' dir='ltr'>τῷ</span> <span class='ocrx_word' id='word_1_533' title='bbox 1277 3988 1474 4058; x_wconf 80' lang='grc' dir='ltr'>Πατρὶ,</span> <span class='ocrx_word' id='word_1_534' title='bbox 1505 3987 1565 4041; x_wconf 80' lang='grc' dir='ltr'>οὐ</span> <span class='ocrx_word' id='word_1_535' title='bbox 1597 3989 1930 4056; x_wconf 74' lang='grc' dir='ltr'>συστατικῆς</span> <span class='ocrx_word' id='word_1_536' title='bbox 1955 3988 2012 4042; x_wconf 74' lang='grc' dir='ltr'>δὲ</span> 
     </span>
    </p>
   </div>
   <div class='ocr_carea' id='block_1_70' title="bbox 446 4077 2013 4150">
    <p class='ocr_par' dir='ltr' id='par_1_70' title="bbox 446 4077 2013 4150">
     <span class='ocr_line' id='line_1_70' title="bbox 446 4077 2013 4150; baseline 0.002 -20"><span class='ocrx_word' id='word_1_537' title='bbox 446 4077 540 4131; x_wconf 89' lang='grc' dir='ltr'><strong>τοῦ</strong></span> <span class='ocrx_word' id='word_1_538' title='bbox 575 4077 868 4148; x_wconf 85' lang='grc' dir='ltr'>προσώπου</span> <span class='ocrx_word' id='word_1_539' title='bbox 901 4077 1102 4142; x_wconf 82' lang='grc' dir='ltr'>αὑτοῦ,</span> <span class='ocrx_word' id='word_1_540' title='bbox 1137 4077 1211 4141; x_wconf 81' lang='grc' dir='ltr'><strong>ὡς</strong></span> <span class='ocrx_word' id='word_1_541' title='bbox 1249 4079 1462 4148; x_wconf 71' lang='grc' dir='ltr'>εἴρηται</span> <span class='ocrx_word' id='word_1_542' title='bbox 1485 4117 1502 4144; x_wconf 92' lang='grc'><strong>,</strong></span> <span class='ocrx_word' id='word_1_543' title='bbox 1537 4079 1728 4150; x_wconf 79' lang='grc' dir='ltr'>οὔσης.</span> <span class='ocrx_word' id='word_1_544' title='bbox 1753 4080 1917 4133; x_wconf 80' lang='grc' dir='ltr'>Ὥστε</span> <span class='ocrx_word' id='word_1_545' title='bbox 1953 4079 2013 4133; x_wconf 72' lang='lat' dir='ltr'><strong>rb</strong></span> 
     </span>
    </p>
   </div>
   <div class='ocr_carea' id='block_1_71' title="bbox 447 4168 2010 4242">
    <p class='ocr_par' dir='ltr' id='par_1_71' title="bbox 447 4168 2010 4242">
     <span class='ocr_line' id='line_1_71' title="bbox 447 4168 2010 4242; baseline 0.002 -19"><span class='ocrx_word' id='word_1_546' title='bbox 447 4168 671 4241; x_wconf 82' lang='grc' dir='ltr'>Πνεῦμα</span> <span class='ocrx_word' id='word_1_547' title='bbox 701 4171 768 4224; x_wconf 73' lang='grc' dir='ltr'>ὲκ</span> <span class='ocrx_word' id='word_1_548' title='bbox 800 4168 1014 4239; x_wconf 80' lang='grc' dir='ltr'>Πατρδς</span> <span class='ocrx_word' id='word_1_549' title='bbox 1051 4170 1146 4224; x_wconf 78' lang='grc' dir='ltr'>καὶ</span> <span class='ocrx_word' id='word_1_550' title='bbox 1180 4168 1335 4232; x_wconf 80' lang='grc' dir='ltr'>Υίοῦ,</span> <span class='ocrx_word' id='word_1_551' title='bbox 1369 4170 1402 4240; x_wconf 79' lang='grc' dir='ltr'>ἢ</span> <span class='ocrx_word' id='word_1_552' title='bbox 1439 4171 1505 4225; x_wconf 85' lang='grc' dir='ltr'>ὲκ</span> <span class='ocrx_word' id='word_1_553' title='bbox 1539 4171 1752 4242; x_wconf 71' lang='grc' dir='ltr'>Πατρός</span> <span class='ocrx_word' id='word_1_554' title='bbox 1784 4172 1852 4224; x_wconf 81' lang='grc' dir='ltr'><strong>δι’</strong></span> <span class='ocrx_word' id='word_1_555' title='bbox 1881 4172 2010 4227; x_wconf 78' lang='grc' dir='ltr'>Υίοῦ</span> 
     </span>
    </p>
   </div>
   <div class='ocr_carea' id='block_1_72' title="bbox 447 4261 2014 4336">
    <p class='ocr_par' dir='ltr' id='par_1_72' title="bbox 447 4261 2014 4336">
     <span class='ocr_line' id='line_1_72' title="bbox 447 4261 2014 4336; baseline 0.002 -22"><span class='ocrx_word' id='word_1_556' title='bbox 447 4261 832 4332; x_wconf 74' lang='grc' dir='ltr'>ἐκπορεύεται.</span> <span class='ocrx_word' id='word_1_557' title='bbox 866 4261 1124 4334; x_wconf 81' lang='grc' dir='ltr'>Διαφέρει</span> <span class='ocrx_word' id='word_1_558' title='bbox 1157 4262 1268 4333; x_wconf 84' lang='grc' dir='ltr'>γὰρ</span> <span class='ocrx_word' id='word_1_559' title='bbox 1299 4263 1453 4318; x_wconf 72' lang='grc' dir='ltr'>οὐδὲν</span> <span class='ocrx_word' id='word_1_560' title='bbox 1483 4264 1578 4318; x_wconf 66' lang='grc' dir='ltr'><strong>ἐπὶ</strong></span> <span class='ocrx_word' id='word_1_561' title='bbox 1605 4265 1704 4336; x_wconf 84' lang='grc' dir='ltr'>τῆς</span> <span class='ocrx_word' id='word_1_562' title='bbox 1736 4263 2014 4333; x_wconf 82' lang='grc' dir='ltr'>θεολογίας</span> 
     </span>
    </p>
   </div>
   <div class='ocr_carea' id='block_1_73' title="bbox 447 4353 860 4425">
    <p class='ocr_par' dir='ltr' id='par_1_73' title="bbox 447 4353 860 4425">
     <span class='ocr_line' id='line_1_73' title="bbox 447 4353 860 4425; baseline 0.005 -18"><span class='ocrx_word' id='word_1_563' title='bbox 447 4355 546 4425; x_wconf 78' lang='grc' dir='ltr'>τῆς</span> <span class='ocrx_word' id='word_1_564' title='bbox 575 4353 646 4408; x_wconf 79' lang='grc' dir='ltr'>ἐκ</span> <span class='ocrx_word' id='word_1_565' title='bbox 673 4354 708 4425; x_wconf 74' lang='grc' dir='ltr'><strong>ἠ</strong></span> <span class='ocrx_word' id='word_1_566' title='bbox 738 4353 860 4410; x_wconf 76' lang='grc' dir='ltr'>διά.</span> 
     </span>
    </p>
   </div>
   <div class='ocr_carea' id='block_1_74' title="bbox 518 4529 2016 4605">
    <p class='ocr_par' dir='ltr' id='par_1_74' title="bbox 518 4529 2016 4605">
     <span class='ocr_line' id='line_1_74' title="bbox 518 4529 2016 4605; baseline 0.003 -20"><span class='ocrx_word' id='word_1_567' title='bbox 518 4531 582 4585; x_wconf 80' lang='lat' dir='ltr'><strong>Ei</strong></span> <span class='ocrx_word' id='word_1_568' title='bbox 620 4530 677 4586; x_wconf 82' lang='grc' dir='ltr'><strong>δέ</strong></span> <span class='ocrx_word' id='word_1_569' title='bbox 710 4548 795 4596; x_wconf 85' lang='grc' dir='ltr'><strong>τις</strong></span> <span class='ocrx_word' id='word_1_570' title='bbox 832 4531 1009 4598; x_wconf 84' lang='grc' dir='ltr'>εῖποι,</span> <span class='ocrx_word' id='word_1_571' title='bbox 1046 4530 1233 4604; x_wconf 78' lang='grc' dir='ltr'>κοινὴν</span> <span class='ocrx_word' id='word_1_572' title='bbox 1269 4529 1409 4587; x_wconf 72' lang='grc' dir='ltr'>εἶναι</span> <span class='ocrx_word' id='word_1_573' title='bbox 1447 4533 1562 4587; x_wconf 80' lang='grc' dir='ltr'>δεῖν</span> <span class='ocrx_word' id='word_1_574' title='bbox 1597 4534 1690 4588; x_wconf 79' lang='grc' dir='ltr'>καὶ</span> <span class='ocrx_word' id='word_1_575' title='bbox 1722 4532 1799 4605; x_wconf 82' lang='grc' dir='ltr'><strong>τῷ</strong></span> <span class='ocrx_word' id='word_1_576' title='bbox 1843 4535 2016 4589; x_wconf 70' lang='grc' dir='ltr'>Πνεύο</span> 
     </span>
    </p>
   </div>
   <div class='ocr_carea' id='block_1_75' title="bbox 451 4623 2019 4697">
    <p class='ocr_par' dir='ltr' id='par_1_75' title="bbox 451 4623 2019 4697">
     <span class='ocr_line' id='line_1_75' title="bbox 451 4623 2019 4697; baseline 0.003 -20"><span class='ocrx_word' id='word_1_577' title='bbox 451 4641 579 4694; x_wconf 88' lang='grc' dir='ltr'>ματι</span> <span class='ocrx_word' id='word_1_578' title='bbox 614 4623 692 4695; x_wconf 84' lang='grc' dir='ltr'><strong>τῷ</strong></span> <span class='ocrx_word' id='word_1_579' title='bbox 727 4623 871 4695; x_wconf 83' lang='grc' dir='ltr'>ἀγίφ</span> <span class='ocrx_word' id='word_1_580' title='bbox 904 4624 1005 4692; x_wconf 81' lang='grc' dir='ltr'><strong>τὴν</strong></span> <span class='ocrx_word' id='word_1_581' title='bbox 1039 4624 1268 4695; x_wconf 86' lang='grc' dir='ltr'>δύναμιν</span> <span class='ocrx_word' id='word_1_582' title='bbox 1287 4627 1382 4681; x_wconf 89' lang='grc' dir='ltr'><strong>τοῦ</strong></span> <span class='ocrx_word' id='word_1_583' title='bbox 1421 4625 1766 4697; x_wconf 82' lang='grc' dir='ltr'>προϐάλλειν,</span> <span class='ocrx_word' id='word_1_584' title='bbox 1807 4627 1882 4691; x_wconf 88' lang='grc' dir='ltr'><strong>ώς</strong></span> <span class='ocrx_word' id='word_1_585' title='bbox 1922 4629 2019 4682; x_wconf 80' lang='grc' dir='ltr'><strong>οὐ·</strong></span> 
     </span>
    </p>
   </div>
   <div class='ocr_carea' id='block_1_76' title="bbox 452 4716 2020 4790">
    <p class='ocr_par' dir='ltr' id='par_1_76' title="bbox 452 4716 2020 4790">
     <span class='ocr_line' id='line_1_76' title="bbox 452 4716 2020 4790; baseline 0.004 -20"><span class='ocrx_word' id='word_1_586' title='bbox 452 4716 617 4787; x_wconf 87' lang='grc' dir='ltr'>σιώδη</span> <span class='ocrx_word' id='word_1_587' title='bbox 639 4732 655 4748; x_wconf 77' lang='grc' dir='ltr'><strong>ο</strong></span> <span class='ocrx_word' id='word_1_588' title='bbox 712 4717 934 4775; x_wconf 81' lang='grc' dir='ltr'>πάντων</span> <span class='ocrx_word' id='word_1_589' title='bbox 982 4717 1094 4790; x_wconf 80' lang='grc' dir='ltr'><strong>γὰρ</strong></span> <span class='ocrx_word' id='word_1_590' title='bbox 1145 4722 1239 4776; x_wconf 76' lang='grc' dir='ltr'>καὶ</span> <span class='ocrx_word' id='word_1_591' title='bbox 1286 4720 1420 4775; x_wconf 84' lang='grc' dir='ltr'>αὐτὸ</span> <span class='ocrx_word' id='word_1_592' title='bbox 1466 4723 1716 4776; x_wconf 88' lang='grc' dir='ltr'>κοινωνεῖ</span> <span class='ocrx_word' id='word_1_593' title='bbox 1759 4720 1870 4777; x_wconf 87' lang='grc' dir='ltr'><strong>τῶν</strong></span> <span class='ocrx_word' id='word_1_594' title='bbox 1921 4722 2020 4776; x_wconf 82' lang='grc' dir='ltr'>ού-</span> 
     </span>
    </p>
   </div>
   <div class='ocr_carea' id='block_1_77' title="bbox 451 4807 690 4862">
    <p class='ocr_par' dir='ltr' id='par_1_77' title="bbox 451 4807 690 4862">
     <span class='ocr_line' id='line_1_77' title="bbox 451 4807 690 4862; baseline 0.004 -1"><span class='ocrx_word' id='word_1_595' title='bbox 451 4807 658 4862; x_wconf 84' lang='grc' dir='ltr'>σιωδῶν</span> <span class='ocrx_word' id='word_1_596' title='bbox 675 4825 690 4840; x_wconf 78' lang='grc'><em>’</em></span> 
     </span>
    </p>
   </div>
   <div class='ocr_carea' id='block_1_78' title="bbox 519 4899 2020 4969">
    <p class='ocr_par' dir='ltr' id='par_1_78' title="bbox 519 4899 2020 4969">
     <span class='ocr_line' id='line_1_78' title="bbox 519 4899 2020 4969; baseline 0.004 -17"><span class='ocrx_word' id='word_1_597' title='bbox 519 4899 758 4954; x_wconf 80' lang='grc' dir='ltr'>Μαθέτω</span> <span class='ocrx_word' id='word_1_598' title='bbox 793 4903 821 4955; x_wconf 87' lang='grc' dir='ltr'><strong>ό</strong></span> <span class='ocrx_word' id='word_1_599' title='bbox 852 4899 1094 4965; x_wconf 85' lang='grc' dir='ltr'>τοιοῦτος</span> <span class='ocrx_word' id='word_1_600' title='bbox 1129 4902 1290 4956; x_wconf 87' lang='grc' dir='ltr'>τοῦτο</span> <span class='ocrx_word' id='word_1_601' title='bbox 1328 4902 1591 4958; x_wconf 82' lang='grc' dir='ltr'>ἀδύνατον</span> <span class='ocrx_word' id='word_1_602' title='bbox 1624 4901 1765 4960; x_wconf 80' lang='grc' dir='ltr'>εἶναι</span> <span class='ocrx_word' id='word_1_603' title='bbox 1789 4945 1803 4969; x_wconf 91' lang='grc'><strong>,</strong></span> <span class='ocrx_word' id='word_1_604' title='bbox 1836 4905 1926 4960; x_wconf 78' lang='grc' dir='ltr'><strong>διὰ</strong></span> <span class='ocrx_word' id='word_1_605' title='bbox 1958 4906 2020 4958; x_wconf 82' lang='grc' dir='ltr'>τὸ</span> 
     </span>
    </p>
   </div>
   <div class='ocr_carea' id='block_1_79' title="bbox 451 4993 2021 5067">
    <p class='ocr_par' dir='ltr' id='par_1_79' title="bbox 451 4993 2021 5067">
     <span class='ocr_line' id='line_1_79' title="bbox 451 4993 2021 5067; baseline 0.004 -23"><span class='ocrx_word' id='word_1_606' title='bbox 451 4993 799 5046; x_wconf 85' lang='grc' dir='ltr'>ἀντιπίπτειν</span> <span class='ocrx_word' id='word_1_607' title='bbox 834 4995 901 5064; x_wconf 83' lang='grc' dir='ltr'><strong>τῇ</strong></span> <span class='ocrx_word' id='word_1_608' title='bbox 944 4993 1108 5048; x_wconf 84' lang='grc' dir='ltr'>αὐτοῦ</span> <span class='ocrx_word' id='word_1_609' title='bbox 1151 4996 1394 5065; x_wconf 73' lang='grc' dir='ltr'>ἰδιότητι.</span> <span class='ocrx_word' id='word_1_610' title='bbox 1436 4997 1512 5049; x_wconf 84' lang='grc' dir='ltr'><strong>Οὐ</strong></span> <span class='ocrx_word' id='word_1_611' title='bbox 1552 4996 1775 5050; x_wconf 86' lang='grc' dir='ltr'>δύναται</span> <span class='ocrx_word' id='word_1_612' title='bbox 1813 4997 1923 5067; x_wconf 82' lang='grc' dir='ltr'><strong>γὰρ</strong></span> <span class='ocrx_word' id='word_1_613' title='bbox 1962 4997 2021 5051; x_wconf 83' lang='grc' dir='ltr'>τὸ</span> 
     </span>
    </p>
   </div>
   <div class='ocr_carea' id='block_1_80' title="bbox 450 5082 2022 5161">
    <p class='ocr_par' dir='ltr' id='par_1_80' title="bbox 450 5082 2022 5161">
     <span class='ocr_line' id='line_1_80' title="bbox 450 5082 2022 5161; baseline 0.005 -25"><span class='ocrx_word' id='word_1_614' title='bbox 450 5082 582 5136; x_wconf 77' lang='grc' dir='ltr'>αὐτὸ</span> <span class='ocrx_word' id='word_1_615' title='bbox 624 5083 816 5137; x_wconf 80' lang='grc' dir='ltr'>ἑαυτοῦ</span> <span class='ocrx_word' id='word_1_616' title='bbox 858 5085 1030 5140; x_wconf 83' lang='grc' dir='ltr'>αίτιον</span> <span class='ocrx_word' id='word_1_617' title='bbox 1074 5083 1232 5142; x_wconf 81' lang='grc' dir='ltr'>εἶναι.</span> <span class='ocrx_word' id='word_1_618' title='bbox 1265 5088 1514 5144; x_wconf 83' lang='grc' dir='ltr'>Ἕκαστα</span> <span class='ocrx_word' id='word_1_619' title='bbox 1555 5089 1665 5161; x_wconf 90' lang='grc' dir='ltr'><strong>γάρ</strong></span> <span class='ocrx_word' id='word_1_620' title='bbox 1708 5090 1817 5144; x_wconf 84' lang='grc' dir='ltr'><strong>τῶν</strong></span> <span class='ocrx_word' id='word_1_621' title='bbox 1859 5090 2022 5145; x_wconf 85' lang='grc' dir='ltr'>θείων</span> 
     </span>
    </p>
   </div>
   <div class='ocr_carea' id='block_1_81' title="bbox 524 5256 2018 5329">
    <p class='ocr_par' dir='ltr' id='par_1_81' title="bbox 524 5256 2018 5329">
     <span class='ocr_line' id='line_1_81' title="bbox 524 5256 2018 5329; baseline 0.003 -19"><span class='ocrx_word' id='word_1_622' title='bbox 524 5258 601 5326; x_wconf 87' lang='lat' dir='ltr'><strong>(l)</strong></span> <span class='ocrx_word' id='word_1_623' title='bbox 639 5256 765 5329; x_wconf 71' lang='lat' dir='ltr'><strong>llaec</strong></span> <span class='ocrx_word' id='word_1_624' title='bbox 798 5257 970 5326; x_wconf 89' lang='lat' dir='ltr'><strong>prima</strong></span> <span class='ocrx_word' id='word_1_625' title='bbox 1005 5257 1255 5328; x_wconf 88' lang='lat' dir='ltr'><strong>probatio</strong></span> <span class='ocrx_word' id='word_1_626' title='bbox 1296 5276 1419 5316; x_wconf 86' lang='lat' dir='ltr'><strong>cum</strong></span> <span class='ocrx_word' id='word_1_627' title='bbox 1457 5260 1528 5315; x_wconf 89' lang='lat' dir='ltr'><strong>sit</strong></span> <span class='ocrx_word' id='word_1_628' title='bbox 1567 5262 1838 5329; x_wconf 73' lang='lat' dir='ltr'><strong>negativa,</strong></span> <span class='ocrx_word' id='word_1_629' title='bbox 1879 5261 2018 5316; x_wconf 84' lang='lat' dir='ltr'><strong>nihil</strong></span> 
     </span>
    </p>
   </div>
   <div class='ocr_carea' id='block_1_82' title="bbox 451 5328 2022 5400">
    <p class='ocr_par' dir='ltr' id='par_1_82' title="bbox 451 5328 2022 5400">
     <span class='ocr_line' id='line_1_82' title="bbox 451 5328 2022 5400; baseline 0.004 -20"><span class='ocrx_word' id='word_1_630' title='bbox 451 5343 584 5382; x_wconf 81' lang='lat' dir='ltr'><strong>sane</strong></span> <span class='ocrx_word' id='word_1_631' title='bbox 612 5328 839 5400; x_wconf 77' lang='lat' dir='ltr'><strong>valeret,</strong></span> <span class='ocrx_word' id='word_1_632' title='bbox 878 5329 983 5400; x_wconf 86' lang='lat' dir='ltr'><strong>nisi</strong></span> <span class='ocrx_word' id='word_1_633' title='bbox 1022 5338 1169 5400; x_wconf 63' lang='lat' dir='ltr'><strong>esset</strong></span> <span class='ocrx_word' id='word_1_634' title='bbox 1197 5331 1263 5382; x_wconf 89' lang='lat' dir='ltr'><strong>ad</strong></span> <span class='ocrx_word' id='word_1_635' title='bbox 1302 5329 1605 5384; x_wconf 85' lang='lat' dir='ltr'><strong>hominem.</strong></span> <span class='ocrx_word' id='word_1_636' title='bbox 1646 5328 1869 5400; x_wconf 73' lang='lat' dir='ltr'><strong>Optime</strong></span> <span class='ocrx_word' id='word_1_637' title='bbox 1918 5333 2022 5386; x_wconf 70' lang='grc' dir='ltr'><strong>ἰηι-</strong></span> 
     </span>
    </p>
   </div>
   <div class='ocr_carea' id='block_1_83' title="bbox 450 5397 2021 5472">
    <p class='ocr_par' dir='ltr' id='par_1_83' title="bbox 450 5397 2021 5472">
     <span class='ocr_line' id='line_1_83' title="bbox 450 5397 2021 5472; baseline 0.004 -24"><span class='ocrx_word' id='word_1_638' title='bbox 450 5412 567 5472; x_wconf 75' lang='lat' dir='ltr'><strong>que</strong></span> <span class='ocrx_word' id='word_1_639' title='bbox 599 5397 795 5452; x_wconf 88' lang='lat' dir='ltr'><strong>militat</strong></span> <span class='ocrx_word' id='word_1_640' title='bbox 827 5399 1100 5472; x_wconf 75' lang='lat' dir='ltr'><strong>adversus</strong></span> <span class='ocrx_word' id='word_1_641' title='bbox 1124 5397 1360 5465; x_wconf 84' lang='lat' dir='ltr'><strong>Graecos,</strong></span> <span class='ocrx_word' id='word_1_642' title='bbox 1393 5401 1485 5472; x_wconf 84' lang='lat' dir='ltr'><strong>qui</strong></span> <span class='ocrx_word' id='word_1_643' title='bbox 1526 5414 1590 5454; x_wconf 83' lang='lat' dir='ltr'><strong>ex</strong></span> <span class='ocrx_word' id='word_1_644' title='bbox 1619 5397 1925 5472; x_wconf 12' lang='lat' dir='ltr'><strong>iEv&#39;angelio</strong></span> <span class='ocrx_word' id='word_1_645' title='bbox 1963 5408 2021 5456; x_wconf 89' lang='lat' dir='ltr'><strong>et</strong></span> 
     </span>
    </p>
   </div>
   <div class='ocr_carea' id='block_1_84' title="bbox 451 5467 2019 5539">
    <p class='ocr_par' dir='ltr' id='par_1_84' title="bbox 451 5467 2019 5539">
     <span class='ocr_line' id='line_1_84' title="bbox 451 5467 2019 5539; baseline 0.003 -19"><span class='ocrx_word' id='word_1_646' title='bbox 451 5467 736 5539; x_wconf 83' lang='lat' dir='ltr'><strong>Scriptura</strong></span> <span class='ocrx_word' id='word_1_647' title='bbox 790 5483 940 5539; x_wconf 82' lang='lat' dir='ltr'><strong>sacra</strong></span> <span class='ocrx_word' id='word_1_648' title='bbox 973 5468 1286 5524; x_wconf 87' lang='lat' dir='ltr'><strong>nitebantur</strong></span> <span class='ocrx_word' id='word_1_649' title='bbox 1330 5470 1561 5539; x_wconf 84' lang='lat' dir='ltr'><strong>probare</strong></span> <span class='ocrx_word' id='word_1_650' title='bbox 1608 5467 1874 5539; x_wconf 76' lang='lat' dir='ltr'><strong>Spiritum</strong></span> <span class='ocrx_word' id='word_1_651' title='bbox 1911 5486 2019 5525; x_wconf 89' lang='lat' dir='ltr'><strong>non</strong></span> 
     </span>
    </p>
   </div>
   <div class='ocr_carea' id='block_1_85' title="bbox 452 5538 2020 5606">
    <p class='ocr_par' dir='ltr' id='par_1_85' title="bbox 452 5538 2020 5606">
     <span class='ocr_line' id='line_1_85' title="bbox 452 5538 2020 5606; baseline 0.006 -20"><span class='ocrx_word' id='word_1_652' title='bbox 452 5538 750 5604; x_wconf 84' lang='lat' dir='ltr'><strong>procedere</strong></span> <span class='ocrx_word' id='word_1_653' title='bbox 783 5554 848 5594; x_wconf 82' lang='lat' dir='ltr'><strong>ex</strong></span> <span class='ocrx_word' id='word_1_654' title='bbox 889 5538 1047 5599; x_wconf 83' lang='lat' dir='ltr'><strong>Filio.</strong></span> <span class='ocrx_word' id='word_1_655' title='bbox 1089 5539 1215 5606; x_wconf 84' lang='lat' dir='ltr'><strong>quia</strong></span> <span class='ocrx_word' id='word_1_656' title='bbox 1251 5538 1341 5594; x_wconf 79' lang='lat' dir='ltr'><strong>ibi</strong></span> <span class='ocrx_word' id='word_1_657' title='bbox 1379 5555 1488 5592; x_wconf 88' lang='lat' dir='ltr'><strong>non</strong></span> <span class='ocrx_word' id='word_1_658' title='bbox 1523 5538 1754 5596; x_wconf 82' lang='lat' dir='ltr'><strong>habetur</strong></span> <span class='ocrx_word' id='word_1_659' title='bbox 1804 5541 1924 5596; x_wconf 82' lang='lat' dir='ltr'><strong>nisi‘</strong></span> <span class='ocrx_word' id='word_1_660' title='bbox 1951 5557 2020 5596; x_wconf 82' lang='lat' dir='ltr'><strong>ex</strong></span> 
     </span>
    </p>
   </div>
   <div class='ocr_carea' id='block_1_86' title="bbox 455 5607 2022 5681">
    <p class='ocr_par' dir='ltr' id='par_1_86' title="bbox 455 5607 2022 5681">
     <span class='ocr_line' id='line_1_86' title="bbox 455 5607 2022 5681; baseline 0.004 -21"><span class='ocrx_word' id='word_1_661' title='bbox 455 5607 615 5663; x_wconf 81' lang='lat' dir='ltr'><strong>Patre</strong></span> <span class='ocrx_word' id='word_1_662' title='bbox 649 5609 965 5678; x_wconf 82' lang='lat' dir='ltr'><strong>procedere.</strong></span> <span class='ocrx_word' id='word_1_663' title='bbox 1004 5609 1140 5663; x_wconf 84' lang='lat' dir='ltr'><strong>Dicit</strong></span> <span class='ocrx_word' id='word_1_664' title='bbox 1167 5625 1297 5681; x_wconf 82' lang='lat' dir='ltr'><strong>ergo</strong></span> <span class='ocrx_word' id='word_1_665' title='bbox 1332 5609 1621 5665; x_wconf 86' lang='lat' dir='ltr'><strong>Bessarion</strong></span> <span class='ocrx_word' id='word_1_666' title='bbox 1671 5610 1749 5666; x_wconf 87' lang='lat' dir='ltr'><strong>ibi</strong></span> <span class='ocrx_word' id='word_1_667' title='bbox 1786 5624 1895 5668; x_wconf 89' lang='lat' dir='ltr'><strong>non</strong></span> <span class='ocrx_word' id='word_1_668' title='bbox 1927 5612 2022 5667; x_wconf 86' lang='lat' dir='ltr'><strong>Ita-</strong></span> 
     </span>
    </p>
   </div>
   <div class='ocr_carea' id='block_1_87' title="bbox 2115 3069 3692 3142">
    <p class='ocr_par' dir='ltr' id='par_1_87' title="bbox 2115 3069 3692 3142">
     <span class='ocr_line' id='line_1_87' title="bbox 2115 3069 3692 3142; baseline -0.001 -16"><span class='ocrx_word' id='word_1_669' title='bbox 2115 3085 2222 3142; x_wconf 89' lang='lat' dir='ltr'><strong>que</strong></span> <span class='ocrx_word' id='word_1_670' title='bbox 2251 3070 2396 3140; x_wconf 88' lang='lat' dir='ltr'><strong>apud</strong></span> <span class='ocrx_word' id='word_1_671' title='bbox 2427 3070 2708 3137; x_wconf 89' lang='lat' dir='ltr'><strong>doctores,</strong></span> <span class='ocrx_word' id='word_1_672' title='bbox 2743 3069 3024 3125; x_wconf 89' lang='lat' dir='ltr'><strong>invenitur</strong></span> <span class='ocrx_word' id='word_1_673' title='bbox 3051 3069 3284 3128; x_wconf 89' lang='lat' dir='ltr'><strong>dictum.</strong></span> <span class='ocrx_word' id='word_1_674' title='bbox 3317 3071 3473 3139; x_wconf 85' lang='lat' dir='ltr'><strong>Quod</strong></span> <span class='ocrx_word' id='word_1_675' title='bbox 3504 3079 3692 3125; x_wconf 90' lang='lat' dir='ltr'><strong>autem</strong></span> 
     </span>
    </p>
   </div>
   <div class='ocr_carea' id='block_1_88' title="bbox 2115 3161 3690 3229">
    <p class='ocr_par' dir='ltr' id='par_1_88' title="bbox 2115 3161 3690 3229">
     <span class='ocr_line' id='line_1_88' title="bbox 2115 3161 3690 3229; baseline -0.002 -11"><span class='ocrx_word' id='word_1_676' title='bbox 2115 3163 2392 3218; x_wconf 89' lang='lat' dir='ltr'><strong>anemine</strong></span> <span class='ocrx_word' id='word_1_677' title='bbox 2430 3163 2664 3218; x_wconf 88' lang='lat' dir='ltr'><strong>istorum</strong></span> <span class='ocrx_word' id='word_1_678' title='bbox 2713 3161 2922 3216; x_wconf 89' lang='lat' dir='ltr'><strong>dictum</strong></span> <span class='ocrx_word' id='word_1_679' title='bbox 2968 3170 3073 3229; x_wconf 90' lang='lat' dir='ltr'><strong>est,</strong></span> <span class='ocrx_word' id='word_1_680' title='bbox 3127 3163 3334 3218; x_wconf 88' lang='lat' dir='ltr'><strong>nemini</strong></span> <span class='ocrx_word' id='word_1_681' title='bbox 3375 3163 3690 3220; x_wconf 90' lang='lat' dir='ltr'><strong>audendum</strong></span> 
     </span>
    </p>
   </div>
   <div class='ocr_carea' id='block_1_89' title="bbox 2113 3251 3693 3324">
    <p class='ocr_par' dir='ltr' id='par_1_89' title="bbox 2113 3251 3693 3324">
     <span class='ocr_line' id='line_1_89' title="bbox 2113 3251 3693 3324; baseline 0 -15"><span class='ocrx_word' id='word_1_682' title='bbox 2113 3262 2197 3309; x_wconf 88' lang='lat' dir='ltr'><strong>est</strong></span> <span class='ocrx_word' id='word_1_683' title='bbox 2227 3252 2434 3308; x_wconf 88' lang='lat' dir='ltr'><strong>dicere.</strong></span> <span class='ocrx_word' id='word_1_684' title='bbox 2467 3252 2673 3307; x_wconf 86' lang='lat' dir='ltr'><strong>Deinde</strong></span> <span class='ocrx_word' id='word_1_685' title='bbox 2712 3251 3187 3322; x_wconf 90' lang='lat' dir='ltr'><strong>producere,cum</strong></span> <span class='ocrx_word' id='word_1_686' title='bbox 3220 3253 3292 3309; x_wconf 90' lang='lat' dir='ltr'><strong>sit</strong></span> <span class='ocrx_word' id='word_1_687' title='bbox 3318 3255 3565 3324; x_wconf 87' lang='lat' dir='ltr'><strong>operatio</strong></span> <span class='ocrx_word' id='word_1_688' title='bbox 3591 3253 3693 3309; x_wconf 85' lang='lat' dir='ltr'><strong>Pa-</strong></span> 
     </span>
    </p>
   </div>
   <div class='ocr_carea' id='block_1_90' title="bbox 2116 3343 3692 3412">
    <p class='ocr_par' dir='ltr' id='par_1_90' title="bbox 2116 3343 3692 3412">
     <span class='ocr_line' id='line_1_90' title="bbox 2116 3343 3692 3412; baseline 0 -14"><span class='ocrx_word' id='word_1_689' title='bbox 2116 3344 2215 3399; x_wconf 90' lang='lat' dir='ltr'><strong>tris</strong></span> <span class='ocrx_word' id='word_1_690' title='bbox 2241 3343 2576 3409; x_wconf 88' lang='lat' dir='ltr'><strong>essentialis,</strong></span> <span class='ocrx_word' id='word_1_691' title='bbox 2614 3357 2721 3397; x_wconf 90' lang='lat' dir='ltr'><strong>non</strong></span> <span class='ocrx_word' id='word_1_692' title='bbox 2755 3344 2932 3411; x_wconf 90' lang='lat' dir='ltr'><strong>prima</strong></span> <span class='ocrx_word' id='word_1_693' title='bbox 2967 3358 3148 3412; x_wconf 89' lang='lat' dir='ltr'><strong>neque</strong></span> <span class='ocrx_word' id='word_1_694' title='bbox 3192 3344 3541 3410; x_wconf 84' lang='lat' dir='ltr'><strong>immediata,</strong></span> <span class='ocrx_word' id='word_1_695' title='bbox 3573 3344 3692 3400; x_wconf 82' lang='lat' dir='ltr'><strong>eili-</strong></span> 
     </span>
    </p>
   </div>
   <div class='ocr_carea' id='block_1_91' title="bbox 2115 3435 3694 3507">
    <p class='ocr_par' dir='ltr' id='par_1_91' title="bbox 2115 3435 3694 3507">
     <span class='ocr_line' id='line_1_91' title="bbox 2115 3435 3694 3507; baseline 0.001 -17"><span class='ocrx_word' id='word_1_696' title='bbox 2115 3437 2256 3490; x_wconf 89' lang='lat' dir='ltr'><strong>citur</strong></span> <span class='ocrx_word' id='word_1_697' title='bbox 2308 3451 2406 3504; x_wconf 88' lang='lat' dir='ltr'><strong>per</strong></span> <span class='ocrx_word' id='word_1_698' title='bbox 2448 3435 2703 3504; x_wconf 87' lang='lat' dir='ltr'><strong>primam,</strong></span> <span class='ocrx_word' id='word_1_699' title='bbox 2754 3449 2879 3504; x_wconf 73' lang='lat' dir='ltr'><strong>qua:</strong></span> <span class='ocrx_word' id='word_1_700' title='bbox 2933 3443 3157 3490; x_wconf 91' lang='lat' dir='ltr'><strong>ostensa</strong></span> <span class='ocrx_word' id='word_1_701' title='bbox 3205 3443 3290 3490; x_wconf 91' lang='lat' dir='ltr'><strong>est</strong></span> <span class='ocrx_word' id='word_1_702' title='bbox 3328 3451 3592 3507; x_wconf 76' lang='lat' dir='ltr'><strong>generare</strong></span> <span class='ocrx_word' id='word_1_703' title='bbox 3636 3445 3694 3491; x_wconf 86' lang='lat' dir='ltr'><strong>ct</strong></span> 
     </span>
    </p>
   </div>
   <div class='ocr_carea' id='block_1_92' title="bbox 2115 3522 3692 3595">
    <p class='ocr_par' dir='ltr' id='par_1_92' title="bbox 2115 3522 3692 3595">
     <span class='ocr_line' id='line_1_92' title="bbox 2115 3522 3692 3595; baseline 0.001 -16"><span class='ocrx_word' id='word_1_704' title='bbox 2115 3524 2438 3595; x_wconf 76' lang='lat' dir='ltr'><strong>generatio;</strong></span> <span class='ocrx_word' id='word_1_705' title='bbox 2476 3523 2551 3578; x_wconf 88' lang='lat' dir='ltr'><strong>ita</strong></span> <span class='ocrx_word' id='word_1_706' title='bbox 2590 3533 2650 3578; x_wconf 92' lang='lat' dir='ltr'><strong>ut</strong></span> <span class='ocrx_word' id='word_1_707' title='bbox 2684 3537 2910 3579; x_wconf 86' lang='lat' dir='ltr'><strong>necesse</strong></span> <span class='ocrx_word' id='word_1_708' title='bbox 2963 3523 3034 3579; x_wconf 83' lang='lat' dir='ltr'><strong>sit</strong></span> <span class='ocrx_word' id='word_1_709' title='bbox 3061 3523 3230 3579; x_wconf 89' lang='lat' dir='ltr'><strong>etiam</strong></span> <span class='ocrx_word' id='word_1_710' title='bbox 3286 3522 3489 3579; x_wconf 86' lang='lat' dir='ltr'><strong>Filium</strong></span> <span class='ocrx_word' id='word_1_711' title='bbox 3527 3525 3692 3595; x_wconf 80' lang='lat' dir='ltr'><strong>hujus</strong></span> 
     </span>
    </p>
   </div>
   <div class='ocr_carea' id='block_1_93' title="bbox 2113 3615 3689 3688">
    <p class='ocr_par' dir='ltr' id='par_1_93' title="bbox 2113 3615 3689 3688">
     <span class='ocr_line' id='line_1_93' title="bbox 2113 3615 3689 3688; baseline -0.001 -16"><span class='ocrx_word' id='word_1_712' title='bbox 2113 3617 2451 3688; x_wconf 85' lang='lat' dir='ltr'><strong>eperationis</strong></span> <span class='ocrx_word' id='word_1_713' title='bbox 2473 3617 2795 3688; x_wconf 88' lang='lat' dir='ltr'><strong>participem</strong></span> <span class='ocrx_word' id='word_1_714' title='bbox 2824 3631 2969 3682; x_wconf 85' lang='lat' dir='ltr'><strong>esse,</strong></span> <span class='ocrx_word' id='word_1_715' title='bbox 2992 3632 3058 3673; x_wconf 92' lang='lat' dir='ltr'><strong>ac</strong></span> <span class='ocrx_word' id='word_1_716' title='bbox 3080 3632 3180 3688; x_wconf 89' lang='lat' dir='ltr'><strong>per</strong></span> <span class='ocrx_word' id='word_1_717' title='bbox 3207 3618 3390 3687; x_wconf 89' lang='lat' dir='ltr'><strong>ipsum</strong></span> <span class='ocrx_word' id='word_1_718' title='bbox 3417 3615 3689 3685; x_wconf 75' lang='lat' dir='ltr'><strong>Spiritum</strong></span> 
     </span>
    </p>
   </div>
   <div class='ocr_carea' id='block_1_94' title="bbox 2114 3706 3694 3777">
    <p class='ocr_par' dir='ltr' id='par_1_94' title="bbox 2114 3706 3694 3777">
     <span class='ocr_line' id='line_1_94' title="bbox 2114 3706 3694 3777; baseline 0 -15"><span class='ocrx_word' id='word_1_719' title='bbox 2114 3715 2364 3762; x_wconf 79' lang='lat' dir='ltr'><strong>sanctum</strong></span> <span class='ocrx_word' id='word_1_720' title='bbox 2412 3706 2733 3777; x_wconf 84' lang='lat' dir='ltr'><strong>procedere.</strong></span> <span class='ocrx_word' id='word_1_721' title='bbox 2772 3708 3085 3764; x_wconf 64' lang='lat' dir='ltr'><strong>Praesertim</strong></span> <span class='ocrx_word' id='word_1_722' title='bbox 3119 3722 3246 3763; x_wconf 85' lang='lat' dir='ltr'><strong>cum</strong></span> <span class='ocrx_word' id='word_1_723' title='bbox 3279 3716 3335 3763; x_wconf 90' lang='lat' dir='ltr'><strong>et</strong></span> <span class='ocrx_word' id='word_1_724' title='bbox 3366 3707 3538 3763; x_wconf 87' lang='lat' dir='ltr'><strong>Filius</strong></span> <span class='ocrx_word' id='word_1_725' title='bbox 3575 3723 3694 3762; x_wconf 84' lang='lat' dir='ltr'><strong>om-</strong></span> 
     </span>
    </p>
   </div>
   <div class='ocr_carea' id='block_1_95' title="bbox 2116 3799 3694 3871">
    <p class='ocr_par' dir='ltr' id='par_1_95' title="bbox 2116 3799 3694 3871">
     <span class='ocr_line' id='line_1_95' title="bbox 2116 3799 3694 3871; baseline 0.002 -17"><span class='ocrx_word' id='word_1_726' title='bbox 2116 3799 2207 3854; x_wconf 89' lang='lat' dir='ltr'><strong>nia</strong></span> <span class='ocrx_word' id='word_1_727' title='bbox 2259 3799 2365 3854; x_wconf 89' lang='lat' dir='ltr'><strong>sibi</strong></span> <span class='ocrx_word' id='word_1_728' title='bbox 2405 3799 2723 3855; x_wconf 87' lang='lat' dir='ltr'><strong>comtnunia</strong></span> <span class='ocrx_word' id='word_1_729' title='bbox 2775 3816 2901 3855; x_wconf 87' lang='lat' dir='ltr'><strong>cum</strong></span> <span class='ocrx_word' id='word_1_730' title='bbox 2938 3801 3100 3856; x_wconf 89' lang='lat' dir='ltr'><strong>Patre</strong></span> <span class='ocrx_word' id='word_1_731' title='bbox 3149 3799 3354 3857; x_wconf 86' lang='lat' dir='ltr'><strong>habeat</strong></span> <span class='ocrx_word' id='word_1_732' title='bbox 3383 3841 3397 3864; x_wconf 89' lang='lat'><strong>,</strong></span> <span class='ocrx_word' id='word_1_733' title='bbox 3449 3803 3694 3871; x_wconf 81' lang='lat' dir='ltr'><strong>exceptis</strong></span> 
     </span>
    </p>
   </div>
   <div class='ocr_carea' id='block_1_96' title="bbox 2115 3890 3693 3964">
    <p class='ocr_par' dir='ltr' id='par_1_96' title="bbox 2115 3890 3693 3964">
     <span class='ocr_line' id='line_1_96' title="bbox 2115 3890 3693 3964; baseline 0.001 -18"><span class='ocrx_word' id='word_1_734' title='bbox 2115 3890 2485 3947; x_wconf 89' lang='lat' dir='ltr'><strong>constitutivis</strong></span> <span class='ocrx_word' id='word_1_735' title='bbox 2538 3891 3012 3962; x_wconf 85' lang='lat' dir='ltr'><strong>proprietatibus,</strong></span> <span class='ocrx_word' id='word_1_736' title='bbox 3069 3907 3421 3947; x_wconf 88' lang='lat' dir='ltr'><strong>communem</strong></span> <span class='ocrx_word' id='word_1_737' title='bbox 3471 3909 3693 3964; x_wconf 89' lang='lat' dir='ltr'><strong>quoque</strong></span> 
     </span>
    </p>
   </div>
   <div class='ocr_carea' id='block_1_97' title="bbox 2116 3982 3696 4054">
    <p class='ocr_par' dir='ltr' id='par_1_97' title="bbox 2116 3982 3696 4054">
     <span class='ocr_line' id='line_1_97' title="bbox 2116 3982 3696 4054; baseline 0.001 -16"><span class='ocrx_word' id='word_1_738' title='bbox 2116 3982 2339 4038; x_wconf 83' lang='lat' dir='ltr'><strong>habebit</strong></span> <span class='ocrx_word' id='word_1_739' title='bbox 2366 3983 2667 4054; x_wconf 88' lang='lat' dir='ltr'><strong>potentiam</strong></span> <span class='ocrx_word' id='word_1_740' title='bbox 2697 3982 3056 4052; x_wconf 90' lang='lat' dir='ltr'><strong>producendi,</strong></span> <span class='ocrx_word' id='word_1_741' title='bbox 3080 3998 3201 4052; x_wconf 68' lang='lat' dir='ltr'><strong>quae</strong></span> <span class='ocrx_word' id='word_1_742' title='bbox 3223 3984 3443 4054; x_wconf 91' lang='lat' dir='ltr'><strong>quidem</strong></span> <span class='ocrx_word' id='word_1_743' title='bbox 3472 3995 3696 4039; x_wconf 84' lang='lat' dir='ltr'><strong>natura-</strong></span> 
     </span>
    </p>
   </div>
   <div class='ocr_carea' id='block_1_98' title="bbox 2115 4073 3690 4145">
    <p class='ocr_par' dir='ltr' id='par_1_98' title="bbox 2115 4073 3690 4145">
     <span class='ocr_line' id='line_1_98' title="bbox 2115 4073 3690 4145; baseline 0.001 -16"><span class='ocrx_word' id='word_1_744' title='bbox 2115 4073 2186 4129; x_wconf 90' lang='lat' dir='ltr'><strong>lis</strong></span> <span class='ocrx_word' id='word_1_745' title='bbox 2210 4087 2292 4129; x_wconf 89' lang='lat' dir='ltr'><strong>est</strong></span> <span class='ocrx_word' id='word_1_746' title='bbox 2316 4074 2488 4141; x_wconf 89' lang='lat' dir='ltr'><strong>Patri,</strong></span> <span class='ocrx_word' id='word_1_747' title='bbox 2508 4089 2617 4130; x_wconf 91' lang='lat' dir='ltr'><strong>non</strong></span> <span class='ocrx_word' id='word_1_748' title='bbox 2645 4082 2823 4130; x_wconf 81' lang='lat' dir='ltr'><strong>tamen</strong></span> <span class='ocrx_word' id='word_1_749' title='bbox 2858 4075 3006 4130; x_wconf 88' lang='lat' dir='ltr'><strong>illius</strong></span> <span class='ocrx_word' id='word_1_750' title='bbox 3031 4090 3282 4145; x_wconf 70' lang='lat' dir='ltr'><strong>persona:</strong></span> <span class='ocrx_word' id='word_1_751' title='bbox 3307 4076 3690 4140; x_wconf 89' lang='lat' dir='ltr'><strong>constitutiva,</strong></span> 
     </span>
    </p>
   </div>
   <div class='ocr_carea' id='block_1_99' title="bbox 2118 4165 3690 4238">
    <p class='ocr_par' dir='ltr' id='par_1_99' title="bbox 2118 4165 3690 4238">
     <span class='ocr_line' id='line_1_99' title="bbox 2118 4165 3690 4238; baseline 0.001 -16"><span class='ocrx_word' id='word_1_752' title='bbox 2118 4176 2179 4223; x_wconf 88' lang='lat' dir='ltr'><strong>ut</strong></span> <span class='ocrx_word' id='word_1_753' title='bbox 2218 4167 2426 4223; x_wconf 91' lang='lat' dir='ltr'><strong>dictum</strong></span> <span class='ocrx_word' id='word_1_754' title='bbox 2464 4177 2570 4223; x_wconf 85' lang='lat' dir='ltr'><strong>est.</strong></span> <span class='ocrx_word' id='word_1_755' title='bbox 2618 4168 2810 4237; x_wconf 81' lang='lat' dir='ltr'><strong>itaque</strong></span> <span class='ocrx_word' id='word_1_756' title='bbox 2857 4167 3098 4238; x_wconf 88' lang='lat' dir='ltr'><strong>Spiritus</strong></span> <span class='ocrx_word' id='word_1_757' title='bbox 3131 4183 3198 4223; x_wconf 83' lang='lat' dir='ltr'><strong>ex</strong></span> <span class='ocrx_word' id='word_1_758' title='bbox 3231 4165 3393 4224; x_wconf 87' lang='lat' dir='ltr'><strong>Patre</strong></span> <span class='ocrx_word' id='word_1_759' title='bbox 3436 4177 3492 4224; x_wconf 93' lang='lat' dir='ltr'><strong>et</strong></span> <span class='ocrx_word' id='word_1_760' title='bbox 3532 4169 3690 4232; x_wconf 89' lang='lat' dir='ltr'><strong>Filio,</strong></span> 
     </span>
    </p>
   </div>
   <div class='ocr_carea' id='block_1_100' title="bbox 2117 4257 3694 4329">
    <p class='ocr_par' dir='ltr' id='par_1_100' title="bbox 2117 4257 3694 4329">
     <span class='ocr_line' id='line_1_100' title="bbox 2117 4257 3694 4329; baseline 0 -17"><span class='ocrx_word' id='word_1_761' title='bbox 2117 4257 2204 4312; x_wconf 89' lang='lat' dir='ltr'><strong>vel</strong></span> <span class='ocrx_word' id='word_1_762' title='bbox 2233 4273 2302 4312; x_wconf 81' lang='lat' dir='ltr'><strong>ex</strong></span> <span class='ocrx_word' id='word_1_763' title='bbox 2335 4257 2498 4313; x_wconf 87' lang='lat' dir='ltr'><strong>Patre</strong></span> <span class='ocrx_word' id='word_1_764' title='bbox 2534 4273 2635 4328; x_wconf 82' lang='lat' dir='ltr'><strong>per</strong></span> <span class='ocrx_word' id='word_1_765' title='bbox 2668 4257 2868 4312; x_wconf 84' lang='lat' dir='ltr'><strong>Filium</strong></span> <span class='ocrx_word' id='word_1_766' title='bbox 2895 4259 3168 4329; x_wconf 90' lang='lat' dir='ltr'><strong>procedit.</strong></span> <span class='ocrx_word' id='word_1_767' title='bbox 3200 4258 3257 4313; x_wconf 91' lang='lat' dir='ltr'><strong>Si</strong></span> <span class='ocrx_word' id='word_1_768' title='bbox 3299 4258 3524 4328; x_wconf 85' lang='lat' dir='ltr'><strong>quidem</strong></span> <span class='ocrx_word' id='word_1_769' title='bbox 3550 4259 3694 4312; x_wconf 88' lang='lat' dir='ltr'><strong>inter</strong></span> 
     </span>
    </p>
   </div>
   <div class='ocr_carea' id='block_1_101' title="bbox 2051 4333 3694 4419">
    <p class='ocr_par' dir='ltr' id='par_1_101' title="bbox 2051 4333 3694 4419">
     <span class='ocr_line' id='line_1_101' title="bbox 2051 4333 3694 4419; baseline 0 -19"><span class='ocrx_word' id='word_1_770' title='bbox 2051 4333 2094 4388; x_wconf 81' lang='grc'><strong>1)</strong></span> <span class='ocrx_word' id='word_1_771' title='bbox 2128 4347 2567 4417; x_wconf 84' lang='lat' dir='ltr'><strong>praepositionem</strong></span> <span class='ocrx_word' id='word_1_772' title='bbox 2601 4364 2684 4415; x_wconf 63' lang='lat' dir='ltr'><strong>ea,</strong></span> <span class='ocrx_word' id='word_1_773' title='bbox 2717 4361 2772 4404; x_wconf 88' lang='lat' dir='ltr'><strong>et</strong></span> <span class='ocrx_word' id='word_1_774' title='bbox 2801 4365 2917 4418; x_wconf 81' lang='lat' dir='ltr'><strong>per,</strong></span> <span class='ocrx_word' id='word_1_775' title='bbox 2949 4349 3002 4404; x_wconf 93' lang='lat' dir='ltr'><strong>in</strong></span> <span class='ocrx_word' id='word_1_776' title='bbox 3043 4348 3322 4419; x_wconf 72' lang='lat' dir='ltr'><strong>theologia</strong></span> <span class='ocrx_word' id='word_1_777' title='bbox 3355 4347 3492 4402; x_wconf 89' lang='lat' dir='ltr'><strong>nihil</strong></span> <span class='ocrx_word' id='word_1_778' title='bbox 3525 4349 3694 4402; x_wconf 87' lang='lat' dir='ltr'><strong>inter-</strong></span> 
     </span>
    </p>
   </div>
   <div class='ocr_carea' id='block_1_102' title="bbox 2119 4447 2226 4494">
    <p class='ocr_par' dir='ltr' id='par_1_102' title="bbox 2119 4447 2226 4494">
     <span class='ocr_line' id='line_1_102' title="bbox 2119 4447 2226 4494; baseline -0.028 0"><span class='ocrx_word' id='word_1_779' title='bbox 2119 4447 2226 4494; x_wconf 73' lang='grc' dir='ltr'>εει.</span> 
     </span>
    </p>
   </div>
   <div class='ocr_carea' id='block_1_103' title="bbox 2192 4531 3691 4601">
    <p class='ocr_par' dir='ltr' id='par_1_103' title="bbox 2192 4531 3691 4601">
     <span class='ocr_line' id='line_1_103' title="bbox 2192 4531 3691 4601; baseline -0.001 -16"><span class='ocrx_word' id='word_1_780' title='bbox 2192 4531 2250 4585; x_wconf 79' lang='lat' dir='ltr'><strong>Si</strong></span> <span class='ocrx_word' id='word_1_781' title='bbox 2280 4531 2406 4601; x_wconf 83' lang='lat' dir='ltr'><strong>quis</strong></span> <span class='ocrx_word' id='word_1_782' title='bbox 2437 4546 2569 4586; x_wconf 87' lang='lat' dir='ltr'><strong>vero</strong></span> <span class='ocrx_word' id='word_1_783' title='bbox 2603 4531 2748 4586; x_wconf 89' lang='lat' dir='ltr'><strong>dicat</strong></span> <span class='ocrx_word' id='word_1_784' title='bbox 2791 4546 3146 4586; x_wconf 86' lang='lat' dir='ltr'><strong>communem</strong></span> <span class='ocrx_word' id='word_1_785' title='bbox 3175 4531 3378 4587; x_wconf 88' lang='lat' dir='ltr'><strong>debere</strong></span> <span class='ocrx_word' id='word_1_786' title='bbox 3409 4546 3529 4587; x_wconf 90' lang='lat' dir='ltr'><strong>esse</strong></span> <span class='ocrx_word' id='word_1_787' title='bbox 3565 4546 3691 4586; x_wconf 88' lang='lat' dir='ltr'><strong>cum</strong></span> 
     </span>
    </p>
   </div>
   <div class='ocr_carea' id='block_1_104' title="bbox 2123 4622 3693 4695">
    <p class='ocr_par' dir='ltr' id='par_1_104' title="bbox 2123 4622 3693 4695">
     <span class='ocr_line' id='line_1_104' title="bbox 2123 4622 3693 4695; baseline 0 -18"><span class='ocrx_word' id='word_1_788' title='bbox 2123 4622 2232 4677; x_wconf 83' lang='lat' dir='ltr'><strong>illis</strong></span> <span class='ocrx_word' id='word_1_789' title='bbox 2255 4633 2310 4677; x_wconf 89' lang='lat' dir='ltr'><strong>et</strong></span> <span class='ocrx_word' id='word_1_790' title='bbox 2339 4622 2566 4692; x_wconf 83' lang='lat' dir='ltr'><strong>Spiritui</strong></span> <span class='ocrx_word' id='word_1_791' title='bbox 2596 4633 2791 4679; x_wconf 87' lang='lat' dir='ltr'><strong>saneto</strong></span> <span class='ocrx_word' id='word_1_792' title='bbox 2817 4625 2925 4678; x_wconf 85' lang='lat' dir='ltr'><strong>vim</strong></span> <span class='ocrx_word' id='word_1_793' title='bbox 2950 4625 3314 4694; x_wconf 88' lang='lat' dir='ltr'><strong>producendi,</strong></span> <span class='ocrx_word' id='word_1_794' title='bbox 3344 4624 3549 4695; x_wconf 88' lang='lat' dir='ltr'><strong>quippe</strong></span> <span class='ocrx_word' id='word_1_795' title='bbox 3571 4640 3693 4694; x_wconf 67' lang='lat' dir='ltr'><strong>qua:</strong></span> 
     </span>
    </p>
   </div>
   <div class='ocr_carea' id='block_1_105' title="bbox 2121 4715 3690 4788">
    <p class='ocr_par' dir='ltr' id='par_1_105' title="bbox 2121 4715 3690 4788">
     <span class='ocr_line' id='line_1_105' title="bbox 2121 4715 3690 4788; baseline 0.001 -18"><span class='ocrx_word' id='word_1_796' title='bbox 2121 4715 2194 4770; x_wconf 87' lang='lat' dir='ltr'><strong>sit</strong></span> <span class='ocrx_word' id='word_1_797' title='bbox 2215 4716 2558 4788; x_wconf 77' lang='lat' dir='ltr'><strong>essentialis;</strong></span> <span class='ocrx_word' id='word_1_798' title='bbox 2589 4717 2837 4773; x_wconf 88' lang='lat' dir='ltr'><strong>omnium</strong></span> <span class='ocrx_word' id='word_1_799' title='bbox 2882 4718 3034 4772; x_wconf 90' lang='lat' dir='ltr'><strong>enim</strong></span> <span class='ocrx_word' id='word_1_800' title='bbox 3079 4719 3459 4773; x_wconf 85' lang='lat' dir='ltr'><strong>essentialium</strong></span> <span class='ocrx_word' id='word_1_801' title='bbox 3489 4725 3543 4772; x_wconf 90' lang='lat' dir='ltr'><strong>et</strong></span> <span class='ocrx_word' id='word_1_802' title='bbox 3573 4718 3690 4787; x_wconf 90' lang='lat' dir='ltr'><strong>ipse</strong></span> 
     </span>
    </p>
   </div>
   <div class='ocr_carea' id='block_1_106' title="bbox 2123 4806 2805 4880">
    <p class='ocr_par' dir='ltr' id='par_1_106' title="bbox 2123 4806 2805 4880">
     <span class='ocr_line' id='line_1_106' title="bbox 2123 4806 2805 4880; baseline 0 -17"><span class='ocrx_word' id='word_1_803' title='bbox 2123 4806 2361 4878; x_wconf 86' lang='lat' dir='ltr'><strong>Spiritus</strong></span> <span class='ocrx_word' id='word_1_804' title='bbox 2380 4811 2657 4880; x_wconf 86' lang='lat' dir='ltr'><strong>particeps</strong></span> <span class='ocrx_word' id='word_1_805' title='bbox 2684 4818 2768 4865; x_wconf 90' lang='lat' dir='ltr'><strong>est</strong></span> <span class='ocrx_word' id='word_1_806' title='bbox 2791 4825 2805 4863; x_wconf 90' lang='lat'><strong>:</strong></span> 
     </span>
    </p>
   </div>
   <div class='ocr_carea' id='block_1_107' title="bbox 2191 4878 3689 4971">
    <p class='ocr_par' dir='ltr' id='par_1_107' title="bbox 2191 4878 3689 4971">
     <span class='ocr_line' id='line_1_107' title="bbox 2191 4878 3689 4971; baseline -0.001 -17"><span class='ocrx_word' id='word_1_807' title='bbox 2191 4878 2509 4956; x_wconf 15' lang='lat' dir='ltr'><strong>Diseatiiste</strong></span> <span class='ocrx_word' id='word_1_808' title='bbox 2537 4878 2660 4956; x_wconf 88' lang='lat' dir='ltr'><strong>talis</strong></span> <span class='ocrx_word' id='word_1_809' title='bbox 2686 4901 2794 4957; x_wconf 89' lang='lat' dir='ltr'><strong>hoc</strong></span> <span class='ocrx_word' id='word_1_810' title='bbox 2818 4901 2971 4957; x_wconf 93' lang='lat' dir='ltr'><strong>nullo</strong></span> <span class='ocrx_word' id='word_1_811' title='bbox 2995 4878 3158 4957; x_wconf 74' lang='lat' dir='ltr'><strong>modo</strong></span> <span class='ocrx_word' id='word_1_812' title='bbox 3189 4900 3305 4956; x_wconf 76' lang='lat' dir='ltr'><strong>fieri</strong></span> <span class='ocrx_word' id='word_1_813' title='bbox 3331 4915 3515 4971; x_wconf 88' lang='lat' dir='ltr'><strong>posse,</strong></span> <span class='ocrx_word' id='word_1_814' title='bbox 3543 4899 3689 4969; x_wconf 86' lang='lat' dir='ltr'><strong>quod</strong></span> 
     </span>
    </p>
   </div>
   <div class='ocr_carea' id='block_1_108' title="bbox 2121 4992 3690 5066">
    <p class='ocr_par' dir='ltr' id='par_1_108' title="bbox 2121 4992 3690 5066">
     <span class='ocr_line' id='line_1_108' title="bbox 2121 4992 3690 5066; baseline -0.003 -18"><span class='ocrx_word' id='word_1_815' title='bbox 2121 4993 2241 5064; x_wconf 81' lang='lat' dir='ltr'><strong>ejus</strong></span> <span class='ocrx_word' id='word_1_816' title='bbox 2278 4993 2601 5063; x_wconf 79' lang='lat' dir='ltr'><strong>proprietati</strong></span> <span class='ocrx_word' id='word_1_817' title='bbox 2636 5003 2927 5066; x_wconf 82' lang='lat' dir='ltr'><strong>repugnet.</strong></span> <span class='ocrx_word' id='word_1_818' title='bbox 2970 4995 3091 5050; x_wconf 85' lang='lat' dir='ltr'><strong>Non</strong></span> <span class='ocrx_word' id='word_1_819' title='bbox 3138 4994 3286 5049; x_wconf 88' lang='lat' dir='ltr'><strong>enim</strong></span> <span class='ocrx_word' id='word_1_820' title='bbox 3336 5003 3514 5063; x_wconf 89' lang='lat' dir='ltr'><strong>potest</strong></span> <span class='ocrx_word' id='word_1_821' title='bbox 3543 4992 3690 5048; x_wconf 89' lang='lat' dir='ltr'><strong>idem</strong></span> 
     </span>
    </p>
   </div>
   <div class='ocr_carea' id='block_1_109' title="bbox 2121 5084 3692 5158">
    <p class='ocr_par' dir='ltr' id='par_1_109' title="bbox 2121 5084 3692 5158">
     <span class='ocr_line' id='line_1_109' title="bbox 2121 5084 3692 5158; baseline -0.001 -19"><span class='ocrx_word' id='word_1_822' title='bbox 2121 5085 2205 5140; x_wconf 88' lang='lat' dir='ltr'><strong>sui</strong></span> <span class='ocrx_word' id='word_1_823' title='bbox 2239 5084 2413 5154; x_wconf 89' lang='lat' dir='ltr'><strong>ipsius</strong></span> <span class='ocrx_word' id='word_1_824' title='bbox 2461 5099 2624 5141; x_wconf 87' lang='lat' dir='ltr'><strong>causa</strong></span> <span class='ocrx_word' id='word_1_825' title='bbox 2670 5101 2815 5142; x_wconf 86' lang='lat' dir='ltr'><strong>esse.</strong></span> <span class='ocrx_word' id='word_1_826' title='bbox 2858 5085 3100 5158; x_wconf 81' lang='lat' dir='ltr'><strong>Singulae</strong></span> <span class='ocrx_word' id='word_1_827' title='bbox 3145 5086 3295 5141; x_wconf 92' lang='lat' dir='ltr'><strong>enim</strong></span> <span class='ocrx_word' id='word_1_828' title='bbox 3332 5084 3534 5141; x_wconf 67' lang='lat' dir='ltr'><strong>divinae</strong></span> <span class='ocrx_word' id='word_1_829' title='bbox 3567 5098 3692 5154; x_wconf 90' lang='lat' dir='ltr'><strong>pcr-</strong></span> 
     </span>
    </p>
   </div>
   <div class='ocr_carea' id='block_1_110' title="bbox 2121 5264 3691 5336">
    <p class='ocr_par' dir='ltr' id='par_1_110' title="bbox 2121 5264 3691 5336">
     <span class='ocr_line' id='line_1_110' title="bbox 2121 5264 3691 5336; baseline 0.001 -17"><span class='ocrx_word' id='word_1_830' title='bbox 2121 5264 2237 5320; x_wconf 91' lang='lat' dir='ltr'><strong>beri</strong></span> <span class='ocrx_word' id='word_1_831' title='bbox 2271 5280 2336 5319; x_wconf 79' lang='lat' dir='ltr'><strong>ex</strong></span> <span class='ocrx_word' id='word_1_832' title='bbox 2370 5266 2487 5321; x_wconf 88' lang='lat' dir='ltr'><strong>solo</strong></span> <span class='ocrx_word' id='word_1_833' title='bbox 2524 5267 2703 5330; x_wconf 86' lang='lat' dir='ltr'><strong>Patre,</strong></span> <span class='ocrx_word' id='word_1_834' title='bbox 2743 5283 2874 5336; x_wconf 78' lang='lat' dir='ltr'><strong>ergo</strong></span> <span class='ocrx_word' id='word_1_835' title='bbox 2908 5278 2965 5323; x_wconf 90' lang='lat' dir='ltr'><strong>et</strong></span> <span class='ocrx_word' id='word_1_836' title='bbox 3002 5283 3067 5322; x_wconf 79' lang='lat' dir='ltr'><strong>ex</strong></span> <span class='ocrx_word' id='word_1_837' title='bbox 3107 5266 3266 5322; x_wconf 88' lang='lat' dir='ltr'><strong>Filio.</strong></span> <span class='ocrx_word' id='word_1_838' title='bbox 3305 5267 3372 5321; x_wconf 86' lang='lat' dir='ltr'><strong>Et</strong></span> <span class='ocrx_word' id='word_1_839' title='bbox 3401 5266 3473 5322; x_wconf 91' lang='lat' dir='ltr'><strong>ita</strong></span> <span class='ocrx_word' id='word_1_840' title='bbox 3520 5265 3691 5321; x_wconf 84' lang='lat' dir='ltr'><strong>semel</strong></span> 
     </span>
    </p>
   </div>
   <div class='ocr_carea' id='block_1_111' title="bbox 2120 5335 3692 5408">
    <p class='ocr_par' dir='ltr' id='par_1_111' title="bbox 2120 5335 3692 5408">
     <span class='ocr_line' id='line_1_111' title="bbox 2120 5335 3692 5408; baseline 0 -20"><span class='ocrx_word' id='word_1_841' title='bbox 2120 5335 2319 5408; x_wconf 66' lang='lat' dir='ltr'><strong>accidit</strong></span> <span class='ocrx_word' id='word_1_842' title='bbox 2341 5346 2420 5402; x_wconf 91' lang='lat' dir='ltr'><strong>ut,</strong></span> <span class='ocrx_word' id='word_1_843' title='bbox 2441 5352 2564 5408; x_wconf 79' lang='lat' dir='ltr'><strong>cum</strong></span> <span class='ocrx_word' id='word_1_844' title='bbox 2596 5335 3124 5406; x_wconf 26' lang='lat' dir='ltr'><strong>quidatn’Graaculus</strong></span> <span class='ocrx_word' id='word_1_845' title='bbox 3151 5337 3446 5408; x_wconf 70' lang='lat' dir='ltr'><strong>obiecisset</strong></span> <span class='ocrx_word' id='word_1_846' title='bbox 3462 5338 3692 5408; x_wconf 80' lang='lat' dir='ltr'><strong>cuidam</strong></span> 
     </span>
    </p>
   </div>
   <div class='ocr_carea' id='block_1_112' title="bbox 2122 5405 3700 5490">
    <p class='ocr_par' dir='ltr' id='par_1_112' title="bbox 2122 5405 3700 5490">
     <span class='ocr_line' id='line_1_112' title="bbox 2122 5405 3700 5490; baseline 0 -32"><span class='ocrx_word' id='word_1_847' title='bbox 2122 5405 2339 5490; x_wconf 51' lang='lat' dir='ltr'><strong>Eatino,</strong></span> <span class='ocrx_word' id='word_1_848' title='bbox 2389 5422 2488 5490; x_wconf 61' lang='lat' dir='ltr'><strong>cut:</strong></span> <span class='ocrx_word' id='word_1_849' title='bbox 2543 5405 2720 5462; x_wconf 87' lang='lat' dir='ltr'><strong>Latini</strong></span> <span class='ocrx_word' id='word_1_850' title='bbox 2769 5407 3190 5490; x_wconf 62' lang='lat' dir='ltr'><strong>addiderintad</strong></span> <span class='ocrx_word' id='word_1_851' title='bbox 3223 5405 3700 5490; x_wconf 52' lang='lat' dir='ltr'><strong>&#39;Sytttbolttnt‘ex.</strong></span> 
     </span>
    </p>
   </div>
   <div class='ocr_carea' id='block_1_113' title="bbox 2123 5473 3685 5546">
    <p class='ocr_par' dir='ltr' id='par_1_113' title="bbox 2123 5473 3685 5546">
     <span class='ocr_line' id='line_1_113' title="bbox 2123 5473 3685 5546; baseline -0.003 -19"><span class='ocrx_word' id='word_1_852' title='bbox 2123 5473 2261 5529; x_wconf 85' lang='lat' dir='ltr'><strong>Filio</strong></span> <span class='ocrx_word' id='word_1_853' title='bbox 2287 5475 2602 5544; x_wconf 82' lang='lat' dir='ltr'><strong>procedere,</strong></span> <span class='ocrx_word' id='word_1_854' title='bbox 2629 5493 2751 5532; x_wconf 87' lang='lat' dir='ltr'><strong>cum</strong></span> <span class='ocrx_word' id='word_1_855' title='bbox 2775 5494 2879 5531; x_wconf 83' lang='lat' dir='ltr'><strong>non</strong></span> <span class='ocrx_word' id='word_1_856' title='bbox 2906 5479 2976 5533; x_wconf 88' lang='lat' dir='ltr'><strong>sit</strong></span> <span class='ocrx_word' id='word_1_857' title='bbox 2997 5480 3258 5546; x_wconf 85' lang='lat' dir='ltr'><strong>scriptum</strong></span> <span class='ocrx_word' id='word_1_858' title='bbox 3294 5473 3346 5532; x_wconf 83' lang='lat' dir='ltr'><strong>in</strong></span> <span class='ocrx_word' id='word_1_859' title='bbox 3373 5476 3685 5542; x_wconf 69' lang='lat' dir='ltr'><strong>Evattgclio,</strong></span> 
     </span>
    </p>
   </div>
   <div class='ocr_carea' id='block_1_114' title="bbox 2124 5547 3688 5617">
    <p class='ocr_par' dir='ltr' id='par_1_114' title="bbox 2124 5547 3688 5617">
     <span class='ocr_line' id='line_1_114' title="bbox 2124 5547 3688 5617; baseline 0 -19"><span class='ocrx_word' id='word_1_860' title='bbox 2124 5547 2318 5617; x_wconf 76' lang='lat' dir='ltr'><strong>merito</strong></span> <span class='ocrx_word' id='word_1_861' title='bbox 2345 5547 2606 5613; x_wconf 85' lang='lat' dir='ltr'><strong>audierit,</strong></span> <span class='ocrx_word' id='word_1_862' title='bbox 2638 5563 2737 5602; x_wconf 87' lang='lat' dir='ltr'><strong>cur</strong></span> <span class='ocrx_word' id='word_1_863' title='bbox 2767 5548 2932 5602; x_wconf 87' lang='lat' dir='ltr'><strong>etiam</strong></span> <span class='ocrx_word' id='word_1_864' title='bbox 2967 5548 3067 5617; x_wconf 88' lang='lat' dir='ltr'><strong>ipsi</strong></span> <span class='ocrx_word' id='word_1_865' title='bbox 3101 5549 3274 5604; x_wconf 86' lang='lat' dir='ltr'><strong>Graeci</strong></span> <span class='ocrx_word' id='word_1_866' title='bbox 3312 5548 3590 5604; x_wconf 82' lang='lat' dir='ltr'><strong>fateantur</strong></span> <span class='ocrx_word' id='word_1_867' title='bbox 3618 5559 3688 5601; x_wconf 69' lang='lat' dir='ltr'><strong>ex</strong></span> 
     </span>
    </p>
   </div>
   <div class='ocr_carea' id='block_1_115' title="bbox 2123 5615 3220 5684">
    <p class='ocr_par' dir='ltr' id='par_1_115' title="bbox 2123 5615 3220 5684">
     <span class='ocr_line' id='line_1_115' title="bbox 2123 5615 3220 5684; baseline 0.002 -14"><span class='ocrx_word' id='word_1_868' title='bbox 2123 5615 2240 5670; x_wconf 88' lang='lat' dir='ltr'><strong>solo</strong></span> <span class='ocrx_word' id='word_1_869' title='bbox 2271 5615 2474 5672; x_wconf 81' lang='lat' dir='ltr'><strong>Patre?</strong></span> <span class='ocrx_word' id='word_1_870' title='bbox 2502 5617 2621 5684; x_wconf 82' lang='lat' dir='ltr'><strong>Quo</strong></span> <span class='ocrx_word' id='word_1_871' title='bbox 2647 5633 2908 5684; x_wconf 71' lang='lat' dir='ltr'><strong>responso</strong></span> <span class='ocrx_word' id='word_1_872' title='bbox 2930 5615 3220 5673; x_wconf 74' lang='lat' dir='ltr'><strong>conticuit.</strong></span> 
     </span>
    </p>
   </div>
  </div>
