3966 6218
269 268 378 334 367

1226 262 1737 324 BESSARIONIS
1771 263 1832 322 S.
1877 263 1948 326 Il.
1987 264 2056 323 E.
2084 262 2568 325 .CARDINALIS

3414 254 3520 320 368

267 402 417 446 some
445 382 631 441 omnia
661 381 983 438 essentialia
1019 381 1122 436 sibi
1172 391 1367 437 mutuo
1398 380 1835 449 communicant,

1957 384 2256 454 τροσώπων
2286 382 2607 438 κοινωνοῦσι
2637 382 2855 437 πάντων
2888 378 3142 452 ἀλλήλοις
3171 379 3281 433 τῶν
3313 380 3521 434 οὗσιω-

267 487 560 537 manentes
589 476 645 530 in
686 490 753 530 eo
791 474 939 545 quod
971 484 1117 538 sunt,
1150 484 1205 529 et
1234 483 1520 530 servantes
1547 489 1674 529 suas
1711 488 1838 543 pro-

267 572 553 641 prietates.
605 567 832 622 Manens
881 566 1054 629 enim,
1095 565 1273 634 inquit
1308 579 1540 635 magnus
1577 563 1834 627 Basilius,

267 662 445 715 Filius
474 660 531 714 in
562 674 649 724 eo,
693 658 840 729 quod
871 659 943 711 sit
973 657 1144 712 Filius
1166 700 1180 723 ,
1218 657 1387 712 habet
1423 656 1604 710 omnia
1637 655 1837 709 Patris.

267 752 440 820 Igitur
469 759 522 806 et
559 752 801 821 Spiritus
837 764 1066 804 manens
1099 749 1152 802 in
1187 763 1253 803 eo
1286 747 1431 817 quod
1478 747 1551 802 sit
1578 746 1835 815 Spiritus,

266 844 434 898 habet
462 844 648 897 omnia
674 842 856 897 Patris
880 851 937 896 et
962 841 1109 896 Filii.
1143 841 1278 895 Esse
1305 841 1475 909 igitur
1500 854 1720 893 causam
1752 840 1836 893 sui

265 935 459 1002 ipsius,
501 934 738 1003 propriae
782 931 983 988 rationi
1026 942 1320 1001 repugnat,
1370 939 1423 984 ut
1459 930 1667 983 dictum
1697 937 1781 983 est
1821 944 1836 981 :
1882 946 1887 951 ’

263 1026 334 1078 ob
364 1040 598 1093 eamque
633 1039 884 1091 causam,
922 1022 1155 1079 activam
1181 1021 1593 1092 processionem
1636 1019 1839 1075 habere

264 1114 493 1167 minime
517 1122 717 1182 potest.

337 1204 398 1259 Si
461 1204 586 1274 quis
626 1219 762 1259 vero
806 1219 1002 1259 rursus
1044 1204 1243 1259 dixerit
1274 1201 1475 1272 :Atqui
1501 1200 1546 1256 si
1598 1199 1839 1270 Spiritus

265 1297 603 1367 operationis
645 1294 990 1365 producendi
1041 1295 1148 1349 erit
1200 1309 1435 1363 expers.
1492 1292 1684 1347 saltem
1734 1292 1841 1345 erit

264 1383 543 1454 particeps
569 1383 895 1453 generandi,
921 1383 1387 1453 quemadmodum
1416 1381 1587 1436 Filius
1617 1380 1839 1451 particio

262 1485 357 1545 pat
384 1475 490 1529 vim
528 1474 871 1544 producendi
908 1491 923 1529 :

337 1566 459 1622 Non
497 1581 625 1621 eum
669 1566 863 1637 fugiat,
903 1566 1050 1622 istud
1096 1581 1315 1637 quoque
1346 1566 1495 1621 nullo
1530 1567 1693 1622 modo
1720 1566 1838 1622 fieri

264 1671 450 1727 posse.
484 1658 691 1725 Primo,
731 1658 878 1729 quod
908 1660 1157 1729 operatio
1176 1660 1473 1729 generandi
1514 1662 1585 1714 sit
1618 1671 1839 1715 ostensa

265 1762 387 1802 esse
414 1748 664 1817 operatio
697 1728 1072 1805 cenatitutivae
1093 1728 1295 1820 speciei
1330 1766 1580 1821 personae
1625 1753 1802 1807 Patris
1824 1794 1840 1820 ,
1870 1728 1915 1785 Β

266 1852 389 1907 qua:
423 1846 509 1896 est
535 1839 1072 1896 incommunieabilis
1097 1842 1253 1896 alteri
1276 1856 1523 1911 persona:
1549 1862 1563 1897 :
1598 1844 1668 1898 ob
1693 1859 1845 1898 eam-

266 1944 373 1999 que
404 1946 629 1987 causam
659 1932 779 1987 ἢοιί
811 1947 923 1988 non
948 1942 1150 2003 potest,
1197 1943 1258 1990 ut
1295 1935 1471 1989 altera
1508 1950 1747 2004 persona
1780 1936 1845 1991 il-

266 2020 379 2076 lam
405 2024 724 2095 participet.

340 2112 571 2187 Deinde,
613 2112 763 2183 quod
813 2113 1307 2171 contradictionem
1350 2117 1406 2171 in
1450 2132 1508 2173 se
1544 2117 1841 2175 contineat.

270 2200 329 2256 Si
353 2200 502 2256 enim
531 2203 647 2274 ipse
680 2203 918 2274 Spiritus
948 2216 1180 2275 generat
1212 2206 1431 2270 Filium,
1466 2209 1715 2278 procedit
1747 2226 1845 2264 au-

268 2302 379 2348 tem
411 2295 479 2350 ab
523 2296 641 2366 ipso
666 2340 680 2362 ,
723 2298 831 2351 erit
868 2308 1123 2368 respectu
1172 2300 1443 2370 ejusdem,
1485 2310 1541 2357 et
1575 2318 1767 2370 causa,
1790 2312 1846 2359 et

271 2393 581 2440 causatum.
619 2384 734 2442 lloc
764 2395 950 2442 autem
985 2396 1069 2443 est
1105 2392 1497 2450 contradictio.

343 2477 415 2530 At
442 2476 588 2530 enim
614 2477 850 2534 fortasse
872 2478 1019 2535 dicet
1046 2482 1343 2551 quispiam,
1382 2484 1525 2539 istud
1546 2486 1841 2543 absurdum

272 2568 431 2638 sequi
477 2584 636 2625 exeo
666 2571 815 2641 quod
853 2588 1347 2643 prmsupponamus
1392 2576 1588 2632 Filium
1633 2580 1842 2649 produ-

269 2675 394 2716 cere
440 2661 711 2732 Spiritum
754 2680 770 2717 :
818 2673 875 2719 at
931 2666 979 2721 si
1025 2666 1130 2721 hoc
1180 2683 1292 2722 non
1333 2680 1698 2740 supponatur,
1746 2673 1842 2728 sed

271 2760 488 2805 tantum
522 2751 792 2821 Spiritum
823 2769 949 2809 eum
974 2756 1138 2811 Patre
1170 2773 1432 2827 generare
1468 2761 1690 2826 Filium,
1728 2778 1839 2818 non

271 2840 511 2911 amplius
539 2840 691 2898 istud
711 2842 934 2899 absurdi
968 2855 1251 2916 sequetur.
1284 2847 1393 2903 Cur
1423 2850 1568 2904 enim
1602 2851 1845 2920 Spiritus

267 2946 394 2986 cum
426 2931 590 2989 Patre
633 2947 743 2988 non
771 2943 999 3004 generat
1040 2936 1228 3006 potius
1264 2936 1486 3007 Filium,
1524 2940 1621 2995 sed
1670 2940 1845 2998 Filius

273 3037 402 3078 eum
429 3024 593 3079 Patre
629 3025 889 3095 producit
916 3025 1225 3097 Spiritum?

340 3114 401 3183 Si
429 3115 555 3188 quis
589 3132 721 3188 ergo
756 3117 865 3174 ista
904 3117 1127 3188 dixerit,
1158 3121 1394 3191 primum
1422 3125 1559 3179 sciat
1599 3140 1657 3180 se
1692 3142 1841 3197 quae-

270 3225 416 3277 rere,
453 3225 576 3281 qua:
606 3226 772 3267 nemo
806 3212 952 3267 alius
982 3229 1227 3284 unquam
1266 3216 1355 3270 vel
1401 3218 1641 3287 cogitare
1677 3235 1843 3275 ausus

267 3311 375 3357 est.
420 3300 629 3357 Deinde
668 3304 755 3359 vis
806 3305 1108 3374 generandi
1162 3306 1505 3378 intelligitur,
1548 3318 1843 3381 antequam

272 3390 615 3464 intelligatur
649 3393 733 3449 vis
773 3394 1142 3464 producendi,
1174 3407 1433 3467 tanquam
1463 3399 1636 3469 prima
1664 3410 1719 3454 et
1744 3402 1845 3455 im-

271 3486 512 3540 mediata
546 3486 797 3557 operatio
826 3486 1029 3555 Patris,
1067 3497 1127 3543 ut
1161 3499 1444 3545 ostensum
1473 3500 1577 3547 est.
1610 3492 1692 3548 οι)
1721 3509 1843 3549 eam

272 3576 448 3648 ipsam
504 3591 752 3644 causam,
802 3593 913 3633 non
972 3588 1155 3649 potest
1201 3580 1366 3653 hujus
1410 3584 1684 3655 particeps
1724 3601 1847 3643 esse

276 3668 537 3738 Spiritus.
580 3667 931 3723 Producendi
977 3685 1110 3725 vero
1153 3673 1259 3740 vis,
1297 3688 1421 3727 eum
1454 3685 1577 3745 post
1618 3692 1847 3747 genera-

272 3758 480 3813 tionem
512 3757 641 3814 Filii
670 3758 1032 3830 intelligatur,
1059 3769 1116 3815 et
1138 3776 1237 3830 per
1266 3765 1673 3830 generationem
1697 3765 1846 3823 illius

271 3851 562 3919 eﬂieiatur,
598 3863 657 3909 ut
689 3863 974 3909 ostensum
1004 3865 1121 3921 est,
1169 3855 1289 3910 ﬁeri
1329 3868 1528 3927 potest,
1578 3860 1689 3915 imo
1716 3876 1847 3918 vero

271 3955 329 4000 et
358 3947 731 4001 necessarium
767 3956 871 4011 est,
899 3956 960 4002 ut
990 3963 1110 4002 cum
1136 3950 1251 4019 ipso
1279 3951 1737 4006 conimunicetur.

348 4036 405 4091 Si
441 4038 566 4106 quis
593 4052 726 4092 vero
754 4052 946 4093 rursus
986 4038 1056 4093 ob
1095 4039 1195 4094 llas
1215 4056 1404 4096 causas
1432 4043 1634 4098 dixerit
1661 4062 1675 4099 :
1707 4045 1847 4116 Ergo

208 4190 212 4195 ,
277 4130 459 4185 minor
484 4138 569 4185 est
602 4129 845 4199 Spiritus
874 4128 1035 4185 Patre
1059 4147 1122 4186 ae
1152 4130 1313 4196 Filio,
1343 4134 1391 4188 si
1423 4135 1645 4202 quidem
1685 4136 1846 4192 Pater

276 4231 504 4293 generat
535 4220 761 4287 Filium,
792 4232 847 4277 et
872 4222 1132 4292 producit
1154 4224 1442 4292 Spiritum,
1468 4226 1643 4282 Filius
1662 4239 1845 4283 autem

272 4322 328 4369 et
358 4314 474 4382 ipse
508 4327 635 4368 cum
669 4312 828 4367 Patre
873 4313 1133 4382 producit
1172 4311 1442 4382 Spiritum
1474 4330 1487 4367 :
1517 4325 1572 4371 at
1606 4318 1847 4387 Spiritus

1941 474 2082 537 δῶν,
2122 476 2355 544 μένοντα
2385 478 2444 527 ἐν
2476 474 2554 542 τῷ
2586 470 2727 527 εἶναι
2766 474 2793 526 ὃ
2829 475 2935 525 εἰσι
2963 514 2977 539 ,
3012 473 3109 526 καὶ
3147 470 3388 536 σώζοντα
3420 472 3519 543 τὴν

1940 567 2150 619 ἑαυτῶν
2186 567 2448 637 ἰδιότητα.
2481 566 2676 621 Μένων
2706 566 2814 635 γὰρ
2835 603 2850 628 ,
2884 564 3049 635 φησὶν
3081 565 3108 617 6
3143 564 3314 632 μέγας
3350 564 3517 616 Βασί-

1938 656 2102 722 λειος,
2138 662 2165 711 6
2202 659 2329 721 Υἱὸς
2366 659 2424 711 ὲν
2461 658 2540 726 τῷ
2579 654 2721 711 εἶναι
2762 656 2910 720 Υίὸς,
2951 656 3064 726 ἔχει
3108 655 3286 709 πάντα
3321 656 3391 708 τὰ
3426 656 3515 708 τοῦ

1939 749 2171 817 Πατρός.
2224 749 2332 802 Καὶ
2382 748 2442 801 rb
2492 748 2718 817 Πνεῦμα
2766 748 2875 817 ἄρα
2928 747 3090 817 μένον
3140 748 3198 800 ἐν
3245 746 3323 816 τῷ
3376 742 3513 798 εῖναι

1940 842 2182 907 Πνεῦμα,
2212 841 2321 911 ἕχει
2340 841 2520 896 πάντα
2544 841 2613 894 τὰ
2642 839 2733 893 τοῦ
2755 839 2967 909 Πατρδς
2994 839 3089 891 καὶ
3118 837 3213 890 τοῦ
3245 837 3380 890 Υῐοῦ
3400 853 3414 867 °
3444 837 3519 906 τῷ

1942 932 2057 1003 ἰδίῳ
2085 928 2178 987 οὖν
2203 933 2368 1001 λόγῳ,
2396 932 2471 994 ὡς
2498 930 2734 1002 εἴρηται,
2766 932 3001 1000 μάχεται
3028 928 3088 982 rb
3116 927 3314 981 ἑαυτοῦ
3348 928 3521 980 αἴτιον

1939 1018 2081 1076 εἶναι
2107 1039 2122 1053 ·
2165 1028 2259 1076 καὶ
2300 1022 2390 1076 διὰ
2430 1021 2589 1076 τοῦτο
2631 1021 2732 1091 τὴν
2776 1019 3145 1092 ἑνεργητικὴν
3188 1020 3520 1091 ὲκπόρευσιν

1942 1115 2085 1185 ἔχειν
2113 1114 2173 1167 οὐ
2203 1114 2449 1175 δύναδαι.

2012 1206 2075 1258 Et
2106 1204 2163 1257 δέ
2192 1221 2275 1267 τις
2307 1205 2468 1259 πάλιν
2498 1206 2665 1267 εἴποι,
2690 1203 2833 1255 Ἀλλ’
2858 1203 2906 1255 εί
2932 1201 3006 1272 μὴ
3029 1201 3132 1271 τῆς
3158 1202 3251 1254 τοῦ
3282 1200 3522 1271 προϐάλ-

1940 1295 2057 1349 λειν
2108 1297 2393 1367 ἐνεργείας
2444 1296 2695 1349 κοινωνεῖ
2743 1294 2803 1346 τὸ
2855 1292 3116 1363 Πνεῦμα,
3167 1294 3519 1361 κοινωνήσειε

1941 1384 2071 1453 γοῦν
2108 1387 2206 1455 τῆς
2244 1386 2335 1439 τοῦ
2376 1387 2604 1457 γεννᾷν,
2647 1383 2837 1457 ὥσπερ
2876 1384 2905 1437 ὁ
2941 1384 3068 1447 Υἱὸς
3107 1383 3207 1453 τῆς
3246 1382 3338 1435 τοῦ
3382 1399 3519 1452 προ-

1942 1477 2159 1531 ϐάλλειν
2185 1488 2201 1504 ⁸

2012 1570 2104 1637 Μὴ
2147 1568 2462 1624 λανθανέτω
2501 1571 2623 1625 οὐδὲ
2660 1570 2818 1624 τοῦτο
2854 1566 3080 1623 δυνατὸν
3118 1562 3279 1622 εῖναι.
3320 1567 3516 1637 Πρῶτα

1946 1660 2044 1729 μὲν
2071 1661 2157 1714 διὰ
2184 1662 2244 1713 rb
2272 1662 2369 1733 τὴν
2402 1664 2497 1715 τοῦ
2525 1664 2719 1732 γεννᾷν
2750 1663 3030 1731 ἐνέργειαν
3060 1659 3152 1713 τοῦ
3186 1661 3515 1713 συστατικοῦ

1946 1749 2120 1813 εἴδους
2179 1751 2275 1805 τοῦ
2330 1752 2597 1823 πατρικοῦ
2647 1752 2943 1820 προσώπου
2992 1752 3088 1806 καὶ
3147 1750 3517 1817 ἀκοινωνήτου

1946 1841 2084 1910 πρὸς
2116 1842 2299 1914 ἕτερον
2333 1844 2714 1912 ἀποδεδεῖχθαι
2748 1844 3035 1914 ἐνέργειαν
3057 1884 3071 1907 ,
3106 1844 3201 1897 καὶ
3236 1843 3326 1894 διὰ
3358 1840 3518 1893 τοῦτο
3584 1838 3587 1841 ’

1945 1930 2206 1986 ἀδύνατον
2241 1929 2380 1987 εἶναι
2412 1934 2741 2005 κοινωνῆσαι
2790 1934 2941 2004 αὐτῷ
2979 1934 3165 2005 ἕτερον
3202 1933 3517 2004 πρόσωπον.

2022 2110 2254 2163 Ἔπειτα
2289 2110 2345 2164 δὲ
2378 2111 2463 2165 διὰ
2493 2112 2552 2165 rb
2594 2110 2866 2182 περιέχειν
2899 2112 3188 2181 ἀντίφασιν
3216 2115 3275 2166 ἐν
3304 2114 3513 2183 ἐαυτῷ·

1946 2202 1994 2254 εί
2028 2205 2138 2273 γὰρ
2169 2203 2298 2255 αὐτὸ
2330 2205 2494 2274 γεννᾷ
2529 2206 2627 2273 μὲν
2656 2205 2746 2256 τὸν
2781 2204 2929 2269 Υίὸν,
2963 2205 3324 2274 ἐκπορεύεται
3355 2205 3400 2257 δ’
3426 2207 3518 2258 ὑπ’

1945 2295 2135 2361 αὐτοῦ,
2167 2295 2319 2349 ἐσται
2351 2296 2486 2365 πρὸς
2515 2297 2574 2348 τὸ
2605 2296 2736 2348 αὐτὸ
2768 2296 2863 2350 καὶ
2893 2296 3086 2362 αῐτιον,
3123 2297 3215 2349 καὶ
3247 2298 3513 2349 αἰτιατόν.

1947 2388 2117 2441 Τοῦτο
2145 2389 2188 2441 δ’
2214 2391 2360 2442 ἐστὶν
2389 2388 2699 2457 ἀντίφασις.
3024 2366 3050 2389 ⁸

2029 2480 2166 2533 Ἀλλ’
2193 2479 2321 2542 ἴσως
2355 2482 2467 2549 ἐρεῖ
2501 2496 2582 2541 τις
2613 2479 2772 2533 τοῦτο
2803 2479 2861 2533 rb
2895 2479 3096 2533 ἄτοπον
3132 2480 3358 2533 ἕπεσθαι
3381 2522 3395 2543 ,
3428 2481 3518 2534 διὰ

1946 2573 2007 2625 rb
2038 2571 2503 2642 προϋποτίθεσθαι
2534 2572 2625 2623 τὸν
2656 2572 2783 2623 Υἰδν
2814 2572 3141 2641 προϐάλλειν
3171 2573 3231 2625 τό
3265 2574 3513 2641 Πνεῦμα.

1948 2666 2010 2718 Et
2035 2665 2089 2717 δὲ
2120 2664 2193 2734 μὴ
2215 2664 2374 2716 τοῦτο
2397 2664 2709 2731 ὑποτεθείη,
2736 2663 2870 2715 ἀλλὰ
2899 2664 3078 2731 μόνον,
3104 2666 3184 2718 ὅτι
3209 2665 3269 2718 rb
3294 2664 3517 2735 Πνεῦμα

1949 2758 2047 2810 σὺν
2076 2758 2153 2826 τῷ
2186 2757 2358 2827 Πατρὶ
2385 2758 2547 2827 γεννᾷ
2578 2756 2668 2809 τὸν
2699 2756 2849 2820 Υίὸν,
2878 2756 3034 2811 τοῦτο
3060 2759 3160 2812 οὐκ
3189 2759 3267 2811 ἐτι
3297 2760 3356 2811 τὸ
3386 2759 3516 2812 ἄτο-

1948 2867 2048 2903 πον
2077 2849 2282 2911 ἕψεται.
2315 2850 2469 2903 Διατί
2500 2850 2607 2919 γὰρ
2637 2850 2703 2902 οὐ
2736 2850 2935 2919 μᾶλλον
2966 2851 3027 2903 τὸ
3060 2850 3286 2919 Πνεῦμα
3312 2852 3409 2904 σὺν
3440 2851 3519 2920 τῷ

1946 2942 2124 3011 Πατρὶ
2170 2944 2335 3013 γεννᾷ
2377 2944 2467 2996 τὸν
2509 2943 2660 3009 Υίδν,
2705 2943 2820 2997 ἀλλ’
2845 2945 2872 2996 6
2917 2945 3042 3007 Υίδς
3086 2946 3183 2999 σὺν
3222 2944 3300 3016 τῷ
3341 2945 3518 3015 Πατρὶ

1947 3032 2239 3102 προϐάλλει
2269 3033 2329 3085 rb
2360 3034 2585 3104 Πνεῦμα
2604 3052 2619 3093 ς

2015 3126 2081 3176 Εἴ
2109 3142 2190 3187 τις
2221 3123 2314 3177 οῦν
2343 3125 2512 3177 ταῦτα
2547 3126 2680 3195 φαίη
2704 3167 2719 3193 ,
2752 3126 2944 3196 πρῶτα
2984 3127 3080 3195 μὲν
3110 3127 3241 3179 ἴστω
3274 3125 3452 3193 ζητῶν
3480 3123 3517 3181 ἃ

1948 3214 2134 3284 μηδεὶς
2171 3213 2330 3277 ἄλλος
2366 3214 2499 3267 ποτὲ
2534 3216 2643 3268 οὐδ’
2668 3215 2918 3284 ἐννοῆσαι
2955 3216 3252 3285 ἐτόλμησεν
3276 3234 3290 3247 ·
3329 3216 3517 3268 ἔπειτα

1945 3308 1976 3375 ἡ
2029 3306 2127 3375 μὲν
2170 3308 2264 3359 τοῦ
2310 3308 2505 3377 γεννᾷν
2550 3308 2781 3378 δύναμις
2829 3311 3239 3378 προεπινοεῖται
3284 3311 3381 3379 τῆς
3424 3308 3515 3362 τοῦ

1948 3395 2270 3466 προϐάλλειν
2304 3396 2623 3467 δυνάμεως,
2658 3397 2733 3460 ὡς
2770 3397 2961 3467 πρώτη
2998 3397 3094 3450 καὶ
3126 3398 3330 3467 ἄμεσος
3364 3398 3518 3467 ὲνέρυ

1947 3503 2072 3555 γεια
2100 3488 2195 3543 τοῦ
2230 3490 2462 3559 Πατρδς,
2495 3490 2637 3544 καθὰ
2667 3491 3049 3543 ἀποδέδεικται
3074 3506 3089 3519 ο
3121 3495 3216 3542 καὶ
3245 3490 3332 3541 διὰ
3360 3490 3518 3541 τοῦτο

1946 3581 2007 3634 οὐ
2044 3581 2266 3636 δύναται
2298 3583 2501 3653 ταύτης
2544 3586 2827 3637 κοινωνεῖν
2862 3583 2923 3636 τὸ
2966 3583 3192 3651 Πνεῦμα
3214 3598 3227 3613 ·
3263 3585 3296 3653 ή
3335 3583 3390 3635 δὲ
3422 3581 3516 3634 τοῦ

1948 3672 2270 3743 προϐάλλειν
2318 3674 2679 3743 ὲπινοουμένη
2730 3675 2829 3744 τῆς
2877 3673 2973 3726 τοῦ
3027 3674 3155 3725 rio-3
3205 3673 3518 3742 γεννήσεως

1947 3765 2040 3817 καὶ
2068 3764 2158 3818 διὰ
2187 3765 2283 3833 τῆς
2318 3764 2484 3817 αὑτοῦ
2518 3764 2829 3833 γεννήσεως
2860 3763 3255 3833 ἐπιτελουμένη
3275 3802 3290 3825 ,
3323 3763 3398 3823 ὡς
3430 3762 3517 3813 δέ-

1947 3855 2155 3910 δεικται
2179 3895 2193 3920 ,
2231 3857 2332 3909 οὐκ
2371 3855 2632 3918 ἀδύνατος
2655 3896 2670 3923 ,
2706 3855 2840 3910 ἀλλὰ
2877 3853 3080 3922 μᾶλλον
3115 3854 3210 3907 xui.
3245 3851 3517 3919 ἀναγκαία

1950 3947 2100 4018 αὐτῷ
2130 3947 2529 4001 κοινωνείσθαι.

2020 4039 2084 4093 Εί
2117 4039 2176 4093 δέ
2208 4057 2289 4100 τις
2323 4038 2475 4101 αὖθις
2510 4038 2599 4092 διὰ
2629 4039 2806 4093 ταῦτα
2842 4040 3019 4102 εἴποι,
3056 4036 3263 4092 Οὐκοῦν
3296 4037 3517 4089 ἔλαττον

1949 4131 2010 4184 rb
2055 4132 2279 4201 Πνεῦμα
2327 4132 2538 4201 Πατρὺς
2578 4132 2674 4185 καὶ
2717 4131 2867 4197 Υίοῦ,
2910 4131 3072 4201 εἴπερ
3109 4132 3141 4184 6
3184 4130 3284 4199 μὲν
3329 4127 3517 4197 Πατὴρ

1952 4226 2116 4295 γεννᾴ
2144 4224 2235 4278 τὸν
2265 4224 2393 4277 Υἱὸν
2419 4223 2514 4277 καὶ
2543 4223 2835 4292 προϐάλλει
2863 4223 2923 4276 rb
2956 4221 3177 4289 Πνεῦμα
3199 4238 3214 4253 ο
3245 4224 3273 4273 6
3300 4221 3357 4273 δὲ
3387 4220 3519 4282 Υἱός

1952 4319 2046 4370 καὶ
2080 4318 2240 4376 αὐτὸς
2278 4317 2376 4369 σὺν
2408 4316 2486 4385 τῷ
2522 4317 2700 4385 Πατρὶ
2732 4314 3028 4386 προϐάλλει
3060 4314 3120 4367 rb
3155 4312 3380 4381 Πνεῦμα
3408 4327 3421 4341 ⁸
3455 4311 3518 4364 rb

276 4419 459 4473 neque
502 4401 704 4457 Filium
739 4411 985 4475 generat,
1020 4419 1201 4474 neque
1247 4404 1508 4475 seipsum,
1561 4420 1741 4479 neque
1771 4411 1844 4465 al-

1957 4409 2011 4463 δὲ
2044 4408 2270 4477 Πνεῦμα
2297 4407 2419 4461 οὔτε
2449 4408 2538 4460 τὸν
2578 4407 2697 4460 Υίὸν
2725 4408 2909 4476 γεννᾷ,
2939 4404 3051 4460 οὗθ’
3077 4406 3236 4459 ἑαυτὸ
3264 4404 3377 4457 οὗθ’
3402 4405 3519 4456 ἓτε-

278 4510 457 4552 terum
494 4495 766 4565 Spiritum
799 4494 1071 4565 producit.

348 4590 497 4644 Vana
528 4598 612 4645 est
638 4588 743 4643 ista
780 4588 942 4653 ratio,
981 4598 1037 4643 ct
1074 4601 1265 4645 contra
1303 4591 1482 4661 ipsum
1509 4593 1683 4665 magis
1716 4609 1847 4651 con-

272 4680 483 4744 cludit,
523 4681 622 4750 qui
661 4680 767 4737 hoc
805 4680 1029 4737 dixerit.
1071 4682 1130 4737 Si
1171 4684 1319 4738 enim
1355 4685 1559 4740 nullius
1592 4701 1844 4756 persona:

275 4787 500 4828 causam
541 4786 691 4838 esse,
747 4772 1192 4843 iuiperl‘ectionis
1244 4782 1301 4829 et
1337 4774 1742 4833 imminutionis
1789 4779 1845 4832 in

273 4863 548 4920 Trinitate
616 4862 723 4918 hoc
772 4864 989 4935 signum
1038 4879 1159 4919 esse
1223 4874 1445 4935 oportet
1482 4868 1845 4925 existimare:

272 4957 447 5027 igitur
494 4956 644 5028 quod
702 4955 932 5023 minus,
985 4972 1059 5010 eo
1106 4958 1253 5027 quod
1314 4958 1436 5027 plus
1486 4975 1846 5029 personarum

273 5049 533 5120 producit
573 5049 689 5121 (l),
732 5049 1108 5119 imperfectius
1163 5050 1295 5105 erit.
1342 5052 1452 5106 Sed
1504 5068 1627 5106 cum
1676 5054 1850 5110 Filius

277 5142 445 5196 unius
480 5150 690 5196 tantum
729 5156 976 5211 persona:
1019 5140 1257 5211 Spiritus
1280 5182 1293 5207 ,
1328 5158 1453 5198 eum
1490 5145 1649 5200 Patre
1682 5160 1848 5201 causa

279 5235 375 5301 sil,
402 5235 585 5292 minor
612 5235 719 5289 erit
748 5236 927 5299 Patre,
961 5235 1056 5299 qui
1087 5242 1143 5288 et
1177 5234 1351 5304 ipsius
1378 5236 1519 5297 Filii,
1541 5236 1849 5307 etSpiritus

279 5344 445 5386 causa
485 5327 727 5382 exsistit.
766 5328 837 5380 At
874 5325 1022 5381 enim
1069 5325 1173 5381 hoc
1209 5328 1295 5381 vel
1335 5329 1614 5398 cogitare,
1657 5330 1850 5384 absur-

278 5423 408 5473 duni
451 5429 581 5474 est:
628 5417 796 5488 igitur
838 5414 971 5470 illud
1013 5428 1233 5485 quoque
1285 5416 1531 5485 ejusdem
1589 5415 1850 5471 absurdi-

276 5512 406 5566 tatis
466 5520 569 5567 est.
627 5509 757 5563 Esse
819 5508 967 5562 enim
1020 5523 1241 5561 causam
1303 5509 1386 5562 vel
1450 5519 1733 5563 causatum
1794 5509 1849 5562 in

350 5633 427 5699 (1)
484 5630 628 5685 Istud
680 5644 810 5681 sane
859 5627 913 5681 in
969 5628 1145 5681 solum
1198 5628 1363 5679 etiam
1402 5624 1621 5679 Patrem
1644 5624 1850 5699 “magis

279 5696 552 5771 quadrare
605 5701 843 5765 videtur,
895 5699 990 5770 qui
1033 5700 1187 5769 juxta
1242 5700 1580 5753 recentiores
1632 5696 1851 5750 Graecos

1952 4517 2045 4572 ρον
2074 4499 2293 4568 πνεῦμα
2324 4498 2620 4567 προϐάλλει
2644 4514 2659 4529 ·

2020 4592 2264 4653 Μάταιος
2295 4593 2325 4644 6
2348 4591 2503 4659 λόγος
2522 4630 2536 4655 ,
2571 4591 2666 4643 καὶ
2697 4589 2821 4644 καθ’
2846 4589 3041 4644 ἑαυτοῦ
3077 4590 3277 4659 μᾶλλον
3307 4592 3334 4643 6
3363 4589 3520 4642 τοῦτο

1952 4685 2177 4754 φάσκων
2213 4684 2576 4754 συμπεραίνει
2598 4698 2613 4713 ·
2647 4684 2696 4735 εί
2730 4684 2838 4753 γὰρ
2873 4682 3126 4745 ἀτελείας
3158 4685 3253 4736 καὶ
3286 4681 3517 4734 ἐλαττώ-

1953 4794 2089 4838 σεως
2116 4774 2275 4828 τοῦτο
2304 4776 2529 4844 σημεῖον
2554 4776 2613 4826 ὲν
2638 4776 2707 4845 τῇ
2736 4774 2929 4844 Τριάδι
2958 4770 3165 4827 οἴεσθαι
3190 4774 3291 4837 δεῖ,
3319 4774 3379 4825 τὸ
3408 4790 3519 4840 μη-

1949 4870 2097 4931 δενὸς
2128 4868 2235 4920 τῶν
2268 4867 2576 4936 προσώπων
2606 4866 2778 4919 αἴτιον
2808 4861 2946 4918 εἶναι
2969 4906 2982 4931 ,
3017 4867 3109 4918 καὶ
3135 4866 3193 4917 rb
3220 4866 3520 4917 ἐλαττόνων

1950 4958 2400 5032 ἄραῠπροσώπων
2435 4955 2608 5008 αἴτιον
2645 4956 2740 5009 τοῦ
2784 4956 3043 5007 πλειόνων
3080 4956 3256 5009 αἰτίου
3297 4956 3539 5007 ἔλαττον

1950 5052 2123 5105 ἔσται.
2164 5049 2303 5102 Ἀλλ’
2329 5051 2357 5101 6
2399 5048 2525 5111 Υίὸς
2568 5047 2685 5110 ἐνὸς
2727 5047 3021 5116 προσώπου
3062 5048 3155 5099 τοῦ
3199 5048 3521 5116 Πνεύματος

1955 5146 2115 5215 μόνον
2154 5144 2325 5205 αἴτιος
2361 5141 2436 5194 ὣν
2474 5142 2570 5193 σὺν
2604 5140 2681 5207 τῷ
2724 5140 2918 5209 Πατρὶ,
2961 5140 3199 5192 ἐλάττων
3233 5140 3389 5191 ἔσται
3425 5138 3521 5190 τοῦ

1954 5234 2186 5303 Πατρδς,
2226 5233 2398 5284 αἰτίου
2436 5231 2586 5289 ὄντος
2624 5231 2718 5282 καὶ
2785 5229 2949 5281 αὑτοῦ
2987 5228 3081 5281 τοῦ
3125 5229 3255 5281 Υἱοῦ
3297 5229 3391 5281 καὶ
3428 5227 3521 5280 τοῦ

1953 5326 2293 5393 Πνεύματος.
2333 5322 2491 5373 Ἀλλὰ
2516 5320 2672 5373 τοῦτο
2700 5322 2899 5373 ἆτἰπον
2928 5319 3023 5372 καὶ
3058 5319 3218 5387 μόνον
3247 5319 3519 5386 ἐννοῆσαι.

1955 5416 2194 5470 Κάκεῖνο
2231 5413 2410 5464 τοίνυν
2450 5413 2548 5480 τῆς
2588 5411 2777 5477 ὁμοίας
2820 5407 2968 5460 ἐστὶν
3005 5408 3256 5471 ἀτοπίας.
3299 5409 3370 5459 'lb
3407 5409 3519 5478 γὰρ

1954 5512 2123 5563 αἴτιον
2154 5509 2185 5576 ἢ
2218 5506 2458 5558 αἰτιατόν
2489 5500 2628 5555 εἶναι
2660 5504 2716 5554 ὲν
2758 5503 2822 5570 τῇ
2853 5500 3041 5569 Τριάδι
3073 5502 3153 5562 εἰς
3201 5500 3270 5551 τὰ
3301 5515 3518 5568 προσω-

1956 5622 2106 5677 solus
2150 5630 2205 5673 et
2248 5626 2476 5687 generat
2516 5625 2569 5669 et
2613 5612 2891 5684 producit.
2939 5611 3125 5687 Neque
3166 5622 3345 5687 tamen
3397 5610 3522 5665 inde

1957 5694 2039 5749 γε]
2078 5682 2407 5762 niajor'aliis
2440 5682 2692 5757 personis
2724 5692 2988 5739 censetur
3020 5682 3103 5737 vel
3136 5684 3337 5736 minor.
