3966 6218
292 271 422 359 ,ςιιῑν
1048 336 1055 339 _
1245 270 1348 333 DE
1385 266 1918 333 PROCESSIONE
1960 267 2328 337 SPlRlTUS
2358 220 2650 339 SAi‘TCTI.
3458 270 3565 332 370

327 382 453 435 πικὰ
501 376 914 449 ἀναφερόμενον
969 376 1273 447 ἰδιώματα,
1325 378 1448 431 οὔτε
1506 382 1731 448 μεῖξον,
1782 378 1940 440 οὑτἈ

2026 379 2305 450 i‘rinitate,
2355 383 2501 453 quod
2558 384 2624 438 ad
2674 382 2996 453 personales
3053 378 3424 451 proprietates
3476 393 3567 435 re-

330 474 537 528 ἔλαττον
567 470 758 551 ἕτερον
790 469 979 541 ἑτέρου
1013 469 1158 521 ποιεῖ
1186 469 1220 539 ἢ
1254 464 1485 551 sit/agi}
1516 470 1792 538 λέγεσθαι.

2026 479 2199 538 ertur,
2248 488 2428 541 neque
2477 474 2740 544 majorem
2786 464 2875 527 iet
2914 485 3036 527 esse
3075 469 3163 525 vel
3203 468 3351 536 dici,
3388 484 3569 539 neque

1420 546 1429 560 ’
1997 561 2270 618 minorem
2307 564 2544 619 alterum
2578 564 2754 619 altero
2785 563 2937 618 facit.

396 649 515 704 Ἔτι
546 651 594 702 εί
627 650 660 719 ἦ
693 647 789 701 τοῦ
822 649 1018 719 γεννᾷν
1051 647 1148 700 καὶ
1177 644 1271 701 τοῦ
1305 647 1632 719 προϐάλλειν
1664 649 1895 719 δύναμις

2072 658 2342 712 Praeterea
2366 699 2380 722 ,
2418 657 2462 711 si
2506 666 2740 726 utraque
2799 656 2883 710 vis
2928 650 3233 724 generandi
3273 663 3329 707 et
3369 650 3572 721 produ-

330 745 491 811 ἄμφω
526 743 851 795 συστατικαὶ
878 738 976 793 τοῦ
1010 738 1306 808 προσώπου
1343 740 1450 793 εἰσὶ
1499 740 1593 793 τοῦ
1630 740 1897 811 πατρικοῦ

334 836 433 904 itif;
455 834 549 886 καὶ
575 833 677 885 ἀνά
705 833 867 901 μέρος
888 872 903 897 ,
928 831 1172 901 ἑκάστης
1197 831 1257 884 δὲ
1280 833 1565 901 ἐνεργείας
1589 828 1728 894 εἶδός
1753 833 1899 886 ἐστιν

332 927 465 994 ἀργή
494 940 508 953 ·
540 925 634 976 δύο
671 925 787 992 εῐδη
821 924 930 976 τῶν
966 922 1061 976 δύο
1094 924 1302 978 τούτων
1337 925 1628 994 ἐνεργειῶν
1664 924 1900 980 ἔσονται.

332 1016 596 1070 Ἕκαστον
641 1014 699 1068 δὲ
749 1012 1080 1067 συστατικδν
1125 1010 1267 1079 εἶδος
1313 1017 1607 1085 πρόσωπον
1650 1017 1899 1087 συνιστᾷ.

338 1110 433 1158 Καὶ
474 1106 645 1168 οὕτως
683 1089 731 1159 δ’
755 1107 945 1177 Πατὴρ
983 1107 1077 1160 δύο
1112 1107 1383 1176 πρόσωπα
1425 1107 1598 1162 ἔσται.
1635 1107 1807 1161 Τοῦτο
1844 1109 1904 1162 δὲ

335 1199 550 1252 ἄτοπον.
584 1199 698 1250 Οὐκ
727 1199 835 1267 ἄρα
867 1198 900 1267 ἡ
931 1198 1025 1250 τοῦ
1058 1197 1391 1267 προϐάλλειν
1420 1197 1649 1268 δύναμις
1679 1199 1906 1269 συνιστᾷ

298 1361 306 1367 ’
333 1284 387 1333 τὸ
423 1284 716 1351 πρόσωπον
749 1282 844 1336 τοῦ
884 1284 1120 1353 Πατρός.
1156 1284 1221 1338 El
1251 1285 1305 1339 δὲ
1340 1285 1415 1355 μὴ
1454 1287 1680 1357 συνιστᾷ
1702 1328 1716 1350 ,
1748 1287 1904 1357 κοινὴ

334 1375 435 1443 ἄρα
466 1376 582 1427 ἐστὶ
610 1378 706 1428 καὶ
733 1375 812 1446 τῷ
841 1370 981 1445 Υίῷ.
1010 1378 1124 1432 Καὶ
1151 1376 1326 1442 οὕτως
1353 1376 1413 1430 τὸ
1442 1377 1670 1448 Πνεῦμα
1699 1381 1765 1432 ὲκ
1794 1380 1906 1433 Πα-

330 1466 453 1533 τρδς
485 1467 581 1519 καὶ
611 1466 744 1520 Υίοῦ
773 1466 1163 1538 ἐκπορεύεται.

406 1646 530 1702 Ἔτι
566 1647 761 1727 κοινῶς
801 1647 953 1717 παρὰ
997 1647 1218 1701 πάντων
1252 1648 1596 1718 ὁμολογεῖται
1625 1648 1734 1702 τῶν
1763 1646 1908 1713 διδα-

2000 750 2161 807 cendi
2186 749 2472 804 constituit
2504 761 2799 818 personam
2832 746 3013 802 Patris
3042 758 3295 799 seorsum
3325 752 3382 797 et
3415 758 3574 812 sepa-

2002 842 2187 905 ratim,
2241 840 2680 910 uniuscujusque
2741 846 2924 892 autem
2962 835 3303 906 operationis
3358 833 3571 902 species

2000 939 2087 987 est
2125 930 2497 1000 principium:
2540 929 2663 984 duae
2702 929 2917 998 species
2954 935 3122 981 erant
3161 928 3396 979 duarum
3437 937 3568 990 ope-

2003 1021 2307 1077 rationum.
2355 1018 2710 1090 Unaquaeque
2751 1028 2937 1073 autem
2971 1018 3330 1073 eonstitutiva
3364 1014 3576 1085 species

2002 1126 2298 1180 personam
2333 1111 2643 1165 constituit.
2674 1111 2859 1179 Atque
2900 1110 2977 1163 ita
3012 1109 3176 1164 Pater
3209 1104 3418 1176 duplici
3449 1120 3579 1174 νεν-

2005 1217 2140 1257 sona
2190 1202 2297 1257 erit
2353 1203 2640 1273 praeditus.
2703 1200 2823 1256 Hoc
2850 1210 3035 1256 autem
3096 1199 3407 1255 absurdum
3467 1206 3573 1252 est.

2004 1294 2128 1349 Non
2171 1295 2342 1364 igitur
2381 1293 2725 1364 producendi
2766 1293 3000 1349 facultas
3038 1292 3331 1348 constituit
3386 1304 3578 1358 perso-

2006 1398 2133 1437 nam
2187 1383 2386 1438 Patris.
2438 1382 2495 1436 Si
2550 1383 2695 1436 vero
2722 1397 2833 1437 non
2873 1380 3192 1446 constituit,
3262 1374 3579 1432 communis

2007 1488 2139 1544 ergo
2176 1474 2280 1529 erit
2327 1482 2381 1528 et
2413 1471 2574 1539 Filio,
2616 1484 2673 1528 et
2706 1474 2787 1530 sic
2820 1471 3062 1543 Spiritus
3109 1486 3179 1527 ex
3212 1470 3377 1526 Patre
3416 1466 3582 1522 Filio-

2010 1580 2115 1634 que
2152 1566 2423 1634 procedit.

2082 1658 2351 1712 Prwterea
2395 1657 2540 1711 inter
2590 1671 2783 1711 omnes
2816 1656 3077 1711 doctores
3109 1650 3371 1710 convenit
3405 1647 3578 1718 Spiri-

330 1739 565 1805 σκάλων,
599 1738 673 1802 ὡς
710 1738 770 1790 τὸ
806 1737 1035 1807 Πνεῦμα
1071 1738 1131 1791 τὸ
1171 1739 1327 1804 ἆγιον
1367 1739 1612 1809 πρόεισιν
1652 1740 1711 1805 ἐξ
1749 1739 1903 1792 Υἱοῦ.
1937 1732 1940 1783 ἶ

2026 1763 2126 1802 .um
2183 1761 2436 1801 sanetum
2486 1747 2714 1819 produci
2762 1756 2819 1801 et
2867 1759 3130 1800 emanare
3181 1758 3251 1797 ex
3302 1741 3482 1803 Filio;
3531 1738 3580 1794 si

330 1831 388 1882 Ei
418 1829 513 1883 οῦν
541 1828 789 1901 πρόεισιν
816 1828 876 1894 ἑξ
903 1828 1095 1895 αὐτοῦ,
1127 1829 1343 1899 πρόεισι
1373 1831 1593 1893 πάντως
1625 1830 1901 1900 φυσικῶς.

328 1922 494 1973 Οὐδὲν
523 1922 633 1991 γὰρ
664 1922 722 1972 ὲν
751 1919 829 1989 τῷ
857 1920 977 1990 Θεῷ
1009 1920 1158 1989 παρὰ
1187 1921 1385 1990 φύσιν,
1417 1920 1544 1974 οὐτε
1579 1922 1901 1991 ἐπίκτητον.

337 2011 450 2065 Τῶν
476 2012 547 2081 γὸ
558 2029 589 2082 ρ
615 2013 935 2082 κτισμάτων
958 2013 1073 2066 ἐστὶ
1097 2013 1156 2066 τὸ
1185 2014 1258 2083 μὴ
1285 2011 1445 2080 φύσει
1471 2015 1535 2066 ὲκ
1559 2012 1694 2066 Θεοῦ
1722 2012 1911 2081 προϊέ-

329 2123 433 2157 ναι.
466 2105 527 2156 Et
555 2106 737 2157 τοίνυν
765 2104 908 2157 κατὰ
939 2104 1103 2174 φύσιν
1129 2106 1187 2170 te
1217 2103 1348 2157 Υἱοῦ
1375 2105 1436 2158 τδ
1466 2104 1689 2174 Πνεῦμα
1720 2105 1909 2175 πρόει-

332 2213 439 2262 σιν,
468 2198 503 2266 ἡ
529 2196 584 2249 δὲ
612 2195 757 2249 κατὰ
782 2195 947 2266 φύσιν
974 2197 1196 2266 πρόοδος
1223 2198 1279 2249 ὲν
1303 2197 1416 2259 τοῖς
1441 2196 1608 2260 θείοις
1633 2196 1797 2266 διχῶς
1822 2198 1908 2252 ἐν·

328 2290 543 2361 δέχεται
576 2285 717 2343 εἶναι
739 2329 754 2353 ,
785 2289 819 2360 ἢ
848 2288 990 2342 κατὰ
1020 2289 1275 2358 γέννησιν
1294 2329 1308 2352 ,
1346 2290 1377 2358 ἢ
1410 2291 1529 2342 κατ’
1553 2290 1871 2359 ὲκπόρευσιν
1890 2330 1906 2356 ,

329 2384 476 2436 κατά
505 2384 759 2451 γέννησιν
784 2382 839 2434 δὲ
868 2384 928 2435 οὐ
959 2382 1209 2453 πρόεισιν
1236 2381 1296 2447 ὲξ
1325 2380 1514 2446 αὐτοῦ,
1540 2376 1576 2451 ἦ
1608 2381 1717 2451 γὰρ
1748 2382 1814 2436 ἂν
1840 2376 1909 2452 ἦν

330 2474 459 2536 Υἱὸς
493 2473 588 2526 τοῦ
618 2473 751 2527 Υἱοῦ
781 2473 842 2526 τδ
874 2475 1099 2543 Πνεῦμα
1128 2490 1141 2503 ⁶
1176 2475 1424 2544 πρόεισιν
1457 2475 1564 2544 ἄρα
1596 2473 1719 2527 κατ’
1743 2475 1910 2527 ἐκπό-

332 2580 545 2634 ρευσιν.
571 2566 735 2620 Ὥστε
764 2569 796 2637 ἠ
827 2571 891 2620 ἐκ
919 2567 1011 2620 τοῦ
1041 2566 1173 2619 Υἱοῦ
1206 2565 1300 2618 τοῦ
1337 2564 1655 2635 Πνεύματος
1686 2565 1912 2634 πρόοδος

329 2656 412 2728 εἴη
448 2656 520 2711 ἂν
549 2657 619 2720 ὡς
649 2659 1086 2729 ἐκπορευομένου
1117 2657 1177 2723 ἐξ
1208 2656 1397 2713 αὐτοῦ.

2006 1854 2141 1910 ergo
2176 1850 2394 1893 emanat
2434 1840 2500 1893 ab
2538 1839 2666 1903 illo,
2702 1840 2928 1893 omnino
2969 1846 3189 1892 emanat
3226 1832 3580 1888 naturaliter.

2006 1930 2154 1985 Nihil
2204 1932 2351 1985 enim
2409 1929 2462 1984 in
2517 1931 2630 1985 Deo
2681 1940 2767 1986 est
2816 1939 3013 1999 praeter
3064 1936 3354 1988 naturam,
3402 1936 3583 1991 neque

2008 2023 2419 2078 adventitium:
2477 2035 2856 2077 creaturarum
2916 2021 3064 2076 enim
3121 2028 3205 2074 est
3261 2014 3582 2087 proprium,

2009 2130 2122 2169 non
2158 2127 2354 2169 natura
2392 2130 2459 2169 ex
2499 2115 2609 2168 Deo
2646 2129 2908 2169 emanare
2938 2130 2953 2177 ;
2986 2112 3031 2167 si
3071 2111 3241 2181 igitur
3276 2105 3583 2163 secundum

2012 2216 2266 2263 naturam
2314 2224 2385 2264 ex
2432 2209 2575 2265 Filio
2627 2207 2869 2276 Spiritus
2923 2212 3180 2265 emanat,
3232 2216 3353 2271 quas
3402 2207 3585 2252 autem

2010 2299 2315 2355 secundum
2365 2284 2621 2353 naturam
2676 2296 2989 2360 emanatio,
3044 2302 3100 2348 et
3149 2290 3444 2362 productio
3497 2294 3588 2340 est

2011 2389 2068 2443 in
2111 2388 2348 2453 divinis,
2406 2390 2701 2460 dupliciter
2756 2385 3029 2454 contingit
3063 2398 3220 2447 esse,
3258 2379 3348 2435 vel
3388 2392 3587 2433 secun-

2012 2480 2142 2536 dum
2200 2483 2648 2551 generationem,
2708 2481 2795 2536 vel
2865 2477 3301 2548 proeessionem.
3371 2473 3441 2524 At
3498 2482 3588 2523 se-

2014 2573 2256 2628 cundum
2294 2574 2711 2645 generationem
2742 2575 2810 2628 ab
2845 2572 2967 2641 ipso
3000 2584 3113 2623 non
3144 2575 3404 2629 emanat;
3437 2568 3587 2617 esset

2016 2666 2162 2720 enim
2204 2667 2448 2737 profecto
2483 2667 2725 2737 Spiritus
2758 2673 2983 2720 sanctus
3016 2661 3140 2717 Filii
3193 2658 3358 2713 (ilius.
3416 2655 3588 2720 Igitur

326 2757 559 2804 emanat
618 2748 925 2806 secundum
989 2748 1424 2820 processiouem,
1481 2755 1542 2802 ut
1591 2749 1864 2806 emanatio
1903 2750 2143 2823 Spiritus
2198 2772 2264 2812 ex
2320 2757 2459 2813 Filio
2508 2758 2581 2813 sit
2636 2767 2892 2826 tanquam
2944 2767 3073 2807 vere
3130 2748 3480 2822 procedentis
3517 2746 3587 2801 ab

329 2845 486 2915 ipso.
1570 2858 1597 2873 ε

403 2939 479 2991 Εἰ
510 2937 567 2990 δέ
594 2955 677 3002 τις
709 2939 883 3003 εἴποι,
915 2938 992 3000 ὼς
1024 2939 1057 3009 ἡ
1088 2938 1319 3006 πρόοδος
1353 2938 1495 3012 αὐτη
1523 2940 1622 3014 τὴν
1650 2939 1731 3004 είς
1764 2940 1914 3012 ἡμᾶς

329 3030 623 3101 ἐνέργειαν
651 3031 803 3100 δηλοῖ
833 3029 930 3084 καὶ
959 3030 1058 3101 τὴν
1085 3030 1247 3101 χάριν
1270 3047 1308 3087 ⁸.

397 3123 634 3179 Matuta
664 3123 728 3176 ἂν
754 3126 840 3192 εἴη
868 3123 1030 3177 τοῦτο
1059 3125 1375 3195 καταφυγή.
1406 3125 1470 3179 El
1498 3126 1609 3198 γὰρ
1636 3126 1735 3181 καὶ
1762 3126 1919 3197 χάρι-

326 3219 419 3280 τός
456 3234 606 3279 τινος
635 3218 795 3287 ἡμεῖς
829 3217 1355 3289 μεταλαμβάνομεν,
1386 3220 1481 3272 καὶ
1509 3219 1568 3271 οὐ
1599 3219 1699 3289 τῆς
1730 3218 1920 3279 οὐσίας

327 3308 423 3361 τοῦ
458 3308 800 3379 Πνεὺματος,
829 3308 985 3363 οὐσία
1013 3308 1118 3377 γάρ
1145 3310 1292 3364 ἐστιν
1317 3309 1620 3379 άμέθεκτος
1638 3325 1653 3340 ·
1681 3310 1830 3379 ὅμως
1857 3309 1918 3362 οὐ

331 3402 509 3471 χάρις
554 3399 924 3463 ἀνυπόστατος
967 3401 1218 3470 πρόεισιν
1257 3401 1316 3465 ἐξ
1357 3400 1518 3467 Υἱοῦ,
1563 3400 1680 3453 ἀλλ’
1709 3398 1848 3470 αὐτὴ
1886 3402 1920 3469 ή

334 3491 466 3547 θεία⁸
495 3489 588 3544 τοῦ
619 3491 938 3560 Πνεῦματος
964 3492 1282 3554 ὑπόστασις.
1312 3494 1420 3545 Καὶ
1447 3492 1606 3563 δῆλον
1634 3491 1693 3557 ἐξ
1719 3485 1793 3545 ὧν
1822 3490 1919 3545 άλ-

332 3590 448 3641 λων
496 3586 793 3657 ῥημάτων,
826 3586 1301 3658 ὲμφατικωτέρων
1340 3588 1467 3655 περὶ
1499 3585 1726 3649 τούτου,
1757 3584 1923 3654 φασιν

330 3679 385 3733 cl
413 3677 762 3744 διδάσκαλοι,
794 3676 889 3731 τοῦ
922 3678 1266 3744 άναόλὺζειν,
1297 3678 1463 3746 λέγω,
1492 3678 1587 3731 τοῦ
1620 3679 1711 3731 καὶ
1743 3676 1924 3744 πηγά-

332 3772 487 3837 ζειν,
539 3771 635 3825 καὶ
681 3771 1010 3840 ἐκλάμπειν.
1049 3774 1114 3825 ’Δ
1161 3772 1268 3825 τίνι
1321 3772 1398 3842 μὴ
1444 3773 1808 3842 τυφλώττοντι
1858 3772 1920 3825 οὐ

332 3865 662 3935 γνώρισμα,
701 3863 799 3931 τὴν
835 3862 1071 3930 ὓπαρξιν
1106 3861 1196 3916 τοῦ
1240 3863 1555 3932 Πνεύματος
1596 3865 1656 3915 οὑ
1701 3862 1926 3933 μετάδο-

333 3972 469 4023 σιν,
505 3955 623 4009 οὐδὲ
656 3957 920 4027 χορηγίαν
953 3955 1182 4025 δηλοῦν;
1213 3956 1282 4011 'll
1312 3957 1539 4028 τοιαύτη
1575 3956 1668 4011 οὐν
1700 3957 1760 4021 ἐξ
1791 3952 1924 4008 Υίοῦ

333 4040 695 4114 ὕποστατικὴ
718 4047 810 4100 τοῦ
844 4047 1162 4116 Πνεύματος
1192 4047 1437 4116 πρόοδος,
1463 4046 1502 4118 ἢ
1520 4048 1738 4117 δουλική
1780 4048 1927 4100 ἐστιν

333 4139 372 4210 ἢ
406 4138 649 4211 φυσική.
689 4137 831 4191 ‘AD.’
857 4138 978 4191 ἐπεὶ
1009 4137 1232 4208 δουλικὴ
1263 4140 1363 4190 οὐκ
1394 4139 1563 4204 ἔστιν,
1596 4140 1655 4204 ἐξ
1683 4139 1926 4207 ἀνάγκης

334 4230 464 4284 ἔστι
513 4230 740 4297 φυσική.
783 4228 990 4297 Φυσικὴ
1036 4228 1095 4281 δὲ
1139 4229 1365 4299 πρόοδος
1409 4228 1468 4293 ἐξ
1514 4230 1645 4283 Υῐοῦ
1689 4232 1786 4300 τῆς
1828 4227 1926 4282 τοῦ

2092 2941 2152 2999 Si
2190 2942 2315 3011 quis
2366 2956 2499 2997 vero
2548 2939 2697 2995 dicat
2744 2937 2886 2993 hanc
2941 2936 3355 3007 processionem
3397 2947 3593 3003 opera-

1938 3018 1985 3078 c
2018 3034 2219 3093 tionem
2250 3032 2318 3087 ad
2350 3046 2450 3086 nos
2477 3042 2534 3086 et
2563 3030 2796 3102 gratiam
2828 3028 3166 3099 significare,

2087 3125 2304 3181 Vanum
2348 3132 2435 3179 est
2480 3123 2601 3194 ejus
2654 3121 2760 3176 hoe
2806 3120 3102 3190 refugium.
3144 3116 3255 3171 Etsi
3289 3114 3436 3169 enim
3472 3127 3592 3182 gra-

2023 3219 2154 3273 tiam
2184 3215 2475 3287 quamdam
2506 3215 2902 3286 participamus
2922 3253 2936 3275 ,
2961 3210 3302 3277 minimeque
3335 3207 3594 3262 substan~

2024 3317 2156 3370 tiam
2190 3312 2471 3382 Spiritus;
2506 3306 2817 3363 substantia
2849 3306 2997 3360 enim
3030 3313 3116 3357 est
3149 3298 3591 3371 imparticipabi-

2022 3407 2133 3473 lis;
2177 3422 2286 3459 non
2321 3397 2504 3458 tamen
2535 3400 2708 3471 gratia
2755 3395 3178 3453 subsistentiam
3220 3408 3335 3446 non
3376 3391 3597 3445 habens

2023 3499 2276 3571 procedit
2304 3512 2371 3550 ex
2403 3494 2547 3550 Filio
2569 3532 2587 3558 ,
2632 3491 2729 3546 sed
2788 3489 2902 3560 ipsa
2931 3488 3115 3544 divina
3151 3484 3391 3555 Spiritus
3420 3482 3595 3552 hypo-

2023 3591 2211 3647 stasis.
2236 3590 2307 3644 Et
2332 3587 2687 3643 manifestum
2707 3593 2794 3640 est
2826 3599 2890 3638 ex
2912 3583 3035 3638 aliis
3064 3579 3266 3641 verbis,
3290 3591 3411 3648 quae
3437 3589 3597 3644 aper-

2027 3685 2137 3739 tius
2157 3692 2212 3739 et
2232 3681 2633 3752 signiﬁcantius
2657 3679 2919 3735 doctores
2965 3675 3196 3737 dicunt,
3223 3666 3595 3732 scaturiendi,

2026 3778 2250 3845 inquam
2281 3814 2297 3836 .
2332 3783 2401 3828 et'
2443 3774 2619 3828 instar
2668 3771 2839 3827 fontis
2882 3765 3215 3828 emanandi.
3247 3771 3305 3819 et
3349 3758 3597 3817 lucendi.

2026 3866 2158 3934 Quae
2188 3866 2278 3922 cui
2323 3880 2432 3920 non
2464 3863 2777 3920 eaeeutienti
2824 3876 2937 3916 non
2967 3864 3293 3929 argumento
3318 3868 3445 3909 esse
3474 3866 3602 3922 pos-

2024 3965 2159 4014 sunt
2200 3954 2585 4011 exsistcntiam
2644 3951 2926 4021 Spiritus,
2977 3963 3086 4002 non
3140 3941 3603 4001 communicatio-

2027 4062 2194 4113 nem,
2233 4059 2421 4114 neque
2454 4042 2810 4099 collationem
2845 4038 3088 4107 aliquam
3123 4035 3395 4089 donorum
3429 4029 3604 4093 signi-

2028 4135 2235 4192 ﬁcare?
2282 4134 2432 4189 Talis
2477 4133 2645 4203 igitur
2695 4146 2761 4185 ex
2795 4129 2934 4184 Filio
2975 4123 3316 4197 ltypostatica
3361 4120 3605 4191 Spiritus

2030 4227 2361 4299 productio,
2410 4225 2498 4280 vel
2537 4223 2759 4279 servilis
2800 4230 2887 4276 est
2927 4220 3013 4275 vel
3062 4217 3354 4274 naturalis.
3394 4215 3602 4268 Verum

334 4321 673 4391 Πνεύματος
710 4320 1063 4384 ὑποστάσεως
1095 4320 1147 4373 τί
1180 4319 1245 4373 ἂν
1275 4320 1406 4375 ἄλλο
1441 4324 1595 4392 παρά
1624 4322 1724 4376 τὴν
1758 4321 1924 4376 αὑτοῦ

2031 4315 2479 4388 quandoquidem
2535 4329 2644 4368 non
2701 4321 2788 4367 est
2837 4311 3097 4373 servilis,
3154 4306 3471 4363 necessario
3517 4311 3606 4359 est

336 4414 682 4485 ὲκπόρευσιν
713 4411 833 4482 εἴης
866 4411 1002 4466 Οὐδὲ
1033 4412 1239 4466 πλάσαι
1270 4413 1477 4482 ῥᾴδιον.

420 4678 574 4743 "Esi,
603 4679 661 4732 τὸ
696 4676 918 4747 Πνεῦμα
950 4674 1009 4729 τὶ.
1037 4674 1192 4744 ἅγιον
1226 4676 1289 4728 ἐκ
1328 4671 1427 4742 τῆς
1461 4674 1648 4737 οὐσίας
1682 4673 1774 4727 τοῦ
1807 4674 1923 4727 Πα-

302 4836 314 4845 _
336 4790 367 4824 τ
375 4775 480 4844 pb;
511 4768 653 4826 εἶναι
678 4772 775 4824 καὶ
801 4770 895 4824 τοῦ
926 4768 1083 4835 Υίοῦ,
1120 4772 1215 4823 καὶ
1252 4769 1316 4821 ὲκ
1372 4768 1470 4837 τῆς
1514 4768 1699 4830 οὐσίας
1750 4766 1929 4820 αὐτῶν

338 4868 647 4935 ὑπάρχειν,
711 4865 864 4933 κοινῇ
898 4862 1102 4924 πάντες
1139 4860 1448 4915 ἀνατολικοί
1477 4876 1536 4912 τε
1593 4860 1684 4913 καὶ
1724 4860 1931 4912 δυτικοὶ

338 4960 522 5027 βοῶσι
554 4956 825 5025 Πατέρες.
878 4953 1039 5006 Ἀλλὰ
1081 4952 1142 5005 τὸ
1171 4955 1235 5005 ἐκ
1263 4952 1364 5020 τῆς
1390 4952 1578 5011 οὐσίας
1610 4952 1752 5014 τινὸς
1786 4950 1844 5004 ὂν
1873 4954 1932 5003 ἐν

334 5054 409 5120 τῇ
443 5049 643 5118 Τριάδι
698 5048 792 5100 καὶ
824 5048 887 5099 ὲκ
916 5046 1014 5113 τῆς
1042 5045 1397 5104 ὑποστάσεως
1435 5042 1583 5111 αὐτῷ
1626 5045 1795 5096 ἐστιν.
1858 5043 1931 5094 Τὸ

342 5138 591 5208 Πνεῦμα
615 5139 723 5205 ἄρα
747 5137 807 5190 τὸ
838 5137 994 5204 άγιον
1025 5137 1091 5188 ἐκ
1110 5133 1210 5204 τῆς
1235 5135 1424 5197 οὐσίας
1476 5134 1571 5186 τοῦ
1602 5133 1732 5187 Υἱοῦ
1777 5134 1933 5199 λεγό-

340 5248 526 5302 μενον
577 5228 740 5293 εἶναι,
781 5229 878 5283 καὶ
917 5230 980 5282 ὲκ
1013 5227 1115 5296 τῆς
1164 5225 1329 5280 αὐτοῦ
1381 5227 1529 5279 ἐστιν
1559 5227 1932 5289 ὑποστάσεως.

343 5324 490 5376 Ὀτι
515 5322 559 5374 δ’
587 5323 645 5374 ἐν
675 5324 740 5390 τῇ
772 5319 965 5390 Τριάδι
998 5317 1061 5372 τὸ
1099 5318 1162 5370 ἐκ
1192 5318 1289 5387 τῆς
1319 5316 1507 5380 οὐσίας
1540 5316 1682 5381 τινὸς
1734 5317 1793 5370 δν
1838 5319 1934 5371 καὶ

340 5416 413 5465 ἐκ
451 5410 557 5479 τῆς
584 5408 762 5462 αὑτοῦ
794 5410 942 5462 ἐστιν
970 5405 1343 5472 ὑποστάσεως,
1373 5408 1534 5476 δῆλον
1565 5408 1793 5461 ἐκεῖθεν.
1829 5410 1932 5461 Οὐ-

342 5506 450 5556 σία.
488 5504 583 5556 καὶ
615 5502 915 5566 ὑπόστασις
941 5502 1025 5570 ἐφ’
1043 5501 1276 5555 ἑκάστου
1301 5500 1406 5553 τῶν
1431 5499 1592 5553 θείων
1623 5500 1934 5572 προσώπων

341 5590 557 5654 {velut
589 5599 845 5670 πρᾶγμα,
893 5599 989 5651 xa‘t
1017 5595 1186 5660 οὑτως
1212 5596 1293 5663 ἓν,
1314 5596 1389 5659 ὡς
1418 5596 1561 5666 λόγῳ
1597 5599 1741 5667 μόνῳ
1771 5597 1936 5670 αλλή-

342 5692 475 5747 λων
521 5690 922 5763 διακρίνεσθαι.
953 5691 1017 5743 Ei
1060 5691 1167 5758 γὰρ
1202 5690 1491 5760 πράγματι
1530 5688 1775 5760 ἀλλήλων
1802 5691 1931 5762 τιρό-

2032 4408 2329 4464 naturalis.
2375 4405 2658 4461 Naturalis
2691 4418 2824 4457 vero
2859 4401 3154 4472 productio
3190 4413 3439 4470 persona:
3478 4394 3607 4466 Spi-

2030 4502 2175 4556 ritus
2219 4516 2287 4555 ex
2328 4499 2508 4562 Filio,
2555 4496 2690 4567 quid
2739 4495 2891 4550 aliud
2935 4496 3009 4549 sit
3054 4503 3259 4564 praeter
3300 4492 3424 4561 ejus
3476 4503 3605 4561 pro-

2031 4594 2340 4651 cessionem
2368 4632 2383 4658 ,
2419 4606 2488 4647 ne
2522 4591 2728 4660 (ingere
2762 4587 2987 4657 quidem
3024 4584 3185 4640 facile
3214 4593 3324 4638 est.

2104 4686 2378 4740 Praeterea
2423 4683 2691 4754 Spiritum
2755 4687 3009 4735 sanetum
3044 4693 3113 4732 ex
3150 4674 3459 4731 substantia
3498 4674 3604 4729 Pa-

2035 4776 2135 4832 tris
2195 4783 2254 4830 et
2307 4774 2433 4828 Filii
2484 4787 2606 4828 esse
2669 4782 2836 4840 atque
2884 4769 3188 4824 subsistere
3234 4765 3607 4822 communiter

2034 4883 2227 4924 omnes
2260 4868 2450 4921 Patres
2505 4865 2809 4919 orientales
2853 4871 2910 4917 ct
2938 4859 3312 4916 occidentales
3341 4858 3603 4912 clamant.

2035 4960 2141 5017 Sed
2189 4960 2242 5012 in
2291 4958 2562 5012 Trinitate
2592 4956 2741 5025 quod
2774 4963 2861 5010 est
2891 4970 2958 5009 ex
2988 4953 3297 5007 substantia
3329 4951 3567 5019 alicujus
3588 4987 3605 5014 ,

2033 5061 2116 5108 est
2134 5066 2353 5123 quoque
2380 5065 2444 5104 ex
2472 5051 2589 5117 ejus
2613 5062 2868 5117 persona.
2893 5044 3063 5113 Igitur
3091 5043 3328 5111 Spiritus
3358 5053 3605 5104 sanctus,

2036 5160 2159 5199 cum
2195 5144 2411 5197 dicatur
2447 5154 2569 5194 esse
2602 5154 2667 5192 ex
2705 5134 3011 5191 substantia
3050 5133 3212 5197 Filii,
3249 5133 3352 5189 erit
3387 5143 3606 5199 quoque

2035 5250 2101 5289 ex
2132 5233 2252 5303 ejus
2284 5228 2588 5302 bypostasi.
2621 5226 2777 5294 Quod
2811 5235 2992 5279 autem
3025 5223 3081 5278 in
3114 5221 3419 5281 ’l‘rinitate,
3455 5217 3607 5287 quod

2036 5337 2123 5382 est
2156 5341 2221 5379 ex
2262 5322 2575 5378 substantia
2610 5320 2883 5389 alicujus,
2916 5318 2988 5372 sit
3029 5316 3191 5369 etiam
3234 5329 3300 5367 ex
3338 5313 3462 5380 ejus
3510 5314 3643 5381 ιη-.

2037 5417 2284 5490 postasi,
2336 5416 2461 5469 inde
2494 5414 2846 5478 manifesum
2877 5419 2983 5464 est.
3039 5406 3362 5462 Subszantia
3424 5415 3480 5459 et
3513 5404 3608 5474 Ity-

2038 5507 2279 5579 postasis
2328 5506 2384 5560 in
2430 5518 2760 5575 quacunque
2818 5500 3005 5554 divina
3061 5512 3300 5568 persona
3354 5510 3462 5549 una
3517 5507 3612 5549 res

2039 5609 2210 5667 sunt,
2260 5607 2425 5667 atque
2475 5597 2549 5649 ita
2594 5609 2739 5659 una,
2787 5602 2847 5648 ut
2889 5592 3005 5647 sola
3050 5599 3235 5644 mente
3280 5602 3345 5643 ac
3393 5590 3607 5641 ratione

2039 5691 2273 5777 itiyieem
2308 5690 2712 5746 discernantur.
2772 5686 2827 5741 Si
2857 5683 3005 5742 enim
3038 5696 3271 5755 persona
3301 5696 3397 5737 seu
3430 5680 3603 5752 hypa-
