3966 6218
342 315 445 377 371

1288 317 1797 379 BESSARIONIS
1836 318 1897 381 S.
1938 316 2010 376 R.
2055 314 2119 377 E.
2165 314 2635 376 CARDINALIS

3488 308 3599 371 372

347 429 546 491 stasis.
592 438 646 483 et
674 429 913 484 essentia
946 446 1005 486 re
1035 431 1181 507 inter
1210 446 1267 485 se
1302 431 1592 486 differrent
1616 470 1631 492 ,
1661 430 1922 499 quemad-

2035 443 2226 491 σωπον,
2261 429 2294 498 ἢ
2328 430 2646 492 ὑπόστασις,
2680 432 2771 481 καὶ
2822 428 2983 481 οὐσία
3026 425 3297 495 διέφερον,
3338 419 3479 493 ἦσαν
3525 426 3596 477 ἂν

348 519 574 572 modum
618 530 761 573 sunt
815 536 874 574 re
932 521 1049 589 ipsa
1103 530 1213 577 tres
1264 537 1558 591 personae,
1616 523 1691 574 ita
1749 522 1921 574 etiam

349 618 534 663 essent
577 620 690 665 tres
736 612 1010 666 essentiae.
1066 612 1182 667 Hoc
1228 622 1410 668 autem
1453 614 1790 670 contrarium
1838 622 1925 667 est

353 696 502 751 tidei.
567 698 941 761 Quamobrem
1004 702 1334 769 cogitatione
1391 703 1617 771 quidem
1679 702 1923 757 essentia

352 788 662 857 sejungitur
706 790 774 842 ab
812 789 1089 860 hypostasi
1117 831 1131 855 ,
1183 808 1376 848 revera
1427 805 1609 848 tamen
1642 794 1833 848 eadem
1869 802 1925 849 et

354 895 459 933 una
491 895 581 934 res
612 891 730 943 est,
761 885 1046 937 contrario
1075 886 1237 940 modo
1270 896 1433 955 atque
1476 902 1534 941 se
1582 888 1825 941 habeant
1868 887 1924 941 in

355 972 517 1025 nobis
549 973 887 1028 hominibus.
924 975 1141 1029 Etenim
1175 977 1229 1029 in
1264 978 1425 1033 nobis
1455 980 1774 1049 conjunctio
1801 978 1923 1047 qui-

354 1061 477 1116 dem
513 1074 744 1129 naturae,
773 1065 987 1121 scilicet
1012 1067 1389 1135 humanitatis,
1419 1085 1540 1124 cum
1572 1072 1923 1141 uniuscujus-

355 1170 463 1222 que
495 1170 729 1224 persona
752 1197 767 1222 ,
795 1172 959 1213 sensu
991 1159 1226 1227 mentis,
1257 1170 1311 1215 et
1341 1163 1674 1231 cogitatione
1710 1175 1920 1217 tantum

353 1242 486 1297 facit
521 1259 724 1310 unum,
763 1261 822 1300 re
851 1256 1037 1301 autem
1067 1248 1176 1303 duo
1204 1260 1351 1305 sunt.
1384 1252 1501 1305 Alia
1531 1252 1677 1306 enim
1712 1268 1800 1306 res
1834 1260 1920 1307 est

353 1338 666 1391 communis
713 1340 1066 1406 humanitas,
1119 1341 1225 1395 alia
1276 1357 1407 1395 vero
1459 1344 1624 1412 hujus
1676 1360 1923 1412 personae

357 1427 794 1484 individualitas.
840 1432 1149 1497 Quocirca,
1207 1435 1673 1502 quemadmodum
1723 1452 1920 1491 sumus

357 1521 542 1575 multa:
573 1535 821 1591 personte
843 1564 858 1587 ,
888 1525 968 1578 sic
996 1526 1162 1579 etiam
1195 1527 1351 1579 multi
1390 1526 1664 1581 homines.
1703 1528 1767 1581 Et
1798 1528 1922 1582 ideo

360 1626 471 1665 non
524 1615 840 1668 necessario
863 1656 879 1677 ,
912 1617 1057 1682 quod
1086 1632 1153 1670 ex
1182 1627 1379 1670 natura
1414 1628 1497 1673 est
1543 1620 1813 1688 alicujus,
1852 1636 1919 1674 ex

357 1718 587 1771 persona
621 1722 843 1777 quoque
876 1707 1025 1762 illius
1053 1719 1157 1763 est.
1204 1710 1274 1765 At
1319 1725 1449 1765 vero
1482 1711 1536 1765 in
1574 1713 1919 1767 sanctissima

357 1793 650 1860 Trinitate,
682 1807 743 1852 ut
772 1799 979 1853 dictum
1011 1810 1115 1865 est,
1150 1811 1321 1856 totum
1350 1804 1661 1873 oppositum
1691 1806 1876 1860 evenit
1905 1825 1919 1860 :

359 1901 423 1939 ex
457 1902 523 1940 eo
553 1887 814 1943 nimirum
837 1929 850 1954 ,
880 1891 1027 1959 quod
1056 1901 1248 1946 natura
1270 1935 1283 1958 ,
1312 1904 1367 1947 et
1395 1910 1630 1965 persona
1664 1912 1833 1951 unum
1867 1909 1926 1953 et

358 1974 504 2027 idem
553 1977 686 2039 sint,
744 1977 1010 2033 discretio
1046 1992 1229 2035 autent
1284 1994 1339 2037 et
1397 1987 1672 2054 separatio
1714 1995 1927 2042 tantum

361 2066 598 2123 ratione.
625 2068 992 2134 Quamobrem
1030 2075 1175 2142 quod
1212 2091 1277 2129 ex
1314 2086 1509 2131 natura
1545 2078 1776 2150 alicujus
1807 2095 1930 2149 per-

359 2172 511 2211 sonae
552 2169 671 2225 est,
718 2175 785 2215 ex
838 2162 984 2216 illius
1029 2179 1250 2233 quoque
1283 2168 1355 2220 sit
1409 2183 1642 2236 persona
1700 2184 1929 2225 necesse

358 2258 466 2325 est.
517 2247 572 2304 Si
597 2265 727 2321 ergo
753 2267 819 2306 ex
846 2262 1043 2307 natura
1074 2256 1197 2310 Filii
1230 2258 1470 2327 Spiritus
1501 2270 1608 2326 est,
1656 2262 1818 2332 cujus
1849 2262 1928 2316 rei

359 2338 521 2408 plena
562 2352 692 2395 sunt
736 2345 922 2398 omnia
965 2347 1169 2416 scripta
1213 2346 1401 2419 Cyrilli
1433 2389 1447 2415 ,
1484 2349 1651 2421 igitur
1681 2367 1747 2405 ex
1785 2352 1932 2408 illius

359 2445 579 2500 quoque
611 2433 889 2505 hypostasi
922 2444 1030 2492 est.

432 2526 636 2579 Verum
674 2527 826 2582 aiunt
862 2529 1039 2585 nostri
1064 2571 1078 2594 ,
1116 2542 1343 2601 propter
1377 2535 1930 2591 consubstantialita-

361 2625 472 2671 tem
510 2618 624 2672 hare
655 2621 799 2685 dici,
835 2632 891 2678 et
926 2632 979 2677 ut
1017 2624 1257 2694 Spiritus
1305 2629 1632 2684 ostendatur
1679 2631 1929 2700 ejusdem

360 2723 485 2764 esse
516 2711 838 2767 substantia:
869 2730 990 2769 cum
1027 2718 1188 2771 Patre
1218 2728 1273 2771 et
1306 2719 1467 2775 Filio.

566 2820 797 2893 Spiritus
837 2843 900 2880 ea:
932 2828 1229 2883 substantia
1268 2829 1446 2886 Patris
1479 2842 1528 2886 et
1558 2832 1724 2901 Filii,

868 2914 969 2951 non
1007 2908 1183 2954 tamen
1217 2914 1423 2956 contra.

432 2985 587 3051 Quod
620 3002 750 3042 sane
786 3004 977 3043 verum
1008 3000 1131 3057 est;
1168 2993 1264 3046 sed
1299 3008 1408 3062 quo
1440 3010 1632 3049 verum
1659 3036 1674 3063 ,
1713 3010 1780 3052 eo
1813 3012 1933 3052 ma-

2026 519 2213 590 ὥσπερ
2241 520 2368 588 τρία
2398 520 2673 590 πρόσωπα
2700 518 3124 589 πραγματικῶς,
3157 516 3298 571 οὕτω
3324 515 3421 570 καὶ
3446 520 3597 584 τρεῖς

2026 613 2229 665 οὐσίαι.
2263 612 2438 664 Τοῦτο
2468 611 2513 664 δ’
2552 611 2701 665 ἐστὶν
2738 610 2978 664 ἐναντίον
3006 612 3073 679 τῇ
3118 607 3323 662 πίστει.
3365 608 3459 660 Διὸ
3479 610 3601 661 ἐπι-

2027 704 2145 773 νοίᾳ
2182 703 2280 773 μὲν
2315 703 2462 756 ἔστιν
2491 704 2521 771 ἡ
2554 703 2826 770 διάκρισις
2859 702 3214 763 ὑποστάσεως
3267 701 3362 753 καὶ
3388 702 3593 764 οὐσίας,

2029 794 2319 862 πράγματι
2349 794 2406 846 δέ
2427 810 2488 861 γε
2516 795 2548 863 ἡ
2574 793 2790 856 ἓνωσιςο
2826 792 3089 853 ἐναντίως
3129 791 3164 862 ἦ
3193 793 3281 860 ἐφ’
3303 792 3463 860 ἡμῶν
3491 791 3598 844 τῶν

2026 863 2352 954 ἀνθρώπων.
2391 887 2509 955 Ἐφ’
2534 884 2689 956 ἡμῶν
2723 885 2831 956 γὰρ
2859 886 2891 953 ἠ
2930 884 3027 953 μὲν
3053 883 3250 946 ἓνωσις
3275 883 3370 953 τῆς
3386 882 3601 951 φύσεως

2026 978 2145 1047 ἦτοι
2172 980 2267 1047 τῆς
2299 977 2715 1047 ἀνθρωπότητος
2749 978 2889 1046 μετὰ
2928 975 3020 1029 τοῦ
3047 975 3280 1029 ἑκάστου
3304 974 3601 1042 προσώπου

2027 1068 2242 1138 ἐπινοίᾳ
2270 1070 2419 1121 ποιεῖ
2445 1068 2522 1131 ἓν,
2562 1068 2847 1138 πράγματι
2887 1067 2945 1120 δέ
2979 1067 3084 1120 είσι
3127 1065 3241 1120 δύο.
3280 1065 3443 1118 Ἀλλο
3492 1066 3601 1134 γὰρ

2027 1161 2263 1229 πρᾶγμα
2295 1161 2328 1231 ἡ
2365 1160 2519 1230 κοινὴ
2553 1160 2934 1231 ἀνθρωπότης,
2979 1159 3072 1213 καὶ
3112 1159 3241 1212 ἄλλο
3292 1159 3529 1228 πρᾶγμα
3567 1158 3607 1242 ή-

2024 1253 2180 1307 τοῦδε
2211 1253 2305 1307 τοῦ
2367 1255 2663 1325 προσώπου
2716 1255 3011 1326 ἀτομότης.
3068 1254 3161 1307 Διὸ
3201 1253 3389 1323 ὥσπερ
3437 1252 3605 1321 ἐσμὲν

2027 1345 2199 1400 πολλὰ
2237 1348 2530 1417 πρόσωπα,
2601 1347 2742 1401 οὕτω
2775 1348 2871 1401 καὶ
2925 1342 3110 1400 πολλοῖ
3153 1347 3452 1416 ἄνθρωποι.
3510 1343 3605 1396 Διὸ

2025 1440 2127 1491 οὐκ
2159 1438 2216 1505 ἐξ
2260 1440 2509 1507 ἀνάγκης
2536 1439 2595 1492 τὸ
2622 1441 2686 1492 ἐκ
2716 1443 2815 1509 τῆς
2868 1438 3086 1508 φύσεως
3118 1438 3276 1492 τοῦδὲ
3334 1454 3478 1499 τινος
3511 1440 3606 1489 καὶ

2025 1532 2089 1584 ἐκ
2113 1530 2211 1598 τῆς
2238 1532 2594 1596 ὑποστάσεως
2622 1531 2771 1601 αὐτῷ
2804 1533 2971 1587 ἐστιν.
3028 1532 3150 1584 Ἐπὶ
3202 1530 3260 1584 δὲ
3294 1530 3396 1598 τῆς
3436 1528 3603 1595 ἁγίας

2026 1620 2276 1690 Τριάδος,
2305 1619 2380 1682 ὡς
2432 1622 2670 1691 εἴρηται,
2702 1623 2762 1676 τὸ
2791 1622 3060 1675 ἀνάπαλίν
3120 1623 3266 1675 ἐστιν
3294 1638 3310 1653 ο
3382 1620 3463 1673 ὅτι
3507 1620 3601 1688 δη-

2024 1711 2348 1783 λαδὴήμὲν
2374 1713 2566 1777 ἓνωσις
2612 1714 2829 1782 φύσεώς
2882 1731 2941 1768 τε
2995 1714 3085 1767 καὶ
3137 1712 3432 1783 προσώπου
3485 1714 3602 1765 ἐστι

2032 1806 2343 1875 πράγματι,
2380 1808 2412 1876 ἡ
2446 1806 2501 1859 δὲ
2527 1806 2804 1876 διάκρισις
2831 1805 3062 1877 ἐπινοίᾳ.
3105 1806 3266 1859 Ὅθεν
3317 1804 3379 1857 τὸ
3408 1807 3471 1858 ὲκ
3500 1803 3601 1871 τῆς

2033 1898 2247 1967 φύσεώς
2274 1915 2421 1961 τινος
2454 1898 2563 1952 τῶν
2598 1898 2904 1969 προσώπων
2929 1899 3023 1951 καὶ
3047 1899 3109 1950 ὲκ
3130 1899 3225 1967 τῆς
3252 1898 3602 1961 ὑποστάσεως

2031 1990 2192 2043 αὐτοῦ
2247 1990 2306 2056 ἐξ
2366 1993 2609 2061 ἀνάγκης
2665 1991 2832 2045 ἐστίν.
2888 1991 2951 2043 Εἰ
3005 1986 3097 2042 οὖν
3138 1991 3203 2042 ἐκ
3257 1990 3350 2058 τῆς
3386 1989 3603 2057 φύσεως

2032 2083 2126 2136 τοῦ
2191 2083 2322 2136 Υίοῦ
2376 2085 2437 2136 τὸ
2490 2084 2732 2153 Πνεῦμα,
2805 2076 2866 2136 οῦ
2918 2083 3136 2152 πλήρης
3197 2083 3348 2135 πᾶσα
3414 2083 3600 2150 γραφὴ

2035 2176 2369 2245 Κυρίλλου,
2410 2176 2502 2229 καὶ
2571 2176 2635 2228 ἐκ
2688 2175 2786 2245 τῆς
2842 2175 3195 2237 ὑποστάσεως
3252 2171 3418 2226 αὐτοῦ
3492 2172 3602 2242 ἄρα

2035 2267 2207 2321 ἐστίν.

2120 2534 2285 2597 Ἀλλὰ
2309 2538 2474 2603 φασιν
2504 2534 2554 2586 οἱ
2592 2534 2871 2603 ἡμέτεροι,
2901 2532 2990 2586 διὰ
3026 2531 3085 2584 τὸ
3110 2530 3400 2601 όμοούσιον
3428 2532 3603 2586 ταῦτα

2035 2627 2310 2696 εἰρῆσθαι,
2343 2628 2437 2678 καὶ
2461 2626 2547 2677 ἵνα
2574 2625 2634 2678 τὸ
2667 2623 2893 2695 Πνεῦμα
2927 2623 3114 2694 δειχθῇ
3138 2625 3239 2693 τῆς
3286 2626 3487 2691 ταυτῆς
3510 2625 3604 2677 οὐ·

2038 2718 2157 2781 σίας
2191 2718 2404 2788 Πατρὸς
2430 2718 2523 2771 καὶ¹
2554 2716 2707 2772 Υἱοῦ.

2042 2828 2110 2884 Τὸ
2150 2828 2392 2898 Πνεῦμα
2408 2829 2475 2881 ἐκ
2503 2827 2609 2896 τῆς
2647 2826 2861 2898 οὐσίας
2892 2824 3121 2894 Πατρός
3168 2824 3269 2878 καὶ
3309 2824 3470 2889 Υἱοῦ,
3532 2824 3604 2876 οὐ

2561 2897 2687 2966 μὴν
2712 2897 3040 2951 ἀνάπαλιν.

2108 2991 2278 3045 Τοῦτο
2316 2991 2370 3044 δὲ
2406 2990 2604 3060 ἀληθὲς
2660 2988 2779 3059 μὲν,
2832 2989 2940 3058 ὅσῳ
2995 2987 3052 3041 δὲ
3096 2987 3315 3058 ἀληθὲς,
3366 2986 3606 3055 τοσούτῳ

366 3078 448 3148 gis
492 3079 702 3136 Latinis
734 3081 901 3137 favet.
935 3083 1027 3138 Sic
1057 3086 1201 3139 enim
1236 3088 1411 3157 magis
1439 3090 1927 3147 consubstantialis

2036 3084 2291 3146 Λατίνοις
2330 3084 2619 3151 συνηγορεῖ
2669 3082 2891 3151 μᾶλλον.
2948 3079 3109 3135 Οὕτω
3158 3081 3269 3149 γὰρ
3317 3078 3606 3148 όμοούσιον

368 3184 453 3224 eat
486 3169 726 3239 Spiritus
758 3172 905 3227 Patri
935 3189 998 3228 ac
1027 3175 1168 3230 Filio
1189 3217 1204 3241 ,
1244 3188 1434 3247 utpote
1464 3180 1558 3248 qui
1588 3196 1655 3235 ex
1685 3181 1930 3251 ipsorum

364 3266 668 3320 substantia
724 3275 780 3321 ct
820 3268 886 3321 ab
931 3268 1064 3336 ipsis
1112 3272 1433 3338 proveniat,
1466 3272 1573 3326 hoc
1621 3283 1705 3329 est
1738 3289 1931 3343 proce-

365 3356 477 3411 dat.
508 3357 731 3412 Dicatur
759 3359 908 3413 enim
941 3360 1144 3414 clarius
1172 3371 1399 3431 propter
1445 3379 1541 3419 eos
1588 3380 1727 3434 quos
1764 3367 1931 3421 verba

364 3445 675 3501 oﬂ'endunt.
722 3447 778 3501 Si
828 3448 980 3503 enim
1027 3450 1355 3520 simpliciter
1384 3454 1932 3511 consubstantialita-

364 3546 474 3591 tem
530 3546 787 3605 tantum,
845 3550 906 3594 ut
962 3542 1137 3597 nostri
1190 3543 1555 3611 arbitrantur,
1616 3546 1929 3616 signiﬁcat,

362 3628 656 3695 oportebat
710 3630 876 3683 etiam
934 3632 1154 3688 Patrem
1208 3650 1275 3689 ex
1328 3636 1643 3692 substantia
1697 3638 1819 3693 Filii
1875 3649 1933 3695 et

365 3718 607 3787 Spiritus
638 3719 772 3775 dici.
805 3720 1008 3777 Verum
1041 3725 1094 3778 id
1133 3741 1313 3795 neque
1340 3742 1511 3783 ausus
1540 3741 1625 3784 est
1657 3730 1930 3801 quispiam

364 3811 582 3874 adhuc,
641 3826 823 3881 neque
871 3816 1098 3870 audebit
1150 3817 1380 3883 dicere,
1447 3821 1693 3888 quandiu
1752 3836 1933 3890 operae

362 3907 603 3975 pretium
647 3909 870 3964 duxerit
916 3910 1133 3979 piorum
1181 3908 1467 3964 hominum
1514 3910 1569 3964 in
1609 3926 1843 3966 numero
1874 3927 1932 3969 se

364 4000 583 4069 reponi.
614 4001 933 4055 Praesertim
966 4016 1089 4056 cum
1118 4012 1172 4055 et
1199 4002 1507 4057 substantia
1542 4019 1721 4073 neque
1764 4020 1932 4075 gene-

362 4103 468 4159 ret,
490 4108 669 4163 neque
689 4094 976 4165 producat,
992 4095 1147 4165 juxta
1173 4095 1553 4165 theologorum
1578 4098 1930 4165 sententiam,

363 4184 605 4254 itemque
651 4184 894 4255 ipsorum
949 4185 1450 4255 philosophorum,
1502 4188 1549 4241 si
1598 4187 1824 4256 quidem
1873 4174 1930 4243 et

361 4277 464 4347 ipsi
511 4279 715 4349 ubique
760 4279 815 4333 in
862 4286 973 4332 tota
1017 4278 1373 4348 philosophia
1407 4278 1685 4344 clamant,
1736 4295 1931 4348 opera-

360 4371 539 4426 tiones
568 4387 690 4427 esse
737 4370 1186 4437 individuorum,
1234 4386 1343 4427 non
1388 4371 1803 4426 universalium.
1845 4372 1933 4428 Et-

2036 3176 2209 3246 Πατρὶ
2237 3176 2328 3228 καὶ
2353 3175 2464 3243 rip
2502 3174 2700 3243 μᾶλλον
2729 3173 2791 3225 τὸ
2824 3172 3067 3241 Πνεῦμα,
3103 3172 3181 3235 ὡς
3210 3174 3273 3223 ὲκ
3305 3172 3398 3237 τῆς
3419 3172 3607 3233 οὐσίας

2033 3268 2236 3328 αὐτῶν,
2268 3268 2361 3328 καὶ
2386 3266 2443 3332 ἐξ
2471 3264 2653 3317 αὐτῶν
2686 3265 2899 3333 προϊὸν,
2931 3264 3103 3335 ἤγουν
3143 3264 3606 3333 ἐκπορευόμενον.

2033 3360 2289 3430 Λεγέσθω
2318 3361 2424 3431 γὰρ
2478 3356 2869 3428 καθαρώτερον
2924 3357 3011 3411 διὰ
3058 3357 3188 3420 τοὺς
3234 3359 3345 3421 τοῖς
3396 3357 3608 3427 ῥήμασι

2036 3456 2507 3526 προσκόπτοντας.
2566 3453 2628 3507 Et
2677 3452 2787 3520 γὰρ
2831 3451 2930 3520 τὴν
2977 3449 3368 3519 ὁμοουσιότητα
3421 3450 3609 3514 ἁπλῶς

2032 3548 2187 3617 δηλοῖ
2212 3546 2394 3615 μόνον,
2431 3546 2505 3607 ώς
2559 3545 2607 3596 oi
2640 3543 2896 3613 ἡμέτεροι
2952 3540 3177 3607 οἴονται,
3227 3541 3334 3594 ἔδει
3366 3542 3461 3595 καὶ
3516 3542 3607 3596 τὸν

2038 3637 2254 3706 Πατέρα
2283 3638 2346 3689 ὲκ
2365 3635 2463 3703 τῆς
2490 3633 2679 3696 οὐσίας
2711 3632 2806 3685 τοῦ
2836 3631 2968 3685 Υίοῦ
3000 3631 3097 3685 καὶ
3126 3631 3220 3685 τοῦ
3286 3634 3607 3702 Πνεύματος

2034 3729 2308 3800 λέγεσθαι.
2355 3727 2513 3781 Ἀλλὰ
2543 3725 2699 3779 τοῦτο
2719 3724 2831 3779 οὐτ’
2875 3724 3141 3795 ἐτόλμησέ
3169 3741 3258 3788 τις
3315 3725 3477 3795 μέχρι
3509 3726 3609 3779 καὶ

2035 3824 2155 3888 νῦν,
2185 3822 2309 3875 οὕτε
2360 3819 2622 3888 τολμήσει
2660 3819 2879 3881 «εἰπεῖν,
2932 3816 3038 3879 ἕως
3079 3816 3145 3870 ἂν
3196 3819 3309 3881 τοῖς
3358 3817 3607 3873 εὐσέεεσι

2037 3912 2425 3970 συντάττεσθαι
2454 3910 2736 3981 προῦργου
2768 3910 2976 3963 ποιοῖτο
2999 3926 3013 3941 ο
3048 3908 3224 3972 ἄλλως
3256 3927 3315 3962 τε
3372 3913 3494 3964 ἐπεὶ
3520 3913 3612 3965 οὐ·

2038 4007 2128 4061 σία
2168 4005 2293 4060 οὔτε
2335 4005 2525 4075 γεννᾷ,
2583 4001 2709 4055 οὐτε
2742 4000 3033 4073 ἑκπορεύει
3086 4001 3227 4055 κατὰ
3270 4003 3394 4065 τοὺς
3425 4002 3609 4057 05016-

2035 4113 2189 4167 γους,
2222 4096 2302 4149 ἔτι
2331 4112 2390 4149 τε
2419 4095 2514 4147 καὶ
2541 4091 2742 4155 αὐτοὺς
2770 4092 2897 4154 τοὺς
2924 4092 3274 4160 φιλοσόφους,
3304 4093 3401 4147 καὶ
3453 4093 3613 4146 αὐτοὶ

2035 4191 2145 4261 γὰρ
2177 4186 2453 4257 πανταχοῦ
2482 4185 2647 4256 βοῶσι
2680 4183 3025 4251 φιλοσοφίας,
3057 4185 3154 4246 τὰς
3198 4184 3479 4253 ἐνεργείας
3500 4184 3611 4236 τῶν

2036 4280 2255 4348 ἀτόμων
2288 4275 2450 4344 εἶναι,
2482 4276 2542 4329 οὐ
2577 4276 2686 4329 τῶν
2714 4274 2947 4328 καθόλου
2978 4290 2991 4305 ο
3032 4272 3134 4342 ἐμὲ
3163 4273 3272 4343 γὰρ
3302 4275 3400 4343 οὐχ
3425 4276 3611 4339 ἁπλῶς

2037 4370 2347 4441 ἄνθρωπος,
2381 4368 2500 4422 ἀλλ’
2530 4370 2558 4421 ό
2590 4367 2677 4429 τὶς
2704 4365 2994 4435 ἄνθρωπος
3013 4364 3369 4435 γεγέννηκεν.
3398 4368 3459 4419 Εἰ
3489 4366 3607 4430 οὖν,

355 4464 505 4517 cutim
533 4479 640 4529 me,
673 4478 780 4519 non
810 4464 1136 4535 simpliciter
1168 4465 1353 4529 homo,
1382 4462 1475 4518 sed
1508 4464 1730 4533 quidam
1764 4465 1927 4519 homo

2035 4462 2108 4526 ώς
2138 4459 2374 4533 εἴρηταί,
2398 4460 2457 4514 αἱ
2488 4457 2769 4528 ἐνέργειαι
2799 4460 2904 4510 είσι
2940 4455 3050 4509 τῶν
3098 4457 3340 4526 ἀτόμων,
3384 4458 3442 4509 οὐ
3500 4458 3610 4510 τῶν

363 4558 577 4627 genuit.
611 4558 668 4612 Si
700 4558 891 4629 igitur,
929 4567 989 4612 ut
1018 4558 1224 4612 dictum
1255 4566 1375 4624 est,
1405 4556 1757 4626 operatioues
1784 4556 1929 4609 indi-

359 4651 657 4705 viduorum
681 4692 695 4717 ,
734 4666 845 4705 non
879 4650 1277 4706 universalium
1302 4688 1317 4714 ,
1366 4665 1550 4719 neque
1599 4649 1927 4719 simpliciter

359 4741 682 4797 substantiae
702 4782 717 4807 ,
748 4742 881 4812 quid
928 4742 1076 4796 aliud
1122 4742 1431 4811 intelligere
1459 4742 1729 4796 debemus
1749 4782 1763 4806 ,
1799 4741 1929 4796 dum

357 4835 720 4889 substantiam
744 4835 869 4890 Filii
896 4835 1214 4889 audivimus
1240 4874 1255 4900 ,
1287 4843 1344 4889 et
1374 4850 1442 4889 ex
1469 4835 1587 4904 ipsa
1621 4835 1927 4903 procedere

355 4923 625 4993 Spiritum
649 4965 663 4985 .
699 4940 865 4994 quam
897 4925 1019 4996 ejus
1049 4923 1293 4978 divinam
1324 4924 1663 4994 hypostasim
1690 4924 1712 4977 ?

427 5016 618 5086 Neque
651 5031 780 5071 vero
814 5016 867 5069 id
897 5031 999 5071 nos
1030 5025 1357 5086 praetereat,
1390 5025 1650 5081 sanctos,
1685 5017 1780 5086 qui
1812 5016 1931 5071 haec

355 5107 549 5174 aiunt,
583 5121 706 5161 cum
751 5107 988 5162 Arianos
1019 5116 1073 5161 et
1101 5107 1479 5161 Eunomianos
1520 5116 1927 5177 oppugnarent,

358 5202 475 5255 hrec
531 5199 756 5264 dixisse,
798 5200 891 5269 qui
938 5199 1161 5270 quidem
1199 5200 1394 5253 Filium
1435 5213 1501 5253 ex
1536 5197 1724 5260 Patre,
1754 5197 1929 5266 Spiri-

359 5303 474 5348 tum
504 5304 683 5349 autem
715 5308 781 5349 ex
808 5293 948 5348 Filio
988 5307 1113 5348 esse
1155 5292 1491 5355 fatebantur,
1524 5306 1589 5344 ex
1621 5288 1927 5343 substantia

360 5402 491 5441 vero
520 5402 641 5442 esse
675 5387 969 5456 negabant,
1021 5384 1355 5440 atlirmantes
1408 5384 1608 5437 Filium
1655 5397 1721 5436 ex
1770 5382 1930 5435 Patre

359 5478 581 5545 quidem
607 5492 748 5542 esse,
775 5493 964 5532 verum
995 5493 1104 5531 non
1132 5475 1594 5533 substantialiter.
1620 5472 1716 5527 sed
1742 5471 1930 5525 volun-

360 5580 473 5623 tate
506 5571 679 5626 Patris
716 5586 838 5625 esse
865 5570 1143 5640 genitum;
1176 5567 1442 5637 Spiritum
1482 5581 1614 5619 vero
1652 5572 1708 5617 et
1752 5563 1931 5631 ipsum

364 5676 428 5711 cx
460 5661 619 5725 Filio,
643 5660 739 5716 sed
765 5676 875 5714 non
901 5658 1364 5721 substantialiter,
1390 5665 1600 5709 tantum
1625 5652 1929 5707 voluntate.

365 5751 631 5818 Quocirca
657 5762 710 5807 ct
741 5754 935 5808 Filium
966 5753 1232 5808 minorem
1283 5765 1405 5806 esse
1450 5751 1648 5811 Patro,
1698 5754 1752 5801 ct
1797 5743 1931 5799 alte-

2035 4554 2288 4617 καθόλου,
2335 4551 2455 4605 οὐδὲ
2506 4549 2606 4621 τῆς
2661 4547 2851 4610 ἁπλῶς
2897 4547 3104 4612 οὐσίας,
3169 4550 3223 4601 τί
3282 4548 3412 4601 ἄλλο
3470 4552 3612 4601 νοεῖν

2032 4646 2324 4716 ὀφείλομεν
2390 4643 2581 4697 οὐσίαν
2640 4640 2775 4695 Υίοῦ
2810 4638 3130 4702 ιάκούοντες
3179 4642 3274 4694 καὶ
3329 4641 3405 4707 ἐξ,
3439 4640 3611 4708 αὐτῆς

2033 4738 2283 4807 προϊέναι
2334 4734 2397 4789 τὸ
2483 4730 2733 4803 Πνεῦμα,
2804 4730 2837 4803 ἢ
2900 4730 3002 4802 τὴν
3057 4732 3225 4785 αὐτοῦ
3277 4732 3427 4787 θείαν
3478 4731 3613 4785 ὐπόο

2033 4845 2264 4891 στασιν;

2104 5004 2256 5075 Μηδὲ
2312 5001 2470 5055 τοῦτο
2530 5000 2587 5054 δὲ
2623 5002 2773 5069 ἡμᾶς
2828 4999 3170 5064 λανθανέτω,
3225 4999 3387 5052 ὃτιοί
3434 4996 3608 5051 ταῦτα

2032 5098 2281 5165 λέγοντες
2300 5094 2447 5162 ἅγιοι
2512 5092 2650 5160 πρὸς
2720 5092 3038 5162 ’Λρειανοὺς
3089 5091 3184 5142 καὶ
3234 5090 3607 5159 Εὐνομιανοὺς

2036 5188 2331 5259 μαχόμενοι
2366 5185 2553 5252 ἔλεγον
2579 5183 2753 5236 ταῦτα
2781 5199 2795 5214 ·
2825 5184 2898 5246 οἳ,
2944 5182 3037 5235 τὸν
3067 5182 3169 5250 μὲν
3204 5182 3332 5233 Υἱὸν
3389 5184 3455 5234 ἐκ
3510 5181 3603 5232 τοῦ

2035 5278 2247 5348 Πατρδς
2276 5273 2438 5342 εῖναι,
2471 5275 2530 5328 τό
2568 5273 2625 5327 δὲ
2682 5273 2904 5342 Πνεῦμα
2943 5275 3008 5326 ὲκ
3063 5270 3158 5325 τοῦ
3215 5272 3349 5325 Υἱοῦ
3398 5271 3605 5340 ὡμολό-

2032 5388 2163 5439 γουν
2193 5384 2207 5397 ’
2245 5369 2508 5441 ἠρνοῦντο
2538 5367 2594 5419 δὲ
2628 5366 2687 5418 τὸ
2714 5368 2777 5418 ἐκ
2828 5365 2928 5432 τῆς
2959 5364 3171 5429 οὐσίας,
3205 5364 3460 5429 λέγοντες
3509 5362 3605 5416 τὸν

2034 5464 2160 5516 Υίὸν
2192 5465 2254 5514 ὲκ
2281 5460 2372 5513 τοῦ
2405 5458 2623 5529 Πατρός
2651 5457 2771 5525 μὲν,
2810 5456 2923 5509 ἀλλ’
2972 5457 3071 5508 οὐκ
3106 5455 3404 5517 οὐσιωδῶς,
3467 5453 3608 5506 ἀλλᾶ

2036 5552 2254 5620 θελήσει
2280 5548 2371 5601 τοῦ
2405 5546 2618 5615 Πατρδς
2651 5544 2983 5614 γεννηθῆναι
3013 5562 3027 5577 ο
3059 5544 3119 5596 τὸ
3150 5544 3204 5597 δὲ
3236 5542 3461 5610 Πνεῦμα
3508 5543 3609 5595 καὶ

2036 5645 2165 5701 αὐτὸ
2192 5647 2254 5695 ἐκ
2286 5640 2379 5693 τοῦ
2401 5639 2557 5705 Υίοῦ,
2592 5639 2695 5691 οὐκ
2723 5637 3022 5701 οὐσιωδώς,
3054 5637 3192 5691 ἀλλὰ
3242 5636 3480 5706 θελήσει.
3513 5634 3609 5686 Διὸ

2036 5738 2124 5792 τὶν
2156 5734 2254 5807 μὲν
2284 5732 2410 5786 Υξδν
2450 5732 2706 5786 ἐλάττονα
2747 5730 2840 5784 τοῦ
2890 5730 3101 5802 Πατρδς
3130 5729 3223 5784 καὶ
3278 5729 3470 5800 ἑτέρας
3503 5729 3603 5781 οὐδ
