3966 6218
322 320 424 385 373

1237 317 1336 378 DE
1376 311 1900 376 PROCESSIONE
1941 312 2302 380 SPIRITUS
2343 319 2632 382 SANCTI.
3445 320 3546 384 374

323 433 458 493 σίας,
485 428 543 482 τὶ.
573 427 630 482 δὲ
658 428 881 498 Πνεῦμα
910 427 1130 482 ἔλαττον
1151 428 1248 481 τοῦ
1285 425 1414 479 Υιοῦ
1453 425 1550 479 τοῦ
1583 424 1674 478 καὶ
1706 423 1895 493 ἑτέρας

2013 426 2114 482 rius
2155 432 2476 488 substantiae
2497 472 2514 496 ,
2543 443 2599 488 et
2626 431 2894 502 Spiritum
2924 432 3198 488 minorem
3225 447 3350 488 esse
3381 434 3550 504 Filio,

323 521 505 586 οὐσίας
531 519 917 589 ἀπεφαίνοντο,
953 518 1028 584 ὡς
1062 520 1217 590 τρεῖς
1259 517 1450 582 οὐσίας
1481 519 1656 570 ποιεῖν
1684 513 1743 568 ὲν
1773 512 1894 566 θεό-

327 632 475 685 τητι.

395 708 458 761 Οί
495 701 590 758 οὖν
615 703 861 772 Πατέρες
885 719 944 755 τε
996 701 1092 754 καὶ
1126 701 1455 765 διδάσκαλοι,
1508 697 1738 759 ἐκείνοις
1792 712 1897 764 μα-

328 798 570 870 χόμενοι,
596 796 699 848 οὐκ
729 797 792 846 ἐκ
825 791 922 846 τοῦ
976 791 1108 846 Υίοῦ
1162 792 1346 862 μόνον,
1397 790 1535 843 ἀλλά
1581 789 1678 843 καὶ
1703 789 1766 840 ὲκ
1797 786 1896 855 τῆς

331 890 514 950 οὐσίας
536 883 700 939 αὐτοῦ
732 883 998 937 ἔσπευδον
1057 881 1331 937 δεικνύναι
1368 881 1428 935 ὃν
1458 880 1520 934 τὸ
1570 877 1792 946 Πνεῦμα
1835 873 1897 928 τδ

335 983 504 1048 ἅγιον·
531 977 794 1040 ὡσαύτως
824 976 920 1030 καὶ
943 975 1034 1030 τὸν
1065 975 1216 1040 Υἰδν,
1242 976 1342 1028 οὐκ
1366 975 1431 1027 ὲκ
1449 971 1545 1027 τοῦ
1571 968 1778 1039 Πατρὸς
1804 966 1900 1036 μό-

334 1091 442 1138 νον,
471 1072 604 1126 ἀλλὰ
634 1071 744 1125 κάκ
769 1071 872 1141 τῆς
896 1069 1086 1132 οὐσίας
1126 1065 1316 1122 αὐτοῦ.

412 1163 504 1218 Ἰδὲ
531 1162 646 1216 οὖν·
674 1162 812 1232 πρὸς
841 1161 942 1231 μὲν
967 1159 1025 1212 τὸ
1049 1160 1112 1212 ἑκ
1139 1157 1410 1227 θελήσεως
1427 1153 1522 1208 τοῦ
1551 1152 1706 1218 Υἱοῦ,
1723 1155 1820 1207 καὶ
1833 1152 1896 1206 οὐ

333 1254 430 1325 τῆς
461 1254 653 1316 οὐσίας
673 1253 733 1306 τὸ
757 1250 986 1318 Πνεῦμα
1016 1246 1178 1314 εῖναι,
1207 1247 1465 1317 ἀπήντων
1490 1247 1538 1298 οί
1562 1245 1897 1310 διδάσκαλοι,

334 1350 395 1401 ἐκ
412 1346 511 1414 τῆς
533 1344 724 1406 οὐσίας
753 1342 849 1396 τοῦ
894 1342 1026 1396 Υίοῦ
1070 1337 1214 1395 εἶναι
1248 1338 1513 1409 βοῶντεςυ
1556 1336 1693 1406 πρὸς
1741 1335 1797 1388 δὲ
1825 1329 1899 1387 ’τὸ

333 1440 392 1504 ἐξ
416 1437 546 1492 Υίοῦ
580 1434 723 1490 εἶναι
749 1437 924 1500 οὐδεὶς
957 1436 1219 1503 ἀντέστη,
1269 1433 1379 1486 οὐδ’
1431 1429 1620 1502 εῖρηκε
1660 1428 1733 1499 μὴ
1762 1424 1900 1480 εἶναι

330 1529 462 1582 αὐτὸ
493 1528 552 1594 ἐξ
584 1525 716 1580 Υίοῦ
738 1543 752 1558 ·
787 1527 862 1591 ὡς
913 1527 1006 1579 καὶ
1039 1523 1196 1578 αὐτοὶ
1246 1524 1406 1576 τοῦτο
1431 1508 1778 1592 φρονοῦντες,
1807 1517 1900 1570 καὶ¹

327 1620 390 1672 τδ
427 1620 490 1671 ἑκ
523 1619 624 1688 τῆς
653 1616 842 1679 οὐσίας
875 1615 970 1670 τοῦ
1001 1611 1252 1677 Υίοῦ,ὡς
1279 1613 1388 1665 κάκ
1417 1610 1515 1680 τῆς
1549 1603 1900 1666 ὑποστάσεως

330 1725 391 1762 τε
424 1708 520 1763 καὶ
545 1709 734 1772 οὐσίας
781 1708 972 1773 αὐτοῦ,
1002 1705 1155 1761 αὐτοί
1182 1721 1239 1758 τε
1292 1702 1562 1766 νοοῦντες,
1615 1698 1710 1752 mi.
1740 1695 1900 1767 ἡμῶν

327 1802 460 1865 τούς
499 1801 781 1865 συνιέντας
804 1800 1174 1862 διδάσκοντες.

405 1987 524 2041 Ἔτι
563 1986 591 2039 6
619 1984 719 2055 μὲν
751 1983 926 2053 μέγας
983 1978 1261 2042 Βασίλειος
1317 1979 1375 2030 ἐν
1431 1975 1508 2046 τῷ
1561 1975 1762 2048 πρώτῳ
1790 1977 1902 2030 τῶν

330 2079 473 2134 Κατ’
492 2077 796 2145 Εὑνομίου
827 2073 918 2126 τὸν
947 2070 1076 2124 Υίόν
1107 2086 1239 2140 φησι
1268 2067 1424 2132 τάξιν
1461 2067 1604 2138 ἔχειν
1637 2069 1771 2139 πρδς
1809 2067 1902 2120 τὸν

338 2171 557 2241 Πατέρα
586 2167 848 2238 φυσικὴν,
879 2165 976 2220 καὶ
999 2162 1119 2217 οῖαν
1155 2161 1216 2216 τὺ
1245 2162 1308 2214 ἐκ
1340 2159 1436 2215 τοῦ
1469 2161 1638 2230 πυρὸς
1667 2161 1803 2230 πρὸς
1839 2159 1901 2213 τὸ

339 2263 477 2333 πῦρ.
529 2262 624 2315 καὶ
649 2260 708 2312 τὸ
758 2256 1000 2313 αίτιατδν
1034 2255 1169 2324 πρὸς
1201 2254 1265 2308 τδ
1327 2253 1535 2307 αἴτιον·
1586 2253 1614 2305 6
1657 2253 1702 2306 δ’
1741 2253 1901 2316 αὐτὸς

338 2358 434 2410 καὶ
459 2353 519 2408 τὸ
553 2351 784 2422 Πνεῦμα
831 2349 986 2415 τάξιν
1009 2347 1156 2418 ἔχειν
1193 2347 1331 2420 πρὸς
1361 2345 1453 2399 τὸν
1484 2346 1612 2399 Υῐδν
1645 2344 1904 2399 διατείνε-

331 2462 428 2500 ται
447 2443 595 2500 κατὰ
614 2442 685 2496 τά
711 2439 1109 2512 προειρημένα.
1153 2439 1211 2493 'U
1245 2438 1421 2508 μέγας
1449 2454 1512 2505 γε
1541 2437 1723 2506 μέντοι
1748 2435 1903 2489 Ἀθα-

338 2539 527 2600 νάσιος
548 2536 642 2592 καὶ
669 2534 1003 2605 σαφέστερόν
1033 2549 1200 2602 φησιν
1227 2548 1241 2564 ο
1284 2530 1414 2584 Οἴαν
1443 2530 1596 2596 τάξιν
1622 2530 1714 2581 καὶ
1743 2527 1903 2597 φύσιν

335 2631 507 2702 εχειὸ
543 2629 672 2692 Υίδς
704 2629 843 2698 πρὸς
884 2626 978 2680 τὸν
1018 2625 1261 2696 Πατέρα,
1315 2623 1572 2690 τοιαύτην
1600 2622 1754 2686 τάξιν
1809 2621 1904 2675 καὶ

333 2723 502 2794 φύσιν
525 2721 640 2792 ἔχει
666 2720 727 2773 τὸ
771 2718 996 2789 Πνεῦμα
1039 2717 1175 2787 πρὸς
1214 2716 1307 2770 τὸν
1357 2716 1509 2769 Υξόν.
1552 2715 1762 2768 Οὐκοῦν
1809 2713 1903 2766 οὖ-

328 2832 443 2875 τως
468 2813 536 2868 ἆν
566 2810 912 2880 συλλογίσαιο
942 2825 959 2840 ο
991 2807 1265 2878 Τοιαύτην
1296 2807 1449 2872 τάξιν
1480 2807 1574 2861 καὶ
1609 2807 1770 2874 φύσιν
1788 2805 1902 2876 ἔχει

328 2906 400 2959 τὸ
430 2903 657 2974 Πνεῦμα
707 2901 845 2972 πρὸς
893 2899 985 2954 τὸν
1021 2901 1175 2965 Υἱδν,
1235 2899 1352 2954 οῖαν
1403 2901 1431 2952 ὁ
1486 2898 1614 2959 Υἱὸς
1647 2897 1782 2966 πρὸς
1812 2896 1903 2950 τὸν

329 2995 564 3066 Πατέρα
588 3011 602 3027 ⁸
635 2992 751 3047 ἀλλ’
785 2998 812 3048 6
841 2991 968 3056 Υἱὸς
997 2992 1132 3062 πρὸς
1173 2991 1264 3045 τὸν
1320 2988 1536 3059 Πατέρα
1590 2988 1743 3053 τάξιν
1789 2988 1900 3059 ἔχει

1993 533 2050 579 et
2099 524 2331 578 alterius
2381 523 2706 579 substantia:
2755 525 3120 589 atlirmabant,
3157 523 3295 580 adeo
3343 535 3403 580 ut
3444 535 3556 580 tres

1993 615 2332 669 substantias
2373 614 2618 669 facerent
2649 615 2704 669 in
2732 614 2961 672 deitate.

2068 706 2254 761 Patres
2283 707 2450 776 igitur
2479 714 2534 761 et
2563 706 2828 763 doctores
2852 706 3118 764 adversus
3161 721 3259 763 eos
3302 723 3556 777 pugnan-

1997 805 2081 850 tes
2105 837 2119 860 ,
2149 813 2259 852 non
2292 799 2469 853 solum
2499 815 2566 853 ex
2592 799 2732 853 Filio
2753 839 2770 862 ,
2802 799 2898 855 sed
2927 801 3093 854 etiam
3138 815 3205 854 ex
3249 800 3556 857 substantia

1995 887 2114 956 ejus
2143 903 2266 942 esse
2299 886 2566 956 Spiritum
2595 896 2844 942 sanctum
2873 903 2887 941 :
2919 899 2974 941 et
3019 886 3215 941 Filium
3240 925 3255 950 ,
3283 900 3390 939 non
3439 894 3557 939 tau-

1999 988 2114 1032 tum
2161 994 2228 1032 ex
2272 978 2439 1034 Patre
2476 994 2636 1040 esse.
2687 993 2880 1032 verum
2923 977 3091 1032 etiam
3133 993 3204 1032 ex
3245 976 3556 1031 substantia

1996 1071 2118 1138 ejus
2149 1070 2441 1125 ostendere
2467 1071 2894 1125 contendebant.
3598 1135 3605 1146 .

2066 1161 2206 1216 Vide
2232 1161 2422 1232 igitur,
2453 1178 2662 1230 quaeso,
2694 1162 2760 1217 ad
2793 1163 2928 1217 illud
2948 1203 2965 1227 ,
2993 1179 3060 1218 ex
3087 1163 3373 1218 voluntate
3401 1161 3556 1226 Filii,
3597 1145 3618 1186 ’ί

1999 1261 2056 1308 et
2089 1267 2199 1306 non
2232 1269 2300 1308 ex
2328 1253 2634 1308 substantia
2660 1269 2782 1308 esse
2814 1253 3116 1322 Spiritum,
3149 1252 3560 1322 respondebant

2000 1343 2287 1404 doctores.
2319 1361 2383 1401 ex
2418 1345 2726 1400 substantia
2759 1345 2881 1400 Filii
2925 1360 3044 1400 esse
3089 1347 3422 1409 clamantes;
3475 1344 3559 1398 al-

2001 1435 2102 1490 teri
2147 1451 2280 1490 vero
2345 1437 2528 1501 dicto,
2575 1438 2834 1492 nimirum
2889 1452 2956 1492 ex
3007 1437 3149 1491 Filio
3197 1450 3341 1500 esse,
3396 1450 3560 1491 nemo

2001 1527 2321 1582 adversatus
2349 1537 2453 1593 est,
2487 1544 2664 1598 neque
2694 1529 2833 1583 dixit
2861 1544 2968 1583 non
2997 1545 3117 1584 esse
3153 1544 3220 1584 ex
3251 1529 3412 1593 Filio,
3443 1539 3563 1583 tau-

2002 1635 2164 1689 quam
2192 1631 2247 1675 et
2279 1621 2379 1697 ipsi
2409 1621 2514 1675 hoc
2541 1621 2848 1686 senserint,
2877 1629 2936 1674 et
2961 1636 3029 1675 ex
3059 1622 3368 1676 substantia
3395 1621 3516 1676 Filii
3543 1661 3560 1684 ,

2003 1713 2151 1768 velut
2201 1722 2259 1767 et
2314 1728 2380 1767 ex
2429 1713 2710 1784 hypostasi
2762 1721 2819 1767 et
2863 1728 2930 1768 ex
2989 1714 3299 1768 substantia
3344 1714 3464 1782 ejus
3508 1721 3564 1767 et

2003 1804 2106 1873 ipsi
2157 1804 2570 1869 intellexerint,
2619 1817 2674 1860 et
2723 1819 2863 1871 nos,
2909 1806 3001 1874 qui
3060 1820 3157 1861 eos
3200 1805 3564 1876 intelligimus

2002 1897 2313 1952 docuerint.

2073 1989 2341 2045 Praeterea
2373 2005 2600 2062 magnus
2630 1991 2880 2053 Basilius,
2907 1991 2962 2045 in
2986 1991 3166 2060 primo
3199 1991 3342 2046 libro
3369 1992 3566 2049 Adver-

1999 2099 2086 2138 sus
2144 2083 2506 2147 Eunomium,
2558 2085 2756 2139 Filium
2807 2084 2884 2137 ait
2935 2083 3140 2139 habere
3193 2084 3445 2141 ordinem
3498 2087 3568 2142 ad

2000 2173 2216 2228 Patrem
2262 2175 2597 2237 naturalem,
2641 2182 2699 2229 et
2733 2174 2953 2242 qualem
2999 2175 3138 2229 solet
3182 2174 3387 2230 habere
3406 2176 3568 2244 .quod

2001 2283 2069 2322 ex
2101 2266 2225 2336 igne
2252 2266 2506 2336 provenit
2534 2268 2602 2321 ad
2633 2266 2812 2336 ignem
2836 2307 2851 2332 ,
2896 2274 2952 2320 et
2991 2275 3278 2320 eausatum
3322 2267 3389 2321 ad
3441 2282 3570 2320 cau-

2003 2374 2142 2414 sam.
2194 2358 2347 2412 Idem
2401 2367 2584 2414 autem
2633 2368 2896 2422 sanctus,
2941 2367 2998 2413 et
3043 2358 3310 2426 Spiritum
3357 2357 3567 2411 habere

2003 2450 2252 2507 ordinem
2282 2449 2348 2504 ad
2380 2449 2580 2504 Filium
2600 2490 2616 2515 ,
2643 2448 2946 2504 secundum
2973 2449 3232 2518 praedicta
3259 2449 3567 2504 contendit.

2003 2544 2177 2598 Porro
2207 2554 2436 2610 magnus
2463 2537 2796 2592 Athanasius
2823 2547 3091 2607 praeterea
3120 2537 3326 2592 clarius
3355 2537 3564 2604 ait(l):

2003 2630 2224 2698 Qualem
2259 2628 2508 2683 ordinem
2557 2636 2615 2683 et
2651 2635 2903 2681 naturam
2936 2625 3099 2680 habet
3141 2625 3313 2679 Filius
3351 2624 3419 2678 ad
3463 2627 3567 2680 Pa-

2005 2735 2182 2786 trem,
2219 2723 2378 2776 talem
2423 2722 2672 2776 ordinem
2719 2730 2774 2775 et
2823 2729 3072 2773 naturam
3118 2718 3286 2772 habet
3329 2718 3569 2788 Spiritus

2003 2814 2072 2870 ad
2106 2814 2329 2868 Filium.
2365 2810 2457 2866 Sic
2484 2812 2652 2879 igitur
2682 2810 3012 2864 ratiocinare
3042 2809 3268 2863 :Talem
3316 2808 3568 2862 ordinem

2003 2919 2059 2962 et
2088 2917 2339 2961 naturam
2369 2903 2535 2958 habet
2565 2904 2802 2967 Spiritus
2831 2903 2895 2956 ad
2939 2901 3136 2956 Filiqu
3161 2942 3175 2965 ,
3218 2901 3432 2970 qualem
3481 2901 3571 2954 Fi-

2004 2996 2112 3050 lius
2139 2996 2206 3049 ad
2232 2996 2448 3049 Patrem
2481 3011 2496 3060 ;
2529 2993 2622 3045 sed
2657 2993 2824 3045 Filius
2853 2992 3019 3046 habet
3046 2990 3300 3044 ordinent
3349 2999 3569 3044 natura-

334 3083 586 3158 φυσικὴν
629 3085 730 3154 τὴν
776 3084 957 3139 αἰτίαν
1005 3082 1102 3136 τοῦ
1157 3081 1294 3153 πρὶς
1337 3081 1537 3134 αῖτιονυ
1598 3082 1691 3134 καὶ
1731 3080 1902 3143 οὕτως

2013 3088 2115 3143 Iern
2152 3087 2219 3142 ad
2252 3087 2506 3150 Patrem,
2547 3095 2603 3140 et
2648 3086 2738 3152 qui
2780 3093 2865 3138 est
2909 3098 3088 3137 causae
3127 3082 3194 3136 ad
3240 3090 3568 3146 causatum;

333 3183 368 3234 6
423 3179 554 3243 Υίὸς
600 3176 772 3240 αῖτιός
820 3176 938 3230 ἐστι
975 3174 1074 3245 τῆς
1127 3173 1222 3227 τοῦ
1283 3172 1600 3242 Πνεύματος
1663 3173 1902 3227 ὐποστάυ

334 3285 504 3335 σεως.
1474 3280 1478 3284 ·

413 3361 537 3415 Ἔτι
562 3359 687 3414 ἐπεὶ
712 3362 772 3413 ἐν
793 3360 906 3423 τοῖς
930 3358 1292 3427 ἀνθρωπίνοις
1318 3357 1416 3412 καὶ⁹
1445 3357 1696 3427 φυσικοῖς
1727 3356 1908 3428 πράγ-

335 3465 482 3522 μασι
526 3451 636 3504 πᾶν
681 3450 857 3504 αἴτιον
890 3452 1214 3520 προηγεῖται
1258 3449 1353 3502 τοῦ
1409 3449 1661 3502 αἰτιατοῦ
1705 3450 1902 3520 χρόνῳ,

332 3543 440 3598 καὶ
474 3543 534 3596 τὸ
564 3541 812 3598 αἰτιατδν
848 3540 944 3595 τοῦ
977 3541 1154 3594 αίτίου
1199 3541 1348 3594 ἔστιν
1383 3539 1612 3611 ὕστερον
1638 3557 1652 3570 ’
1691 3543 1786 3594 καὶ
1818 3540 1907 3595 διὰ

327 3635 500 3689 τοῦτό
540 3651 685 3697 τινες
739 3633 1028 3696 ἀκούοντες
1079 3633 1248 3686 αῐτιον
1287 3633 1382 3686 καὶ
1436 3633 1678 3687 αἰτιατδν
1735 3634 1792 3685 ὲν
1837 3636 1904 3704 τῇ

333 3726 558 3798 Τριάδι,
604 3726 702 3782 καὶ
749 3725 987 3796 μάλιστα
1017 3723 1290 3794 Ἀρειανοὶ
1319 3742 1380 3779 τε
1413 3726 1506 3779 καὶ
1559 3725 1905 3796 Εὐνομιανοὶ,

334 3824 411 3874 ἐκ
460 3819 572 3873 τῶν
652 3817 1009 3889 ἀνθρωπίνων
1064 3818 1386 3889 ἐπεχείρουν
1444 3818 1908 3888 παραδειγμάτων

333 3912 406 3967 τὸ
430 3911 704 3965 ωναῖδιον
733 3911 945 3966 ἀνελεῖν
979 3910 1079 3979 τῆς
1112 3909 1365 3980 Τριάδος,
1406 3914 1504 3966 καὶ
1530 3910 1622 3965 τὸν
1656 3909 1755 3981 μὲν
1777 3911 1907 3964 Υίδν

330 4005 438 4059 τοῦ
472 4005 686 4075 Πατρδς
714 4003 944 4074 ὕστερον
982 4002 1162 4073 χρόνῳ
1204 4002 1506 4066 δεικνύναι,
1559 4001 1635 4065 ὡς
1668 4003 1909 4056 αίτιατὸν

334 4095 512 4151 αὐτοῦ
538 4110 554 4126 ’
585 4093 721 4165 πρὸς
738 4095 964 4157 τούτους
995 4097 1022 4145 6
1044 4092 1268 4159 Νύσσης
1299 4092 1440 4156 οεῖος
1465 4092 1766 4164 Γρηγόριος
1796 4093 1909 4146 ἑνι-

337 4185 640 4254 στάμενος,
673 4183 766 4241 καὶ
809 4183 869 4236 τὸ
896 4183 1170 4236 συναῖδιον
1200 4181 1310 4234 τῶν
1340 4181 1509 4252 τριῶν
1558 4181 1910 4234 ύποστάσεων

333 4277 626 4344 ἀποδεῖξαι
655 4275 1024 4345 προθέμενος,
1056 4274 1116 4326 ἐν
1154 4273 1234 4343 τῷ
1262 4274 1465 4344 πρώτῳ
1496 4271 1603 4323 τῶν
1631 4272 1766 4338 πρὶς
1800 4271 1908 4330 1‘16-

334 4369 533 4431 νόμιον
573 4363 1028 4436 Ἀντιρῤητικῶν
1059 4365 1353 4432 ἀναλογίαν
1379 4364 1500 4416 τινα
1523 4365 1756 4417 ποιεῖται
1776 4361 1908 4415 Υίοῦ

334 4458 484 4528 πρὸς
511 4457 752 4527 Πατέρα,
780 4459 877 4512 καὶ
898 4456 1214 4525 Πνεύματος
1265 4457 1402 4527 πρὸς
1437 4455 1566 4509 Tibi:
1589 4496 1604 4520 ,
1661 4456 1752 4508 τὸν
1809 4455 1907 4523 μὲν

336 4550 566 4619 Πατέρα
599 4550 796 4618 λέγων,
845 4550 991 4618 μόνῳ
1026 4548 1103 4617 τῷ
1153 4549 1251 4618 τῆς
1287 4546 1470 4610 αίτίας
1516 4547 1658 4617 λόγῳ
1685 4563 1913 4617 προεπι-

343 4639 680 4710 θεωριίσθαι
721 4637 815 4691 τοῦ
841 4636 1002 4702 Υῐοῦ,
1022 4638 1082 4690 οὐ
1131 4637 1315 4706 μέντοι
1343 4635 1468 4692 κατ’
1495 4636 1733 4707 ἔμφασιν
1786 4652 1913 4705 xpo-

339 4733 529 4802 νικῆν,
569 4731 661 4784 καὶ
692 4731 781 4784 διὰ
821 4729 983 4782 τοῦτο
1033 4729 1109 4799 μὴ
1155 4729 1490 4782 κινδυνεύειν
1534 4728 1635 4780 τὸν
1656 4729 1756 4798 τῆς
1787 4740 1914 4779 συν-

337 4824 648 4893 αῖδιὸτητος
674 4821 834 4888 λόγον
857 4836 870 4851 ⁶
890 4821 980 4872 τὸν
995 4820 1051 4873 δὲ
1078 4818 1204 4872 Υίὸν
1225 4815 1381 4882 αὖθις
1405 4820 1499 4872 καὶ
1517 4818 1678 4871 αὐτὸν
1704 4815 1916 4887 ἐπινοίᾳ

344 4916 490 4986 μόνῃ
553 4911 990 4983 προθεωρεῖσθαι
1037 4911 1137 4980 τῆς
1167 4910 1265 4964 τοῦ
1305 4910 1628 4981 Πνεύματος
1675 4909 1914 4963 67:03:31-

342 5023 515 5071 αεως,
544 5005 687 5058 κατὰ
707 5006 800 5058 τὸν
826 5003 927 5073 τῆς
952 5002 1132 5064 αἰτίας
1157 5003 1339 5070 λόγον.

435 5097 528 5157 Ὠς
562 5094 854 5164 φαίνεσθαι
910 5093 1161 5162 φανερῶς
1209 5093 1304 5145 τὸν
1352 5091 1668 5146 διδάσκαλον
1711 5093 1916 5165 ταύτης

338 5185 492 5241 εἶναι
519 5187 618 5252 τῆς
643 5185 801 5254 δόξης
832 5184 928 5238 τοῦ
959 5183 1050 5237 τὸν
1098 5183 1225 5235 Υἱὸν
1253 5182 1432 5237 αἰτίαν
1456 5180 1598 5236 εἶναι
1627 5183 1719 5236 τοῦ
1748 5185 1917 5238 Πνεύ-

1938 4427 1985 4483 D

2006 3181 2082 3237 ita
2116 3180 2280 3235 etiam
2312 3178 2488 3234 Filius
2517 3187 2602 3232 est
2629 3192 2794 3232 causa
2825 3176 3182 3246 hypostaseos
3213 3173 3476 3245 Spiritus.

2081 3365 2351 3420 Pncterea
2374 3403 2388 3428 ,
2437 3361 2700 3431 quoniam
2735 3360 2788 3412 in
2821 3357 3080 3412 humanis
3123 3364 3180 3410 et
3216 3356 3378 3409 rebus
3414 3364 3571 3409 natu-

2007 3457 2210 3511 ralibus
2250 3455 2431 3509 omnis
2459 3469 2622 3508 causa
2670 3462 2914 3520 tempore
2958 3448 3234 3504 antecedit
3261 3458 3569 3509 causatum.

2005 3556 2063 3602 et
2104 3556 2390 3602 causatum
2426 3559 2524 3599 sua
2565 3557 2730 3598 causa
2777 3541 3061 3612 posterius
3103 3548 3225 3604 est;
3275 3547 3569 3608 propterea

2008 3637 2114 3692 hoc
2165 3635 2418 3690 nonnulli
2472 3633 2798 3696 audientes,
2853 3631 3117 3686 nimirum
3171 3637 3460 3683 causatum
3515 3627 3568 3680 in

2008 3728 2314 3787 Trinitate.
2360 3735 2417 3782 et
2459 3725 2770 3794 praesertim
2812 3723 3001 3778 Ariani
3041 3730 3096 3776 et
3135 3718 3462 3775 Eunomiani
3498 3718 3568 3772 ab

2010 3819 2267 3876 humanis
2304 3816 2577 3886 exemplis
2618 3816 3050 3871 comternitatcm
3097 3813 3291 3868 tollere
3331 3809 3572 3865 Trinita-

2011 3914 2118 3976 tis,
2146 3921 2201 3967 et
2249 3911 2448 3966 Filium
2483 3909 2850 3978 posteriorem
2888 3909 3078 3970 Patre,
3125 3906 3330 3974 quippe
3379 3919 3575 3958 causa--

2015 4017 2128 4063 tum
2165 4005 2234 4060 ab
2267 4004 2385 4074 ipso
2410 4044 2425 4068 ,
2455 4001 2750 4056 ostendere
2781 3998 3150 4053 conabantur.
3187 3996 3282 4050 llis
3311 4011 3370 4051 se
3405 4011 3578 4065 oppo-

2010 4113 2151 4153 nens
2199 4097 2262 4150 D.
2311 4092 2609 4164 Gregorius
2658 4093 2979 4162 Nyssenus,
3037 4097 3095 4143 et
3143 4088 3576 4143 coaeternitatem

2013 4187 2178 4242 trium
2208 4198 2569 4255 personarum
2599 4182 2896 4237 ostendere
2939 4193 3256 4246 probonens
3305 4180 3357 4231 in
3399 4177 3578 4246 primo

2011 4280 2156 4335 libro
2197 4294 2390 4334 eorum
2415 4319 2430 4342 ,
2462 4276 2664 4347 quibus
2703 4275 2908 4330 refutat
2941 4272 3275 4327 Eunomium
3296 4309 3313 4334 ,
3349 4284 3581 4340 propor.

2014 4372 2220 4426 tionem
2265 4368 2555 4438 quamdam
2590 4366 2721 4421 facit
2754 4365 2878 4420 Filii
2924 4364 2991 4418 ad
3023 4364 3244 4418 Patrem
3277 4403 3292 4424 .
3330 4361 3578 4430 Spiritus

2014 4463 2190 4520 sancti
2218 4463 2286 4516 ad
2319 4461 2519 4516 Filium
2552 4473 2567 4512 :
2602 4460 2824 4514 Patrem
2875 4456 3102 4525 quidem
3151 4468 3409 4510 asserens
3460 4451 3577 4505 sola

2015 4568 2194 4611 causre
2243 4552 2456 4607 ratione
2505 4547 2848 4619 prmintelligi
2898 4545 3059 4612 Filio,
3109 4559 3218 4598 non
3259 4552 3439 4597 tamen
3486 4554 3578 4595 se-

2016 4645 2259 4703 cundum
2293 4643 2558 4713 temporis
2583 4641 3006 4711 appellationem
3028 4677 3043 4701 ,
3070 4645 3127 4692 et
3153 4637 3280 4692 ideo
3308 4634 3580 4689 rationem

2017 4736 2417 4796 comternitatis
2445 4733 2674 4789 minime
2705 4730 3010 4802 periclitari
3039 4746 3054 4784 :
3089 4743 3286 4783 rursus
3316 4736 3498 4780 autem
3527 4732 3581 4776 et

2017 4832 2195 4901 ipsum
2243 4829 2440 4884 Filium
2477 4826 2591 4881 sola
2641 4832 2822 4879 mente
2863 4832 2917 4877 et
2946 4821 3278 4891 cogitatione.
3309 4817 3581 4888 praeintcl-

2015 4923 2111 4993 ligi
2154 4935 2389 4991 persona
2435 4918 2678 4989 Spiritus
2705 4915 2920 4981 sancti,
2949 4911 3264 4968 secundum
3296 4909 3572 4963 rationem

2017 5031 2216 5071 causa.

2088 5108 2157 5164 Ut
2185 5105 2472 5161 manifeste
2510 5110 2808 5172 appareat,
2859 5101 3008 5154 hunc
3051 5099 3330 5152 doctorem
3379 5093 3434 5147 in
3482 5093 3583 5146 hac

2016 5215 2137 5254 esse
2169 5197 2442 5253 sententia
2473 5203 2536 5250 ut
2557 5193 2834 5248 existimet
2857 5190 3051 5245 Fliium
3075 5203 3197 5243 esse
3217 5199 3437 5241 causam
3461 5181 3578 5251 Spi-

344 5295 544 5349 ματος.
581 5279 671 5340 Ὦς
695 5279 804 5347 γὰρ
853 5277 1186 5330 συνάπτεται
1217 5275 1294 5345 τῷ
1340 5275 1562 5346 Πατρὶὸ
1594 5276 1742 5342 Υἱὸς,
1772 5275 1904 5329 οῦτω

2019 5289 2176 5344 ritus.
2208 5283 2684 5354 Quemadmodum
2719 5282 2866 5337 enim
2897 5281 3071 5335 Filius
3101 5293 3224 5332 cum
3255 5277 3419 5331 Patre
3448 5288 3582 5326 con-

341 5373 444 5424 καὶ
473 5372 535 5424 τὸ
571 5371 820 5439 Πνεῦμα,
849 5371 1002 5436 φησὶ,
1036 5371 1368 5420 συνάπτεται
1402 5367 1478 5436 τῷ
1512 5368 1623 5436 Υίῷ
1649 5383 1666 5400 ⁶
1697 5371 1788 5422 καὶ
1818 5365 1904 5423 αὖ·

2013 5385 2280 5454 jungitur,
2309 5385 2392 5437 sic
2418 5389 2474 5435 et
2501 5379 2774 5448 Spiritus,
2805 5374 2986 5444 inquit
3007 5413 3021 5436 ,
3052 5368 3407 5440 coniungitur
3453 5376 3580 5418 cum

343 5462 463 5524 Θις,
498 5460 574 5523 ὡς
598 5460 993 5530 προθεωρεῖται
1015 5462 1040 5510 6
1070 5457 1256 5528 [ἰατὴρ
1314 5459 1409 5511 τοῦ
1447 5459 1602 5520 Υἰοῦ,
1639 5461 1698 5513 οὐ
1732 5478 1904 5530 χρονι-

2017 5476 2189 5541 Filio;
2215 5483 2268 5528 et
2292 5487 2509 5528 rursum
2527 5512 2542 5537 ,
2569 5478 2629 5524 ut
2650 5465 3090 5539 praeintelligitur
3115 5463 3277 5518 Pater
3301 5457 3440 5514 Filio
3469 5470 3578 5510 non

339 5553 430 5622 κῷ
489 5568 596 5606 τινι
630 5551 984 5621 διαστήματι,
1026 5550 1146 5604 οὐδὲ
1204 5550 1510 5620 πράγματι,
1548 5550 1665 5605 ἀλλ’
1701 5553 1904 5623 ἐπινοίᾳ

2015 5569 2286 5640 temporis
2317 5565 2504 5635 aliquo
2546 5561 2864 5626 intervallo,
2910 5571 3092 5626 neque
3137 5569 3224 5618 re,
3269 5551 3362 5609 sed
3409 5562 3582 5607 sensu

415 5735 497 5809 (Ι)
535 5732 592 5791 In
620 5734 782 5805 epist.
812 5734 878 5790 ad
915 5733 1268 5804 Serapionem
1298 5735 1436 5790 ultra
1468 5735 1727 5791 medium.
