3966 6218
345 360 442 424 377

1258 361 1356 421 DE
1404 362 1927 444 PROQESSIONE
1969 363 2337 424 SPIllITUS
2386 359 2679 425 SANCTI.

3463 359 3568 428 3‘78

339 483 455 534 ἔστι
483 477 544 532 τὸ
582 470 743 542 εἶδος,
774 471 818 545 ᾧ
851 475 1014 547 ὅμοια
1051 475 1262 544 γίνεται
1286 477 1357 530 τὰ
1387 478 1627 543 ἐξαύτοῦ
1649 479 1898 550 προϊόντα

2008 479 2266 548 postasis,
2305 487 2560 548 tanquam
2609 493 2742 531 vero
2777 493 2906 546 quo,
2949 488 3033 533 est
3074 477 3195 549 ejus
3242 475 3423 532 divina
3482 495 3570 534 es-

339 571 411 625 btb
433 574 526 623 καὶ
551 570 578 621 ὁ
613 567 741 630 Υἱὸς
775 569 871 621 καὶ
902 567 963 621 τὸ
1006 569 1232 637 Πνεῦμα
1259 569 1524 636 ὁμοούσιά
1559 569 1698 622 εἰσιν
1729 570 1904 639 αὐτῷ,

340 664 416 717 διὰ
447 663 508 714 τὸ
553 662 664 714 πᾶν
701 660 802 728 μὲν
857 659 920 712 τὸ
959 661 1212 728 παράγον
1271 662 1456 732 ὅμοιον
1512 663 1786 730 παράγειν
1829 663 1907 733 τῷ

341 754 488 818 εῖδει,
517 745 560 819 ᾧ
579 753 843 822 προάγει,
875 751 965 805 τὸν
995 751 1052 804 δὲ
1079 753 1212 806 Θεὸν
1241 755 1334 806 καὶ
1365 755 1586 824 Πατέρα
1638 756 1906 824 προάγειν

340 846 462 898 Υίόν
490 860 546 897 τε
569 845 664 896 καὶ
694 843 920 912 Πνεῦμα
953 846 1018 913 τῇ
1054 843 1253 896 ἑαυτοῦ
1284 843 1406 914 θείᾳ
1435 845 1618 914 οὐσία,
1671 847 1765 897 καὶ
1817 845 1907 898 διὰ

337 936 492 988 τοῦτο
520 936 785 1004 ὁμοούσια
811 933 991 1003 ἑαυτῷ
1019 935 1314 1004 προάγειν.
1349 935 1414 988 Ei
1446 935 1627 988 τοίνυν
1658 936 1684 987 δ
1715 935 1905 1004 Πατὴρ

342 1032 495 1098 μόνος
524 1027 824 1096 προϐάλλει
853 1028 912 1080 τὸ
949 1028 1172 1097 Πνεῦμα
1202 1028 1344 1080 κατὰ
1377 1028 1504 1091 τοὺς
1538 1026 1681 1079 οὕτω
1719 1028 1905 1095 λέγον-

338 1137 450 1184 τας,
471 1118 591 1170 τότε
621 1117 852 1186 οὐδεμία
879 1116 1156 1186 διάκρισις
1185 1115 1341 1170 ἔσται
1366 1116 1498 1170 Υίοῦ
1533 1133 1592 1169 τε
1619 1116 1715 1169 καὶ
1737 1113 1906 1167 Πνεύ-

342 1227 525 1280 ματος.
562 1211 839 1280 μηδεμιᾶς
869 1207 1037 1278 οὔσης
1075 1209 1346 1279 διαφορᾶς
1374 1207 1500 1260 οὔτε
1529 1209 1586 1260 ὲν
1624 1205 1703 1275 τῷ
1736 1204 1906 1275 προά-

337 1318 516 1369 γοντιο
559 1300 675 1355 ἐστι
706 1302 816 1372 γὰρ
843 1300 872 1351 δ
903 1299 1068 1361 αὐτὸς
1117 1299 1334 1368 Πατὴρ,
1365 1297 1490 1350 οὔτε
1531 1299 1587 1349 ὲν
1615 1297 1694 1366 τῷ
1746 1296 1900 1360 εῖδει,

333 1387 373 1460 ᾧ
405 1393 668 1461 παράγει,
695 1390 815 1443 ἐστι
840 1390 950 1461 γὰρ
977 1391 1011 1459 ἡ
1037 1390 1176 1458 αὑτὴ
1217 1390 1338 1443 θεία
1364 1389 1542 1453 ούσια,
1571 1387 1697 1441 οὗτε
1725 1389 1780 1440 ἐν
1809 1388 1902 1438 αύ-

333 1487 444 1546 τοῖς
462 1486 576 1545 τοῖς
596 1483 1022 1553 παραγομένοις,
1049 1483 1156 1534 είσὶ
1182 1480 1292 1551 γὰρ
1304 1479 1399 1533 τοῦ
1417 1479 1580 1532 αὑτοῦ
1601 1479 1775 1541 εἴδους
1803 1479 1903 1548 τῆς

335 1577 469 1644 μιᾶς
529 1575 627 1628 καλ⁸
680 1574 870 1643 κοινῆς
914 1572 1192 1642 θεότητος,
1227 1571 1353 1625 οὔτε
1414 1573 1523 1642 μὴν
1572 1569 1705 1639 ὕλης
1758 1573 1902 1634 τινος

333 1666 720 1737 θεωρουμένης
754 1666 890 1729 ἐκεῖ,
913 1663 974 1728 ἐξ
1001 1659 1067 1738 ἦς
1086 1664 1152 1718 ἂν
1175 1665 1210 1734 ἡ
1237 1665 1516 1734 διάκρισις
1537 1663 1770 1733 γένοιτο.
1795 1663 1904 1715 Καὶ

330 1759 503 1824 οὕτως
529 1761 673 1813 κατὰ
703 1760 794 1812 τὸν
827 1759 988 1828 λόγον
1024 1758 1216 1813 τοῦτον
1251 1757 1535 1821 παντελῶς
1585 1755 1901 1826 ἀναιρεθείη

2007 570 2212 624 seutia.
2263 569 2388 622 llaec
2434 567 2580 622 enim
2626 578 2708 623 est
2763 570 2996 638 species,
3041 584 3149 638 qua
3191 584 3311 637 qua:
3353 569 3420 624 ab
3453 569 3574 639 ipso

2008 661 2390 728 producuntur
2415 659 2616 714 similia
2641 659 2805 716 ﬁunt.
2841 661 3031 730 itaque
3056 671 3108 714 et
3137 661 3306 714 Filius
3350 669 3403 716 et
3453 663 3574 731 Spi-

2009 751 2149 804 ritus
2195 761 2486 820 propterea
2521 751 3019 805 consubstantiales
3050 760 3180 805 sunt
3232 750 3373 820 ipsi,
3423 752 3573 820 quod

2008 859 2170 898 omne
2195 843 2508 911 producens
2538 843 2715 898 simile
2750 845 2947 912 speciei
2975 844 3266 913 producat,
3300 859 3407 913 qua
3434 860 3567 914 pro-

2008 932 2182 986 ducit.
2213 932 2356 987 Deus
2379 943 2561 987 autem
2589 941 2644 987 et
2669 934 2850 999 Pater,
2873 935 3126 1004 producit
3149 935 3346 989 Filium
3370 944 3425 990 et
3449 935 3573 1005 Spi-

2009 1025 2176 1078 ritum
2205 1034 2452 1078 sanctum
2477 1066 2492 1090 ,
2527 1040 2624 1080 sua
2660 1025 2846 1079 divina
2871 1027 3129 1091 essentia,
3168 1035 3225 1081 et
3275 1025 3400 1080 ideo
3443 1041 3575 1079 con-

2007 1115 2401 1169 substantiales
2427 1116 2531 1170 sibi
2582 1116 2859 1186 producit.
2912 1116 2970 1171 Si
3010 1117 3180 1188 igitur
3226 1117 3376 1172 solus
3412 1118 3573 1171 Pater

2005 1206 2261 1275 producit
2316 1207 2607 1276 Spiritum,
2654 1209 2808 1278 juxta
2852 1208 3169 1278 Opinionem
3219 1223 3414 1262 eorum
3477 1208 3574 1278 qui

2008 1297 2078 1348 ita
2101 1295 2380 1349 sentiunt:
2417 1305 2545 1351 tunc
2575 1297 2724 1350 nulla
2755 1298 2864 1370 erit
2892 1297 3182 1353 distinctio
3205 1297 3333 1351 Filii
3361 1307 3417 1352 et
3444 1297 3574 1367 Spi-

2005 1385 2164 1447 ritus.
2195 1386 2349 1439 nullo
2387 1387 2692 1442 exsistente
2742 1388 3062 1444 discrimine
3086 1429 3099 1453 ,
3134 1403 3311 1459 neque
3354 1391 3410 1444 in
3443 1406 3572 1459 pro-

2005 1475 2263 1539 ducente,
2289 1485 2373 1531 est
2401 1479 2548 1532 enim
2578 1478 2719 1533 idem
2755 1480 2873 1549 ipse
2907 1481 3092 1544 Pater,
3127 1496 3309 1551 neque
3352 1481 3408 1534 in
3451 1497 3573 1551 spe—

2005 1566 2108 1632 cie,
2139 1582 2245 1636 qua
2276 1567 2573 1638 producit,
2607 1566 2728 1639 qua:
2761 1571 2890 1624 item
2927 1579 3009 1624 est
3039 1574 3227 1626 eadem
3257 1571 3442 1626 divina
3486 1587 3571 1626 es-

2003 1658 2220 1723 sentia;
2250 1673 2429 1728 neque
2474 1659 2531 1712 in
2566 1659 2702 1729 ipsis
2741 1659 3050 1729 productis,
3104 1661 3381 1730 siquidem
3441 1670 3573 1714 sunt

2005 1745 2251 1816 ejusdem
2286 1748 2513 1817 speciei,
2549 1749 2715 1822 unius
2741 1757 2796 1802 et
2827 1747 3137 1802 communis
3171 1747 3415 1801 deitatis.
3461 1747 3573 1801 Ne-

332 1853 365 1920 ἡ
407 1853 682 1923 διάκρισις
707 1852 904 1909 αὐτῶν.
956 1851 1226 1906 Λείπεται
1255 1851 1383 1921 δὴῆ
1427 1851 1489 1902 τὸ
1537 1847 1763 1918 Πνεῦμα
1808 1846 1898 1900 τοῦ

2009 1851 2116 1907 que
2142 1835 2217 1891 ibi
2250 1839 2434 1907 aliqua
2473 1838 2701 1892 materia
2740 1838 3085 1906 intelligitur,
3118 1850 3186 1890 ex
3230 1852 3337 1905 qua
3377 1837 3572 1892 distin-

330 1946 462 1999 Υίοῦ
497 1945 674 1999 αττιον
724 1939 892 2010 εἶναι,
935 1944 967 2015 ἢ
1007 1943 1102 1998 τὸν
1147 1943 1275 1997 Υίδν
1332 1942 1427 1996 τοῦ
1461 1942 1796 2012 Πνεύματος,
1851 1938 1900 1990 ει

333 2036 584 2106 μέλλοιεν
637 2034 1015 2104 διακρίνεσθαι
1071 2034 1344 2105 ἀλλήλων.
1382 2032 1545 2088 Ἀλλὰ
1579 2031 1641 2085 τὺ
1687 2029 1902 2100 πρῶτον

329 2130 431 2182 οὐχ
459 2127 607 2180 ἐστι’
630 2126 692 2180 τὸ
731 2126 988 2198 δεύτερον
1029 2125 1161 2198 ἄρα.

404 2392 522 2446 Ἔτι
553 2392 614 2446 τὺ
663 2389 977 2461 πέμπεσθαι
1012 2389 1102 2443 ἐπὶ
1133 2389 1272 2443 Θεοῦ
1317 2390 1379 2441 τὸ
1407 2387 1501 2441 ἀπ’
1534 2387 1714 2451 αἰτίας
1747 2383 1894 2442 εἶναι

324 2486 497 2556 δηλοῖ.
522 2485 632 2538 Καὶ
659 2485 866 2554 μάρτυς
888 2483 917 2534 ὁ
939 2482 1078 2546 θεῖος
1100 2481 1488 2550 Χρυσόστομος
1512 2479 1650 2547 πρὸς
1684 2479 1902 2548 ’Δρειαο

327 2578 454 2636 νοῦς
485 2575 850 2647 ἀποροῦντας,
887 2573 1007 2638 πῶς
1041 2573 1140 2643 τῆς
1171 2571 1342 2642 αὐτῆς
1374 2570 1564 2632 οὐσίας
1601 2571 1629 2622 ὁ
1665 2568 1902 2639 πέμπων

325 2671 427 2723 καὶ
461 2670 490 2722 ὁ
517 2668 892 2738 πεμπόμενος,
925 2667 982 2720 ὲν
1010 2665 1307 2736 τριακοστῇ
1343 2661 1543 2733 mam
1575 2660 1763 2731 ὁμιλίᾳ
1791 2659 1900 2714 τῶν

321 2762 472 2818 κατά
517 2760 771 2829 Ἰωάννην
801 2758 999 2825 λόγων.
1031 2757 1198 2809 Πάλιν
1232 2756 1326 2807 ἐπὶ
1353 2754 1421 2807 τά
1450 2753 1770 2824 ἀνθρώπινα
1803 2769 1902 2806 κα-

319 2854 594 2922 ταφέρεις
645 2851 735 2904 τὸν
767 2850 949 2918 λόγον,
1004 2851 1101 2902 καὶ
1151 2848 1252 2901 οὐκ
1311 2848 1538 2914 ἐννοεῖς,
1592 2846 1676 2899 ὅτι
1726 2844 1899 2897 ταῦτα

321 2935 514 3000 πάντα
543 2944 610 2998 δι’
635 2944 788 2997 οὐδὲν
821 2943 1006 3012 ἕτερον
1037 2940 1277 3012 εἴρηται,
1310 2939 1424 2994 ἀλλ’
1457 2940 1542 2992 ἵνα
1569 2939 1664 2991 καὶ
1692 2937 1783 2989 τὸν
1817 2936 1902 2990 ai-

317 3052 442 3089 τιον
470 3034 727 3105 εἰδῶμεν,
773 3035 869 3106 καὶ
893 3033 975 3096 εἰς
1002 3030 1102 3102 τὴν
1135 3030 1428 3084 Σαδελλίου
1467 3028 1542 3099 μὴ
1568 3027 1899 3082 καταπέσω-

321 3141 432 3193 μεν
463 3127 606 3179 ὅσον.
646 3123 807 3176 Ἀλλὰ
841 3124 900 3176 τὸ
944 3121 1168 3192 Πνεῦμα
1199 3121 1479 3191 πέμπεται
1529 3121 1588 3186 ἐξ
1641 3118 1770 3172 Υίοῦ
1803 3119 1898 3172 καὶ

315 3218 479 3270 ἔστιν
509 3216 617 3283 ἄρα
647 3217 706 3282 ἐξ
731 3214 921 3268 αὑτοῦ.

403 3308 549 3372 Ἐτι,
587 3309 620 3369 ἠ
673 3306 901 3376 δύναμις
932 3305 1071 3376 αὕτη
1103 3304 1195 3359 τοῦ
1245 3303 1512 3374 πέμπειν,
1548 3300 1746 3355 ἐνοῦσα
1778 3303 1896 3355 Πα-

314 3401 418 3469 cpi.
447 3401 542 3450 καὶ
573 3396 707 3466 Υιῷ,
736 3397 859 3450 καθ’
889 3397 954 3466 ἢν
984 3397 1152 3466 ἄμφω
1185 3395 1460 3464 πέμπουσι
1487 3393 1550 3446 τὸ
1581 3390 1807 3460 Πνεῦμα
1836 3389 1897 3442 τὸ

316 3494 505 3558 ἅγιον,
535 3490 610 3552 ὡς
639 3491 734 3543 καὶ
759 3489 913 3558 παρὰ
942 3489 1051 3542 τῶν
1081 3486 1371 3557 ἡμετέρων
1401 3481 1828 3554 ὁμολογεῖται,ἦ
1861 3483 1892 3550 ἡ

313 3586 467 3652 αὐτή
518 3584 661 3635 ἐστιν
690 3583 746 3634 ὲν
784 3580 958 3650 Παιιτρὶ⁵
1003 3580 1100 3632 κα)⁵
1132 3577 1271 3648 Υίῷ,
1301 3578 1333 3647 ἢ
1387 3576 1550 3646 ἑτέρα
1581 3575 1675 3627 καὶ
1707 3573 1895 3639 ἑτέρα.

327 3675 480 3729 Ἀλλ’
516 3677 566 3728 εί
601 3674 700 3745 μὲν
728 3673 890 3742 ἑτέρα
911 3671 1005 3727 καὶ
1029 3672 1212 3740 ἑτέρα,
1241 3670 1397 3724 ἔσται
1426 3667 1626 3739 δηλαδὴ
1654 3667 1748 3720 καὶ
1776 3665 1898 3735 μεί-

315 3769 438 3834 ζων
492 3767 587 3821 καὶ
635 3765 893 3828 ἐλάττων,
927 3765 1020 3819 καὶ
1051 3763 1361 3824 ἀκολούθως
1405 3762 1502 3815 καὶ
1556 3761 1612 3812 αι
1658 3757 1896 3827 πέμψεις

311 3863 595 3931 διάφοροι.
625 3855 832 3912 Οὐκοῦν
857 3855 981 3908 οὒτε
1035 3855 1133 3926 μία
1171 3854 1425 3923 δύναμις,
1458 3850 1582 3904 οὗτε
1619 3851 1715 3919 μία
1744 3849 1895 3917 ἐνέρ-

312 3973 454 4023 τεια
487 3953 666 4006 αὐτῶν
698 3951 851 4006 ἔσται
881 3965 896 3980 ⁸
921 3949 1015 4002 καὶ
1039 3947 1348 4010 ἀκολούθως
1379 3945 1653 4014 διαφόρων
1683 3943 1894 3995 ἔσονται

310 4044 525 4100 οὐσιῶν
549 4057 566 4075 ⁸
597 4035 670 4096 ὧν
718 4042 828 4112 γὰρ
864 4041 918 4093 oti
958 4039 1218 4109 δυνάμεις
1253 4037 1450 4098 ἄνισοι,
1483 4034 1579 4086 καὶ
1609 4034 1666 4085 αἱ
1714 4032 1894 4084 οὐσίαι

313 4140 532 4201 ἄνισοι,
571 4133 758 4203 ἐπειδὴ
784 4135 848 4186 ὲκ
871 4133 970 4200 τῆς
991 4131 1178 4192 οὐσίας
1207 4131 1240 4200 ἡ
1264 4129 1514 4196 δύναμις.
1543 4124 1704 4176 ’Λλλὰ
1723 4123 1899 4175 ταῦτα

314 4233 422 4284 καὶ
436 4231 612 4283 ἄτοπα
645 4227 742 4282 καὶ
773 4225 1091 4295 βλάσφημα.
1117 4222 1230 4276 Οὐκ
1252 4220 1362 4290 ἄρα
1386 4219 1548 4288 ἑτέρα
1569 4217 1665 4269 καὶ
1693 4213 1852 4283 ἑτέρα
1875 4227 1889 4244 ⁸

311 4325 350 4393 ἡ
389 4322 533 4391 αὐτὴ
583 4322 712 4390 ἄρα.
755 4317 897 4373 Ἀλλ’
943 4319 1003 4370 έν
1040 4315 1118 4383 τῷ
1151 4315 1325 4383 Πατρὶ
1369 4313 1403 4381 ἠ
1431 4310 1526 4363 τοῦ
1563 4309 1802 4378 πέμπειν
1837 4305 1898 4358 τὸ

313 4414 554 4484 Πνεῦμα
588 4413 821 4482 δύναμις
853 4410 1066 4461 σύνεστι
1090 4409 1157 4478 τῇ
1179 4405 1407 4474 δυνάμει
1435 4404 1500 4472 τῇ
1535 4401 1627 4454 τοῦ
1663 4396 1898 4468 προϐάλ-

2003 1937 2113 1992 ctio
2147 1936 2261 1989 ﬁat.
2312 1931 2493 2000 Atque
2527 1931 2601 1985 ita
2636 1929 2940 1986 secundum
2971 1933 3113 1992 hanc
3157 1929 3426 1984 rationem
3459 1944 3574 1982 om-

2003 2027 2138 2082 nino
2177 2025 2406 2081 tolletur
2447 2024 2692 2094 ipsorum
2729 2021 3034 2076 distinctio.
3073 2020 3341 2089 Superest
3386 2021 3572 2089 itaque

2001 2119 2089 2174 vel
2122 2117 2388 2187 Spiritum
2428 2129 2548 2170 esse
2582 2128 2804 2169 causam
2834 2114 2990 2179 Filii,
3026 2113 3114 2167 vel
3167 2112 3364 2166 Filium
3397 2111 3573 2181 Spiri-

2005 2218 2114 2275 tus,
2150 2209 2195 2263 si
2237 2207 2504 2275 distingui
2540 2222 2682 2260 unus
2716 2207 2783 2260 ab
2812 2207 2988 2260 altero
3018 2203 3241 2259 debeat.
3295 2203 3402 2258 Sed
3458 2203 3569 2273 pri-

2003 2314 2154 2354 mum
2189 2314 2298 2353 non
2331 2305 2436 2361 est,
2482 2297 2650 2366 igitur
2684 2296 2983 2364 posterius.

2074 2393 2346 2446 Praterea
2398 2388 2542 2442 mitti
2592 2388 2646 2440 in
2681 2386 2792 2440 Deo
2833 2400 2863 2439 a
2897 2400 3060 2440 causa
3107 2399 3228 2439 esse
3279 2382 3572 2453 signiﬁcat.

2002 2482 2185 2538 Testis
2224 2489 2310 2535 est
2359 2479 2519 2534 divus
2563 2477 3026 2547 Chrysostomus,
3079 2475 3302 2529 humilia
3351 2473 3570 2529 tricesi-

2004 2589 2091 2628 ma
2120 2588 2263 2627 nona
2298 2572 2352 2626 in
2373 2571 2641 2626 Joannem
2669 2569 2939 2625 adversus
2957 2568 3210 2632 Arianos,
3232 2578 3568 2636 quaerentes.

2002 2663 2282 2736 quomodo
2317 2663 2569 2734 ejusdem
2619 2661 2944 2716 substantias
2971 2660 3046 2714 sit
3092 2660 3339 2725 mittens,
3368 2667 3424 2714 et
3469 2659 3568 2728 qui

2003 2758 2265 2812 mittitur.
2294 2757 2510 2812 Rursus
2533 2796 2546 2818 ,
2580 2755 2784 2823 inquit,
2821 2754 2888 2808 ad
2936 2769 3026 2808 res
3057 2753 3327 2806 humanas
3363 2748 3572 2806 Sermo-

2003 2866 2129 2906 nem
2159 2848 2458 2914 convertis,
2496 2856 2552 2902 et
2589 2847 2872 2900 humiliter
2899 2845 3120 2916 abjicis.
3169 2860 3233 2898 ac
3266 2858 3375 2898 non
3407 2843 3572 2898 intel-

2001 2943 2124 3014 ligis
2157 2959 2220 2997 ea
2251 2944 2433 2996 omnia
2463 2982 2476 3006 ,
2528 2941 2734 2994 nullam
2767 2939 2838 2994 ob
2889 2939 3052 2993 aliam
3096 2954 3212 2992 rem
3245 2937 3393 2992 dicta
3427 2951 3570 2999 esse,

2001 3050 2164 3106 quam
2195 3044 2254 3088 ut
2285 3049 2506 3088 causam
2543 3047 2910 3103 agnoscamus
2938 3071 2952 3096 ,
3003 3045 3184 3100 neque
3234 3033 3290 3084 in
3335 3027 3563 3084 Sabellii

2002 3127 2258 3183 morbum
2282 3126 2627 3191 incidamus;
2671 3125 2765 3180 sed
2791 3124 3026 3196 Spiritus
3054 3123 3293 3179 mittitur
3323 3138 3350 3176 a
3387 3122 3564 3188 Filio;

1999 3220 2165 3291 igitur
2194 3219 2360 3274 etiam
2392 3227 2477 3273 est
2509 3217 2576 3271 ab
2608 3217 2753 3285 ipso.

2069 3313 2363 3377 Praeterea,
2405 3312 2489 3366 vis
2546 3311 2646 3365 ista
2679 3309 2972 3375 mittendi,
3040 3325 3162 3380 quae
3220 3310 3366 3366 inest
3417 3312 3567 3367 Patri

1997 3412 2051 3458 et
2082 3403 2238 3469 Filio,
2274 3403 2579 3458 secundum
2616 3417 2784 3471 quam
2831 3402 2994 3458 ambo
3028 3403 3255 3457 mittunt
3287 3403 3557 3471 Spiritum

1997 3505 2248 3548 sanctum
2277 3532 2292 3558 ,
2340 3493 2807 3563 quemadmodum
2853 3503 2911 3548 et
2953 3503 3229 3548 nostrates
3276 3494 3568 3559 fatentur,

1999 3589 2081 3643 vel
2129 3587 2320 3642 eadem
2354 3597 2440 3643 est
2476 3588 2530 3641 in
2580 3588 2744 3642 Patre
2799 3596 2858 3642 et
2889 3586 3048 3657 Filio,
3091 3589 3176 3643 vel
3229 3589 3334 3643 alia
3388 3599 3556 3660 atque

1997 3681 2135 3745 alia;
2169 3678 2264 3734 sed
2297 3678 2342 3733 si
2387 3678 2492 3733 alia
2519 3687 2686 3748 atque
2719 3679 2845 3746 alia,
2888 3681 2996 3736 erit
3029 3681 3242 3737 scilicet
3277 3691 3335 3734 et
3383 3683 3560 3752 major

1998 3783 2051 3829 et
2084 3773 2288 3836 minor,
2321 3780 2377 3826 et
2409 3787 2508 3841 per
2537 3773 3016 3841 consequentiam,
3066 3775 3231 3828 etiam
3267 3771 3565 3830 missihes

1999 3874 2162 3923 erunt
2193 3865 2461 3930 diversa;
2517 3863 2687 3933 igitur
2719 3879 2898 3933 neque
2932 3881 3038 3918 una
3084 3867 3165 3920 vis
3195 3879 3249 3919 et
3295 3869 3562 3934 potentia,

1999 3972 2179 4027 neque
2237 3971 2343 4009 una
2402 3956 2650 4025 ipsorum
2698 3956 2804 4009 erit
2864 3957 3136 4025 operatio.
3195 3957 3264 4011 Et
3307 3959 3439 4013 illud
3481 3970 3568 4014 est

2000 4063 2366 4119 consequens,
2393 4057 2453 4100 ut
2475 4047 2818 4102 diversarum
2850 4047 2960 4102 siut
2983 4048 3400 4114 essentiarum;
3435 4065 3569 4119 quo-

1999 4157 2121 4195 rum
2177 4139 2325 4194 enim
2373 4137 2633 4208 potentia:
2666 4145 2794 4191 sunt
2831 4136 3150 4207 inmquales,
3174 4138 3342 4192 etiam
3375 4153 3568 4194 essen-

1999 4233 2088 4287 tiae
2145 4240 2274 4285 sunt
2325 4228 2641 4296 inaequales,
2695 4227 3147 4297 quandoquidem
3191 4229 3261 4283 ab
3319 4232 3566 4286 essentia

1998 4324 2119 4378 ﬂuit
2169 4321 2437 4391 potentia.
2473 4321 2676 4375 Verum
2731 4320 2848 4375 haec
2898 4329 2953 4375 et
3006 4319 3246 4375 absurda
3303 4331 3451 4385 sunt,
3509 4332 3568 4376 et

2000 4414 2190 4483 impia,
2214 4421 2378 4480 atque
2405 4410 2741 4466 exsecranda
2768 4428 2782 4476 ;
2812 4425 2924 4465 non
2960 4425 3094 4481 ergo
3121 4411 3225 4465 alia
3259 4421 3420 4481 atque
3458 4413 3564 4468 alia

313 4508 442 4559 λειν
504 4505 636 4557 αὐτό
668 4520 682 4535 ο
736 4504 826 4556 ἀεὶ
877 4501 984 4569 γάρ
1013 4501 1040 4552 ὁ
1086 4496 1274 4568 Πατὴρ
1311 4497 1434 4548 πνεῖ
1465 4494 1526 4546 τὸ
1563 4490 1786 4560 Πνεῦμα
1837 4488 1896 4541 τὸ

2006 4516 2076 4560 est
2109 4503 2353 4575 potentia
2380 4522 2392 4557 ε
2417 4503 2584 4572 igitur
2606 4501 2820 4558 eadem.
2849 4502 2914 4556 At
2938 4517 3070 4558 vero
3092 4503 3146 4556 in
3179 4503 3340 4559 Patre
3369 4513 3565 4574 poten-

314 4601 502 4667 ἅγιον,
531 4598 626 4649 καὶ
655 4595 816 4648 πνέον
844 4593 975 4646 αὐτὸ
1005 4591 1238 4662 πέμπει.
1271 4589 1381 4642 Καὶ
1424 4589 1452 4641 ὁ
1481 4585 1609 4647 Υἱὸς
1636 4584 1746 4654 ἄρα
1777 4582 1892 4651 ἅμα

314 4695 388 4760 τῇ
420 4688 513 4741 τοῦ
550 4689 704 4741 πνεῖν
729 4687 958 4754 δυνάμει
988 4682 1086 4737 καὶ
1125 4679 1445 4751 προϐάλλων
1485 4678 1619 4732 αύτδ
1643 4674 1890 4743 πέμπει·

315 4785 425 4835 καὶ
451 4782 480 4833 ὁ
524 4779 648 4844 Υἱὸς
680 4779 788 4849 ἄρα
837 4778 934 4831 τοῦ
976 4775 1122 4829 θείου
1166 4772 1483 4843 Πνεύματός
1525 4771 1642 4822 ἐστι
1690 4764 1894 4836 προϐο·

313 4893 376 4928 ιε
387 4891 472 4936 υς.

407 5055 510 5109 Ἢν
533 5053 588 5106 δὲ
617 5053 750 5120 φασί
781 5067 925 5114 τινες
955 5047 1187 5102 ἐνταῦθα
1213 5043 1426 5114 πέμψιν
1455 5042 1488 5114 ἢ
1521 5041 1746 5112 πρόοδον
1774 5041 1892 5094 δευ-

313 5154 492 5220 τέραν
527 5151 620 5202 καὶ
655 5147 936 5218 χρονικὴν,
967 5143 1120 5196 οὐδέν
1155 5141 1212 5194 τέ
1250 5143 1390 5203 ἐστι,
1427 5138 1522 5189 καὶ
1552 5137 1783 5189 αὐτόθεν
1813 5135 1892 5204 τῷ

315 5243 714 5314 προειρημένῳ
743 5238 930 5291 λύεται
958 5236 1127 5304 λόγῳ.

393 5421 540 5492 Πρὸς
568 5419 678 5488 γὰρ
729 5419 791 5471 τὸ
849 5415 1102 5488 μηδαμοῦ
1143 5415 1242 5485 τῆς
1272 5414 1490 5484 Γραφῆς
1537 5412 1892 5483 εὑρίσκεσθαι

319 5511 527 5579 ταύτην
564 5509 661 5578 τὴν
704 5510 813 5560 τῶν
866 5507 1111 5579 προόδων
1153 5506 1400 5574 διπλόην,
1439 5505 1528 5556 ὅτε
1563 5506 1660 5556 καὶ
1710 5504 1892 5572 δῶμεν

315 5607 469 5672 ὗμως
502 5595 643 5654 εἶναι
668 5617 790 5652 τινα
817 5599 1080 5669 δευτέραν
1114 5598 1357 5667 πρόοδον,
1388 5591 1455 5668 ἧς
1484 5597 1512 5648 ὁ
1543 5597 1672 5658 Υἱὸς
1699 5613 1894 5649 κοινω-

315 5697 402 5748 νεῖ
428 5693 509 5762 τῷ
542 5693 744 5762 Πατρὶ,
777 5694 896 5745 τότε
959 5692 1174 5753 πάντως
1205 5690 1348 5742 κατὰ
1398 5689 1490 5740 τὸν
1528 5689 1746 5757 Πατέρα
1796 5689 1894 5740 καὶ

313 5786 525 5855 ὁμοίως
576 5787 750 5843 αὐτὴν
802 5785 936 5850 ἔξει.
991 5784 1154 5837 Οὐδὲν
1191 5783 1295 5854 γὰρ
1329 5782 1579 5851 ἀνόμοιον
1647 5781 1758 5832 τῶν
1817 5781 1892 5852 τῷ

2000 4597 2071 4652 tia
2130 4595 2384 4650 mittendi
2419 4593 2688 4664 Spiritum
2719 4631 2733 4658 ,
2785 4593 2949 4648 simul
3002 4600 3088 4648 est
3143 4607 3268 4647 cum
3313 4596 3561 4664 potentia

1998 4690 2176 4760 ipsum
2203 4687 2468 4758 spirandi.
2518 4687 2749 4758 Semper
2809 4687 2957 4743 enim
2998 4688 3161 4742 Pater
3210 4688 3385 4756 spirat
3429 4687 3559 4758 Spi-

1996 4783 2164 4835 ritum
2215 4787 2502 4842 sanctum,
2548 4785 2604 4832 et
2650 4777 2870 4847 spirans
2907 4792 3034 4832 eum
3069 4777 3261 4833 mittit.
3312 4778 3486 4848 Igitur
3507 4789 3564 4834 et

1994 4873 2168 4927 Filius
2203 4883 2309 4926 una
2337 4885 2458 4924 cum
2511 4870 2756 4938 potentia
2803 4870 3044 4939 spirandi
3093 4887 3220 4926 eum
3252 4873 3564 4943 producens

1995 4964 2181 5018 mittit.
2207 4963 2350 5032 Ergo
2377 4970 2434 5016 et
2461 4959 2630 5016 Filius
2657 4969 2744 5014 est
2779 4958 3018 5030 Spiritus
3039 4963 3210 5016 sancti
3236 4963 3560 5031 productor.

2065 5057 2236 5123 Quam
2267 5071 2398 5109 vero
2441 5055 2531 5109 hic
2562 5054 2803 5109 fatentur
2829 5054 3081 5108 nonnulli
3102 5054 3448 5122 missionem,
3468 5057 3558 5111 vel

1996 5147 2399 5218 processionem
2426 5147 2746 5207 Secundam.
2789 5158 2844 5202 et
2878 5161 2998 5215 qua:
3047 5147 3120 5203 sit
3157 5147 3212 5201 in
3265 5155 3554 5216 tempore:

1997 5252 2110 5295 tum
2149 5254 2212 5293 ea
2247 5238 2396 5291 nulla
2452 5247 2562 5302 εει,
2609 5247 2726 5292 tum
2759 5239 2967 5293 isthinc
3025 5239 3286 5308 pradicta
3325 5241 3560 5297 solvitur

1995 5329 2230 5384 ratione.

2065 5421 2434 5485 Praeterquam
2479 5419 2627 5473 enim
2667 5419 2814 5489 quod
2859 5435 3130 5489 nusquam
3170 5419 3223 5473 in
3275 5419 3556 5491 Scriptura

1995 5510 2279 5565 invenitur
2313 5510 2428 5564 haec
2455 5510 2657 5580 duplex
2697 5513 3000 5580 processio,
3029 5521 3091 5565 ut
3117 5513 3227 5582 jam
3267 5514 3340 5566 sit
3376 5526 3557 5567 tamen
3664 5531 3682 5544 υ

1994 5600 2242 5671 qumdam
2315 5601 2556 5655 secunda
2618 5603 2936 5668 processio,
3000 5617 3163 5670 quam
3219 5616 3344 5655 cum
3393 5602 3560 5656 Patre

1995 5709 2342 5748 communem
2380 5695 2484 5747 sibi
2515 5694 2712 5746 habeat
2759 5693 2950 5758 Filius,
2990 5707 3118 5749 tunc
3151 5695 3374 5748 omnino
3402 5695 3556 5765 juxta

1997 5786 2217 5839 Patrem
2253 5797 2415 5854 atque
2466 5786 2722 5842 similiter
2773 5802 2894 5844 eam
2935 5787 3183 5846 habebit.
3230 5785 3381 5843 Nihil
3407 5787 3558 5841 enim
