3966 6218
391 337 521 400 319.

1337 328 1842 392 BESSARIONIS
1891 330 1950 394 S.
1993 329 2062 392 Β.
2101 329 2167 390 Ε.
2212 327 2672 390 CARDINALIS

3521 328 3626 392 381)

389 460 476 503 est
515 461 708 502 eorum
741 443 1030 508 dissimile,
1077 455 1198 512 quae
1229 440 1422 496 insunt
1451 443 1767 497 communia
1803 441 1950 496 Patri

2067 443 2233 514 Πατρὶ
2262 442 2360 496 καὶ
2395 443 2512 513 Υἱῷ
2537 443 2850 512 προσόντων
2879 441 3093 494 κοινῶν.
3141 439 3200 492 '0
3223 439 3280 494 δὲ
3311 442 3505 515 Πατὴρ
3529 445 3628 512 τὴν

388 555 454 593 ac
483 537 644 593 Filio.
666 539 825 594 Pater
849 547 1032 590 autem
1069 533 1326 588 mittendi
1352 534 1654 603 potentiam
1687 549 1796 589 una
1825 548 1949 588 eum

390 625 727 694 producendi
781 624 969 687 habet,
1006 632 1073 690 ,ιιι
1111 622 1321 677 dictum
1361 631 1449 678 est
1485 641 1499 676 :
1547 623 1716 692 igitur
1753 631 1810 678 et
1860 624 1951 679 Fi-

388 718 497 772 lius
532 731 654 770 eum
688 714 1027 783 producendi
1069 715 1311 783 patentia
1350 729 1469 768 eam
1515 715 1761 770 habebit.

459 809 758 873 Praeterea,
791 807 936 876 quod
975 806 1210 884 alicujus
1241 814 1324 861 est
1375 814 1595 870 natura,
1648 814 1735 861 est
1781 806 1947 863 etiam

391 913 457 951 cx
483 897 600 966 ipso
627 896 930 951 secundum
965 896 1070 952 hoc
1100 895 1244 965 quod
1277 894 1482 950 dicitur
1511 895 1634 965 ejus
1663 909 1802 950 esse.
1829 893 1954 964 Spi-

390 989 534 1043 ritus
567 997 750 1042 autem
793 997 1020 1042 sanctus
1052 999 1137 1042 est
1180 985 1326 1050 Filii,
1363 998 1418 1042 et
1450 986 1679 1041 omnino
1733 996 1956 1040 natura-

385 1079 516 1134 liter
541 1096 554 1146 ;
599 1095 708 1134 non
737 1079 886 1133 cnim
919 1087 1116 1148 praeter
1144 1088 1422 1142 naturam,
1447 1092 1626 1146 neque
1655 1084 1714 1131 ut
1738 1091 1953 1132 servus.

388 1171 486 1225 Est
522 1171 685 1241 igitur
716 1170 958 1238 Spiritus
991 1179 1239 1231 sanctus,
1269 1178 1544 1238 quatenus
1570 1168 1810 1237 Spiritus
1832 1183 1956 1223 san-

389 1271 532 1323 ctus,
576 1261 679 1316 hoc
711 1269 797 1316 est
827 1269 1104 1332 quatenus
1136 1272 1224 1316 est
1251 1260 1440 1314 divina
1470 1274 1710 1328 persona
1745 1259 1798 1314 iu
1830 1259 1955 1314 Tri-

387 1353 583 1417 nitate,
611 1367 676 1406 ex
707 1352 871 1406 Filio.
989 1423 994 1429 _

458 1443 726 1498 Praeterea
761 1443 1002 1513 Spiritus
1040 1453 1266 1496 sanctus
1295 1451 1379 1496 est
1413 1443 1733 1505 relativum,
1760 1452 1818 1498 et
1845 1459 1957 1498 ma-

305 1549 315 1584 ;
389 1533 652 1588 nifestum
677 1544 784 1599 est,
820 1532 967 1602 quod
1013 1532 1235 1588 dicatur
1267 1532 1506 1603 Spiritus
1542 1534 1739 1596 Patris.
1777 1533 1956 1601 Spiri-

391 1634 480 1680 tus
506 1625 632 1681 Filii
666 1645 679 1680 :
716 1627 761 1682 si
809 1627 956 1681 enim
998 1635 1149 1680 esset
1183 1625 1521 1690 absolutum,
1559 1641 1666 1679 non
1725 1626 1960 1694 alicujus

391 1718 692 1774 diceretur.
722 1718 914 1786 Neque
939 1717 1086 1770 enim
1120 1716 1409 1786 proprium
1435 1726 1521 1769 cst
1549 1715 1954 1778 absolutorum,

390 1811 698 1866 secundum
728 1809 1122 1880 signiﬁcatum,
1143 1807 1289 1878 quod
1316 1807 1507 1861 subest
1531 1809 1740 1861 nomini
1769 1847 1784 1870 ,
1824 1807 1955 1862 alte-
1989 1793 2036 1852 Β

389 1902 506 1956 rius
532 1902 641 1957 dici
663 1942 679 1968 ,
713 1902 816 1956 nisi
863 1900 1110 1970 profecto
1141 1899 1445 1954 secundum
1477 1902 1771 1967 quamdam
1796 1899 1957 1954 aliam

389 1993 750 2060 relationem;
788 1993 932 2048 sicut
961 1993 1123 2046 homo
1145 2030 1161 2056 ,
1200 2007 1322 2044 cum
1353 1993 1426 2044 sit
1477 1990 1812 2056 absolutum,
1847 2006 1956 2045 non

389 2086 595 2140 dicitur
621 2085 856 2156 alicujus
885 2085 1048 2138 homo
1071 2125 1086 2148 ,
1120 2081 1216 2138 sed
1246 2081 1481 2151 alicujus
1510 2098 1724 2137 servus.
1760 2082 1956 2137 Verum

391 2175 630 2245 Spiritus
657 2174 958 2230 secundum
988 2173 1358 2243 significatum
1390 2211 1406 2236 .
1452 2172 1597 2242 quod
1625 2172 1820 2229 subest
1851 2174 1956 2243 ipsi

390 2270 624 2332 nomini,
661 2269 868 2322 dicitur
901 2267 1144 2337 Spiritus
1179 2265 1324 2330 Filii,
1371 2265 1517 2320 sicut
1547 2275 1601 2320 et
1629 2266 1834 2332 Patris;
1871 2275 1958 2321 est

388 2361 558 2431 igitur
594 2359 910 2425 relativum,
953 2367 1010 2412 et
1059 2373 1154 2426 per
1202 2371 1550 2427 consequens
1602 2356 1841 2411 refertur
1888 2356 1956 2410 ad

389 2455 720 2526 Spirantem.
769 2451 867 2506 Est
894 2464 1022 2519 ergo
1057 2448 1302 2518 Spiritus
1326 2448 1507 2503 Patris
1539 2457 1595 2501 et
1624 2446 1787 2512 Filii,
1839 2458 1957 2502 tau.

389 2561 554 2617 quam
589 2546 770 2614 ipsum
808 2542 1136 2612 spirantium
1181 2549 1238 2594 et
1277 2540 1721 2609 producentium.

461 2637 754 2706 Propterea
787 2634 1029 2704 Spiritus
1074 2633 1248 2686 sancti
1282 2631 1458 2699 ipsius
1508 2632 1669 2685 unius
1706 2646 1957 2700 personae

390 2727 677 2782 Trinitatis
715 2725 1000 2796 proprium
1035 2732 1122 2779 est
1147 2764 1162 2790 ,
1200 2722 1312 2777 dici
1353 2721 1620 2790 Spiritum
1677 2732 1953 2777 sanctum.

389 2819 651 2892 Ejusdem
689 2825 872 2872 autem
903 2826 990 2872 est
1021 2816 1186 2870 etiam
1219 2814 1518 2884 peculiare,
1550 2813 1660 2868 dici
1683 2829 1806 2868 esse
1831 2829 1958 2884 pro-

390 2913 638 2976 ductum,
681 2925 778 2965 seu
826 2908 882 2964 id
922 2909 1069 2978 quod
1107 2907 1456 2977 producitur.
1494 2906 1640 2962 idem
1691 2921 1822 2976 ergo
1869 2915 1956 2960 est

393 3007 501 3062 dici
531 3020 651 3061 esse
679 3005 1028 3076 productum,
1056 3011 1112 3056 et
1143 2999 1429 3070 Spiritum.
1459 2999 1651 3069 Igitur,
1684 3000 1842 3068 cujus
1871 3008 1958 3055 est

393 3096 672 3166 Spiritus,
710 3095 876 3166 hujus
913 3093 1079 3148 etiam
1136 3101 1224 3147 est
1273 3091 1354 3156 id,
1402 3089 1549 3160 quod
1600 3091 1953 3162 producitur.

394 3189 502 3244 Sed
533 3197 698 3243 estet
745 3187 948 3242 dicitur
982 3185 1225 3255 Spiritus
1270 3183 1415 3246 Filii,
1464 3185 1606 3238 sicut
1638 3193 1693 3240 et
1737 3185 1954 3241 Patris:

389 3293 522 3349 ergo
544 3286 601 3331 et
623 3277 745 3332 Filii
778 3285 862 3332 est
895 3276 948 3330 id
975 3275 1119 3348 quod
1146 3273 1494 3346 producitur,
1519 3274 1659 3328 sicut
1683 3285 1738 3330 et
1761 3273 1955 3330 Patris.

465 3391 524 3446 Si
550 3392 676 3461 quis
705 3405 837 3446 vero
870 3390 1035 3451 dicat,
1059 3389 1182 3444 ideo
1216 3388 1482 3456 Spiritum
1507 3386 1614 3441 dici
1642 3387 1786 3452 Filii,
1807 3388 1956 3457 quod

388 3484 459 3540 ab
485 3485 603 3555 ipso
634 3486 907 3549 mittatur,
941 3483 1165 3537 fallitur.

459 3658 808 3713 Contrarium
835 3658 983 3712 enim
1014 3657 1196 3726 potius
1217 3665 1332 3721 est;
1361 3672 1579 3726 semper
1601 3656 1748 3711 enim
1771 3657 1956 3726 priora

389 3756 529 3806 Sili.
573 3764 751 3802 causa:
809 3745 1199 3817 posteriorum.
1241 3746 1402 3800 Prius
1457 3756 1641 3801 autem
1698 3756 1781 3800 est
1833 3763 1958 3800 esse

393 3841 657 3911 Spiritum
708 3839 832 3894 Filii
882 3839 1172 3908 Spiritum,
1201 3839 1344 3895 mitti
1378 3853 1509 3890 Vero
1546 3846 1627 3891 est
1659 3839 1954 3906 posterius.

393 3932 520 3986 S.ve
554 3933 698 3986 enim
741 3932 882 3986 hanc
920 3931 1259 3994 missionem,
1314 3945 1436 3999 qua:
1483 3927 1543 3981 lit
1603 3928 1657 3982 in
1711 3937 1954 3996 tempore

388 4023 657 4094 accipias,
718 4025 993 4093 posterior
1029 4031 1134 4083 est,
1190 4022 1310 4075 sine
1355 4021 1546 4085 dubio,
1589 4034 1656 4074 co
1693 4019 1842 4089 quod
1873 4028 1957 4074 est

387 4132 508 4172 esse
557 4115 824 4185 Spiritum
861 4114 1007 4179 Filii,
1048 4112 1198 4182 quod
1246 4121 1331 4167 est
1362 4112 1793 4181 sempiternum:
1829 4111 1946 4166 sive

387 4219 650 4264 aeternam
680 4207 996 4262 missionem
1027 4203 1327 4274 intelligas,
1367 4213 1423 4258 et
1453 4203 1555 4258 hoc
1594 4203 1755 4258 modo
1785 4203 1953 4256 etiam

387 4316 512 4358 esse
566 4300 831 4372 Spiritum
897 4296 1018 4352 Filii
1076 4297 1368 4366 Spiritum,
1426 4303 1608 4349 mente
1660 4303 1716 4350 et
1749 4294 1954 4364 cogita-

388 4397 538 4448 tione
577 4391 882 4447 antecedit.
933 4390 1074 4452 Quia
1117 4403 1240 4444 esse
1291 4387 1564 4458 Spiritqu
1607 4385 1730 4441 Filii
1773 4384 1952 4455 Spiri~

2056 535 2149 588 τοῦ
2180 534 2429 605 πέμπειν
2458 534 2690 604 δύναμιν
2725 535 2862 603 μετὰ
2907 533 3001 585 τοῦ
3033 530 3358 600 προϐάλλειν
3383 534 3518 603 ἔχει,
3551 536 3626 597 ὡς

2055 623 2294 695 εἴρηται.
2325 625 2436 678 Καὶ
2460 625 2489 678 ό
2519 623 2779 694 Υἱὸςᾶρα
2811 623 2948 694 μετὰ
2980 621 3076 676 τοῦ
3101 623 3430 690 προϐάλλειν
3459 627 3624 695 αὐτὴν

2050 716 2190 781 ἕξει.

2129 807 2251 860 Ἐτι
2284 807 2312 860 ὃ
2342 807 2486 871 τινός
2517 808 2633 860 ἐστι
2665 805 2868 877 κφύσει,
2904 806 3000 861 καὶ
3033 805 3092 871 ἐξ
3125 805 3292 859 αὑτοῦ
3325 808 3442 861 ἐστι
3483 807 3623 862 κατὰ

2053 892 2211 950 τοῦτο
2261 897 2292 950 ὃ
2344 897 2558 950 ἐκείνου
2616 897 2836 964 λέγεται
2886 892 3047 951 εἶναι.
3103 895 3179 951 Τὸ
3220 897 3277 950 δὲ
3319 897 3544 966 Πνεῦμα
3567 897 3627 949 τὸ

2053 988 2211 1056 ἅγιόν
2240 990 2356 1042 ἐστι
2413 989 2509 1042 τοῦ
2561 989 2718 1053 Υἱοῦ,
2771 991 2867 1042 καὶ
2905 991 3124 1053 πάντως
3162 987 3321 1055 φύσει
3347 1001 3362 1017 ⁶
3422 989 3485 1040 οὐ
3520 989 3627 1058 γὰρ

2055 1081 2208 1152 παρὰ
2238 1081 2402 1151 φύσιν
2424 1099 2440 1115 ο
2469 1082 2592 1136 οὐδὲ
2616 1083 2690 1146 ὡς
2720 1081 2926 1136 δοῦλον.
2965 1083 3156 1135 Ἔστιν
3180 1082 3288 1150 ἄρα
3310 1081 3372 1134 τὸ
3401 1081 3628 1149 Πνεῦμα

2055 1174 2114 1228 τὸ
2141 1173 2318 1242 ἅγιον,
2354 1168 2388 1248 ᾖ
2426 1174 2652 1244 Πνεῦμα
2693 1174 2871 1242 ἅγιον,
2901 1173 3182 1226 τουτέστιν
3213 1167 3245 1245 ᾗ
3278 1172 3422 1226 θεῖον
3453 1173 3629 1244 πρόσ-

2054 1282 2207 1318 ωπον
2233 1267 2292 1320 ὲν
2319 1269 2390 1337 τῇ
2425 1265 2642 1336 Τριάδι,
2673 1267 2741 1320 ἐκ
2778 1264 2874 1320 τοῦ
2905 1265 3057 1320 Υἱοῦ.

2129 1447 2253 1500 Ἔτι
2293 1446 2354 1499 τὸ
2384 1445 2611 1516 Πνεῦμα
2643 1446 2704 1499 τὸ
2749 1447 2907 1513 ἅγιόν
2958 1448 3108 1499 ἐστιν
3155 1444 3509 1516 ἀναφορινδν,
3536 1449 3630 1501 καὶ

2055 1539 2212 1606 δῆλον
2255 1541 2340 1594 ὅτι
2407 1539 2626 1608 λέγεται
2662 1539 2891 1608 Πνεῦμα
2936 1538 3170 1607 Πατρὸς,
3205 1533 3428 1608 Πνεῦμα
3451 1537 3580 1590 Υἱοῦ
3607 1553 3624 1570 ο

2056 1631 2105 1683 εἰ
2130 1632 2237 1701 γὰρ
2266 1627 2333 1701 ἦν
2369 1631 2480 1685 τῶν
2515 1629 2961 1700 ἀπολελυμένων,
2993 1631 3093 1683 οὐκ
3123 1630 3191 1684 ἂν
3220 1630 3438 1699 ὲλέγετό
3461 1648 3618 1693 τινος.

2059 1723 2194 1776 Οὐδὲ
2224 1724 2332 1792 γὰρ
2365 1721 2474 1777 τῶν
2503 1721 2954 1792 ἀπολελυμένων,
2985 1723 3127 1775 κατὰ
3170 1721 3230 1774 τὸ
3263 1721 3371 1774 ὑπὸ
3394 1719 3488 1774 τοῦ
3511 1720 3623 1772 ὀνό-

2066 1833 2235 1884 ματος
2289 1815 2710 1885 σημαινόμενον,
2741 1815 2932 1886 ἐτέρου
2981 1811 3257 1882 λέγεσθαι,
3297 1813 3414 1867 ἀλλ’
3444 1813 3477 1881 ἢ
3521 1813 3627 1880 ἄρα

2059 1908 2205 1964 κλιτά
2235 1924 2359 1961 τινα
2389 1907 2554 1978 ἄλλην
2589 1907 2780 1976 σχέσιν
2802 1920 2818 1936 °
2848 1905 3040 1974 ὥσπερ
3074 1906 3103 1957 ό
3150 1903 3460 1974 ἄνθρωπος,
3495 1905 3629 1957 ἁπο-

2059 1997 2351 2067 λεὶυμένον
2408 1999 2490 2065 ὃν,
2524 1999 2584 2052 οὐ
2647 1999 2866 2070 λέγεται
2921 1998 3069 2062 τινὸς
3127 1997 3438 2068 ἄνθρωπος,
3492 1995 3630 2049 ἀλλὰ

2059 2089 2206 2151 τινὸς
2233 2088 2419 2152 δοῦλος
2439 2105 2454 2118 ’
2486 2089 2624 2143 ἀλλὰ
2653 2089 2714 2142 τὸ
2750 2089 2978 2158 Πνεῦμα
3026 2089 3166 2143 κατᾶ
3194 2089 3255 2141 τὸ
3293 2088 3624 2157 σημαινόμεε

2059 2200 2150 2235 νον
2191 2183 2281 2236 ὑπ’
2317 2183 2483 2235 αὐτοῦ
2513 2180 2607 2236 τοῦ
2655 2183 2921 2253 ὀνόματος
2965 2182 3185 2251 λέγεται
3217 2181 3441 2252 Πνεῦμα.
3471 2181 3624 2245 Υἱοῦ,

2059 2273 2249 2345 ὥσπερ
2277 2275 2373 2328 καὶ
2405 2276 2620 2346 Πατρός
2645 2292 2659 2306 ·
2689 2277 2838 2329 ἐστιν
2862 2279 2972 2347 ἄρα
2995 2275 3350 2348 ἀναφορικδν,
3381 2276 3473 2330 καὶ
3499 2276 3630 2329 dato-

2060 2365 2266 2428 λούθως
2299 2367 2634 2437 ἀναφέρεται
2687 2366 2824 2436 πρὸς
2862 2366 2957 2420 τὸν
3002 2366 3254 2421 πνέοντα.
3293 2367 3482 2419 Ἔστιν
3519 2366 3627 2438 ἄρα

2061 2457 2285 2526 Πνεῦμα
2317 2457 2449 2510 Υἱοῦ
2493 2459 2587 2511 καὶ
2614 2459 2849 2528 Πατρός,
2896 2457 2972 2522 ὡς
3021 2458 3315 2524 πνεόντων,
3367 2459 3462 2511 καί
3489 2475 3630 2528 προ-

2058 2549 2366 2603 ϐαλλόντων
2393 2550 2550 2606 αὑτό.

2134 2642 2280 2708 Ἔτι,
2329 2640 2424 2695 τοῦ
2456 2641 2614 2709 ἁγίου
2660 2640 3004 2710 Πνεῦματος,
3040 2641 3206 2694 αὐτοῦ
3235 2640 3329 2694 τοῦ
3379 2642 3497 2705 ἑνὸς
3525 2642 3628 2710 τῆς

2058 2731 2311 2803 Τριάὁος,
2347 2733 2480 2786 ἴδιόν
2499 2736 2620 2786 ἐστι
2654 2733 2716 2786 τὸ
2759 2733 3018 2801 λέγεσθαι
3048 2734 3202 2800 ἄτιον
3238 2733 3482 2804 Πνεῦμα.
3517 2734 3627 2788 Τοῦ

2058 2827 2102 2879 δ’
2128 2826 2294 2878 αὑτοῦ
2322 2827 2469 2882 ἐστιν
2497 2827 2630 2879 ῐόιον
2660 2826 2754 2879 καὶ
2776 2825 2835 2879 τὸ
2865 2825 3122 2893 λέγεσθαι
3147 2824 3458 2896 πρόϐλημα.
3485 2825 3628 2880 Ταυ-

2056 2918 2151 2972 ⁴«τὸν
2181 2917 2291 2988 ἄρα
2321 2918 2438 2970 ἐστὶ
2495 2918 2790 2989 πρόϐλημα
2832 2917 3088 2985 λέγεσθαι
3131 2919 3225 2969 καὶ
3265 2915 3506 2986 Πνεῦμα.
3547 2910 3628 2972 Οὗ

2059 3011 2170 3082 ἄρα
2193 3013 2313 3064 ἐστὶ
2339 3011 2588 3081 Πνεῦμα,
2619 3013 2814 3064 τούτου
2841 3011 2961 3064 ἐστὶ
2994 3011 3092 3064 καὶ
3117 3010 3429 3080 πρόϐλημα.
3463 3011 3629 3064 Ἀλλὰ

2059 3103 2155 3157 τοῦ
2190 3103 2323 3156 Υἱοῦ
2352 3105 2469 3158 ἐστι
2503 3103 2750 3172 Πνεῦμα,
2781 3103 2876 3155 καὶ
2909 3102 3154 3170 λέγεται,
3186 3101 3378 3173 ὥσπερ
3405 3103 3498 3154 καλ⁸
3525 3101 3622 3155 τοῦ

2063 3195 2301 3266 Πατρός.
2350 3196 2461 3249 Καὶ
2485 3194 2578 3248 τοῦ
2623 3193 2753 3246 Υἱοῦ
2787 3192 2895 3258 ἄρα
2932 3193 3048 3246 ἐστὶ
3083 3191 3402 3263 πρόϐλημα,
3437 3191 3628 3262 ὥσπερ

2063 3283 2156 3336 καὶ
2185 3281 2279 3336 τοῦ
2311 3283 2547 3355 Πατρός.

2136 3378 2200 3431 Εἰ
2244 3377 2302 3430 δέ
2345 3395 2432 3440 τις
2473 3377 2633 3446 φαίη,
2676 3377 2764 3432 διὰ
2793 3376 2854 3429 τὸ
2884 3375 3200 3445 πέμπεσθαι
3223 3375 3284 3428 τὸ
3313 3375 3536 3445 Πνεῦμα
3568 3375 3630 3440 ἐξ

2061 3467 2217 3534 Υἱοῦ,
2242 3468 2332 3521 διὰ
2354 3467 2511 3528 τοῦτο
2539 3471 2634 3522 καὶ
2665 3467 2890 3536 Πνεῦμα
2911 3466 3078 3521 αὐτοῦ
3109 3467 3390 3535 λέγεσθαι,
3429 3467 3630 3537 ψευδὴς

2061 3559 2090 3612 ὁ
2121 3559 2302 3628 λόγος.

2131 3653 2205 3706 Τὸ
2262 3652 2370 3723 γὰρ
2406 3652 2699 3707 ..ἀνάπαλιν
2753 3652 2955 3724 μᾶλλόν
3009 3653 3180 3706 ἐστιν.
3231 3651 3343 3704 Ἀεὶ
3396 3652 3504 3721 γὰρ
3557 3654 3628 3706 τὰ

2061 3746 2307 3814 πρότερα
2349 3744 2458 3797 τῶν
2491 3744 2738 3815 ὑστέρων
2783 3745 2922 3797 εἰσὶν
2967 3744 3142 3798 αἴτια.
3185 3745 3456 3814 Πρότερον
3480 3745 3538 3797 δὲ
3567 3746 3635 3798 τὸ

2060 3834 2200 3889 εἶναι
2230 3835 2290 3889 τὸ
2319 3836 2543 3907 Πνεῦμα
2569 3836 2662 3890 τοῦ
2695 3836 2824 3889 Υἱοῦ
2851 3836 3100 3907 Πνεῦμα,
3129 3838 3190 3890 τὸ
3215 3838 3271 3890 δὲ
3309 3837 3630 3907 πέμπεσθαι

2061 3929 2333 3998 ὕστερον·
2389 3930 2502 3981 εἴτε
2549 3929 2658 3998 γὰρ
2699 3930 2799 3998 τὴν
2852 3931 3112 4000 χρονικὴν
3161 3929 3369 4000 ταύτην
3419 3928 3636 3998 πέμψεν

2057 4016 2267 4082 λάϐοις,
2303 4019 2506 4087 ὑστέρα
2537 4020 2685 4073 ἐστὶν
2735 4019 3126 4089 ἀναμφιϐόλως
3174 4020 3268 4073 τοῦ
3303 4020 3366 4073 τὸ
3405 4019 3634 4089 Πνεῦμα

2067 4110 2295 4178 Πνεῦμα
2345 4109 2487 4164 εἶναι
2519 4110 2689 4184 Υἱοῦ,
2739 4112 2878 4180 ὅπερ
2927 4113 3078 4166 ἐστὶν
3122 4112 3293 4166 ἀΐδιον
3319 4125 3336 4140 °
3382 4110 3493 4163 εἴτε
3528 4112 3636 4180 τὴν

2060 4205 2233 4258 ἀΐδιον
2285 4205 2496 4275 πέμψιν
2547 4207 2792 4275 νοήσαις,
2844 4207 2938 4258 καὶ
2981 4204 3154 4266 οὕτως
3203 4204 3416 4273 ἐπινοίᾳ.
3462 4219 3639 4272 προη-

2057 4298 2231 4365 γεῖται
2261 4298 2323 4349 τὸ
2369 4293 2509 4350 εἶναι
2557 4296 2616 4350 τὸ
2645 4297 2872 4367 Πνεῦμα
2926 4295 3154 4364 Πνεῦμα
3194 4295 3347 4348 Υἱοῦ.
3394 4295 3540 4347 Διότι
3569 4295 3636 4346 τὸ

2060 4388 2157 4458 μὲν
2187 4383 2326 4442 εἶναι
2372 4389 2434 4442 τὸ
2466 4388 2691 4457 Πνεῦμα
2741 4387 2972 4458 Πνεῦμα
3011 4388 3177 4441 αὐτοῦ
3220 4391 3425 4440 νοεῖται
3455 4387 3529 4449 ὡς
3566 4386 3635 4438 τὸ

346 4517 351 4523 -
386 4500 500 4542 tum
535 4526 551 4550 ,
602 4485 932 4553 intelligitur
963 4493 1224 4553 tanquam
1262 4481 1490 4543 habere,
1555 4479 1775 4532 mittere
1817 4491 1948 4530 vero

2067 4479 2206 4549 ἔχειν
2231 4493 2247 4509 ’
2280 4481 2341 4534 τὸ
2369 4481 2426 4534 δὲ
2461 4481 2706 4551 πέμπειν
2741 4481 2817 4542 ὡς
2858 4479 3078 4535 διδόναι.
3132 4481 3542 4550 Προεπινοεῖται
3569 4477 3636 4530 δὲ

387 4591 646 4649 tanquam
687 4577 843 4633 dare.
887 4576 1102 4631 Habere
1167 4582 1354 4629 autem
1403 4568 1843 4642 prmintelligitur
1875 4568 1949 4634 ei,

386 4670 535 4740 quod
563 4678 648 4726 est
686 4669 837 4725 dare.
882 4670 1066 4734 Quare
1099 4666 1284 4736 potius
1327 4664 1618 4719 nobiscum
1673 4661 1806 4715 facit
1850 4662 1950 4716 ista

388 4765 548 4820 ratio.
573 4763 712 4830 Quia
737 4763 886 4817 enim
916 4759 1246 4815 naturaliter
1269 4766 1353 4812 est
1371 4757 1490 4826 ejus
1516 4753 1779 4824 Spiritus,
1796 4761 1954 4807 natu-

384 4857 574 4912 raliter
600 4856 768 4912 etiam
796 4869 924 4908 eum
957 4853 1148 4907 mittit.
1179 4848 1458 4906 Naturalis
1488 4863 1619 4902 vero
1665 4846 1721 4900 in
1751 4846 1954 4900 divinis

384 4949 676 5019 productio
701 4987 716 5014 ,
753 4962 879 5002 cum
914 4945 1001 5001 vel
1033 4941 1334 4999 secundum
1367 4939 1775 5010 generationem
1805 4977 1820 5003 ,
1865 4937 1951 4992 Vel

384 5041 797 5112 processionem
855 5036 1104 5101 exsistat,
1194 5034 1454 5102 quoniam
1515 5030 1632 5084 [nec
1689 5044 1798 5082 non
1868 5035 1954 5081 est

387 5133 691 5186 secundum
729 5129 1164 5200 generationem,
1194 5123 1298 5178 erit
1323 5137 1455 5192 ergo
1487 5120 1786 5175 secundum
1821 5133 1951 5189 pro-

386 5225 720 5279 cessionem.
747 5222 927 5292 Atque
971 5220 1046 5274 ita
1087 5216 1280 5273 missio
1325 5212 1563 5284 Spiritus
1590 5226 1659 5267 ex
1695 5209 1838 5264 Filio
1867 5217 1955 5265 est

387 5318 507 5387 ejus
533 5315 602 5370 ab
630 5315 750 5383 ipso
782 5311 1086 5382 processio.

460 5407 728 5462 Praterea
774 5403 1014 5476 Spiritus
1055 5410 1279 5458 sanctus
1309 5398 1515 5468 accipit
1545 5411 1574 5451 a
1617 5395 1756 5451 Filio
1789 5412 1804 5448 :
1852 5394 1956 5449 Ille

388 5502 556 5566 enim,
585 5499 786 5569 inquit,
819 5499 880 5552 de
907 5512 1020 5552 meo
1051 5495 1293 5564 accipiet.
1331 5491 1488 5558 Quod
1518 5497 1699 5543 autem
1732 5487 1951 5557 accipit,

393 5601 480 5646 est
515 5592 635 5660 ejus
665 5590 925 5645 essentia.
947 5577 1136 5658 Neque
1163 5586 1306 5642 enim
1334 5582 1481 5638 aliud
1508 5589 1591 5636 cst
1621 5581 1739 5652 ejus
1765 5594 1956 5635 essen-

393 5685 492 5745 tia,
522 5682 667 5735 aliud
702 5697 836 5736 vero
867 5683 1010 5750 quod
1043 5680 1266 5748 accipit,
1287 5687 1436 5734 certe
1466 5674 1613 5728 enim
1639 5682 1784 5726 esset
1811 5685 1959 5726 enm-

390 5773 623 5840 positus.
677 5774 842 5842 Atqui
889 5773 944 5828 in
980 5786 1191 5828 summa
1233 5767 1609 5839 simplicitatis
1653 5763 1960 5819 eminentia

2052 4572 2146 4626 τοῦ
2174 4571 2379 4626 διδόναι
2411 4571 2472 4625 τὸ
2493 4571 2662 4643 ἔχειν.
2696 4573 2863 4625 Ὥστε
2901 4572 3104 4642 μᾶλλον
3139 4572 3275 4642 πρὸς
3307 4571 3463 4641 ἡμῶν
3491 4573 3520 4622 ὁ
3543 4569 3634 4621 λό-

2053 4682 2172 4733 γος.
2201 4666 2348 4719 Διότι
2394 4666 2507 4735 γὰρ
2556 4666 2722 4734 φύσει
2759 4665 2911 4718 ἐστὶν
2967 4664 3140 4718 αὑτοῦ
3189 4663 3436 4731 Πνεῦμα,
3468 4661 3637 4731 φύσει

2053 4757 2186 4810 αὐτὸ
2217 4743 2447 4828 πέμπει.
2481 4759 2592 4827 Τῆς
2615 4756 2671 4811 δὲ
2698 4758 2934 4827 φυσικῆς
2967 4759 3024 4811 ἐν
3061 4759 3176 4819 τοῖς
3208 4756 3375 4818 θείοις
3400 4754 3635 4824 προόδου

2053 4848 2086 4917 ἢ
2140 4851 2282 4902 κατὰ
2321 4850 2600 4919 γέννησιν,
2655 4848 2851 4918 ῆκατ’
2904 4849 3233 4917 ὲκπόρευσιν
3286 4845 3475 4913 οῦσης,
3510 4845 3637 4894 ἐπεὶ

2054 4939 2196 5008 αῦτη
2234 4938 2310 5010 μὴ
2343 4939 2459 4992 ἐστι
2499 4941 2642 4993 κατὰ
2668 4939 2945 5010 γέννησιν,
2983 4940 3129 4992 ἔστιν
3163 4941 3271 5007 ἄρα
3322 4938 3442 4991 κατ’
3467 4937 3639 4990 ἐκπό-

2059 5049 2261 5103 ρευσιν.
2292 5031 2404 5085 Καὶ
2431 5031 2606 5095 οὕτως
2653 5033 2687 5103 ἡ
2729 5034 2788 5098 ἐξ
2819 5032 2952 5084 Υἱοῦ
2985 5031 3080 5084 τοῦ
3133 5033 3455 5100 Πνεῦματος
3489 5031 3636 5096 πέμ-

2055 5127 2149 5195 ψις
2185 5125 2333 5178 ἐστὶν
2367 5124 2696 5196 ὲκπόρευσις
2727 5123 2895 5179 αὑτοῦ
2929 5124 2988 5190 ἐξ
3022 5123 3215 5177 αὑτοῦ.

2134 5395 2254 5447 Ἔτι
2278 5397 2340 5445 τὸ
2366 5390 2588 5463 Πνεῦμα
2613 5389 2676 5443 τὸ
2700 5389 2855 5458 ἆγιον
2884 5387 3154 5459 λαμϐάνει
3177 5389 3330 5460 παρὰ
3349 5387 3444 5440 τοῦ
3477 5385 3635 5444 Υἱοῦ.

2070 5487 2331 5552 Ἐκεῖνος
2357 5485 2466 5555 γάρ
2496 5501 2687 5555 φησιν,
2725 5482 2826 5537 Ἐκ
2860 5481 2967 5537 τοῦ
2995 5482 3142 5552 ἐμοῦ
3169 5483 3452 5549 λήψεται.
3488 5481 3552 5531 Ὃ
3579 5479 3639 5533 6‘s

2059 5579 2354 5648 λαμϐάνει,
2383 5578 2530 5630 ἐστιν
2557 5578 2589 5645 ἡ
2627 5577 2784 5628 οὐσία
2809 5575 2976 5629 αὑτοῦ
3003 5591 3016 5605 ·
3049 5574 3172 5627 οὐδὲ
3201 5573 3311 5641 γάρ
3335 5574 3480 5625 ἐστιν
3506 5571 3640 5626 ἄλλο

2063 5672 2162 5741 μὲν
2193 5673 2225 5740 ἡ
2276 5671 2434 5723 οὐσία
2467 5667 2659 5730 αὑτοῦ,
2697 5667 2824 5721 ἄλλο
2871 5667 2929 5720 δὲ
2962 5667 3020 5720 τὸ
3057 5667 3084 5719 ὃ
3112 5665 3381 5733 λαμϐάνει
3408 5680 3420 5694 °
3454 5664 3486 5731 ἦ
3525 5665 3640 5732 γὰρ

2063 5764 2130 5816 ἂν
2161 5763 2245 5832 εἴη
2275 5760 2554 5816 σύνθετον.
2599 5760 2756 5812 Ἀλλὰ
2794 5761 2902 5830 μήν
2947 5762 3093 5811 ἐστιν
3125 5760 3179 5810 ἐν
3209 5760 3356 5819 ἄκρᾳ
3398 5757 3638 5816 ἁπλότης
