3966 6218
383 337 478 402 381

1307 335 1406 396 DE
1448 331 1974 396 PROCESSIONE
2018 331 2378 391 SPIRITUS
2420 327 2716 390 SANC’I‘L

3520 326 3626 392 38.2
3651 273 3657 279 ⁸

376 473 460 519 τος
486 453 737 528 ὑπεροχῇ
763 453 792 507 6
835 450 991 515 Θεὸς.
1023 450 1135 521 τὴν
1183 450 1378 505 οὐσίαν
1433 450 1603 505 αὐτοῦ
1632 451 1742 520 ἄρα
1773 450 1865 502 καὶ
1895 448 1957 501 τδ

2094 455 2145 502 st
2178 445 2343 500 Deus.
2381 443 2554 514 igitur
2604 442 2902 498 essentiam
2955 456 3113 498 suam
3155 449 3215 497 et
3258 455 3380 496 esse
3422 443 3628 512 accipit

377 545 513 602 εἶναι
544 545 820 617 λαμϐάνει
849 547 914 598 ἐκ
938 543 1034 598 τοῦ
1061 542 1219 598 Υἱοῦ.

442 639 515 692 Τὸ
548 639 682 708 γὰρ,
724 638 821 690 Ἐκ
851 635 958 690 τοῦ
1009 635 1157 704 ἐμοῦ
1206 634 1492 704 λήψεται,
1542 635 1642 707 οὐχ
1682 634 1760 699 ὥς
1805 651 1952 698 τινες

380 735 598 795 οἴονται,
629 732 695 784 ἐκ
723 731 821 783 τοῦ
849 728 987 796 ἐμοῦ
1022 727 1238 800 Πατρὸς
1264 728 1510 800 νοητέον.

447 825 672 896 Πρῶτον
709 823 832 894 μέν,
859 823 940 877 ὅτι
971 824 1073 894 οὐχ
1111 822 1400 893 Ἑλληνικὴ
1433 825 1466 895 ἡ
1497 823 1757 896 προφορά
1787 821 1953 894 αὕτη.

385 921 441 973 Et
470 920 575 990 γάρ
608 917 687 987 τῷ
738 919 803 971 ἐκ
854 915 948 971 τοῦ
995 917 1134 984 ἐμοῦ
1182 919 1275 970 τοῦ
1321 915 1534 986 Πατρδς
1581 916 1959 971 συνυπακούε-

387 1011 506 1066 σθαι
536 1012 640 1072 δεῖ,
679 1009 837 1063 ἔσται
865 1007 928 1063 τδ
973 1008 1124 1078 ἐμοῦ
1175 1009 1493 1079 ἀντωνυμία
1529 1008 1817 1079 ἀρσενική.
1857 1006 1959 1061 Οὖ-

384 1104 488 1165 δεὶς
513 1101 573 1156 δέ
599 1101 700 1171 τῆς
735 1100 1010 1170 Ἐλλήνων
1039 1100 1444 1170 πεπειραμένος
1476 1101 1660 1170 φωνῆς
1684 1099 1718 1171 ἢ
1743 1099 1962 1169 άρσενι-

392 1195 490 1264 κὴν
521 1194 555 1264 ἢ
603 1193 852 1262 Θηλυκὴν
907 1191 1257 1262 ἁντωνυμίαν
1309 1191 1480 1262 χωρὶς
1526 1190 1849 1261 προσθήκης
1894 1190 1962 1242 ἂν

391 1285 738 1354 προενέγκοι,
767 1283 906 1338 ἀλλὰ
939 1284 1076 1353 μετὰ
1106 1282 1434 1353 προσθήκης
1471 1281 1559 1336 άεί
1583 1297 1597 1312 ·
1616 1281 1673 1335 Ὀ
1701 1281 1852 1351 ἐμὸς,
1883 1281 1966 1335 λέ-

390 1392 517 1442 γων,
546 1375 798 1442 ἀδελφὸς,
825 1375 860 1446 ἢ
908 1375 1060 1444 φίλος
1085 1389 1102 1406 ·
1140 1377 1234 1429 καὶ
1273 1373 1341 1430 Ἦ
1372 1373 1481 1444 ἐμὴ
1532 1371 1698 1437 οἰκία,
1725 1373 1759 1442 ἢ
1786 1372 1964 1435 πόλις.

396 1459 455 1517 '0
486 1463 632 1532 ἐμὸς
668 1464 725 1517 δέ
758 1464 950 1527 ἁπλῶς
981 1465 1178 1530 εἰπεῖν,
1222 1463 1377 1517 οὐδὲν
1428 1462 1632 1533 μᾶλλον
1687 1462 1899 1531 πατέρα
1930 1461 1963 1530 ἢ

392 1553 654 1624 πολέμιον
705 1555 984 1625 σημαίνει.
1050 1554 1288 1610 Ἔπειτα
1325 1554 1421 1607 καὶ
1454 1553 1562 1608 ἀπὸ
1615 1552 1710 1607 τοῦ
1760 1553 1966 1606 σκοποῦ

393 1649 492 1701 καὶ
521 1647 621 1717 τῆς
665 1649 1014 1716 κατασκευῆς
1067 1644 1238 1702 αὐτοῦ
1303 1646 1400 1701 τοῦ
1451 1645 1706 1716 Σωτῆρος
1738 1647 1766 1699 6
1813 1645 1970 1713 λόγος

2055 553 2088 593 a
2117 538 2281 593 Filio.

2132 627 2270 683 Illud
2325 626 2473 683 enim
2501 667 2516 693 ,
2565 625 2644 680 De
2686 643 2800 681 meo
2831 627 3081 696 accipiet,
3133 641 3244 681 non
3277 635 3338 682 ut
3377 626 3634 681 nonnulli

2060 721 2197 776 falso
2228 720 2575 782 existimant,
2615 721 2681 774 de
2712 734 2835 773 meo
2875 719 3035 773 Patre
3065 718 3489 789 intelligendum
3523 729 3632 774 est.

2133 811 2381 868 Primum
2436 810 2682 880 quidem,
2737 811 2881 879 quod
2914 810 3032 865 haec
3067 825 3179 864 non
3212 810 3286 864 sit
3310 810 3626 865 Graecorum

2061 907 2339 983 prolatio;
2364 906 2411 961 si
2443 907 2589 959 enim
2620 919 2760 972 opus
2792 904 2882 969 sit,
2916 903 2984 958 de
3017 918 3140 958 meo
3175 903 3407 970 intelligi
3433 904 3632 968 Patre,

2064 998 2221 1064 illud,
2268 997 2443 1060 Meus,
2475 996 2581 1050 erit
2605 1010 2910 1066 pronomen
2941 996 3122 1050 virile.
3156 995 3330 1049 Nemo
3360 1005 3546 1050 autem
3580 998 3635 1052 in
3681 1008 3691 1013 ‘

2063 1091 2249 1160 lingua
2284 1089 2472 1145 Grazca
2516 1090 2854 1143 exercitatus
2899 1097 3064 1158 atque
3117 1098 3388 1153 versatus,
3431 1105 3637 1158 prono,-
3673 1107 3679 1116 -

2064 1197 2190 1237 men
2234 1181 2396 1236 virile
2447 1196 2545 1238 seu
2594 1180 2894 1234 femineum
2939 1179 3060 1235 sine
3095 1180 3494 1247 additamento,
3545 1195 3638 1235 ve-

2064 1288 2186 1327 rum
2214 1286 2432 1341 semper
2455 1287 2578 1326 cum
2606 1270 2974 1340 appendicula
3002 1270 3392 1342 protulerit(-l)
3422 1271 3631 1338 :Meus,

2067 1365 2344 1434 inquiens,
2378 1365 2585 1428 frater,
2621 1363 2705 1416 vel
2753 1363 2997 1428 amicus;
3034 1371 3112 1427 et,
3143 1362 3260 1417 Mea
3286 1362 3515 1429 domus,
3550 1364 3639 1418 vel

2068 1456 2283 1512 civitas.
2339 1455 2410 1510 At
2444 1471 2612 1519 meus,
2647 1454 2981 1523 simpliciter
3038 1456 3263 1518 dicere,
3300 1470 3409 1509 non
3460 1456 3634 1526 magis

2070 1554 2281 1616 patrem
2345 1561 2509 1616 quam
2574 1547 2789 1600 hostem
2848 1544 3145 1616 signiﬁcat.
3199 1544 3414 1600 Deinde
3458 1559 3638 1608 vero,

2075 1639 2244 1693 etiam
2275 1655 2306 1692 a
2342 1653 2531 1709 scopo,
2557 1647 2613 1693 et
2639 1646 2917 1698 structura
2952 1640 3245 1704 sermonis,
3283 1648 3343 1694 et
3366 1639 3631 1709 composi-

389 1730 549 1800 οὗτος
595 1737 878 1792 δείκνυται
925 1739 1178 1809 μάταιος.
1226 1738 1434 1794 Πάντα
1479 1739 1610 1810 γὰρ,
1640 1740 1827 1808 φησιν,
1853 1736 1971 1791 ὅσα

2090 1729 2253 1797 .ione,
2285 1730 2460 1800 ipsius
2490 1729 2814 1798 Salvatoris,
2856 1746 2996 1787 vana
3045 1733 3360 1787 ostenditur
3411 1731 3513 1786 ista
3555 1745 3643 1786 re-

393 1827 521 1896 ἔχει
565 1829 601 1881 ὁ
637 1828 864 1897 Πατὴρ,
907 1806 1022 1899 ἐμά
1046 1829 1220 1883 ἐστιν
1243 1844 1258 1860 ·
1301 1828 1392 1882 διά
1439 1806 1598 1882 τοῦτο
1636 1806 1793 1882 εἷπον
1842 1827 1972 1897 ὑμῖν

2090 1819 2299 1888 sponsio
2340 1819 2576 1876 :Omm‘a
2630 1821 2808 1884 enim,
2855 1821 3058 1891 inquit,
3104 1836 3222 1890 quia
3269 1820 3421 1875 habet
3457 1819 3643 1884 Pater,

393 1917 475 1969 ὅτι
519 1917 616 1970 Ἕκ
664 1916 772 1972 τοῦ
799 1917 948 1986 ἐμοῦ
991 1917 1253 1986 λήψεται
1299 1916 1402 1972 καί
1439 1915 1766 1987 ἀναγγελεῖ
1804 1916 1969 1986 ὑμῖν.

408 2008 496 2076 Ὠς
535 2007 677 2063 εἶναι
708 2009 801 2063 τδν
831 2009 990 2079 λόγον
1019 2009 1265 2065 τοιοῦτον
1291 2025 1308 2042 ο
1343 2009 1418 2064 Τὸ
1447 2008 1675 2080 Πνεῦμα
1702 2007 1972 2079 λαμϐάνει
1997 2055 2008 2067 .

399 2105 461 2156 ἐκ
488 2101 598 2155 τῶν
620 2100 716 2154 τοῦ
751 2100 966 2172 Πατρός
989 2117 1006 2134 ο
1039 2102 1221 2157 πάντα
1250 2101 1319 2156 τά
1365 2101 1462 2156 τοῦ
1495 2101 1709 2170 Πατρδς
1735 2100 1845 2172 ἐμά
1868 2116 1884 2132 ⁸
1911 2099 1974 2155 τὸ

399 2191 623 2262 Πνεῦμα
655 2193 764 2262 ἄρα
789 2192 1061 2262 λαμϐάνει
1091 2195 1154 2248 ἐκ
1179 2194 1288 2248 τῶν
1333 2193 1508 2264 ἐμῶν,
1537 2194 1572 2265 ἢ
1603 2193 1669 2247 ἐκ
1691 2192 1788 2246 τοῦ
1813 2193 1972 2262 ἐμοῦ.

413 2283 552 2336 Ἀλλ’
583 2283 747 2346 αὐτὸς
799 2285 894 2337 καὶ
923 2283 993 2338 τά
1040 2283 1209 2339 αὐτοῦ
1235 2284 1294 2336 ἐν
1329 2285 1438 2339 είσι
1473 2286 1712 2356 πρᾶγμα
1757 2283 1847 2338 διά
1873 2283 1974 2354 τὴν

401 2372 578 2442 ἄκραν
613 2372 892 2444 ἁπλότητα
919 2389 934 2405 ·
984 2374 1258 2444 λαμϐάνει
1301 2375 1410 2446 ἄρα
1441 2375 1500 2440 ἐξ
1538 2375 1708 2429 αὐτοῦ
1741 2374 1840 2446 τὴν
1884 2375 1974 2429 o6-

404 2464 526 2516 σίαν
559 2462 751 2519 αὐτοῦ.
784 2465 1001 2535 Ταύτης
1031 2465 1089 2519 δέ
1128 2468 1228 2534 τῆς
1255 2466 1573 2538 ἐξηγήσεως
1607 2467 1704 2520 καὶ
1734 2467 1764 2520 6
1798 2467 1975 2536 μέγας

401 2555 551 2608 ἐπὶν
592 2554 930 2621 Ἀθανάσιος,
965 2555 1139 2624 λέγων
1161 2574 1175 2589 ο
1212 2558 1286 2612 Οὐ
1316 2559 1427 2630 γὰρ
1453 2559 1482 2612 6
1503 2560 1675 2628 Δόγος
1701 2561 1850 2629 παρὰ
1881 2560 1974 2614 τοῦ

406 2638 720 2709 Ιινεύματος
750 2642 1043 2711 λαμϐάνει,
1067 2645 1206 2700 ἀλλὰ
1229 2648 1290 2700 τὸ
1316 2648 1542 2717 Πνεῦμα
1570 2650 1722 2719 παρὰ
1751 2649 1844 2704 τοῦ
1875 2650 1978 2704 Λό-

401 2745 524 2796 γου.
557 2732 600 2783 T
607 2732 622 2783 ί
647 2730 740 2784 οὖν
772 2732 1044 2802 λαμϐάνει
1077 2736 1232 2807 παρὰ
1269 2738 1368 2791 τοῦ
1409 2737 1583 2806 Υίοῦς
1619 2741 1862 2812 δηλονότι
1889 2758 1979 2795 σο-

404 2820 536 2888 φίαν
568 2823 664 2876 καὶ
695 2824 920 2891 γνῶσιν.
966 2827 1062 2881 Ἐκ
1092 2829 1200 2884 τοῦ
1243 2829 1390 2899 ἐμοῦ
1420 2831 1553 2902 γάρ,
1595 2834 1748 2903 φησὶ,
1781 2834 1977 2904 11W:-

404 2929 502 2966 ται
556 2915 653 2968 καὶ
682 2915 1009 2988 ἀναγγελεῖ
1039 2920 1204 2990 ὑμῖν.
1229 2923 1301 2976 T6
1336 2924 1447 2995 γὰρ
1475 2926 1833 2996 άναγγέλλειν
1862 2931 1978 2983 ἐστὶ

404 3005 466 3054 τὸ
497 3003 726 3072 διδάξαι.
762 3009 855 3060 καὶ
886 3011 1120 3077 φωτίσαι
1154 3013 1281 3078 τοὺς
1320 3016 1656 3080 ἀποστόλους
1681 3034 1696 3048 °
1744 3019 1901 3074 τοῦτο
1930 3019 1978 3074 δ’

403 3096 770 3199 int-captati.
798 3100 996 3199 ξοφὶαν
1019 3103 1126 3174 ἄρα
1155 3105 1306 3174 παρὰ
1331 3106 1424 3160 τοῦ
1457 3107 1590 3161 Υίοῦ
1616 3110 1893 3179 λαμϐάνει
1919 3113 1980 3166 τὸ
2007 3140 2052 3199 c

408 3187 657 3258 Πνεῦμα.
691 3189 759 3244 Τί
788 3190 922 3258 οὒν;
955 3195 1022 3247 ἐκ
1049 3194 1144 3247 τοῦ
1191 3197 1404 3266 Πατρὸς
1433 3199 1743 3270 προϐληθὲν
1776 3205 1979 3273 ἄσοφον

402 3277 496 3352 ἦν,
524 3281 622 3335 καὶ
654 3282 761 3336 ἔδει
805 3287 956 3357 παρὰ
987 3289 1080 3340 τοῦ
1115 3288 1247 3342 Υῑοῦ
1294 3290 1491 3348 ἔπειτα
1522 3296 1717 3362 σοφίαν
1751 3297 1978 3366 λαϐείν;

405 3373 442 3444 ἦ
481 3373 669 3444 ἕτερον
699 3378 730 3446 ἡ
769 3378 932 3446 σοφία
969 3380 1136 3435 αὐτοῦ
1165 3385 1261 3436 καὶ
1307 3384 1496 3456 ἕτερον
1521 3389 1554 3455 ἡ
1585 3388 1743 3444 οὐσία
1779 3392 1980 3459 αὑτοῦ;

493 3467 656 3522 Ἀλλά
699 3471 875 3525 ταῦτα
926 3472 1129 3527 ἄτοπον
1162 3475 1362 3546 λέγειν.
1418 3479 1590 3534 Τοῦτο
1619 3482 1729 3553 γάρ
1773 3485 1920 3538 ἐστιν
1951 3487 1984 3555 ἡ

410 3557 578 3622 σοφία
606 3559 800 3627 αὐτοῦ,
834 3563 930 3616 καὶ
972 3564 1033 3617 τὸ
1063 3561 1202 3620 εἶναι
1233 3569 1423 3636 αὐτοῦ,
1470 3572 1568 3626 καὶ
1604 3574 1736 3645 παρ’
1766 3575 1829 3629 οῦ
1859 3577 1985 3648 ἔσχε

407 3646 473 3699 τὸ
496 3642 658 3717 εἶναι,
691 3653 848 3723 παρὰ
872 3653 1064 3711 τούτου
1091 3658 1252 3713 ἔλαϐε
1285 3661 1380 3715 καὶ
1423 3663 1522 3735 τὴν
1557 3642 1769 3735 σοφίαν,
1799 3669 1895 3722 καὶ
1923 3642 1986 3723 ἐν

409 3737 568 3806 αὐτῷ
619 3739 701 3810 τῷ
752 3743 1182 3815 ἐκπορεύεσθαι,
1231 3751 1329 3804 καὶ
1353 3751 1430 3822 τῷ
1488 3750 1630 3808 εἶναι
1664 3755 1984 3826 λαμϐάνειν,

411 3829 513 3882 καὶ
541 3829 856 3920 ὑφεστάναι,
895 3838 992 3889 καὶ
1021 3838 1122 3908 τὴν
1165 3841 1361 3909 σοφίαν
1392 3843 1518 3915 ἔσχε
1541 3845 1730 3904 λαϐόν.
1761 3850 1805 3902 Τ
1809 3850 1875 3920 ὴν
1899 3866 1989 3903 σο-

411 3920 549 3988 φίαν
573 3919 666 3973 οὖν
694 3923 790 3975 καὶ
824 3925 973 3994 παρά
1002 3925 1097 3979 τοῦ
1127 3927 1262 3982 Υίοῦ
1283 3929 1584 4000 λαμϐάνον,
1618 3935 1713 3988 καὶ
1742 3935 1802 3987 τὸ
1825 3919 1986 4001 εἶναι,

411 4011 513 4063 καὶ
541 4009 638 4080 τὴν
661 4011 849 4066 οὐσίαν
867 4015 926 4067 ἐν
954 4016 1138 4087 ταυτῷ
1159 4020 1290 4090 παρ’
1315 4020 1483 4075 αὑτοῦ
1513 4023 1758 4096 εῑληφεν.
1797 4025 1990 4080 Ἔστιν

409 4097 512 4156 οῦν
533 4105 561 4156 6
594 4103 718 4170 Υἱὸς
747 4107 855 4178 ἄρα
880 4110 1050 4174 αἴτιος
1078 4111 1228 4183 αὐτῷ
1261 4114 1357 4167 τοῦ
1390 4111 1556 4172 εἶναι.

498 4197 646 4264 Ἔτι,
689 4200 740 4252 εί
777 4201 837 4253 τὸ
866 4203 1094 4274 Πνεῦμα
1124 4204 1392 4276 λαμϐάνει
1440 4209 1593 4280 παρὰ
1624 4210 1720 4264 τοῦ
1783 4211 1936 4278 Υίοῦ,
1963 4215 1993 4266 6

416 4287 552 4352 Υξδς
579 4291 728 4363 αὐτῷ
774 4293 1032 4347 δίδωσιν·
1064 4296 1202 4350 ἀλλὰ
1239 4297 1301 4352 τδ
1328 4298 1532 4354 διδόναι
1560 4302 1656 4356 ἐπὶ
1692 4288 1802 4355 τῶν
1833 4303 1994 4357 θείων

416 4381 735 4454 προτάκτων
764 4385 1022 4454 σημαίνει
1053 4388 1184 4441 αὐτὸ
1214 4389 1274 4442 τὸ
1302 4392 1590 4461 προάγειν,
1621 4395 1716 4448 καὶ
1744 4395 1842 4466 οὐχ
1871 4396 1992 4450 ἐτε-

2074 1929 2192 1966 mea
2223 1921 2345 1967 sunt
2376 1928 2394 1966 :
2428 1921 2708 1984 propterea
2743 1915 2856 1968 dixi
2887 1913 3027 1968 vobis
3045 1953 3061 1979 ,
3101 1914 3240 1982 quod
3275 1914 3340 1966 de
3366 1929 3479 1967 meo
3509 1913 3648 1967 acci-

2073 2003 2204 2074 piet,
2246 2006 2298 2058 "et
2325 2005 2665 2059 annuntiabit
2713 2005 2876 2059 vobis.
2909 2005 2982 2061 Ut
3008 2005 3132 2060 talis
3154 2006 3227 2060 sit
3255 2005 3646 2060 ratiocinatio:

2078 2095 2324 2165 Spiritus
2353 2097 2555 2164 accipit
2575 2112 2642 2156 ex
2672 2097 2743 2152 iis
2771 2112 2895 2168 qua:
2922 2106 3052 2153 sunt
3081 2099 3263 2153 Patris
3289 2115 3303 2166 ;
3333 2097 3518 2153 omnia
3547 2097 3649 2152 Pa-

2076 2188 2176 2243 tris
2227 2203 2347 2244 mea
2395 2196 2563 2254 sunt;
2619 2189 2790 2258 igitur
2832 2189 3074 2258 Spiritus
3129 2189 3334 2260 accipit
3383 2205 3450 2244 ex
3485 2191 3646 2253 meis,

2076 2295 2174 2336 seu
2215 2294 2284 2334 ex
2339 2294 2484 2335 meo.
2542 2278 2648 2334 Sed
2704 2281 2822 2350 ipse
2876 2290 2933 2336 et
2961 2295 3061 2336 sua
3096 2296 3205 2336 una
3241 2296 3332 2336 res
3392 2289 3522 2335 sunt
3575 2281 3648 2335 ob

2077 2385 2349 2427 summam
2375 2371 2784 2439 simplicitatem
2809 2390 2823 2438 ;
2857 2387 2989 2442 ergo
3020 2372 3224 2442 accipit
3247 2373 3315 2427 ab
3338 2372 3460 2442 ipso
3489 2389 3648 2428 snam

2077 2462 2393 2518 essentiam.
2431 2463 2626 2527 Porro,
2656 2463 2731 2517 ita
2761 2463 2926 2518 etiam
2955 2464 3184 2533 exponit
3210 2463 3438 2532 Magnus
3472 2463 3648 2520 Atha-

2081 2555 2296 2610 nasius.
2335 2555 2454 2610 Non
2493 2555 2667 2623 enim,
2701 2554 2904 2625 inquit,
2929 2555 3173 2612 Verbum
3206 2571 3234 2610 a
3263 2555 3472 2626 Spiritu
3504 2556 3652 2612 acci-

2079 2646 2182 2716 pit,
2245 2646 2343 2702 sed
2385 2645 2629 2716 Spiritus
2664 2663 2694 2702 a
2745 2648 2945 2703 Verbo.
2985 2645 3126 2714 Quid
3167 2647 3336 2719 igitur
3390 2648 3591 2719 accipit
3618 2663 3650 2703 a

2081 2735 2260 2792 Filio?
2283 2752 2486 2808 nempe
2513 2738 2839 2807 sapientiam
2872 2745 2928 2791 et
2983 2737 3356 2808 cognitionem
3385 2755 3400 2794 :
3431 2738 3507 2792 De
3538 2755 3652 2796 meo

2080 2832 2252 2897 enim,
2293 2831 2508 2901 inquit,
2545 2833 2797 2901 accipiet,
2839 2841 2890 2886 et
2931 2832 3270 2886 annuntiabit
3302 2833 3469 2887 vobis.
3509 2832 3651 2888 Illud

2080 2923 2228 2977 enim
2280 2921 2609 2977 annuntiare
2632 2961 2647 2988 ,
2691 2932 2778 2978 est
2805 2922 3034 2991 docere,
3069 2934 3128 2978 et
3164 2924 3482 2980 illuminare
3523 2939 3656 2995 apo.

2083 3014 2278 3082 stolos,
2311 3013 2418 3068 hoc
2445 3023 2633 3070 autem
2667 3024 2752 3069 est
2781 3015 3086 3085 sapientia.
3109 3015 3450 3086 Sapientiam
3482 3017 3652 3088 igitur

2089 3104 2296 3173 accipit
2325 3117 2356 3158 a
2379 3102 2520 3159 Filio
2553 3101 2812 3173 Spiritus.
2843 3104 2984 3170 Quid
3023 3103 3191 3175 igitur
3219 3103 3242 3157 ?
3273 3120 3304 3160 a
3341 3105 3503 3161 Patre
3533 3121 3657 3176 pro-

2085 3194 2304 3262 ductus,
2342 3194 2600 3249 indoctus
2623 3203 2764 3259 erat,
2796 3204 2852 3249 et
2881 3208 3020 3263 opus
3047 3203 3167 3248 erat
3199 3203 3391 3265 postea
3432 3195 3654 3266 sapien-

2087 3285 2215 3340 tiam
2243 3285 2535 3355 accipere?
2565 3286 2652 3341 vel
2677 3286 2827 3341 aliud
2858 3295 2945 3341 est
2970 3285 3091 3357 ejus
3111 3285 3406 3356 sapientia,
3431 3295 3488 3342 et
3509 3286 3657 3342 aliud

2085 3377 2205 3446 ejus
2231 3377 2512 3432 essentia?

2160 3469 2359 3524 Verum
2395 3470 2512 3524 hth
2538 3468 2837 3526 absurdum
2897 3481 2983 3526 est
3037 3472 3250 3529 dicere.
3306 3471 3457 3527 Idem
3497 3471 3650 3527 enim

2086 3571 2171 3616 cst
2199 3563 2322 3629 ejus
2347 3562 2634 3632 sapientia,
2678 3573 2734 3618 et
2780 3581 2939 3620 suum
2973 3581 3097 3622 esse
3134 3584 3148 3621 :
3177 3575 3232 3623 et
3263 3582 3294 3622 a
3321 3581 3432 3634 quo
3463 3567 3661 3620 habuit

2087 3666 2233 3718 esse,
2265 3653 2334 3708 ab
2365 3668 2432 3708 eo
2464 3656 2679 3724 accepit
2712 3667 2767 3711 et
2797 3659 3164 3728 sapientiam;
3192 3668 3248 3714 et
3293 3659 3349 3714 in
3378 3659 3498 3728 ipso
3537 3673 3660 3728 pro-

2088 3742 2240 3810 duci,
2288 3754 2346 3799 et
2395 3746 2647 3815 accipere
2679 3764 2840 3804 suum
2866 3765 2986 3808 esse
3007 3792 3023 3818 ,
3056 3753 3221 3808 etiam
3269 3752 3571 3808 subsistere
3604 3760 3662 3805 et

2090 3837 2418 3905 sapientiam
2456 3841 2690 3908 accepit.
2725 3841 2894 3911 Igitur
2945 3844 3274 3912 sapientiam
3325 3853 3384 3900 et
3431 3859 3461 3898 a
3515 3843 3657 3897 Filio

2089 3926 2388 3996 accipiens,
2422 3929 2528 3985 ltoc
2553 3931 2673 4014 ipso
2694 3933 2860 3987 etiam
2895 3950 3059 3990 suum
3085 3951 3232 3999 esse,
3263 3949 3320 3991 et
3352 3936 3654 3993 essentiam

2092 4019 2161 4073 ab
2193 4034 2259 4076 eo
2293 4023 2524 4091 accepit.
2559 4021 2656 4077 Est
2685 4038 2816 4095 ergo
2875 4040 3006 4097 sane
3037 4027 3212 4082 Filius
3249 4029 3355 4098 ipsi
3385 4043 3548 4084 causa
3603 4039 3662 4083 ut

2091 4109 2341 4170 exsistat.

2165 4201 2460 4269 Praeterea,
2506 4206 2552 4260 si
2587 4207 2827 4277 Spiritus
2856 4208 3059 4277 accipit
3101 4223 3132 4262 a
3181 4208 3360 4276 Filio,
3407 4209 3581 4265 Filius
3611 4209 3662 4264 ei

2094 4294 2210 4358 dat,
2255 4296 2351 4351 sed
2377 4297 2512 4353 dare
2550 4299 2607 4352 in
2642 4300 2844 4354 divinis
2878 4303 3134 4369 personis
3180 4302 3455 4372 signiﬁcat
3483 4304 3660 4372 ipsum

2098 4385 2434 4455 producere,
2474 4398 2530 4442 et
2566 4404 2672 4443 non
2691 4390 2876 4450 aliud.
2919 4389 3204 4460 Siquidem
3236 4391 3663 4463 Cltrysostomus

423 4491 541 4544 ρον.
603 4475 662 4528 Ὀ
715 4477 824 4546 γάρ
872 4478 1262 4551 Χρυσόστομος
1309 4483 1674 4555 ἐξηγούμενος
1727 4486 1810 4553 τὸ,
1870 4488 1980 4558 Τὴν

2097 4482 2402 4549 explanans
2427 4481 2563 4535 illud
2590 4501 2603 4535 :
2627 4481 2897 4542 Iudicium
2927 4499 3081 4538 omne
3107 4487 3248 4540 dedit
3278 4486 3436 4551 Filio,
3458 4487 3538 4541 sic
3567 4488 3667 4541 ha-

419 4567 628 4633 κρίσιν
656 4566 864 4623 πᾶσαν
894 4568 1116 4625 δέδωκε
1144 4572 1226 4638 τῷ
1262 4575 1391 4640 Υίῷ,
1437 4579 1604 4646 φησίν
1631 4595 1648 4612 ο

498 4658 608 4710 Καὶ
639 4659 722 4712 ῐνα
753 4660 930 4734 μάθῃς
952 4662 1035 4716 ὅτι
1063 4665 1123 4717 τὸ
1151 4665 1376 4720 ἔδωκεν
1393 4668 1518 4723 άντὶ
1542 4670 1637 4724 τοῦ
1663 4670 1995 4742 ἐγέννησέν

419 4747 596 4814 ἐστιν,
623 4750 853 4805 ἄκουσον
887 4755 948 4820 ἐξ
997 4755 1184 4826 ἐτέρου
1208 4755 1364 4812 τοῦτο
1401 4759 1750 4832 δηλούμενον.
1782 4764 1994 4834 Ὠσπερ

421 4842 534 4911 γὰρ
565 4843 594 4894 6
625 4844 815 4915 Πατὴρ
843 4845 955 4916 ἔχει
989 4848 1139 4919 ζωὴν
1171 4852 1229 4902 ἐν
1264 4851 1464 4922 ἑαυτῷ,
1498 4853 1670 4917 οὕτως
1701 4854 1868 4909 ἔδωκε
1901 4858 1995 4912 καὶ

417 4933 502 5004 τῷ
539 4935 651 5005 Υἱῴ
681 4936 826 5008 ζωὴν
856 4938 999 5008 ἔχειν
1037 4942 1091 4993 ἐν
1126 4943 1323 5012 ἐαυτῷ.
1358 4945 1422 4996 Τί
1444 4941 1575 5010 οὖνς
1606 4947 1868 5018 πρότερον
1895 4950 1995 5002 αὑ·-

418 5028 517 5079 τὶν
546 5028 829 5101 ἐγέννησε,
863 5032 958 5084 καὶ
984 5032 1105 5085 τότε
1141 5033 1312 5088 ἔδωκε
1351 5035 1450 5105 τὴν
1477 5037 1665 5107 ζωήνς
1696 5038 1894 5093 οὐκοῦν
1926 5037 1995 5112 ἦν

419 5118 596 5185 χωρὶς
630 5119 726 5188 τῆς
756 5119 900 5190 ζωῆς
933 5122 1237 5189 γεννηθείς.
1286 5125 1445 5178 Ἀλλὰ
1469 5126 1631 5180 τοῦτο
1653 5128 1762 5181 οὐδ’
1797 5129 1862 5182 ἂν
1883 5129 1999 5183 δαί-

421 5224 592 5276 μονες
630 5211 860 5263 εῐποιεν.
889 5214 1040 5266 Μετὰ
1073 5214 1181 5283 γὰρ
1220 5215 1317 5284 τῆς
1346 5217 1602 5278 ἀσεϐείας
1645 5219 1777 5272 πολὺ
1811 5221 1904 5274 καὶ
1934 5221 1994 5274 τὸ

419 5297 654 5367 ἀνόητον
703 5298 836 5368 ἔχει.
871 5301 1081 5373 Ὠσπερ
1126 5301 1220 5357 οὖν
1250 5305 1332 5368 τὸ,
1369 5307 1609 5380 Ἔδωκεν
1649 5310 1800 5378 αὐτῷ
1826 5310 1993 5380 ζωὴν,

422 5391 723 5460 ἐγέννησεν
763 5393 926 5446 αὐτὸν
956 5393 1101 5465 ζωήν
1143 5397 1314 5462 ἐστιν,
1350 5397 1494 5451 οὕτω
1541 5379 1634 5452 udi.
1662 5402 1744 5465 τὸ,
1785 5379 1996 5456 Ἔδωκε

425 5483 632 5549 κρίσιν,
664 5484 858 5555 κριτὴν
883 5487 1046 5539 αὑτὸν
1074 5489 1385 5558 ἐγέννησεν.
1415 5493 1627 5546 Οὐκοῦν
1659 5493 1800 5546 κατὰ
1823 5493 1997 5548 ταῦτα

423 5574 522 5626 καὶ
555 5576 580 5624 ὁ
601 5573 728 5638 Υἱὸς
751 5576 920 5639 διδοὺς
947 5579 1022 5647 τῷ
1049 5579 1328 5649 Π-.εῦματι
1366 5584 1581 5652 σοφίαν,
1607 5586 1837 5655 προάγει
1865 5585 1996 5640 αὐτὸ

501 5753 578 5821 (Ι)
621 5751 769 5806 idem
796 5768 924 5808 usus
949 5767 1028 5810 cst
1062 5755 1256 5826 lingnxr
1286 5759 1515 5814 Latinae.

2100 4572 2193 4626 bet
2223 4573 2291 4627 ad
2322 4573 2553 4627 verbum
2590 4590 2604 4625 :

2173 4665 2242 4719 Et
2273 4674 2331 4719 ut
2381 4665 2582 4730 discas,
2615 4669 2763 4736 quod
2798 4669 2933 4723 illud
2959 4670 3098 4724 dedit
3125 4710 3139 4735 ,
3203 4673 3275 4726 sit
3307 4688 3419 4743 pro
3454 4676 3665 4742 genuit,

2101 4754 2229 4809 audi
2277 4770 2344 4809 ex
2389 4754 2499 4809 alio
2557 4755 2679 4810 loco
2729 4757 2780 4812 id
2833 4759 3155 4828 signiﬁcari.
3209 4759 3667 4824 Quemadmodum

2100 4847 2239 4900 enim
2285 4846 2450 4900 Pater
2489 4848 2642 4902 habet
2691 4851 2854 4903 vitam
2898 4852 2952 4904 in
2986 4853 3284 4922 semetipso,
3320 4853 3396 4905 ita
3436 4852 3578 4904 dedit
3621 4860 3668 4904 et

2101 4934 2248 4992 Filio
2282 4939 2470 4992 habere
2496 4940 2657 4994 vitam
2694 4941 2751 4994 in
2788 4944 3089 5012 semetipso.
3123 4944 3263 5009 Quid
3308 4943 3513 5013 igitur?
3539 4959 3664 4997 cum

2102 5028 2254 5096 prius
2281 5030 2490 5098 genuit,
2538 5041 2597 5086 et
2630 5043 2763 5087 tunc
2788 5033 2939 5088 dedit
2969 5034 3172 5088 vitam?
3200 5035 3369 5105 igitur
3397 5044 3514 5088 erat
3544 5035 3666 5089 sine

2103 5120 2214 5174 vita
2261 5122 2504 5190 genitus.
2539 5123 2744 5178 Verum
2777 5122 2882 5178 hoc
2913 5139 2980 5179 ne
3013 5125 3290 5180 daemones
3319 5125 3545 5194 quidem
3578 5126 3666 5179 di-

2105 5223 2314 5267 cerent.
2374 5213 2746 5283 Praeterquam
2791 5216 2939 5269 enim
2981 5215 3125 5285 quod
3168 5217 3395 5286 itnpium
3439 5218 3531 5281 sit,
3586 5224 3670 5269 est

2103 5305 2267 5360 etiam
2295 5306 2550 5360 stultum.
2580 5306 2736 5361 Sicut
2765 5307 2934 5378 igitur
2967 5307 3122 5371 illud.
3147 5309 3306 5364 Dedit
3331 5310 3433 5379 ipsi
3473 5310 3666 5374 vitam,

2110 5407 2214 5463 est,
2241 5395 2444 5452 Genuit
2471 5413 2600 5454 eum
2633 5400 2804 5454 vitam
2849 5417 2864 5454 :
2897 5401 2979 5456 sic
3019 5412 3076 5455 et
3107 5401 3262 5464 illud,
3315 5401 3475 5457 Dedit
3507 5405 3556 5456 ei
3582 5403 3668 5473 ju-

2104 5491 2341 5557 dicium,
2375 5501 2481 5557 est,
2514 5492 2760 5548 iudicem
2795 5509 2923 5548 eum
2957 5495 3166 5564 genuit.
3201 5495 3343 5566 Ergo
3368 5496 3521 5566 juxta
3553 5495 3670 5551 lucc

2105 5592 2159 5638 ct
2197 5583 2368 5638 Filius
2413 5584 2552 5642 dans
2595 5585 2828 5656 Spiritui
2872 5586 3221 5656 sapientiam,
3258 5588 3665 5657 produciteum
