3966 6218
309 372 418 434 383

1280 340 1782 429 assumens
1836 365 1897 428 s.
1934 365 2007 426 R.
2040 360 2113 425 E.
2148 350 2618 445 CABDlNALIS

3438 341 3550 409 εει

316 482 695 555 sapientiam,
747 496 868 539 csse
924 483 981 538 ei
1038 488 1093 538 et
1154 483 1452 537 essentiam
1514 480 1879 550 impartiens,

2001 478 2201 543 τοφίαν,
2254 473 2356 541 τὴν
2410 467 2598 523 οὐσίαν
2637 462 2783 532 αύτῷ
2819 459 2913 514 καὶ
2957 457 3015 512 τὸ
3051 451 3191 510 εἶναι
3238 452 3449 517 διδοὺς,
3478 454 3548 524 ἢν

318 591 482 646 quam
525 575 729 644 accipit
785 574 1025 644 Spiritus
1072 573 1379 643 procedens
1425 572 1489 625 ab
1522 573 1660 638 ipso.
1712 568 1891 638 Igitur,

320 683 483 723 causa
513 677 598 722 est
629 679 683 720 et
718 668 889 722 Filius
935 668 1175 736 Spiritus
1205 666 1596 735 processionis.

393 759 663 813 Praeterea
716 757 885 811 Filius
933 758 1001 811 de
1046 758 1229 826 seipso
1273 758 1400 810 ait:
1453 755 1582 820 Qua:
1625 753 1802 808 audivi
1848 772 1881 808 a

321 852 484 906 Patre
515 867 661 912 meo,
714 851 1030 904 annuntiavi
1080 850 1257 912 vobis;
1316 848 1384 903 de
1422 850 1629 915 Spiritu
1690 858 1882 903 sancto

317 953 498 998 autem
534 958 549 995 :
583 940 698 994 Non
730 940 972 1010 loquetur
1004 957 1037 993 α
1067 941 1339 1007 semetipso
1366 978 1381 1001 ,
1432 939 1521 992 sed
1553 954 1879 1007 qumcunque

317 1034 512 1092 audiet,
560 1032 828 1102 loquetur.
880 1031 1036 1095 Quod
1074 1046 1206 1099 ergo
1246 1032 1298 1082 in
1352 1029 1493 1083 Filio
1524 1028 1798 1098 significat
1848 1043 1879 1081 a

317 1124 478 1195 Patre
508 1122 723 1185 audire,
761 1122 864 1174 hoc
894 1122 1059 1175 etiam
1090 1121 1144 1173 in
1179 1120 1389 1191 Spiritu
1420 1120 1756 1189 significabit
1781 1134 1881 1173 au-

315 1216 457 1269 dire.
494 1214 601 1269 Sed
638 1215 692 1268 in
727 1214 865 1268 Filio
903 1213 1120 1277 audire,
1153 1227 1184 1265 a
1221 1226 1385 1267 causa
1432 1227 1554 1266 esse
1587 1211 1879 1281 signiﬁcat,

316 1316 369 1358 et
399 1306 685 1374 generari;
720 1304 914 1357 audire
943 1302 1090 1356 enim
1123 1310 1209 1356 est
1241 1303 1566 1371 sapientiam
1619 1312 1673 1356 et
1697 1302 1883 1371 cogni-

318 1396 521 1449 tionem
572 1396 843 1464 acciperc.
896 1393 1069 1448 Porro
1121 1394 1295 1447 Filius
1340 1408 1447 1447 non
1484 1391 1639 1462 prius
1664 1392 1883 1461 genitus

317 1498 422 1548 est,
450 1486 649 1540 deinde
681 1487 1052 1555 cognitionem
1108 1486 1192 1538 vel
1233 1484 1565 1552 sapientiam
1601 1485 1833 1553 adeptus
1863 1502 1878 1538 :

236 1590 245 1595 ‘
319 1576 412 1629 sed
441 1575 707 1644 sapientia
741 1575 961 1645 genitus
1006 1582 1112 1637 est,
1170 1573 1227 1626 in
1276 1574 1394 1641 ipso
1443 1573 1697 1641 generari
1755 1586 1881 1627 cum

320 1671 687 1738 cognitionem
747 1680 804 1724 et
832 1669 1160 1738 sapientiam
1187 1667 1466 1736 accipiens
1490 1707 1507 1732 ,
1546 1676 1658 1721 tum
1691 1677 1885 1721 caetera

319 1763 502 1814 omnia
535 1777 658 1829 qure
702 1760 845 1816 idem
908 1771 1040 1815 sunt
1079 1771 1246 1829 atque
1277 1761 1396 1830 ejus
1441 1760 1700 1813 essentia.
1733 1758 1884 1814 lianc

323 1853 488 1920 igitur
522 1853 751 1908 audiens
796 1868 825 1906 a
875 1853 1058 1917 Patre,
1095 1853 1163 1905 ab
1193 1852 1314 1920 ipso
1356 1851 1595 1919 accipit;
1658 1861 1713 1906 et
1761 1867 1887 1906 eum

320 1944 515 1998 audire
546 1954 629 1997 est
664 1945 918 2013 generari
957 1960 972 1996 :
1011 1957 1141 2011 ergo
1198 1951 1255 1997 et
1315 1941 1509 1996 audire
1566 1942 1809 2012 Spiritus
1857 1956 1887 1998 a

322 2048 488 2086 causa
545 2047 669 2087 esse
730 2040 785 2086 et
838 2031 1070 2100 produci
1111 2032 1407 2100 signiﬁcat.
1458 2032 1639 2098 Quare
1697 2047 1729 2086 a
1779 2046 1889 2101 quo

321 2124 494 2188 audit,
529 2123 600 2177 ab
632 2138 699 2178 eo
728 2132 784 2178 et
810 2123 1082 2192 procedit.
1106 2123 1212 2179 Sed
1249 2125 1402 2177 audit
1431 2139 1543 2177 non
1583 2139 1613 2177 a
1646 2124 1763 2178 solo
1788 2122 1890 2176 Pa-

324 2225 429 2280 tre,
459 2229 648 2267 verum
672 2213 837 2268 etiam
866 2229 896 2267 a
922 2213 1085 2277 Filio,
1126 2215 1294 2281 igitur
1317 2223 1375 2268 et
1397 2228 1427 2266 a
1456 2213 1595 2268 Filio
1621 2211 1886 2282 procedit.

321 2304 475 2372 Quod
525 2316 708 2359 autem
766 2302 955 2358 audiat
991 2319 1020 2356 a
1062 2303 1243 2366 Filio,
1282 2302 1634 2357 manifestum
1685 2313 1770 2358 est
1822 2318 1890 2357 ex

322 2396 509 2450 verbis
556 2393 895 2458 Salvatoris,
945 2393 1165 2455 nbi,ait
1200 2412 1215 2449 :
1267 2393 1339 2447 De
1374 2408 1487 2447 meo
1538 2396 1800 2465 accipiet,
1836 2406 1891 2450 et

321 2488 662 2541 «iiinuntiabit
720 2486 882 2540 vobis.
922 2485 1094 2555 llujns
1136 2487 1280 2540 enim
1348 2486 1495 2554 quod
1535 2501 1618 2541 est
1674 2502 1893 2540 annun-

327 2580 487 2643 tiare,
508 2593 673 2634 causa
690 2578 947 2646 nimirum
977 2584 1061 2631 est
1086 2576 1231 2644 quod
1254 2576 1461 2632 audiat.
1480 2581 1549 2630 At
1581 2592 1714 2631 vero
1735 2578 1891 2648 ejus-

324 2672 448 2726 dem
478 2671 627 2740 qnod
660 2681 747 2726 est
773 2670 1128 2731 annuntiare.
1157 2684 1318 2722 causa
1349 2678 1433 2723 est
1463 2668 1607 2741 quod
1649 2685 1717 2723 ex
1752 2669 1893 2726 Filio

324 2763 580 2832 accipiat.
627 2761 898 2829 Quocirca
951 2777 1015 2816 ex
1070 2760 1211 2815 Filio
1266 2760 1518 2830 accipere
1565 2768 1645 2814 et.
1667 2762 1890 2828 audire,

325 2853 575 2922 ejusdem
613 2862 672 2907 et
721 2853 906 2917 unius,
940 2851 1088 2922 quod
1124 2851 1386 2905 nimirum
1423 2860 1504 2906 est
1557 2851 1894 2907 annuntiare

324 2952 458 2999 sunt
503 2957 704 2999 causae.
745 2942 894 2997 ldem
954 2957 1085 3010 ergo
1127 2950 1219 2997 est
1252 2940 1306 2994 in
1344 2939 1546 2995 disinis
1583 2940 1809 3004 audire,
1838 2950 1896 2995 et

328 3035 584 3105 accipere
607 3049 638 3088 a
667 3033 827 3089 Filio.
854 3031 1025 3101 Igitur
1054 3030 1234 3085 audit.
1256 3030 1363 3085 Sed
1387 3040 1442 3086 et
1475 3044 1707 3100 magnus
1736 3030 1894 3085 Basi-

327 3127 438 3182 lius
466 3125 521 3180 in
556 3124 808 3180 Asceticis
832 3162 848 3188 ,
904 3124 964 3177 in
1010 3136 1264 3177 sermone
1313 3121 1470 3193 cujus
1495 3130 1585 3175 est
1649 3121 1892 3186 initium,

329 3212 431 3273 Dei
464 3219 649 3290 optimi
669 3219 868 3288 gratia,
892 3216 962 3273 de
989 3216 1199 3286 Spiritu
1229 3225 1419 3270 saneto
1450 3216 1524 3270 ait
1555 3232 1572 3271 :
1599 3215 1701 3281 Qui
1733 3216 1896 3271 docet

329 3321 381 3381 et
423 3312 670 3380 suggerit
707 3309 889 3364 omnia
916 3348 932 3373 ,
989 3321 1332 3377 quacunque
1363 3306 1603 3361 audierit
1651 3323 1679 3360 a
1729 3307 1891 3364 Filio.

328 3403 572 3456 Audiens
592 3410 774 3455 autem
794 3415 825 3454 a
848 3399 1007 3463 Filio,
1034 3401 1199 3453 etiam
1224 3397 1471 3467 procedit
1496 3399 1567 3451 ab
1596 3399 1736 3467 ipso,
1766 3414 1895 3467 pro-

332 3506 519 3564 pterea
577 3493 725 3564 quod
752 3493 970 3561 audire
1014 3491 1211 3561 ipsius,
1249 3507 1355 3546 non
1396 3490 1548 3544 aliud
1587 3491 1679 3557 sit,
1730 3505 1895 3560 quam

329 3587 653 3659 procedere,
690 3595 747 3641 ut
775 3587 983 3641 dictum
1016 3595 1123 3639 est.

1982 566 2248 635 λαμϐάνει
2274 559 2705 630 ἐκπορευόμενον
2736 553 2794 621 ἐξ
2831 551 3021 606 αὑτοῦ.
3060 550 3237 611 Aine;
3267 547 3376 619 ἄρα
3400 548 3491 600 καὶ
3516 546 3547 599 6

1984 658 2112 718 Υἱὸς
2137 655 2236 723 τῆς
2279 653 2373 707 τοῦ
2406 650 2725 718 Πνεύματος
2753 643 3153 713 ὲκπορεύσεως.

2056 749 2199 811 Ἔτι,
2229 749 2256 800 ὁ
2291 747 2419 808 Υίὸς
2458 745 2588 813 περὶ
2619 742 2719 810 μὲν
2752 736 2946 793 ἑαυτοῦ
2976 751 3161 806 φησιν,
3195 735 3267 788 Ἀ
3307 733 3545 799 ἤκουσα

1983 846 2141 905 παρὰ
2174 836 2283 891 τοῦ
2316 837 2545 904 Πατρός
2588 849 2731 901 μου,
2762 828 3092 896 ἁνήγγειλα
3118 825 3262 893 ὑμῖν
3284 836 3301 852 ⁸
3332 823 3457 891 περὶ
3489 821 3545 875 δὲ

1981 933 2077 983 τοῦ
2112 928 2449 997 Πνεύματος,
2482 926 2563 978 Οὐ
2586 921 2849 988 λαλήσει
2871 919 2974 988 ἀφ’
2993 915 3234 979 ἑαυτοῦ,
3264 914 3403 969 ἀλλ’
3427 913 3545 967 ὅσα

1982 1020 2059 1074 ἂν
2087 1018 2326 1084 ἀκούσῃ
2385 1013 2670 1081 λαλήσει.
2708 1012 2774 1064 Ὅ
2824 1010 3005 1063 τοίνυν
3055 1006 3147 1059 ἐπὶ
3176 1002 3273 1058 τοῦ
3318 1004 3447 1057 Υίοῦ
3487 1004 3549 1057 τὸ

1982 1108 2135 1179 παρὰ
2164 1106 2256 1161 τοῦ
2287 1105 2501 1175 [ἰατρὸς
2548 1101 2768 1156 ἀκούειν
2805 1098 3081 1169 σημαίνει,
3122 1095 3280 1150 τοῦτο
3325 1093 3424 1147 καὶ
3456 1094 3551 1146 ἐπὶ

1982 1199 2076 1252 τοῦ
2109 1197 2426 1267 Πνεύματος
2476 1193 2717 1264 σημανεῖ
2757 1190 2820 1244 τὸ
2847 1188 3093 1243 ἀκούειν.
3137 1184 3282 1240 Ἀλλ’
3326 1184 3423 1238 ἐπὶ
3451 1184 3551 1237 τοῦ

1985 1291 2119 1346 Υίοῦ
2152 1291 2213 1343 τὸ
2265 1289 2484 1343 ἀκούειν
2513 1287 2573 1345 τὸ
2602 1284 2698 1339 ἀπ’
2727 1284 2908 1346 αἰτίας
2956 1278 3096 1336 εἶναι
3142 1278 3421 1349 σημαίνει,
3454 1278 3551 1330 καὶ

1982 1385 2042 1438 τδ
2085 1382 2397 1452 γεννᾶσθαι.
2453 1378 2698 1433 ’Δκούειν
2742 1374 2851 1446 γάρ
2912 1376 3031 1427 ἐστι
3090 1372 3151 1425 τὸ
3209 1371 3404 1439 σοφίαν
3454 1365 3554 1427 καῗῐ

1983 1478 2182 1545 γνῶσιν
2204 1474 2526 1545 λαμϐάνειν.
2554 1472 2615 1524 'O
2637 1470 2692 1523 δὲ
2714 1469 2843 1532 Υίδς
2870 1466 2931 1520 οὗ
2950 1464 3229 1534 γεννηθεὶς
3262 1461 3548 1531 πρότερον,

1983 1564 2102 1621 εἶτα
2141 1567 2370 1637 ὕστερον
2408 1560 2775 1635 προσελάϐετο
2821 1558 3022 1628 γνῶσιν
3063 1555 3097 1626 ἢ
3140 1553 3371 1622 σοφίανο
3413 1548 3549 1603 ἀλλὰ

1986 1658 2149 1728 σοφία
2182 1656 2527 1727 γεγέννηται,
2554 1655 2612 1708 ἐν
2639 1650 2790 1720 αὐτῷ
2819 1650 2896 1721 τῷ
2921 1647 3217 1718 γεννᾶσθαι
3242 1643 3427 1697 λαϐὼν
3447 1642 3551 1710 τήν

1984 1765 2045 1803 τε
2079 1749 2281 1816 γνῶσιν
2309 1745 2405 1800 καὶ
2438 1743 2655 1814 σοφίαν,
2688 1740 2783 1796 καὶ
2804 1740 2980 1794 πάντα
3000 1738 3071 1791 τὰ
3099 1736 3255 1801 ἄλλα,
3292 1734 3330 1788 ἃ
3352 1733 3550 1787 ταυτόν

1991 1839 2097 1893 είσι
2133 1841 2202 1909 τῇ
2233 1838 2392 1908 οὐσίᾳ
2415 1835 2605 1890 αὐτοῦ.
2640 1832 2864 1902 Ταύτην
2895 1831 3005 1899 ἄρα
3034 1826 3251 1881 ἀκούων
3279 1825 3436 1896 παρὰ
3456 1822 3554 1877 τοῦ

1993 1932 2226 2002 Πατρδς,
2265 1928 2533 1999 λαμϐάνει
2576 1925 2706 1996 παρ’
2735 1923 2923 1978 αὐτοῦ.
2952 1921 3068 1977 Καὶ
3104 1920 3168 1974 τδ
3203 1916 3428 1976 ἀκούειν
3456 1916 3556 1970 αὐ·-

1963 2023 2081 2079 .τδν
2106 2020 2398 2089 γεννᾶσθαί
2443 2021 2583 2073 ἐστι.
2616 2016 2814 2072 Καὶ-το
2856 2013 3076 2069 ἀκούειν
3102 2013 3209 2083 ἄρα
3233 2010 3328 2064 τοῦ
3385 2008 3556 2063 Πνεύο

1993 2129 2164 2182 ματος
2212 2113 2272 2167 τὸ
2296 2111 2390 2166 ἀπ’
2433 2108 2611 2174 αἰτίας
2640 2104 2781 2163 εῖναι
2826 2106 2921 2161 καὶ
2964 2100 3365 2174 ἐκπορεύεσθαι
3422 2099 3557 2154 αὐτὸ

1993 2204 2272 2274 σημαίνει.
2306 2202 2472 2254 ’Ὥστε
2521 2201 2616 2254 καὶ
2659 2197 2791 2269 παρ’
2820 2196 2880 2250 ού
2919 2194 3129 2260 ἀκούει,
3163 2192 3314 2264 παρά
3360 2193 3557 2246 τούτου

1991 2296 2086 2349 καὶ
2117 2293 2497 2365 ἐκπορεύεται.
2540 2290 2682 2344 Ἀλλ’
2726 2287 2917 2342 ἀκούει
2945 2286 3006 2338 ού
3032 2284 3185 2354 παρα
3207 2282 3302 2336 τοῦ
3343 2281 3559 2352 [ἰατρὸς

1993 2387 2177 2454 μόνον,
2205 2384 2322 2439 ἀλλ’
2374 2383 2526 2437 οὐδὲν
2550 2377 2714 2454 ἦττον
2761 2382 2858 2435 καὶ
2902 2376 3054 2448 παρᾶ
3085 2375 3181 2428 τοῦ
3228 2372 3358 2426 Υίοῦ
3384 2388 3400 2403 ·
3456 2376 3559 2426 καὶ

1993 2479 2146 2552 παρὰ
2172 2477 2272 2533 τοῦ
2311 2475 2441 2530 Υἱοῦ
2468 2476 2580 2544 ἄρα
2613 2469 2996 2542 ἐκπορεύεται.
3025 2467 3149 2520 Ὀτι
3170 2465 3216 2517 δ’
3242 2462 3434 2519 ἀκούει
3459 2460 3559 2516 καὶ

1996 2572 2149 2642 παρὰ
2182 2570 2276 2625 τοῦ
2312 2568 2468 2634 Υίοῡ,
2493 2567 2650 2638 δῆλον
2677 2563 2786 2619 ἀπὸ
2832 2562 2939 2615 τῶν
2966 2560 3062 2613 τοῦ
3095 2557 3347 2627 Σωτῆρος
3377 2555 3562 2625 ῥημά-

1994 2684 2123 2730 των,
2150 2665 2285 2718 ὃπου
2309 2663 2495 2731 φησιν,
2531 2658 2636 2713 Ἕκ
2654 2657 2764 2710 τοῦ
2783 2654 2929 2723 ἐμοῦ
2949 2650 3233 2720 λήψεται,
3258 2649 3355 2702 καὶ
3380 2648 3564 2715 ἀνατ-

1994 2756 2163 2826 τελεῒ
2180 2754 2341 2824 ὑμῖν.
2375 2751 2483 2804 Τοῦ
2527 2750 2635 2820 γὰρ
2663 2745 3042 2815 ἁναγγὲλλειν,
3067 2743 3240 2797 αἴτιον
3272 2738 3471 2808 δηλαδὴ
3501 2737 3563 2791 τὺ

1994 2850 2239 2904 ἀκούειν.
2279 2846 2443 2901 Ἀλλὰ
2493 2844 2600 2915 μὴν
2645 2842 2739 2896 τοῦ
2775 2837 2939 2894 αὑτοῦ
2964 2836 3342 2905 ἀναγγέλλειν,
3394 2832 3459 2885 τδ
3494 2835 3562 2885 ὲκ

1994 2941 2087 2997 τοῦ
2125 2940 2256 2994 Υίοῦ
2308 2937 2606 3008 λαμϐάνειν
2652 2934 2849 2987 αἴτιον.
2879 2932 3045 2984 Ὥστε
3081 2930 3141 2982 τδ
3175 2930 3239 2983 ὲκ
3286 2927 3383 2981 τοῦ
3431 2923 3562 2980 Υίοῧ

1994 3037 2296 3107 λαμϐάνειν
2325 3036 2419 3086 καὶ
2458 3031 2517 3083 τὸ
2542 3028 2760 3084 ἀκούειν
2791 3026 2884 3080 τοῦ
2939 3023 3103 3079 αὐτοῦ
3156 3023 3250 3076 καὶ
3294 3021 3434 3086 ἐνὸς,
3471 3020 3566 3088 δη-

1995 3129 2130 3198 λαδὴ
2158 3125 2253 3179 τοῦ
2309 3121 2692 3190 ἀναγγέλλειν,
2733 3118 2872 3171 είσὶν
2895 3116 3068 3170 αἴτια.
3098 3114 3308 3169 Ταυτδν
3356 3112 3465 3183 ἄρα
3503 3111 3566 3164 τδ

2000 3221 2220 3278 ἀκούειν
2249 3218 2325 3288 τῷ
2357 3218 2420 3270 ὲκ
2448 3215 2540 3268 τοῦ
2588 3209 2718 3264 Υίοῦ
2761 3209 3058 3280 λαμϐάνειν
3087 3207 3181 3260 ἐπὶ
3219 3205 3329 3259 τῶν
3378 3203 3563 3257 θείων.

2015 3292 2110 3367 Ἐκ
2139 3307 2231 3365 τοῦ
2265 3309 2397 3364 Υίοῦ
2429 3309 2539 3379 ἄρα
2565 3302 2777 3359 ἀκούει.
2829 3301 2993 3355 Ἀλλὰ
3016 3301 3112 3354 καὶ
3134 3300 3163 3352 ὁ
3200 3299 3374 3369 μέγας
3403 3298 3567 3350 Βασίο

2002 3405 2143 3465 λειος
2173 3403 2232 3454 ὲν
2275 3401 2387 3462 τοῖς
2435 3393 2833 3464 Ἀσκητικοῖς,
2867 3393 2923 3445 ὲν
2958 3391 3037 3462 τῷ
3071 3391 3216 3459 λόγῳ
3245 3382 3306 3441 οὗ
3334 3389 3366 3459 η
3398 3387 3563 3457 ἀρχὴ,

2006 3493 2153 3548 Θεοῦ
2203 3490 2306 3545 τοῦ
2354 3488 2580 3555 ἀγαθοῦ
2635 3485 2865 3555 χάριτι,
2923 3485 3051 3553 περὶ
3104 3480 3197 3534 τοῦ
3247 3479 3566 3549 Πνεύματός

2005 3602 2161 3655 φησι.
2216 3584 2289 3634 Τὸ
2333 3581 2612 3641 διδάσκον,
2642 3580 2738 3632 καὶ
2782 3577 3204 3646 ύπομιμνῆσκον
3254 3574 3429 3627 πάντα
3461 3575 3566 3628 ὅσα

330 3685 397 3736 ἂν
420 3682 610 3736 ἀκούοι
640 3681 792 3752 παρὰ
814 3680 909 3733 τοῦ
941 3679 1090 3734 Υἰοῦ.
1129 3678 1349 3734 ’Δκοῦον
1378 3679 1436 3732 δὲ
1467 3681 1619 3749 παρὰ
1640 3679 1733 3732 τοῦ
1763 3679 1915 3747 Υίοῦ,
1957 3682 2053 3735 καὶ
2110 3676 2468 3749 ἐκπορεύεται
2508 3674 2569 3741 ἐξ
2603 3673 2769 3727 αὐτοῦ
2796 3689 2813 3707 ο
2840 3673 2928 3726 διὰ
2963 3672 3022 3725 τὸ
3047 3671 3270 3725 ἀκούειν
3305 3670 3466 3724 αὐτοῦ
3506 3671 3565 3722 ιδ

330 3774 729 3846 ἐκπορεύεσθαι
757 3770 919 3826 αὑτοῦ
949 3770 1108 3837 εἶναι,
1139 3773 1214 3837 ὡς
1243 3774 1482 3844 εἴρηται.

403 3872 671 3927 Praeterea
700 3870 916 3925 Patrem
956 3884 1079 3925 esse
1118 3871 1205 3925 vel
1247 3886 1514 3940 generare
1565 3885 1676 3924 non
1709 3868 1894 3924 conti-

332 3974 427 4019 net
457 3964 726 4019 rationem
762 3962 1123 4035 producendi.
1155 3962 1317 4018 Certe
1349 3963 1497 4018 enim
1529 3960 1770 4030 Spiritus
1809 3973 1898 4015 es-

2075 3867 2198 3920 Ἐτι
2227 3868 2288 3918 τὸ
2318 3863 2536 3933 Πατέρα
2569 3855 2732 3922 εἶναι,
2762 3859 2796 3929 ἢ
2829 3858 2889 3911 τὸ
2916 3859 3113 3924 τεκεῖν,
3142 3858 3202 3911 ού
3233 3856 3479 3929 περιέχει
3506 3860 3568 3911 ἂν

2003 3959 2183 4030 ἐαυτῷ
2211 3959 2304 4011 τὸν
2338 3956 2499 4024 λόγον
2530 3954 2620 4006 τὸν
2648 3952 2743 4006 τοῦ
2780 3953 3125 4023 προϐάλλειν.
3156 3948 3233 4005 Ἦ
3264 3952 3372 4022 γὰρ
3402 3953 3466 4007 ἂν
3497 3949 3569 4023 ἦν

333 4065 419 4110 set
445 4054 633 4110 Filius.
663 4054 771 4110 Sed
808 4054 980 4110 Filius
1010 4055 1171 4110 habet
1200 4055 1384 4108 omnia
1408 4052 1750 4122 simpliciter,
1774 4065 1893 4121 quin

2001 4053 2062 4105 τὸ
2103 4051 2328 4120 Πνεῦμα
2359 4048 2506 4109 Υἱός.
2552 4044 2691 4098 Ἀλλ’
2724 4046 2752 4097 ὁ
2774 4045 2903 4106 Υἱὸς
2933 4044 3108 4099 πάντα
3138 4044 3253 4114 ἔχει
3280 4045 3465 4107 ἁπλῶς
3497 4048 3570 4097 tit

334 4159 462 4202 sunt
494 4146 672 4201 Patris
697 4185 713 4211 ,
765 4155 998 4216 excepto
1043 4160 1330 4216 generare,
1376 4144 1459 4199 vel
1494 4144 1712 4198 Patrem
1753 4158 1893 4198 esse.

2002 4142 2094 4197 τοῦ
2124 4140 2356 4212 Πατρδς,
2388 4138 2528 4210 πλὴν
2562 4137 2660 4189 τοῦ
2702 4138 2904 4201 τεκείν,
2941 4137 2974 4206 ἢ
3013 4136 3106 4189 τοῦ
3148 4137 3363 4206 Πατέρα
3402 4132 3567 4192 εἶναι.

334 4239 480 4293 Dicit
505 4236 653 4293 enim
684 4248 910 4293 sanctus
933 4236 1197 4305 Cyrillus,
1223 4236 1279 4289 in
1306 4235 1551 4290 secundo
1582 4234 1799 4304 dialogo
1818 4233 1893 4287 Ad

2003 4234 2140 4305 Φησὶ
2168 4235 2274 4303 γὰρ
2299 4232 2329 4284 ὁ
2358 4230 2517 4301 ἅγιος,
2547 4227 2818 4299 Κύριλλος
2844 4230 2901 4282 ὲν
2928 4227 3004 4297 τῷ
3037 4227 3083 4298 β’
3110 4229 3221 4282 τῶν
3254 4229 3409 4296 Πρὸς
3445 4228 3571 4296 Ἐρ-

338 4329 615 4385 Ησνιηίαπι
651 4345 671 4383 :
706 4330 1050 4386 Comtcrnum
1082 4329 1362 4385 credimus
1399 4327 1596 4382 Filium
1629 4327 1811 4393 Patri,
1844 4335 1893 4382 et

2004 4328 2186 4399 μείαν
2208 4340 2224 4356 ο
2276 4322 2555 4377 Συναῖδιον
2592 4322 2923 4389 πιστεύομεν
2968 4321 3057 4373 τὸν
3095 4320 3222 4372 Υίὸν
3251 4319 3328 4391 τῷ
3371 4322 3573 4392 Πατρὶ,

335 4422 705 4491 quodcunque
747 4421 897 4475 aliud
930 4420 1140 4489 mquale
1189 4418 1486 4474 habentem
1537 4419 1679 4473 citra
1735 4432 1893 4488 gene-

2009 4420 2103 4471 καὶ
2135 4418 2243 4470 πᾶν
2292 4412 2472 4466 ὁτιοῦν
2508 4409 2794 4478 ίσόμετρον
2840 4409 3050 4479 ἔχοντα,
3098 4409 3223 4481 δίχα
3263 4410 3423 4481 μόνον
3468 4410 3568 4463 τοῦ

340 4530 464 4569 rare
495 4524 748 4572 tantum:
780 4517 883 4569 hoc
908 4515 1057 4567 enim
1082 4512 1188 4568 soli
1214 4513 1325 4567 Deo
1352 4522 1411 4567 et
1436 4510 1583 4566 Patri
1615 4509 1893 4566 convenit.

2007 4507 2209 4559 τεκεῖν.
2253 4502 2528 4574 Προσήκοι
2570 4498 2680 4566 γὰρ
2731 4499 2796 4551 ἂν
2835 4499 2993 4552 τοῦτο
3025 4500 3170 4569 μόνῳ
3217 4500 3296 4570 τῷ
3320 4499 3440 4570 Θεῷ
3467 4502 3573 4558 καὶ

412 4690 561 4744 idem
599 4690 654 4745 in
687 4692 940 4747 oratione
969 4691 1045 4745 De
1078 4690 1360 4757 Triuitate,

414 4782 469 4835 In
506 4780 665 4846 Filio,
699 4782 902 4851 inquit,
952 4782 1238 4853 unigenito
1273 4796 1373 4851 per
1417 4779 1602 4836 omnia
1649 4778 1817 4835 simili
1849 4785 1906 4832 et

341 4875 537 4940 aequali
567 4873 739 4937 Patri,
769 4876 973 4943 absque
1009 4874 1368 4942 paternitate.
1414 4871 1586 4942 Igitur
1611 4871 1781 4925 habet
1812 4869 1906 4924 Fio

344 4966 448 5017 lius
475 4966 801 5032 producere,
832 4964 1285 5034 quandoquidem
1318 4963 1464 5018 istud
1491 4971 1695 5032 praeter
1721 4970 1908 5031 pater-

344 5060 532 5109 uitatis
571 5068 840 5110 rationem
886 5068 987 5110 est.
1027 5055 1223 5110 Omnia
1250 5070 1383 5110 vero
1413 5055 1588 5110 Patris
1621 5090 1640 5116 ,
1694 5065 1907 5108 tantum

344 5158 545 5218 printer
575 5151 977 5218 patcrnitatem,
1011 5150 1117 5203 hoc
1163 5158 1248 5204 est
1296 5157 1494 5218 praeter
1516 5162 1780 5217 generare
1804 5186 1818 5212 ,
1855 5155 1910 5200 et

345 5242 461 5312 ilhc
497 5242 681 5306 habet,
715 5252 774 5295 ut
802 5242 930 5296 divo
963 5240 1166 5312 Cyrillo
1204 5240 1444 5296 videtur.

416 5340 685 5395 Praeterea
712 5338 1012 5410 Gregorius
1048 5339 1354 5410 Nyssenus,
1396 5338 1627 5392 bomilia
1653 5337 1707 5391 in
1746 5336 1911 5390 Pater

347 5443 547 5498 uester,
588 5433 750 5503 cujus
776 5443 862 5487 est
890 5432 1107 5486 initium
1143 5451 1159 5487 :
1190 5429 1415 5495 Quando
1437 5445 1664 5499 magnus
1702 5428 1909 5498 Moyses

343 5520 498 5587 iuxta
534 5530 765 5573 montem
790 5520 1039 5590 populum
1069 5519 1429 5574 Israeliticum
1459 5521 1618 5573 initia
1668 5528 1718 5572 et
1750 5533 1910 5572 sacra

347 5614 587 5675 docebat,
619 5612 844 5666 tradens
872 5612 1233 5666 sanctissimae
1261 5611 1553 5665 Trinitatis
1583 5609 1911 5673 discrimen,

349 5703 566 5756 Patrem
593 5719 623 5756 a
648 5704 786 5757 Filio
822 5712 879 5757 et
933 5702 1143 5771 Spiritu
1190 5703 1434 5757 secernit
1469 5741 1485 5765 ,
1519 5717 1587 5756 eo
1619 5701 1767 5771 quod
1799 5702 1914 5770 ipse

351 5795 426 5848 sit
452 5807 638 5859 causa,
674 5795 754 5848 illi
785 5795 1058 5866 verowsint
1088 5797 1323 5851 causati.
1360 5792 1558 5848 Filium
1580 5802 1765 5848 autem
1794 5807 1915 5846 rur«

2006 4596 2202 4669 Πατρί.

2074 4692 2186 4743 Καὶ
2216 4691 2274 4743 ἒν
2301 4688 2381 4759 τῷ
2408 4689 2553 4757 Περί
2579 4687 2823 4760 Τριάδος
2846 4685 2988 4755 λόγῳ
3026 4685 3055 4738 ὁ
3094 4683 3257 4746 αὑτός
3283 4698 3298 4714 ο

2088 4781 2177 4833 Ἐν
2206 4781 2320 4850 Υίῷ
2372 4781 2671 4850 μονογενεῖ,
2726 4776 2869 4831 κατὰ
2901 4777 3079 4832 πάντα
3125 4774 3298 4843 ὁμοίῳ
3340 4773 3430 4825 καὶ
3468 4773 3575 4843 ἴσῳ

2005 4873 2084 4944 τῷ
2109 4873 2306 4943 Πατρὶ,
2342 4870 2510 4943 χωρὶς
2534 4871 2633 4941 τῆς
2665 4869 3026 4939 πατρότητος.
3068 4866 3226 4936 Ἔχει
3254 4866 3363 4934 ἄρα
3391 4866 3418 4917 ὁ
3445 4866 3580 4929 Υίὸς

2006 4966 2067 5019 τὸ
2099 4962 2455 5034 προϐάλλεινο
2485 4961 2677 5032 ἐπειδὴ
2704 4959 2860 5014 τοῦτο
2905 4960 3005 5026 μὲν
3039 4959 3186 5026 παρὰ
3218 4958 3309 5009 τὸν
3341 4956 3440 5025 τῆς
3467 4973 3581 5007 πα-

2008 5056 2262 5128 τρὸτητός
2286 5058 2403 5108 ἔστι
2428 5054 2587 5123 λόγον
2606 5070 2621 5085 ·
2655 5053 2832 5107 πάντα
2862 5052 2919 5105 δὲ
2944 5050 3013 5103 τὰ
3033 5049 3126 5102 τοῦ
3157 5046 3387 5117 ίιατρδς,
3422 5046 3580 5116 παρὰ

2005 5149 2110 5214 τὴν
2139 5146 2458 5214 πατρότητα
2496 5143 2677 5213 μόνον,
2705 5142 2826 5210 ἢτοι
2858 5139 3010 5208 παρὰ
3042 5139 3103 5199 τὸ
3127 5140 3328 5195 τεκεῖν,
3356 5135 3449 5186 καὶ
3479 5138 3580 5186 αύ-

2008 5241 2096 5301 τὸς
2126 5237 2260 5306 ἔχει,
2296 5235 2369 5299 ὡς
2397 5235 2475 5305 τῷ
2504 5234 2756 5303 Κυρίλλῳ
2779 5234 2949 5286 δοκεῖ.

2084 5329 2205 5381 Ἔτι
2234 5330 2262 5382 ὀ
2311 5326 2534 5394 Νύσσης
2582 5325 2887 5398 Γρηγόριος
2941 5326 3001 5378 ἐν
3033 5324 3096 5393 τῇ
3144 5323 3223 5386 είς
3271 5321 3333 5374 τι
3385 5319 3584 5387 Πάτερ

2008 5418 2180 5489 ἡμῶν
2207 5417 2416 5489 ὁμιλίᾳ,
2445 5411 2513 5488 ἧς
2549 5416 2584 5486 ἠ
2620 5415 2788 5484 ἀρχὴ,
2814 5415 2956 5468 Ὅτε
2994 5413 3305 5483 προσῆγεν
3330 5414 3364 5465 δ
3386 5411 3586 5481 μέγας

2010 5508 2275 5577 Μωυσῆς
2292 5507 2366 5576 τῇ
2388 5507 2539 5561 κατὰ
2556 5507 2622 5560 τὸ
2647 5507 2786 5574 ὅρος
2807 5507 3194 5575 μυσταγωτιᾯ
3213 5506 3320 5558 τὸν
3346 5506 3588 5571 Ἰσραηε

2011 5606 2191 5671 λίτην
2236 5600 2716 5674 λαὸν-,οδιάκρισιν
2762 5601 2857 5669 τῆς
2889 5598 3037 5662 θείας
3076 5597 3306 5668 Τριὰδος
3348 5599 3591 5664 παραδι-

2015 5699 2162 5760 δοὺς,
2196 5698 2287 5765 τὶν
2325 5696 2422 5765 μὲν
2459 5694 2676 5762 Πατέρα
2704 5693 2835 5746 Υἱοῦ
2884 5694 2979 5744 καὶ
3025 5685 3340 5761 Πνεύματος
3369 5687 3592 5757 διακρί-

2172 5760 2220 5797 <.

2017 5808 2118 5855 νει,
2158 5780 2231 5841 τῗιζι
2279 5788 2369 5840 τον
2421 5785 2518 5853 μὲν
2560 5784 2688 5839 ἄνευ
2746 5784 2921 5849 αἰτίας
2963 5780 3124 5848 εἶναι,
3180 5783 3363 5836 ἐκεῖνα
3405 5780 3595 5833 δὲάξ-
