3966 6218
337 368 451 432 385

1272 359 1370 417 DE
1417 354 1941 416 I’lltﬁlCESSIONE
1985 353 2348 412 SPIRITUS
2392 354 2684 420 SANCTI.

3470 356 3576 419 386

334 482 499 538 ⁴νἰατά
517 498 532 513 ·
559 479 686 532 Υἱδν
707 477 764 531 δὲ
784 470 853 530 αὖ
879 475 976 528 καὶ
997 472 1222 542 Πνεῦμα
1240 473 1490 541 ἀλλήλοις
1522 468 1906 531 κοινωνοῦντα,

2025 484 2108 522 sus
2137 477 2192 523 et
2246 468 2532 538 Spiritum,
2586 471 2640 523 in
2678 482 2818 539 quos
2855 467 2987 522 illud
3020 467 3297 529 convenit,
3357 476 3418 522 ut
3465 469 3581 522 sint

335 577 415 644 τῷ
445 574 541 629 καὶ
577 573 746 642 ἄμφω
798 567 1021 621 αίτιατὰ
1081 562 1244 630 εἶναι,
1308 565 1576 634 διακρίνει
1632 562 1902 632 ἀλλήλων,

334 668 416 737 τῷ
443 667 534 720 τὸν
567 665 666 734 μὲν
700 664 766 714 ὲκ
788 660 884 712 τοῦ
924 659 1136 728 Πατρός
1173 653 1340 719 εἶναι,
1371 657 1464 709 καὶ
1497 654 1662 724 μέχρι
1691 653 1906 714 τούτου,

335 759 400 810 τὸ
429 758 486 810 δὲ
518 754 743 823 Πνεῦμα
770 755 832 804 ἐκ
861 749 957 804 τοῦ
997 748 1209 819 Πατρὸς
1245 749 1338 800 καὶ
1363 748 1426 799 ὲκ
1448 745 1543 798 τοῦ
1572 743 1726 798 Υἱοῦ.
1753 744 1909 796 Οὕτω

337 851 446 920 γὰρ
475 849 542 902 τὰ
579 848 688 900 τῶν
717 844 1072 913 ἀντιγράφων
1095 842 1430 910 ἀρχαιότερα
1457 839 1592 908 ἔχει.
1618 838 1781 889 Ὥστε
1815 838 1910 888 καὶ

337 943 478 994 κατὰ
507 939 699 993 τοῦτον
749 939 840 991 τὸν
875 935 1223 996 διδάσκαλον,
1271 934 1331 986 τὸ
1377 931 1601 1000 Πνεῦμὰ
1647 934 1797 983 ἐστιν
1851 930 1911 994 ἐξ

338 1031 493 1085 Υίοῦ.
530 1032 592 1084 Εἰ
626 1029 684 1082 δέ
737 1045 884 1091 τινες
917 1029 1059 1080 κατὰ
1106 1024 1178 1078 τὰ
1218 1024 1328 1077 τῶν
1379 1023 1732 1090 ἀντιγράφων
1780 1021 1912 1073 νεώ-

336 1138 472 1192 τερα
509 1120 738 1189 Πνεῦμα
773 1117 906 1171 Υίοῦ
951 1115 1207 1184 λέγεσθαι
1263 1112 1492 1179 εἴποιεν,
1523 1114 1621 1165 οὐκ
1667 1112 1724 1177 ἐξ
1755 1111 1908 1177 Υίοῦ,

337 1213 436 1266 καὶ
478 1211 650 1274 οὕτως
679 1212 828 1281 ὅμως
872 1208 1028 1263 οῠδὶν
1060 1210 1247 1271 αὐτοῖς
1277 1207 1428 1260 ἔσται
1473 1206 1660 1260 πλέον.
1691 1207 1762 1257 Τδ
1803 1205 1910 1274 γὰρ

335 1301 472 1354 αὐτὸ
498 1301 880 1370 συμπέρασμα
905 1300 1000 1352 καὶ
1035 1300 1098 1350 ἐκ
1126 1296 1340 1360 τούτου,
1372 1295 1475 1349 κᾶν
1505 1295 1580 1366 μὴ
1615 1295 1908 1364 βούλοιντο,

336 1390 762 1460 συναχθήσεται.
787 1387 956 1456 Δῆλον
985 1387 1092 1456 γὰρ
1116 1386 1199 1437 ὅτι
1218 1385 1309 1437 τὸν
1333 1383 1459 1437 Υἱὺν
1481 1385 1575 1438 καὶ
1601 1385 1663 1436 τὸ
1688 1383 1909 1451 Πνεῦμα

335 1480 519 1551 εὑρὼν
552 1481 694 1533 κατὰ
717 1480 778 1532 τὸ
807 1479 1026 1532 ctum:
1054 1472 1214 1542 εῖναι,
1239 1477 1330 1529 καὶ¹
1355 1477 1524 1546 ἄμφω
1546 1475 1910 1530 κοινωνοῦντα

336 1571 617 1642 ἀλλήλοις,
653 1573 828 1641 ζητεῖ,
863 1571 970 1624 τίνι
1006 1569 1074 1624 ἂν
1112 1569 1449 1638 διακριθεῖεν
1495 1568 1742 1639 ἀλλήλων
1766 1584 1781 1598 ⁶
1814 1567 1912 1621 καὶ

334 1663 727 1733 ἀποφαίνεται,
786 1662 883 1724 ὡς.
918 1663 968 1715 εί
1024 1662 1119 1715 καὶ
1157 1661 1328 1731 ἄμφω
1376 1660 1457 1730 τῷ
1507 1661 1728 1714 αίτιατὰ
1772 1655 1911 1713 εἶναι

337 1752 696 1806 κοινωνοῦσιν
734 1751 1008 1823 ἀλλήλοις,
1057 1753 1173 1806 ἀλλ’
1215 1754 1243 1805 6
1278 1752 1377 1821 μὲν
1403 1750 1534 1813 Υίδς
1566 1752 1630 1804 ἐκ
1675 1749 1770 1804 τοῦ
1800 1750 1910 1803 Πα-

341 1844 478 1912 τρός
509 1843 858 1912 ὀνομάζεται,
893 1845 985 1896 καὶ
1022 1843 1184 1914 μέχρι
1207 1843 1400 1897 τούτου
1435 1841 1584 1913 αὐτῷ
1619 1842 1676 1895 τὸ
1713 1843 1911 1913 ίδίωμα

335 1936 578 1987 ἵσταται.
609 1933 681 1987 Τὸ
698 1935 754 1986 δὲ
775 1934 996 2004 Πνεῦμα
1020 1937 1107 1987 καὶ
1133 1937 1198 1989 ὲκ
1213 1933 1311 1987 τοῦ
1334 1935 1542 2003 Πατρός
1559 1933 1797 2001 λέγεται,
1819 1934 1915 1988 καὶ

339 2027 436 2080 τοῦ
465 2027 595 2080 Υῐοῦ
627 2024 768 2080 εἶναι
801 2027 1326 2098 προσμαρτυρεῖται.
1357 2026 1566 2079 Οὐκοῦν
1600 2027 1659 2078 τὸ
1689 2025 1914 2096 Πνεῦμα

340 2119 439 2172 καὶ
464 2118 701 2187 Χριστοῦ
739 2119 966 2188 Πνεῦμα
994 2121 1163 2179 ἐστιν.
1189 2121 1216 2170 6
1245 2119 1300 2170 δὲ
1322 2118 1449 2181 Υἱὸς
1471 2117 1565 2170 τοῦ
1599 2118 1916 2187 Πνεύματος

340 2205 468 2259 οῦτε
486 2206 656 2270 ἐστιν,
681 2205 811 2259 οὔτε
838 2207 1056 2275 λέγεται
1074 2221 1090 2236 ⁶
1120 2205 1242 2259 οὔτε
1263 2205 1612 2276 ἀντιστρέφει
1639 2207 1670 2275 ἡ
1691 2206 1914 2277 σχετικὴ

345 2297 484 2367 αῦτη
541 2299 858 2362 ἀκολουθία,
915 2299 1069 2368 φησί.
1134 2299 1240 2351 Καὶ
1297 2296 1458 2350 τοῦτο
1509 2298 1682 2351 οἴεται
1723 2300 1915 2366 ἀρκεῖν

344 2389 483 2458 πρὸς
513 2387 789 2460 διάκρ.σιν
819 2390 847 2442 6
879 2385 1218 2448 διδάσκαλος,
1248 2386 1308 2439 τὸ
1337 2386 1398 2438 τὸ
1423 2384 1523 2454 μὲν
1564 2382 1788 2454 Πνεῦμα
1818 2383 1912 2437 τοῦ

344 2481 486 2534 Υίοῦ
530 2481 803 2550 λέγεσθαι,
837 2481 928 2535 τὸν
963 2480 1021 2533 δὲ
1049 2479 1179 2532 Υίδν
1209 2479 1284 2548 μὴ
1317 2477 1575 2546 λέγεσθαι
1624 2479 1718 2531 τοῦ
1748 2477 1916 2530 Πνεύ-

348 2592 540 2646 ματος.
572 2574 783 2628 Οὐκοῦν
810 2574 861 2626 εἰ
907 2573 969 2627 τὸ
1000 2573 1221 2643 Πνεῦμα
1251 2570 1347 2624 τοῦ
1382 2570 1513 2624 Υίοῦ
1566 2569 1819 2639 λέγεσθαι
1853 2570 1913 2624 τδ

345 2667 571 2737 Πνεῦμα
604 2667 664 2719 τὸ
687 2666 842 2734 ἅγιον
868 2665 1137 2736 διακρίνει
1177 2665 1310 2720 αὐτὸ
1339 2663 1494 2727 Υίοῦ,
1528 2664 1670 2716 κατὰ
1698 2661 1756 2715 δὲ
1789 2662 1915 2725 τοὺς

341 2762 654 2831 ἡμετέρους
681 2759 835 2813 οὐδὲν
880 2757 1071 2828 ἕτερον
1100 2756 1368 2824 διακρίνει
1415 2755 1549 2810 αὐτὸ
1575 2755 1670 2808 τοῦ
1717 2753 1848 2806 Υίοῦ
1878 2753 1913 2824 ἢ

342 2853 377 2904 6
411 2849 670 2918 διάφορος
694 2847 797 2917 τῆς
835 2847 1065 2918 προόδου
1109 2845 1331 2914 τρόπος,
1361 2844 1608 2915 δηλονότι
1655 2842 1714 2896 τὸ
1746 2843 1916 2894 ἐκπο-

347 2941 606 3012 ρεύεσθαι
629 2956 646 2971 °
677 2942 737 2994 τὸ
765 2942 822 2993 τὸ
851 2939 1077 3010 Πνεῦμα
1108 2938 1202 2992 τοῦ
1234 2937 1366 2990 Υίοῦ
1413 2935 1554 2990 εἶναι
1587 2937 1694 3008 ἄρα
1720 2935 1918 2990 ταυτόν

344 3035 467 3087 ἔστι
494 3035 570 3103 τῷ
601 3032 1022 3102 ικπορεύεσθαι.
1053 3031 1160 3086 Καὶ
1197 3029 1390 3094 οὕτως,
1422 3023 1486 3083 οῦ
1526 3028 1748 3096 λέγεται
1774 3023 1917 3082 εἶναι

346 3123 600 3194 Πνεῦμα,
633 3122 762 3194 παρ’
796 3124 1005 3177 ἐκείνου
1046 3123 1143 3175 καὶ
1180 3121 1558 3187 ἐκπορεύεται.
1597 3119 1829 3186 Λέγεται
1860 3118 1918 3172 δὲ
1943 3145 1988 3204 c

346 3211 496 3272 εἶναι
526 3218 618 3270 καὶ
638 3213 732 3268 τοῦ
757 3214 885 3268 Υίοῦ
916 3212 1159 3283 Πνεῦμα,
1184 3211 1261 3274 ὡς
1291 3212 1384 3265 καὶ
1413 3209 1506 3263 τοῦ
1551 3210 1763 3279 Πατρός
1782 3223 1797 3238 ⁸
1823 3209 1918 3261 καὶ

348 3309 506 3381 παρὰ
526 3308 618 3363 τοῦ
649 3307 782 3362 Υίοῦ
809 3307 916 3378 ἄρα
949 3306 1024 3370 ὡς
1057 3307 1152 3359 καὶ
1181 3305 1334 3375 παρὰ
1360 3304 1455 3358 τοῦ
1490 3304 1704 3375 Πατρδς
1743 3304 1916 3356 ἐκπο-

351 3404 589 3474 ρεύεται.

424 3496 534 3549 Καὶ
580 3495 696 3565 ἅμα
730 3495 1086 3564 σημειωτέον,
1140 3493 1224 3546 ὅτι
1259 3491 1623 3564 ἀνατρέπεται
1676 3493 1710 3563 ἡ
1754 3491 1920 3546 τινῶν

346 3584 608 3654 ἐξήγησις
634 3586 922 3654 λεγόντων,
951 3585 1033 3639 ὅτι
1061 3584 1150 3637 διὰ
1179 3585 1238 3636 τὸ
1280 3582 1573 3653 όμοούσιον
1612 3583 1830 3654 εἴρηται
1859 3581 1922 3636 τδ

347 3678 579 3746 Πνεῦμα
640 3677 737 3730 τοῦ
774 3677 928 3731 Υἱοῦ.
969 3677 1102 3729 Ἰδοὺ
1137 3676 1247 3744 γὰρ
1283 3678 1312 3730 6
1346 3675 1665 3738 διδάσκαλος
1691 3673 1767 3736 ὡς
1799 3673 1920 3726 δια-

347 3770 602 3836 κριτικὸν
619 3769 751 3821 αὐτὸ
779 3767 1073 3837 λαμϐάνει.
1091 3768 1170 3821 Τὰ
1191 3767 1248 3820 δὲ
1277 3767 1364 3820 διὰ
1394 3767 1454 3818 τὸ
1480 3765 1764 3836 όμοούσιον
1782 3765 1922 3834 λαμ-

347 3859 626 3928 6ιν6μενα
659 3861 772 3913 ἑνοῖ
825 3859 1046 3929 μᾶλλον,
1082 3859 1144 3912 οῦ
1189 3859 1477 3929 διακρίνει.
1517 3858 1576 3910 Εἰ
1611 3853 1704 3909 οὖν
1744 3855 1804 3908 οὐ
1833 3855 1922 3908 διὰ

345 3951 417 4004 τὸ
446 3953 727 4020 όμοούσιον
758 3952 975 4019 λέγεται
1012 3951 1259 4022 Πνεῦμα,
1304 3952 1567 4015 σώζονται
1601 3950 1786 4005 ἄλυτοι
1817 3949 1922 4001 πᾶ-

2010 560 2176 613 ambo
2205 561 2458 622 causali.
2499 562 2737 616 alti-rum
2772 559 2840 614 ab
2871 559 3044 613 altero
3086 556 3390 624 discernit,
3432 558 3580 628 quod

2013 665 2156 702 unus
2188 650 2260 703 sit
2293 665 2321 702 a
2355 648 2549 714 Patre,
2598 659 2654 704 et
2701 665 2813 704 non
2843 649 3080 716 amplius
3111 666 3124 702 :
3167 647 3410 716 Spiritus
3443 663 3579 702 vero

2010 741 2082 795 sit
2111 740 2372 795 chatre
2418 751 2477 795 et
2503 757 2568 797 ex
2599 742 2758 796 Filio.
2784 741 2872 795 Sic
2899 743 3044 795 enim
3078 739 3285 795 habent
3305 739 3583 795 vetustio-

2011 849 2069 886 ra
2103 833 2461 901 exemplaria.
2492 831 2674 898 Quare
2703 833 3007 887 secundum
3038 832 3380 902 Opinionem,
3405 836 3570 890 etiam

2014 923 2174 978 istius
2207 923 2475 988 doctoris,
2501 923 2741 992 Spiritus
2767 932 2852 978 est
2880 938 2948 978 ex
2975 923 3140 978 Filio.
3171 923 3327 990 Quod
3368 925 3416 980 si
3440 939 3577 978 non-

2022 1015 2159 1070 nulli
2188 1015 2452 1077 dixerint,
2485 1015 2638 1086 juxta
2671 1015 2981 1070 recentiora
3023 1016 3377 1085 exemplaria,
3409 1015 3584 1084 Spiri-

2014 1114 2130 1158 tum
2157 1104 2265 1158 dici
2295 1101 2446 1169 Filii,
2475 1119 2587 1158 non
2618 1113 2798 1159 autem
2831 1121 2897 1160 ex
2930 1105 3071 1161 Filio
3097 1123 3110 1160 :
3145 1109 3310 1160 etiam
3339 1115 3454 1160 tum
3490 1111 3579 1161 ni-

2013 1195 2088 1248 hil
2121 1195 2266 1250 istud
2302 1196 2436 1265 ipsis
2497 1196 2784 1266 proderit;
2833 1198 3025 1252 eadem
3073 1197 3220 1252 enim
3267 1198 3577 1263 conclusit,

2012 1302 2080 1342 ex
2110 1287 2219 1342 hoc
2248 1302 2495 1357 quoque,
2527 1289 2700 1344 velint
2723 1330 2738 1350 ,
2788 1289 2998 1354 nolint,
3037 1289 3367 1344 deducetur.
3408 1290 3581 1345 Muni-

2012 1377 2215 1432 festum
2266 1378 2415 1434 enim
2445 1388 2554 1443 est,
2591 1379 2760 1448 quod,
2796 1395 2922 1434 cum
2956 1379 3094 1435 Filio
3131 1391 3185 1435 et
3230 1380 3484 1451 Spiritui,
3529 1388 3582 1436 in

2012 1485 2082 1524 eo
2109 1471 2254 1541 quod
2290 1472 2402 1526 sint
2433 1472 2668 1533 causali,
2704 1473 3003 1529 convenire
3041 1474 3403 1541 invenissent,
3435 1491 3590 1545 quan--

2013 1559 2088 1614 rit
2121 1561 2588 1630 quemadmodum
2645 1562 2882 1618 invicem
2933 1563 3362 1634 discernantur,
3420 1580 3586 1636 atque

2013 1649 2267 1717 afﬁrmat,
2305 1654 2524 1709 etiamsi
2581 1655 2634 1709 in
2670 1657 2863 1712 ambos
2895 1658 2950 1712 id
3000 1660 3328 1723 conveniat,
3372 1671 3434 1716 ut
3464 1663 3582 1715 sint

2014 1745 2246 1810 causati,
2279 1755 2659 1802 verumtamen
2699 1747 2902 1802 Filium
2933 1749 3157 1818 quidem
3185 1767 3254 1806 cx
3289 1753 3448 1807 Patre
3484 1769 3580 1807 no-

2017 1833 2238 1900 minari,
2272 1845 2327 1890 et
2360 1837 2414 1890 in
2442 1852 2510 1892 eo
2537 1847 2750 1894 tantum
2785 1841 3185 1908 proprietatem
3216 1846 3336 1913 ejus
3366 1855 3583 1913 persta-

2016 1941 2076 1979 re
2115 1943 2129 1978 :
2165 1924 2429 1996 Spiritum
2467 1937 2650 1984 autem
2677 1938 2734 1983 et
2775 1945 2838 1984 es
2875 1931 3037 2015 Fatre
3078 1933 3188 1987 dici
3222 1934 3496 1997 enuntiat,
3530 1945 3589 1989 et

2015 2015 2138 2072 Filii
2171 2033 2294 2077 esse
2327 2022 2678 2077 testificatur.
2727 2023 2899 2093 Igitur
2941 2022 3180 2093 Spiritus
3222 2026 3388 2080 etiam
3425 2025 3588 2082 Chri-

2015 2112 2084 2164 sti
2119 2111 2366 2181 Spiritus
2391 2122 2518 2178 cst;
2552 2113 2722 2168 Filius
2767 2100 2948 2168 autem
2999 2130 3178 2184 neque
3226 2127 3311 2170 est
3349 2116 3589 2186 Spiritus

2014 2203 2211 2267 sancti,
2245 2217 2423 2272 neque
2454 2203 2682 2259 dicitur.
2716 2204 2927 2274 Neque,
2953 2207 3157 2277 inquit,
3206 2208 3588 2278 reciprocatur

2017 2295 2132 2348 haec
2194 2294 2484 2349 relationis
2540 2299 2966 2364 consequentia.
3029 2297 3094 2351 Et
3138 2299 3245 2354 boc
3307 2303 3590 2356 existimat

2015 2385 2211 2439 doctor
2245 2385 2500 2440 sufﬁcere
2530 2387 2596 2440 ad
2646 2387 3060 2444 distinctionem
3085 2429 3102 2454 ,
3149 2392 3294 2460 quod
3339 2391 3582 2462 Spiritus

2015 2473 2138 2529 Filii
2165 2474 2409 2540 dicatur,
2441 2474 2614 2532 Filius
2657 2489 2840 2532 autem
2875 2477 3116 2549 Spiritus
3152 2480 3328 2536 sancti
3360 2485 3584 2539 minime

2017 2565 2259 2621 dicatur.
2291 2566 2349 2623 Si
2388 2567 2564 2638 igitur
2595 2569 2700 2624 hoc
2728 2571 2874 2640 quod
2906 2581 2989 2626 est
3011 2572 3276 2642 Spiritum
3307 2585 3584 2644 sanctum,

2017 2657 2128 2714 dici
2182 2657 2453 2728 Spiritum
2499 2659 2662 2728 Filii,
2705 2664 2947 2718 secernit
2979 2679 3106 2719 eum
3138 2681 3168 2720 a
3204 2665 3380 2735 Filio;
3429 2670 3588 2739 juxta

2017 2763 2149 2804 vero
2191 2761 2469 2808 nostrates
2516 2752 2653 2808 nihil
2705 2755 2856 2810 aliud
2904 2757 3146 2813 secernit
3193 2773 3321 2814 eum
3365 2777 3394 2814 a
3427 2761 3591 2826 Filio,

2019 2841 2126 2898 nisi
2151 2843 2338 2898 varius
2361 2844 2556 2898 modus
2579 2845 2981 2915 productionis,
3005 2849 3218 2904 scilicet
3245 2851 3589 2922 producere;

2020 2933 2190 3003 igitur
2227 2949 2347 2990 esse
2378 2935 2648 3006 Spiritum
2713 2937 2838 2992 Filii
2872 2939 3016 2994 idem
3063 2949 3182 3006 est,
3212 2946 3360 3013 quod
3392 2960 3594 3014 proce-

2020 3025 2174 3082 dere.
2213 3027 2390 3097 Atque
2426 3029 2501 3083 ita
2533 3031 2692 3100 cujus
2725 3030 2932 3087 dicitur
2960 3048 3084 3090 esse
3117 3033 3380 3105 Spiritus,
3414 3039 3484 3093 ab
3522 3053 3593 3095 eo

2020 3127 2075 3173 et
2107 3121 2372 3187 procedit.
2401 3121 2614 3177 Dicitur
2641 3133 2825 3178 autem
2860 3141 2981 3181 esse
3014 3127 3140 3182 Filii
3170 3127 3437 3200 Spiritus.
3467 3132 3586 3188 sic-

2024 3219 2083 3265 ut
2111 3221 2166 3266 et
2193 3209 2398 3277 Patris;
2455 3229 2588 3284 ergo
2616 3223 2670 3269 et
2703 3231 2732 3270 a
2761 3215 2921 3284 Filio,
2962 3218 3106 3274 sicut
3131 3231 3188 3275 et
3211 3237 3242 3278 a
3275 3223 3434 3280 Patre
3461 3240 3589 3294 pro~

2020 3303 2193 3358 cedit.

2095 3489 2162 3546 Et
2194 3491 2358 3548 simul
2408 3493 2710 3550 notandum
2771 3503 2857 3552 est
2909 3494 3423 3568 interpretationem
3456 3515 3596 3572 qun-

2023 3583 2273 3638 rumdam
2309 3586 2506 3652 everti,
2539 3587 2842 3642 dicentium
2900 3588 3169 3658 Spiritum
3199 3603 3424 3661 propter
3455 3609 3596 3647 cou-

2022 3677 2543 3732 substantialitatem
2616 3679 2826 3736 dictum
2901 3697 3024 3737 esse
3104 3683 3374 3753 Spiritum
3445 3685 3592 3744 Filii.

2025 3771 2166 3824 Ecce
2199 3769 2346 3824 enim
2375 3769 2591 3829 doctor.
2621 3781 2881 3842 tanquam
2928 3774 3076 3844 quod
3121 3760 3246 3830 illos
3275 3776 3595 3843 discernat,

2025 3859 2160 3915 illud
2218 3861 2468 3916 assumit.
2505 3861 2638 3928 Quae
2688 3879 2822 3918 vero
2871 3877 3097 3935 propter
3141 3870 3593 3927 consubstantia-

2023 3955 2234 4009 litatem
2265 3964 2645 4020 assumuntur,
2688 3957 2872 4025 potius
2918 3959 3284 4030 conjungunt,
3319 3978 3430 4018 non
3481 3964 3594 4021 dis—

350 4061 448 4097 σαι
473 4044 530 4097 αἱ
555 4044 660 4097 τῶν
689 4044 936 4098 Λατίνων
967 4045 1270 4110 ἀποδείξεις
1299 4060 1311 4074 ⁸
1343 4038 1432 4107 αἷς
1459 4045 1522 4095 ὲκ
1543 4042 1638 4094 τοῦ
1668 4043 1917 4110 λέγεσθαι

2026 4057 2282 4102 cernunt.
2317 4047 2374 4102 Si
2420 4048 2607 4118 itaque
2656 4065 2765 4104 non
2819 4060 3046 4121 propter
3089 4054 3594 4112 consubstantialio

345 4138 416 4191 τὸ
447 4139 666 4209 Πνεῦμα
709 4139 930 4206 Πνεῦμα
968 4138 1100 4191 Υῑοῦ
1135 4137 1562 4208 ἐπιχειροῦντες,
1599 4137 1695 4189 καὶ
1742 4137 1800 4201 ἐξ
1831 4133 1917 4188 αὐ-

2030 4146 2196 4192 tatem
2261 4138 2467 4193 dicitur
2505 4139 2744 4208 Spiritus
2775 4141 2924 4208 Filii,
2970 4155 3200 4200 manent
3233 4147 3601 4205 indissolubi-

349 4231 455 4282 τοῦ
493 4234 624 4283 αὐτὸ
657 4230 1058 4300 ἐκπορεύεσθαι
1102 4229 1434 4283 δεικνύουσι.
1467 4228 1565 4280 Διὰ
1594 4229 1654 4280 τὸ
1684 4228 1792 4296 γὰρ
1823 4227 1917 4296 τῆς

2027 4230 2110 4284 les
2169 4245 2360 4284 omnes
2410 4229 2729 4286 Latinorum
2790 4233 3346 4294 demonstrationes:
3397 4241 3602 4310 quibus

352 4323 786 4392 παρεξηγήσεως
810 4322 1015 4390 ταύτης
1037 4321 1184 4383 τινὲς
1208 4319 1348 4374 αὐτὰ
1379 4319 1710 4387 ἀνατρέπειν
1733 4318 1917 4389 ᾤοντο,

2029 4337 2096 4375 ex
2130 4323 2388 4392 eo,quod
2426 4321 2670 4392 Spiritus
2716 4325 2936 4381 dicatur
2967 4327 3207 4397 Spiritus
3257 4331 3402 4398 Filii,
3435 4349 3601 4402 argu-

351 4416 446 4468 διὰ
476 4417 535 4467 τὸ
561 4415 847 4485 ὁμοούσιον
881 4413 1365 4482 ὑπολαμϐάνοντες
1409 4410 1668 4478 λέγεσθαι
1700 4412 1917 4480 Πνεῦμα

2033 4415 2349 4478 mentando,
2386 4415 2552 4469 etiam
2595 4431 2663 4470 ex
2710 4417 2831 4487 ipso
2859 4433 2985 4472 eum
3019 4422 3324 4488 procedere
3359 4427 3600 4481 convin-

355 4508 513 4561 Υἱοῦ.
544 4509 729 4578 Ταύτῃ
774 4507 831 4560 δὲ
862 4507 966 4577 ἤδη
1015 4509 1082 4575 τῇ
1123 4505 1304 4575 ἐννοίᾳ
1345 4505 1596 4575 φανερῶς
1633 4505 1661 4556 ὁ
1701 4503 1917 4573 Νύσσης

2029 4511 2184 4557 cunt.
2227 4503 2458 4568 Quidam
2484 4507 2632 4559 enim
2664 4506 2766 4560 ista
2803 4524 2960 4576 prava
2991 4510 3450 4580 interpretatione
3497 4532 3601 4585 pu-

355 4601 657 4672 Γρηγόριος
708 4603 964 4669 μάχεται.
993 4600 1068 4664 ὡς
1112 4600 1451 4669 διακριτικὸν
1495 4599 1627 4651 αὐτὸ
1663 4597 1917 4667 εἰληφώς.

2033 4597 2222 4651 tabant
2256 4611 2320 4650 ea
2349 4613 2472 4666 quae
2503 4614 2532 4651 a
2564 4594 2778 4654 Latinis
2826 4601 3158 4669 alieruutur,
3194 4616 3444 4662 evertere
3474 4626 3601 4680 pos-

355 4710 438 4752 se.
477 4706 697 4764 propter
729 4693 1353 4748 consubstantialitatem
1383 4694 1766 4746 existimantes
1799 4691 1907 4747 dici
1945 4690 2211 4761 Spiritum
2275 4685 2420 4746 Filii.
2488 4691 2608 4746 Jam
2668 4708 2800 4748 vero
2831 4695 2959 4750 huic
2990 4698 3368 4767 intelligentia:
3421 4705 3601 4757 maui-

354 4787 499 4842 feste
549 4787 806 4841 reclamat
855 4786 1154 4858 Gregorius
1188 4787 1507 4857 Nyssenus.
1561 4801 1686 4840 cum
1744 4785 1878 4840 illud
1920 4794 2178 4854 tanquam
2209 4785 2358 4854 quod
2387 4785 2665 4840 discernat
2691 4791 3078 4859 assumpserit.

401 4951 406 4958 _
440 4885 602 4938 Ἀλλὰ
631 4885 769 4954 πρὸς
803 4885 905 4953 μὲν
935 4884 995 4936 τὺ
1018 4884 1193 4950 δεῖξαι
1232 4883 1332 4954 τὴν
1364 4883 1629 4953 ἀλήθειαν
1657 4882 1752 4936 τοῦ
1787 4899 1925 4952 συμ-

355 4981 714 5048 περάσματος
736 4977 953 5042 τούτου,
982 4980 1078 5030 καὶ
1107 4981 1168 5029 τὸ
1196 4977 1421 5045 Πνεῦμα
1447 4977 1508 5028 τὸ
1541 4977 1697 5043 ἅγιον
1724 4979 1788 5030 ἐκ
1816 4978 1926 5029 Πα-

352 5072 487 5140 τρὸς
524 5072 618 5123 καὶ
674 5070 806 5123 Υιοῦ
844 5068 1243 5138 ἐκπορεύεσθαι
1271 5063 1659 5138 ’συμπεραναα
1714 5069 1926 5122 πολλῶν

351 5161 546 5228 ὄντων,
583 5156 661 5223 οἷς
690 5163 756 5218 ἂν
804 5177 888 5224 τις
922 5161 1210 5231 χρήσαιτο,
1248 5145 1344 5214 καὶ
1385 5159 1508 5214 ὃθεν
1551 5159 1617 5212 ἂν
1647 5161 1930 5230 ἐπιχειρή-

354 5271 525 5320 σειεν,
558 5255 796 5324 ἀρκείτω
822 5255 880 5305 ιν
911 5253 986 5331 τῷ
1024 5254 1251 5324 παρόντι
1283 5254 1376 5305 καὶ
1412 5252 1608 5306 ταῦτα.

444 5347 602 5400 Ἐπεὶ
627 5345 684 5399 δὲ
703 5348 802 5398 καί
821 5361 948 5399 τινα
967 5346 1146 5400 ἄτοπα
1170 5345 1323 5413 παρὰ
1343 5343 1452 5397 τῶν
1476 5344 1554 5414 μὴ
1581 5343 1928 5413 ἐςριστώντων

352 5438 660 5506 ιπάγονται
685 5439 798 5499 τοῖς
840 5437 942 5508 τὴν
975 5437 1237 5506 ἀλήθειαν
1264 5433 1471 5504 ταύτην
1500 5435 1925 5505 πρεσϐεύουσιν,

354 5528 397 5583 δ
425 5531 526 5597 μὲν
551 5532 695 5582 κατὰ
737 5530 846 5581 τῶν
896 5529 1348 5597 ἐπιχειρημάτων
1396 5525 1506 5578 τῶν
1536 5528 1600 5580 τὸ
1629 5525 1926 5594 πρόϐλημα

355 5621 686 5676 δεικνύντων
719 5621 906 5689 φασὶν,
930 5622 988 5672 ὲν
1023 5621 1208 5682 αὐτοῖς
1242 5621 1355 5681 τοῖς
1394 5617 1825 5688 ὶπιχειρήμασιν
1849 5616 1927 5679 ὡς

355 5716 474 5768 ινδν
519 5716 972 5782 ἐπιτετμημὲνως
1019 5711 1362 5781 διελυσάμην
1387 5727 1401 5740 ·
1437 5711 1473 5765 ἃ.
1503 5712 1559 5764 δὲ
1592 5713 1708 5764 κατ’
1758 5710 1924 5764 αὐτοῦ

358 5803 452 5856 τοῦ
487 5805 958 5873 συμπεράσματος
999 5803 1342 5872 ἐπιφέρουσι,
1377 5801 1580 5853 τούτων
1618 5801 1714 5864 τὰς
1763 5801 1924 5870 μάλι-

669 5902 956 5960 l’u'nor..
1002 5900 1120 5961 Gn.
1169 5898 1378 5958 CLXI.

2107 4881 2309 4938 Verum
2337 4883 2403 4937 ad
2433 4885 2830 4940 ostendendam
2869 4888 3156 4944 veritatem
3187 4888 3351 4962 hujus
3376 4893 3604 4948 conclu-

2033 4977 2230 5038 sionis,
2270 4985 2327 5029 et
2358 4976 2424 5029 ad
2451 4977 2894 5033 concludendqu
2931 4979 3204 5049 Spiritum
3244 4995 3502 5041 sanctum
3535 5002 3601 5040 ex

2034 5068 2195 5121 Patre
2229 5063 2480 5137 Filioque
2511 5071 2830 5136 procedere.
2859 5085 2982 5125 cum
3015 5074 3456 5141 permulta-sint.
3481 5081 3606 5144 qni-

2034 5158 2135 5212 bus
2165 5160 2366 5229 aliquis
2393 5159 2492 5220 uti,
2525 5169 2582 5214 et
2611 5175 2678 5214 ex
2725 5163 2930 5231 quibus
2976 5168 3350 5234 argumentari
3404 5173 3598 5237 possit,

2034 5250 2148 5304 lucc
2185 5261 2368 5305 tamen
2405 5251 2461 5305 in
2494 5254 2786 5318 prtcsentia
2818 5253 3112 5311 suiliciant.

2102 5340 2370 5408 Quoniam
2405 5359 2537 5398 vero
2569 5346 2833 5400 nonnulla
2863 5347 3103 5403 absurda
3138 5349 3387 5404 veritatis
3419 5351 3601 5406 culto-

2041 5437 2195 5491 ribus
2218 5452 2248 5490 a
2284 5453 2391 5492 non
2419 5439 2807 5495 adhibentibus
2841 5443 3085 5498 animum
3118 5443 3451 5508 inferuntur,
3480 5459 3603 5514 qua!

2035 5529 2137 5598 ipsi
2179 5530 2403 5598 quidem
2451 5531 2720 5601 objiciunt
2749 5535 3111 5604 argumentis,
3157 5537 3263 5592 hoc
3310 5535 3600 5606 quaesitum

2033 5619 2418 5688 probantibus,
2453 5623 2507 5675 in
2565 5624 2706 5692 ipsis
2746 5629 3116 5695 argumentis,
3163 5639 3432 5698 quantum
3483 5628 3602 5683 ﬁeri

2033 5713 2230 5780 potuit,
2273 5715 2499 5781 praecise
2532 5717 2690 5770 dilui.
2720 5717 2794 5772 Er
2833 5719 2918 5773 his
2951 5729 3158 5785 autem,
3186 5734 3308 5788 qua:
3336 5719 3437 5787 ipsi
3468 5734 3601 5773 con-

2031 5803 2262 5857 clusioni
2296 5803 2559 5872 inierunt,
2599 5823 2662 5863 ea
2709 5825 2833 5879 qua:
2866 5812 3099 5868 maxime
3136 5821 3336 5879 urgent
3383 5819 3440 5866 ct
3485 5825 3603 5865 ma-

3172 5903 3242 5968 13
