3966 6218
293 3079 296 3082 ~
381 3057 502 3101 esse
540 3047 922 3114 operationem
986 3045 1355 3116 producendi,

354 353 360 361 ’
380 349 483 414 387

1331 338 1837 403 BESSARIONIS
1866 344 1930 403 S.
1967 344 2038 404 ῐί.
2087 344 2150 406 Ε.
2205 344 2676 406 CARDlNALlS

3547 352 3652 415 ἷξΞὸ

381 470 560 534 jnrem
589 460 699 514 vim
740 460 942 514 habere
969 459 1244 521 videntur,
1269 460 1499 529 eligens,
1530 457 1774 513 breviter
1797 467 1959 528 atque

2078 480 2168 515 στα
2204 460 2518 532 βιαιοτέρας
2587 463 2683 514 καὶ
2737 460 2958 513 πλείονα
2991 459 3254 524 δοκούσας
3307 462 3453 532 ἔχειν
3501 467 3655 534 ἰσιῦν

379 552 623 612 abunde,
655 561 918 620 quantum
980 550 1060 604 rei
1115 557 1312 602 natura
1364 549 1589 616 patitur,
1635 548 1954 607 dissolvam.

380 658 438 701 ut
468 659 632 717 quam
664 641 1080 697 absolutissima
1115 639 1380 694 reddatur
1407 640 1504 693 tilii
1533 649 1724 693 nostra
1761 641 1956 693 oratio.

379 739 703 806 Quanquam
745 733 983 786 absurda
1019 733 1122 786 ista
1152 746 1259 785 non
1296 731 1458 785 nobis
1487 731 1753 790 inferunt.
1784 746 1961 800 neque

383 844 484 882 nos
534 827 733 879 lterum
792 824 1024 877 reddere
1078 824 1352 876 rationem
1410 823 1700 877 debemus.
1760 824 1960 876 Verum

377 927 540 991 longe
569 925 731 972 antea
763 916 941 972 sancti
979 914 1276 969 accusandi
1328 923 1478 977 sunt,
1515 913 1610 982 qui
1662 914 1828 979 hujus
1867 913 1966 966 dos

384 1012 579 1082 gmatis
629 1010 792 1065 nobis
827 1018 1084 1064 auctores
1129 1017 1185 1062 et
1237 1007 1408 1060 duces
1457 1005 1807 1060 exstiterunt.
1849 1003 1962 1058 Non

380 1106 506 1159 dico
537 1099 716 1158 solum
748 1101 1160 1163 Occidentales,
1190 1101 1286 1168 qui
1315 1100 1416 1152 ltoe
1449 1096 1755 1152 clarissime
1781 1097 1960 1150 faten-

384 1210 473 1253 tur
497 1241 511 1263 ,
542 1211 732 1253 verum
770 1197 933 1250 etiam
980 1193 1313 1258 Orientales,
1350 1203 1406 1248 et
1437 1193 1506 1246 ab
1541 1191 1673 1261 ipsis
1707 1191 1956 1261 petendae

380 1304 511 1346 sunt
551 1291 962 1346 dissolutiones.
995 1289 1150 1355 Quod
1185 1302 1317 1342 sane
1345 1285 1570 1357 quidem
1602 1293 1658 1340 et
1704 1284 1960 1340 fecerunt

383 1386 459 1440 illi
508 1383 928 1455 prmveniontcs.
967 1380 1120 1434 Licet
1169 1379 1313 1434 haud
1365 1377 1504 1449 grati
1536 1376 1704 1430 animi
1741 1375 1835 1440 sit,
1866 1391 1962 1429 eo-

383 1493 504 1532 rum
555 1476 720 1530 dit-tis
752 1489 858 1530 non
909 1474 1288 1542 acquiescere,
1323 1486 1450 1525 cum
1512 1469 1682 1525 semel
1736 1469 1965 1522 creden-

382 1572 511 1622 dum
549 1569 640 1634 sit,
674 1583 770 1622 eos
798 1566 989 1620 divino
1022 1564 1232 1634 Spiritu
1270 1565 1487 1618 locutos
1515 1577 1660 1617 esse.
1706 1563 1960 1615 Attamen

383 1677 485 1716 nos
545 1660 721 1730 quoad
755 1660 876 1729 ejus
915 1657 1035 1712 fieri
1095 1657 1307 1726 possit,
1356 1655 1663 1725 praesertim
1701 1653 1769 1707 ab
1830 1652 1964 1722 ipsis

384 1755 591 1806 sanctis
646 1751 926 1812 Patribus,
975 1749 1214 1816 aliisque
1262 1747 1438 1802 beatis
1469 1747 1627 1809 viris,
1661 1746 1754 1815 qui
1790 1745 1842 1798 in
1877 1744 1964 1798 his

383 1846 550 1900 rebus
578 1844 1004 1905 laboraverunt,
1043 1841 1363 1906 illuminati,
1400 1840 1466 1893 ad
1503 1841 1618 1894 haec
1669 1837 1962 1893 mediocri-

382 1945 465 1991 ter
489 1937 864 2006 accingemur.

454 2029 768 2098 Opinantur
818 2026 1010 2098 igitur,
1073 2025 1117 2080 si
1172 2026 1300 2094 quis
1355 2040 1422 2080 ex
1483 2022 1754 2079 ambobus
1819 2021 1962 2075 dicat

355 2120 648 2190 'Spiritum
705 2118 1035 2188 procedere,
1079 2118 1292 2172 Patrem
1345 2127 1400 2171 et
1458 2115 1657 2170 Filium
1741 2115 1824 2169 vel
1891 2116 1962 2166 ita

384 2227 571 2267 secum
604 2210 949 2266 commisceri
978 2249 991 2271 ,
1028 2218 1086 2262 ιιι
1137 2224 1301 2263 unam
1335 2222 1629 2279 personata
1658 2221 1725 2262 ex
1751 2206 1964 2270 duabus

377 2304 616 2359 clliciant
655 2321 669 2357 :
712 2304 798 2358 vel
831 2304 877 2358 si
919 2319 1028 2357 non
1087 2303 1211 2367 hoc,
1265 2301 1375 2356 duo
1438 2309 1622 2356 tamen
1693 2299 1964 2371 principia

378 2407 434 2452 et
476 2396 618 2452 duas
651 2411 850 2451 causas
905 2395 1086 2464 sequi,
1141 2395 1287 2464 quod
1339 2403 1396 2450 et
1423 2395 1604 2464 ipsum
1641 2409 1751 2449 non
1783 2393 1963 2448 minus

379 2491 562 2560 priore
596 2471 897 2545 absurdum
928 2497 1031 2544 est.

531 2627 734 2682 Solatia
763 2628 982 2681 absurdi
1007 2631 1072 2680 ab
1103 2627 1422 2681 admistioue
1447 2642 1817 2697 personarum.

457 2764 578 2819 Non
640 2777 772 2817 vero
829 2764 895 2818 ad
927 2764 1075 2818 istud
1106 2763 1457 2818 admistionis
1489 2773 1851 2832 personarum
1889 2763 1964 2818 ita

369 2860 787 2931 -rcSpondemus
823 2877 837 2914 :
867 2860 1013 2929 quod
1067 2860 1111 2916 si
1157 2862 1535 2931 personalem,
1579 2875 1674 2916 seu
1709 2861 1964 2932 [typosta-

373 2954 550 3008 ticam
614 2953 1009 3022 proprietatem
1076 2968 1326 3023 persona:
1396 2953 1573 3009 Patris
1630 2969 1965 3024 poneremus

1431 3056 1560 3102 tunc
1641 3057 1964 3117 sequeretur

2066 557 2450 625 ἐκλεξάμενος,
2503 555 2775 610 ἀποδώσω
2818 573 2897 607 σοι
2940 554 3040 618 τὰς
3065 554 3252 618 λύσεις
3281 556 3340 609 ὲν
3377 556 3573 627 βραχεῖ
3595 579 3652 613 τε

2067 647 2162 699 καὶ
2193 646 2393 710 ἱκανώς
2421 645 2494 709 ώς
2519 639 2632 699 οἷόν
2671 661 2730 698 τε
2753 661 2766 674 ⁸
2803 645 2878 707 ώς
2917 644 2984 698 ἄν
3019 663 3100 698 σοι
3150 646 3488 711 τελεώτατος
3515 652 3648 701 ἁπο-

2064 735 2347 803 ὃεδομένος
2397 738 2481 806 εῐη
2524 740 2552 790 ὁ
2586 737 2766 806 λόγος.
2823 738 3018 791 Καίτοι
3053 755 3117 806 γε
3159 739 3226 792 τά
3265 741 3446 794 ἄτοπα
3480 742 3646 794 ταῦτα

2065 830 2164 897 οὐχ
2200 830 2330 898 ἡμῖν
2357 831 2734 900 ἐπιφέρονται.
2765 829 2875 882 οὐδ’
2906 831 3068 900 ἡμεῖς
3093 830 3252 898 λόγον
3277 833 3489 886 τούτων
3521 835 3649 888 (mg-

2069 939 2184 990 χειν
2226 922 2560 990 ὀφείλομεν⁸
2603 919 2741 973 ἀλλὰ
2786 921 2899 983 τοῖς
2933 921 3110 988 ἁγίοις
3157 921 3338 991 πολλῷ
3387 925 3650 994 πρότερον

2069 1015 2386 1082 ἐγκλητέον,
2441 1013 2491 1065 οἳ
2529 1013 2724 1067 τούτου
2775 1011 2871 1066 τοῦ
2921 1016 3192 1084 δόγματος
3246 1018 3656 1087 καθεστήκασιν

2069 1110 2203 1178 ἡμῖν
2233 1110 2528 1178 ἡγεμόνες,
2578 1109 2638 1161 οῦ
2681 1108 2935 1172 δυτικοῦς
2988 1108 3133 1176 λέγω
3173 1109 3351 1177 μόνον,
3392 1111 3441 1162 οἳ
3491 1114 3658 1178 σαφέ-

2070 1215 2240 1252 στατα
2271 1201 2401 1266 περὶ
2429 1201 2623 1252 τούτου
2653 1198 2840 1266 φασὶν,
2877 1199 2996 1252 ἀλλ’
3031 1200 3184 1253 οὐδὲν
3207 1195 3371 1270 ἦττον
3406 1203 3499 1254 καὶ
3528 1203 3657 1266 τοῦς

2069 1292 2126 1355 ἐξ
2167 1291 2326 1361 ἑῴας,
2353 1293 2446 1345 καὶ
2477 1292 2608 1364 παρ’
2643 1291 2870 1346 ἐκείνων
2897 1293 3162 1362 ζητητέον
3209 1292 3310 1356 τὰς
3352 1293 3557 1356 λύσεις.
3589 1297 3657 1347 Ὃ

2069 1385 2164 1437 καὶ
2197 1385 2539 1455 πεποιήκασι
2595 1385 2907 1453 φθάσαντες
2953 1387 3172 1439 ἐκεῖνοι.
3203 1385 3265 1437 Ei
3304 1387 3398 1436 καὶ
3447 1385 3524 1455 μὴ
3564 1385 3654 1438 εῦ-

2069 1478 2367 1544 γνωμὸνων
2421 1475 2547 1529 εστὶ
2607 1473 2686 1545 μὴ’
2734 1477 3104 1547 ὲφησυχάζειν
3154 1479 3264 1538 τοῖς
3314 1475 3409 1528 ὑπ’
3475 1477 3653 1529 αὐτῶν

2068 1569 2402 1638 λεγομένοις,
2440 1566 2590 1630 ἅπαξ
2639 1568 3036 1636 πιστευομένου
3079 1567 3174 1618 τοῦ
3204 1564 3481 1636 Πνεῦματι
3517 1565 3647 1634 Θεὶῳ

2068 1662 2292 1724 τούτους
2339 1659 2699 1730 λελαληκέναι
2731 1673 2742 1687 ·
2773 1660 2922 1728 ὅμως
2949 1659 3004 1712 δὲ
3041 1660 3136 1713 καὶ
3182 1659 3363 1728 ἡμεῖς,
3407 1658 3480 1721 ώς
3515 1660 3648 1729 ἡμῖν

2069 1753 2315 1817 δυνατὸν,
2351 1758 2446 1805 καὶ
2483 1751 2644 1804 τοῦτο
2677 1751 2736 1815 ἐξ
2775 1745 2851 1804 ὧν
2892 1750 2983 1802 ὑπ’
3013 1750 3194 1804 αὐτῶν
3239 1750 3647 1820 ὲφωτίσθημεν,

2074 1846 2168 1898 καὶ
2198 1845 2376 1899 ἄλλων
2427 1841 2716 1914 μακαρίων
2743 1841 2960 1914 ἀνδρῶν
2999 1844 3058 1896 ὲν
3098 1841 3309 1906 τούτοις
3344 1842 3653 1912 πεπονηκό-

2077 1956 2206 2004 των,
2239 1938 2375 2009 πρὸς
2400 1936 2580 1990 ταῦτα
2614 1936 2854 2008 μετρίως
2894 1935 3298 2004 ἀποδυσόμεθα.

2144 2031 2362 2086 Οίονται
2393 2029 2574 2082 τοίνυν
2603 2029 2694 2080 τὸν
2732 2029 2946 2097 Πατέρα
2988 2028 3082 2081 καὶ
3113 2027 3206 2080 τὸν
3236 2025 3365 2079 re»
3398 2025 3431 2097 ἦ
3466 2025 3542 2088 είς
3594 2024 3654 2076 ἓν

2074 2125 2496 2194 συναλείφεσθαι
2531 2125 2847 2193 πρόσωπον,
2876 2123 2929 2176 εί
2958 2138 3042 2184 τις
3087 2120 3148 2185 ἐξ
3177 2121 3384 2190 ἀμφοῖν
3420 2119 3570 2184 λέγοι
3594 2121 3657 2170 τὸ

2074 2219 2296 2288 Πνεῦμα
2330 2219 2390 2272 τὸ
2425 2220 2578 2288 ἅγιον
2613 2215 3016 2289 ἐκπορεύεσθαι
3039 2231 3053 2247 ο
3090 2213 3123 2285 ἢ
3158 2215 3206 2267 εί
3236 2215 3312 2284 μὴ
3348 2211 3526 2277 τοῦτο,
3565 2211 3661 2264 δύο

2075 2309 2206 2379 γοῦν
2242 2311 2338 2372 τὰς
2377 2309 2572 2381 ἀρχὰς,
2629 2311 2722 2360 καὶ
2771 2307 2864 2359 δύο
2894 2305 3289 2377 ἀκολουθήσειν
3314 2303 3381 2358 τὰ
3427 2303 3601 2367 αἴτια,
3633 2302 3662 2353 ὃ

2075 2406 2166 2458 καὶ
2192 2402 2324 2457 αὐτὸ
2352 2403 2410 2455 οῦ
2450 2405 2600 2476 μεῖον
2629 2403 2832 2456 ἄτοπον
2859 2399 2953 2454 τοῦ
2988 2399 3285 2470 προτέρου.

2208 2596 2401 2696 Λύσις
2425 2629 2535 2683 τοῦ
2565 2627 2686 2682 ἀπὸ
2718 2626 2826 2694 τῆς
2852 2623 3242 2694 συναλοιφῆς
3273 2625 3522 2681 ἀτόπου.

2152 2769 2349 2837 Ἢμεῖς
2388 2765 2444 2820 δὲ
2473 2766 2610 2835 πρὸς
2643 2764 2744 2835 μὲν
2776 2762 2838 2816 τὸ
2872 2765 2969 2834 τῆς
3009 2762 3341 2833 συναλοιφῆς
3371 2761 3518 2817 οὕτω
3558 2780 3662 2834 φα-

2081 2861 2180 2931 μέν
2199 2876 2212 2892 ⁶
2243 2861 2318 2923 ώς
2345 2861 2391 2912 εἰ
2421 2859 2521 2928 μὲν
2547 2857 2926 2929 προσωπικόν,
2963 2855 3141 2909 εττουν
3168 2856 3533 2910 ῦποστατικδν
3560 2856 3655 2910 τοῦ

2076 2951 2369 3023 προσώπου
2404 2948 2498 3003 τοῦ
2531 2947 2802 3019 πατρικοῦ
2871 2948 2972 3018 τὴν
3013 2946 3106 3000 τοῦ
3143 2947 3470 3019 προϐάλλειν
3502 2949 3659 3017 ἐνέρ-

2075 3060 2232 3113 γειαν
2273 3041 2589 3112 ἐτιθέμεθα,
2624 3040 2735 3095 τότ’
2783 3043 2848 3095 ἂν
2903 3034 2962 3092 τὸ
3005 3040 3204 3095 ἄτοπον
3239 3041 3424 3094 εἵπετο
3466 3039 3654 3104 τοῦτο,

383 3140 487 3196 hoc
508 3139 836 3206 absurdum,
877 3150 934 3194 et
975 3149 1120 3195 esset
1151 3154 1343 3195 revera
1369 3139 1546 3194 Filius
1577 3156 1684 3195 una
1730 3155 1965 3209 persona

2078 3134 2168 3188 καὶ
2196 3127 2264 3203 ἦν
2305 3130 2523 3202 άληθῶς
2569 3130 2626 3184 ἓν
2658 3131 2796 3202 μετᾲ
2841 3128 2932 3181 τοῦ
2968 3129 3183 3200 Πατρὶς
3215 3130 3528 3200 πρόςωπον,
3565 3133 3658 3185 τοῦ

384 3249 512 3286 eum
572 3234 755 3298 Patre,
827 3233 874 3288 si
938 3234 1316 3289 consritutiva:
1375 3233 1738 3304 proprietatis
1795 3233 1972 3288 Patris

384 3323 660 3394 particeps
709 3334 874 3380 esset.
947 3326 1216 3393 Quoniam
1273 3340 1406 3382 vero
1491 3326 1637 3396 quod
1688 3326 1976 3382 constituit

373 3417 778 3487 proprietatem
802 3431 1051 3486 persona:
1076 3417 1275 3484 Patris,
1306 3419 1608 3487 pateruitas
1625 3428 1679 3472 ct
1706 3433 1972 3487 generare

379 3510 592 3562 dictum
641 3517 727 3565 est
779 3523 942 3574 esse;
989 3510 1296 3578 producere
1338 3519 1521 3564 autem
1572 3523 1694 3563 esse
1728 3510 1974 3580 proprie-

390 3611 588 3667 tatem,
653 3617 751 3658 seu
808 3603 1120 3664 notionem,
1178 3618 1300 3674 qua:
1353 3618 1586 3672 persona
1614 3603 1972 3659 constitutam

383 3706 695 3765 sequatur:
727 3711 850 3767 qua:
905 3697 1217 3752 necessitas
1264 3705 1368 3760 est,
1431 3709 1490 3752 ut
1537 3697 1631 3766 qui
1680 3697 1822 3750 hanc
1848 3711 1975 3766 pro-

383 3789 679 3857 prietatem
711 3787 1030 3857 participat,
1069 3801 1192 3857 qua:
1219 3787 1448 3843 minime
1488 3788 1848 3844 eonstitutiva
1886 3797 1971 3842 cst

387 3881 563 3950 ipsius
594 3889 870 3950 personae,
898 3895 1004 3935 una
1035 3879 1108 3936 sit
1139 3895 1377 3950 persona
1422 3895 1546 3936 cum
1587 3881 1748 3950 ipso?
1774 3880 1974 3946 Quem-

385 3973 682 4025 admodum
756 3972 904 4027 enim
990 3970 1123 4026 illud
1189 3973 1487 4042 participat
1544 3969 1758 4036 Filius,
1823 3969 1969 4040 quod

387 4067 631 4136 Spiritus
687 4066 759 4121 sit
818 4066 940 4134 ejus
1000 4065 1262 4136 Spiritus,
1313 4069 1458 4122 sicut
1504 4076 1561 4121 cl
1589 4065 1785 4130 Patris,
1821 4065 1969 4135 quod

385 4159 639 4213 mittatur
676 4159 745 4213 ab
795 4160 914 4229 ipso
971 4173 1125 4230 teque
1175 4167 1237 4214 ut
1271 4160 1507 4226 aPatre,
1543 4168 1599 4214 et
1623 4168 1804 4212 tamen
1861 4174 1971 4213 non

389 4253 710 4324 participiat
747 4255 869 4324 ejus
902 4269 1220 4324 personam,
1284 4261 1580 4324 preptcrea
1621 4253 1765 4323 quod
1801 4252 1974 4322 Spiri-

389 4355 503 4397 tum
563 4342 675 4397 tliei
718 4342 984 4412 Spiritum
1022 4343 1221 4408 Patris,
1267 4343 1352 4397 vel
1393 4341 1460 4396 ab
1499 4342 1618 4412 ipso
1653 4342 1819 4407 mitti,
1863 4357 1972 4396 non

387 4443 470 4487 cst
522 4433 669 4503 quod
732 4434 1023 4488 constituit
1079 4448 1369 4503 personam
1404 4429 1603 4487 Patris.
1633 4433 1745 4486 lloc
1781 4435 1965 4494 modo,

2080 3225 2406 3280 συστατικοῦ
2439 3225 2589 3297 αῦτῷ
2634 3223 2915 3281 κοινωνῶν
2970 3226 3264 3298 ἰδιώματος
3289 3243 3302 3257 ·
3342 3225 3464 3279 ἐπεὶ
3496 3227 3553 3279 δὲ
3599 3229 3663 3279 τὸ

2079 3323 2179 3393 μὲν
2212 3322 2535 3374 συστατικδν
2563 3320 2658 3374 τοῦ
2685 3317 2983 3391 προσώπου
3011 3319 3106 3374 τοῦ
3137 3321 3408 3390 πατρικοῦ
3433 3319 3665 3389 ἰδιώμα-

2076 3413 2230 3481 τοςή
2285 3411 2562 3480 πατρότης
2595 3412 2686 3464 καὶ
2743 3412 2803 3464 τὸ
2851 3413 3049 3482 γεννᾷν
3097 3412 3319 3480 εἴρηται
3375 3411 3456 3475 ὃν,
3510 3411 3574 3463 τὸ
3604 3411 3662 3464 δὲ

2078 3505 2406 3580 προϐάλλειν
2463 3504 2681 3575 ἰδίωμα,
2719 3505 2882 3576 ῆτουν
2918 3508 3215 3580 γνώρισμα
3257 3510 3337 3578 τῷ
3382 3509 3663 3578 προσώπῳ

2077 3593 2244 3647 αὑτοῦ
2282 3573 2540 3648 συ⁴στάντι
2569 3595 2856 3666 ἑπόμενον,
2889 3601 2975 3662 τίς
3011 3600 3046 3667 ἡ
3097 3599 3312 3669 ἀνάγκη
3345 3599 3436 3653 τὸν
3467 3616 3663 3654 κοινωο

2077 3685 2270 3740 νοῦντα
2301 3684 2451 3756 αῦτῷ
2486 3684 2677 3739 τούτου
2709 3687 2808 3739 τοῦ
2836 3686 3154 3758 ἰδιώματος,
3205 3689 3232 3742 ὃ
3288 3690 3364 3760 μὴ
3406 3705 3662 3743 συστατι-

2078 3781 2172 3836 κόν
2206 3784 2322 3836 ἐστι
2355 3781 2450 3835 τοῦ
2495 3780 2793 3852 προσώπου
2847 3783 3036 3855 αὐτοῦ,
3072 3784 3168 3837 καὶ
3213 3785 3274 3837 ἓν
3319 3780 3461 3839 εἶναι
3489 3787 3661 3855 πρόσ-

2076 3895 2224 3933 ωπον
2263 3877 2378 3948 μετ’
2415 3878 2617 3944 αὐτοῦς
2650 3877 2868 3948 Ὥσπερ
2905 3877 3015 3948 γὰρ
3049 3879 3327 3932 κοινωνῶν
3356 3879 3436 3950 τῷ
3485 3880 3664 3951 Ιιατρὶ

2076 3973 2103 4024 ὁ
2128 3971 2260 4034 Υἱὸς
2291 3971 2385 4024 τοῦ
2416 3972 2477 4026 τὸ
2515 3970 2741 4040 Πνεῦμα
2792 3970 3019 4040 Πνεῦμα
3062 3967 3203 4024 εἶναι
3234 3970 3432 4038 αὑτοῦ,
3471 3971 3663 4042 ὥσπερ

2077 4060 2295 4116 καὶτοῦ
2330 4061 2568 4130 Πατρδς,
2617 4061 2714 4114 καὶ
2751 4060 2846 4113 τοῦ
2907 4061 3038 4131 παρ’
3083 4058 3276 4126 αὑτοῦ,
3323 4059 3516 4129 ὥσπερ
3565 4061 3663 4113 καὶ

2078 4156 2230 4225 παρᾶ
2268 4154 2364 4207 τοῦ
2402 4155 2639 4224 Πατρὺς,
2669 4153 3126 4216 ἀποστέλλεσθαι,
3161 4153 3312 4223 ὅμως
3346 4155 3405 4206 οῦ
3442 4154 3539 4206 καὶ
3567 4153 3664 4206 τοῦ

2079 4249 2374 4318 προσώπου
2403 4246 2570 4300 αὑτοῦ
2599 4248 2867 4311 κοινωνεῖ,
2926 4245 3064 4300 διότι
3087 4247 3148 4299 τὸ
3172 4246 3232 4298 τὸ
3255 4245 3480 4314 Πνεῦμα
3503 4245 3666 4313 λέγε-

2079 4344 2205 4396 σθαι
2235 4343 2329 4396 τοῦ
2385 4341 2619 4412 Πατρὸς,
2650 4342 2682 4412 ἢ
2713 4341 2844 4409 παρ’
2879 4339 3046 4395 αὑτοῦ
3084 4339 3535 4407 ἀποστέλλεσθαι,
3563 4340 3662 4392 οὐκ

2079 4438 2194 4488 ἔστι
2251 4436 2346 4488 τοῦ
2396 4434 2670 4504 πατρικοῦ
2707 4433 3005 4504 προσώπου
3072 4433 3432 4488 συστατικόνο
3486 4433 3660 4492 οὕτως

392 4541 570 4595 neque
602 4526 658 4579 in
692 4525 1050 4594 producendo
1091 4527 1361 4596 particeps
1423 4533 1480 4578 et
1522 4523 1707 4580 socius
1767 4523 1964 4591 factus,

2081 4530 2202 4582 οῦδὲ
2241 4529 2334 4582 τοῦ
2359 4526 2693 4597 προϐάλλειν
2721 4526 3002 4581 κοινωνῶν
3030 4527 3110 4597 τῷ
3141 4527 3318 4598 Πατρὶ
3345 4528 3424 4588 είς
3453 4525 3510 4578 ἒν
3544 4526 3662 4594 μετ’

391 4635 515 4672 cum
547 4633 615 4671 eo
643 4617 714 4671 ita
760 4617 1055 4681 miscetur,
1091 4626 1149 4671 ut
1179 4632 1342 4671 unam
1379 4632 1669 4687 personam
1713 4613 1973 4678 eﬂieiant,

341 4721 348 4772 ᾖ
396 4708 660 4779 quoniam
714 4707 1025 4776 producere
1093 4723 1204 4762 non
1247 4717 1331 4762 est
1381 4706 1803 4761 eonstitutivum
1850 4722 1976 4773 per-

392 4817 542 4858 sona:
578 4801 777 4855 Patris.
818 4801 1185 4873 Quapropter,
1236 4799 1481 4868 quaudiu
1532 4816 1639 4854 non
1672 4801 1977 4855 ostenderit

393 4896 596 4964 aliquis
659 4895 965 4964 producere
1033 4891 1456 4948 eonstitutivum
1540 4907 1662 4949 esse
1726 4908 1979 4964 persona:

394 4989 575 5044 Patris
599 5031 613 5053 ,
667 5001 851 5057 neque
889 4987 1303 5057 permistionem
1341 5001 1704 5056 personarum
1744 4987 1978 5056 probare

396 5080 618 5151 poterit.
657 5079 764 5135 Sed
794 5080 1100 5150 producere
1133 5079 1554 5133 constitutivum
1578 5094 1701 5133 esse
1730 5094 1980 5150 persona:

397 5175 594 5239 Patris,
655 5173 891 5242 probare
944 5187 1052 5225 non
1107 5180 1284 5240 potest
1343 5187 1358 5224 :
1416 5173 1496 5226 sic
1561 5174 1708 5226 enim
1769 5170 1976 5240 duplici

399 5280 632 5334 persona
678 5263 970 5335 praeditum
1000 5303 1016 5328 ,
1048 5263 1296 5334 duasque
1330 5263 1624 5320 habentem
1656 5265 1979 5335 hypostases

399 5358 616 5412 Patrem
679 5356 1000 5412 ostenderet
1029 5357 1131 5428 (ι),
1162 5367 1222 5412 ιιι
1248 5357 1302 5412 ἱη
1333 5358 1606 5428 principio
1631 5357 1836 5412 dictum
1872 5369 1977 5424 est,

398 5449 546 5520 quod
615 5457 703 5504 est
754 5449 1082 5504 absurdum.
1147 5450 1396 5517 Denique
1452 5450 1798 5520 producere.
1860 5467 1980 5506 esse

399 5543 822 5598 constitutivum
879 5543 1078 5609 Patris,
1141 5553 1197 5599 et
1250 5559 1280 5597 a
1331 5543 1448 5598 solo
1482 5544 1642 5598 Patre
1680 5545 1982 5613 procedere

381 5635 672 5703 Spiritum
699 5646 972 5700 sanctum,
1005 5650 1175 5690 unum
1225 5646 1282 5690 et
1319 5637 1463 5691 idem
1503 5646 1586 5692 est
1629 5655 1643 5692 :
1685 5654 1854 5708 quare
1887 5641 1980 5709 qui

477 5811 556 5884 (l)
593 5810 658 5867 Et
695 5815 857 5868 etiam
889 5815 1129 5884 Spiritus
1145 5826 1292 5871 esset
1324 5816 1514 5871 Filius.

2080 4622 2245 4676 αὐτοῦ
2283 4622 2668 4688 συναλείφεται
2715 4622 3036 4691 πρόσωπον.
3070 4621 3219 4674 Διότι
3249 4621 3308 4672 τὸ
3335 4618 3663 4690 προϐάλλειν

2079 4717 2139 4770 οὐ
2175 4715 2500 4768 συστατικδν
2557 4713 2651 4768 τοῦ
2689 4715 2984 4784 προσώπου
3034 4715 3128 4768 τοῦ
3171 4712 3466 4786 πατρικοῦ.
3501 4714 3664 4766 Ὥστε

2078 4811 2181 4873 ἓως
2217 4809 2282 4863 ἂν
2314 4810 2388 4882 μὴ
2419 4809 2572 4881 δείξῃ
2602 4826 2684 4872 τις
2732 4808 2790 4860 τὸ
2825 4807 3158 4878 προϐάλλειν
3207 4807 3534 4862 συστατικδν
3571 4807 3663 4859 τοῦ

2081 4903 2379 4974 προσώπου
2403 4900 2493 4954 τοῦ
2525 4899 2821 4971 πατρικοῦ,
2851 4901 2973 4954 οῦδὲ
2998 4900 3336 4970 συναλοιφὴν
3357 4900 3466 4953 τών
3497 4916 3666 4972 προσ-

2080 4994 2247 5048 ώπων
2272 4994 2475 5048 δύναιτ’
2499 4994 2565 5047 ἂν
2597 4994 2791 5058 δεῖξαι.
2827 4992 2987 5047 Ἀλλά
3012 4993 3074 5046 τὸ
3106 4991 3434 5064 προϐάλλειν
3465 5009 3666 5045 συστα-

2081 5086 2232 5138 τικδν
2262 5081 2403 5139 εἶναι
2435 5084 2528 5137 τοῦ
2567 5086 2784 5155 Πατρδς
2806 5085 2978 5149 δεῖξαι
3001 5085 3063 5138 οὐ
3090 5083 3339 5139 δύναται.
3373 5084 3532 5136 Οῦτω
3557 5083 3664 5151 γάρ

2085 5178 2150 5232 ἂν
2179 5177 2530 5248 διπρόσωπον
2563 5179 2652 5231 τὸν
2685 5178 2928 5248 Πατέρα,
2960 5180 3056 5232 καὶ
3088 5177 3285 5241 διπλᾶς
3310 5175 3506 5248 ἔχοντα
3530 5178 3663 5228 ἁπο-

2085 5271 2306 5338 φήνειεν
2339 5269 2694 5334 ὑποστάσεις,
2717 5269 2791 5334 ώς
2826 5273 2884 5324 ἐν
2917 5272 3060 5342 ἀρχῇ
3090 5270 3336 5341 είρηται,
3368 5272 3509 5341 ὅπερ
3538 5271 3663 5323 ἆτο-

2088 5379 2206 5415 πον.
2245 5362 2453 5427 Ἀλλως
2489 5380 2550 5416 τε
2583 5364 2641 5416 τὸ
2676 5363 3005 5430 προϐάλλειν
3043 5359 3186 5418 εἶναι
3219 5362 3545 5418 συστατικδν
3570 5361 3666 5414 τοῦ

2088 5451 2320 5527 Πατρὶς,
2354 5457 2450 5508 καὶ
2484 5455 2547 5508 τὸ
2577 5457 2730 5526 παρὰ
2781 5457 2945 5526 μόνου
2976 5456 3070 5510 τοῦ
3109 5455 3326 5529 Πατρδς
3360 5455 3668 5525 ἐκπορεύε-

2089 5547 2210 5602 σθαι
2237 5548 2295 5600 τὸ
2329 5545 2554 5620 Πνεῦμα
2573 5551 2635 5602 τὸ
2668 5549 2847 5617 ἅγιον,
2874 5551 2934 5604 ἓν
2978 5552 3096 5604 ἐστι
3135 5551 3228 5604 καὶ
3255 5551 3453 5602 ταυτόν
3477 5564 3488 5577 ·
3523 5548 3671 5602 ὥστε

2081 5645 2112 5694 ὀ
2140 5641 2296 5694 τοῦτο
2338 5643 2518 5710 λέγων
2553 5642 2612 5696 τδ
2646 5642 2978 5714 ζητούμενον
3027 5644 3322 5714 λαμϐάνει.
3359 5643 3568 5696 Τούτου
3613 5641 3674 5695 δὲ
