3966 6218
357 343 462 412 389

1292 348 1386 406 DE
1431 347 1957 406 PROCESSIONE
1997 347 2359 408 Sl’iRITUS
2403 347 2697 407 SANCTI.

3505 339 3612 410 390

362 461 438 532 μὴ
466 460 850 530 δεικνυμένου,
881 460 999 514 οῦδὲ
1044 459 1343 530 συναλοιφή
1378 461 1572 514 ἕπεται
1633 460 1772 514 κατὰ
1820 458 1938 519 τοὺς

2052 461 2153 514 hoc
2204 459 2356 522 dicit,
2417 459 2560 529 quod
2611 455 2811 528 quaerit
2839 454 3312 532 assequitu_r;hoc
3345 470 3476 510 vero
3507 473 3617 512 non

358 555 532 618 οὕτως
565 555 871 622 οἰομένους.

433 734 662 803 Εἴρηται
689 735 745 786 δὲ
782 735 878 786 καὶ
929 735 986 785 ὲν
1021 735 1166 804 ἀρχῇ
1215 733 1309 788 τοῦ
1347 735 1664 803 ζητήματος
1723 737 1938 800 τούτου,

358 826 478 883 τινα
511 828 619 880 τῶν
652 826 744 882 ἐπὶ
779 825 915 880 Θεοῦ
951 827 1265 894 λεγομένων
1305 827 1485 892 κοινὰ,
1516 827 1608 880 καὶ
1655 828 1773 880 τίνα
1809 829 1936 884 ῖδια.

359 921 471 974 Καὶ
501 919 610 974 τῶν
643 920 794 972 ἰδίων
846 920 969 974 τίνα
1024 919 1122 988 μὲν
1176 919 1324 972 δυοῖν
1387 919 1522 979 ἴδια,
1587 921 1708 972 τίνα
1743 921 1787 974 δ’
1822 921 1940 983 ἑνὸς

359 1013 545 1082 μόνου.
587 1013 695 1066 Καὶ
730 1013 842 1066 τῶν
897 1013 1016 1075 ἑνὸς
1068 1011 1233 1081 μόνου
1279 1012 1425 1064 ἰδίων
1478 1012 1598 1066 τίνα
1653 1013 1719 1068 ἂν
1767 1013 1940 1076 οὕτως

358 1105 489 1168 ῐδια,
521 1104 596 1167 ὡς
627 1103 722 1157 καὶ
757 1105 1101 1157 ὁποστατικὰ
1153 1098 1318 1167 εἶναι,
1347 1101 1469 1155 τίνα
1518 1101 1782 1182 δεοῦτως
1832 1102 1939 1155 ίδια

352 1196 430 1258 ὡς
460 1197 825 1264 γνωριστικᾰ,
863 1197 938 1266 μὴ
971 1196 1155 1266 μέντοι
1189 1195 1551 1249 ὑποστατικά.
1596 1194 1815 1248 Ὀποῖον
1847 1197 1938 1248 καὶ

353 1286 416 1338 τὸ
445 1287 774 1352 προϐάλλειν
807 1286 929 1339 τότε
980 1286 1196 1355 εἴρηται
1233 1281 1399 1350 εἶναι,
1436 1283 1577 1337 ὥστε
1625 1283 1688 1336 ἔκ
1733 1302 1790 1336 τε
1826 1284 1935 1338 τῶν

352 1378 453 1432 νῦν
480 1380 816 1449 εἰρημένων,
849 1379 914 1433 ἐκ
968 1397 1026 1432 τε
1063 1379 1173 1432 τῶν
1211 1380 1325 1431 ἐκεῖ
1371 1377 1852 1448 προειλημμένων,
1901 1379 1934 1446 ὴ

351 1470 551 1524 τούτου
581 1471 676 1526 τοῦ
698 1473 907 1526 ἀτόπου
932 1472 1085 1537 λῦσις
1118 1473 1238 1525 ἐστὶ
1264 1473 1501 1542 φανερά.
1531 1471 1636 1524 Καὶ
1664 1471 1764 1526 οὐκ
1786 1471 1934 1523 ἐστιν

351 1562 612 1631 ἐγκαλεῖν
644 1563 863 1626 δικαίως
895 1563 1145 1625 Λατίνοις
1191 1561 1266 1624 ὼς
1317 1563 1644 1632 συναλοιφὴν
1683 1562 1936 1631 ποιουμέ-

351 1673 466 1720 νοις
497 1655 608 1709 τῶν
639 1656 800 1710 Θείων
829 1656 1168 1727 προσώπων.

2045 564 2286 614 ostenso,
2349 570 2526 623 neque
2582 551 2867 622 permistio
2923 550 3175 620 sequitur
3211 548 3363 618 juxta
3393 562 3489 602 cos
3523 548 3620 618 qui

2043 649 2121 702 sic
2149 649 2463 718 opinantur.
3567 651 3576 659 “

2117 741 2328 793 Dictum
2384 749 2464 793 est
2503 746 2685 791 autem
2726 747 2780 791 et
2841 737 2892 789 in
2934 736 3206 804 principio
3268 734 3434 805 hujus
3472 750 3622 804 quae-

2041 831 2273 894 stionis,
2321 847 2516 886 eorum
2572 846 2693 899 quae
2751 829 2805 882 in
2871 827 2984 884 Deo
3033 828 3330 888 dicuntur,
3369 843 3617 897 quamam

2041 924 2153 977 sint
2182 926 2518 985 communia,
2553 940 2743 993 qumve
2801 923 3042 992 propria.
3090 922 3450 992 Propriorum
3488 940 3619 976 vero

2041 1030 2292 1083 quamam
2341 1016 2577 1070 duarum
2616 1031 2980 1084 personarum
3011 1015 3232 1085 propria
3254 1056 3267 1081 ,
3297 1030 3422 1086 quae
3453 1017 3618 1069 unius

2043 1117 2278 1162 tantum.
2345 1108 2409 1161 Et
2462 1123 2656 1161 eorum
2711 1124 2834 1176 qua:
2863 1109 2954 1161 uni
2993 1109 3352 1170 conveniunt,
3382 1123 3503 1176 qua:
3542 1110 3615 1162 ita

2041 1199 2283 1267 pr0pria.
2327 1209 2387 1251 ut
2419 1200 2584 1253 etiam
2613 1199 2726 1253 sint
2753 1199 3090 1270 hypostatica
3149 1207 3204 1252 ct
3233 1199 3615 1259 constitutiva.

2039 1306 2160 1360 qua:
2209 1307 2338 1347 vero
2386 1293 2498 1347 sint
2534 1294 2606 1348 ita
2642 1295 2888 1363 propria,
2943 1303 3003 1346 ut
3035 1290 3360 1353 notionalia,
3395 1306 3504 1346 non
3538 1301 3618 1344 ta-

2042 1396 2166 1435 men
2215 1383 2557 1455 hypostatica
2597 1383 2748 1438 :hoc
2802 1390 2887 1436 est
2948 1395 3069 1450 qua?
3100 1388 3289 1433 notam
3341 1385 3396 1431 et
3434 1377 3614 1430 mani-

2041 1473 2234 1528 festam
2300 1475 2502 1528 faciant
2561 1489 2874 1542 personam,
2933 1487 3042 1525 non
3104 1480 3284 1525 tamen
3324 1478 3381 1522 et
3409 1468 3620 1522 consti-

2043 1571 2201 1617 tuant
2233 1580 2246 1617 ;
2281 1564 2591 1634 cujusmodi
2645 1574 2701 1620 et
2756 1565 3063 1631 producere
3118 1573 3249 1616 tunc
3307 1561 3509 1617 dictum
3533 1570 3619 1614 est

2040 1669 2185 1708 esse.
2248 1655 2432 1720 Quare
2492 1666 2607 1710 tum
2643 1671 2710 1710 ex
2741 1657 2925 1721 dictis,
2981 1663 3096 1709 tum
3127 1672 3192 1712 cx
3217 1655 3294 1710 ibi
3337 1657 3492 1726 prius
3525 1669 3616 1708 as-

350 1750 592 1820 sumptis
648 1751 813 1822 hujus
865 1751 1092 1806 absurdi
1153 1751 1449 1810 dissolutio
1495 1762 1582 1808 est
1657 1749 1969 1808 manifesta.
2009 1748 2198 1820 Neque
2253 1767 2547 1820 possumus
2605 1753 2800 1808 merito
2854 1767 3116 1806 accusare
3149 1751 3396 1816 Latinos,
3461 1752 3616 1820 quasi

350 1848 778 1918 permistionem
804 1864 1172 1918 personarum
1200 1850 1428 1906 faciant.

465 1994 658 2060 Λύσις
693 1993 800 2047 τοῦ
833 1995 951 2049 ἀπὸ
982 1991 1089 2062 τῆς
1120 1994 1396 2066 διαρχιάς
1435 1997 1833 2067 ἐγκλήματος.

428 2131 567 2199 Περὶ
596 2129 654 2184 δὲ
687 2129 788 2199 τῆς
813 2129 1085 2199 διαρχίας.
1124 2133 1218 2184 καὶ
1253 2129 1350 2184 τοῦ
1379 2131 1474 2185 δύο
1515 2134 1665 2186 αῐτια
1694 2135 1788 2187 ἐπὶ
1822 2135 1937 2186 θεό-

354 2240 523 2291 τητος
565 2221 926 2290 συνάγεσθαι,
951 2221 979 2274 ὃ
1014 2221 1104 2275 καὶ
1125 2223 1234 2276 τῶν
1277 2225 1444 2278 σκιῶν
1477 2224 1680 2294 μᾶλλον
1707 2225 1936 2279 ἕπεσθαι

353 2317 471 2377 τοῖς
502 2314 752 2378 Λατίνοις
801 2315 1047 2384 νομίζειν
1091 2317 1353 2370 εἰώθασιν
1401 2318 1450 2370 οἰ
1485 2318 1769 2387 ἡμέτεροι,
1795 2319 1847 2371 τί
1871 2320 1936 2374 ἄν

356 2424 444 2472 τις
483 2410 665 2475 sint;
702 2409 768 2465 Τί
793 2409 837 2462 δ’
872 2410 1004 2463 ἄλλο
1029 2427 1092 2479 γε
1120 2411 1153 2481 ἢ
1180 2411 1418 2480 μάλιστα
1453 2411 1552 2480 μὲν
1587 2411 1775 2474 ἁπλῶς
1806 2412 1938 2465 αὐτὸ

355 2501 419 2554 τὸ
441 2501 551 2554 τῶν
578 2500 752 2569 ἁγίων
777 2501 1256 2572 προϐαλλομένους
1280 2502 1501 2571 ἀξίωμα
1531 2505 1642 2556 τῶν
1670 2503 1834 2556 τοῦτο
1861 2507 1934 2573 μὴ

355 2593 626 2660 λεγόντων
655 2594 942 2663 ἀρκεῖσθαι
965 2613 981 2658 ;

442 2685 503 2740 ’0
549 2687 658 2754 γὰρ
686 2685 880 2757 Πατὴρ
910 2687 1004 2741 καὶ
1037 2687 1190 2750 mg,
1224 2689 1390 2755 φησιν
1437 2686 1830 2756 Αὐγουστῖνος,
1874 2687 1935 2740 οὐ

356 2775 453 2829 δύο
488 2775 656 2843 ἁρχαὶ
713 2774 806 2830 τοῦ
857 2775 1019 2842 ἁγίου
1074 2776 1414 2846 Πνεῦματος,
1465 2778 1602 2835 ἀλλὰ
1642 2778 1740 2848 μία
1790 2779 1936 2848 ἀρχὴ

356 2865 523 2918 αὑτοῦ
571 2866 664 2924 καὶ
691 2864 1024 2935 ἀμφότεροι·
1081 2865 1269 2934 ὥσπερ
1317 2867 1410 2918 καὶ
1461 2867 1558 2936 τῆς
1605 2868 1836 2929 κτίσεως
1873 2868 1934 2919 οὐ

352 2957 507 3023 τρεῖς
537 2956 706 3024 ἀρχαὶ
743 2956 770 3007 ὁ
809 2947 1020 3024 Πατὴρ,
1052 2955 1080 3007 ὁ
1115 2954 1238 3016 Υἱὸς
1272 2956 1365 3007 καὶ
1392 2954 1456 3005 τὸ
1495 2955 1652 3021 ἅγιον
1685 2953 1932 3022 Πνεῦμα,

357 3047 502 3102 ἀλλὰ
527 3049 626 3118 μία
653 3049 826 3119 αὐτῆς
853 3049 996 3118 ἀρχὴ
1030 3049 1062 3117 ἡ
1090 3047 1262 3117 Τριὰς
1284 3049 1312 3100 ὁ
1341 3047 1494 3108 Θεός.

428 3233 568 3285 Τίνα
593 3231 657 3286 ἄν
686 3248 767 3294 τις
819 3226 1160 3298 σαφεστέραν
1208 3225 1465 3296 ζητήσειε
1514 3227 1667 3280 λύσιν
1702 3229 1735 3298 ἢ
1779 3229 1846 3300 ῆν
1874 3229 1936 3282 τὸ

2276 1992 2480 2048 Salutio
2523 1993 2740 2047 absurdi
2779 1992 2840 2044 de
2873 1991 3073 2060 duplici
3111 1988 3390 2058 principio.

2111 2129 2184 2182 De
2229 2127 2434 2193 duplici
2483 2139 2616 2180 vero
2679 2122 2974 2194 principio.
3011 2129 3068 2176 et
3107 2114 3256 2190 quod
3281 2119 3403 2173 duze
3437 2131 3620 2172 causa:

2041 2223 2091 2275 in
2149 2221 2356 2274 deitate
2425 2218 2867 2278 concludantur,
2921 2213 3069 2282 quod
3127 2221 3182 2267 et
3229 2211 3404 2278 magis
3453 2224 3618 2278 quam

2040 2315 2262 2368 umbras
2303 2311 2458 2380 sequi
2483 2310 2711 2366 Latinos
2739 2315 3015 2362 nostrates
3052 2304 3422 2370 arbitrantur,
3451 2303 3617 2372 quid-
3716 2314 3722 2321 '

2040 2421 2164 2460 nam
2215 2403 2417 2473 aliquis
2468 2401 2662 2456 dicet?
2723 2399 2866 2466 Quid
2936 2413 3072 2454 vero
3121 2397 3294 2462 aliud,
3337 2409 3499 2462 quam
3559 2405 3622 2448 ut

2042 2499 2160 2566 ipsa
2212 2495 2540 2570 simpliciter
2595 2496 2926 2547 auctoritate
2958 2499 3303 2552 sanctorum,
3331 2487 3386 2542 id
3413 2502 3616 2558 negan-

2040 2591 2177 2645 tium
2212 2588 2518 2659 proposita.
2547 2600 2680 2642 sane
2713 2584 2940 2654 quidem
2973 2581 3226 2638 contenti
3257 2580 3479 2636 simus?

2110 2683 2274 2738 Pater
2321 2681 2468 2736 enim
2516 2688 2574 2736 et
2617 2679 2818 2743 Filius,
2880 2676 3058 2747 inquit
3109 2675 3472 2746 Augustinus,
3509 2690 3620 2729 non

2039 2777 2148 2834 duo
2205 2775 2474 2847 principia
2527 2774 2766 2845 Spiritus
2821 2772 3020 2837 sancti,
3072 2769 3168 2826 sed
3211 2785 3378 2825 unum
3412 2771 3621 2840 princi-

2040 2870 2189 2940 pium
2257 2868 2432 2938 ipsius
2484 2877 2533 2922 et
2598 2866 2764 2920 ambo
2816 2873 2966 2920 sunt.
3028 2863 3185 2918 Sicut
3225 2875 3278 2917 et
3319 2862 3621 2918 creationis

2039 2976 2151 3017 non
2203 2961 2307 3015 tria
2357 2958 2632 3030 principia
2675 2958 2862 3020 Pater,
2905 2955 3078 3011 Filius
3110 2966 3164 3010 et
3209 2955 3451 3025 Spiritus
3491 2970 3618 3009 san-

2037 3063 2184 3123 ctus,
2235 3054 2328 3110 sed
2394 3068 2568 3107 unum
2625 3060 2703 3106 est
2759 3051 2935 3120 ipsius
2995 3049 3332 3119 principium
3377 3048 3620 3104 Trinitas

2042 3146 2208 3201 Deus.

2107 3235 2413 3302 Quamnam
2477 3233 2772 3289 clariorem
2831 3246 2894 3286 ea
2949 3242 3158 3300 quaeret
3219 3231 3422 3300 aliquis
3472 3231 3621 3286 solu-

357 3323 586 3393 Πνεῦμα
607 3325 668 3375 τὸ
688 3322 840 3388 ἅγιον
858 3320 946 3374 διὰ
972 3320 1065 3373 τοῦ
1091 3320 1301 3389 [ἰατρὸς
1321 3319 1415 3372 καὶ
1438 3317 1757 3373 διδασκάλου
1780 3318 1932 3375 τοῦδε

2052 3330 2273 3393 tionem,
2321 3343 2483 3398 quam
2537 3326 2778 3396 Spiritus
2828 3333 3051 3380 sanctus
3082 3339 3180 3392 per
3205 3324 3367 3379 istum
3405 3325 3616 3380 Patrem

360 3416 491 3486 φησί
513 3433 527 3480 ;
559 3415 650 3483 Μὴ
680 3413 991 3467 λανθανέτω
1014 3411 1122 3482 γὰρ
1143 3411 1225 3466 ὅτι
1243 3410 1412 3464 ταυτδ
1433 3409 1593 3464 τοῦτο
1617 3411 1842 3474 ἄτοπον,
1873 3412 1936 3465 τὸ

2052 3434 2204 3490 atque
2261 3421 2549 3476 doctorem
2607 3418 2900 3474 enuntiat?
2960 3417 3077 3472 Non
3110 3418 3256 3471 enim
3288 3433 3388 3472 nos
3423 3419 3618 3488 fugiat.

358 3510 459 3576 τῆς
488 3506 828 3577 πολυαρχίας
861 3502 1064 3574 δηλαδὴ
1118 3505 1214 3560 καὶ
1248 3501 1564 3565 πολυοεῖας,
1594 3503 1691 3557 καὶ
1723 3502 1820 3554 ἐπὶ
1842 3502 1937 3571 τῆς

359 3603 588 3662 κτίσεως
616 3597 956 3667 παραγωγῆς
986 3597 1203 3665 ἕψεται,
1237 3595 1289 3647 εῐ
1318 3609 1402 3654 τις
1449 3594 1524 3664 μὴ
1559 3595 1816 3664 προσέχοι
1849 3594 1938 3647 τὸν

359 3695 512 3749 νοῦν.
532 3695 710 3763 Ὅπερ
739 3693 888 3743 ἐστὶν
917 3692 1017 3761 τῆς
1045 3687 1439 3758 Χριστιανικῆς
1468 3686 1764 3757 θρησκείας
1786 3687 1938 3740 ἀλλό-

359 3802 535 3856 τριον,
580 3783 674 3837 καὶ
731 3782 1023 3853 σύμφωνον
1082 3778 1361 3849 Ἕλλησιν.
1423 3779 1487 3832 Ὃ
1538 3779 1647 3848 γὰρ
1703 3778 1937 3848 μάλιστα

360 3879 524 3948 ἡμεῖς
551 3876 814 3945 Ἕλλησιν
869 3871 1228 3942 ἐγκαλοῦμεν,
1263 3869 1424 3926 τοῦτό
1469 3872 1641 3933 ἐστιν,
1676 3871 1760 3924 ὅτι
1810 3871 1940 3926 πολ-

359 3969 488 4032 λοὺς
518 3967 614 4036 τῆς
649 3965 879 4025 κτίσεως
909 3963 1278 4032 δημιουργοὺς
1306 3963 1400 4016 καὶ
1432 3960 1662 4025 πολλοὺς
1716 3961 1939 4030 εἰσῆγον

359 4059 538 4122 θεούς.
570 4059 631 4111 Εἰ
679 4051 776 4110 οῦν
801 4058 898 4110 καὶ
926 4055 1087 4123 ἡμεῖς
1135 4054 1287 4120 τρεῖς
1319 4051 1647 4115 ὑποστάσεις
1683 4052 1782 4122 τῆς
1823 4053 1937 4105 κτι-

363 4169 502 4213 σεως
534 4150 714 4214 αἰτίας
753 4143 894 4202 εἷναί
947 4162 1150 4215 φαμεν,
1199 4146 1295 4198 κα)⁸
1340 4145 1472 4214 ἡμῖν
1511 4144 1672 4196 τοῦτο
1714 4144 1942 4198 ἀκολου-

362 4245 520 4314 Θησει
545 4243 605 4296 τὸ
627 4244 850 4304 ἄτοπον,
879 4241 973 4293 καὶ
1007 4240 1221 4292 ἔσονται
1252 4236 1446 4290 πολλαὶ
1478 4237 1644 4306 ἀρχαὶ
1673 4237 1770 4290 καὶ
1820 4236 1940 4289 Θεό-

363 4355 548 4409 τητες.

451 4427 595 4482 Ἀλλ’
621 4428 854 4483 ἄκουσον
904 4427 1056 4487 ὅπως
1089 4425 1138 4476 οἰ
1184 4422 1500 4477 διδάσκαλοι
1551 4421 1708 4474 τοῦτο
1763 4425 1942 4491 σοςῶς

362 4523 604 4576 λύουσιν.
639 4521 701 4573 Εἰ
729 4522 840 4589 γὰρ
866 4518 960 4573 καὶ
984 4517 1074 4570 τὸν
1100 4517 1325 4586 Πατέρα
1355 4515 1449 4569 καὶ
1481 4516 1570 4568 τὸν
1601 4515 1728 4568 Υίὸν
1758 4519 1854 4570 καὶ
1881 4517 1943 4570 τὸ

365 4613 594 4682 Πνεῦμα
621 4611 683 4664 τὸ
717 4611 876 4678 ἅγιον
907 4607 1103 4676 ἐπίσης
1131 4605 1232 4676 τῆς
1278 4607 1511 4669 κτίσεως
1545 4605 1752 4668 αἰτίους
1799 4603 1940 4658 εἰναί

2043 3516 2147 3570 hoc
2196 3515 2340 3570 idem
2389 3512 2717 3576 absurdum,
2782 3511 2996 3566 scilicet
3051 3511 3288 3584 duorum
3322 3511 3620 3580 principio-

2041 3624 2189 3672 rum,
2256 3606 2744 3674 multitudinisquc
2800 3605 3032 3659 deorum
3086 3605 3251 3658 ctiam
3317 3605 3371 3657 in
3431 3604 3616 3658 mundi

2039 3700 2405 3770 productione
2442 3699 2638 3768 sequi;
2691 3698 2734 3751 si
2794 3699 2921 3767 quis
2981 3715 3092 3753 non
3155 3699 3424 3753 attendat.
3458 3697 3616 3765 Quod

2039 3791 2261 3860 quidem
2295 3805 2323 3844 a
2358 3790 2673 3846 Christiana
2717 3791 2986 3860 religione
3025 3801 3111 3844 cst
3149 3789 3416 3853 alienum,
3480 3806 3617 3847 con-

2038 3899 2244 3954 gruens
2270 3898 2403 3938 vero
2435 3882 2757 3953 gentilibus.
2811 3883 2869 3937 ln
2914 3898 3027 3952 quo
3053 3883 3202 3937 enim
3240 3898 3343 3938 nos
3374 3899 3618 3939 summo-

2041 3991 2173 4044 pere
2225 3977 2459 4047 gentiles
2510 3975 2994 4045 reprehendimus,
3029 3976 3136 4030 hoc
3179 3976 3314 4030 illud
3339 3985 3446 4042 est,
3474 3980 3619 4046 quod

2041 4068 2245 4122 multos
2275 4067 2467 4122 mundi
2494 4067 2722 4138 opiﬁces
2779 4075 2834 4122 et
2883 4067 3088 4123 multos
3129 4068 3264 4122 deos
3300 4069 3622 4125 introduce-

2042 4168 2186 4214 rent.
2244 4157 2300 4212 Si
2355 4158 2520 4229 igitur
2587 4166 2703 4214 tres
2747 4158 3075 4228 hypostases
3096 4159 3396 4214 creationis
3429 4173 3623 4215 causas

2039 4251 2444 4318 esse-dicimus,
2472 4252 2578 4305 hoc
2603 4251 2908 4306 absurdum
2960 4268 3062 4307 nos
3091 4261 3355 4321 sequetur
3379 4292 3395 4318 ,
3425 4265 3622 4308 erunt-

2042 4357 2152 4410 que
2205 4343 2376 4397 multa
2424 4344 2704 4415 principia
2759 4355 2816 4397 et
2871 4345 3126 4400 deitates.

2120 4432 2317 4488 Verum
2371 4437 2524 4498 audi,
2579 4437 3054 4505 quemadmodum
3111 4438 3368 4494 doctores
3433 4438 3489 4494 id
3537 4453 3624 4492 sa-

2045 4527 2262 4595 pienter
2293 4527 2618 4583 dissolvant.
2661 4529 2775 4582 Etsi
2833 4529 2981 4583 enim
3020 4529 3263 4594 Patrem,
3315 4540 3373 4585 et
3394 4529 3620 4594 Filium,

2045 4630 2097 4672 et
2128 4618 2392 4688 Spiritum
2427 4635 2582 4689 aeque
2604 4635 2802 4676 causas
2843 4635 2967 4676 esse
3001 4622 3302 4677 creatiouis
3325 4622 3567 4679 dicimus
3603 4645 3619 4678 :

363 4723 570 4776 φαμεν,
597 4703 712 4758 ἀλλ’
740 4704 888 4773 ὅμως
913 4701 1003 4754 διὰ
1046 4700 1105 4753 τὸ
1139 4697 1238 4768 τὴν
1272 4697 1448 4769 ἀρχὴν
1482 4698 1588 4750 τῶν
1619 4697 1938 4768 δεδημιουρο

2052 4719 2290 4767 attamen
2325 4753 2341 4776 ,
2399 4713 2657 4779 quoniam
2721 4714 3054 4784 principium
3105 4725 3484 4770 creaturarum
3553 4719 3620 4772 ad

363 4799 620 4868 γημένων
653 4797 745 4850 ἐπὶ
792 4797 882 4847 τὸν
915 4792 1133 4863 Πατέρα
1162 4791 1558 4860 ἀναφέρεσθαι,
1602 4793 1696 4844 καὶ
1734 4791 1944 4844 ἐκεῖθεν

362 4892 456 4945 τόν
481 4907 543 4944 τε
592 4889 721 4943 Υίδν
748 4888 808 4941 τό
841 4903 901 4939 τε
950 4886 1200 4955 Πνεῦμα,
1235 4885 1331 4938 καὶ
1375 4883 1508 4937 αὐτὸ
1548 4885 1608 4937 τὸ
1651 4882 1814 4948 εἶναι,
1851 4885 1946 4937 κα)⁸

361 4986 467 5055 τὴν
494 4984 590 5037 τοῦ
617 4983 972 5054 δημιουργεῖν
997 4978 1234 5050 δύναμιν
1267 4978 1410 5048 ἔχειν
1432 4995 1446 5009 ο
1481 4978 1576 5030 τοῦ
1601 4979 1710 5048 γὰρ
1733 4978 1945 5050 Πατρδς

366 5079 448 5150 μὴ
479 5079 656 5143 δντος,
694 5079 722 5131 ὅ
751 5094 812 5129 τε
845 5076 972 5140 Υἰδς
1028 5076 1122 5129 καὶ
1160 5074 1222 5126 τὸ
1270 5073 1493 5142 Πνεῦμα
1517 5071 1627 5126 οὒτ’
1664 5073 1731 5127 ἂν
1780 5067 1941 5144 ἦσαν,

362 5172 495 5226 οὔτε
520 5173 620 5240 τὴν
647 5169 740 5222 τοῦ
765 5169 1124 5239 δημιουργεῖν
1158 5167 1392 5234 δύναμιν
1429 5163 1576 5236 εἰχον
1597 5184 1611 5198 ο
1645 5166 1728 5218 ἔτι
1763 5183 1820 5219 τε
1851 5167 1945 5219 καὶ

363 5266 456 5319 διὰ
483 5264 542 5317 τὸ
577 5264 678 5333 μιᾷ
702 5264 794 5314 καὶ
823 5264 887 5332 τῇ
918 5261 1056 5330 αὐτῇ
1079 5259 1302 5330 ἀριθμῷ
1319 5258 1553 5329 δυνάμει
1580 5259 1943 5331 δημιουργεῖν

365 5356 588 5418 αὐτοὺς,
642 5354 707 5406 ὲκ
743 5351 844 5420 τῆς
891 5349 1061 5417 αὐτῆς
1115 5350 1212 5401 καὶ
1262 5347 1391 5416 μιᾶς
1455 5345 1639 5416 κοινῆς
1689 5345 1944 5416 θεότητος

366 5446 638 5518 προῖοὑσῃ
659 5460 673 5473 ·
701 5444 791 5496 διὰ
814 5441 975 5495 τοῦτο
1007 5440 1231 5503 εἰκότως
1268 5433 1346 5503 εἷς
1370 5437 1526 5503 Θεὸς,
1558 5440 1652 5492 καί
1680 5437 1943 5510 δημιουρ-

362 5541 461 5608 γὸς
489 5537 710 5605 λέγεται
745 5530 846 5595 εἷς.
890 5533 1062 5587 Τοῦτο
1095 5532 1188 5586 οῦν
1238 5533 1330 5584 καὶ
1361 5530 1455 5582 ἐπὶ
1496 5531 1597 5600 τῆς
1627 5533 1691 5583 ὲκ
1727 5531 1942 5602 Πατρὺς

364 5632 463 5686 καὶ
502 5630 633 5683 Υἰοῦ
669 5628 764 5681 τοῦ
807 5626 1122 5696 Πνεῦματος
1156 5622 1544 5693 ὲκπορεύσεως
1594 5623 1778 5675 ἱκανὸν
1806 5623 1942 5692 πρὸς

361 5728 490 5789 τοὺς
519 5723 876 5793 ἀποροῦντας.

439 5820 564 5873 Ὅτι
593 5818 700 5886 γὰρ
733 5817 829 5886 μιᾷ
853 5818 946 5870 καὶ
970 5817 1035 5886 τῇ
1083 5815 1218 5884 αὐτῇ
1250 5815 1479 5884 δυνάμει
1529 5817 1557 5868 ό
1599 5813 1786 5885 [ἰατὴρ
1821 5813 1938 5884 ἅμα

2046 4801 2264 4858 Patrem
2323 4801 2583 4864 refertur,
2635 4804 2874 4872 indeque
2905 4819 3030 4858 cum
3087 4804 3261 4859 Filius
3303 4815 3416 4860 tum
3446 4807 3624 4876 Spirio

2044 4901 2133 4947 tus
2175 4902 2401 4948 sanctus
2439 4903 2496 4950 et
2539 4895 2720 4964 ipsum
2769 4910 2891 4950 esse
2941 4906 2998 4951 et
3037 4897 3260 4952 creandi
3321 4900 3624 4967 potentiam

2046 4983 2253 5040 habent
2281 5001 2296 5036 :
2330 4985 2491 5041 Patre
2536 4987 2682 5041 enim
2741 5002 2853 5042 non
2891 4989 3216 5046 exsistente.
3244 5004 3423 5059 neque
3453 4989 3624 5046 Filius

2043 5084 2215 5139 esset,
2285 5090 2468 5144 neque
2536 5076 2780 5145 Spiritus
2837 5087 3088 5142 sanctus,
3156 5094 3336 5148 neque
3393 5081 3621 5134 creandi

2045 5169 2344 5236 putentiam
2391 5167 2704 5234 haberent;
2744 5179 3031 5238 prteterea,
3078 5172 3208 5241 quia
3253 5187 3360 5226 una
3405 5173 3626 5227 eadem-

2052 5274 2160 5329 que
2186 5275 2418 5318 numero
2447 5261 2721 5330 patentia,
2753 5262 2824 5317 ab
2867 5277 2976 5317 una
3002 5263 3312 5334 eademque
3337 5268 3624 5322 communi

2052 5353 2254 5410 deitate
2304 5355 2662 5420 provenieitte
2704 5365 2933 5424 creant,
3001 5357 3074 5410 ob
3135 5355 3194 5416 id
3241 5357 3442 5413 merito
3481 5373 3629 5413 unus

2053 5448 2207 5510 deus,
2254 5456 2310 5500 et
2366 5461 2508 5503 unus
2564 5447 2751 5503 mundi
2787 5447 3279 5518 eﬂ‘ectorldicitur.
3310 5448 3427 5505 Hoc:
3458 5451 3628 5520 igitur

2053 5551 2110 5595 et
2135 5541 2192 5596 in
2228 5540 2468 5608 Spiritus
2494 5557 2560 5596 ex
2595 5543 2758 5596 Patre
2798 5542 3048 5611 Filioque
3101 5543 3460 5612 processione
3489 5544 3628 5597 satis

2053 5642 2240 5700 aptum
2299 5641 2384 5685 est
2439 5631 2503 5686 ad
2553 5631 2874 5686 dubitantes
2940 5642 2995 5685 et
3036 5641 3345 5701 quaerentes
3399 5645 3630 5701 respon-

2050 5737 2196 5776 sum.

2121 5817 2276 5881 Quod
2329 5819 2478 5874 enim
2532 5827 2819 5889 propterea
2871 5833 3000 5875 vere
3043 5835 3108 5873 ac
3150 5821 3372 5888 proprie
3407 5822 3478 5876 sit
3519 5833 3628 5877 una
