3966 6218
296 261 404 324 39ικ
1283 255 1783 318 BESSARIONIS
1813 257 1872 316 S.
1909 256 1980 316 Il.
2014 257 2084 315 E.
2113 197 2597 315 CAllDlNALlS'
2815 313 2822 320 .
3474 258 3576 321 392

297 393 486 444 causa,
543 390 784 432 unnmve
834 374 1168 446 principium
1223 374 1595 444 processionis
1635 373 1875 444 Spiritus

2012 373 2077 426 Lai
2110 375 2137 425 6
2170 372 2296 435 Υἱὸς
2345 371 2405 424 τό
2443 370 2669 439 Πνεῦμα
2707 369 3098 439 προῦάλλουσι,
3130 371 3227 424 καὶ
3254 372 3343 426 ὅτι
3377 373 3440 427 ἐκ
3479 376 3572 428 τοῦ

297 469 501 531 sancti,
559 469 690 538 quia
747 482 852 521 una
883 466 1189 536 eademque
1222 466 1499 535 potentia,
1527 465 1691 520 Pater
1715 465 1878 518 simul

2012 465 2197 533 ἰατρὸς
2233 465 2347 534 ἔχει
2372 463 2558 516 λαὸὼν
2591 466 2618 516 ὁ
2662 463 2792 526 Υἱὸς
2827 465 2925 532 τὴν
2972 465 3380 534 ὲκπορευτικὴν
3418 463 3574 519 δῦνα-

299 579 363 615 ac
419 561 615 625 Filius,
651 560 922 630 Spiritum
973 557 1333 627 producunt;
1378 567 1434 613 et
1457 557 1587 626 quia
1615 571 1683 610 ex
1707 557 1875 611 Patre

2012 575 2081 610 ιιν
2134 557 2363 627 ταύτην,
2412 557 2502 612 διὰ
2549 556 2708 611 τοῦτο
2759 558 2968 627 κυρίως
3016 561 3113 609 καὶ
3166 558 3384 627 ἀληθῶς
3426 554 3564 620 εἷςῆ

302 655 444 708 hanc
481 652 824 723 producendi
873 650 1178 720 potentiam
1222 650 1390 704 habet
1441 649 1638 714 Filius,
1674 648 1739 702 ad
1774 648 1880 701 hoc

2012 649 2160 713 ιῖτιος
2196 651 2289 703 καὶ
2329 649 2430 718 μία
2462 649 2605 719 ἀρχὴ
2652 649 2752 719 τῆς
2792 647 2888 701 τοῦ
2932 650 3254 717 Πνεόματος
3309 653 3567 717 ἐκπορεύ-

301 743 648 815 probandum
699 741 937 798 maxime
983 741 1229 811 quidem,
1297 747 1357 793 ut
1409 739 1620 794 dictum
1675 745 1786 802 est,
1828 747 1884 790 et

304 837 420 891 haec
487 833 622 889 satis
659 841 881 898 essent;
940 830 1258 886 ostenditur
1285 840 1467 884 tamen
1503 831 1606 884 hoc
1633 828 1802 891 idem,
1829 835 1885 881 et

305 927 546 982 ratione.
606 924 830 980 Etenim
878 924 988 979 duo
1019 938 1145 979 cum
1179 921 1313 991 sint,
1341 931 1402 976 ut
1429 921 1636 976 dictum
1674 931 1782 982 est.
1815 917 1884 973 ad

305 1037 428 1091 quae
473 1035 638 1075 omne
680 1018 829 1090 quod
897 1016 1267 1087 producitur,
1327 1013 1605 1078 refertur,
1669 1012 1886 1082 species

303 1113 540 1178 scilicet,
574 1110 882 1166 secundum
916 1124 1082 1180 quam
1146 1106 1503 1179 producitur,
1535 1112 1592 1159 et
1623 1104 1886 1173 supposi-

308 1216 448 1269 tum,
513 1218 610 1260 seu
663 1217 924 1272 persona,
988 1216 1055 1255 ex
1119 1215 1227 1269 qua
1258 1196 1696 1269 produciturzsi
1728 1195 1888 1250 Pater

289 1291 532 1362 quidem
583 1298 642 1344 et
684 1289 874 1354 Filius,
912 1287 1376 1359 quemadmodum
1417 1286 1530 1341 duo
1587 1295 1718 1341 sunt
1768 1300 1891 1354 per-

285 1385 480 1448 vsonis,
538 1384 611 1438 ita
670 1396 889 1453 quoque
947 1383 1157 1452 specie,
1209 1380 1516 1436 secundum
1551 1368 1890 1450 quam'proo

1988 760 2150 807 σεως,
2176 742 2414 812 μάλιστα
2443 742 2545 811 μὲν
2569 737 2684 806 οῦν,
2715 742 2790 805 ὡς
2815 744 3029 813 εἴρηται
3065 744 3226 796 ἱκανὰ
3250 745 3343 796 καὶ
3366 743 3530 796 ταῦτα
3549 759 3564 774 ’

1987 835 2270 890 δείκνυται
2305 836 2363 889 δὲ
2400 836 2550 906 ὅμως
2586 839 2645 889 τὸ
2669 835 2803 888 αὐτὸ
2837 835 3000 890 τοῦτο
3035 838 3130 888 καὶ
3161 838 3225 889 ἐκ
3261 836 3356 888 τοῦ
3388 837 3568 904 λόγου.

1987 928 2145 979 Δυοῖν
2163 927 2285 997 ,γὰρ
2307 926 2504 992 ὄντοιν,
2533 925 2608 988 ὡς
2627 925 2868 996 εἴρηται,
2894 927 2971 990 είς
2999 926 3034 981 ἃ
3066 927 3176 980 πᾶν
3195 928 3574 997 προαγόμενον

1989 1019 2348 1088 ἀναφέρεται,
2399 1017 2494 1072 τοῦ
2541 1035 2602 1070 τε
2649 1019 2852 1083 είδους,
2887 1018 3012 1071 καθ’
3045 1018 3074 1072 ὃ
3117 1021 3442 1089 προάγεται,
3479 1022 3577 1071 καὶ

1988 1111 2085 1165 τοῦ
2121 1111 2486 1180 ὑποκειμένου
2522 1111 2555 1180 ἢ
2590 1109 2892 1181 προσώπου
2923 1110 2981 1176 ἐξ
3003 1103 3088 1176 οῦ,
3125 1112 3173 1164 εί
3203 1112 3304 1179 μὲν
3336 1114 3361 1163 6
3388 1111 3578 1179 Πατὴρ

1991 1206 2087 1258 καὶ
2117 1207 2145 1257 6
2173 1204 2319 1266 Υἱὸς,
2347 1202 2538 1274 ὥσπερ
2574 1202 2668 1256 δύο
2703 1204 2824 1265 ταῖς
2865 1202 3258 1267 ὑποστάσεσιν,
3283 1202 3456 1266 οὕτως
3482 1204 3577 1256 καὶ

1992 1294 2071 1367 τῷ
2098 1295 2230 1349 εῖδει
2254 1294 2378 1347 καθ’
2409 1294 2439 1346 ὃ
2467 1293 2528 1347 τὸ
2560 1293 2788 1364 Πνεῦμα
2821 1293 3130 1364 προάγουσι
3153 1293 3248 1347 δύο
3277 1290 3445 1366 ἦσαν,
3481 1294 3578 1346 καὶ

1996 1387 2275 1450 παντελῶς
2301 1385 2732 1457 ἑδιχοτομοῦντο,
2776 1385 2886 1438 τότ’
2918 1385 2986 1439 ἂν
3016 1380 3129 1456 εἶχε
3165 1385 3348 1454 λόγον,
3376 1385 3577 1456 μᾶλλον

299 1476 520 1530 ducunt
553 1473 840 1545 Spiritum,
885 1472 998 1528 duo
1041 1480 1253 1536 essent,
1294 1481 1351 1526 et
1382 1472 1614 1528 omnino
1648 1471 1706 1525 in
1747 1470 1890 1525 duas

2012 1478 2041 1532 ς’
2069 1474 2139 1550 ἦν
2184 1479 2488 1546 ἀναγκαῖον
2529 1477 2623 1530 δύο
2651 1477 2830 1548 ἀρχὰς
2880 1476 3066 1546 λέγειν
3094 1475 3188 1531 τοῧ
3224 1478 3539 1547 Πνεῦματος
3557 1496 3572 1511 ⁸

285 1579 495 1638 partes
539 1576 862 1624 secarentur
899 1581 965 1621 ac
992 1565 1408 1631 dividerentur;
1449 1573 1580 1620 tunc
1606 1579 1739 1620 sane
1785 1579 1894 1618 non

2012 1571 2122 1624 incl.
2169 1570 2225 1623 δὲ
2266 1570 2315 1622 εί
2367 1569 2463 1624 κα)⁵
2496 1568 2564 1623 τὰ
2621 1567 2865 1638 μάλιστα
2896 1568 2991 1622 δύο
3037 1571 3159 1634 ταῖς
3209 1571 3577 1623 ὑποστάσεσιν

305 1675 452 1718 esset
476 1664 698 1726 mirum,
775 1661 884 1714 imo
931 1673 1065 1714 vero
1123 1668 1180 1713 et
1235 1659 1609 1713 necessarium
1703 1657 1894 1713 dicere

2012 1663 2416 1735 Βμολογοῦνται,
2467 1662 2546 1732 τῷ
2576 1679 2641 1731 γε
2684 1662 2794 1732 μὴν
2838 1663 2992 1724 εῖδει,
3032 1655 3077 1731 ᾧ
3120 1662 3472 1731 προάγουσιν,
3517 1664 3576 1729 ἓν

304 1752 418 1811 duo
450 1752 723 1824 principia
741 1750 982 1821 Spiritus
1009 1750 1208 1816 sancti;
1232 1765 1381 1804 nunc
1403 1765 1557 1815 vero,
1583 1764 1897 1820 quanquam

2012 1757 2113 1808 είσι
2143 1754 2222 1824 τῷ
2253 1752 2474 1824 ἀριθμῷ
2505 1754 2598 1806 καὶ
2641 1749 2926 1814 παντελῶς
2955 1748 3441 1821 άδιαίρετοι.⁹Εστι
3470 1749 3580 1818 γὰρ

309 1847 658 1917 potissimum
684 1846 794 1899 duo
827 1858 950 1899 esse
973 1842 1362 1913 ltypostasibus
1389 1841 1532 1896 inter
1553 1856 1748 1898 omnes
1764 1856 1897 1896 con—

308 1949 438 2002 stat,
467 1937 597 2006 quia
629 1934 1041 2005 tamen‘speeie,
1069 1948 1177 2004 qua
1204 1935 1536 2004 producunt,
1564 1949 1734 1988 unum
1767 1945 1898 1991 sunt

310 2043 566 2094 numero,
598 2035 656 2082 et
688 2027 915 2082 omnino
955 2023 1330 2081 indivisibiles
1357 2042 1372 2092 ;
1411 2041 1495 2086 εει
1524 2025 1673 2081 enim
1709 2025 1898 2080 divina

307 2122 570 2186 essentia,
601 2118 907 2176 secundum
933 2133 1100 2189 quam
1131 2118 1296 2173 ambo
1326 2116 1598 2187 Spiritum
1632 2125 1894 2172 sanctum

308 2213 645 2285 producunt,
701 2227 810 2266 una
888 2209 1197 2280 eademque
1273 2223 1511 2264 numero
1582 2209 1897 2264 communis

309 2307 579 2362 ambobus
640 2304 954 2368 exsistens;
1013 2320 1126 2359 non
1173 2312 1260 2358 est
1289 2302 1695 2370 necessarium,
1726 2310 1895 2372 atque

308 2401 449 2457 adeo
498 2399 650 2454 nullo
707 2398 872 2453 modo
940 2397 1060 2451 fieri
1112 2404 1319 2467 potest,
1377 2404 1441 2451 ut
1489 2395 1601 2451 duo
1631 2394 1894 2450 dicantur

315 2494 609 2566 principia.
643 2493 742 2548 Est
769 2490 917 2547 enim
951 2504 1060 2544 una
1121 2488 1464 2554 essentialis,
1500 2496 1556 2544 et
1584 2487 1898 2542 communis

291 2589 448 2660 ipsis
499 2585 832 2658 productiva
864 2587 950 2638 vis
989 2593 1047 2639 et
1071 2583 1342 2654 potentia.
1381 2581 1515 2648 Quae
1557 2582 1809 2652 quidem,
1839 2590 1899 2638 et

285 2683 356 2737 κεί
409 2678 720 2736 essentialis
787 2676 935 2732 haud
996 2675 1167 2732 dubie
1228 2674 1558 2730 conceditur
1585 2689 1734 2742 esse,
1784 2689 1898 2732 non

293 2816 302 2830 .,
315 2783 500 2846 potest
523 2784 706 2829 tamen
738 2771 1050 2828 communis
1072 2785 1196 2826 esse
1226 2769 1339 2824 illis
1367 2783 1496 2824 cum
1527 2766 1742 2840 Spiritu
1769 2783 1901 2825 sane

282 2879 444 2934 icto,
500 2865 670 2938 quod,
716 2872 777 2919 ut
829 2878 972 2933 saepe
1021 2862 1233 2918 dictum
1289 2871 1397 2926 est,
1422 2859 1748 2932 proprietati
1778 2859 1901 2930 ejus

314 2966 628 3031 repugnet;
694 2953 879 3010 omnia
928 2953 1079 3010 enim
1157 2961 1290 3008 sunt
1344 2951 1485 3008 Filio
1547 2967 1613 3008 ac
1665 2949 1899 3022 Spiritui

2001 1851 2034 1919 ἡ
2068 1848 2187 1902 θεία
2214 1848 2394 1914 οὐσία,
2429 1847 2554 1902 καθ’
2587 1845 2654 1920 ἢν
2682 1847 2854 1916 ἄμφω
2885 1844 2948 1899 τὸ
2980 1846 3140 1913 ἅγιον
3187 1845 3410 1914 Πνεῦμα
3443 1860 3582 1913 προ-

1999 1945 2215 2011 άγουσι,
2255 1941 2350 2011 μία
2375 1939 2471 1994 καὶ
2496 1940 2530 2010 ἡ
2554 1938 2695 2008 αὐτὴ
2730 1937 2952 2008 ἀριθμῷ
2986 1938 3138 2007 κοινὴ
3166 1935 3304 1989 οὖσα
3335 1937 3541 2004 ἀμφοῖν
3562 1951 3576 1965 ⁸

1999 2036 2101 2088 οὐκ
2132 2034 2456 2101 ἀναγκαῖον,
2506 2030 2712 2101 μᾶλλον
2762 2029 2822 2082 δι
2866 2027 3130 2083 ἀδύνατον
3161 2029 3256 2082 δύο
3289 2027 3463 2098 ἀρχὰς
3494 2025 3583 2079 λέ·

1999 2141 2137 2192 γειν.
2174 2123 2329 2176 Ἔστι
2365 2122 2476 2193 γὰρ
2513 2122 2610 2192 μία
2652 2123 2686 2192 ή
2723 2121 2994 2191 οὖσιώδης
3057 2122 3152 2174 καὶ
3197 2123 3347 2191 κοινὴ
3397 2120 3582 2175 αὐτῶν

2000 2214 2344 2287 προδλητικὴ
2373 2214 2604 2286 δύναμις
2635 2231 2649 2247 ·
2691 2215 2814 2286 ἡτις
2847 2216 2895 2268 εί
2938 2217 3031 2269 καὶ
3081 2213 3349 2282 οὐσιὼδης
3385 2214 3586 2285 ὁμολο-

1999 2309 2202 2376 γεῖται,
2247 2310 2309 2362 οὐ
2356 2309 2585 2363 δύναται
2634 2311 2786 2377 ὅμως
2817 2305 2955 2362 εἶναι
2985 2309 3142 2379 κοινὴ
3187 2308 3268 2378 τῷ
3301 2310 3581 2377 ΙῙνεύματι

1998 2399 2077 2472 τῷ
2102 2400 2265 2469 ἁγίῳ,
2301 2400 2391 2453 διὰ
2423 2399 2507 2466 τὸ,
2551 2399 2627 2463 ὡς
2663 2399 2926 2463 πολλάκις
2965 2399 3207 2471 εἴρηται,
3240 2399 3582 2452 ἀντικεῖσθαι

1999 2495 2067 2564 τῇ
2097 2493 2260 2546 αὐτοῦ
2295 2492 2543 2562 ἰδιότητι.
2576 2492 2804 2546 Πάντων
2833 2493 2941 2561 γὰρ
2971 2493 3048 2562 τῷ
3088 2493 3265 2562 "arpi
3293 2491 3585 2546 κοινωνοῦ-

2003 2600 2088 2636 σιν
2113 2585 2142 2636 ό
2170 2582 2298 2646 Υίδς
2326 2583 2424 2636 καὶ
2457 2583 2519 2636 τὸ
2567 2582 2795 2652 Πνεῦμα
2838 2585 2902 2637 τδ
2953 2583 3135 2652 ἅγιον,
3183 2582 3260 2645 ὡς
3289 2585 3384 2636 καὶ
3423 2581 3586 2636 τοῦτο

1999 2674 2100 2727 οὐκ
2129 2673 2382 2741 ὀλιγάκις
2409 2673 2648 2744 εἴρηται,
2687 2674 3058 2743 φυλάττοντες
3091 2674 3312 2746 πρῶτον
3334 2674 3432 2737 τὰς
3457 2675 3586 2728 εαυ-

1999 2765 2110 2822 τῶν
2143 2767 2439 2838 ἰδιότητας.
2481 2767 2670 2820 Πάντα
2724 2767 2836 2836 γάρ
2885 2768 3036 2820 ἐστιν
3069 2768 3098 2821 6
3140 2767 3264 2830 Υίδς
3287 2766 3386 2821 ὃσα
3429 2768 3524 2820 καὶ
3554 2769 3585 2822 6

2003 2862 2220 2933 Πατὴρ,
2251 2860 2394 2914 κατὰ
2425 2862 2520 2914 τὸν
2561 2860 2736 2930 μέγαν
2771 2861 3060 2914 Βασίλειον
3094 2861 3189 2914 καὶ
3231 2861 3357 2924 τοὺς
3388 2859 3585 2925 ἄλλους

2003 2949 2383 3016 διδασκάλους,
2417 2950 2601 3019 μένων
2629 2953 2687 3002 ἑν
2713 2949 2792 3019 τῷ
2815 2945 2956 3003 εἶναι
2987 2949 3137 3017 Υίος,
3168 2951 3289 3022 ἦτοι
3325 2951 3424 3020 τὴν
3453 2952 3584 3006 ἑαυ-

290 3062 511 3108 saneto
563 3065 687 3105 cum
737 3049 898 3103 Patre
929 3045 1242 3101 communia
1267 3087 1283 3112 ,
1311 3055 1374 3102 ut
1402 3053 1460 3101 et
1493 3045 1602 3102 hoc
1629 3059 1742 3100 non
1775 3058 1901 3099 raro

2012 3042 2100 3096 τοῦ
2145 3043 2330 3114 τηρῶν
2381 3043 2644 3112 ἰδιότητα.
2687 3044 2747 3096 Ei
2779 3043 2887 3114 γὰρ
2919 3045 3017 3097 καὶ
3060 3045 3129 3098 τὰ
3180 3043 3419 3115 μάλιστα
3466 3043 3586 3110 ἴσος

316 3146 526 3200 dictum
581 3150 686 3204 est,
728 3137 966 3195 servatis
1017 3136 1135 3192 suis
1193 3134 1660 3206 proprietatibus;
1715 3133 1901 3190 omnia

2012 3135 2100 3190 καὶ
2133 3135 2321 3206 ὅμοιός
2377 3137 2498 3189 ἐστι
2545 3135 2625 3206 τῷ
2683 3136 2880 3204 Πατρὶ.
2942 3137 3138 3208 γεννᾷν
3196 3138 3385 3206 μέντοι
3420 3139 3584 3191 αὑτὸν

317 3237 466 3290 enim
532 3243 617 3288 est
665 3229 840 3285 Filius
898 3241 1243 3298 qumcunque
1277 3234 1336 3280 et
1369 3225 1552 3290 Pater,
1584 3225 1897 3280 secundum

2012 3226 2196 3279 ἑαυτὸν
2233 3223 2296 3277 οὐ
2332 3223 2580 3291 δύναται,
2618 3225 2706 3278 διὰ
2737 3225 2798 3278 τὸ
2834 3226 3104 3296 μάχεσθαι
3133 3225 3211 3296 τῷ
3245 3227 3414 3280 αὑτοῦ
3449 3225 3592 3280 iouia-

315 3342 584 3399 magnum
645 3320 934 3384 Bas'ilium,
965 3329 1328 3388 caeterosqum
1355 3316 1620 3373 doctores
1641 3358 1655 3383 ,
1682 3331 1902 3386 perma-

2012 3317 2393 3389 ματι.οὑκοῦν
2421 3319 2518 3370 καὶ
2545 3318 2608 3370 τδ
2641 3317 2866 3388 Πνεῦμα
2909 3319 2972 3372 τὺ
3005 3321 3162 3381 ἆγιον
3207 3319 3429 3374 πάντων
3465 3336 3589 3373 κοι-

292 3435 456 3477 .nens
507 3418 562 3474 in
587 3432 655 3473 eo
685 3415 833 3486 quod
855 3414 928 3470 sit
963 3413 1159 3478 Filius,
1203 3412 1312 3466 hoc
1342 3419 1427 3466 est
1453 3424 1610 3466 suam
1645 3409 1902 3481 proprie-

2012 3411 2166 3464 mvei’
2212 3410 2290 3481 τῷ
2341 3411 2520 3481 Πατρι
2550 3411 2646 3464 καὶ
2691 3410 2773 3482 τῷ
2827 3411 2964 3484 Υίῷ,
3027 3416 3190 3483 μένον
3234 3415 3295 3468 ἐν
3335 3414 3414 3485 τῷ
3444 3411 3586 3469 εἶναι

295 3523 487 3570 tatem
541 3509 811 3566 retinens.
892 3506 1138 3560 Tametsi
1211 3505 1362 3560 enim
1421 3518 1587 3574 quam
1657 3501 1902 3558 maxime

2013 3504 2264 3576 Πνεῦμα,
2300 3505 2422 3574 ἦτοι
2455 3503 2631 3568 σῶζον
2670 3504 2770 3577 τὴν
2807 3505 3001 3559 ἑαυτοῦ
3044 3489 3307 3577 ἰδιότητα.
3332 3509 3496 3563 Ὅθεν
3523 3511 3587 3563 οὐ

315 3602 542 3674 aequalis
587 3609 644 3656 et
699 3598 898 3654 similis
949 3606 1034 3651 est
1065 3595 1235 3660 Patri,
1269 3594 1386 3664 ipse
1419 3604 1602 3650 tamen
1632 3608 1901 3664 generare

2012 3597 2235 3652 δύναται
2280 3597 2611 3670 προϐάλλειν
2645 3598 2828 3662 ἑαυτὸ,
2870 3600 3054 3653 καίτοι
3106 3601 3331 3656 πάντων
3378 3603 3594 3667 ἑαυτοῖς

316 3702 560 3772 seipsum
612 3695 841 3753 minime
887 3701 1122 3766 potest;
1178 3692 1325 3762 quod
1362 3691 1537 3762 ipsius
1567 3689 1902 3762 proprietati

317 3803 607 3866 repugnet.
655 3789 824 3861 Igitur
889 3795 946 3842 et
997 3783 1238 3856 Spiritus
1295 3793 1522 3840 sanctus
1565 3783 1751 3839 omnia
1791 3782 1900 3838 sibi

319 3887 489 3943 habet
533 3899 658 3939 cum
701 3881 865 3936 Patre
895 3879 1148 3948 Filioque
1199 3878 1518 3932 communia
1540 3915 1556 3945 ,
1581 3892 1814 3934 manens
1844 3877 1900 3933 in

2013 3690 2332 3758 κοινωνοῦν,
2375 3691 2464 3745 διὰ
2519 3692 2582 3746 τὸ
2640 3692 2914 3763 μάχεσθαι
2966 3692 3127 3747 τοῦτο
3177 3698 3245 3766 τῇ
3297 3698 3592 3754 ὑποστάσει

2015 3784 2202 3840 αὐτοῦ.
2238 3785 2404 3839 ’Ὥστε
2435 3785 2740 3855 οὐδαμόθεν
2783 3783 3009 3854 εὔλογος
3041 3790 3067 3840 ὁ
3094 3787 3255 3858 λόγος
3293 3793 3408 3855 τοῖς
3440 3791 3596 3861 διαρ-

2016 3879 2140 3950 χίαν
2179 3879 2471 3948 ἔγκαλοῦσι
2497 3880 2775 3943 Λατίνοις.

317 4001 386 4041 eo
447 3982 596 4057 quod
651 3983 722 4036 sit
778 3979 1042 4049 Spiritus.
1073 3977 1180 4035 hoc
1207 3986 1294 4032 est
1322 3990 1554 4032 servans
1625 3990 1783 4031 suam
1849 3977 2273 4048 proprietatem.
2334 3977 2491 4035 Unde
2547 3993 2660 4034 non
2715 3988 2897 4050 potest
2962 3984 3206 4054 seipsum
3269 3957 3597 4056 producere,

318 4086 451 4140 licet
480 4079 729 4138 omnium
782 4077 1060 4147 particeps
1107 4072 1220 4137 ﬁat,
1261 4073 1408 4143 quod
1475 4073 1658 4143 ipsum
1721 4087 1972 4141 personae
2011 4075 2188 4145 ipsius
2251 4083 2547 4145 repugnet.
2602 4075 2788 4143 Quare
2843 4076 2998 4134 nulla
3055 4095 3124 4135 ex
3178 4091 3334 4150 parte
3367 4082 3512 4152 justa
3544 4099 3601 4145 (ιι

309 4176 604 4234 rationalis
662 4183 748 4228 est
803 4184 1000 4227 eorum
1052 4167 1480 4240 argumentatio,
1544 4167 1639 4237 qui
1696 4167 1902 4238 duplex
1943 4169 2285 4240 principium
2317 4169 2534 4225 Latinis
2563 4169 2858 4242 objiciunt.

521 4309 730 4368 Salutio
760 4305 982 4362 absurdi
1005 4305 1152 4360 ducti
1179 4305 1245 4360 ab
1278 4306 1698 4378 imperfectione.

277 4447 282 4470 ⁵
385 4455 596 4510 Verum
627 4450 804 4515 aiunt,
841 4447 938 4503 Vel
969 4446 1212 4518 perfecta
1241 4454 1329 4501 est
1384 4444 1678 4516 productio
1702 4445 1908 4508 Patris,
1946 4427 1989 4483 ο

313 4563 378 4604 (τι
421 4563 561 4604 vana
623 4545 732 4601 erit
791 4558 857 4598 ex
891 4540 1034 4596 Filio
1069 4539 1195 4594 :vel
1226 4539 1273 4593 si
1311 4538 1624 4594 necessaria
1650 4546 1738 4594 est
1770 4551 1902 4608 pro-

325 4642 514 4698 ductio
537 4636 692 4704 Filii,
726 4637 1047 4706 imperfecta
1113 4641 1199 4687 est
1225 4631 1428 4687 Patris.
1457 4631 1571 4686 Hoc
1591 4642 1778 4686 autem
1811 4631 1911 4683 ab-

325 4735 556 4794 surdum
597 4741 704 4798 est,
737 4727 1114 4798 imperieatam
1170 4724 1360 4780 dicere
1398 4725 1776 4793 operationem
1805 4721 1911 4776 Pa-

328 4833 450 4893 tris,
478 4839 536 4884 et
566 4825 633 4882 ad
667 4821 1059 4894 perfectionem
1088 4818 1336 4888 indigere
1371 4817 1532 4872 Filio.

293 4913 295 4915 ’
387 4921 515 4979 .Nos
568 4934 700 4975 vero
727 4917 792 4972 ad
820 4914 938 4968 lucc
993 4912 1251 4977 dicimus,
1278 4911 1425 4980 quod
1459 4909 1555 4979 qui
1589 4911 1747 4965 aiunt
1783 4909 1910 4977 ista,

333 5019 595 5074 videntur
645 5014 699 5066 in
759 5008 1021 5064 omnibus
1067 5005 1317 5068 Patrem,
1356 5021 1418 5060 ac
1440 5005 1642 5059 Filium
1693 5017 1917 5060 eorum-

335 5125 446 5182 que
491 5103 842 5176 Operationes
890 5113 1083 5156 secare
1138 5112 1207 5152 ac
1267 5097 1538 5161 dividere,
1567 5097 1624 5150 in
1655 5095 1916 5150 humanis

333 5198 599 5270 exemplis
659 5195 885 5252 omnino
937 5191 1131 5267 innixi.
1168 5189 1236 5244 Et
1256 5189 1512 5259 quoniam
1567 5188 1755 5244 vident
1781 5188 1918 5242 duo-

336 5311 458 5352 rum
491 5290 780 5347 hominum
808 5285 1188 5356 operationes,
1237 5281 1377 5337 duas
1399 5295 1524 5337 esse
1559 5295 1827 5345 numero,
1859 5292 1934 5337 et-

336 5390 569 5444 alteram
620 5383 690 5439 ab
733 5381 906 5436 altera
953 5378 1286 5446 seiunctam,
1315 5375 1447 5430 licet
1482 5374 1549 5429 ad
1585 5389 1755 5428 unum
1786 5373 1921 5429 eﬁ‘e-

336 5491 489 5538 ctum
547 5474 798 5539 tendant,
845 5471 1146 5543 opinantur
1191 5467 1442 5522 etiamin
1477 5465 1589 5520 Deo
1615 5465 1760 5520 idem
1791 5479 1918 5518 cum

341 5573 547 5628 divinis
577 5565 828 5638 personis
869 5577 1202 5633 congruere.
1239 5559 1482 5628 Indeque
1532 5559 1670 5612 tales
1703 5557 1922 5610 dubita-

343 5666 527 5720 tiones
555 5663 610 5714 in
647 5659 888 5713 medium
932 5657 1190 5710 aﬂ‘erunt.
1248 5653 1451 5708 Verum
1496 5651 1641 5706 istud
1677 5650 1923 5720 cogitare

347 5750 652 5818 absurdum
683 5760 785 5804 est.
818 5749 979 5802 Pater
1003 5745 1150 5800 enim
1204 5754 1261 5798 et
1288 5742 1480 5808 Filius,
1518 5742 1770 5812 personis
1803 5752 1924 5795 tan-

2142 4308 2332 4375 Λύσις
2355 4307 2461 4363 τοῦ
2484 4307 2604 4364 ἀπὸ
2633 4309 2744 4378 τῆς
2777 4311 3063 4380 ἀτελείας
3090 4313 3490 4385 ἐγκλήματος.

2104 4447 2267 4502 Ἀλλά
2308 4466 2494 4518 φασιν,
2545 4448 2616 4501 Ἣ
2659 4447 2839 4503 τελεία
2888 4453 2921 4520 ἡ
2957 4451 3283 4520 ἐκπόρευσις
3325 4457 3359 4526 ἡ
3392 4457 3456 4508 ἐκ
3490 4455 3602 4508 Πα-

2017 4537 2167 4607 τρδς,
2208 4540 2301 4592 καὶ
2337 4539 2545 4608 ματαία
2586 4540 2619 4608 ἡ
2672 4539 2730 4606 ἐξ
2781 4539 2913 4594 Υίοῦ
2949 4557 2964 4572 ⁶
3011 4541 3042 4614 ἢ
3088 4545 3137 4596 εί
3171 4545 3445 4610 ἀναγκαία
3478 4549 3510 4614 ἡ
3546 4549 3603 4614 ἐξ

2021 4630 2175 4695 Υἱοῦ,
2211 4632 2412 4701 ἀτελὴς
2446 4635 2478 4702 ἡ
2507 4635 2573 4686 εκ
2621 4632 2714 4686 τοῦ
2768 4635 3004 4707 Πατρός.
3042 4635 3217 4689 Τοῦτο
3265 4637 3325 4691 δὲ
3367 4638 3603 4700 ἄτοπον.

2019 4725 2183 4792 ἀτελῆ
2205 4724 2303 4794 τὴν
2332 4726 2617 4795 ἐνέργειαν
2643 4725 2742 4778 τοῦ
2771 4727 2984 4797 Πατρός
3017 4729 3220 4798 λέγειν,
3257 4732 3351 4784 καὶ
3385 4730 3600 4786 δεῖσθαι

2021 4815 2157 4882 πρὸς
2189 4815 2472 4868 τελείωσιν
2501 4814 2597 4867 τοῦ
2641 4815 2809 4868 Υίοῦ..

2107 4907 2299 4976 Ἡμεῖς
2318 4906 2373 4958 δὲ
2395 4906 2530 4977 πρὸς
2553 4905 2723 4960 ταῦτά
2749 4925 2952 4976 φαμεν,
2972 4907 3047 4970 ὡς
3073 4909 3124 4961 oi
3152 4908 3325 4964 ταῦτα
3354 4910 3605 4979 λέγοντες

2024 5007 2268 5060 ἐοίκασιν
2296 5008 2352 5058 ὲν
2387 5007 2522 5058 πᾶσι
2553 5005 2865 5076 διχοτομείν
2889 5005 3113 5076 Πατέρα
3146 5022 3205 5059 τε
3241 5009 3334 5059 καὶ
3359 5006 3490 5060 Υἱδν
3515 5009 3603 5060 καὶ

2025 5101 2122 5163 τὰς
2149 5098 2332 5153 αὐτῶν
2363 5098 2668 5168 ἐνεργείας,
2714 5099 2778 5151 ἐκ
2821 5097 2929 5151 τῶν
2983 5097 3342 5169 ἀνθρωπίνων
3392 5101 3605 5164 πάντως

2028 5189 2488 5261 παραδειγμάτων
2505 5188 2840 5260 ὁρμώμενοι*
2871 5190 2968 5244 καὶ
2984 5191 3065 5244 ὅτι
3090 5189 3257 5260 ὁρῶσι
3281 5191 3375 5246 δύο
3400 5191 3603 5262 ἀνθρὼ-

2028 5302 2146 5338 πων
2168 5282 2473 5352 ὲνεργείας,
2506 5281 2601 5334 δύο
2630 5281 2708 5352 τῷ
2744 5281 2970 5354 ἀριθμῷ
2999 5281 3192 5349 οὔσας,
3242 5285 3348 5338 κᾶν
3383 5286 3518 5355 πρὸς
3551 5284 3609 5338 ἐν

2031 5375 2384 5443 ἀποτέλεσμα
2413 5375 2689 5444 φέρωνται
2716 5415 2730 5437 ,
2760 5379 2855 5429 καὶ
2882 5376 3304 5446 κεχωρισμένας
3338 5377 3610 5446 ἀλλήλων,

2030 5469 2234 5522 οἴονται
2283 5467 2420 5520 κάπὶ
2464 5463 2600 5520 Θεοῦ
2652 5466 2820 5520 ταυτὸ
2879 5468 3239 5538 ἐφαρμόζειν.
3300 5469 3613 5522 Κάντέὖθίν

2030 5556 2284 5618 τοιαύτας
2304 5556 2538 5626 ἀπορίας
2563 5557 2903 5624 εἰσάγουσιν.
2929 5556 3095 5610 Ἀλλά
3117 5558 3278 5611 τοῦτο
3309 5559 3509 5610 ἄτοπον
3533 5561 3611 5610 ὲκ·-

2033 5647 2246 5717 νοῆσαι.
2289 5647 2477 5724 Πατὴρ
2510 5647 2622 5716 γὰρ
2651 5649 2747 5700 κα)⁸
2779 5650 2807 5700 6
2840 5649 2964 5710 Υἱὸς
2997 5651 3118 5711 ταῖς
3149 5648 3480 5702 ὑποστάσεσι
3517 5654 3613 5715 μὶ.

2036 5758 2154 5805 ναις
2189 5730 2615 5811 διακρινόμενοί,
2643 5739 2810 5796 τᾶλλα
2839 5741 3016 5796 πάντα
3038 5743 3097 5798 ’ἐν
3130 5744 3236 5796 εἰσι
3269 5742 3358 5796 καὶ
3393 5745 3611 5797 ταυτόν.
