  <div class='ocr_page' id='page_1' title='image "/cluster/home/n/w/nwhite01/storage/ocr_20150623/161/hvd.32044073502700/300.png"; bbox 0 0 3966 6218; ppageno 0'>
   <div class='ocr_carea' id='block_1_1' title="bbox 308 369 417 427">
    <p class='ocr_par' dir='ltr' id='par_1_1' title="bbox 308 369 417 427">
     <span class='ocr_line' id='line_1_1' title="bbox 308 369 417 427; baseline 0 -2"><span class='ocrx_word' id='word_1_1' title='bbox 308 369 417 427; x_wconf 72' lang='lat' dir='ltr'><strong>19i</strong></span> 
     </span>
    </p>
   </div>
   <div class='ocr_carea' id='block_1_2' title="bbox 1235 368 2624 435">
    <p class='ocr_par' dir='ltr' id='par_1_2' title="bbox 1235 368 2624 435">
     <span class='ocr_line' id='line_1_2' title="bbox 1235 368 2624 435; baseline 0.006 -9"><span class='ocrx_word' id='word_1_2' title='bbox 1235 368 1332 426; x_wconf 82' lang='lat' dir='ltr'><strong>DE</strong></span> <span class='ocrx_word' id='word_1_3' title='bbox 1378 370 1900 431; x_wconf 74' lang='lat' dir='ltr'><strong>PROCESStONE</strong></span> <span class='ocrx_word' id='word_1_4' title='bbox 1944 374 2149 432; x_wconf 75' lang='lat' dir='ltr'><strong>Sl’lRl</strong></span> <span class='ocrx_word' id='word_1_5' title='bbox 2167 375 2299 433; x_wconf 77' lang='lat' dir='ltr'><strong>i&#39;US</strong></span> <span class='ocrx_word' id='word_1_6' title='bbox 2335 373 2624 435; x_wconf 70' lang='lat' dir='ltr'><strong>SANCTI.</strong></span> 
     </span>
    </p>
   </div>
   <div class='ocr_carea' id='block_1_3' title="bbox 3444 370 3552 432">
    <p class='ocr_par' dir='ltr' id='par_1_3' title="bbox 3444 370 3552 432">
     <span class='ocr_line' id='line_1_3' title="bbox 3444 370 3552 432; baseline 0 -1"><span class='ocrx_word' id='word_1_7' title='bbox 3444 370 3552 432; x_wconf 57' lang='lat'><strong>3‘36</strong></span> 
     </span>
    </p>
   </div>
   <div class='ocr_carea' id='block_1_4' title="bbox 318 473 1916 558">
    <p class='ocr_par' dir='ltr' id='par_1_4' title="bbox 318 473 1893 556">
     <span class='ocr_line' id='line_1_4' title="bbox 318 473 1893 556; baseline 0.006 -28"><span class='ocrx_word' id='word_1_8' title='bbox 318 478 432 528; x_wconf 78' lang='grc' dir='ltr'><strong>Καὶ</strong></span> <span class='ocrx_word' id='word_1_9' title='bbox 479 475 566 526; x_wconf 61' lang='grc' dir='ltr'><strong>διὰ</strong></span> <span class='ocrx_word' id='word_1_10' title='bbox 596 473 753 526; x_wconf 73' lang='grc' dir='ltr'><strong>τοῦτο</strong></span> <span class='ocrx_word' id='word_1_11' title='bbox 787 477 878 526; x_wconf 71' lang='grc' dir='ltr'><strong>καὶ</strong></span> <span class='ocrx_word' id='word_1_12' title='bbox 923 479 1060 530; x_wconf 66' lang='grc' dir='ltr'><strong>κατὰ</strong></span> <span class='ocrx_word' id='word_1_13' title='bbox 1102 481 1200 550; x_wconf 72' lang='grc' dir='ltr'><strong>τὴν</strong></span> <span class='ocrx_word' id='word_1_14' title='bbox 1253 483 1632 556; x_wconf 72' lang='grc' dir='ltr'><strong>προσλητικὴν</strong></span> <span class='ocrx_word' id='word_1_15' title='bbox 1663 485 1893 554; x_wconf 73' lang='grc' dir='ltr'><strong>δύναμιν</strong></span> 
     </span>
    </p>
   </div>
   <div class='ocr_carea' id='block_1_5' title="bbox 2026 473 3559 558">
    <p class='ocr_par' dir='ltr' id='par_1_5' title="bbox 2029 484 3559 558">
     <span class='ocr_line' id='line_1_5' title="bbox 2029 484 3559 558; baseline -0.001 -19"><span class='ocrx_word' id='word_1_16' title='bbox 2029 501 2117 539; x_wconf 85' lang='lat' dir='ltr'><strong>um</strong></span> <span class='ocrx_word' id='word_1_17' title='bbox 2166 502 2288 542; x_wconf 85' lang='lat' dir='ltr'><strong>cum</strong></span> <span class='ocrx_word' id='word_1_18' title='bbox 2327 485 2764 558; x_wconf 79' lang='lat' dir='ltr'><strong>distinguuntur,</strong></span> <span class='ocrx_word' id='word_1_19' title='bbox 2836 485 2890 540; x_wconf 84' lang='lat' dir='ltr'><strong>in</strong></span> <span class='ocrx_word' id='word_1_20' title='bbox 2950 486 3209 540; x_wconf 80' lang='lat' dir='ltr'><strong>omnibus</strong></span> <span class='ocrx_word' id='word_1_21' title='bbox 3235 484 3360 539; x_wconf 84' lang='lat' dir='ltr'><strong>aliis</strong></span> <span class='ocrx_word' id='word_1_22' title='bbox 3391 501 3559 538; x_wconf 85' lang='lat' dir='ltr'><strong>unum</strong></span> 
     </span>
    </p>
   </div>
   <div class='ocr_carea' id='block_1_6' title="bbox 314 568 1891 646">
    <p class='ocr_par' dir='ltr' id='par_1_6' title="bbox 314 568 1891 646">
     <span class='ocr_line' id='line_1_6' title="bbox 314 568 1891 646; baseline 0.008 -29"><span class='ocrx_word' id='word_1_23' title='bbox 314 569 647 636; x_wconf 66' lang='grc' dir='ltr'><strong>ταύτηνούκ</strong></span> <span class='ocrx_word' id='word_1_24' title='bbox 682 568 789 638; x_wconf 78' lang='grc' dir='ltr'><strong>ίδίᾳ</strong></span> <span class='ocrx_word' id='word_1_25' title='bbox 839 569 1122 640; x_wconf 70' lang='grc' dir='ltr'><strong>ἑκάτερος,</strong></span> <span class='ocrx_word' id='word_1_26' title='bbox 1161 575 1192 643; x_wconf 77' lang='grc' dir='ltr'><strong>ἢ</strong></span> <span class='ocrx_word' id='word_1_27' title='bbox 1244 576 1270 626; x_wconf 89' lang='grc' dir='ltr'>ὁ</span> <span class='ocrx_word' id='word_1_28' title='bbox 1316 573 1415 644; x_wconf 81' lang='grc' dir='ltr'><strong>μὲν</strong></span> <span class='ocrx_word' id='word_1_29' title='bbox 1451 577 1739 646; x_wconf 81' lang='grc' dir='ltr'><strong>πρότερον,</strong></span> <span class='ocrx_word' id='word_1_30' title='bbox 1767 578 1796 629; x_wconf 84' lang='grc' dir='ltr'><strong>ὁ</strong></span> <span class='ocrx_word' id='word_1_31' title='bbox 1835 577 1891 630; x_wconf 78' lang='grc' dir='ltr'><strong>δὲ</strong></span> 
     </span>
    </p>
   </div>
   <div class='ocr_carea' id='block_1_7' title="bbox 319 657 1895 736">
    <p class='ocr_par' dir='ltr' id='par_1_7' title="bbox 319 657 1895 736">
     <span class='ocr_line' id='line_1_7' title="bbox 319 657 1895 736; baseline 0.005 -26"><span class='ocrx_word' id='word_1_32' title='bbox 319 657 623 729; x_wconf 48' lang='lat' dir='ltr'><strong>Mummi}</strong></span> <span class='ocrx_word' id='word_1_33' title='bbox 659 661 685 711; x_wconf 78' lang='grc' dir='ltr'><strong><em>ὁ</em></strong></span> <span class='ocrx_word' id='word_1_34' title='bbox 710 661 1008 731; x_wconf 55' lang='grc' dir='ltr'><strong>μὲνὲἑτέρσι⁹</strong></span> <span class='ocrx_word' id='word_1_35' title='bbox 1045 665 1072 714; x_wconf 83' lang='grc' dir='ltr'><strong>ό</strong></span> <span class='ocrx_word' id='word_1_36' title='bbox 1109 663 1164 716; x_wconf 82' lang='grc' dir='ltr'><strong>δὲ</strong></span> <span class='ocrx_word' id='word_1_37' title='bbox 1203 665 1368 736; x_wconf 75' lang='grc' dir='ltr'><strong>ἑτέρᾳ</strong></span> <span class='ocrx_word' id='word_1_38' title='bbox 1413 667 1895 736; x_wconf 72' lang='grc' dir='ltr'><strong>ἑκπορεύσειπροο</strong></span> 
     </span>
    </p>
   </div>
   <div class='ocr_carea' id='block_1_8' title="bbox 327 749 1894 827">
    <p class='ocr_par' dir='ltr' id='par_1_8' title="bbox 327 749 1894 827">
     <span class='ocr_line' id='line_1_8' title="bbox 327 749 1894 827; baseline 0.004 -26"><span class='ocrx_word' id='word_1_39' title='bbox 327 749 518 803; x_wconf 70' lang='grc' dir='ltr'><strong>σάλλει</strong></span> <span class='ocrx_word' id='word_1_40' title='bbox 541 751 599 801; x_wconf 72' lang='grc' dir='ltr'><strong>τὸ</strong></span> <span class='ocrx_word' id='word_1_41' title='bbox 623 749 870 819; x_wconf 67' lang='grc' dir='ltr'><strong>Πνεῦμα,</strong></span> <span class='ocrx_word' id='word_1_42' title='bbox 902 752 976 814; x_wconf 81' lang='grc' dir='ltr'><strong>ὡς</strong></span> <span class='ocrx_word' id='word_1_43' title='bbox 1006 754 1072 806; x_wconf 77' lang='grc' dir='ltr'><strong>ἄν</strong></span> <span class='ocrx_word' id='word_1_44' title='bbox 1100 771 1181 817; x_wconf 83' lang='grc' dir='ltr'><strong>τις</strong></span> <span class='ocrx_word' id='word_1_45' title='bbox 1214 755 1323 809; x_wconf 82' lang='grc' dir='ltr'><strong>τῶν</strong></span> <span class='ocrx_word' id='word_1_46' title='bbox 1353 759 1530 813; x_wconf 79' lang='grc' dir='ltr'><strong>πάντα</strong></span> <span class='ocrx_word' id='word_1_47' title='bbox 1566 757 1894 827; x_wconf 81' lang='grc' dir='ltr'><strong>σωματικῶν</strong></span> 
     </span>
    </p>
   </div>
   <div class='ocr_carea' id='block_1_9' title="bbox 317 841 1893 920">
    <p class='ocr_par' dir='ltr' id='par_1_9' title="bbox 317 841 1893 920">
     <span class='ocr_line' id='line_1_9' title="bbox 317 841 1893 920; baseline 0.004 -27"><span class='ocrx_word' id='word_1_48' title='bbox 317 841 558 908; x_wconf 80' lang='grc' dir='ltr'><strong>οίηΘείη,</strong></span> <span class='ocrx_word' id='word_1_49' title='bbox 575 842 691 896; x_wconf 76' lang='grc' dir='ltr'><strong>ἀλλ’</strong></span> <span class='ocrx_word' id='word_1_50' title='bbox 711 844 826 912; x_wconf 74' lang='grc' dir='ltr'><strong>ἃμα</strong></span> <span class='ocrx_word' id='word_1_51' title='bbox 847 862 903 896; x_wconf 86' lang='grc' dir='ltr'><strong>τε</strong></span> <span class='ocrx_word' id='word_1_52' title='bbox 928 847 1024 898; x_wconf 71' lang='grc' dir='ltr'><strong>καὶ</strong></span> <span class='ocrx_word' id='word_1_53' title='bbox 1046 847 1286 918; x_wconf 78' lang='grc' dir='ltr'><strong>ἀχρόνως</strong></span> <span class='ocrx_word' id='word_1_54' title='bbox 1316 851 1409 902; x_wconf 79' lang='grc' dir='ltr'><strong>καὶ</strong></span> <span class='ocrx_word' id='word_1_55' title='bbox 1435 850 1653 920; x_wconf 70' lang='grc' dir='ltr'><strong>μιᾷοκαὶ</strong></span> <span class='ocrx_word' id='word_1_56' title='bbox 1672 852 1736 918; x_wconf 81' lang='grc' dir='ltr'><strong>τῇ</strong></span> <span class='ocrx_word' id='word_1_57' title='bbox 1757 849 1893 919; x_wconf 73' lang='grc' dir='ltr'><strong>αὖτῇ</strong></span> 
     </span>
    </p>
   </div>
   <div class='ocr_carea' id='block_1_10' title="bbox 319 933 1896 1011">
    <p class='ocr_par' dir='ltr' id='par_1_10' title="bbox 319 933 1896 1011">
     <span class='ocr_line' id='line_1_10' title="bbox 319 933 1896 1011; baseline 0.004 -27"><span class='ocrx_word' id='word_1_58' title='bbox 319 933 546 1001; x_wconf 71' lang='grc' dir='ltr'><strong>δυνάμει</strong></span> <span class='ocrx_word' id='word_1_59' title='bbox 569 934 966 1002; x_wconf 78' lang='grc' dir='ltr'><strong>προὸάλλοντες</strong></span> <span class='ocrx_word' id='word_1_60' title='bbox 987 939 1154 1007; x_wconf 62' lang='grc' dir='ltr'><strong>ἄμφω</strong></span> <span class='ocrx_word' id='word_1_61' title='bbox 1175 939 1396 1005; x_wconf 80' lang='grc' dir='ltr'><strong>τελείως</strong></span> <span class='ocrx_word' id='word_1_62' title='bbox 1419 942 1512 994; x_wconf 75' lang='grc' dir='ltr'><strong>καὶ</strong></span> <span class='ocrx_word' id='word_1_63' title='bbox 1534 939 1896 1011; x_wconf 79' lang='grc' dir='ltr'><strong>ὑπερτελείως</strong></span> 
     </span>
    </p>
   </div>
   <div class='ocr_carea' id='block_1_11' title="bbox 317 1027 1785 1104">
    <p class='ocr_par' dir='ltr' id='par_1_11' title="bbox 317 1027 1785 1104">
     <span class='ocr_line' id='line_1_11' title="bbox 317 1027 1785 1104; baseline 0.007 -30"><span class='ocrx_word' id='word_1_64' title='bbox 317 1027 431 1085; x_wconf 57' lang='grc' dir='ltr'><strong>ταῖς</strong></span> <span class='ocrx_word' id='word_1_65' title='bbox 455 1028 704 1104; x_wconf 66' lang='grc' dir='ltr'><strong>ματαίοις</strong></span> <span class='ocrx_word' id='word_1_66' title='bbox 732 1027 947 1090; x_wconf 77' lang='grc' dir='ltr'><strong>τούτοις</strong></span> <span class='ocrx_word' id='word_1_67' title='bbox 974 1029 1153 1098; x_wconf 80' lang='grc' dir='ltr'><strong>λόγοις</strong></span> <span class='ocrx_word' id='word_1_68' title='bbox 1181 1033 1367 1101; x_wconf 83' lang='grc' dir='ltr'><strong>χώραν</strong></span> <span class='ocrx_word' id='word_1_69' title='bbox 1393 1034 1454 1086; x_wconf 77' lang='grc' dir='ltr'><strong>οὐ</strong></span> <span class='ocrx_word' id='word_1_70' title='bbox 1481 1034 1785 1086; x_wconf 85' lang='grc' dir='ltr'><strong>λείπουσιν.</strong></span> 
     </span>
    </p>
   </div>
   <div class='ocr_carea' id='block_1_12' title="bbox 1999 576 3564 648">
    <p class='ocr_par' dir='ltr' id='par_1_12' title="bbox 1999 576 3564 648">
     <span class='ocr_line' id='line_1_12' title="bbox 1999 576 3564 648; baseline -0.001 -15"><span class='ocrx_word' id='word_1_71' title='bbox 1999 588 2166 648; x_wconf 76' lang='lat' dir='ltr'><strong>atque</strong></span> <span class='ocrx_word' id='word_1_72' title='bbox 2226 577 2368 633; x_wconf 88' lang='lat' dir='ltr'><strong>idem</strong></span> <span class='ocrx_word' id='word_1_73' title='bbox 2433 589 2584 634; x_wconf 87' lang='lat' dir='ltr'><strong>sunt.</strong></span> <span class='ocrx_word' id='word_1_74' title='bbox 2637 579 2703 633; x_wconf 79' lang='lat' dir='ltr'><strong>Et</strong></span> <span class='ocrx_word' id='word_1_75' title='bbox 2738 589 3032 648; x_wconf 74' lang='lat' dir='ltr'><strong>propterea</strong></span> <span class='ocrx_word' id='word_1_76' title='bbox 3064 578 3228 632; x_wconf 85' lang='lat' dir='ltr'><strong>etiam</strong></span> <span class='ocrx_word' id='word_1_77' title='bbox 3261 576 3564 632; x_wconf 83' lang='lat' dir='ltr'><strong>secundum</strong></span> 
     </span>
    </p>
   </div>
   <div class='ocr_carea' id='block_1_13' title="bbox 2001 668 3571 741">
    <p class='ocr_par' dir='ltr' id='par_1_13' title="bbox 2001 668 3571 741">
     <span class='ocr_line' id='line_1_13' title="bbox 2001 668 3571 741; baseline -0.003 -17"><span class='ocrx_word' id='word_1_78' title='bbox 2001 671 2160 725; x_wconf 89' lang='lat' dir='ltr'><strong>istam</strong></span> <span class='ocrx_word' id='word_1_79' title='bbox 2187 671 2484 738; x_wconf 75' lang='lat' dir='ltr'><strong>potentiam</strong></span> <span class='ocrx_word' id='word_1_80' title='bbox 2507 669 2886 741; x_wconf 85' lang='lat' dir='ltr'><strong>productivam</strong></span> <span class='ocrx_word' id='word_1_81' title='bbox 2911 683 3021 722; x_wconf 90' lang='lat' dir='ltr'><strong>non</strong></span> <span class='ocrx_word' id='word_1_82' title='bbox 3045 668 3246 732; x_wconf 87' lang='lat' dir='ltr'><strong>minus,</strong></span> <span class='ocrx_word' id='word_1_83' title='bbox 3275 682 3394 721; x_wconf 80' lang='lat' dir='ltr'><strong>non</strong></span> <span class='ocrx_word' id='word_1_84' title='bbox 3414 682 3571 722; x_wconf 74' lang='lat' dir='ltr'><strong>seor-</strong></span> 
     </span>
    </p>
   </div>
   <div class='ocr_carea' id='block_1_14' title="bbox 2006 757 3569 830">
    <p class='ocr_par' dir='ltr' id='par_1_14' title="bbox 2006 757 3569 830">
     <span class='ocr_line' id='line_1_14' title="bbox 2006 757 3569 830; baseline -0.003 -14"><span class='ocrx_word' id='word_1_85' title='bbox 2006 776 2126 816; x_wconf 87' lang='lat' dir='ltr'><strong>sum</strong></span> <span class='ocrx_word' id='word_1_86' title='bbox 2183 769 2435 829; x_wconf 90' lang='lat' dir='ltr'><strong>uterque,</strong></span> <span class='ocrx_word' id='word_1_87' title='bbox 2501 761 2588 814; x_wconf 85' lang='lat' dir='ltr'><strong>vel</strong></span> <span class='ocrx_word' id='word_1_88' title='bbox 2641 776 2780 814; x_wconf 88' lang='lat' dir='ltr'><strong>unus</strong></span> <span class='ocrx_word' id='word_1_89' title='bbox 2823 759 3044 830; x_wconf 85' lang='lat' dir='ltr'><strong>quidem</strong></span> <span class='ocrx_word' id='word_1_90' title='bbox 3070 757 3244 827; x_wconf 84' lang='lat' dir='ltr'><strong>prius,</strong></span> <span class='ocrx_word' id='word_1_91' title='bbox 3271 758 3412 812; x_wconf 80' lang='lat' dir='ltr'><strong>alter</strong></span> <span class='ocrx_word' id='word_1_92' title='bbox 3437 771 3569 811; x_wconf 86' lang='lat' dir='ltr'><strong>vero</strong></span> 
     </span>
    </p>
   </div>
   <div class='ocr_carea' id='block_1_15' title="bbox 2005 848 3592 920">
    <p class='ocr_par' dir='ltr' id='par_1_15' title="bbox 2005 848 3592 920">
     <span class='ocr_line' id='line_1_15' title="bbox 2005 848 3592 920; baseline -0.002 -16"><span class='ocrx_word' id='word_1_93' title='bbox 2005 849 2303 920; x_wconf 85' lang='lat' dir='ltr'><strong>posterius,</strong></span> <span class='ocrx_word' id='word_1_94' title='bbox 2362 848 2444 903; x_wconf 87' lang='lat' dir='ltr'><strong>vel</strong></span> <span class='ocrx_word' id='word_1_95' title='bbox 2499 863 2642 903; x_wconf 84' lang='lat' dir='ltr'><strong>unus</strong></span> <span class='ocrx_word' id='word_1_96' title='bbox 2701 849 2807 904; x_wconf 89' lang='lat' dir='ltr'><strong>alia</strong></span> <span class='ocrx_word' id='word_1_97' title='bbox 2855 849 3238 919; x_wconf 82' lang='lat' dir='ltr'><strong>productione,</strong></span> <span class='ocrx_word' id='word_1_98' title='bbox 3298 851 3434 903; x_wconf 81' lang='lat' dir='ltr'><strong>alter</strong></span> <span class='ocrx_word' id='word_1_99' title='bbox 3463 848 3592 906; x_wconf 83' lang='lat' dir='ltr'><strong>alia-</strong></span> 
     </span>
    </p>
   </div>
   <div class='ocr_carea' id='block_1_16' title="bbox 2006 937 3566 1008">
    <p class='ocr_par' dir='ltr' id='par_1_16' title="bbox 2006 937 3566 1008">
     <span class='ocr_line' id='line_1_16' title="bbox 2006 937 3566 1008; baseline -0.003 -16"><span class='ocrx_word' id='word_1_100' title='bbox 2006 939 2263 1008; x_wconf 89' lang='lat' dir='ltr'><strong>producit</strong></span> <span class='ocrx_word' id='word_1_101' title='bbox 2297 937 2603 1004; x_wconf 85' lang='lat' dir='ltr'><strong>Spiritum;</strong></span> <span class='ocrx_word' id='word_1_102' title='bbox 2657 938 3119 1008; x_wconf 85' lang='lat' dir='ltr'><strong>quemadmodum</strong></span> <span class='ocrx_word' id='word_1_103' title='bbox 3151 937 3352 1006; x_wconf 84' lang='lat' dir='ltr'><strong>aliquis</strong></span> <span class='ocrx_word' id='word_1_104' title='bbox 3374 952 3566 992; x_wconf 86' lang='lat' dir='ltr'><strong>eorum</strong></span> 
     </span>
    </p>
   </div>
   <div class='ocr_carea' id='block_1_17' title="bbox 2005 1029 3572 1100">
    <p class='ocr_par' dir='ltr' id='par_1_17' title="bbox 2005 1029 3572 1100">
     <span class='ocr_line' id='line_1_17' title="bbox 2005 1029 3572 1100; baseline -0.002 -17"><span class='ocrx_word' id='word_1_105' title='bbox 2005 1031 2098 1100; x_wconf 89' lang='lat' dir='ltr'><strong>qui</strong></span> <span class='ocrx_word' id='word_1_106' title='bbox 2138 1029 2193 1084; x_wconf 92' lang='lat' dir='ltr'><strong>in</strong></span> <span class='ocrx_word' id='word_1_107' title='bbox 2226 1029 2486 1084; x_wconf 86' lang='lat' dir='ltr'><strong>omnibus</strong></span> <span class='ocrx_word' id='word_1_108' title='bbox 2519 1030 2693 1085; x_wconf 83' lang='lat' dir='ltr'><strong>crassi</strong></span> <span class='ocrx_word' id='word_1_109' title='bbox 2747 1041 2803 1085; x_wconf 90' lang='lat' dir='ltr'><strong>et</strong></span> <span class='ocrx_word' id='word_1_110' title='bbox 2857 1032 3108 1100; x_wconf 87' lang='lat' dir='ltr'><strong>corporei</strong></span> <span class='ocrx_word' id='word_1_111' title='bbox 3141 1040 3448 1092; x_wconf 72' lang='lat' dir='ltr'><strong>exsrstunt,</strong></span> <span class='ocrx_word' id='word_1_112' title='bbox 3473 1044 3572 1098; x_wconf 82' lang='lat' dir='ltr'><strong>pu-</strong></span> 
     </span>
    </p>
   </div>
   <div class='ocr_carea' id='block_1_18' title="bbox 323 1122 3566 1195">
    <p class='ocr_par' dir='ltr' id='par_1_18' title="bbox 323 1122 3566 1195">
     <span class='ocr_line' id='line_1_18' title="bbox 323 1122 3566 1195; baseline 0.001 -23"><span class='ocrx_word' id='word_1_113' title='bbox 323 1129 462 1172; x_wconf 79' lang='lat' dir='ltr'><strong>taret</strong></span> <span class='ocrx_word' id='word_1_114' title='bbox 499 1135 512 1171; x_wconf 83' lang='lat'>;</span> <span class='ocrx_word' id='word_1_115' title='bbox 546 1134 733 1172; x_wconf 75' lang='lat' dir='ltr'><strong>verum</strong></span> <span class='ocrx_word' id='word_1_116' title='bbox 769 1122 955 1186; x_wconf 89' lang='lat' dir='ltr'><strong>simul,</strong></span> <span class='ocrx_word' id='word_1_117' title='bbox 989 1133 1041 1176; x_wconf 91' lang='lat' dir='ltr'><strong>et</strong></span> <span class='ocrx_word' id='word_1_118' title='bbox 1077 1135 1203 1179; x_wconf 84' lang='lat' dir='ltr'><strong>ante</strong></span> <span class='ocrx_word' id='word_1_119' title='bbox 1273 1133 1546 1192; x_wconf 85' lang='lat' dir='ltr'><strong>tempora,</strong></span> <span class='ocrx_word' id='word_1_120' title='bbox 1613 1141 1720 1179; x_wconf 84' lang='lat' dir='ltr'><strong>una</strong></span> <span class='ocrx_word' id='word_1_121' title='bbox 1775 1124 2077 1194; x_wconf 85' lang='lat' dir='ltr'><strong>eademque</strong></span> <span class='ocrx_word' id='word_1_122' title='bbox 2130 1123 2397 1192; x_wconf 87' lang='lat' dir='ltr'><strong>potentia,</strong></span> <span class='ocrx_word' id='word_1_123' title='bbox 2451 1140 2576 1180; x_wconf 91' lang='lat' dir='ltr'><strong>cum</strong></span> <span class='ocrx_word' id='word_1_124' title='bbox 2635 1122 2797 1178; x_wconf 85' lang='lat' dir='ltr'><strong>ambo</strong></span> <span class='ocrx_word' id='word_1_125' title='bbox 2853 1123 3114 1195; x_wconf 81' lang='lat' dir='ltr'><strong>perferte,</strong></span> <span class='ocrx_word' id='word_1_126' title='bbox 3158 1135 3209 1180; x_wconf 87' lang='lat' dir='ltr'><strong>et</strong></span> <span class='ocrx_word' id='word_1_127' title='bbox 3277 1124 3566 1193; x_wconf 52' lang='lat' dir='ltr'><strong>plusquam</strong></span> 
     </span>
    </p>
   </div>
   <div class='ocr_carea' id='block_1_19' title="bbox 321 1213 2492 1288">
    <p class='ocr_par' dir='ltr' id='par_1_19' title="bbox 321 1213 2492 1288">
     <span class='ocr_line' id='line_1_19' title="bbox 321 1213 2492 1288; baseline 0.003 -22"><span class='ocrx_word' id='word_1_128' title='bbox 321 1213 562 1284; x_wconf 74' lang='lat' dir='ltr'><strong>perfecte</strong></span> <span class='ocrx_word' id='word_1_129' title='bbox 589 1215 929 1283; x_wconf 87' lang='lat' dir='ltr'><strong>producant,</strong></span> <span class='ocrx_word' id='word_1_130' title='bbox 972 1219 1090 1272; x_wconf 86' lang='lat' dir='ltr'><strong>istis</strong></span> <span class='ocrx_word' id='word_1_131' title='bbox 1138 1219 1294 1274; x_wconf 84' lang='lat' dir='ltr'><strong>vanis</strong></span> <span class='ocrx_word' id='word_1_132' title='bbox 1335 1221 1648 1276; x_wconf 80' lang='lat' dir='ltr'><strong>rationibus</strong></span> <span class='ocrx_word' id='word_1_133' title='bbox 1675 1221 1903 1275; x_wconf 87' lang='lat' dir='ltr'><strong>minime</strong></span> <span class='ocrx_word' id='word_1_134' title='bbox 1940 1219 2261 1288; x_wconf 89' lang='lat' dir='ltr'><strong>relinquunt</strong></span> <span class='ocrx_word' id='word_1_135' title='bbox 2290 1221 2492 1275; x_wconf 89' lang='lat' dir='ltr'><strong>locum.</strong></span> 
     </span>
    </p>
   </div>
   <div class='ocr_carea' id='block_1_20' title="bbox 395 1306 1895 1386">
    <p class='ocr_par' dir='ltr' id='par_1_20' title="bbox 395 1306 1895 1386">
     <span class='ocr_line' id='line_1_20' title="bbox 395 1306 1895 1386; baseline 0.007 -27"><span class='ocrx_word' id='word_1_136' title='bbox 395 1306 458 1359; x_wconf 77' lang='grc' dir='ltr'><strong>Εἰ</strong></span> <span class='ocrx_word' id='word_1_137' title='bbox 510 1307 565 1360; x_wconf 73' lang='grc' dir='ltr'><strong>δὲ</strong></span> <span class='ocrx_word' id='word_1_138' title='bbox 601 1313 702 1377; x_wconf 70' lang='grc' dir='ltr'><strong>μὴ,</strong></span> <span class='ocrx_word' id='word_1_139' title='bbox 737 1311 1248 1378; x_wconf 77' lang='grc' dir='ltr'><strong>ἁντερωτάσθωσαν</strong></span> <span class='ocrx_word' id='word_1_140' title='bbox 1290 1316 1339 1370; x_wconf 72' lang='lat' dir='ltr'><strong>oi</strong></span> <span class='ocrx_word' id='word_1_141' title='bbox 1391 1317 1566 1370; x_wconf 74' lang='grc' dir='ltr'><strong>ταῦτα</strong></span> <span class='ocrx_word' id='word_1_142' title='bbox 1619 1318 1895 1386; x_wconf 84' lang='grc' dir='ltr'><strong>λέγοντες,</strong></span> 
     </span>
    </p>
   </div>
   <div class='ocr_carea' id='block_1_21' title="bbox 323 1399 1900 1481">
    <p class='ocr_par' dir='ltr' id='par_1_21' title="bbox 323 1399 1900 1481">
     <span class='ocr_line' id='line_1_21' title="bbox 323 1399 1900 1481; baseline 0.01 -34"><span class='ocrx_word' id='word_1_143' title='bbox 323 1400 372 1448; x_wconf 77' lang='grc' dir='ltr'><strong>εξ</strong></span> <span class='ocrx_word' id='word_1_144' title='bbox 409 1399 589 1450; x_wconf 79' lang='grc' dir='ltr'><strong>τελεία</strong></span> <span class='ocrx_word' id='word_1_145' title='bbox 643 1401 675 1470; x_wconf 78' lang='grc' dir='ltr'>ἡ</span> <span class='ocrx_word' id='word_1_146' title='bbox 730 1403 795 1454; x_wconf 81' lang='grc' dir='ltr'><strong>ὲκ</strong></span> <span class='ocrx_word' id='word_1_147' title='bbox 822 1402 1034 1471; x_wconf 56' lang='grc' dir='ltr'><strong>Πατρὶς</strong></span> <span class='ocrx_word' id='word_1_148' title='bbox 1063 1405 1158 1458; x_wconf 81' lang='grc' dir='ltr'><strong>τοῦ</strong></span> <span class='ocrx_word' id='word_1_149' title='bbox 1211 1409 1416 1477; x_wconf 75' lang='grc' dir='ltr'><strong>κόσμον</strong></span> <span class='ocrx_word' id='word_1_150' title='bbox 1457 1409 1820 1479; x_wconf 80' lang='grc' dir='ltr'><strong>δημιουργία,</strong></span> <span class='ocrx_word' id='word_1_151' title='bbox 1865 1410 1900 1481; x_wconf 72' lang='grc' dir='ltr'>ἢ</span> 
     </span>
    </p>
   </div>
   <div class='ocr_carea' id='block_1_22' title="bbox 321 1489 1904 1566">
    <p class='ocr_par' dir='ltr' id='par_1_22' title="bbox 321 1489 1904 1566">
     <span class='ocr_line' id='line_1_22' title="bbox 321 1489 1904 1566; baseline 0.008 -25"><span class='ocrx_word' id='word_1_152' title='bbox 321 1489 409 1542; x_wconf 75' lang='grc' dir='ltr'><strong>οὖ.</strong></span> <span class='ocrx_word' id='word_1_153' title='bbox 449 1492 509 1543; x_wconf 80' lang='lat' dir='ltr'><strong>Ei</strong></span> <span class='ocrx_word' id='word_1_154' title='bbox 550 1493 648 1559; x_wconf 79' lang='grc' dir='ltr'><strong>μὲν</strong></span> <span class='ocrx_word' id='word_1_155' title='bbox 680 1493 787 1562; x_wconf 69' lang='grc' dir='ltr'><strong>γὰρ</strong></span> <span class='ocrx_word' id='word_1_156' title='bbox 820 1495 1023 1561; x_wconf 79' lang='grc' dir='ltr'><strong>τελεία,</strong></span> <span class='ocrx_word' id='word_1_157' title='bbox 1058 1498 1148 1550; x_wconf 75' lang='grc' dir='ltr'><strong>διὰ</strong></span> <span class='ocrx_word' id='word_1_158' title='bbox 1168 1499 1221 1552; x_wconf 86' lang='grc' dir='ltr'><strong>τί</strong></span> <span class='ocrx_word' id='word_1_159' title='bbox 1257 1503 1350 1552; x_wconf 82' lang='grc' dir='ltr'><strong>καὶ</strong></span> <span class='ocrx_word' id='word_1_160' title='bbox 1383 1503 1412 1554; x_wconf 89' lang='grc' dir='ltr'><strong>ό</strong></span> <span class='ocrx_word' id='word_1_161' title='bbox 1435 1501 1558 1563; x_wconf 72' lang='grc' dir='ltr'><strong>Υἱὸς</strong></span> <span class='ocrx_word' id='word_1_162' title='bbox 1592 1502 1767 1566; x_wconf 71' lang='grc' dir='ltr'><strong>αἴτιος</strong></span> <span class='ocrx_word' id='word_1_163' title='bbox 1807 1503 1904 1555; x_wconf 77' lang='grc' dir='ltr'><strong>καὶ</strong></span> 
     </span>
    </p>
   </div>
   <div class='ocr_carea' id='block_1_23' title="bbox 320 1584 1906 1664">
    <p class='ocr_par' dir='ltr' id='par_1_23' title="bbox 320 1584 1906 1664">
     <span class='ocr_line' id='line_1_23' title="bbox 320 1584 1906 1664; baseline 0.011 -32"><span class='ocrx_word' id='word_1_164' title='bbox 320 1584 384 1634; x_wconf 73' lang='grc' dir='ltr'><strong>τὸ</strong></span> <span class='ocrx_word' id='word_1_165' title='bbox 435 1584 700 1654; x_wconf 75' lang='grc' dir='ltr'><strong>Πνεῦμα;</strong></span> <span class='ocrx_word' id='word_1_166' title='bbox 736 1587 796 1639; x_wconf 82' lang='grc' dir='ltr'><strong>Εἰ</strong></span> <span class='ocrx_word' id='word_1_167' title='bbox 832 1588 878 1638; x_wconf 88' lang='grc' dir='ltr'><strong>δ’</strong></span> <span class='ocrx_word' id='word_1_168' title='bbox 903 1590 1122 1659; x_wconf 79' lang='grc' dir='ltr'><strong>ἀτελὴς,</strong></span> <span class='ocrx_word' id='word_1_169' title='bbox 1169 1593 1263 1645; x_wconf 75' lang='grc' dir='ltr'><strong>καὶ</strong></span> <span class='ocrx_word' id='word_1_170' title='bbox 1295 1593 1384 1646; x_wconf 70' lang='grc' dir='ltr'><strong>διὰ</strong></span> <span class='ocrx_word' id='word_1_171' title='bbox 1433 1593 1590 1647; x_wconf 75' lang='grc' dir='ltr'><strong>τοῦτο</strong></span> <span class='ocrx_word' id='word_1_172' title='bbox 1615 1595 1906 1664; x_wconf 86' lang='grc' dir='ltr'><strong>παραλαμ-</strong></span> 
     </span>
    </p>
   </div>
   <div class='ocr_carea' id='block_1_24' title="bbox 322 1673 1906 1753">
    <p class='ocr_par' dir='ltr' id='par_1_24' title="bbox 322 1673 1906 1753">
     <span class='ocr_line' id='line_1_24' title="bbox 322 1673 1906 1753; baseline 0.011 -32"><span class='ocrx_word' id='word_1_173' title='bbox 322 1673 552 1727; x_wconf 67' lang='grc' dir='ltr'><strong>ϐάνεται</strong></span> <span class='ocrx_word' id='word_1_174' title='bbox 615 1679 642 1728; x_wconf 83' lang='grc' dir='ltr'><strong>ὁ</strong></span> <span class='ocrx_word' id='word_1_175' title='bbox 706 1677 829 1740; x_wconf 74' lang='grc' dir='ltr'><strong>Υἱὸς</strong></span> <span class='ocrx_word' id='word_1_176' title='bbox 886 1679 980 1732; x_wconf 79' lang='grc' dir='ltr'><strong>καὶ</strong></span> <span class='ocrx_word' id='word_1_177' title='bbox 1031 1682 1090 1732; x_wconf 63' lang='grc' dir='ltr'><strong>τὸ</strong></span> <span class='ocrx_word' id='word_1_178' title='bbox 1157 1681 1380 1752; x_wconf 79' lang='grc' dir='ltr'><strong>[Ινεῦμα</strong></span> <span class='ocrx_word' id='word_1_179' title='bbox 1415 1723 1429 1748; x_wconf 91' lang='grc'><strong>,</strong></span> <span class='ocrx_word' id='word_1_180' title='bbox 1503 1683 1906 1753; x_wconf 75' lang='grc' dir='ltr'><strong>σκεψάσοωσαν</strong></span> 
     </span>
    </p>
   </div>
   <div class='ocr_carea' id='block_1_25' title="bbox 321 1766 658 1833">
    <p class='ocr_par' dir='ltr' id='par_1_25' title="bbox 321 1766 658 1833">
     <span class='ocr_line' id='line_1_25' title="bbox 321 1766 658 1833; baseline 0.003 -16"><span class='ocrx_word' id='word_1_181' title='bbox 321 1766 352 1817; x_wconf 77' lang='grc' dir='ltr'>ὅ</span> <span class='ocrx_word' id='word_1_182' title='bbox 391 1782 456 1819; x_wconf 79' lang='grc' dir='ltr'><strong>τι</strong></span> <span class='ocrx_word' id='word_1_183' title='bbox 477 1766 658 1833; x_wconf 71' lang='grc' dir='ltr'><strong>φασίν.</strong></span> 
     </span>
    </p>
   </div>
   <div class='ocr_carea' id='block_1_26' title="bbox 2079 1315 3575 1387">
    <p class='ocr_par' dir='ltr' id='par_1_26' title="bbox 2079 1315 3575 1387">
     <span class='ocr_line' id='line_1_26' title="bbox 2079 1315 3575 1387; baseline 0 -16"><span class='ocrx_word' id='word_1_184' title='bbox 2079 1315 2174 1371; x_wconf 90' lang='lat' dir='ltr'><strong>Sin</strong></span> <span class='ocrx_word' id='word_1_185' title='bbox 2224 1315 2434 1380; x_wconf 81' lang='lat' dir='ltr'><strong>minus,</strong></span> <span class='ocrx_word' id='word_1_186' title='bbox 2500 1319 2917 1387; x_wconf 79' lang='lat' dir='ltr'><strong>interrogentur</strong></span> <span class='ocrx_word' id='word_1_187' title='bbox 2974 1317 3260 1379; x_wconf 87' lang='lat' dir='ltr'><strong>vicissim,</strong></span> <span class='ocrx_word' id='word_1_188' title='bbox 3307 1316 3401 1385; x_wconf 89' lang='lat' dir='ltr'><strong>qui</strong></span> <span class='ocrx_word' id='word_1_189' title='bbox 3459 1317 3575 1371; x_wconf 76' lang='lat' dir='ltr'><strong>Ita‘c</strong></span> 
     </span>
    </p>
   </div>
   <div class='ocr_carea' id='block_1_27' title="bbox 2006 1407 3570 1477">
    <p class='ocr_par' dir='ltr' id='par_1_27' title="bbox 2006 1407 3570 1477">
     <span class='ocr_line' id='line_1_27' title="bbox 2006 1407 3570 1477; baseline -0.001 -15"><span class='ocrx_word' id='word_1_190' title='bbox 2006 1409 2184 1472; x_wconf 86' lang='lat' dir='ltr'><strong>aiunt,</strong></span> <span class='ocrx_word' id='word_1_191' title='bbox 2233 1407 2551 1477; x_wconf 82' lang='lat' dir='ltr'><strong>perfectane</strong></span> <span class='ocrx_word' id='word_1_192' title='bbox 2608 1411 2680 1464; x_wconf 87' lang='lat' dir='ltr'><strong>sit</strong></span> <span class='ocrx_word' id='word_1_193' title='bbox 2709 1425 2777 1465; x_wconf 80' lang='lat' dir='ltr'><strong>ex</strong></span> <span class='ocrx_word' id='word_1_194' title='bbox 2824 1409 2980 1464; x_wconf 84' lang='lat' dir='ltr'><strong>Patre</strong></span> <span class='ocrx_word' id='word_1_195' title='bbox 3007 1408 3199 1464; x_wconf 90' lang='lat' dir='ltr'><strong>mundi</strong></span> <span class='ocrx_word' id='word_1_196' title='bbox 3237 1408 3470 1472; x_wconf 81' lang='lat' dir='ltr'><strong>creatio,</strong></span> <span class='ocrx_word' id='word_1_197' title='bbox 3503 1423 3570 1460; x_wconf 87' lang='lat' dir='ltr'><strong>an</strong></span> 
     </span>
    </p>
   </div>
   <div class='ocr_carea' id='block_1_28' title="bbox 2011 1500 3576 1570">
    <p class='ocr_par' dir='ltr' id='par_1_28' title="bbox 2011 1500 3576 1570">
     <span class='ocr_line' id='line_1_28' title="bbox 2011 1500 3576 1570; baseline -0.001 -16"><span class='ocrx_word' id='word_1_198' title='bbox 2011 1500 2366 1568; x_wconf 81' lang='lat' dir='ltr'><strong>imperfecta?</strong></span> <span class='ocrx_word' id='word_1_199' title='bbox 2389 1500 2446 1555; x_wconf 88' lang='lat' dir='ltr'><strong>Si</strong></span> <span class='ocrx_word' id='word_1_200' title='bbox 2480 1501 2625 1554; x_wconf 90' lang='lat' dir='ltr'><strong>enim</strong></span> <span class='ocrx_word' id='word_1_201' title='bbox 2654 1501 2934 1570; x_wconf 81' lang='lat' dir='ltr'><strong>perfecta,</strong></span> <span class='ocrx_word' id='word_1_202' title='bbox 2965 1517 3066 1556; x_wconf 89' lang='lat' dir='ltr'><strong>cur</strong></span> <span class='ocrx_word' id='word_1_203' title='bbox 3088 1511 3144 1556; x_wconf 88' lang='lat' dir='ltr'><strong>et</strong></span> <span class='ocrx_word' id='word_1_204' title='bbox 3183 1500 3374 1565; x_wconf 81' lang='lat' dir='ltr'><strong>Filius,</strong></span> <span class='ocrx_word' id='word_1_205' title='bbox 3410 1508 3576 1568; x_wconf 89' lang='lat' dir='ltr'><strong>atque</strong></span> 
     </span>
    </p>
   </div>
   <div class='ocr_carea' id='block_1_29' title="bbox 2011 1591 3580 1663">
    <p class='ocr_par' dir='ltr' id='par_1_29' title="bbox 2011 1591 3580 1663">
     <span class='ocr_line' id='line_1_29' title="bbox 2011 1591 3580 1663; baseline -0.001 -15"><span class='ocrx_word' id='word_1_206' title='bbox 2011 1593 2176 1648; x_wconf 78' lang='lat' dir='ltr'><strong>etiam</strong></span> <span class='ocrx_word' id='word_1_207' title='bbox 2231 1591 2473 1661; x_wconf 84' lang='lat' dir='ltr'><strong>Spiritus</strong></span> <span class='ocrx_word' id='word_1_208' title='bbox 2532 1601 2662 1648; x_wconf 87' lang='lat' dir='ltr'><strong>sunt</strong></span> <span class='ocrx_word' id='word_1_209' title='bbox 2719 1594 2932 1648; x_wconf 71' lang='lat' dir='ltr'><strong>causae?</strong></span> <span class='ocrx_word' id='word_1_210' title='bbox 2987 1594 3081 1648; x_wconf 91' lang='lat' dir='ltr'><strong>Sin</strong></span> <span class='ocrx_word' id='word_1_211' title='bbox 3136 1592 3475 1663; x_wconf 80' lang='lat' dir='ltr'><strong>imperfecta,</strong></span> <span class='ocrx_word' id='word_1_212' title='bbox 3524 1604 3580 1646; x_wconf 85' lang='lat' dir='ltr'><strong>et</strong></span> 
     </span>
    </p>
   </div>
   <div class='ocr_carea' id='block_1_30' title="bbox 2015 1683 3579 1754">
    <p class='ocr_par' dir='ltr' id='par_1_30' title="bbox 2015 1683 3579 1754">
     <span class='ocr_line' id='line_1_30' title="bbox 2015 1683 3579 1754; baseline 0.001 -18"><span class='ocrx_word' id='word_1_213' title='bbox 2015 1695 2310 1753; x_wconf 84' lang='lat' dir='ltr'><strong>propterea</strong></span> <span class='ocrx_word' id='word_1_214' title='bbox 2362 1683 2533 1739; x_wconf 86' lang='lat' dir='ltr'><strong>Filius</strong></span> <span class='ocrx_word' id='word_1_215' title='bbox 2595 1693 2653 1738; x_wconf 89' lang='lat' dir='ltr'><strong>et</strong></span> <span class='ocrx_word' id='word_1_216' title='bbox 2702 1684 2941 1753; x_wconf 83' lang='lat' dir='ltr'><strong>Spiritus</strong></span> <span class='ocrx_word' id='word_1_217' title='bbox 2992 1684 3158 1739; x_wconf 91' lang='lat' dir='ltr'><strong>veluti</strong></span> <span class='ocrx_word' id='word_1_218' title='bbox 3215 1683 3351 1740; x_wconf 85' lang='lat' dir='ltr'><strong>socii</strong></span> <span class='ocrx_word' id='word_1_219' title='bbox 3382 1683 3579 1754; x_wconf 65' lang='lat' dir='ltr'><strong>adium</strong></span> 
     </span>
    </p>
   </div>
   <div class='ocr_carea' id='block_1_31' title="bbox 2015 1774 3264 1846">
    <p class='ocr_par' dir='ltr' id='par_1_31' title="bbox 2015 1774 3264 1846">
     <span class='ocr_line' id='line_1_31' title="bbox 2015 1774 3264 1846; baseline 0 -17"><span class='ocrx_word' id='word_1_220' title='bbox 2015 1784 2242 1844; x_wconf 72' lang='lat' dir='ltr'><strong>guntur,</strong></span> <span class='ocrx_word' id='word_1_221' title='bbox 2269 1774 2710 1830; x_wconf 79' lang='lat' dir='ltr'><strong>animadvertant</strong></span> <span class='ocrx_word' id='word_1_222' title='bbox 2734 1776 2858 1844; x_wconf 88' lang='lat' dir='ltr'><strong>ipsi,</strong></span> <span class='ocrx_word' id='word_1_223' title='bbox 2889 1775 3021 1846; x_wconf 90' lang='lat' dir='ltr'><strong>quid</strong></span> <span class='ocrx_word' id='word_1_224' title='bbox 3054 1775 3264 1831; x_wconf 82' lang='lat' dir='ltr'><strong>dicant.</strong></span> 
     </span>
    </p>
   </div>
   <div class='ocr_carea' id='block_1_32' title="bbox 413 1850 1916 1936">
    <p class='ocr_par' dir='ltr' id='par_1_32' title="bbox 413 1850 1910 1936">
     <span class='ocr_line' id='line_1_32' title="bbox 413 1850 1910 1936; baseline 0.009 -30"><span class='ocrx_word' id='word_1_225' title='bbox 413 1855 554 1906; x_wconf 75' lang='grc' dir='ltr'><strong>Ἀλλ’</strong></span> <span class='ocrx_word' id='word_1_226' title='bbox 583 1850 762 1926; x_wconf 71' lang='grc' dir='ltr'><strong>οἶμαι,</strong></span> <span class='ocrx_word' id='word_1_227' title='bbox 798 1857 979 1914; x_wconf 84' lang='grc' dir='ltr'><strong>τελεία</strong></span> <span class='ocrx_word' id='word_1_228' title='bbox 1015 1861 1116 1931; x_wconf 82' lang='grc' dir='ltr'><strong>μὲν</strong></span> <span class='ocrx_word' id='word_1_229' title='bbox 1163 1864 1196 1934; x_wconf 80' lang='grc' dir='ltr'><strong>ἡ</strong></span> <span class='ocrx_word' id='word_1_230' title='bbox 1227 1865 1289 1917; x_wconf 81' lang='grc' dir='ltr'><strong>ἐκ</strong></span> <span class='ocrx_word' id='word_1_231' title='bbox 1328 1865 1539 1936; x_wconf 76' lang='grc' dir='ltr'><strong>ηατρδς</strong></span> <span class='ocrx_word' id='word_1_232' title='bbox 1576 1868 1682 1920; x_wconf 84' lang='grc' dir='ltr'><strong>τῶν</strong></span> <span class='ocrx_word' id='word_1_233' title='bbox 1739 1869 1910 1922; x_wconf 77' lang='grc' dir='ltr'><strong>ὄντων</strong></span> 
     </span>
    </p>
   </div>
   <div class='ocr_carea' id='block_1_33' title="bbox 2026 1850 3582 1936">
    <p class='ocr_par' dir='ltr' id='par_1_33' title="bbox 2085 1865 3582 1936">
     <span class='ocr_line' id='line_1_33' title="bbox 2085 1865 3582 1936; baseline -0.001 -16"><span class='ocrx_word' id='word_1_234' title='bbox 2085 1865 2286 1920; x_wconf 86' lang='lat' dir='ltr'><strong>Verum</strong></span> <span class='ocrx_word' id='word_1_235' title='bbox 2329 1875 2483 1921; x_wconf 90' lang='lat' dir='ltr'><strong>certo</strong></span> <span class='ocrx_word' id='word_1_236' title='bbox 2514 1865 2630 1921; x_wconf 85' lang='lat' dir='ltr'><strong>scio</strong></span> <span class='ocrx_word' id='word_1_237' title='bbox 2656 1865 2953 1936; x_wconf 76' lang='lat' dir='ltr'><strong>perlectam</strong></span> <span class='ocrx_word' id='word_1_238' title='bbox 2980 1866 3204 1936; x_wconf 87' lang='lat' dir='ltr'><strong>quidem</strong></span> <span class='ocrx_word' id='word_1_239' title='bbox 3235 1865 3445 1920; x_wconf 87' lang='lat' dir='ltr'><strong>entium</strong></span> <span class='ocrx_word' id='word_1_240' title='bbox 3461 1879 3582 1919; x_wconf 85' lang='lat' dir='ltr'><strong>esse</strong></span> 
     </span>
    </p>
   </div>
   <div class='ocr_carea' id='block_1_34' title="bbox 329 1949 1906 2026">
    <p class='ocr_par' dir='ltr' id='par_1_34' title="bbox 329 1949 1906 2026">
     <span class='ocr_line' id='line_1_34' title="bbox 329 1949 1906 2026; baseline 0.01 -31"><span class='ocrx_word' id='word_1_241' title='bbox 329 1949 661 2018; x_wconf 75' lang='grc' dir='ltr'><strong>παραγωγὴ,</strong></span> <span class='ocrx_word' id='word_1_242' title='bbox 697 1950 797 2018; x_wconf 86' lang='grc' dir='ltr'><strong>μία</strong></span> <span class='ocrx_word' id='word_1_243' title='bbox 827 1952 883 2004; x_wconf 84' lang='grc' dir='ltr'><strong>δὲ</strong></span> <span class='ocrx_word' id='word_1_244' title='bbox 917 1954 1010 2006; x_wconf 74' lang='grc' dir='ltr'><strong>καὶ</strong></span> <span class='ocrx_word' id='word_1_245' title='bbox 1041 1955 1073 2024; x_wconf 81' lang='grc' dir='ltr'>ή</span> <span class='ocrx_word' id='word_1_246' title='bbox 1114 1953 1251 2026; x_wconf 82' lang='grc' dir='ltr'><strong>αὑτὴ</strong></span> <span class='ocrx_word' id='word_1_247' title='bbox 1293 1957 1512 2026; x_wconf 82' lang='grc' dir='ltr'><strong>ἀριθμῴ</strong></span> <span class='ocrx_word' id='word_1_248' title='bbox 1546 1956 1674 2011; x_wconf 83' lang='grc' dir='ltr'><strong>Υίοῦ</strong></span> <span class='ocrx_word' id='word_1_249' title='bbox 1720 1974 1780 2012; x_wconf 82' lang='grc' dir='ltr'><strong>τε</strong></span> <span class='ocrx_word' id='word_1_250' title='bbox 1811 1960 1906 2012; x_wconf 72' lang='grc' dir='ltr'><strong>καὶ</strong></span> 
     </span>
    </p>
   </div>
   <div class='ocr_carea' id='block_1_35' title="bbox 328 2039 1907 2119">
    <p class='ocr_par' dir='ltr' id='par_1_35' title="bbox 328 2039 1907 2119">
     <span class='ocr_line' id='line_1_35' title="bbox 328 2039 1907 2119; baseline 0.009 -29"><span class='ocrx_word' id='word_1_251' title='bbox 328 2039 646 2109; x_wconf 73' lang='grc' dir='ltr'><strong>ιινεύματος</strong></span> <span class='ocrx_word' id='word_1_252' title='bbox 667 2044 858 2115; x_wconf 79' lang='grc' dir='ltr'><strong>είςτὴν</strong></span> <span class='ocrx_word' id='word_1_253' title='bbox 880 2045 1049 2117; x_wconf 74' lang='grc' dir='ltr'><strong>αὐτὴν</strong></span> <span class='ocrx_word' id='word_1_254' title='bbox 1080 2047 1306 2114; x_wconf 76' lang='grc' dir='ltr'><strong>πρόοδον</strong></span> <span class='ocrx_word' id='word_1_255' title='bbox 1329 2050 1362 2119; x_wconf 77' lang='grc' dir='ltr'>ἡ</span> <span class='ocrx_word' id='word_1_256' title='bbox 1387 2050 1658 2119; x_wconf 78' lang='grc' dir='ltr'><strong>ἐνέργεια,</strong></span> <span class='ocrx_word' id='word_1_257' title='bbox 1684 2053 1777 2104; x_wconf 75' lang='grc' dir='ltr'><strong>καὶ</strong></span> <span class='ocrx_word' id='word_1_258' title='bbox 1806 2051 1907 2104; x_wconf 78' lang='grc' dir='ltr'><strong>οὐκ</strong></span> 
     </span>
    </p>
   </div>
   <div class='ocr_carea' id='block_1_36' title="bbox 331 2133 1907 2213">
    <p class='ocr_par' dir='ltr' id='par_1_36' title="bbox 331 2133 1907 2213">
     <span class='ocr_line' id='line_1_36' title="bbox 331 2133 1907 2213; baseline 0.008 -28"><span class='ocrx_word' id='word_1_259' title='bbox 331 2133 468 2202; x_wconf 66' lang='grc' dir='ltr'><strong>ἄλλη</strong></span> <span class='ocrx_word' id='word_1_260' title='bbox 521 2136 622 2204; x_wconf 75' lang='grc' dir='ltr'><strong>μὲν</strong></span> <span class='ocrx_word' id='word_1_261' title='bbox 661 2139 898 2202; x_wconf 79' lang='grc' dir='ltr'><strong>ἐκείνου,</strong></span> <span class='ocrx_word' id='word_1_262' title='bbox 941 2140 1076 2209; x_wconf 80' lang='grc' dir='ltr'><strong>άλλη</strong></span> <span class='ocrx_word' id='word_1_263' title='bbox 1127 2140 1186 2194; x_wconf 70' lang='grc' dir='ltr'><strong>δὲ</strong></span> <span class='ocrx_word' id='word_1_264' title='bbox 1224 2142 1449 2198; x_wconf 82' lang='grc' dir='ltr'><strong>τούτων.</strong></span> <span class='ocrx_word' id='word_1_265' title='bbox 1482 2142 1615 2196; x_wconf 84' lang='grc' dir='ltr'><strong>Τότε</strong></span> <span class='ocrx_word' id='word_1_266' title='bbox 1682 2145 1790 2213; x_wconf 72' lang='grc' dir='ltr'><strong>γὰρ</strong></span> <span class='ocrx_word' id='word_1_267' title='bbox 1841 2144 1907 2197; x_wconf 82' lang='grc' dir='ltr'><strong>ἂν</strong></span> 
     </span>
    </p>
   </div>
   <div class='ocr_carea' id='block_1_37' title="bbox 331 2221 1911 2307">
    <p class='ocr_par' dir='ltr' id='par_1_37' title="bbox 331 2221 1911 2307">
     <span class='ocr_line' id='line_1_37' title="bbox 331 2221 1911 2307; baseline 0.008 -31"><span class='ocrx_word' id='word_1_268' title='bbox 331 2221 452 2294; x_wconf 78' lang='grc' dir='ltr'><strong>εἶχε</strong></span> <span class='ocrx_word' id='word_1_269' title='bbox 499 2228 684 2298; x_wconf 82' lang='grc' dir='ltr'><strong>χώραν</strong></span> <span class='ocrx_word' id='word_1_270' title='bbox 733 2230 908 2284; x_wconf 77' lang='grc' dir='ltr'><strong>ταῦτα</strong></span> <span class='ocrx_word' id='word_1_271' title='bbox 960 2232 1029 2285; x_wconf 78' lang='grc' dir='ltr'><strong>τὰ</strong></span> <span class='ocrx_word' id='word_1_272' title='bbox 1064 2233 1400 2304; x_wconf 81' lang='grc' dir='ltr'><strong>παιδαριώδη</strong></span> <span class='ocrx_word' id='word_1_273' title='bbox 1451 2236 1762 2307; x_wconf 72' lang='grc' dir='ltr'><strong>ζητήματα.</strong></span> <span class='ocrx_word' id='word_1_274' title='bbox 1803 2236 1911 2292; x_wconf 79' lang='grc' dir='ltr'><strong>Οὖ-</strong></span> 
     </span>
    </p>
   </div>
   <div class='ocr_carea' id='block_1_38' title="bbox 329 2316 1912 2398">
    <p class='ocr_par' dir='ltr' id='par_1_38' title="bbox 329 2316 1912 2398">
     <span class='ocr_line' id='line_1_38' title="bbox 329 2316 1912 2398; baseline 0.01 -31"><span class='ocrx_word' id='word_1_275' title='bbox 329 2335 441 2380; x_wconf 84' lang='grc' dir='ltr'><strong>τως</strong></span> <span class='ocrx_word' id='word_1_276' title='bbox 472 2316 564 2372; x_wconf 78' lang='grc' dir='ltr'><strong>οὖν</strong></span> <span class='ocrx_word' id='word_1_277' title='bbox 599 2321 733 2374; x_wconf 80' lang='grc' dir='ltr'><strong>κάπὶ</strong></span> <span class='ocrx_word' id='word_1_278' title='bbox 762 2323 856 2376; x_wconf 82' lang='grc' dir='ltr'><strong>τοῦ</strong></span> <span class='ocrx_word' id='word_1_279' title='bbox 889 2325 1254 2395; x_wconf 80' lang='grc' dir='ltr'><strong>προκειμένου</strong></span> <span class='ocrx_word' id='word_1_280' title='bbox 1286 2327 1470 2380; x_wconf 83' lang='grc' dir='ltr'><strong>τελεία</strong></span> <span class='ocrx_word' id='word_1_281' title='bbox 1500 2327 1598 2395; x_wconf 80' lang='grc' dir='ltr'><strong>μὲν</strong></span> <span class='ocrx_word' id='word_1_282' title='bbox 1627 2329 1721 2382; x_wconf 76' lang='grc' dir='ltr'><strong>καὶ</strong></span> <span class='ocrx_word' id='word_1_283' title='bbox 1744 2329 1912 2398; x_wconf 82' lang='grc' dir='ltr'><strong>ὑπερ·</strong></span> 
     </span>
    </p>
   </div>
   <div class='ocr_carea' id='block_1_39' title="bbox 332 2409 1906 2488">
    <p class='ocr_par' dir='ltr' id='par_1_39' title="bbox 332 2409 1906 2488">
     <span class='ocr_line' id='line_1_39' title="bbox 332 2409 1906 2488; baseline 0.007 -29"><span class='ocrx_word' id='word_1_284' title='bbox 332 2409 499 2479; x_wconf 82' lang='grc' dir='ltr'><strong>τελὴς</strong></span> <span class='ocrx_word' id='word_1_285' title='bbox 547 2412 579 2481; x_wconf 73' lang='grc' dir='ltr'>ἡ</span> <span class='ocrx_word' id='word_1_286' title='bbox 613 2414 675 2464; x_wconf 80' lang='grc' dir='ltr'><strong>ὲκ</strong></span> <span class='ocrx_word' id='word_1_287' title='bbox 713 2414 928 2484; x_wconf 84' lang='grc' dir='ltr'><strong>Πατρδς</strong></span> <span class='ocrx_word' id='word_1_288' title='bbox 965 2418 1294 2485; x_wconf 74' lang='grc' dir='ltr'><strong>ἐκπόρευσις</strong></span> <span class='ocrx_word' id='word_1_289' title='bbox 1327 2416 1421 2470; x_wconf 83' lang='grc' dir='ltr'><strong>τοῦ</strong></span> <span class='ocrx_word' id='word_1_290' title='bbox 1452 2417 1770 2488; x_wconf 84' lang='grc' dir='ltr'><strong>Πνεύματος</strong></span> <span class='ocrx_word' id='word_1_291' title='bbox 1815 2419 1906 2471; x_wconf 79' lang='grc' dir='ltr'><strong>τοῦ</strong></span> 
     </span>
    </p>
   </div>
   <div class='ocr_carea' id='block_1_40' title="bbox 335 2500 1908 2578">
    <p class='ocr_par' dir='ltr' id='par_1_40' title="bbox 335 2500 1908 2578">
     <span class='ocr_line' id='line_1_40' title="bbox 335 2500 1908 2578; baseline 0.006 -26"><span class='ocrx_word' id='word_1_292' title='bbox 335 2500 496 2566; x_wconf 82' lang='grc' dir='ltr'><strong>ἁγίου</strong></span> <span class='ocrx_word' id='word_1_293' title='bbox 515 2519 530 2535; x_wconf 89' lang='grc'><strong>·</strong></span> <span class='ocrx_word' id='word_1_294' title='bbox 558 2504 589 2573; x_wconf 74' lang='grc' dir='ltr'>ἡ</span> <span class='ocrx_word' id='word_1_295' title='bbox 617 2504 760 2576; x_wconf 73' lang='grc' dir='ltr'><strong>αὑτὴ</strong></span> <span class='ocrx_word' id='word_1_296' title='bbox 789 2505 846 2558; x_wconf 67' lang='grc' dir='ltr'><strong>δὲ</strong></span> <span class='ocrx_word' id='word_1_297' title='bbox 880 2507 976 2559; x_wconf 73' lang='grc' dir='ltr'><strong>καὶ</strong></span> <span class='ocrx_word' id='word_1_298' title='bbox 1013 2508 1112 2576; x_wconf 87' lang='grc' dir='ltr'><strong>μία</strong></span> <span class='ocrx_word' id='word_1_299' title='bbox 1139 2507 1218 2577; x_wconf 88' lang='grc' dir='ltr'>τῷ</span> <span class='ocrx_word' id='word_1_300' title='bbox 1251 2508 1470 2578; x_wconf 78' lang='grc' dir='ltr'><strong>ἀριθμῷ</strong></span> <span class='ocrx_word' id='word_1_301' title='bbox 1499 2510 1595 2562; x_wconf 75' lang='grc' dir='ltr'><strong>καὶ</strong></span> <span class='ocrx_word' id='word_1_302' title='bbox 1625 2510 1656 2577; x_wconf 76' lang='grc' dir='ltr'>ἡ</span> <span class='ocrx_word' id='word_1_303' title='bbox 1687 2509 1745 2573; x_wconf 69' lang='grc' dir='ltr'><strong>ἒξ</strong></span> <span class='ocrx_word' id='word_1_304' title='bbox 1776 2509 1908 2563; x_wconf 84' lang='grc' dir='ltr'><strong>Υίοῡ</strong></span> 
     </span>
    </p>
   </div>
   <div class='ocr_carea' id='block_1_41' title="bbox 333 2592 1908 2672">
    <p class='ocr_par' dir='ltr' id='par_1_41' title="bbox 333 2592 1908 2672">
     <span class='ocr_line' id='line_1_41' title="bbox 333 2592 1908 2672; baseline 0.007 -27"><span class='ocrx_word' id='word_1_305' title='bbox 333 2592 432 2646; x_wconf 68' lang='grc' dir='ltr'><strong>τοῦ</strong></span> <span class='ocrx_word' id='word_1_306' title='bbox 458 2595 622 2648; x_wconf 77' lang='grc' dir='ltr'><strong>αὐτοῦ</strong></span> <span class='ocrx_word' id='word_1_307' title='bbox 641 2599 790 2651; x_wconf 81' lang='grc' dir='ltr'><strong>ἐστιν</strong></span> <span class='ocrx_word' id='word_1_308' title='bbox 809 2599 1158 2670; x_wconf 79' lang='grc' dir='ltr'><strong>ἐκπόρενσις,</strong></span> <span class='ocrx_word' id='word_1_309' title='bbox 1194 2601 1293 2654; x_wconf 77' lang='grc' dir='ltr'><strong>οὐκ</strong></span> <span class='ocrx_word' id='word_1_310' title='bbox 1322 2601 1458 2672; x_wconf 84' lang='grc' dir='ltr'><strong>άλλη</strong></span> <span class='ocrx_word' id='word_1_311' title='bbox 1495 2603 1590 2655; x_wconf 81' lang='grc' dir='ltr'><strong>καὶ</strong></span> <span class='ocrx_word' id='word_1_312' title='bbox 1611 2603 1770 2671; x_wconf 77' lang='grc' dir='ltr'><strong>άλλη,</strong></span> <span class='ocrx_word' id='word_1_313' title='bbox 1796 2603 1908 2656; x_wconf 70' lang='grc' dir='ltr'><strong>οὐδ’</strong></span> 
     </span>
    </p>
   </div>
   <div class='ocr_carea' id='block_1_42' title="bbox 335 2684 1908 2763">
    <p class='ocr_par' dir='ltr' id='par_1_42' title="bbox 335 2684 1908 2763">
     <span class='ocr_line' id='line_1_42' title="bbox 335 2684 1908 2763; baseline 0.006 -26"><span class='ocrx_word' id='word_1_314' title='bbox 335 2684 512 2750; x_wconf 66' lang='grc' dir='ltr'><strong>ἄλλως</strong></span> <span class='ocrx_word' id='word_1_315' title='bbox 543 2688 639 2741; x_wconf 76' lang='grc' dir='ltr'><strong>καὶ</strong></span> <span class='ocrx_word' id='word_1_316' title='bbox 683 2689 878 2755; x_wconf 82' lang='grc' dir='ltr'><strong>άλλως,</strong></span> <span class='ocrx_word' id='word_1_317' title='bbox 909 2691 1003 2746; x_wconf 80' lang='grc' dir='ltr'><strong>οὐδ</strong></span> <span class='ocrx_word' id='word_1_318' title='bbox 1034 2691 1225 2746; x_wconf 78' lang='grc' dir='ltr'><strong>ἄλλοτε</strong></span> <span class='ocrx_word' id='word_1_319' title='bbox 1251 2693 1285 2761; x_wconf 74' lang='grc' dir='ltr'>ἡ</span> <span class='ocrx_word' id='word_1_320' title='bbox 1315 2694 1379 2745; x_wconf 73' lang='grc' dir='ltr'><strong>ὲκ</strong></span> <span class='ocrx_word' id='word_1_321' title='bbox 1401 2693 1635 2763; x_wconf 81' lang='grc' dir='ltr'><strong>Πατρδς,</strong></span> <span class='ocrx_word' id='word_1_322' title='bbox 1671 2694 1763 2748; x_wconf 70' lang='grc' dir='ltr'><strong>καὶ</strong></span> <span class='ocrx_word' id='word_1_323' title='bbox 1817 2694 1908 2747; x_wconf 79' lang='grc' dir='ltr'><strong>ἀλ-</strong></span> 
     </span>
    </p>
   </div>
   <div class='ocr_carea' id='block_1_43' title="bbox 335 2776 1914 2858">
    <p class='ocr_par' dir='ltr' id='par_1_43' title="bbox 335 2776 1914 2858">
     <span class='ocr_line' id='line_1_43' title="bbox 335 2776 1914 2858; baseline 0.007 -30"><span class='ocrx_word' id='word_1_324' title='bbox 335 2776 462 2830; x_wconf 83' lang='grc' dir='ltr'><strong>λοτε</strong></span> <span class='ocrx_word' id='word_1_325' title='bbox 485 2780 518 2848; x_wconf 73' lang='grc' dir='ltr'>ἡ</span> <span class='ocrx_word' id='word_1_326' title='bbox 544 2779 602 2844; x_wconf 64' lang='grc' dir='ltr'><strong>ἐξ</strong></span> <span class='ocrx_word' id='word_1_327' title='bbox 635 2780 787 2847; x_wconf 81' lang='grc' dir='ltr'><strong>Υίοῦ,</strong></span> <span class='ocrx_word' id='word_1_328' title='bbox 808 2782 920 2834; x_wconf 72' lang='grc' dir='ltr'><strong>ἀλλ’</strong></span> <span class='ocrx_word' id='word_1_329' title='bbox 947 2783 1064 2851; x_wconf 72' lang='grc' dir='ltr'><strong>ἅμα</strong></span> <span class='ocrx_word' id='word_1_330' title='bbox 1083 2785 1178 2837; x_wconf 69' lang='grc' dir='ltr'><strong>καὶ</strong></span> <span class='ocrx_word' id='word_1_331' title='bbox 1206 2785 1238 2853; x_wconf 80' lang='grc' dir='ltr'>ἡ</span> <span class='ocrx_word' id='word_1_332' title='bbox 1270 2784 1430 2855; x_wconf 75' lang='grc' dir='ltr'><strong>αὐτὴ.</strong></span> <span class='ocrx_word' id='word_1_333' title='bbox 1465 2787 1559 2837; x_wconf 75' lang='grc' dir='ltr'><strong>καὶ</strong></span> <span class='ocrx_word' id='word_1_334' title='bbox 1581 2786 1780 2855; x_wconf 77' lang='grc' dir='ltr'><strong>ὁμοίως</strong></span> <span class='ocrx_word' id='word_1_335' title='bbox 1815 2788 1914 2858; x_wconf 79' lang='grc' dir='ltr'><strong>μιᾷ</strong></span> 
     </span>
    </p>
   </div>
   <div class='ocr_carea' id='block_1_44' title="bbox 337 2869 1712 2944">
    <p class='ocr_par' dir='ltr' id='par_1_44' title="bbox 337 2869 1712 2944">
     <span class='ocr_line' id='line_1_44' title="bbox 337 2869 1712 2944; baseline 0.006 -23"><span class='ocrx_word' id='word_1_336' title='bbox 337 2871 434 2922; x_wconf 73' lang='grc' dir='ltr'><strong>καὶ</strong></span> <span class='ocrx_word' id='word_1_337' title='bbox 488 2871 557 2940; x_wconf 73' lang='grc' dir='ltr'><strong>τῇ</strong></span> <span class='ocrx_word' id='word_1_338' title='bbox 593 2869 730 2942; x_wconf 81' lang='grc' dir='ltr'><strong>αὐτῇ</strong></span> <span class='ocrx_word' id='word_1_339' title='bbox 769 2871 999 2944; x_wconf 79' lang='grc' dir='ltr'><strong>δυνάμει</strong></span> <span class='ocrx_word' id='word_1_340' title='bbox 1029 2872 1447 2943; x_wconf 77' lang='grc' dir='ltr'><strong>προϐαλλόντων</strong></span> <span class='ocrx_word' id='word_1_341' title='bbox 1486 2876 1712 2943; x_wconf 76' lang='grc' dir='ltr'><strong>ἀμφοῖν.</strong></span> 
     </span>
    </p>
   </div>
   <div class='ocr_carea' id='block_1_45' title="bbox 411 3041 1911 3119">
    <p class='ocr_par' dir='ltr' id='par_1_45' title="bbox 411 3041 1911 3119">
     <span class='ocr_line' id='line_1_45' title="bbox 411 3041 1911 3119; baseline 0.007 -26"><span class='ocrx_word' id='word_1_342' title='bbox 411 3041 522 3094; x_wconf 78' lang='grc' dir='ltr'><strong>Καὶ</strong></span> <span class='ocrx_word' id='word_1_343' title='bbox 582 3043 774 3114; x_wconf 80' lang='grc' dir='ltr'><strong>μηδεὶς</strong></span> <span class='ocrx_word' id='word_1_344' title='bbox 832 3044 1066 3100; x_wconf 61' lang='grc' dir='ltr'><strong>ενταῦθα</strong></span> <span class='ocrx_word' id='word_1_345' title='bbox 1129 3045 1525 3118; x_wconf 77' lang='grc' dir='ltr'><strong>βλασφημείτω</strong></span> <span class='ocrx_word' id='word_1_346' title='bbox 1584 3049 1676 3102; x_wconf 68' lang='grc' dir='ltr'><strong>τὸν</strong></span> <span class='ocrx_word' id='word_1_347' title='bbox 1734 3047 1911 3119; x_wconf 85' lang='grc' dir='ltr'><strong>λόγον,</strong></span> 
     </span>
    </p>
   </div>
   <div class='ocr_carea' id='block_1_46' title="bbox 2008 1956 3580 2028">
    <p class='ocr_par' dir='ltr' id='par_1_46' title="bbox 2008 1956 3580 2028">
     <span class='ocr_line' id='line_1_46' title="bbox 2008 1956 3580 2028; baseline -0.002 -16"><span class='ocrx_word' id='word_1_348' title='bbox 2008 1972 2075 2012; x_wconf 77' lang='lat' dir='ltr'><strong>ex</strong></span> <span class='ocrx_word' id='word_1_349' title='bbox 2106 1959 2265 2013; x_wconf 85' lang='lat' dir='ltr'><strong>Patre</strong></span> <span class='ocrx_word' id='word_1_350' title='bbox 2299 1958 2742 2028; x_wconf 83' lang='lat' dir='ltr'><strong>productionem,</strong></span> <span class='ocrx_word' id='word_1_351' title='bbox 2797 1975 2961 2012; x_wconf 88' lang='lat' dir='ltr'><strong>unam</strong></span> <span class='ocrx_word' id='word_1_352' title='bbox 3015 1975 3147 2014; x_wconf 88' lang='lat' dir='ltr'><strong>vero</strong></span> <span class='ocrx_word' id='word_1_353' title='bbox 3194 1971 3426 2012; x_wconf 89' lang='lat' dir='ltr'><strong>numero</strong></span> <span class='ocrx_word' id='word_1_354' title='bbox 3456 1956 3580 2012; x_wconf 83' lang='lat' dir='ltr'><strong>Filii</strong></span> 
     </span>
    </p>
   </div>
   <div class='ocr_carea' id='block_1_47' title="bbox 2008 2049 3584 2120">
    <p class='ocr_par' dir='ltr' id='par_1_47' title="bbox 2008 2049 3584 2120">
     <span class='ocr_line' id='line_1_47' title="bbox 2008 2049 3584 2120; baseline 0 -17"><span class='ocrx_word' id='word_1_355' title='bbox 2008 2059 2066 2104; x_wconf 92' lang='lat' dir='ltr'><strong>et</strong></span> <span class='ocrx_word' id='word_1_356' title='bbox 2119 2049 2361 2120; x_wconf 82' lang='lat' dir='ltr'><strong>Spiritus</strong></span> <span class='ocrx_word' id='word_1_357' title='bbox 2400 2049 2455 2104; x_wconf 91' lang='lat' dir='ltr'><strong>in</strong></span> <span class='ocrx_word' id='word_1_358' title='bbox 2485 2049 2738 2105; x_wconf 87' lang='lat' dir='ltr'><strong>eamdem</strong></span> <span class='ocrx_word' id='word_1_359' title='bbox 2779 2049 3200 2120; x_wconf 86' lang='lat' dir='ltr'><strong>productionem</strong></span> <span class='ocrx_word' id='word_1_360' title='bbox 3230 2065 3354 2105; x_wconf 89' lang='lat' dir='ltr'><strong>esse</strong></span> <span class='ocrx_word' id='word_1_361' title='bbox 3385 2063 3584 2118; x_wconf 86' lang='lat' dir='ltr'><strong>opera-</strong></span> 
     </span>
    </p>
   </div>
   <div class='ocr_carea' id='block_1_48' title="bbox 2011 2139 3584 2216">
    <p class='ocr_par' dir='ltr' id='par_1_48' title="bbox 2011 2139 3584 2216">
     <span class='ocr_line' id='line_1_48' title="bbox 2011 2139 3584 2216; baseline 0.001 -25"><span class='ocrx_word' id='word_1_362' title='bbox 2011 2139 2239 2203; x_wconf 83' lang='lat' dir='ltr'><strong>tionem,</strong></span> <span class='ocrx_word' id='word_1_363' title='bbox 2295 2149 2352 2194; x_wconf 89' lang='lat' dir='ltr'><strong>et</strong></span> <span class='ocrx_word' id='word_1_364' title='bbox 2404 2155 2514 2195; x_wconf 92' lang='lat' dir='ltr'><strong>non</strong></span> <span class='ocrx_word' id='word_1_365' title='bbox 2562 2140 2983 2216; x_wconf 82' lang='lat' dir='ltr'><strong>aliam_quidem</strong></span> <span class='ocrx_word' id='word_1_366' title='bbox 3020 2141 3189 2205; x_wconf 90' lang='lat' dir='ltr'><strong>illius,</strong></span> <span class='ocrx_word' id='word_1_367' title='bbox 3223 2141 3416 2194; x_wconf 84' lang='lat' dir='ltr'><strong>horum</strong></span> <span class='ocrx_word' id='word_1_368' title='bbox 3452 2154 3584 2194; x_wconf 88' lang='lat' dir='ltr'><strong>vero</strong></span> 
     </span>
    </p>
   </div>
   <div class='ocr_carea' id='block_1_49' title="bbox 2009 2230 3584 2299">
    <p class='ocr_par' dir='ltr' id='par_1_49' title="bbox 2009 2230 3584 2299">
     <span class='ocr_line' id='line_1_49' title="bbox 2009 2230 3584 2299; baseline -0.001 -13"><span class='ocrx_word' id='word_1_369' title='bbox 2009 2230 2197 2286; x_wconf 88' lang='lat' dir='ltr'><strong>aliam.</strong></span> <span class='ocrx_word' id='word_1_370' title='bbox 2260 2231 2418 2286; x_wconf 84' lang='lat' dir='ltr'><strong>Tune</strong></span> <span class='ocrx_word' id='word_1_371' title='bbox 2468 2231 2615 2285; x_wconf 89' lang='lat' dir='ltr'><strong>enim</strong></span> <span class='ocrx_word' id='word_1_372' title='bbox 2676 2231 2948 2285; x_wconf 81' lang='lat' dir='ltr'><strong>baberent</strong></span> <span class='ocrx_word' id='word_1_373' title='bbox 2985 2233 3168 2286; x_wconf 89' lang='lat' dir='ltr'><strong>locum</strong></span> <span class='ocrx_word' id='word_1_374' title='bbox 3225 2230 3326 2286; x_wconf 85' lang='lat' dir='ltr'><strong>ista</strong></span> <span class='ocrx_word' id='word_1_375' title='bbox 3352 2230 3584 2299; x_wconf 77' lang='lat' dir='ltr'><strong>puerilia</strong></span> 
     </span>
    </p>
   </div>
   <div class='ocr_carea' id='block_1_50' title="bbox 2011 2320 3584 2391">
    <p class='ocr_par' dir='ltr' id='par_1_50' title="bbox 2011 2320 3584 2391">
     <span class='ocr_line' id='line_1_50' title="bbox 2011 2320 3584 2391; baseline -0.001 -17"><span class='ocrx_word' id='word_1_376' title='bbox 2011 2321 2259 2388; x_wconf 67' lang='lat' dir='ltr'><strong>quaesita.</strong></span> <span class='ocrx_word' id='word_1_377' title='bbox 2295 2320 2386 2376; x_wconf 88' lang='lat' dir='ltr'><strong>Sic</strong></span> <span class='ocrx_word' id='word_1_378' title='bbox 2414 2322 2582 2388; x_wconf 82' lang='lat' dir='ltr'><strong>igitur</strong></span> <span class='ocrx_word' id='word_1_379' title='bbox 2612 2331 2668 2376; x_wconf 92' lang='lat' dir='ltr'><strong>et</strong></span> <span class='ocrx_word' id='word_1_380' title='bbox 2725 2322 2779 2375; x_wconf 90' lang='lat' dir='ltr'><strong>in</strong></span> <span class='ocrx_word' id='word_1_381' title='bbox 2818 2336 2876 2376; x_wconf 88' lang='lat' dir='ltr'><strong>re</strong></span> <span class='ocrx_word' id='word_1_382' title='bbox 2902 2321 3210 2391; x_wconf 87' lang='lat' dir='ltr'><strong>proposita,</strong></span> <span class='ocrx_word' id='word_1_383' title='bbox 3240 2336 3362 2390; x_wconf 75' lang='lat' dir='ltr'><strong>qua:</strong></span> <span class='ocrx_word' id='word_1_384' title='bbox 3399 2329 3486 2374; x_wconf 89' lang='lat' dir='ltr'><strong>est</strong></span> <span class='ocrx_word' id='word_1_385' title='bbox 3515 2335 3584 2374; x_wconf 77' lang='lat' dir='ltr'><strong>ex</strong></span> 
     </span>
    </p>
   </div>
   <div class='ocr_carea' id='block_1_51' title="bbox 2012 2409 3582 2480">
    <p class='ocr_par' dir='ltr' id='par_1_51' title="bbox 2012 2409 3582 2480">
     <span class='ocr_line' id='line_1_51' title="bbox 2012 2409 3582 2480; baseline 0.001 -17"><span class='ocrx_word' id='word_1_386' title='bbox 2012 2410 2172 2464; x_wconf 82' lang='lat' dir='ltr'><strong>Patre</strong></span> <span class='ocrx_word' id='word_1_387' title='bbox 2234 2410 2516 2479; x_wconf 85' lang='lat' dir='ltr'><strong>processio</strong></span> <span class='ocrx_word' id='word_1_388' title='bbox 2573 2409 2812 2480; x_wconf 90' lang='lat' dir='ltr'><strong>Spiritus</strong></span> <span class='ocrx_word' id='word_1_389' title='bbox 2878 2413 3056 2466; x_wconf 85' lang='lat' dir='ltr'><strong>sancti</strong></span> <span class='ocrx_word' id='word_1_390' title='bbox 3091 2411 3333 2480; x_wconf 77' lang='lat' dir='ltr'><strong>perlecta</strong></span> <span class='ocrx_word' id='word_1_391' title='bbox 3360 2409 3582 2480; x_wconf 87' lang='lat' dir='ltr'><strong>quidem</strong></span> 
     </span>
    </p>
   </div>
   <div class='ocr_carea' id='block_1_52' title="bbox 2011 2503 3586 2574">
    <p class='ocr_par' dir='ltr' id='par_1_52' title="bbox 2011 2503 3586 2574">
     <span class='ocr_line' id='line_1_52' title="bbox 2011 2503 3586 2574; baseline 0 -18"><span class='ocrx_word' id='word_1_392' title='bbox 2011 2512 2116 2568; x_wconf 89' lang='lat' dir='ltr'><strong>est,</strong></span> <span class='ocrx_word' id='word_1_393' title='bbox 2171 2512 2227 2556; x_wconf 90' lang='lat' dir='ltr'><strong>et</strong></span> <span class='ocrx_word' id='word_1_394' title='bbox 2276 2504 2567 2574; x_wconf 84' lang='lat' dir='ltr'><strong>plusquam</strong></span> <span class='ocrx_word' id='word_1_395' title='bbox 2620 2503 2889 2572; x_wconf 80' lang='lat' dir='ltr'><strong>perfecta,</strong></span> <span class='ocrx_word' id='word_1_396' title='bbox 2940 2505 3134 2559; x_wconf 85' lang='lat' dir='ltr'><strong>eadem</strong></span> <span class='ocrx_word' id='word_1_397' title='bbox 3165 2518 3326 2568; x_wconf 85' lang='lat' dir='ltr'><strong>vero,</strong></span> <span class='ocrx_word' id='word_1_398' title='bbox 3363 2518 3586 2573; x_wconf 82' lang='lat' dir='ltr'><strong>unaque</strong></span> 
     </span>
    </p>
   </div>
   <div class='ocr_carea' id='block_1_53' title="bbox 2013 2597 3586 2667">
    <p class='ocr_par' dir='ltr' id='par_1_53' title="bbox 2013 2597 3586 2667">
     <span class='ocr_line' id='line_1_53' title="bbox 2013 2597 3586 2667; baseline 0.001 -19"><span class='ocrx_word' id='word_1_399' title='bbox 2013 2611 2277 2661; x_wconf 87' lang='lat' dir='ltr'><strong>numero;</strong></span> <span class='ocrx_word' id='word_1_400' title='bbox 2305 2604 2362 2650; x_wconf 92' lang='lat' dir='ltr'><strong>et</strong></span> <span class='ocrx_word' id='word_1_401' title='bbox 2386 2611 2450 2650; x_wconf 86' lang='lat' dir='ltr'><strong>ea</strong></span> <span class='ocrx_word' id='word_1_402' title='bbox 2477 2611 2601 2666; x_wconf 67' lang='lat' dir='ltr'><strong>quae</strong></span> <span class='ocrx_word' id='word_1_403' title='bbox 2637 2605 2811 2652; x_wconf 82' lang='lat' dir='ltr'><strong>estex</strong></span> <span class='ocrx_word' id='word_1_404' title='bbox 2861 2597 3023 2663; x_wconf 87' lang='lat' dir='ltr'><strong>Filio,</strong></span> <span class='ocrx_word' id='word_1_405' title='bbox 3064 2597 3307 2667; x_wconf 83' lang='lat' dir='ltr'><strong>ejusdem</strong></span> <span class='ocrx_word' id='word_1_406' title='bbox 3341 2605 3424 2650; x_wconf 87' lang='lat' dir='ltr'><strong>est</strong></span> <span class='ocrx_word' id='word_1_407' title='bbox 3458 2611 3586 2666; x_wconf 86' lang='lat' dir='ltr'><strong>pro-</strong></span> 
     </span>
    </p>
   </div>
   <div class='ocr_carea' id='block_1_54' title="bbox 2013 2688 3584 2759">
    <p class='ocr_par' dir='ltr' id='par_1_54' title="bbox 2013 2688 3584 2759">
     <span class='ocr_line' id='line_1_54' title="bbox 2013 2688 3584 2759; baseline -0.001 -15"><span class='ocrx_word' id='word_1_408' title='bbox 2013 2688 2214 2754; x_wconf 83' lang='lat' dir='ltr'><strong>cessio,</strong></span> <span class='ocrx_word' id='word_1_409' title='bbox 2275 2705 2384 2744; x_wconf 91' lang='lat' dir='ltr'><strong>non</strong></span> <span class='ocrx_word' id='word_1_410' title='bbox 2439 2689 2548 2744; x_wconf 89' lang='lat' dir='ltr'><strong>alia</strong></span> <span class='ocrx_word' id='word_1_411' title='bbox 2615 2699 2781 2758; x_wconf 88' lang='lat' dir='ltr'><strong>atque</strong></span> <span class='ocrx_word' id='word_1_412' title='bbox 2839 2688 2967 2754; x_wconf 87' lang='lat' dir='ltr'><strong>alia,</strong></span> <span class='ocrx_word' id='word_1_413' title='bbox 3027 2704 3205 2759; x_wconf 89' lang='lat' dir='ltr'><strong>neque</strong></span> <span class='ocrx_word' id='word_1_414' title='bbox 3227 2688 3387 2743; x_wconf 84' lang='lat' dir='ltr'><strong>aliter</strong></span> <span class='ocrx_word' id='word_1_415' title='bbox 3421 2697 3584 2756; x_wconf 82' lang='lat' dir='ltr'><strong>atque</strong></span> 
     </span>
    </p>
   </div>
   <div class='ocr_carea' id='block_1_55' title="bbox 2014 2779 3582 2851">
    <p class='ocr_par' dir='ltr' id='par_1_55' title="bbox 2014 2779 3582 2851">
     <span class='ocr_line' id='line_1_55' title="bbox 2014 2779 3582 2851; baseline 0.001 -18"><span class='ocrx_word' id='word_1_416' title='bbox 2014 2779 2196 2846; x_wconf 80' lang='lat' dir='ltr'><strong>aliter,</strong></span> <span class='ocrx_word' id='word_1_417' title='bbox 2228 2795 2406 2849; x_wconf 89' lang='lat' dir='ltr'><strong>neque</strong></span> <span class='ocrx_word' id='word_1_418' title='bbox 2432 2781 2568 2835; x_wconf 85' lang='lat' dir='ltr'><strong>alias</strong></span> <span class='ocrx_word' id='word_1_419' title='bbox 2603 2797 2724 2851; x_wconf 68' lang='lat' dir='ltr'><strong>qua:</strong></span> <span class='ocrx_word' id='word_1_420' title='bbox 2777 2796 2845 2836; x_wconf 82' lang='lat' dir='ltr'><strong>ex</strong></span> <span class='ocrx_word' id='word_1_421' title='bbox 2900 2782 3084 2846; x_wconf 83' lang='lat' dir='ltr'><strong>Patre,</strong></span> <span class='ocrx_word' id='word_1_422' title='bbox 3118 2790 3173 2837; x_wconf 90' lang='lat' dir='ltr'><strong>et</strong></span> <span class='ocrx_word' id='word_1_423' title='bbox 3200 2782 3336 2836; x_wconf 86' lang='lat' dir='ltr'><strong>alias</strong></span> <span class='ocrx_word' id='word_1_424' title='bbox 3365 2797 3485 2850; x_wconf 69' lang='lat' dir='ltr'><strong>qua:</strong></span> <span class='ocrx_word' id='word_1_425' title='bbox 3515 2798 3582 2836; x_wconf 78' lang='lat' dir='ltr'><strong>ex</strong></span> 
     </span>
    </p>
   </div>
   <div class='ocr_carea' id='block_1_56' title="bbox 2014 2868 3583 2938">
    <p class='ocr_par' dir='ltr' id='par_1_56' title="bbox 2014 2868 3583 2938">
     <span class='ocr_line' id='line_1_56' title="bbox 2014 2868 3583 2938; baseline 0.002 -15"><span class='ocrx_word' id='word_1_426' title='bbox 2014 2868 2176 2934; x_wconf 90' lang='lat' dir='ltr'><strong>Filio,</strong></span> <span class='ocrx_word' id='word_1_427' title='bbox 2234 2869 2330 2925; x_wconf 90' lang='lat' dir='ltr'><strong>sed</strong></span> <span class='ocrx_word' id='word_1_428' title='bbox 2382 2872 2572 2937; x_wconf 86' lang='lat' dir='ltr'><strong>simul,</strong></span> <span class='ocrx_word' id='word_1_429' title='bbox 2622 2882 2677 2928; x_wconf 89' lang='lat' dir='ltr'><strong>et</strong></span> <span class='ocrx_word' id='word_1_430' title='bbox 2727 2873 2919 2928; x_wconf 87' lang='lat' dir='ltr'><strong>eadem</strong></span> <span class='ocrx_word' id='word_1_431' title='bbox 2969 2882 3075 2938; x_wconf 85' lang='lat' dir='ltr'><strong>est,</strong></span> <span class='ocrx_word' id='word_1_432' title='bbox 3101 2881 3155 2928; x_wconf 84' lang='lat' dir='ltr'><strong>et</strong></span> <span class='ocrx_word' id='word_1_433' title='bbox 3179 2873 3434 2928; x_wconf 89' lang='lat' dir='ltr'><strong>similiter</strong></span> <span class='ocrx_word' id='word_1_434' title='bbox 3475 2887 3583 2926; x_wconf 86' lang='lat' dir='ltr'><strong>una</strong></span> 
     </span>
    </p>
   </div>
   <div class='ocr_carea' id='block_1_57' title="bbox 2015 2960 3151 3033">
    <p class='ocr_par' dir='ltr' id='par_1_57' title="bbox 2015 2960 3151 3033">
     <span class='ocr_line' id='line_1_57' title="bbox 2015 2960 3151 3033; baseline 0.004 -20"><span class='ocrx_word' id='word_1_435' title='bbox 2015 2960 2316 3032; x_wconf 90' lang='lat' dir='ltr'><strong>eademque</strong></span> <span class='ocrx_word' id='word_1_436' title='bbox 2347 2963 2592 3033; x_wconf 90' lang='lat' dir='ltr'><strong>potentia</strong></span> <span class='ocrx_word' id='word_1_437' title='bbox 2619 2963 2931 3033; x_wconf 90' lang='lat' dir='ltr'><strong>producunt</strong></span> <span class='ocrx_word' id='word_1_438' title='bbox 2970 2964 3151 3020; x_wconf 91' lang='lat' dir='ltr'><strong>ambo.</strong></span> 
     </span>
    </p>
   </div>
   <div class='ocr_carea' id='block_1_58' title="bbox 2088 3053 3584 3114">
    <p class='ocr_par' dir='ltr' id='par_1_58' title="bbox 2088 3053 3584 3114">
     <span class='ocr_line' id='line_1_58' title="bbox 2088 3053 3584 3114; baseline -0.001 -7"><span class='ocrx_word' id='word_1_439' title='bbox 2088 3053 2158 3107; x_wconf 88' lang='lat' dir='ltr'><strong>Et</strong></span> <span class='ocrx_word' id='word_1_440' title='bbox 2196 3068 2356 3108; x_wconf 91' lang='lat' dir='ltr'><strong>nemo</strong></span> <span class='ocrx_word' id='word_1_441' title='bbox 2379 3055 2468 3110; x_wconf 84' lang='lat' dir='ltr'><strong>hic</strong></span> <span class='ocrx_word' id='word_1_442' title='bbox 2503 3055 2768 3110; x_wconf 88' lang='lat' dir='ltr'><strong>rationem</strong></span> <span class='ocrx_word' id='word_1_443' title='bbox 2810 3055 3078 3110; x_wconf 87' lang='lat' dir='ltr'><strong>conviciis</strong></span> <span class='ocrx_word' id='word_1_444' title='bbox 3103 3055 3423 3114; x_wconf 90' lang='lat' dir='ltr'><strong>insectetur,</strong></span> <span class='ocrx_word' id='word_1_445' title='bbox 3457 3069 3584 3108; x_wconf 88' lang='lat' dir='ltr'><strong>cum</strong></span> 
     </span>
    </p>
   </div>
   <div class='ocr_carea' id='block_1_59' title="bbox 343 3132 1916 3218">
    <p class='ocr_par' dir='ltr' id='par_1_59' title="bbox 343 3132 1915 3212">
     <span class='ocr_line' id='line_1_59' title="bbox 343 3132 1915 3212; baseline 0.01 -29"><span class='ocrx_word' id='word_1_446' title='bbox 343 3132 558 3187; x_wconf 80' lang='grc' dir='ltr'><strong>ἀκούων</strong></span> <span class='ocrx_word' id='word_1_447' title='bbox 574 3135 720 3205; x_wconf 73' lang='grc' dir='ltr'><strong>ἡμᾶς</strong></span> <span class='ocrx_word' id='word_1_448' title='bbox 743 3137 849 3190; x_wconf 76' lang='grc' dir='ltr'><strong>ἀπὸ</strong></span> <span class='ocrx_word' id='word_1_449' title='bbox 872 3138 972 3208; x_wconf 82' lang='grc' dir='ltr'><strong>τῆς</strong></span> <span class='ocrx_word' id='word_1_450' title='bbox 993 3139 1222 3204; x_wconf 83' lang='grc' dir='ltr'><strong>κτίσεως</strong></span> <span class='ocrx_word' id='word_1_451' title='bbox 1247 3142 1677 3212; x_wconf 66' lang='grc' dir='ltr'><strong>ἐπιχειροῦντας,</strong></span> <span class='ocrx_word' id='word_1_452' title='bbox 1705 3141 1915 3198; x_wconf 82' lang='grc' dir='ltr'><strong>Οὐκοῦν</strong></span> 
     </span>
    </p>
   </div>
   <div class='ocr_carea' id='block_1_60' title="bbox 2026 3132 3586 3218">
    <p class='ocr_par' dir='ltr' id='par_1_60' title="bbox 2026 3146 3586 3218">
     <span class='ocr_line' id='line_1_60' title="bbox 2026 3146 3586 3218; baseline 0.002 -18"><span class='ocrx_word' id='word_1_453' title='bbox 2026 3161 2119 3201; x_wconf 91' lang='lat' dir='ltr'><strong>nos</strong></span> <span class='ocrx_word' id='word_1_454' title='bbox 2161 3146 2333 3214; x_wconf 82' lang='lat' dir='ltr'><strong>audit,</strong></span> <span class='ocrx_word' id='word_1_455' title='bbox 2385 3147 2477 3217; x_wconf 92' lang='lat' dir='ltr'><strong>qui</strong></span> <span class='ocrx_word' id='word_1_456' title='bbox 2532 3163 2562 3201; x_wconf 92' lang='lat' dir='ltr'><strong>a</strong></span> <span class='ocrx_word' id='word_1_457' title='bbox 2618 3158 2866 3203; x_wconf 84' lang='lat' dir='ltr'><strong>creatura</strong></span> <span class='ocrx_word' id='word_1_458' title='bbox 2915 3156 3384 3218; x_wconf 80' lang='lat' dir='ltr'><strong>argumentamur,</strong></span> <span class='ocrx_word' id='word_1_459' title='bbox 3421 3146 3586 3214; x_wconf 80' lang='lat' dir='ltr'><strong>Ergo.</strong></span> 
     </span>
    </p>
   </div>
   <div class='ocr_carea' id='block_1_61' title="bbox 346 3217 1916 3309">
    <p class='ocr_par' dir='ltr' id='par_1_61' title="bbox 346 3224 1914 3306">
     <span class='ocr_line' id='line_1_61' title="bbox 346 3224 1914 3306; baseline 0.007 -28"><span class='ocrx_word' id='word_1_460' title='bbox 346 3224 572 3296; x_wconf 89' lang='grc' dir='ltr'><strong>κτίσμα,</strong></span> <span class='ocrx_word' id='word_1_461' title='bbox 629 3232 878 3299; x_wconf 78' lang='grc' dir='ltr'><strong>φάσκων,</strong></span> <span class='ocrx_word' id='word_1_462' title='bbox 923 3232 1142 3288; x_wconf 82' lang='grc' dir='ltr'><strong>Λατῖνοι</strong></span> <span class='ocrx_word' id='word_1_463' title='bbox 1194 3234 1258 3288; x_wconf 81' lang='grc' dir='ltr'><strong>τδ</strong></span> <span class='ocrx_word' id='word_1_464' title='bbox 1314 3235 1539 3306; x_wconf 81' lang='grc' dir='ltr'><strong>Πνεῦμα</strong></span> <span class='ocrx_word' id='word_1_465' title='bbox 1561 3236 1620 3288; x_wconf 76' lang='grc' dir='ltr'><strong>τὸ</strong></span> <span class='ocrx_word' id='word_1_466' title='bbox 1653 3235 1806 3304; x_wconf 70' lang='grc' dir='ltr'><strong>ἇγιον</strong></span> <span class='ocrx_word' id='word_1_467' title='bbox 1835 3236 1914 3289; x_wconf 86' lang='grc' dir='ltr'><strong>οί-</strong></span> 
     </span>
    </p>
   </div>
   <div class='ocr_carea' id='block_1_62' title="bbox 2026 3217 3581 3309">
    <p class='ocr_par' dir='ltr' id='par_1_62' title="bbox 2026 3238 3581 3309">
     <span class='ocr_line' id='line_1_62' title="bbox 2026 3238 3581 3309; baseline -0.001 -17"><span class='ocrx_word' id='word_1_468' title='bbox 2026 3239 2295 3308; x_wconf 84' lang='lat' dir='ltr'><strong>inquiens,</strong></span> <span class='ocrx_word' id='word_1_469' title='bbox 2355 3248 2664 3295; x_wconf 88' lang='lat' dir='ltr'><strong>creaturam</strong></span> <span class='ocrx_word' id='word_1_470' title='bbox 2729 3239 2998 3309; x_wconf 89' lang='lat' dir='ltr'><strong>Spiritum</strong></span> <span class='ocrx_word' id='word_1_471' title='bbox 3072 3249 3323 3294; x_wconf 90' lang='lat' dir='ltr'><strong>sanctum</strong></span> <span class='ocrx_word' id='word_1_472' title='bbox 3396 3238 3581 3292; x_wconf 81' lang='lat' dir='ltr'><strong>Latini</strong></span> 
     </span>
    </p>
   </div>
   <div class='ocr_carea' id='block_1_63' title="bbox 341 3322 1913 3398">
    <p class='ocr_par' dir='ltr' id='par_1_63' title="bbox 341 3322 1913 3398">
     <span class='ocr_line' id='line_1_63' title="bbox 341 3322 1913 3398; baseline 0.007 -28"><span class='ocrx_word' id='word_1_473' title='bbox 341 3334 515 3374; x_wconf 81' lang='grc' dir='ltr'><strong>ονται.</strong></span> <span class='ocrx_word' id='word_1_474' title='bbox 569 3322 688 3374; x_wconf 70' lang='grc' dir='ltr'><strong>Εἰσὶ</strong></span> <span class='ocrx_word' id='word_1_475' title='bbox 718 3324 824 3392; x_wconf 82' lang='grc' dir='ltr'><strong>γὰρ</strong></span> <span class='ocrx_word' id='word_1_476' title='bbox 853 3323 902 3376; x_wconf 79' lang='grc' dir='ltr'><strong>οἱ</strong></span> <span class='ocrx_word' id='word_1_477' title='bbox 935 3326 1028 3379; x_wconf 81' lang='grc' dir='ltr'><strong>καὶ</strong></span> <span class='ocrx_word' id='word_1_478' title='bbox 1068 3328 1147 3389; x_wconf 83' lang='grc' dir='ltr'><strong>εις</strong></span> <span class='ocrx_word' id='word_1_479' title='bbox 1173 3327 1333 3379; x_wconf 79' lang='grc' dir='ltr'><strong>τοῦτο</strong></span> <span class='ocrx_word' id='word_1_480' title='bbox 1379 3327 1685 3398; x_wconf 80' lang='grc' dir='ltr'>παρανοίας</span> <span class='ocrx_word' id='word_1_481' title='bbox 1722 3327 1913 3397; x_wconf 75' lang='grc' dir='ltr'><strong>ἧκασι,</strong></span> 
     </span>
    </p>
   </div>
   <div class='ocr_carea' id='block_1_64' title="bbox 349 3409 1780 3485">
    <p class='ocr_par' dir='ltr' id='par_1_64' title="bbox 349 3409 1780 3485">
     <span class='ocr_line' id='line_1_64' title="bbox 349 3409 1780 3485; baseline 0.008 -25"><span class='ocrx_word' id='word_1_482' title='bbox 349 3409 448 3461; x_wconf 79' lang='grc' dir='ltr'><strong>καὶ</strong></span> <span class='ocrx_word' id='word_1_483' title='bbox 491 3410 652 3465; x_wconf 84' lang='grc' dir='ltr'><strong>τοῦτο</strong></span> <span class='ocrx_word' id='word_1_484' title='bbox 694 3414 1096 3485; x_wconf 84' lang='grc' dir='ltr'><strong>τετολμηκότες</strong></span> <span class='ocrx_word' id='word_1_485' title='bbox 1128 3415 1461 3470; x_wconf 76' lang='grc' dir='ltr'><strong>ἀντιτιθέναι</strong></span> <span class='ocrx_word' id='word_1_486' title='bbox 1503 3417 1780 3480; x_wconf 84' lang='grc' dir='ltr'><strong>Λατίνοις.</strong></span> 
     </span>
    </p>
   </div>
   <div class='ocr_carea' id='block_1_65' title="bbox 421 3503 1916 3579">
    <p class='ocr_par' dir='ltr' id='par_1_65' title="bbox 421 3503 1916 3579">
     <span class='ocr_line' id='line_1_65' title="bbox 421 3503 1916 3579; baseline 0.007 -24"><span class='ocrx_word' id='word_1_487' title='bbox 421 3503 607 3557; x_wconf 78' lang='grc' dir='ltr'><strong>Ταῦτα</strong></span> <span class='ocrx_word' id='word_1_488' title='bbox 631 3506 740 3574; x_wconf 85' lang='grc' dir='ltr'><strong>γὰρ</strong></span> <span class='ocrx_word' id='word_1_489' title='bbox 768 3505 800 3576; x_wconf 77' lang='grc' dir='ltr'>ἢ</span> <span class='ocrx_word' id='word_1_490' title='bbox 831 3506 1140 3570; x_wconf 83' lang='grc' dir='ltr'><strong>παιζόντων</strong></span> <span class='ocrx_word' id='word_1_491' title='bbox 1163 3509 1323 3574; x_wconf 71' lang='grc' dir='ltr'><strong>εἰσὶν,</strong></span> <span class='ocrx_word' id='word_1_492' title='bbox 1358 3507 1392 3579; x_wconf 73' lang='grc' dir='ltr'>ἢ</span> <span class='ocrx_word' id='word_1_493' title='bbox 1415 3509 1760 3578; x_wconf 77' lang='grc' dir='ltr'><strong>ἀγνοούντων</strong></span> <span class='ocrx_word' id='word_1_494' title='bbox 1790 3512 1916 3575; x_wconf 79' lang='grc' dir='ltr'><strong>τοὺς</strong></span> 
     </span>
    </p>
   </div>
   <div class='ocr_carea' id='block_1_66' title="bbox 353 3596 1918 3670">
    <p class='ocr_par' dir='ltr' id='par_1_66' title="bbox 353 3596 1918 3670">
     <span class='ocr_line' id='line_1_66' title="bbox 353 3596 1918 3670; baseline 0.005 -23"><span class='ocrx_word' id='word_1_495' title='bbox 353 3596 550 3664; x_wconf 77' lang='grc' dir='ltr'><strong>ἁγίους</strong></span> <span class='ocrx_word' id='word_1_496' title='bbox 581 3597 838 3668; x_wconf 80' lang='grc' dir='ltr'><strong>Πατέρας</strong></span> <span class='ocrx_word' id='word_1_497' title='bbox 897 3598 991 3651; x_wconf 78' lang='grc' dir='ltr'><strong>καὶ</strong></span> <span class='ocrx_word' id='word_1_498' title='bbox 1015 3599 1391 3666; x_wconf 77' lang='grc' dir='ltr'><strong>διδασκάλους,</strong></span> <span class='ocrx_word' id='word_1_499' title='bbox 1430 3601 1494 3654; x_wconf 74' lang='grc' dir='ltr'><strong>ἐκ</strong></span> <span class='ocrx_word' id='word_1_500' title='bbox 1517 3600 1626 3655; x_wconf 87' lang='grc' dir='ltr'><strong>τῶν</strong></span> <span class='ocrx_word' id='word_1_501' title='bbox 1651 3601 1918 3670; x_wconf 83' lang='grc' dir='ltr'><strong>ἀνθρωπί-</strong></span> 
     </span>
    </p>
   </div>
   <div class='ocr_carea' id='block_1_67' title="bbox 352 3688 1921 3761">
    <p class='ocr_par' dir='ltr' id='par_1_67' title="bbox 352 3688 1921 3761">
     <span class='ocr_line' id='line_1_67' title="bbox 352 3688 1921 3761; baseline 0.003 -22"><span class='ocrx_word' id='word_1_502' title='bbox 352 3705 460 3739; x_wconf 92' lang='grc' dir='ltr'><strong>νων</strong></span> <span class='ocrx_word' id='word_1_503' title='bbox 496 3688 754 3751; x_wconf 83' lang='grc' dir='ltr'><strong>πολλάκις</strong></span> <span class='ocrx_word' id='word_1_504' title='bbox 787 3691 843 3740; x_wconf 70' lang='grc' dir='ltr'><strong>ιν</strong></span> <span class='ocrx_word' id='word_1_505' title='bbox 865 3691 977 3753; x_wconf 82' lang='grc' dir='ltr'><strong>τοῖς</strong></span> <span class='ocrx_word' id='word_1_506' title='bbox 1012 3689 1180 3752; x_wconf 81' lang='grc' dir='ltr'><strong>θείοις</strong></span> <span class='ocrx_word' id='word_1_507' title='bbox 1215 3690 1630 3761; x_wconf 70' lang='grc' dir='ltr'><strong>ἐπιχειροῦντας</strong></span> <span class='ocrx_word' id='word_1_508' title='bbox 1680 3691 1775 3744; x_wconf 77' lang='grc' dir='ltr'><strong>καὶ</strong></span> <span class='ocrx_word' id='word_1_509' title='bbox 1812 3691 1921 3745; x_wconf 80' lang='grc' dir='ltr'><strong>ἀπὸ</strong></span> 
     </span>
    </p>
   </div>
   <div class='ocr_carea' id='block_1_68' title="bbox 358 3783 1920 3857">
    <p class='ocr_par' dir='ltr' id='par_1_68' title="bbox 358 3783 1920 3857">
     <span class='ocr_line' id='line_1_68' title="bbox 358 3783 1920 3857; baseline 0.001 -21"><span class='ocrx_word' id='word_1_510' title='bbox 358 3783 468 3838; x_wconf 82' lang='grc' dir='ltr'><strong>τῶν</strong></span> <span class='ocrx_word' id='word_1_511' title='bbox 510 3785 653 3854; x_wconf 78' lang='grc' dir='ltr'><strong>ἴχνος</strong></span> <span class='ocrx_word' id='word_1_512' title='bbox 689 3803 742 3838; x_wconf 92' lang='grc' dir='ltr'><strong>τι</strong></span> <span class='ocrx_word' id='word_1_513' title='bbox 771 3786 873 3840; x_wconf 79' lang='grc' dir='ltr'><strong>κᾶν</strong></span> <span class='ocrx_word' id='word_1_514' title='bbox 927 3786 1169 3857; x_wconf 79' lang='grc' dir='ltr'><strong>ἀμυδρὸν</strong></span> <span class='ocrx_word' id='word_1_515' title='bbox 1199 3786 1513 3857; x_wconf 81' lang='grc' dir='ltr'><strong>ὁμοιώσεως</strong></span> <span class='ocrx_word' id='word_1_516' title='bbox 1563 3785 1715 3848; x_wconf 83' lang='grc' dir='ltr'><strong>Θείας</strong></span> <span class='ocrx_word' id='word_1_517' title='bbox 1766 3785 1920 3856; x_wconf 58' lang='grc' dir='ltr'><strong>ἑλόν-</strong></span> 
     </span>
    </p>
   </div>
   <div class='ocr_carea' id='block_1_69' title="bbox 355 3879 1924 3950">
    <p class='ocr_par' dir='ltr' id='par_1_69' title="bbox 355 3879 1924 3950">
     <span class='ocr_line' id='line_1_69' title="bbox 355 3879 1924 3950; baseline 0 -21"><span class='ocrx_word' id='word_1_518' title='bbox 355 3895 466 3930; x_wconf 88' lang='grc' dir='ltr'><strong>των</strong></span> <span class='ocrx_word' id='word_1_519' title='bbox 483 3880 876 3947; x_wconf 73' lang='grc' dir='ltr'><strong>πιστουμένους</strong></span> <span class='ocrx_word' id='word_1_520' title='bbox 907 3879 1113 3934; x_wconf 66' lang='grc' dir='ltr'><strong>ἐκεῖνα.</strong></span> <span class='ocrx_word' id='word_1_521' title='bbox 1133 3880 1343 3932; x_wconf 78' lang='grc' dir='ltr'><strong>Αὐτίκα</strong></span> <span class='ocrx_word' id='word_1_522' title='bbox 1372 3879 1432 3932; x_wconf 85' lang='grc' dir='ltr'><strong>τὸ</strong></span> <span class='ocrx_word' id='word_1_523' title='bbox 1464 3879 1645 3950; x_wconf 89' lang='grc' dir='ltr'><strong>τρίτον</strong></span> <span class='ocrx_word' id='word_1_524' title='bbox 1666 3879 1774 3934; x_wconf 86' lang='grc' dir='ltr'><strong>τῶν</strong></span> <span class='ocrx_word' id='word_1_525' title='bbox 1791 3879 1924 3931; x_wconf 81' lang='grc' dir='ltr'><strong>ὑπο-</strong></span> 
     </span>
    </p>
   </div>
   <div class='ocr_carea' id='block_1_70' title="bbox 365 3969 1922 4042">
    <p class='ocr_par' dir='ltr' id='par_1_70' title="bbox 365 3969 1922 4042">
     <span class='ocr_line' id='line_1_70' title="bbox 365 3969 1922 4042; baseline 0.002 -21"><span class='ocrx_word' id='word_1_526' title='bbox 365 3971 636 4034; x_wconf 79' lang='grc' dir='ltr'><strong>στάσεων,</strong></span> <span class='ocrx_word' id='word_1_527' title='bbox 663 3970 738 4041; x_wconf 80' lang='grc' dir='ltr'><strong>νῷ</strong></span> <span class='ocrx_word' id='word_1_528' title='bbox 760 3972 852 4024; x_wconf 78' lang='grc' dir='ltr'><strong>καὶ</strong></span> <span class='ocrx_word' id='word_1_529' title='bbox 885 3971 1030 4041; x_wconf 87' lang='grc' dir='ltr'><strong>λόγῳ</strong></span> <span class='ocrx_word' id='word_1_530' title='bbox 1059 3973 1152 4026; x_wconf 70' lang='grc' dir='ltr'><strong>καὶ</strong></span> <span class='ocrx_word' id='word_1_531' title='bbox 1180 3971 1477 4042; x_wconf 86' lang='grc' dir='ltr'><strong>πνεύματι,</strong></span> <span class='ocrx_word' id='word_1_532' title='bbox 1509 3972 1589 4025; x_wconf 77' lang='grc' dir='ltr'><strong>ἔτι</strong></span> <span class='ocrx_word' id='word_1_533' title='bbox 1623 3987 1682 4024; x_wconf 77' lang='grc' dir='ltr'><strong>τε</strong></span> <span class='ocrx_word' id='word_1_534' title='bbox 1712 3969 1922 4039; x_wconf 79' lang='grc' dir='ltr'><strong>ὀφθαλ-</strong></span> 
     </span>
    </p>
   </div>
   <div class='ocr_carea' id='block_1_71' title="bbox 360 4062 1925 4135">
    <p class='ocr_par' dir='ltr' id='par_1_71' title="bbox 360 4062 1925 4135">
     <span class='ocr_line' id='line_1_71' title="bbox 360 4062 1925 4135; baseline 0.001 -20"><span class='ocrx_word' id='word_1_535' title='bbox 360 4062 448 4132; x_wconf 83' lang='grc' dir='ltr'><strong>μῷ</strong></span> <span class='ocrx_word' id='word_1_536' title='bbox 488 4065 581 4116; x_wconf 77' lang='grc' dir='ltr'><strong>καὶ</strong></span> <span class='ocrx_word' id='word_1_537' title='bbox 639 4067 795 4135; x_wconf 78' lang='grc' dir='ltr'><strong>πηγῇ</strong></span> <span class='ocrx_word' id='word_1_538' title='bbox 848 4065 945 4118; x_wconf 72' lang='grc' dir='ltr'><strong>καὶ</strong></span> <span class='ocrx_word' id='word_1_539' title='bbox 986 4064 1236 4134; x_wconf 78' lang='grc' dir='ltr'><strong>ποταμῷ.</strong></span> <span class='ocrx_word' id='word_1_540' title='bbox 1278 4064 1477 4126; x_wconf 87' lang='grc' dir='ltr'><strong>ίκανῶς</strong></span> <span class='ocrx_word' id='word_1_541' title='bbox 1521 4063 1723 4117; x_wconf 84' lang='grc' dir='ltr'><strong>οίονται</strong></span> <span class='ocrx_word' id='word_1_542' title='bbox 1749 4079 1925 4134; x_wconf 87' lang='grc' dir='ltr'><strong>παρα·</strong></span> 
     </span>
    </p>
   </div>
   <div class='ocr_carea' id='block_1_72' title="bbox 361 4150 1928 4224">
    <p class='ocr_par' dir='ltr' id='par_1_72' title="bbox 361 4150 1928 4224">
     <span class='ocr_line' id='line_1_72' title="bbox 361 4150 1928 4224; baseline 0.002 -21"><span class='ocrx_word' id='word_1_543' title='bbox 361 4150 578 4218; x_wconf 79' lang='grc' dir='ltr'><strong>στῆσαι,</strong></span> <span class='ocrx_word' id='word_1_544' title='bbox 618 4155 711 4206; x_wconf 75' lang='grc' dir='ltr'><strong>καὶ</strong></span> <span class='ocrx_word' id='word_1_545' title='bbox 739 4155 902 4207; x_wconf 79' lang='grc' dir='ltr'><strong>πάλιν</strong></span> <span class='ocrx_word' id='word_1_546' title='bbox 940 4155 1075 4224; x_wconf 75' lang='grc' dir='ltr'><strong>ἡλίῳ</strong></span> <span class='ocrx_word' id='word_1_547' title='bbox 1105 4154 1284 4207; x_wconf 75' lang='grc' dir='ltr'><strong>ἀκτῖνι</strong></span> <span class='ocrx_word' id='word_1_548' title='bbox 1335 4171 1393 4208; x_wconf 83' lang='grc' dir='ltr'><strong>τε</strong></span> <span class='ocrx_word' id='word_1_549' title='bbox 1450 4155 1543 4207; x_wconf 76' lang='grc' dir='ltr'><strong>καὶ</strong></span> <span class='ocrx_word' id='word_1_550' title='bbox 1595 4154 1734 4222; x_wconf 82' lang='grc' dir='ltr'><strong>φωτί</strong></span> <span class='ocrx_word' id='word_1_551' title='bbox 1757 4170 1771 4184; x_wconf 74' lang='grc' dir='ltr'><strong>ο</strong></span> <span class='ocrx_word' id='word_1_552' title='bbox 1809 4153 1928 4206; x_wconf 84' lang='grc' dir='ltr'><strong>καί·</strong></span> 
     </span>
    </p>
   </div>
   <div class='ocr_carea' id='block_1_73' title="bbox 361 4243 1925 4316">
    <p class='ocr_par' dir='ltr' id='par_1_73' title="bbox 361 4243 1925 4316">
     <span class='ocr_line' id='line_1_73' title="bbox 361 4243 1925 4316; baseline 0.001 -20"><span class='ocrx_word' id='word_1_553' title='bbox 361 4261 444 4296; x_wconf 87' lang='grc' dir='ltr'><strong>τοι</strong></span> <span class='ocrx_word' id='word_1_554' title='bbox 467 4243 671 4298; x_wconf 83' lang='grc' dir='ltr'><strong>τούτων</strong></span> <span class='ocrx_word' id='word_1_555' title='bbox 691 4246 798 4298; x_wconf 85' lang='grc' dir='ltr'><strong>τῶν</strong></span> <span class='ocrx_word' id='word_1_556' title='bbox 833 4248 1289 4316; x_wconf 79' lang='grc' dir='ltr'><strong>παραδειγμάτων</strong></span> <span class='ocrx_word' id='word_1_557' title='bbox 1320 4247 1572 4312; x_wconf 82' lang='grc' dir='ltr'><strong>ἑκάστου,</strong></span> <span class='ocrx_word' id='word_1_558' title='bbox 1605 4247 1653 4298; x_wconf 87' lang='grc' dir='ltr'><strong>εί</strong></span> <span class='ocrx_word' id='word_1_559' title='bbox 1683 4246 1775 4300; x_wconf 70' lang='grc' dir='ltr'><strong>καὶ</strong></span> <span class='ocrx_word' id='word_1_560' title='bbox 1797 4245 1925 4315; x_wconf 85' lang='grc' dir='ltr'><strong>τρία</strong></span> 
     </span>
    </p>
   </div>
   <div class='ocr_carea' id='block_1_74' title="bbox 362 4337 1927 4408">
    <p class='ocr_par' dir='ltr' id='par_1_74' title="bbox 362 4337 1927 4408">
     <span class='ocr_line' id='line_1_74' title="bbox 362 4337 1927 4408; baseline 0.001 -21"><span class='ocrx_word' id='word_1_561' title='bbox 362 4338 430 4406; x_wconf 75' lang='grc' dir='ltr'><strong>τῇ</strong></span> <span class='ocrx_word' id='word_1_562' title='bbox 477 4337 686 4406; x_wconf 65' lang='grc' dir='ltr'><strong>ἐπινοίᾳ</strong></span> <span class='ocrx_word' id='word_1_563' title='bbox 731 4339 848 4390; x_wconf 74' lang='grc' dir='ltr'><strong>ἐστὶ</strong></span> <span class='ocrx_word' id='word_1_564' title='bbox 892 4340 986 4390; x_wconf 75' lang='grc' dir='ltr'><strong>καὶ</strong></span> <span class='ocrx_word' id='word_1_565' title='bbox 1022 4338 1271 4407; x_wconf 67' lang='grc' dir='ltr'><strong>ὀνόματι,</strong></span> <span class='ocrx_word' id='word_1_566' title='bbox 1314 4340 1443 4408; x_wconf 78' lang='grc' dir='ltr'><strong>μιᾶς</strong></span> <span class='ocrx_word' id='word_1_567' title='bbox 1481 4338 1662 4404; x_wconf 81' lang='grc' dir='ltr'><strong>μέντοι</strong></span> <span class='ocrx_word' id='word_1_568' title='bbox 1695 4337 1927 4390; x_wconf 78' lang='grc' dir='ltr'><strong>ὑποστά-</strong></span> 
     </span>
    </p>
   </div>
   <div class='ocr_carea' id='block_1_75' title="bbox 366 4431 1928 4505">
    <p class='ocr_par' dir='ltr' id='par_1_75' title="bbox 366 4431 1928 4505">
     <span class='ocr_line' id='line_1_75' title="bbox 366 4431 1928 4505; baseline -0.001 -20"><span class='ocrx_word' id='word_1_569' title='bbox 366 4449 504 4496; x_wconf 79' lang='grc' dir='ltr'><strong>σεως</strong></span> <span class='ocrx_word' id='word_1_570' title='bbox 526 4433 714 4487; x_wconf 75' lang='grc' dir='ltr'><strong>ὄντων.</strong></span> <span class='ocrx_word' id='word_1_571' title='bbox 737 4432 879 4487; x_wconf 79' lang='grc' dir='ltr'><strong>Ἀλλ’</strong></span> <span class='ocrx_word' id='word_1_572' title='bbox 899 4435 1046 4504; x_wconf 83' lang='grc' dir='ltr'><strong>ὅμως</strong></span> <span class='ocrx_word' id='word_1_573' title='bbox 1066 4435 1166 4487; x_wconf 80' lang='grc' dir='ltr'><strong>οὐκ</strong></span> <span class='ocrx_word' id='word_1_574' title='bbox 1190 4435 1356 4505; x_wconf 76' lang='grc' dir='ltr'><strong>ᾤοντο</strong></span> <span class='ocrx_word' id='word_1_575' title='bbox 1371 4435 1420 4486; x_wconf 81' lang='lat' dir='ltr'><strong>oi</strong></span> <span class='ocrx_word' id='word_1_576' title='bbox 1438 4433 1578 4487; x_wconf 83' lang='grc' dir='ltr'><strong>Πατὲ</strong></span> <span class='ocrx_word' id='word_1_577' title='bbox 1587 4449 1678 4503; x_wconf 81' lang='grc' dir='ltr'><strong>ρες</strong></span> <span class='ocrx_word' id='word_1_578' title='bbox 1697 4433 1785 4485; x_wconf 75' lang='grc' dir='ltr'><strong>διὰ</strong></span> <span class='ocrx_word' id='word_1_579' title='bbox 1803 4431 1928 4484; x_wconf 83' lang='grc' dir='ltr'><strong>τού-</strong></span> 
     </span>
    </p>
   </div>
   <div class='ocr_carea' id='block_1_76' title="bbox 2015 3329 3588 3402">
    <p class='ocr_par' dir='ltr' id='par_1_76' title="bbox 2015 3329 3588 3402">
     <span class='ocr_line' id='line_1_76' title="bbox 2015 3329 3588 3402; baseline -0.002 -17"><span class='ocrx_word' id='word_1_580' title='bbox 2015 3332 2359 3388; x_wconf 78' lang='lat' dir='ltr'><strong>existimant.</strong></span> <span class='ocrx_word' id='word_1_581' title='bbox 2423 3332 2565 3387; x_wconf 91' lang='lat' dir='ltr'><strong>Sunt</strong></span> <span class='ocrx_word' id='word_1_582' title='bbox 2613 3331 2785 3396; x_wconf 88' lang='lat' dir='ltr'><strong>enim,</strong></span> <span class='ocrx_word' id='word_1_583' title='bbox 2816 3331 2910 3402; x_wconf 90' lang='lat' dir='ltr'><strong>qui</strong></span> <span class='ocrx_word' id='word_1_584' title='bbox 2941 3338 2998 3386; x_wconf 91' lang='lat' dir='ltr'><strong>et</strong></span> <span class='ocrx_word' id='word_1_585' title='bbox 3036 3329 3091 3384; x_wconf 94' lang='lat' dir='ltr'><strong>in</strong></span> <span class='ocrx_word' id='word_1_586' title='bbox 3117 3329 3265 3385; x_wconf 87' lang='lat' dir='ltr'><strong>istud</strong></span> <span class='ocrx_word' id='word_1_587' title='bbox 3295 3329 3588 3398; x_wconf 81' lang='lat' dir='ltr'><strong>impuden-</strong></span> 
     </span>
    </p>
   </div>
   <div class='ocr_carea' id='block_1_77' title="bbox 2018 3420 3495 3493">
    <p class='ocr_par' dir='ltr' id='par_1_77' title="bbox 2018 3420 3495 3493">
     <span class='ocr_line' id='line_1_77' title="bbox 2018 3420 3495 3493; baseline -0.001 -16"><span class='ocrx_word' id='word_1_588' title='bbox 2018 3423 2106 3478; x_wconf 72' lang='lat' dir='ltr'><strong>tiae</strong></span> <span class='ocrx_word' id='word_1_589' title='bbox 2137 3425 2409 3488; x_wconf 86' lang='lat' dir='ltr'><strong>venerint,</strong></span> <span class='ocrx_word' id='word_1_590' title='bbox 2443 3434 2498 3478; x_wconf 92' lang='lat' dir='ltr'><strong>et</strong></span> <span class='ocrx_word' id='word_1_591' title='bbox 2529 3425 2634 3479; x_wconf 89' lang='lat' dir='ltr'><strong>hoc</strong></span> <span class='ocrx_word' id='word_1_592' title='bbox 2667 3423 2878 3479; x_wconf 89' lang='lat' dir='ltr'><strong>Latinis</strong></span> <span class='ocrx_word' id='word_1_593' title='bbox 2906 3436 3189 3493; x_wconf 89' lang='lat' dir='ltr'><strong>opponere</strong></span> <span class='ocrx_word' id='word_1_594' title='bbox 3222 3420 3335 3474; x_wconf 84' lang='lat' dir='ltr'><strong>sint</strong></span> <span class='ocrx_word' id='word_1_595' title='bbox 3355 3421 3495 3475; x_wconf 89' lang='lat' dir='ltr'><strong>ausi.</strong></span> 
     </span>
    </p>
   </div>
   <div class='ocr_carea' id='block_1_78' title="bbox 2090 3512 3584 3583">
    <p class='ocr_par' dir='ltr' id='par_1_78' title="bbox 2090 3512 3584 3583">
     <span class='ocr_line' id='line_1_78' title="bbox 2090 3512 3584 3583; baseline -0.003 -15"><span class='ocrx_word' id='word_1_596' title='bbox 2090 3513 2214 3570; x_wconf 70' lang='lat' dir='ltr'><strong>llam</strong></span> <span class='ocrx_word' id='word_1_597' title='bbox 2239 3516 2383 3570; x_wconf 90' lang='lat' dir='ltr'><strong>enim</strong></span> <span class='ocrx_word' id='word_1_598' title='bbox 2415 3515 2498 3569; x_wconf 83' lang='lat' dir='ltr'><strong>vel</strong></span> <span class='ocrx_word' id='word_1_599' title='bbox 2528 3516 2834 3570; x_wconf 88' lang='lat' dir='ltr'><strong>ludentium</strong></span> <span class='ocrx_word' id='word_1_600' title='bbox 2878 3523 3030 3577; x_wconf 89' lang='lat' dir='ltr'><strong>sunt,</strong></span> <span class='ocrx_word' id='word_1_601' title='bbox 3063 3513 3150 3568; x_wconf 90' lang='lat' dir='ltr'><strong>vel</strong></span> <span class='ocrx_word' id='word_1_602' title='bbox 3190 3512 3584 3583; x_wconf 83' lang='lat' dir='ltr'><strong>ignorantium,</strong></span> 
     </span>
    </p>
   </div>
   <div class='ocr_carea' id='block_1_79' title="bbox 2021 3601 3590 3674">
    <p class='ocr_par' dir='ltr' id='par_1_79' title="bbox 2021 3601 3590 3674">
     <span class='ocr_line' id='line_1_79' title="bbox 2021 3601 3590 3674; baseline -0.003 -14"><span class='ocrx_word' id='word_1_603' title='bbox 2021 3612 2243 3660; x_wconf 85' lang='lat' dir='ltr'><strong>sanctos</strong></span> <span class='ocrx_word' id='word_1_604' title='bbox 2348 3605 2536 3659; x_wconf 84' lang='lat' dir='ltr'><strong>Patres</strong></span> <span class='ocrx_word' id='word_1_605' title='bbox 2615 3613 2780 3674; x_wconf 88' lang='lat' dir='ltr'><strong>atque</strong></span> <span class='ocrx_word' id='word_1_606' title='bbox 2868 3604 3154 3668; x_wconf 88' lang='lat' dir='ltr'><strong>doctores,</strong></span> <span class='ocrx_word' id='word_1_607' title='bbox 3261 3601 3355 3671; x_wconf 90' lang='lat' dir='ltr'><strong>qui</strong></span> <span class='ocrx_word' id='word_1_608' title='bbox 3457 3615 3590 3656; x_wconf 86' lang='lat' dir='ltr'><strong>sane</strong></span> 
     </span>
    </p>
   </div>
   <div class='ocr_carea' id='block_1_80' title="bbox 2021 3694 3593 3767">
    <p class='ocr_par' dir='ltr' id='par_1_80' title="bbox 2021 3694 3593 3767">
     <span class='ocr_line' id='line_1_80' title="bbox 2021 3694 3593 3767; baseline -0.004 -15"><span class='ocrx_word' id='word_1_609' title='bbox 2021 3712 2088 3752; x_wconf 83' lang='lat' dir='ltr'><strong>ex</strong></span> <span class='ocrx_word' id='word_1_610' title='bbox 2166 3697 2420 3752; x_wconf 84' lang='lat' dir='ltr'><strong>humanis</strong></span> <span class='ocrx_word' id='word_1_611' title='bbox 2466 3713 2632 3767; x_wconf 66' lang='lat' dir='ltr'><strong>saepe,</strong></span> <span class='ocrx_word' id='word_1_612' title='bbox 2711 3697 2842 3767; x_wconf 89' lang='lat' dir='ltr'><strong>quid</strong></span> <span class='ocrx_word' id='word_1_613' title='bbox 2912 3699 2966 3750; x_wconf 91' lang='lat' dir='ltr'><strong>in</strong></span> <span class='ocrx_word' id='word_1_614' title='bbox 3039 3694 3246 3749; x_wconf 80' lang='lat' dir='ltr'><strong>divinis</strong></span> <span class='ocrx_word' id='word_1_615' title='bbox 3311 3707 3436 3748; x_wconf 89' lang='lat' dir='ltr'><strong>esse</strong></span> <span class='ocrx_word' id='word_1_616' title='bbox 3503 3706 3593 3746; x_wconf 88' lang='lat' dir='ltr'><strong>so-</strong></span> 
     </span>
    </p>
   </div>
   <div class='ocr_carea' id='block_1_81' title="bbox 2023 3781 3594 3858">
    <p class='ocr_par' dir='ltr' id='par_1_81' title="bbox 2023 3781 3594 3858">
     <span class='ocr_line' id='line_1_81' title="bbox 2023 3781 3594 3858; baseline -0.006 -14"><span class='ocrx_word' id='word_1_617' title='bbox 2023 3791 2152 3854; x_wconf 89' lang='lat' dir='ltr'><strong>leat,</strong></span> <span class='ocrx_word' id='word_1_618' title='bbox 2199 3790 2614 3855; x_wconf 85' lang='lat' dir='ltr'><strong>ratiocinantur,</strong></span> <span class='ocrx_word' id='word_1_619' title='bbox 2671 3798 2728 3845; x_wconf 89' lang='lat' dir='ltr'><strong>et</strong></span> <span class='ocrx_word' id='word_1_620' title='bbox 2749 3805 2816 3844; x_wconf 80' lang='lat' dir='ltr'><strong>ex</strong></span> <span class='ocrx_word' id='word_1_621' title='bbox 2865 3791 2932 3844; x_wconf 87' lang='lat' dir='ltr'><strong>iis</strong></span> <span class='ocrx_word' id='word_1_622' title='bbox 2960 3801 3080 3858; x_wconf 73' lang='lat' dir='ltr'><strong>quae</strong></span> <span class='ocrx_word' id='word_1_623' title='bbox 3104 3785 3189 3842; x_wconf 89' lang='lat' dir='ltr'><strong>vel</strong></span> <span class='ocrx_word' id='word_1_624' title='bbox 3219 3784 3472 3852; x_wconf 80' lang='lat' dir='ltr'><strong>exiguum</strong></span> <span class='ocrx_word' id='word_1_625' title='bbox 3504 3781 3594 3836; x_wconf 84' lang='lat' dir='ltr'><strong>di-</strong></span> 
     </span>
    </p>
   </div>
   <div class='ocr_carea' id='block_1_82' title="bbox 2024 3878 3594 3952">
    <p class='ocr_par' dir='ltr' id='par_1_82' title="bbox 2024 3878 3594 3952">
     <span class='ocr_line' id='line_1_82' title="bbox 2024 3878 3594 3952; baseline -0.006 -15"><span class='ocrx_word' id='word_1_626' title='bbox 2024 3882 2166 3937; x_wconf 62' lang='lat' dir='ltr'><strong>vinae</strong></span> <span class='ocrx_word' id='word_1_627' title='bbox 2217 3881 2597 3938; x_wconf 85' lang='lat' dir='ltr'><strong>similitudinis</strong></span> <span class='ocrx_word' id='word_1_628' title='bbox 2641 3883 2930 3952; x_wconf 76' lang='lat' dir='ltr'><strong>vestigium</strong></span> <span class='ocrx_word' id='word_1_629' title='bbox 2960 3881 3185 3942; x_wconf 86' lang='lat' dir='ltr'><strong>habent.</strong></span> <span class='ocrx_word' id='word_1_630' title='bbox 3222 3878 3314 3933; x_wconf 87' lang='lat' dir='ltr'><strong>illa</strong></span> <span class='ocrx_word' id='word_1_631' title='bbox 3340 3884 3594 3932; x_wconf 87' lang='lat' dir='ltr'><strong>astruunt</strong></span> 
     </span>
    </p>
   </div>
   <div class='ocr_carea' id='block_1_83' title="bbox 2028 3973 3594 4044">
    <p class='ocr_par' dir='ltr' id='par_1_83' title="bbox 2028 3973 3594 4044">
     <span class='ocr_line' id='line_1_83' title="bbox 2028 3973 3594 4044; baseline -0.004 -16"><span class='ocrx_word' id='word_1_632' title='bbox 2028 3983 2196 4044; x_wconf 88' lang='lat' dir='ltr'><strong>atque</strong></span> <span class='ocrx_word' id='word_1_633' title='bbox 2271 3973 2625 4029; x_wconf 77' lang='lat' dir='ltr'><strong>confirmant.</strong></span> <span class='ocrx_word' id='word_1_634' title='bbox 2683 3973 2831 4028; x_wconf 86' lang='lat' dir='ltr'><strong>Sane</strong></span> <span class='ocrx_word' id='word_1_635' title='bbox 2889 3981 3003 4027; x_wconf 88' lang='lat' dir='ltr'><strong>tres</strong></span> <span class='ocrx_word' id='word_1_636' title='bbox 3058 3985 3330 4041; x_wconf 86' lang='lat' dir='ltr'><strong>personas</strong></span> <span class='ocrx_word' id='word_1_637' title='bbox 3387 3977 3594 4029; x_wconf 85' lang='lat' dir='ltr'><strong>mente,</strong></span> 
     </span>
    </p>
   </div>
   <div class='ocr_carea' id='block_1_84' title="bbox 2027 4058 3598 4137">
    <p class='ocr_par' dir='ltr' id='par_1_84' title="bbox 2027 4058 3598 4137">
     <span class='ocr_line' id='line_1_84' title="bbox 2027 4058 3598 4137; baseline -0.005 -15"><span class='ocrx_word' id='word_1_638' title='bbox 2027 4067 2195 4123; x_wconf 86' lang='lat' dir='ltr'><strong>verbo</strong></span> <span class='ocrx_word' id='word_1_639' title='bbox 2224 4077 2280 4124; x_wconf 89' lang='lat' dir='ltr'><strong>et</strong></span> <span class='ocrx_word' id='word_1_640' title='bbox 2308 4066 2533 4137; x_wconf 88' lang='lat' dir='ltr'><strong>spiritu,</strong></span> <span class='ocrx_word' id='word_1_641' title='bbox 2573 4065 2757 4121; x_wconf 85' lang='lat' dir='ltr'><strong>adhuc</strong></span> <span class='ocrx_word' id='word_1_642' title='bbox 2802 4064 2968 4120; x_wconf 88' lang='lat' dir='ltr'><strong>etiam</strong></span> <span class='ocrx_word' id='word_1_643' title='bbox 3011 4063 3196 4124; x_wconf 90' lang='lat' dir='ltr'><strong>oculo,</strong></span> <span class='ocrx_word' id='word_1_644' title='bbox 3227 4061 3379 4117; x_wconf 82' lang='lat' dir='ltr'><strong>fonte</strong></span> <span class='ocrx_word' id='word_1_645' title='bbox 3407 4075 3469 4115; x_wconf 89' lang='lat' dir='ltr'><strong>ac</strong></span> <span class='ocrx_word' id='word_1_646' title='bbox 3497 4058 3598 4114; x_wconf 82' lang='lat' dir='ltr'><strong>llu-</strong></span> 
     </span>
    </p>
   </div>
   <div class='ocr_carea' id='block_1_85' title="bbox 2027 4151 3599 4226">
    <p class='ocr_par' dir='ltr' id='par_1_85' title="bbox 2027 4151 3599 4226">
     <span class='ocr_line' id='line_1_85' title="bbox 2027 4151 3599 4226; baseline -0.006 -11"><span class='ocrx_word' id='word_1_647' title='bbox 2027 4161 2194 4226; x_wconf 90' lang='lat' dir='ltr'><strong>mine,</strong></span> <span class='ocrx_word' id='word_1_648' title='bbox 2234 4168 2290 4215; x_wconf 90' lang='lat' dir='ltr'><strong>et</strong></span> <span class='ocrx_word' id='word_1_649' title='bbox 2337 4175 2533 4214; x_wconf 87' lang='lat' dir='ltr'><strong>rursus</strong></span> <span class='ocrx_word' id='word_1_650' title='bbox 2590 4158 2730 4224; x_wconf 88' lang='lat' dir='ltr'><strong>sole,</strong></span> <span class='ocrx_word' id='word_1_651' title='bbox 2789 4156 2946 4211; x_wconf 87' lang='lat' dir='ltr'><strong>radio</strong></span> <span class='ocrx_word' id='word_1_652' title='bbox 3012 4165 3178 4224; x_wconf 88' lang='lat' dir='ltr'><strong>atque</strong></span> <span class='ocrx_word' id='word_1_653' title='bbox 3217 4154 3430 4208; x_wconf 87' lang='lat' dir='ltr'><strong>lumine</strong></span> <span class='ocrx_word' id='word_1_654' title='bbox 3459 4151 3599 4206; x_wconf 81' lang='lat' dir='ltr'><strong>satis</strong></span> 
     </span>
    </p>
   </div>
   <div class='ocr_carea' id='block_1_86' title="bbox 2027 4243 3594 4320">
    <p class='ocr_par' dir='ltr' id='par_1_86' title="bbox 2027 4243 3594 4320">
     <span class='ocr_line' id='line_1_86' title="bbox 2027 4243 3594 4320; baseline -0.008 -12"><span class='ocrx_word' id='word_1_655' title='bbox 2027 4252 2313 4308; x_wconf 82' lang='lat' dir='ltr'><strong>commode</strong></span> <span class='ocrx_word' id='word_1_656' title='bbox 2374 4250 2637 4320; x_wconf 88' lang='lat' dir='ltr'><strong>consequi</strong></span> <span class='ocrx_word' id='word_1_657' title='bbox 2691 4258 2750 4304; x_wconf 88' lang='lat' dir='ltr'><strong>et</strong></span> <span class='ocrx_word' id='word_1_658' title='bbox 2807 4247 3134 4318; x_wconf 79' lang='lat' dir='ltr'><strong>exprimere</strong></span> <span class='ocrx_word' id='word_1_659' title='bbox 3184 4255 3402 4316; x_wconf 87' lang='lat' dir='ltr'><strong>putant.</strong></span> <span class='ocrx_word' id='word_1_660' title='bbox 3428 4243 3594 4312; x_wconf 82' lang='lat' dir='ltr'><strong>Atqui</strong></span> 
     </span>
    </p>
   </div>
   <div class='ocr_carea' id='block_1_87' title="bbox 2031 4335 3598 4411">
    <p class='ocr_par' dir='ltr' id='par_1_87' title="bbox 2031 4335 3598 4411">
     <span class='ocr_line' id='line_1_87' title="bbox 2031 4335 3598 4411; baseline -0.006 -15"><span class='ocrx_word' id='word_1_661' title='bbox 2031 4341 2465 4411; x_wconf 89' lang='lat' dir='ltr'><strong>unumquodque</strong></span> <span class='ocrx_word' id='word_1_662' title='bbox 2506 4341 2702 4394; x_wconf 89' lang='lat' dir='ltr'><strong>horum</strong></span> <span class='ocrx_word' id='word_1_663' title='bbox 2742 4337 3141 4408; x_wconf 82' lang='lat' dir='ltr'><strong>exemplorum,</strong></span> <span class='ocrx_word' id='word_1_664' title='bbox 3175 4335 3303 4390; x_wconf 88' lang='lat' dir='ltr'><strong>licet</strong></span> <span class='ocrx_word' id='word_1_665' title='bbox 3358 4335 3460 4388; x_wconf 88' lang='lat' dir='ltr'><strong>tria</strong></span> <span class='ocrx_word' id='word_1_666' title='bbox 3487 4335 3598 4388; x_wconf 91' lang='lat' dir='ltr'><strong>sint</strong></span> 
     </span>
    </p>
   </div>
   <div class='ocr_carea' id='block_1_88' title="bbox 2027 4427 3596 4504">
    <p class='ocr_par' dir='ltr' id='par_1_88' title="bbox 2027 4427 3596 4504">
     <span class='ocr_line' id='line_1_88' title="bbox 2027 4427 3596 4504; baseline -0.006 -15"><span class='ocrx_word' id='word_1_667' title='bbox 2027 4433 2359 4504; x_wconf 74' lang='lat' dir='ltr'><strong>cogitatione</strong></span> <span class='ocrx_word' id='word_1_668' title='bbox 2391 4433 2446 4488; x_wconf 92' lang='lat' dir='ltr'><strong>in</strong></span> <span class='ocrx_word' id='word_1_669' title='bbox 2477 4433 2661 4486; x_wconf 90' lang='lat' dir='ltr'><strong>animo</strong></span> <span class='ocrx_word' id='word_1_670' title='bbox 2703 4441 2875 4500; x_wconf 90' lang='lat' dir='ltr'><strong>atque</strong></span> <span class='ocrx_word' id='word_1_671' title='bbox 2935 4429 3180 4492; x_wconf 88' lang='lat' dir='ltr'><strong>nomine,</strong></span> <span class='ocrx_word' id='word_1_672' title='bbox 3214 4427 3380 4482; x_wconf 93' lang='lat' dir='ltr'><strong>unius</strong></span> <span class='ocrx_word' id='word_1_673' title='bbox 3417 4438 3596 4480; x_wconf 85' lang='lat' dir='ltr'><strong>tamen</strong></span> 
     </span>
    </p>
   </div>
   <div class='ocr_carea' id='block_1_89' title="bbox 361 4519 1916 4608">
    <p class='ocr_par' dir='ltr' id='par_1_89' title="bbox 361 4523 1916 4598">
     <span class='ocr_line' id='line_1_89' title="bbox 361 4523 1916 4598; baseline -0.001 -22"><span class='ocrx_word' id='word_1_674' title='bbox 361 4544 470 4578; x_wconf 86' lang='grc' dir='ltr'><strong>των</strong></span> <span class='ocrx_word' id='word_1_675' title='bbox 501 4526 862 4596; x_wconf 80' lang='grc' dir='ltr'><strong>λυμανεῖσθαι</strong></span> <span class='ocrx_word' id='word_1_676' title='bbox 882 4528 979 4598; x_wconf 83' lang='grc' dir='ltr'><strong>τὴν</strong></span> <span class='ocrx_word' id='word_1_677' title='bbox 1001 4527 1368 4598; x_wconf 80' lang='grc' dir='ltr'><strong>προκειμένην</strong></span> <span class='ocrx_word' id='word_1_678' title='bbox 1395 4526 1582 4587; x_wconf 76' lang='grc' dir='ltr'><strong>αὐτοῖς</strong></span> <span class='ocrx_word' id='word_1_679' title='bbox 1623 4523 1884 4594; x_wconf 76' lang='grc' dir='ltr'><strong>ἀλήθειαν</strong></span> <span class='ocrx_word' id='word_1_680' title='bbox 1904 4538 1916 4555; x_wconf 92' lang='grc'><strong>·</strong></span> 
     </span>
    </p>
   </div>
   <div class='ocr_carea' id='block_1_90' title="bbox 2026 4519 3593 4608">
    <p class='ocr_par' dir='ltr' id='par_1_90' title="bbox 2028 4519 3593 4594">
     <span class='ocr_line' id='line_1_90' title="bbox 2028 4519 3593 4594; baseline -0.006 -12"><span class='ocrx_word' id='word_1_681' title='bbox 2028 4534 2161 4582; x_wconf 86' lang='lat' dir='ltr'><strong>sunt</strong></span> <span class='ocrx_word' id='word_1_682' title='bbox 2199 4525 2558 4594; x_wconf 85' lang='lat' dir='ltr'><strong>hypostaseos</strong></span> <span class='ocrx_word' id='word_1_683' title='bbox 2594 4529 2652 4576; x_wconf 90' lang='lat' dir='ltr'><strong>et</strong></span> <span class='ocrx_word' id='word_1_684' title='bbox 2696 4519 2992 4590; x_wconf 85' lang='lat' dir='ltr'><strong>suppositi.</strong></span> <span class='ocrx_word' id='word_1_685' title='bbox 3029 4519 3228 4572; x_wconf 86' lang='lat' dir='ltr'><strong>Verum</strong></span> <span class='ocrx_word' id='word_1_686' title='bbox 3261 4527 3448 4573; x_wconf 87' lang='lat' dir='ltr'><strong>tamen</strong></span> <span class='ocrx_word' id='word_1_687' title='bbox 3481 4535 3593 4572; x_wconf 89' lang='lat' dir='ltr'><strong>non</strong></span> 
     </span>
    </p>
   </div>
   <div class='ocr_carea' id='block_1_91' title="bbox 365 4615 1924 4689">
    <p class='ocr_par' dir='ltr' id='par_1_91' title="bbox 365 4615 1924 4689">
     <span class='ocr_line' id='line_1_91' title="bbox 365 4615 1924 4689; baseline -0.004 -17"><span class='ocrx_word' id='word_1_688' title='bbox 365 4618 484 4672; x_wconf 79' lang='grc' dir='ltr'><strong>ἀλλ’</strong></span> <span class='ocrx_word' id='word_1_689' title='bbox 507 4620 632 4671; x_wconf 73' lang='grc' dir='ltr'><strong>ὅσον</strong></span> <span class='ocrx_word' id='word_1_690' title='bbox 664 4619 844 4672; x_wconf 75' lang='grc' dir='ltr'><strong>αὐτῶν</strong></span> <span class='ocrx_word' id='word_1_691' title='bbox 870 4617 948 4689; x_wconf 84' lang='grc' dir='ltr'><strong>τῷ</strong></span> <span class='ocrx_word' id='word_1_692' title='bbox 979 4618 1168 4686; x_wconf 80' lang='grc' dir='ltr'><strong>σκοπῷ</strong></span> <span class='ocrx_word' id='word_1_693' title='bbox 1193 4616 1504 4688; x_wconf 70' lang='grc' dir='ltr'><strong>ιφαρμόζον</strong></span> <span class='ocrx_word' id='word_1_694' title='bbox 1534 4615 1924 4683; x_wconf 75' lang='grc' dir='ltr'><strong>λαμϐάνοντες,</strong></span> 
     </span>
    </p>
   </div>
   <div class='ocr_carea' id='block_1_92' title="bbox 365 4706 1933 4783">
    <p class='ocr_par' dir='ltr' id='par_1_92' title="bbox 365 4706 1933 4783">
     <span class='ocr_line' id='line_1_92' title="bbox 365 4706 1933 4783; baseline -0.003 -20"><span class='ocrx_word' id='word_1_695' title='bbox 365 4714 426 4765; x_wconf 79' lang='grc' dir='ltr'><strong>τὸ</strong></span> <span class='ocrx_word' id='word_1_696' title='bbox 456 4712 644 4766; x_wconf 80' lang='grc' dir='ltr'><strong>λοιπόν</strong></span> <span class='ocrx_word' id='word_1_697' title='bbox 671 4729 730 4783; x_wconf 81' lang='grc' dir='ltr'><strong>τε</strong></span> <span class='ocrx_word' id='word_1_698' title='bbox 761 4715 860 4766; x_wconf 75' lang='grc' dir='ltr'><strong>καὶ</strong></span> <span class='ocrx_word' id='word_1_699' title='bbox 887 4713 1231 4781; x_wconf 80' lang='grc' dir='ltr'><strong>ἀπεμφαίνον</strong></span> <span class='ocrx_word' id='word_1_700' title='bbox 1257 4708 1609 4764; x_wconf 79' lang='grc' dir='ltr'><strong>άπεωθοῦντο</strong></span> <span class='ocrx_word' id='word_1_701' title='bbox 1633 4724 1648 4740; x_wconf 79' lang='grc' dir='ltr'><strong><em>ο</em></strong></span> <span class='ocrx_word' id='word_1_702' title='bbox 1703 4707 1800 4761; x_wconf 79' lang='grc' dir='ltr'><strong>καὶ</strong></span> <span class='ocrx_word' id='word_1_703' title='bbox 1840 4706 1933 4760; x_wconf 83' lang='grc' dir='ltr'><strong>οὐ-</strong></span> 
     </span>
    </p>
   </div>
   <div class='ocr_carea' id='block_1_93' title="bbox 365 4798 1930 4872">
    <p class='ocr_par' dir='ltr' id='par_1_93' title="bbox 365 4798 1930 4872">
     <span class='ocr_line' id='line_1_93' title="bbox 365 4798 1930 4872; baseline -0.003 -18"><span class='ocrx_word' id='word_1_704' title='bbox 365 4803 476 4865; x_wconf 75' lang='grc' dir='ltr'><strong>δεὶς</strong></span> <span class='ocrx_word' id='word_1_705' title='bbox 513 4803 696 4865; x_wconf 79' lang='grc' dir='ltr'><strong>αὐτοῖς</strong></span> <span class='ocrx_word' id='word_1_706' title='bbox 735 4800 846 4872; x_wconf 62' lang='grc' dir='ltr'><strong>(ᾧτ’</strong></span> <span class='ocrx_word' id='word_1_707' title='bbox 899 4801 1259 4871; x_wconf 65' lang='grc' dir='ltr'><strong>ἐγκέκληκεν,</strong></span> <span class='ocrx_word' id='word_1_708' title='bbox 1313 4798 1428 4853; x_wconf 75' lang='grc' dir='ltr'><strong>οὔτ’</strong></span> <span class='ocrx_word' id='word_1_709' title='bbox 1465 4799 1837 4868; x_wconf 64' lang='grc' dir='ltr'><strong>ἐγκαλέσειεν,</strong></span> <span class='ocrx_word' id='word_1_710' title='bbox 1869 4799 1930 4850; x_wconf 87' lang='grc' dir='ltr'><strong>οὑ</strong></span> 
     </span>
    </p>
   </div>
   <div class='ocr_carea' id='block_1_94' title="bbox 365 4891 1932 4964">
    <p class='ocr_par' dir='ltr' id='par_1_94' title="bbox 365 4891 1932 4964">
     <span class='ocr_line' id='line_1_94' title="bbox 365 4891 1932 4964; baseline -0.001 -18"><span class='ocrx_word' id='word_1_711' title='bbox 365 4895 558 4964; x_wconf 76' lang='grc' dir='ltr'><strong>κύριος</strong></span> <span class='ocrx_word' id='word_1_712' title='bbox 587 4893 664 4946; x_wconf 82' lang='grc' dir='ltr'><strong>ὢν</strong></span> <span class='ocrx_word' id='word_1_713' title='bbox 695 4894 931 4963; x_wconf 70' lang='grc' dir='ltr'><strong>φρενῶν,</strong></span> <span class='ocrx_word' id='word_1_714' title='bbox 958 4892 1058 4963; x_wconf 75' lang='grc' dir='ltr'><strong>τῆς</strong></span> <span class='ocrx_word' id='word_1_715' title='bbox 1092 4895 1298 4948; x_wconf 77' lang='grc' dir='ltr'><strong>τούτων</strong></span> <span class='ocrx_word' id='word_1_716' title='bbox 1331 4891 1441 4948; x_wconf 75' lang='grc' dir='ltr'><strong>τῶν</strong></span> <span class='ocrx_word' id='word_1_717' title='bbox 1466 4891 1932 4964; x_wconf 83' lang='grc' dir='ltr'><strong>παραδειγμάτων</strong></span> 
     </span>
    </p>
   </div>
   <div class='ocr_carea' id='block_1_95' title="bbox 365 4987 828 5059">
    <p class='ocr_par' dir='ltr' id='par_1_95' title="bbox 365 4987 828 5059">
     <span class='ocr_line' id='line_1_95' title="bbox 365 4987 828 5059; baseline 0.004 -19"><span class='ocrx_word' id='word_1_718' title='bbox 365 4989 616 5059; x_wconf 76' lang='grc' dir='ltr'><strong>χρήσεως</strong></span> <span class='ocrx_word' id='word_1_719' title='bbox 647 4987 828 5042; x_wconf 68' lang='grc' dir='ltr'><strong>ἕνεκα.</strong></span> 
     </span>
    </p>
   </div>
   <div class='ocr_carea' id='block_1_96' title="bbox 444 5163 1935 5236">
    <p class='ocr_par' dir='ltr' id='par_1_96' title="bbox 444 5163 1935 5236">
     <span class='ocr_line' id='line_1_96' title="bbox 444 5163 1935 5236; baseline 0 -14"><span class='ocrx_word' id='word_1_720' title='bbox 444 5170 565 5232; x_wconf 80' lang='grc' dir='ltr'><strong>Πῶς</strong></span> <span class='ocrx_word' id='word_1_721' title='bbox 599 5166 698 5223; x_wconf 73' lang='grc' dir='ltr'><strong>οὖν</strong></span> <span class='ocrx_word' id='word_1_722' title='bbox 730 5163 797 5223; x_wconf 78' lang='grc' dir='ltr'><strong>αὖ</strong></span> <span class='ocrx_word' id='word_1_723' title='bbox 821 5185 907 5233; x_wconf 88' lang='grc' dir='ltr'><strong>τις</strong></span> <span class='ocrx_word' id='word_1_724' title='bbox 955 5169 1180 5231; x_wconf 86' lang='grc' dir='ltr'><strong>δικαίως</strong></span> <span class='ocrx_word' id='word_1_725' title='bbox 1215 5168 1534 5236; x_wconf 71' lang='grc' dir='ltr'><strong>ἐγκαλέσειε</strong></span> <span class='ocrx_word' id='word_1_726' title='bbox 1577 5169 1828 5234; x_wconf 78' lang='grc' dir='ltr'><strong>Λατίνοις</strong></span> <span class='ocrx_word' id='word_1_727' title='bbox 1855 5170 1935 5233; x_wconf 79' lang='grc' dir='ltr'><strong>εἰς</strong></span> 
     </span>
    </p>
   </div>
   <div class='ocr_carea' id='block_1_97' title="bbox 365 5257 1935 5332">
    <p class='ocr_par' dir='ltr' id='par_1_97' title="bbox 365 5257 1935 5332">
     <span class='ocr_line' id='line_1_97' title="bbox 365 5257 1935 5332; baseline -0.001 -17"><span class='ocrx_word' id='word_1_728' title='bbox 365 5263 429 5315; x_wconf 68' lang='grc' dir='ltr'><strong>τὸ</strong></span> <span class='ocrx_word' id='word_1_729' title='bbox 455 5262 626 5326; x_wconf 75' lang='grc' dir='ltr'><strong>δείξαι</strong></span> <span class='ocrx_word' id='word_1_730' title='bbox 659 5261 786 5332; x_wconf 88' lang='grc' dir='ltr'><strong>μίαν</strong></span> <span class='ocrx_word' id='word_1_731' title='bbox 817 5263 912 5316; x_wconf 80' lang='grc' dir='ltr'><strong>καὶ</strong></span> <span class='ocrx_word' id='word_1_732' title='bbox 927 5261 1025 5331; x_wconf 75' lang='grc' dir='ltr'><strong>τὴν</strong></span> <span class='ocrx_word' id='word_1_733' title='bbox 1055 5260 1226 5331; x_wconf 77' lang='grc' dir='ltr'><strong>αὐτὴν</strong></span> <span class='ocrx_word' id='word_1_734' title='bbox 1254 5257 1472 5331; x_wconf 83' lang='grc' dir='ltr'><strong>ἀριθμῷ</strong></span> <span class='ocrx_word' id='word_1_735' title='bbox 1504 5260 1601 5330; x_wconf 71' lang='grc' dir='ltr'><strong>τὴν</strong></span> <span class='ocrx_word' id='word_1_736' title='bbox 1630 5261 1695 5313; x_wconf 75' lang='grc' dir='ltr'><strong>ἐκ</strong></span> <span class='ocrx_word' id='word_1_737' title='bbox 1723 5260 1935 5329; x_wconf 82' lang='grc' dir='ltr'><strong>Πατρδς</strong></span> 
     </span>
    </p>
   </div>
   <div class='ocr_carea' id='block_1_98' title="bbox 368 5351 1935 5425">
    <p class='ocr_par' dir='ltr' id='par_1_98' title="bbox 368 5351 1935 5425">
     <span class='ocr_line' id='line_1_98' title="bbox 368 5351 1935 5425; baseline -0.004 -16"><span class='ocrx_word' id='word_1_738' title='bbox 368 5358 465 5410; x_wconf 78' lang='grc' dir='ltr'><strong>καὶ</strong></span> <span class='ocrx_word' id='word_1_739' title='bbox 495 5356 624 5408; x_wconf 86' lang='grc' dir='ltr'><strong>Υίοῦ</strong></span> <span class='ocrx_word' id='word_1_740' title='bbox 647 5355 740 5408; x_wconf 77' lang='grc' dir='ltr'><strong>τοῦ</strong></span> <span class='ocrx_word' id='word_1_741' title='bbox 765 5354 1076 5425; x_wconf 74' lang='grc' dir='ltr'><strong>Πνεύματος</strong></span> <span class='ocrx_word' id='word_1_742' title='bbox 1101 5353 1346 5423; x_wconf 85' lang='grc' dir='ltr'><strong>πρόοδον,</strong></span> <span class='ocrx_word' id='word_1_743' title='bbox 1376 5352 1678 5424; x_wconf 77' lang='grc' dir='ltr'><strong>χρωμένοις</strong></span> <span class='ocrx_word' id='word_1_744' title='bbox 1706 5354 1772 5422; x_wconf 76' lang='grc' dir='ltr'><strong>τῇ</strong></span> <span class='ocrx_word' id='word_1_745' title='bbox 1799 5351 1935 5420; x_wconf 70' lang='grc' dir='ltr'><strong>πρὸς</strong></span> 
     </span>
    </p>
   </div>
   <div class='ocr_carea' id='block_1_99' title="bbox 367 5444 1930 5518">
    <p class='ocr_par' dir='ltr' id='par_1_99' title="bbox 367 5444 1930 5518">
     <span class='ocr_line' id='line_1_99' title="bbox 367 5444 1930 5518; baseline -0.013 -6"><span class='ocrx_word' id='word_1_746' title='bbox 367 5451 474 5516; x_wconf 74' lang='grc' dir='ltr'><strong>τῆς</strong></span> <span class='ocrx_word' id='word_1_747' title='bbox 498 5448 727 5515; x_wconf 70' lang='grc' dir='ltr'><strong>Τριόδος</strong></span> <span class='ocrx_word' id='word_1_748' title='bbox 754 5447 852 5518; x_wconf 77' lang='grc' dir='ltr'><strong>μιᾷ</strong></span> <span class='ocrx_word' id='word_1_749' title='bbox 874 5448 967 5499; x_wconf 83' lang='grc' dir='ltr'><strong>καί</strong></span> <span class='ocrx_word' id='word_1_750' title='bbox 988 5448 1052 5516; x_wconf 81' lang='grc' dir='ltr'><strong>τῇ</strong></span> <span class='ocrx_word' id='word_1_751' title='bbox 1077 5446 1212 5516; x_wconf 75' lang='grc' dir='ltr'><strong>αὐτῇ</strong></span> <span class='ocrx_word' id='word_1_752' title='bbox 1234 5447 1341 5498; x_wconf 80' lang='grc' dir='ltr'><strong>τῶν</strong></span> <span class='ocrx_word' id='word_1_753' title='bbox 1367 5445 1536 5497; x_wconf 75' lang='grc' dir='ltr'><strong>ὄντων</strong></span> <span class='ocrx_word' id='word_1_754' title='bbox 1561 5444 1892 5516; x_wconf 69' lang='grc' dir='ltr'><strong>δημιουργίᾳ</strong></span> <span class='ocrx_word' id='word_1_755' title='bbox 1919 5462 1930 5508; x_wconf 88' lang='grc'>;</span> 
     </span>
    </p>
   </div>
   <div class='ocr_carea' id='block_1_100' title="bbox 372 5537 1936 5608">
    <p class='ocr_par' dir='ltr' id='par_1_100' title="bbox 372 5537 1936 5608">
     <span class='ocr_line' id='line_1_100' title="bbox 372 5537 1936 5608; baseline -0.004 -14"><span class='ocrx_word' id='word_1_756' title='bbox 372 5543 446 5594; x_wconf 69' lang='lat' dir='ltr'><strong>&quot;il</strong></span> <span class='ocrx_word' id='word_1_757' title='bbox 475 5543 592 5604; x_wconf 81' lang='grc' dir='ltr'><strong>πῶς</strong></span> <span class='ocrx_word' id='word_1_758' title='bbox 628 5541 691 5594; x_wconf 80' lang='grc' dir='ltr'><strong>ἄν</strong></span> <span class='ocrx_word' id='word_1_759' title='bbox 721 5557 804 5602; x_wconf 87' lang='grc' dir='ltr'><strong>τις</strong></span> <span class='ocrx_word' id='word_1_760' title='bbox 837 5540 927 5592; x_wconf 67' lang='grc' dir='ltr'><strong>δια</strong></span> <span class='ocrx_word' id='word_1_761' title='bbox 952 5539 1126 5592; x_wconf 74' lang='grc' dir='ltr'><strong>ταῦτα</strong></span> <span class='ocrx_word' id='word_1_762' title='bbox 1169 5537 1493 5608; x_wconf 83' lang='grc' dir='ltr'><strong>τολμήσειεν</strong></span> <span class='ocrx_word' id='word_1_763' title='bbox 1523 5537 1719 5599; x_wconf 80' lang='grc' dir='ltr'><strong>αὐτοὺς</strong></span> <span class='ocrx_word' id='word_1_764' title='bbox 1750 5537 1936 5604; x_wconf 76' lang='grc' dir='ltr'><strong>λέγειν</strong></span> 
     </span>
    </p>
   </div>
   <div class='ocr_carea' id='block_1_101' title="bbox 369 5627 1932 5702">
    <p class='ocr_par' dir='ltr' id='par_1_101' title="bbox 369 5627 1932 5702">
     <span class='ocr_line' id='line_1_101' title="bbox 369 5627 1932 5702; baseline -0.001 -19"><span class='ocrx_word' id='word_1_765' title='bbox 369 5631 511 5702; x_wconf 75' lang='grc' dir='ltr'><strong>μετὰ</strong></span> <span class='ocrx_word' id='word_1_766' title='bbox 539 5633 635 5700; x_wconf 79' lang='grc' dir='ltr'><strong>τῆς</strong></span> <span class='ocrx_word' id='word_1_767' title='bbox 669 5633 899 5692; x_wconf 84' lang='grc' dir='ltr'><strong>κτίσεως</strong></span> <span class='ocrx_word' id='word_1_768' title='bbox 932 5631 990 5682; x_wconf 76' lang='grc' dir='ltr'><strong>τὸ</strong></span> <span class='ocrx_word' id='word_1_769' title='bbox 1034 5629 1258 5695; x_wconf 78' lang='grc' dir='ltr'><strong>Πνεῦμα</strong></span> <span class='ocrx_word' id='word_1_770' title='bbox 1292 5628 1606 5682; x_wconf 81' lang='grc' dir='ltr'><strong>συντάττειν</strong></span> <span class='ocrx_word' id='word_1_771' title='bbox 1653 5629 1711 5681; x_wconf 80' lang='grc' dir='ltr'><strong>τὸ</strong></span> <span class='ocrx_word' id='word_1_772' title='bbox 1736 5627 1932 5696; x_wconf 71' lang='grc' dir='ltr'><strong>ἄγιονς</strong></span> 
     </span>
    </p>
   </div>
   <div class='ocr_carea' id='block_1_102' title="bbox 369 5719 1933 5784">
    <p class='ocr_par' dir='ltr' id='par_1_102' title="bbox 369 5719 1933 5784">
     <span class='ocr_line' id='line_1_102' title="bbox 369 5719 1933 5784; baseline -0.003 -8"><span class='ocrx_word' id='word_1_773' title='bbox 369 5729 467 5776; x_wconf 63' lang='grc' dir='ltr'><strong>καὶ</strong></span> <span class='ocrx_word' id='word_1_774' title='bbox 499 5724 674 5776; x_wconf 79' lang='grc' dir='ltr'><strong>ταῦτα</strong></span> <span class='ocrx_word' id='word_1_775' title='bbox 712 5724 927 5784; x_wconf 69' lang='grc' dir='ltr'><strong>οὐδενὸς</strong></span> <span class='ocrx_word' id='word_1_776' title='bbox 967 5721 1074 5774; x_wconf 83' lang='grc' dir='ltr'><strong>τῶν</strong></span> <span class='ocrx_word' id='word_1_777' title='bbox 1114 5722 1206 5774; x_wconf 79' lang='grc' dir='ltr'><strong>νῦν</strong></span> <span class='ocrx_word' id='word_1_778' title='bbox 1265 5721 1434 5773; x_wconf 72' lang='grc' dir='ltr'><strong>ὄντων</strong></span> <span class='ocrx_word' id='word_1_779' title='bbox 1490 5723 1754 5783; x_wconf 82' lang='grc' dir='ltr'><strong>Λατίνων,</strong></span> <span class='ocrx_word' id='word_1_780' title='bbox 1814 5719 1933 5773; x_wconf 80' lang='grc' dir='ltr'><strong>οὐδὲ</strong></span> 
     </span>
    </p>
   </div>
   <div class='ocr_carea' id='block_1_103' title="bbox 371 5812 1931 5885">
    <p class='ocr_par' dir='ltr' id='par_1_103' title="bbox 371 5812 1931 5885">
     <span class='ocr_line' id='line_1_103' title="bbox 371 5812 1931 5885; baseline -0.003 -16"><span class='ocrx_word' id='word_1_781' title='bbox 371 5815 480 5870; x_wconf 72' lang='grc' dir='ltr'><strong>τῶν</strong></span> <span class='ocrx_word' id='word_1_782' title='bbox 512 5815 652 5885; x_wconf 75' lang='grc' dir='ltr'><strong>μετᾶ</strong></span> <span class='ocrx_word' id='word_1_783' title='bbox 683 5815 777 5883; x_wconf 78' lang='grc' dir='ltr'><strong>τὴν</strong></span> <span class='ocrx_word' id='word_1_784' title='bbox 807 5815 834 5864; x_wconf 87' lang='grc' dir='ltr'><strong>δ</strong></span> <span class='ocrx_word' id='word_1_785' title='bbox 865 5815 1092 5884; x_wconf 73' lang='grc' dir='ltr'><strong>αἰρεσιν,</strong></span> <span class='ocrx_word' id='word_1_786' title='bbox 1137 5815 1228 5864; x_wconf 66' lang='grc' dir='ltr'><strong>καὶ</strong></span> <span class='ocrx_word' id='word_1_787' title='bbox 1271 5813 1330 5865; x_wconf 75' lang='grc' dir='ltr'><strong>τὸ</strong></span> <span class='ocrx_word' id='word_1_788' title='bbox 1355 5812 1723 5882; x_wconf 77' lang='grc' dir='ltr'><strong>ἀποτρόπαιον</strong></span> <span class='ocrx_word' id='word_1_789' title='bbox 1751 5814 1931 5864; x_wconf 62' lang='lat' dir='ltr'><strong>lysi-10</strong></span> 
     </span>
    </p>
   </div>
   <div class='ocr_carea' id='block_1_104' title="bbox 2034 4610 3596 4680">
    <p class='ocr_par' dir='ltr' id='par_1_104' title="bbox 2034 4610 3596 4680">
     <span class='ocr_line' id='line_1_104' title="bbox 2034 4610 3596 4680; baseline -0.005 -8"><span class='ocrx_word' id='word_1_790' title='bbox 2034 4616 2289 4672; x_wconf 85' lang='lat' dir='ltr'><strong>arbitrati</strong></span> <span class='ocrx_word' id='word_1_791' title='bbox 2343 4624 2473 4669; x_wconf 89' lang='lat' dir='ltr'><strong>sunt</strong></span> <span class='ocrx_word' id='word_1_792' title='bbox 2524 4613 2712 4668; x_wconf 83' lang='lat' dir='ltr'><strong>Patres</strong></span> <span class='ocrx_word' id='word_1_793' title='bbox 2785 4613 2936 4667; x_wconf 85' lang='lat' dir='ltr'><strong>hisce</strong></span> <span class='ocrx_word' id='word_1_794' title='bbox 2989 4610 3256 4680; x_wconf 81' lang='lat' dir='ltr'><strong>exemplis</strong></span> <span class='ocrx_word' id='word_1_795' title='bbox 3303 4611 3596 4666; x_wconf 87' lang='lat' dir='ltr'><strong>veritatem</strong></span> 
     </span>
    </p>
   </div>
   <div class='ocr_carea' id='block_1_105' title="bbox 2034 4701 3600 4777">
    <p class='ocr_par' dir='ltr' id='par_1_105' title="bbox 2034 4701 3600 4777">
     <span class='ocr_line' id='line_1_105' title="bbox 2034 4701 3600 4777; baseline -0.005 -15"><span class='ocrx_word' id='word_1_796' title='bbox 2034 4704 2141 4762; x_wconf 84' lang='lat' dir='ltr'><strong>sibi</strong></span> <span class='ocrx_word' id='word_1_797' title='bbox 2189 4705 2527 4777; x_wconf 89' lang='lat' dir='ltr'><strong>propositam</strong></span> <span class='ocrx_word' id='word_1_798' title='bbox 2583 4702 2906 4758; x_wconf 77' lang='lat' dir='ltr'><strong>labefactari</strong></span> <span class='ocrx_word' id='word_1_799' title='bbox 2939 4721 2952 4755; x_wconf 91' lang='lat'><strong>:</strong></span> <span class='ocrx_word' id='word_1_800' title='bbox 2982 4701 3079 4758; x_wconf 88' lang='lat' dir='ltr'><strong>sed</strong></span> <span class='ocrx_word' id='word_1_801' title='bbox 3114 4711 3381 4771; x_wconf 88' lang='lat' dir='ltr'><strong>quantum</strong></span> <span class='ocrx_word' id='word_1_802' title='bbox 3409 4718 3600 4757; x_wconf 86' lang='lat' dir='ltr'><strong>eorum</strong></span> 
     </span>
    </p>
   </div>
   <div class='ocr_carea' id='block_1_106' title="bbox 2034 4789 3600 4867">
    <p class='ocr_par' dir='ltr' id='par_1_106' title="bbox 2034 4789 3600 4867">
     <span class='ocr_line' id='line_1_106' title="bbox 2034 4789 3600 4867; baseline -0.005 -14"><span class='ocrx_word' id='word_1_803' title='bbox 2034 4813 2201 4867; x_wconf 89' lang='lat' dir='ltr'><strong>sc0po</strong></span> <span class='ocrx_word' id='word_1_804' title='bbox 2229 4811 2538 4867; x_wconf 78' lang='lat' dir='ltr'><strong>congruens</strong></span> <span class='ocrx_word' id='word_1_805' title='bbox 2560 4804 2676 4850; x_wconf 91' lang='lat' dir='ltr'><strong>erat</strong></span> <span class='ocrx_word' id='word_1_806' title='bbox 2723 4805 3037 4856; x_wconf 87' lang='lat' dir='ltr'><strong>sumentes,</strong></span> <span class='ocrx_word' id='word_1_807' title='bbox 3072 4789 3371 4863; x_wconf 80' lang='lat' dir='ltr'><strong>reliquum,</strong></span> <span class='ocrx_word' id='word_1_808' title='bbox 3404 4802 3459 4848; x_wconf 89' lang='lat' dir='ltr'><strong>et</strong></span> <span class='ocrx_word' id='word_1_809' title='bbox 3491 4808 3600 4846; x_wconf 90' lang='lat' dir='ltr'><strong>non</strong></span> 
     </span>
    </p>
   </div>
   <div class='ocr_carea' id='block_1_107' title="bbox 2036 4884 3601 4958">
    <p class='ocr_par' dir='ltr' id='par_1_107' title="bbox 2036 4884 3601 4958">
     <span class='ocr_line' id='line_1_107' title="bbox 2036 4884 3601 4958; baseline -0.004 -14"><span class='ocrx_word' id='word_1_810' title='bbox 2036 4890 2341 4952; x_wconf 64' lang='lat' dir='ltr'><strong>cohaerens,</strong></span> <span class='ocrx_word' id='word_1_811' title='bbox 2415 4887 2763 4958; x_wconf 62' lang='lat' dir='ltr'><strong>rc&#39;jiciebant.</strong></span> <span class='ocrx_word' id='word_1_812' title='bbox 2825 4884 2891 4941; x_wconf 89' lang='lat' dir='ltr'><strong>Et</strong></span> <span class='ocrx_word' id='word_1_813' title='bbox 2953 4899 3114 4941; x_wconf 88' lang='lat' dir='ltr'><strong>nemo</strong></span> <span class='ocrx_word' id='word_1_814' title='bbox 3159 4885 3215 4941; x_wconf 89' lang='lat' dir='ltr'><strong>id</strong></span> <span class='ocrx_word' id='word_1_815' title='bbox 3257 4884 3412 4955; x_wconf 88' lang='lat' dir='ltr'><strong>ipsis,</strong></span> <span class='ocrx_word' id='word_1_816' title='bbox 3453 4885 3601 4954; x_wconf 87' lang='lat' dir='ltr'><strong>quod</strong></span> 
     </span>
    </p>
   </div>
   <div class='ocr_carea' id='block_1_108' title="bbox 2037 4977 3599 5048">
    <p class='ocr_par' dir='ltr' id='par_1_108' title="bbox 2037 4977 3599 5048">
     <span class='ocr_line' id='line_1_108' title="bbox 2037 4977 3599 5048; baseline -0.003 -14"><span class='ocrx_word' id='word_1_817' title='bbox 2037 4978 2155 5034; x_wconf 88' lang='lat' dir='ltr'><strong>istis</strong></span> <span class='ocrx_word' id='word_1_818' title='bbox 2173 4977 2440 5048; x_wconf 81' lang='lat' dir='ltr'><strong>exemplis</strong></span> <span class='ocrx_word' id='word_1_819' title='bbox 2473 4979 2555 5033; x_wconf 88' lang='lat' dir='ltr'><strong>usi</strong></span> <span class='ocrx_word' id='word_1_820' title='bbox 2591 4977 2820 5042; x_wconf 81' lang='lat' dir='ltr'><strong>fuerint,</strong></span> <span class='ocrx_word' id='word_1_821' title='bbox 2872 4977 3006 5031; x_wconf 74' lang='lat' dir='ltr'><strong>vitio</strong></span> <span class='ocrx_word' id='word_1_822' title='bbox 3041 4977 3228 5042; x_wconf 86' lang='lat' dir='ltr'><strong>vertit,</strong></span> <span class='ocrx_word' id='word_1_823' title='bbox 3260 4991 3440 5046; x_wconf 89' lang='lat' dir='ltr'><strong>neque</strong></span> <span class='ocrx_word' id='word_1_824' title='bbox 3471 4991 3599 5030; x_wconf 90' lang='lat' dir='ltr'><strong>ver-</strong></span> 
     </span>
    </p>
   </div>
   <div class='ocr_carea' id='block_1_109' title="bbox 2040 5067 3200 5139">
    <p class='ocr_par' dir='ltr' id='par_1_109' title="bbox 2040 5067 3200 5139">
     <span class='ocr_line' id='line_1_109' title="bbox 2040 5067 3200 5139; baseline -0.003 -16"><span class='ocrx_word' id='word_1_825' title='bbox 2040 5078 2200 5135; x_wconf 88' lang='lat' dir='ltr'><strong>teret,</strong></span> <span class='ocrx_word' id='word_1_826' title='bbox 2232 5086 2340 5125; x_wconf 91' lang='lat' dir='ltr'><strong>non</strong></span> <span class='ocrx_word' id='word_1_827' title='bbox 2367 5069 2614 5139; x_wconf 78' lang='lat' dir='ltr'><strong>profecto</strong></span> <span class='ocrx_word' id='word_1_828' title='bbox 2654 5069 2698 5123; x_wconf 92' lang='lat' dir='ltr'><strong>si</strong></span> <span class='ocrx_word' id='word_1_829' title='bbox 2739 5081 2870 5122; x_wconf 88' lang='lat' dir='ltr'><strong>sana</strong></span> <span class='ocrx_word' id='word_1_830' title='bbox 2895 5076 3078 5122; x_wconf 88' lang='lat' dir='ltr'><strong>mente</strong></span> <span class='ocrx_word' id='word_1_831' title='bbox 3101 5067 3200 5124; x_wconf 84' lang='lat' dir='ltr'><strong>sit.</strong></span> 
     </span>
    </p>
   </div>
   <div class='ocr_carea' id='block_1_110' title="bbox 2107 5159 3618 5232">
    <p class='ocr_par' dir='ltr' id='par_1_110' title="bbox 2107 5159 3618 5232">
     <span class='ocr_line' id='line_1_110' title="bbox 2107 5159 3618 5232; baseline -0.001 -17"><span class='ocrx_word' id='word_1_832' title='bbox 2107 5161 2225 5228; x_wconf 84' lang='lat' dir='ltr'><strong>Quo</strong></span> <span class='ocrx_word' id='word_1_833' title='bbox 2271 5177 2403 5232; x_wconf 76' lang='lat' dir='ltr'><strong>ergo</strong></span> <span class='ocrx_word' id='word_1_834' title='bbox 2460 5171 2620 5231; x_wconf 81' lang='lat' dir='ltr'><strong>pacto</strong></span> <span class='ocrx_word' id='word_1_835' title='bbox 2681 5160 2880 5215; x_wconf 90' lang='lat' dir='ltr'><strong>merito</strong></span> <span class='ocrx_word' id='word_1_836' title='bbox 2907 5159 3110 5229; x_wconf 90' lang='lat' dir='ltr'><strong>aliquis</strong></span> <span class='ocrx_word' id='word_1_837' title='bbox 3141 5160 3422 5224; x_wconf 80' lang='lat' dir='ltr'><strong>accusabit</strong></span> <span class='ocrx_word' id='word_1_838' title='bbox 3456 5159 3618 5214; x_wconf 56' lang='grc' dir='ltr'><strong>ιλιι-.</strong></span> 
     </span>
    </p>
   </div>
   <div class='ocr_carea' id='block_1_111' title="bbox 2038 5251 3604 5326">
    <p class='ocr_par' dir='ltr' id='par_1_111' title="bbox 2038 5251 3604 5326">
     <span class='ocr_line' id='line_1_111' title="bbox 2038 5251 3604 5326; baseline -0.002 -17"><span class='ocrx_word' id='word_1_839' title='bbox 2038 5269 2160 5318; x_wconf 83' lang='lat' dir='ltr'><strong>nos,</strong></span> <span class='ocrx_word' id='word_1_840' title='bbox 2227 5256 2319 5323; x_wconf 87' lang='lat' dir='ltr'><strong>qui</strong></span> <span class='ocrx_word' id='word_1_841' title='bbox 2377 5253 2443 5307; x_wconf 91' lang='lat' dir='ltr'><strong>ad</strong></span> <span class='ocrx_word' id='word_1_842' title='bbox 2492 5268 2654 5308; x_wconf 88' lang='lat' dir='ltr'><strong>unam</strong></span> <span class='ocrx_word' id='word_1_843' title='bbox 2686 5261 2742 5306; x_wconf 90' lang='lat' dir='ltr'><strong>et</strong></span> <span class='ocrx_word' id='word_1_844' title='bbox 2785 5251 3039 5306; x_wconf 90' lang='lat' dir='ltr'><strong>eamdem</strong></span> <span class='ocrx_word' id='word_1_845' title='bbox 3075 5266 3310 5306; x_wconf 85' lang='lat' dir='ltr'><strong>numero</strong></span> <span class='ocrx_word' id='word_1_846' title='bbox 3343 5267 3411 5306; x_wconf 78' lang='lat' dir='ltr'><strong>ex</strong></span> <span class='ocrx_word' id='word_1_847' title='bbox 3445 5253 3604 5326; x_wconf 75' lang='lat' dir='ltr'><strong>Patre</strong></span> 
     </span>
    </p>
   </div>
   <div class='ocr_carea' id='block_1_112' title="bbox 2039 5331 3604 5414">
    <p class='ocr_par' dir='ltr' id='par_1_112' title="bbox 2039 5331 3604 5414">
     <span class='ocr_line' id='line_1_112' title="bbox 2039 5331 3604 5414; baseline -0.002 -13"><span class='ocrx_word' id='word_1_848' title='bbox 2039 5347 2286 5414; x_wconf 85' lang='lat' dir='ltr'><strong>Filioque</strong></span> <span class='ocrx_word' id='word_1_849' title='bbox 2310 5331 2550 5414; x_wconf 79' lang='lat' dir='ltr'><strong>Spiritus</strong></span> <span class='ocrx_word' id='word_1_850' title='bbox 2579 5343 2987 5412; x_wconf 88' lang='lat' dir='ltr'><strong>processionem</strong></span> <span class='ocrx_word' id='word_1_851' title='bbox 3016 5342 3441 5406; x_wconf 82' lang='lat' dir='ltr'><strong>ostendendam,</strong></span> <span class='ocrx_word' id='word_1_852' title='bbox 3497 5359 3604 5399; x_wconf 76' lang='lat' dir='ltr'><strong>una</strong></span> 
     </span>
    </p>
   </div>
   <div class='ocr_carea' id='block_1_113' title="bbox 2037 5434 3606 5506">
    <p class='ocr_par' dir='ltr' id='par_1_113' title="bbox 2037 5434 3606 5506">
     <span class='ocr_line' id='line_1_113' title="bbox 2037 5434 3606 5506; baseline -0.006 -11"><span class='ocrx_word' id='word_1_853' title='bbox 2037 5438 2327 5502; x_wconf 85' lang='lat' dir='ltr'><strong>eteadem,</strong></span> <span class='ocrx_word' id='word_1_854' title='bbox 2358 5453 2481 5506; x_wconf 78' lang='lat' dir='ltr'><strong>qua:</strong></span> <span class='ocrx_word' id='word_1_855' title='bbox 2511 5451 2540 5490; x_wconf 89' lang='lat' dir='ltr'><strong>a</strong></span> <span class='ocrx_word' id='word_1_856' title='bbox 2572 5435 2844 5490; x_wconf 88' lang='lat' dir='ltr'><strong>Trinitate</strong></span> <span class='ocrx_word' id='word_1_857' title='bbox 2886 5434 3162 5502; x_wconf 85' lang='lat' dir='ltr'><strong>provenit,</strong></span> <span class='ocrx_word' id='word_1_858' title='bbox 3205 5434 3414 5488; x_wconf 82' lang='lat' dir='ltr'><strong>entiam</strong></span> <span class='ocrx_word' id='word_1_859' title='bbox 3435 5452 3606 5494; x_wconf 59' lang='lat' dir='ltr'><strong>.crcag</strong></span> 
     </span>
    </p>
   </div>
   <div class='ocr_carea' id='block_1_114' title="bbox 2040 5525 3603 5598">
    <p class='ocr_par' dir='ltr' id='par_1_114' title="bbox 2040 5525 3603 5598">
     <span class='ocr_line' id='line_1_114' title="bbox 2040 5525 3603 5598; baseline -0.004 -12"><span class='ocrx_word' id='word_1_860' title='bbox 2040 5532 2188 5588; x_wconf 88' lang='lat' dir='ltr'><strong>tione</strong></span> <span class='ocrx_word' id='word_1_861' title='bbox 2210 5529 2481 5586; x_wconf 85' lang='lat' dir='ltr'><strong>utuntur?</strong></span> <span class='ocrx_word' id='word_1_862' title='bbox 2525 5528 2756 5598; x_wconf 87' lang='lat' dir='ltr'><strong>Autqua</strong></span> <span class='ocrx_word' id='word_1_863' title='bbox 2788 5527 3001 5580; x_wconf 78' lang='lat' dir='ltr'><strong>ratione</strong></span> <span class='ocrx_word' id='word_1_864' title='bbox 3032 5525 3302 5596; x_wconf 84' lang='lat' dir='ltr'><strong>quispiam</strong></span> <span class='ocrx_word' id='word_1_865' title='bbox 3337 5537 3603 5597; x_wconf 82' lang='lat' dir='ltr'><strong>propter-</strong></span> 
     </span>
    </p>
   </div>
   <div class='ocr_carea' id='block_1_115' title="bbox 2039 5617 3607 5686">
    <p class='ocr_par' dir='ltr' id='par_1_115' title="bbox 2039 5617 3607 5686">
     <span class='ocr_line' id='line_1_115' title="bbox 2039 5617 3607 5686; baseline -0.004 -5"><span class='ocrx_word' id='word_1_866' title='bbox 2039 5642 2100 5681; x_wconf 86' lang='lat' dir='ltr'><strong>ea</strong></span> <span class='ocrx_word' id='word_1_867' title='bbox 2150 5624 2332 5680; x_wconf 87' lang='lat' dir='ltr'><strong>dicere</strong></span> <span class='ocrx_word' id='word_1_868' title='bbox 2377 5621 2576 5676; x_wconf 85' lang='lat' dir='ltr'><strong>audeat</strong></span> <span class='ocrx_word' id='word_1_869' title='bbox 2626 5635 2722 5674; x_wconf 90' lang='lat' dir='ltr'><strong>eos</strong></span> <span class='ocrx_word' id='word_1_870' title='bbox 2783 5617 3048 5686; x_wconf 83' lang='lat' dir='ltr'><strong>Spiritum</strong></span> <span class='ocrx_word' id='word_1_871' title='bbox 3105 5627 3354 5676; x_wconf 79' lang='lat' dir='ltr'><strong>sanctum</strong></span> <span class='ocrx_word' id='word_1_872' title='bbox 3387 5619 3441 5672; x_wconf 91' lang='lat' dir='ltr'><strong>in</strong></span> <span class='ocrx_word' id='word_1_873' title='bbox 3483 5622 3607 5676; x_wconf 78' lang='lat' dir='ltr'><strong>loco</strong></span> 
     </span>
    </p>
   </div>
   <div class='ocr_carea' id='block_1_116' title="bbox 2040 5707 3602 5780">
    <p class='ocr_par' dir='ltr' id='par_1_116' title="bbox 2040 5707 3602 5780">
     <span class='ocr_line' id='line_1_116' title="bbox 2040 5707 3602 5780; baseline -0.006 -6"><span class='ocrx_word' id='word_1_874' title='bbox 2040 5727 2415 5774; x_wconf 84' lang='lat' dir='ltr'><strong>creaturarum</strong></span> <span class='ocrx_word' id='word_1_875' title='bbox 2450 5711 2764 5770; x_wconf 86' lang='lat' dir='ltr'><strong>collocare?</strong></span> <span class='ocrx_word' id='word_1_876' title='bbox 2808 5707 3108 5780; x_wconf 62' lang='lat' dir='ltr'><strong>praesertim</strong></span> <span class='ocrx_word' id='word_1_877' title='bbox 3151 5724 3276 5763; x_wconf 89' lang='lat' dir='ltr'><strong>cum</strong></span> <span class='ocrx_word' id='word_1_878' title='bbox 3310 5725 3468 5764; x_wconf 90' lang='lat' dir='ltr'><strong>nemo</strong></span> <span class='ocrx_word' id='word_1_879' title='bbox 3499 5709 3602 5766; x_wconf 83' lang='lat' dir='ltr'><strong>La-</strong></span> 
     </span>
    </p>
   </div>
   <div class='ocr_carea' id='block_1_117' title="bbox 2045 5801 3605 5880">
    <p class='ocr_par' dir='ltr' id='par_1_117' title="bbox 2045 5801 3605 5880">
     <span class='ocr_line' id='line_1_117' title="bbox 2045 5801 3605 5880; baseline -0.004 -11"><span class='ocrx_word' id='word_1_880' title='bbox 2045 5814 2304 5876; x_wconf 87' lang='lat' dir='ltr'><strong>tinorum,</strong></span> <span class='ocrx_word' id='word_1_881' title='bbox 2365 5811 2456 5880; x_wconf 78' lang='lat' dir='ltr'><strong>qui</strong></span> <span class='ocrx_word' id='word_1_882' title='bbox 2525 5822 2668 5861; x_wconf 84' lang='lat' dir='ltr'><strong>nunc</strong></span> <span class='ocrx_word' id='word_1_883' title='bbox 2717 5813 2865 5868; x_wconf 80' lang='lat' dir='ltr'><strong>sunt,</strong></span> <span class='ocrx_word' id='word_1_884' title='bbox 2908 5817 3096 5871; x_wconf 20' lang='lat' dir='ltr'><strong>neque,</strong></span> <span class='ocrx_word' id='word_1_885' title='bbox 3122 5801 3211 5871; x_wconf 86' lang='lat' dir='ltr'><strong>qui</strong></span> <span class='ocrx_word' id='word_1_886' title='bbox 3244 5811 3366 5873; x_wconf 87' lang='lat' dir='ltr'><strong>post</strong></span> <span class='ocrx_word' id='word_1_887' title='bbox 3393 5802 3605 5870; x_wconf 71' lang='lat' dir='ltr'><strong>disiuue</strong></span> 
     </span>
    </p>
   </div>
  </div>
