3966 6218
389 411 492 473 395

1356 401 1860 464 BESSAlllONIS
1894 403 1951 460 S.
1997 400 2068 458 li.
2112 401 2176 463 E.
2214 405 2673 468 CARDINALIS

3531 417 3637 482 395

388 529 652 585 ctionem,
676 530 731 575 et
755 521 888 577 illud
914 519 1314 576 exsecrandum
1361 529 1420 573 et
1469 515 1791 572 detestabile
1817 513 1956 568 schi-

2071 525 2268 591 σχίσμα
2294 526 2602 593 γενομένων
2659 525 2816 579 τοῦτο
2845 526 3065 594 πρώτου
3096 528 3369 592 εἰπόντος,
3400 529 3520 585 ἀλλ’
3540 537 3636 585 αύ-

387 629 503 668 ςιιιιιι
545 613 721 676 fuere,
768 611 871 666 hoc
906 612 1123 681 primus
1153 610 1376 675 dixerit,
1403 609 1498 666 sed
1529 610 1597 664 ab
1633 609 1768 678 ipsis
1799 605 1946 661 istud

388 703 595 758 dictum
615 703 686 757 sit
725 701 970 770 antiquis
1002 712 1320 756 sanctorum
1360 719 1373 753 :
1416 699 1460 756 si
1513 697 1737 768 quidem
1763 699 1950 766 Augu-

385 796 567 849 stinus
622 803 728 857 est,
771 793 868 862 qni
927 793 1220 847 altitudine
1251 792 1536 861 sapientia
1572 790 1732 844 facile
1760 804 1950 844 omnes

389 885 704 954 superavit:
743 899 855 954 quo
883 899 1061 955 neque
1104 884 1427 946 sanctitate,
1463 895 1641 953 neque
1679 881 1952 936 charitale

389 979 442 1030 in
500 977 670 1032 Deum
723 978 895 1047 major
949 993 1110 1032 nemo
1147 976 1270 1042 fuit,
1306 975 1358 1031 id
1392 973 1647 1029 aillrmat.
1679 974 1950 1029 Nimirum

391 1069 604 1122 Patrem
637 1079 694 1122 et
715 1068 933 1131 Filium,
967 1083 1137 1122 unum
1185 1082 1305 1123 esse
1353 1067 1683 1137 principium
1713 1065 1954 1135 Spiritus

389 1158 598 1223 sancti;
661 1159 1125 1228 quemadmodum
1185 1160 1349 1213 etiam
1407 1158 1607 1221 Pater,
1661 1157 1832 1211 Filius
1897 1165 1955 1210 et

391 1250 628 1317 Spiritus
653 1260 906 1310 sanctus.
936 1251 1150 1319 entilum
1210 1250 1594 1319 productionis
1626 1257 1754 1302 sunt
1782 1263 1952 1302 unum

393 1343 746 1412 principium.
784 1341 1058 1398 Accusent
1100 1357 1232 1398 vero
1265 1351 1320 1397 et
1355 1344 1542 1398 divum
1589 1342 1952 1396 Athanasium

391 1436 781 1500 affirmantem,
816 1447 1066 1491 naturam
1097 1437 1191 1492 Dei
1222 1453 1343 1491 esse
1377 1451 1616 1502 causam,
1644 1444 1701 1490 et
1735 1434 1877 1499 Filii,
1904 1443 1958 1488 et

394 1527 634 1594 Spiritus
679 1528 874 1589 sancti,
935 1535 1098 1596 atque
1141 1527 1305 1582 etiam
1361 1527 1528 1581 totius
1562 1535 1856 1587 creaturae,
1903 1525 1957 1578 in

393 1619 760 1686 disputatione
782 1657 797 1683 ,
836 1634 996 1687 quam
1046 1619 1239 1681 edidit,
1272 1619 1520 1672 Anomtzl
1551 1627 1603 1673 ct
1632 1617 1957 1673 Ortliodoxi.

463 1710 690 1772 Verum,
715 1725 834 1778 quae
864 1724 996 1764 sane
1018 1724 1088 1763 ex
1128 1709 1438 1763 rationibus
1466 1710 1714 1763 nonnulli
1757 1708 1956 1763 aﬂerre

399 1801 606 1866 solent,
640 1811 834 1856 contra
892 1810 1133 1855 nostram
1166 1800 1507 1854 verissimam
1548 1801 1960 1855 conclusionem

2057 617 2166 669 τῶν
2201 617 2306 669 τῶν
2336 619 2576 688 ἀρχαίων
2618 619 2806 686 ἁγίων.
2850 619 3215 688 Αύγουςτῖνος
3275 620 3388 690 γὰρ
3420 620 3448 673 ὀ
3483 623 3632 691 βάθει

2061 709 2251 775 σοφίας
2295 707 2500 770 πάντας
2523 707 3020 777 ὑπερϐαλλόμενος,
3052 710 3081 760 ὁ
3116 709 3403 782 ἁγιωσύνῃ
3431 713 3524 764 καὶ
3555 716 3623 783 τῇ

2059 797 2246 868 ἀγάπῃ
2274 801 2338 869 τῇ
2372 799 2508 869 πρὸς
2535 797 2666 852 Θεὸν
2722 800 2865 862 τίνος
2897 801 2960 852 οὐ
3009 799 3211 869 μείζων
3235 803 3453 869 ὀφθείς;
3479 797 3631 869 οῦτός

2059 890 2207 943 ἐστιν
2239 891 2266 942 ὁ
2284 890 2439 943 τοῦτο
2464 890 2656 957 λέγων,
2683 891 2774 943 τὸν
2803 892 3020 957 Πατέρα
3051 893 3144 944 καὶ
3174 893 3266 945 τὸν
3287 892 3414 947 Υίὺν
3435 894 3632 965 δηλαδὴ

2067 981 2194 1049 μίαν
2243 984 2419 1053 ἀρχὴν
2467 983 2562 1036 τοῦ
2593 979 2914 1053 Πνεύματος
2947 985 3040 1039 τοῦ
3075 987 3256 1053 ἁγίου,
3291 988 3366 1050 ὡς
3422 988 3518 1039 καὶ
3547 989 3636 1040 τὸν

2065 1076 2283 1146 Πατέρα
2340 1079 2429 1129 καὶ
2480 1078 2570 1131 τὸν
2623 1077 2752 1131 Υίὸν
2812 1081 2904 1131 καὶ
2956 1080 3014 1131 τὸ
3077 1079 3300 1147 Πνεῦμα
3354 1067 3487 1150 {ﬁcu
3536 1084 3638 1150 ἀρ·-

2062 1169 2162 1236 χὴν
2187 1165 2287 1236 τῆς
2314 1169 2419 1221 τῶν
2455 1169 2624 1223 ὄντων
2647 1167 2789 1223 εἶναι
2815 1172 3065 1240 προόδου.
3112 1171 3552 1240 Ἐγκαλείτωσαν
3580 1172 3638 1223 δὲ

2066 1260 2159 1312 καὶ
2194 1259 2496 1331 Ἀθανασίῳ
2539 1261 2616 1331 τῷ
2657 1259 2786 1328 θείῳ
2809 1262 3021 1330 λέγοντι
3044 1279 3056 1292 ·
3098 1263 3255 1314 Αίτία
3286 1263 3434 1313 ἐστὶν
3478 1262 3511 1330 ἡ
3540 1260 3637 1314 τοῦ

2062 1351 2200 1405 θεοῦ
2248 1353 2432 1421 φύσις,
2481 1353 2575 1406 καὶ
2608 1352 2702 1405 τοῦ
2739 1353 2871 1406 Υίοῦ
2904 1355 2999 1405 καὶ
3040 1352 3134 1406 τοῦ
3193 1353 3348 1421 ἁγίου
3385 1351 3639 1422 Πνεύμα-

2065 1462 2174 1508 τος,
2224 1445 2447 1514 καὶτῆς
2499 1446 2731 1500 κτίσεως
2785 1447 2985 1512 πάσης,
3042 1447 3100 1498 ἐν
3151 1435 3482 1518 ᾖὲκτίθεται
3520 1445 3637 1499 δια-

2067 1535 2206 1600 λέξει
2256 1537 2533 1604 Ἀνομοίου
2572 1537 2665 1590 καὶ
2716 1537 3054 1607 Ὀρθοδόεου.

2152 1697 2289 1750 Ἀλλ’
2326 1698 2361 1751 ἃ
2416 1699 2514 1765 μὲν
2549 1696 2656 1748 ἀπὸ
2705 1695 2988 1766 λογισμῶν
3037 1695 3112 1758 ὡς
3164 1696 3407 1763 ἑπόμενα
3459 1695 3634 1748 ἄτοπα

2071 1793 2208 1843 κατὰ
2238 1789 2333 1842 τοῦ
2366 1788 2602 1858 ἀληθοῦς
2629 1788 2787 1858 ἡμῶν
2810 1787 3293 1858 συμπεράσματος
3317 1786 3467 1849 τινὲς
3500 1804 3632 1856 προ-

399 1902 654 1961 tanquam
676 1891 916 1945 absurda
947 1888 1253 1959 sequentia,
1286 1890 1392 1944 etsi
1422 1890 1590 1943 multo
1624 1890 1779 1959 plura
1827 1891 1956 1954 sint|

2071 1885 2257 1953 φέρειν
2290 1883 2564 1946 εἰώθασιν,
2595 1885 2644 1936 εί
2677 1882 2769 1936 καὶ
2793 1881 2957 1951 ἕτερα
2987 1879 3157 1933 πλείω
3185 1881 3350 1944 εἰσιν,
3375 1881 3524 1949 ὅμως
3553 1879 3634 1941 είς

400 1985 464 2036 ml
498 1984 615 2038 haec
651 1993 830 2038 tamen
899 1987 1072 2039 ferme
1101 1986 1285 2039 omnia
1326 1993 1681 2038 revocantur.
1711 1984 1806 2037 llis
1833 2000 1965 2039 vero

399 2077 850 2147 satissuperque
887 2077 1098 2139 dilutis,
1131 2078 1222 2130 illa
1281 2091 1502 2146 quoque
1523 2076 1682 2130 valde
1724 2075 1964 2131 inﬁrmis

400 2168 771 2224 I'umlamentis
798 2170 1073 2233 nituntur,
1116 2185 1180 2224 ac
1223 2170 1406 2238 potius
1435 2169 1720 2223 mittentes
1747 2168 1964 2222 feriunt

397 2274 560 2327 quam
587 2261 851 2317 adversus
873 2277 1012 2331 quos
1069 2263 1378 2331 jaciuntur.
1407 2263 1589 2328 Quare
1623 2261 1880 2331 praedicta
1911 2269 1968 2316 et

396 2355 464 2407 ad
502 2354 593 2409 illa
615 2357 798 2409 omnia
825 2355 1116 2410 sufﬁcient.

477 2491 684 2547 Salutio
722 2509 900 2546 eorum
926 2509 1044 2561 quw
1082 2493 1323 2546 videntur
1354 2492 1627 2545 adversari
1660 2491 1880 2546 Latinis.

471 2675 762 2744 Reliquum
789 2685 872 2728 est
905 2675 1293 2739 considerare,
1350 2689 1470 2742 qua:
1511 2683 1967 2743 argumentantur

398 2781 464 2819 ex
530 2766 857 2835 quibusdam
929 2775 1242 2820 sanctorum
1307 2765 1490 2828 dictis,
1543 2764 1699 2832 quasi
1743 2778 1876 2818 vero
1901 2777 1963 2818 ea

404 2857 610 2911 Latinis
658 2867 713 2911 et
767 2857 980 2911 veritati
1014 2857 1283 2926 dogmatis
1307 2855 1692 2910 adversentur.
1730 2855 1810 2909 Ex
1843 2855 1966 2924 qui-

401 2951 504 3004 bus
525 2949 1018 3004 contradictionem
1047 2949 1381 3004 concludere
1413 2947 1784 3001 arbitrantur.

474 3040 722 3105 Quorum
784 3056 953 3094 unum
983 3041 1116 3095 illud
1147 3047 1229 3095 est
1255 3039 1366 3094 divi
1403 3037 1724 3093 Damasceni
1762 3040 1817 3092 in
1847 3039 1964 3093 suis

402 3133 747 3200 Tlivologieis
787 3132 1082 3187 asserentis
1125 3148 1138 3184 :
1176 3150 1192 3182 ι
1238 3130 1504 3200 Spiritum
1538 3130 1767 3186 dicimus
1809 3130 1964 3196 Filii,

2069 1979 2236 2031 ταῦτα
2285 1974 2471 2046 σχεδὸν
2501 1977 2836 2044 ἀναφέρεται
2873 1977 3050 2027 πάντα
3074 1992 3088 2006 ο
3121 1972 3325 2026 τούτων
3350 1973 3403 2026 δὲ
3437 1972 3631 2034 ἱκανῶς

2069 2071 2398 2140 λελυμένων,
2451 2071 2678 2123 κάκεῖνα
2726 2067 2813 2121 ἐπ’
2862 2067 3128 2136 ἀδρανοῦς
3162 2066 3283 2119 λίαν
3339 2063 3629 2135 βεϐήκασῑ,

2070 2165 2163 2215 καὶ
2201 2163 2402 2231 μᾶλλον
2436 2164 2560 2224 τοὺς
2595 2161 2889 2231 βάλλοντας
2919 2159 2952 2229 ἣ
3013 2157 3136 2212 καθ’
3171 2149 3244 2210 ὧν
3301 2156 3632 2226 πέμποντα-ι,

2071 2253 2424 2322 πλήττουσιν.
2458 2252 2622 2306 Ὥστε
2662 2252 2730 2305 τὰ
2789 2250 3059 2320 είρημένα
3110 2247 3228 2301 καῖ
3265 2247 3401 2318 πρὸς
3455 2247 3636 2299 πάντα

2069 2349 2250 2401 ἐκεῖνα
2281 2345 2529 2413 ἀρκέσει.

2068 2489 2414 2542 Δοκούντιυιν
2480 2489 2662 2552 λύσις
2727 2485 2868 2570 τῶν-
2891 2485 3313 2540 ἐναντιοῦσθαι
3363 2483 3636 2546 Λατίνοις

2714 2573 2937 2624 putum

2138 2676 2340 2729 Λοιπὸν
2372 2675 2428 2728 δέ
2461 2677 2580 2728 ἐστι
2617 2673 2942 2743 σκέψασθαι,
2995 2661 3138 2744 ἅπερ
3179 2671 3286 2724 ἀπό
3318 2687 3475 2737 τινων
3525 2669 3635 2722 τῶν

2071 2769 2330 2835 Πατέρων
2365 2768 2570 2838 ῥητῶν,
2611 2767 3006 2836 ἀντικειμένων
3062 2765 3224 2835 δῆθεν
3259 2764 3510 2826 Λατίνοις
3543 2763 3638 2817 καὶ

2068 2861 2132 2929 τῇ
2158 2857 2249 2910 τοῦ
2274 2859 2543 2927 δόγματος
2576 2858 2826 2930 ἀληθείᾳ,
2857 2857 3250 2928 ἐπιχειροῦσιν,
3276 2856 3511 2926 οίὸμενοι
3534 2853 3635 2925 τὴν

2068 2951 2356 3017 ἀντίφασιν
2379 2953 2435 3018 ἐξ
2458 2951 2634 3005 αὐτῶν
2658 2951 3068 3020 συμπεραίνειν.

2139 3036 2240 3095 Ὧν
2268 3043 2325 3095 ἒν
2357 3043 2456 3111 μὲν
2493 3043 2606 3096 ἔστι
2635 3046 2695 3097 τὸ
2725 3043 2820 3098 τοῦ
2853 3042 2996 3096 θείου
3030 3041 3396 3112 Δαμασκηνοῦ
3441 3043 3498 3093 ἰν
3521 3043 3634 3102 τοῖς

2071 3137 2450 3204 Θεολογικοῖς
2467 3136 2632 3190 αὐτοῦ
2649 3136 2919 3204 λέγοντος,
2942 3154 2964 3188 ι
2989 3136 3212 3207 Πνεῦμα
3226 3136 3359 3189 Υίοῦ
3381 3136 3632 3205 λέγομεν,

405 3244 468 3282 ex
525 3227 663 3280 Filio
713 3237 895 3281 autem
941 3242 1048 3281 non
1104 3224 1362 3300 dicimus.
1387 3244 1404 3276 ι
1436 3225 1682 3280 Alterum
1715 3234 1799 3280 est
1835 3224 1956 3278 illud

2071 3231 2135 3284 ὲκ
2161 3231 2252 3282 τοῦ
2283 3229 2406 3283 Υἰοῦ
2444 3231 2501 3282 δὲ
2520 3231 2580 3283 ού
2597 3229 2828 3298 λέγομεν
2846 3244 2861 3262 ⁸
2899 3243 2918 3282 s
2957 3204 3220 3298 ἓτερον-δὲ
3249 3229 3306 3281 τὸ
3327 3229 3422 3282 τοῦ
3457 3204 3633 3296 μακα-

409 3319 552 3373 beati
580 3317 820 3389 Dionysii
843 3317 1082 3372 dicentis
1111 3333 1123 3367 :
1155 3335 1170 3366 ι
1198 3315 1360 3370 Solus
1397 3314 1518 3369 fons
1537 3314 1967 3380 supersubstano

406 3409 552 3464 tialis
602 3410 820 3463 deitatis
872 3419 954 3463 est
1015 3409 1198 3462 Pater.
1258 3407 1312 3462 Si
1346 3406 1477 3477 quid
1515 3407 1668 3461 enim
1710 3407 1860 3461 aliud
1899 3421 1965 3462 ex

400 3501 563 3556 dictis
611 3511 928 3557 sanctorum
993 3499 1086 3560 sit,
1134 3499 1378 3570 ejusdem
1410 3510 1594 3555 tamen
1637 3514 1832 3554 sensus
1883 3507 1969 3552 est

398 3603 452 3648 et
475 3591 543 3646 ad
573 3591 820 3646 eamdem
854 3601 1067 3661 spectat
1105 3590 1558 3661 intelligentiam;
1587 3611 1606 3643 ο
1643 3591 1842 3662 quippe
1865 3591 1966 3646 ista

399 3695 528 3740 sunt
583 3683 754 3739 multo
807 3682 1055 3746 fortiora,
1115 3693 1169 3737 et
1219 3699 1338 3752 qua:
1373 3699 1440 3737 ex
1481 3682 1716 3738 adverso
1753 3682 1964 3738 Latinis

396 3779 597 3848 opponi
625 3778 903 3832 videntur.

805 3889 1010 3945 Salutio
1033 3890 1159 3943 dicti
1194 3889 1532 3944 Damnst-eui.

470 4008 554 4063 Ad
612 4007 759 4062 istud
827 4006 996 4076 igitur
1031 4003 1355 4060 Damasceni
1389 4003 1546 4067 audi,
1580 4019 1744 4073 quam
1776 4004 1959 4073 'p‘lana,

394 4099 648 4169 expedita
709 4109 764 4154 et
807 4098 992 4166 justa;
1035 4109 1263 4166 quzequc
1327 4095 1583 4151 omnibus
1632 4095 1963 4164 persuadere

401 4190 712 4251 sulm-lant,
761 4187 937 4241 Latini
1017 4185 1449 4253 Latinorumque
1509 4193 1958 4253 pmpngnatores,

393 4297 558 4352 atque
586 4281 750 4351 hujus
789 4278 1064 4348 opinionis
1107 4277 1426 4332 defenswes
1469 4273 1808 4346 respondere
1838 4289 1962 4346 pos-

387 4385 537 4428 Sili“.

462 4466 681 4544 Nullum
732 4479 899 4517 unum
955 4471 1063 4525 est,
1104 4462 1383 4532 inquiunt,
1450 4475 1668 4526 llm’nctt,
1711 4463 1858 4531 quod
1891 4464 1956 4518 ad

2073 3325 2187 3390 ρίου
2211 3325 2510 3388 Διονυσίου,
2540 3325 2805 3392 φαμένου,
2839 3341 2859 3376 ι
2889 3324 3041 3394 Μόνη
3080 3323 3232 3392 πηγὴ
3262 3323 3362 3390 τῆς
3401 3323 3635 3393 ύπερου-

2071 3414 2185 3467 σίου
2212 3415 2461 3483 θεότητος
2480 3416 2508 3466 ὁ
2529 3414 2751 3484 Πατήρ·
2775 3413 2826 3467 εί
2850 3413 2958 3483 γάρ
2984 3431 3038 3466 τι
3068 3414 3164 3466 καὶ
3191 3414 3377 3482 ἕτερον
3401 3412 3509 3481 τίη,
3535 3413 3633 3480 τῆς

2068 3507 2236 3576 αὐτῆς
2286 3509 2434 3560 ἐστιν
2466 3507 2676 3569 ᾶννοίας
2699 3506 2795 3560 καὶ
2826 3508 2906 3569 τίς
2934 3507 3027 3560 τὸν
3062 3507 3226 3560 αὐτὸν
3259 3505 3387 3559 νοῦν
3425 3505 3630 3572 ἀναφι-

2069 3615 2219 3671 ρεται
2239 3614 2256 3631 ο
2287 3618 2306 3650 ο
2341 3598 2416 3662 ὡς
2428 3599 2634 3652 τούτων
2653 3598 2761 3652 τῶν
2781 3600 3019 3668 μάλιστα
3045 3599 3410 3669 ίσχυροτέρων
3436 3596 3630 3662 ὄντων,

2067 3693 2162 3746 καὶ
2190 3693 2490 3747 δοκούντων
2520 3691 2582 3758 ἐξ
2607 3692 2855 3755 ἐναντίας
2881 3692 3022 3745 ἱέναι
3071 3692 3337 3756 Λατίνοις.

2346 3891 2535 3956 Λύσις
2554 3891 2747 3957 ῥητοῦ
2787 3890 2894 3944 τοῦ
2923 3893 3347 3962 Δαμασκηνοῦ.

2137 4006 2275 4074 Πρὸς
2319 4004 2417 4073 μὲν
2477 4001 2568 4057 οὖν
2612 4004 2672 4056 τὸ
2727 4004 2819 4057 τοῦ
2857 4007 3219 4074 Δαμασκηνοῦ
3274 4005 3506 4060 ἄκουσον
3555 4010 3632 4072 ὡς

2068 4097 2213 4150 ἁπλᾶ
2248 4111 2306 4150 τε
2345 4099 2437 4150 καὶ
2469 4097 2675 4160 δίκαια,
2712 4100 2804 4150 καὶ
2833 4098 3044 4160 πάντας
3089 4101 3246 4154 ίκανὰ
3280 4103 3483 4164 πεῖσαι,
3516 4103 3630 4156 Λα-

2065 4193 2196 4243 τῖνοι
2227 4189 2320 4241 καὶ
2353 4190 2449 4258 τῆς
2477 4188 2771 4258 Λατινικῆς
2800 4189 2848 4242 '0!
2879 4192 3271 4261 προϊστάμενοι
3300 4193 3457 4264 δόξης
3491 4196 3630 4248 ἀπσ-

2066 4282 2352 4350 κρίνασθαι
2382 4283 2617 4350 ἔχουσιν.
3631 4317 3649 4352 ιε

2141 4444 2236 4498 Ἐν
2287 4447 2460 4511 οὐδὲν,
2500 4449 2683 4515 φασὶν,
2719 4449 2886 4518 ὄνομα
2948 4449 3128 4501 ἱκανόν
3161 4451 3312 4500 ἐστιν
3359 4417 3667 4521 ἔρμηνεῦ-ἰ

389 4537 746 4628 esplicandas
782 4571 870 4611 res
904 4556 1138 4618 divinas,
1163 4565 1220 4610 et
1281 4570 1403 4624 qua:
1438 4554 1504 4609 de
1540 4556 1650 4610 Deo
1689 4555 1955 4611 dicuntur

2071 4551 2158 4588 σαι
2191 4537 2258 4588 τὰ
2295 4539 2426 4603 ’περὶ
2459 4537 2600 4590 Θεοῦ
2643 4541 2740 4596 καὶ
2791 4539 2901 4592 τῶν
2947 4539 3109 4592 θείων
3133 4555 3150 4569 ’
3185 4539 3397 4601 πολλοῖς
3425 4539 3482 4592 δὲ
3534 4539 3629 4590 καὶ
3675 4618 3677 4620 _

387 4653 460 4705 sit
515 4660 738 4719 aptum;
792 4662 980 4703 verum
1027 4647 1216 4700 multis
1266 4659 1328 4701 ac
1356 4646 1544 4710 variis,
1586 4645 1695 4700 alio
1729 4646 1949 4717 quidem

389 4741 612 4795 nomine
668 4741 790 4805 hoc,
856 4741 963 4794 alio
1029 4737 1175 4791 aliud
1223 4739 1508 4808 explicari.
1545 4731 1734 4806 Neque
1766 4749 1948 4792 tamen

387 4831 627 4902 perlecte
664 4846 724 4885 ea
751 4829 1060 4899 signiﬁcare
1119 4841 1431 4897 possumus.
1477 4826 1693 4880 Etenim
1725 4827 1948 4880 nom-ina

387 4929 511 4990 ista,
565 4933 621 4978 et
678 4921 846 4978 verba
899 4937 928 4974 a
986 4920 1142 4974 nobis
1181 4921 1423 4983 inventa,
1453 4919 1546 4988 qui
1587 4930 1782 4973 natura
1809 4921 1948 4974 duce

387 5033 474 5069 res
497 5012 866 5084 disponimus,
899 5016 955 5066 et
991 5013 1156 5066 rebus
1193 5011 1563 5072 naturalibus,
1588 5011 1791 5078 quibus
1819 5026 1950 5064 con-

383 5117 605 5174 gruunt,
653 5123 716 5162 ea
777 5107 1133 5172 imponimus,
1184 5119 1272 5157 res
1329 5104 1572 5173 insignes
1635 5112 1689 5159 et
1721 5104 1950 5158 eximias
1979 5151 1995 5158 .-

384 5199 628 5270 perfecte
676 5197 919 5252 indicare
945 5204 1001 5250 et
1033 5196 1220 5263 planas
1242 5195 1422 5248 facere
1455 5205 1755 5264 nequeunt.
1794 5195 1946 5249 Unde

385 5309 492 5345 non
548 5298 767 5360 oportet
814 5297 1002 5358 :equos
1044 5301 1229 5341 rerum
1265 5287 1630 5341 aestimatores
1686 5287 1942 5355 imperfe-

381 5386 620 5436 ctionem
669 5381 950 5434 nominum
1021 5377 1090 5431 ad
1140 5391 1226 5432 res
1247 5375 1462 5432 divinas
1487 5376 1946 5436 accommodare;

380 5474 726 5541 nequeenim
767 5473 974 5542 justum
997 5480 1150 5525 esset
1190 5479 1358 5539 atque
1395 5467 1533 5523 adeo
1565 5482 1744 5537 neque
1770 5467 1942 5528 nium.

453 5564 675 5626 Verum,
712 5563 970 5632 quoniam
1020 5561 1143 5616 aliis
1177 5560 1494 5615 nominibus
1535 5557 1720 5612 divina
1754 5558 1943 5627 expla-

380 5672 510 5710 nare
555 5671 868 5724 nequimus,
925 5665 1008 5710 est
1043 5657 1188 5709 enim
1232 5654 1464 5708 arduum
1496 5667 1560 5708 ac
1598 5651 1815 5706 diﬂicilc
1849 5665 1946 5720 pe-

381 5749 550 5810 nitus,
591 5761 715 5799 cum
766 5748 937 5800 simus
976 5748 1258 5810 mortales,
1293 5748 1553 5801 debemus
1593 5744 1815 5814 quidem
1867 5743 1942 5797 uti

381 5836 634 5892 humanis
655 5835 803 5890 hisce
831 5838 1168 5904 noniinibus,
1205 5839 1282 5892 uti
1317 5854 1466 5904 vero,
1504 5846 1772 5906 quatenus
1802 5851 1937 5890 con-

2055 4628 2356 4698 διαφόροις,
2403 4628 2578 4698 ἑτέρῳ
2625 4632 2725 4699 μὲν
2762 4631 2901 4696 τόδε,
2959 4631 3133 4702 ἑτέρῳ
3163 4632 3218 4685 δὲ
3241 4631 3465 4699 ἕτερον·
3516 4630 3627 4684 οὐδ’

2060 4721 2203 4774 οὕτω
2237 4721 2281 4772 δ’
2310 4723 2458 4789 ὅμως
2485 4718 2705 4783 τελείως
2761 4722 2900 4775 αὐτὰ
2931 4723 3167 4791 σημᾶναι
3212 4721 3508 4789 δυνάμεθα.
3544 4722 3626 4783 Τὰ

2060 4813 2168 4880 γὰρ
2191 4814 2431 4882 ὀνόματα
2451 4812 2647 4878 ταῦτα,
2665 4813 2760 4867 καὶ
2785 4814 3003 4884 ῥήματα
3025 4814 3116 4883 ὑφ’
3139 4814 3297 4884 ἡμῶν
3317 4813 3626 4884 εὑρημένα,

2061 4905 2223 4972 φύσει
2255 4906 2670 4974 διοικουμένων,
2710 4909 2800 4959 καὶ
2825 4908 3078 4975 φυσικοῖς
3102 4909 3426 4976 πράγμασιν
3450 4907 3630 4974 ἁρμό-

2058 4996 2218 5060 ζοντα
2276 4998 2586 5066 τεθειμένα,
2638 5001 2708 5052 τὰ
2771 4998 3024 5069 ὑπερφυῆ
3088 4998 3328 5069 δηλῶσαι
3403 4999 3626 5062 τελείως

2058 5090 2365 5143 ἀτονοῦσινο
2402 5092 2526 5144 ὅθεν
2547 5092 2607 5144 ού
2639 5091 2718 5144 δεῖ
2741 5091 2801 5144 τὸ
2826 5092 2935 5144 τῶν
2959 5090 3238 5161 ὀνομάτων
3273 5091 3462 5153 ἀτελὲς
3496 5091 3624 5154 τούς

2057 5199 2120 5250 γε
2161 5183 2510 5250 εὐγνώμονας
2550 5183 2644 5236 καὶ
2679 5185 2793 5245 τοῖς
2826 5183 2992 5246 θείοις
3018 5184 3344 5251 πράγμασιν
3375 5184 3619 5252 ἐφαρμό-

2056 5276 2203 5339 ζειν·
2238 5276 2299 5328 οὐ
2339 5279 2446 5342 γὰρ
2486 5275 2550 5327 Ξιν
2590 5274 2678 5342 εἴη
2714 5273 2942 5336 δίκαιον,
2981 5272 3104 5327 οὔτε
3137 5275 3246 5343 μὴν
3295 5272 3543 5336 εὐσεϐές.
3597 5276 3605 5284 “

2136 5554 2276 5608 Ἀλλ’
2302 5551 2425 5605 ἐπεὶ
2450 5551 2630 5612 ἄλλοις
2654 5550 2885 5620 ὀνόμασι
2913 5549 2983 5602 τὰ
3003 5549 3123 5601 οεῐα
3149 5549 3344 5616 δηλοῦν
3371 5548 3430 5600 ού
3455 5546 3619 5600 δυνάο

2056 5647 2219 5719 μεθα,
2281 5646 2567 5714 ἀμήχανον
2603 5643 2710 5713 γὰρ
2739 5643 3020 5706 παντελῶς
3048 5641 3357 5711 ἀνθρώποις
3379 5656 3441 5708 γε
3467 5636 3617 5703 οὖσι,

2052 5738 2312 5810 χρηστέον
2351 5738 2450 5806 μὲν
2478 5738 2684 5800 τούτοις
2723 5739 2834 5800 τοῖς
2869 5737 3248 5806 ἀνθρωπίνοις,
3279 5733 3544 5804 χρηστέον
3565 5731 3618 5786 δ’

2052 5832 2134 5900 ἐφ’
2158 5832 2278 5884 ὅσον
2320 5830 2462 5892 είκδς
2488 5831 2545 5881 τὸ
2570 5831 2667 5898 μὲν
2696 5830 3004 5899 ἐφορμάςον
3027 5829 3109 5882 διὰ
3130 5829 3331 5881 τούτων
3355 5825 3615 5893 ἑκάστου,
