3966 6218
400 275 508 341 399

1356 286 1860 347 BESSARIONIS
1896 289 1953 347 S.
2008 291 2075 349 ll.
2108 291 2174 353 E.
2215 291 2687 355 CARDlNALlS

3540 302 3645 366 400

395 400 604 449 certam
671 389 996 445 decernunt.
1035 392 1163 457 Quae
1208 397 1392 450 omnia
1473 398 1877 466 prcression'em
1945 400 2011 456 ad
2051 403 2169 472 ejus
2228 419 2350 459 esse
2415 416 2470 461 et
2530 408 2910 463 exsistentiam
2977 410 3377 481 bypostaticam
3449 418 3636 476 claris-

394 485 534 542 sime
568 483 836 540 indicant.

464 580 609 635 Sunt
636 597 767 635 vero
797 584 1046 636 nonnulli
1085 595 1423 652 sanctorum,
1458 588 1549 655 qui
1580 588 1660 641 vel
1694 587 1759 641 ad
1790 590 1965 642 solum

2148 593 2266 644 Εἰσὶ
2297 594 2352 646 δέ
2381 612 2522 656 τινες
2568 593 2677 648 τῶν
2716 594 2911 661 ἁγίων,
2969 596 3168 659 οἵτινες
3212 596 3244 667 ἢ
3288 597 3424 667 πρὸς
3476 603 3637 671 μόνην

390 673 667 735 ordinem,
707 684 764 727 ut
799 674 973 743 major
1003 691 1127 744 pars
1148 676 1510 732 Orientalium
1533 720 1549 744 ,
1582 680 1665 732 vel
1700 679 1766 733 ad
1803 681 1973 734 solam

394 763 787 830 :equalitatem,
812 772 871 816 ut
906 764 1154 833 plerique
1184 764 1623 821 Occidentalium
1658 783 1971 837 respexere.

394 854 568 919 Unde,
602 854 747 908 sicut
779 855 1166 911 Occidentales
1235 859 1602 927 aequalitatem
1635 870 1689 914 et
1721 860 1975 914 identita-

394 956 500 999 tem
526 945 699 1013 pluris
721 948 1054 1001 aestimantes
1080 948 1466 1017 praepositione
1489 966 1551 1002 ex
1579 950 1781 1019 ubique
1810 961 1973 1005 utun-

391 1046 483 1089 tur
514 1055 528 1091 :
562 1038 637 1091 ita
674 1037 1007 1102 Orientales,
1046 1039 1189 1093 inter
1221 1055 1360 1108 quos
1387 1040 1552 1094 etiam
1589 1042 1650 1095 D.
1688 1042 1976 1097 Damasce-

388 1145 495 1184 nus
517 1138 895 1194 enumeratur,
942 1131 1193 1185 ordinem
1243 1141 1664 1201 anteponentes,
1713 1138 1973 1204 praeposi-

392 1224 540 1279 tione
574 1240 669 1293 per
695 1224 933 1279 maxime
985 1234 1239 1291 utuntur,
1274 1228 1717 1295 praepositionem
1757 1244 1819 1280 ex
1851 1245 1973 1282 raro

391 1326 758 1383 assumentes,
788 1333 897 1373 non
925 1319 1147 1388 quidem
1174 1319 1482 1373 contrarias
1505 1321 1809 1375 sententias
1829 1321 1975 1375 inter

388 1426 449 1464 se
488 1411 760 1473 dicentes,
793 1426 983 1465 verum
1034 1412 1169 1465 alias
1225 1421 1389 1479 atque
1422 1412 1558 1466 alias
1602 1412 1723 1465 aliis
1761 1421 1813 1465 et
1849 1412 1971 1467 aliis

397 1503 685 1556 vocabulis
718 1503 1091 1573 signﬁcantes.

460 1593 728 1659 Quocirca
756 1606 813 1650 et
852 1597 907 1649 in
930 1597 1208 1651 creatione
1238 1595 1448 1661 mundi,
1475 1611 1786 1664 quanquam
1805 1596 1969 1649 etiam

390 1705 456 1741 ex
501 1687 641 1741 Filio
679 1687 975 1741 manifeste
1006 1688 1189 1742 omnia
1225 1686 1494 1755 producta
1526 1696 1670 1747 sunt.
1710 1689 1973 1756 quemad-

391 1779 613 1834 modum
638 1788 691 1834 et
716 1795 783 1834 ex
800 1779 983 1844 Patre,
1014 1779 1171 1833 valde
1199 1789 1377 1832 tamen
1410 1796 1536 1832 raro
1563 1781 1803 1849 reperies
1825 1780 1969 1849 apud

390 1882 631 1935 sanctos,
668 1872 969 1940 praesertim
1001 1870 1332 1937 Orientales,
1369 1889 1436 1925 ex
1473 1872 1611 1926 Filio
1642 1872 1969 1939 productum

390 1976 513 2014 esse
537 1961 800 2015 mundum
828 1963 919 2029 qui
948 1970 1218 2025 asserant,
1255 1960 1350 2015 sed
1372 1976 1585 2027 semper
1609 1976 1705 2029 per
1728 1959 1924 2015 Filium
1950 2001 1965 2023 ,

390 2053 570 2107 secuti
623 2051 782 2115 illud.
815 2050 1007 2106 Omnia
1045 2069 1138 2121 per
1174 2053 1346 2121 ipsum
1387 2054 1534 2121 facta
1568 2063 1712 2107 sunt.
1767 2053 1857 2108 Sic
1898 2055 1967 2108 ad

392 2140 640 2194 ordinem
671 2140 843 2209 magis
875 2142 1186 2196 Orientales
1217 2154 1560 2211 spectarunt,
1591 2154 1647 2198 et
1679 2153 1967 2214 propterea

391 2232 780 2300 praepositione
825 2248 920 2302 per
967 2242 1218 2298 utuntur,
1281 2250 1402 2303 qua:
1485 2235 1737 2290 ordinem
1785 2239 1966 2292 solum

391 2320 638 2374 indicare
678 2329 877 2390 potest.
922 2320 1231 2375 Praesertim
1259 2337 1381 2375 cum
1415 2335 1472 2376 et
1506 2325 1846 2393 praepositio,
1882 2342 1967 2393 ex,

391 2412 449 2466 in
481 2412 670 2482 lingua
716 2412 901 2468 Graeca
948 2428 1167 2468 causam
1197 2419 1690 2487 προκαταρκτικὴν
1728 2419 1857 2487 (hoc
1886 2428 1970 2474 est

389 2506 744 2575 originalem,
769 2514 827 2560 et
855 2521 885 2560 a
922 2506 1074 2560 nullo
1104 2506 1213 2560 alio
1243 2510 1350 2561 vim
1392 2511 1653 2564 causandi
1695 2511 1969 2581 accipien-

390 2606 499 2653 tem
538 2609 725 2668 atque,
786 2607 847 2653 ut
887 2608 1145 2654 asserunt
1187 2599 1449 2669 theologi,
1492 2602 1820 2671 principium
1852 2602 1967 2656 ori-

390 2688 535 2757 ginis
558 2689 679 2743 sine
699 2688 993 2759 principio)
1016 2689 1310 2759 signiﬁcet.
1341 2688 1567 2754 Qualem
1592 2704 1813 2744 causam
1842 2705 1965 2745 esse

393 2779 615 2844 Filium,
651 2781 737 2835 vel
769 2780 984 2846 mundi,
1021 2781 1110 2837 vel
1144 2779 1387 2850 Spiritus
1415 2781 1611 2846 sancti,
1642 2795 1753 2835 non
1784 2790 1967 2850 potest

390 2873 522 2927 diei.
567 2873 865 2943 l'ropterea
896 2873 1112 2943 fugiunt
1154 2874 1208 2928 in
1250 2874 1369 2942 ipso
1395 2872 1589 2927 Patres
1624 2873 1967 2944 prepositio-

388 2982 513 3021 nem
546 2982 610 3019 ex
642 2966 929 3020 nominare
956 3008 970 3032 ,
1007 2980 1076 3022 ne
1133 2967 1334 3036 aliquis
1359 2967 1809 3036 proratarcticam
1837 2981 1967 3022 cau-

393 3075 511 3114 sam
560 3058 612 3112 in
647 3074 714 3114 eo
750 3061 1146 3129 suspicaretur.
1193 3059 1262 3114 Et
1298 3061 1429 3131 quid
1462 3077 1562 3132 ego
1592 3060 1679 3116 aio
1708 3061 1965 3130 praeposi-

388 3154 594 3207 tionem
622 3191 638 3217 ,
669 3153 1113 3222 quandoquidem
1153 3161 1211 3207 et
1240 3154 1463 3209 nomine
1498 3167 1679 3208 causa:
1720 3155 1775 3207 in
1823 3151 1962 3207 Filio

2079 684 2175 753 τὴν
2203 686 2355 749 τάξιν
2389 688 2629 751 ἀπείδον,
2662 687 2738 749 ὡς
2764 689 2812 740 οἱ
2850 687 3093 742 πλεῖστοι
3116 688 3226 741 τῶν
3264 690 3634 755 ’Λνατολιγύν,

2077 776 2109 845 ἢ
2144 777 2277 842 πρὸς
2307 779 2474 846 μόνην
2502 779 2603 845 τὴν
2656 778 2879 846 ἰσότητα
2919 779 2995 840 ὡς
3028 780 3075 831 οἱ
3108 780 3326 845 πλείους
3350 782 3458 834 τῶν
3488 785 3639 836 Aust-

2079 865 2208 916 κῶν.
2239 864 2403 918 Ὅθεν
2431 863 2620 933 ὥσπερ
2648 866 2697 919 οἱ
2722 866 2939 919 Δυτικοὶ
2970 865 3068 937 τὴν
3125 867 3345 935 ἰσότητα
3388 870 3484 922 καὶ⁵
3509 888 3639 922 ταν-

2076 957 2280 1025 τότητα
2313 959 2775 1028 προτιμήσαντες,
2806 961 2874 1029 τῇ
2927 960 2996 1012 ἐκ
3046 959 3320 1031 πανταχοῦ
3382 960 3642 1031 χρῶνται,

2076 1046 2247 1111 οὕτως
2278 1050 2325 1100 οἱ
2363 1046 2421 1111 ἐξ
2464 1048 2626 1118 ἑῴας,
2658 1050 2779 1118 μεθ’
2800 1042 2875 1102 ὧν
2912 1052 3007 1103 καὶ
3034 1052 3061 1103 ὁ
3095 1050 3236 1114 θεῖος
3265 1052 3643 1120 Δαμασκηνὸς,

2076 1140 2175 1208 τὴν
2204 1139 2360 1206 τάξιν
2394 1141 2811 1208 προκρίναντες,
2843 1143 2909 1210 τῇ
2960 1140 3057 1196 διὰ
3105 1143 3337 1210 μάλιστα
3384 1143 3644 1211 χρῶνται,

2076 1231 2174 1299 τὴν
2220 1231 2288 1285 ἐκ
2350 1235 2593 1292 σπανίως
2662 1234 3201 1303 προσλαμϐάνοντες,
3252 1234 3352 1287 οῦκ
3399 1235 3646 1298 ἐναντίας

2075 1324 2326 1390 λέγοντες
2384 1323 2655 1392 ἀλλήλοις,
2706 1325 2826 1377 ἀλλ’
2882 1324 3048 1388 ἄλλας
3098 1325 3306 1390 ἐννοίας
3354 1324 3420 1379 δι’
3472 1327 3648 1380 ἄλλων

2076 1417 2170 1468 καὶ
2200 1415 2376 1469 ἄλλων
2407 1417 2768 1486 σημαίνοντες
2796 1416 3014 1481 λέξεων.

2148 1601 2311 1651 Ὅθεν
2346 1601 2438 1652 καὶ
2474 1601 2564 1652 ἐπὶ
2600 1601 2698 1669 τῆς
2717 1600 2813 1653 τοῦ
2837 1601 3044 1669 κόσμου
3073 1599 3434 1669 δημουργίας,
3468 1600 3640 1653 καίτοι

2075 1693 2163 1745 καὶ
2190 1695 2253 1743 ὲκ
2285 1691 2377 1745 τοῦ
2406 1691 2537 1744 Υἱοῦ
2582 1690 2833 1759 φανερῶς
2890 1693 3108 1746 πάντων
3152 1693 3520 1761 προηγμένων
3570 1693 3643 1754 ὡς

2074 1784 2168 1835 καὶ
2204 1785 2265 1834 ἐκ
2300 1781 2391 1834 τοῦ
2424 1782 2660 1851 Πατρὸς,
2712 1783 2859 1850 μάλα
2903 1785 3145 1845 σπανίως
3190 1784 3338 1850 ὅμως
3392 1784 3645 1854 εὑρήσεις

2073 1874 2132 1925 ὲν
2153 1875 2267 1935 τοῖς
2285 1874 2483 1941 ἁγίοις,
2516 1874 2609 1925 καὶ
2646 1870 2881 1943 μάλιστα
2904 1876 3013 1936 τοῖς
3061 1875 3417 1936 άνατολικοῖς.
3454 1877 3513 1925 ἐκ
3551 1874 3642 1927 τοῦ

2077 1965 2205 2017 Υἱοῦ
2241 1964 2589 2034 προηγμένον
2634 1966 2726 2017 τον
2786 1965 2991 2033 κόσμον
3046 1966 3337 2032 λέγουσιν·
3396 1965 3507 2016 ἀλλ’
3557 1967 3643 2019 ἀεὶ

2068 2058 2138 2110 δι’
2165 2058 2320 2122 Υἱοῦ,
2350 2056 2705 2110 ἀκολουθοῦσι
2733 2058 2813 2123 τὸ,
2840 2058 3044 2111 Πάντα
3068 2057 3144 2111 δι’
3176 2058 3361 2111 αὐτοῦ
3384 2059 3641 2126 ἐγένετο.

2072 2146 2230 2199 Οὕτω
2294 2146 2432 2216 πρὸς
2489 2148 2589 2216 τὴν
2621 2147 2777 2212 τάξιν
2813 2148 3012 2217 μᾶλ)ον
3057 2148 3274 2201 ἀπεῖδον
3311 2150 3359 2201 οἱ
3390 2148 3449 2214 ἐξ
3483 2148 3643 2218 ἑῴας,

2071 2241 2163 2293 καὶ
2191 2240 2279 2293 διὰ
2313 2238 2475 2292 τοῦτο
2497 2240 2564 2309 τῇ
2589 2239 2687 2293 διὰ
2744 2240 3110 2311 χρῶνταιλτὴν
3144 2241 3298 2306 τάξιν
3357 2241 3525 2311 μόνην
3555 2241 3646 2294 δυ-

2069 2332 2273 2401 ναμένῃ
2307 2330 2505 2401 δηλοῦν
2537 2348 2551 2362 ·
2587 2330 2765 2395 ἄλλως
2798 2348 2857 2384 τε
2887 2333 2982 2385 καὶ
3041 2333 3074 2403 ὴ
3131 2333 3201 2385 ἐκ
3256 2333 3348 2384 ἐπὶ
3376 2334 3477 2400 τῆς
3518 2332 3644 2387 Ἐλ-

2068 2423 2293 2491 ληνικῆς
2321 2422 2506 2491 φωνῆς
2531 2423 2630 2491 τὴν
2647 2423 3137 2493 προκαταρκτικὴν
3157 2424 3340 2477 αἰτίαν
3361 2426 3637 2494 σημαίνει.

2080 2512 2303 2566 Ὀποίαν
2331 2512 2471 2566 εῖναι
2498 2514 2588 2566 τὸν
2611 2514 2758 2580 Υῑὺν,
2786 2514 2818 2584 ἢ
2849 2514 2939 2567 τοῦ
2991 2515 3197 2585 κόσμου
3229 2517 3429 2579 αίτίαν,
3468 2518 3499 2584 ἦ
3549 2516 3643 2569 τοῦ

2071 2606 2391 2671 Πνιύματος
2430 2607 2526 2660 τοῦ
2582 2610 2766 2673 ἁγίου,
2797 2608 2898 2661 οὐκ
2925 2607 3074 2660 ἔστιν
3128 2611 3323 2663 εἰπεῖν.
3354 2609 3451 2661 Διά
3483 2606 3643 2662 τοῦτο

2071 2698 2366 2767 φεύγουσιν
2396 2701 2482 2753 ἐπ’
2518 2703 2684 2755 αὐτοῦ
2714 2704 2813 2771 τὴν
2872 2703 2939 2755 ἐκ
2970 2702 3236 2770 ὀνομάσαι
3277 2704 3326 2755 οἱ
3382 2702 3641 2773 Πατέρες,

2069 2795 2156 2846 ἵνα
2192 2794 2267 2865 μὴ
2293 2794 2746 2865 προκαταρκτικὴ
2778 2794 2925 2847 αἰτία
2960 2794 3299 2863 ὑποπτευοῇ.
3332 2795 3439 2847 Καὶ
3468 2795 3521 2845 τί
3558 2794 3645 2847 λέ·-

2066 2908 2147 2959 γω
2182 2891 2281 2960 τὴν
2322 2889 2410 2953 ἐκ,
2433 2889 2568 2940 ὅπου
2601 2904 2664 2955 γε
2708 2888 2801 2940 καὶ
2826 2885 2904 2955 τῷ
2931 2887 3159 2955 ὀνόματι
3192 2887 3292 2955 τῆς
3321 2887 3502 2948 αίτίας
3553 2886 3644 2939 ἐπὶ

2068 2983 2196 3037 Υἱοῦ
2229 2983 2261 3052 ἢ
2293 2980 2614 3049 Πνεύματος
2641 2978 2950 3050 χρήσασθαι
2971 2977 3044 3041 ὡς
3068 2978 3189 3030 ὲνδν
3218 2976 3603 3046 παραιτοῦνται
3625 2995 3640 3043 ;

2069 3076 2247 3128 καίτοι
2279 3072 2530 3142 φανερῶς
2566 3071 2663 3124 καὶ
2710 3070 2804 3124 τοῦ
2862 3066 2992 3122 Υἱοῦ
3040 3070 3133 3123 καὶ
3185 3068 3279 3121 τοῦ
3329 3068 3645 3137 Πνεῦματος

2067 3166 2255 3219 αίτίων
2280 3164 2523 3234 δντων,ἣ
2552 3163 2755 3233 μᾶλλον
2785 3164 2915 3235 μιᾶς
2933 3163 3115 3226 αἰτίας
3148 3164 3285 3233 μετὰ
3309 3163 3402 3215 τοῦ
3434 3162 3645 3231 Πατρδς

385 3257 445 3303 et
478 3247 712 3318 Spiritu,
745 3247 925 3316 quoad
958 3246 1075 3302 ﬁeri
1108 3256 1305 3317 possrt,
1350 3249 1427 3302 uti
1481 3246 1780 3303 recusant?
1810 3247 1959 3315 atqui

2076 3258 2237 3311 ὄντων
2258 3257 2354 3319 τῆς
2385 3255 2636 3319 κτίσεως.
2671 3257 2780 3309 Καὶ
2813 3255 3166 3311 σπανιώτατα
3217 3257 3395 3326 τούτῳ
3424 3254 3645 3325 χρωμέ-

389 3342 674 3397 manileste
735 3341 873 3395 Filio
906 3349 963 3397 et
1006 3341 1238 3412 Spiritu,
1266 3342 1469 3408 causis,
1512 3342 1595 3397 vel
1637 3342 1821 3412 potius
1855 3358 1963 3396 una

386 3450 553 3490 causa
598 3450 722 3489 cum
758 3435 942 3495 Patre.
977 3434 1273 3488 ereatiuuis
1300 3434 1719 3489 cxsistentibus.
1759 3433 1830 3487 Et
1872 3434 1967 3488 ad-

390 3530 612 3584 modum
659 3544 786 3584 raro
829 3528 1078 3583 invenies
1125 3528 1293 3597 ipsos,
1341 3528 1435 3597 qui
1484 3527 1588 3583 hoc
1628 3528 1849 3581 nomine
1881 3528 1963 3581 usi

389 3623 520 3680 sint.
557 3631 844 3691 propterea
868 3620 1012 3690 quod
1041 3631 1359 3681 vereantur,
1395 3634 1463 3672 ne
1491 3618 1779 3688 originalis
1800 3634 1963 3673 causa

387 3713 717 3781 quibusdam
752 3728 874 3768 esse
907 3713 1194 3776 rideatur;
1242 3711 1386 3780 quod
1423 3726 1555 3765 sane
1601 3710 1702 3779 ipsi
1736 3711 1964 3766 nollent.

392 3807 563 3862 Unam
608 3806 755 3859 enim
819 3803 1139 3874 originalem
1194 3817 1417 3858 causam
1458 3802 1678 3858 deitatis
1715 3811 1770 3857 et
1815 3817 1967 3884 crea-

389 3910 527 3952 turae
553 3898 767 3952 Patrem
799 3906 1128 3968 agnoscunt.

469 3990 528 4045 Si
560 3989 727 4061 igitur
752 3989 931 4044 Latini
962 3989 1183 4059 quidem
1214 4003 1338 4043 cum
1369 3987 1813 4043 Occidentalibus
1839 4001 1967 4040 san-

395 4086 520 4149 ctis,
566 4098 675 4139 non
709 4083 896 4153 paucis
926 4083 1088 4137 etiam
1124 4081 1519 4146 Orientalibus,
1548 4097 1614 4135 ex
1658 4081 1835 4145 Patre,
1881 4080 1967 4133 Fi-

400 4178 583 4247 lioque
623 4177 888 4246 Spiritum
932 4184 1179 4230 sanctum
1234 4174 1597 4239 afﬁrmantes,
1646 4189 1752 4227 non
1803 4173 1969 4242 origi-

401 4271 575 4325 nalem
606 4284 821 4325 causam
858 4266 1045 4321 dicunt
1081 4279 1201 4320 esse
1234 4263 1453 4326 Filium,
1502 4266 1596 4319 sed
1627 4264 1966 4319 identitatem

391 4369 636 4437 ipsorum
673 4363 933 4434 potentiae
972 4361 1277 4422 declarant,
1320 4368 1377 4412 et
1401 4358 1740 4427 exprimunt.
1772 4356 1964 4410 Dama-

390 4474 590 4513 sceuus
624 4473 776 4518 vero,
820 4453 1145 4524 originalem
1185 4465 1407 4506 causam
1458 4464 1682 4519 negans,
1719 4464 1841 4519 qua:
1878 4448 1965 4502 illa

393 4551 779 4621 pmpositmue
830 4563 894 4601 ex
916 4544 1214 4617 signiﬁcari
1237 4544 1395 4607 solet,
1425 4542 1493 4596 ad
1522 4541 1772 4595 ordinem
1798 4540 1968 4611 magis

2069 3367 2192 3415 νους
2220 3349 2400 3422 εὕροις
2432 3349 2499 3404 ἂν
2529 3350 2729 3413 αὐτοὺς
2754 3351 2833 3420 τῷ
2857 3350 3105 3419 ὀνόματι.
3138 3352 3228 3403 διὰ
3281 3350 3341 3403 τὸ
3394 3350 3643 3411 δεδιέναι,

2073 3445 2147 3513 μὴ
2210 3440 2667 3513 προκαταρκτικὴ
2727 3443 2875 3495 αἰτία
2943 3441 3172 3512 νομισθῇ
3245 3441 3383 3511 πρός
3432 3455 3639 3494 τινωνσ

2069 3533 2205 3603 ὅπερ
2232 3533 2333 3585 οὐκ
2365 3533 2430 3585 ἂν
2459 3532 2614 3584 αὐτοὶ
2645 3530 2940 3601 βούλοιντο.
2985 3531 3133 3584 Μίαν
3175 3530 3281 3602 γὰρ
3331 3543 3644 3597 προκαταρ-

2072 3628 2264 3698 κτικὴν
2292 3625 2545 3695 θεότητος
2572 3641 2629 3677 τε
2667 3623 2762 3676 καὶ
2808 3620 3041 3687 κτίσεως
3090 3622 3239 3676 ῐσασι
3279 3620 3371 3675 τὸν
3424 3618 3643 3689 Πατέρα

2071 3718 2266 3772 αἰτίαν.

2142 3994 2205 4047 Εἰ
2234 3992 2328 4046 οὖν
2356 3992 2571 4045 Λατῖνοι
2622 3990 2721 4058 μὲν
2749 3988 2890 4041 κατὰ
2920 3984 3026 4040 τῶν
3056 3986 3114 4052 ἐξ
3154 3982 3318 4037 Ἐσπέ
3329 3999 3424 4053 ρας
3448 3982 3640 4048 ἁγίων.

2072 4084 2165 4139 καὶ
2194 4085 2295 4138 οῦκ
2327 4083 2523 4150 ὀλίγων
2544 4081 2653 4134 τῶν
2678 4081 2735 4146 ἐξ
2771 4079 2970 4150 Ἕῲας,
3020 4079 3084 4129 ἐκ
3120 4076 3331 4145 Bergk;
3366 4076 3461 4129 xei
3507 4072 3642 4126 Υίοῦ

2070 4177 2129 4229 τὸ
2164 4174 2389 4245 Πνεῦμα
2420 4174 2482 4226 τὸ
2502 4173 2659 4240 ἆγιον
2710 4169 2986 4238 λέγοντες,
3044 4169 3105 4222 οὐ
3162 4161 3643 4235 προκαταρκτικὴν

2071 4268 2252 4321 αἰτίαν
2279 4266 2417 4333 φασὶ
2453 4264 2547 4317 τὸν
2580 4262 2731 4322 Υίδν,
2765 4261 2865 4328 τῆς
2894 4259 2939 4313 δ’
2987 4260 3166 4314 αὐτῶν
3216 4258 3499 4326 δυνάμεως
3543 4255 3643 4324 τὴν

2070 4358 2377 4427 ταυτότητά
2403 4354 2734 4424 παριστῶσι,
2769 4352 3134 4421 Δαμασκηνὸς
3178 4351 3233 4403 δὲ
3262 4350 3361 4419 τὴν
3403 4364 3641 4418 προκατ-

2078 4451 2348 4522 αρκτικὴν
2383 4448 2562 4504 αἰτίαν
2620 4446 2971 4516 ἀρνούμενος.
3010 4446 3158 4516 nam
3191 4444 3292 4511 τῆς
3334 4442 3402 4495 ἐκ
3445 4440 3641 4509 σημαί-

2073 4546 2256 4597 νεσθαι
2291 4542 2470 4603 εἴωθε,
2516 4540 2652 4605 πρὸς
2698 4538 2798 4607 τὴν
2847 4538 2999 4601 τάξιν
3041 4536 3241 4602 μᾶλλον
3279 4534 3468 4586 ἀπεῖδε
3500 4547 3512 4560 ·
3548 4533 3640 4583 καὶ

394 4644 656 4713 respexit,
694 4651 749 4696 et
787 4649 1078 4709 propterea
1128 4635 1517 4707 pra’positione
1547 4649 1640 4703 per
1676 4632 1871 4693 utitur.
1899 4647 1963 4685 ex

2076 4636 2159 4689 διὰ
2188 4634 2344 4688 τοῦτο
2366 4636 2431 4702 τῇ
2466 4633 2564 4685 διὰ
2591 4632 2793 4701 χρῆται
2845 4630 2936 4682 διὰ
2972 4627 3066 4681 τοῦ
3126 4625 3256 4679 Υῐοῦ
3308 4627 3372 4678 ἐκ
3428 4623 3643 4713 Πατρρς

393 4737 553 4791 Patre
618 4751 715 4805 per
771 4730 969 4787 Filium
1028 4729 1333 4801 procedere
1390 4726 1654 4796 Spiritum
1714 4731 1963 4779 sanctum

393 4829 724 4891 concedens,
762 4842 871 4895 quo
907 4824 1068 4879 modo
1107 4818 1371 4891 loquendi
1417 4818 1551 4872 ordo
1585 4815 1705 4870 Filii
1750 4816 1817 4869 ad
1867 4813 1965 4869 Pa-

395 4934 531 4977 treut
584 4921 934 4983 declaratur;
1002 4916 1412 4986 aequalitatem,
1468 4926 1563 4965 seu
1624 4909 1964 4963 identitatent

398 5016 641 5083 ipsorum
689 5010 969 5081 potentiae,
1014 5025 1113 5063 nec
1161 5007 1278 5076 ipse
1327 5003 1550 5075 quidem
1608 5001 1969 5069 improbans;

397 5120 633 5174 quonam
684 5101 845 5155 modo
897 5100 1120 5169 quidem
1170 5096 1341 5165 magis
1389 5106 1631 5147 consona
1679 5090 1969 5152 dicerent;

400 5201 517 5265 ipse
542 5196 689 5249 enim
740 5193 830 5246 ille
863 5204 966 5256 est,
1009 5192 1099 5259 qui
1133 5190 1197 5242 de
1237 5189 1394 5241 Patre
1432 5185 1567 5238 dixit
1603 5200 1616 5236 :
1652 5185 1772 5251 Ipse
1808 5181 1972 5248 igitur

396 5300 477 5344 est
516 5304 667 5343 meus
698 5285 860 5340 Verbi
893 5286 1140 5352 abyssus,
1171 5279 1333 5334 Verbi
1368 5278 1604 5347 genitor,
1632 5287 1683 5329 ct
1718 5290 1814 5343 per
1844 5275 1973 5327 Ver-

400 5388 527 5436 bum
566 5381 862 5450 productor
906 5374 1287 5429 umnil’esrativi
1337 5370 1599 5440 Spiritus.
1634 5368 1701 5421 Et.
1731 5382 1921 5419 rursus
1953 5382 1965 5418 :

398 5476 638 5545 Spiritus
666 5489 798 5526 vero
830 5479 1053 5523 sanctus
1088 5462 1491 5520 tnanil'estativa
1530 5470 1756 5513 secreta:
1787 5459 1967 5511 Deita-

400 5569 468 5621 tis
500 5567 578 5621 tis
614 5565 808 5626 Patris,
843 5580 905 5616 ex
952 5564 1109 5615 Putre
1143 5576 1238 5628 per
1272 5555 1467 5611 Filium
1514 5553 1780 5624 procedit.
1814 5551 1968 5617 Quod

398 5669 583 5711 autem
620 5658 708 5709 illa
753 5656 1136 5723 przepositione
1170 5668 1260 5721 per
1297 5650 1363 5703 ab
1406 5650 1509 5703 islo
1550 5646 1776 5701 doctore
1807 5657 1967 5697 cmico

400 5750 586 5817 risque
613 5746 865 5802 Patribus
893 5758 943 5799 et
968 5746 1138 5800 Filius
1167 5760 1284 5798 cum
1320 5743 1475 5796 l‘at‘e
1508 5756 1668 5796 causa
1698 5756 1816 5793 esse
1850 5754 1973 5806 pcr-

2074 4725 2476 4797 ἐκπορεύεσθαι
2529 4725 2590 4776 τὸ
2642 4721 2869 4791 Πνεῦμα
2904 4721 2962 4773 τὸ
3010 4716 3518 4789 άγιονρμολογῶν.
3576 4710 3645 4764 δι’

2074 4819 2131 4872 οὗ
2156 4821 2189 4890 ἡ
2215 4820 2353 4888 πρὸς
2377 4817 2469 4870 τὸν
2501 4817 2718 4884 Πατέρα
2762 4815 2856 4866 eo?
2901 4811 3032 4864 Υῐοῦ
3060 4810 3211 4873 τάξις
3242 4807 3516 4876 δηλοῦται,
3547 4803 3646 4873 τὴν

2081 4910 2305 4977 ἰσότητα
2331 4908 2364 4977 ἢ
2390 4907 2697 4973 ταυτότητα
2732 4904 2831 4971 τῆς
2860 4903 3142 4970 δυνάμεως
3202 4899 3381 4951 αὐτῶν
3408 4896 3515 4947 οὐδ’
3544 4896 3647 4947 αῦ-

2075 5001 2168 5063 τὸς
2191 4998 2402 5053 ἀθετῶν
2426 5012 2441 5024 '
2475 4998 2593 5058 πῶς
2627 4996 2692 5049 ἂν
2727 4994 2928 5064 μᾶλλον
2957 4992 3206 5062 αλλήλοις
3233 4989 3502 5057 σύμφωνα
3557 4986 3646 5036 λέ-

2076 5108 2225 5155 γοιεν
2256 5106 2271 5153 ;
2311 5087 2477 5148 αὐτὸς
2502 5088 2611 5155 γάρ
2642 5090 2790 5138 ἐστιν
2834 5086 2862 5136 ὀ
2898 5081 3067 5136 εἰπὼν
3094 5081 3222 5149 περὶ
3256 5080 3349 5133 τοῦ
3388 5078 3600 5147 Πατρός
3627 5092 3643 5106 ·

2076 5184 2245 5243 Αὐτὸς
2266 5182 2362 5249 μὲν
2387 5173 2478 5229 οὖν
2502 5181 2617 5230 ἐστι
2644 5176 2769 5239 νοῦς
2789 5177 2960 5241 Λόγου
2977 5173 3232 5236 άσυσσος.
3261 5172 3440 5238 Λόγου
3459 5169 3646 5237 γεννήο

2074 5291 2206 5344 τωρ,
2245 5274 2338 5326 καὶ
2363 5272 2451 5323 διὰ
2478 5270 2651 5337 Λόγου
2685 5267 2983 5335 προϐολεῦς
3031 5262 3425 5333 ὲκφαντορικοῦ
3481 5260 3647 5315 Ilvati-

2086 5383 2254 5436 ματος
2280 5381 2293 5394 ο
2339 5364 2431 5415 καὶ
2468 5361 2652 5412 πάλιν·
2685 5362 2758 5410 Τὸ
2795 5358 2848 5409 δὲ
2883 5357 3107 5425 Πνεῦμα
3162 5356 3223 5409 τὸ
3271 5354 3426 5420 ἅγιον
3456 5353 3489 5422 ὴ
3554 5355 3645 5403 iis-

2075 5454 2381 5526 φαντορικὴ
2416 5453 2509 5507 τοῦ
2560 5448 2794 5521 κρυφίου
2825 5450 2925 5517 τῆς
2961 5450 3216 5515 θεότητος
3262 5448 3491 5515 δύναμις
3550 5442 3643 5495 τοῦ

2075 5550 2289 5620 [ἰατρὸς
2319 5550 2383 5601 ὲκ
2404 5547 2617 5615 Πατρός
2647 5546 2765 5596 ἐστι
2791 5545 2857 5596 δι’
2890 5543 3018 5595 Tia-3
3050 5540 3487 5612 ἐκπορευομένη.
3522 5537 3645 5589 ὀτι

2074 5644 2127 5697 δὲ
2158 5642 2245 5694 διὰ
2270 5641 2366 5709 τῆς
2402 5639 2498 5692 διὰ
2527 5636 2631 5691 ὑπό
2665 5654 2722 5688 τε
2774 5636 2966 5688 τούτου
3022 5634 3117 5689 τοῦ
3163 5632 3486 5688 διδασκάλου
3552 5629 3648 5680 καὶ⁵

2073 5737 2181 5788 τῶν
2219 5733 2391 5787 ἄῖλων
2427 5730 2684 5800 Ματέρων
2737 5729 2825 5781 καὶ
2861 5730 2885 5782 ὁ
2921 5728 3041 5791 Υἱὸς
3094 5726 3231 5796 μετὰ
3282 5723 3372 5779 τοῦ
3433 5721 3645 5790 Πατρδις
3706 5726 3707 5733 ‘
