  <div class='ocr_page' id='page_1' title='image "/cluster/home/n/w/nwhite01/storage/ocr_20150623/161/hvd.32044073502700/304.png"; bbox 0 0 3966 6218; ppageno 0'>
   <div class='ocr_carea' id='block_1_1' title="bbox 419 317 524 380">
    <p class='ocr_par' dir='ltr' id='par_1_1' title="bbox 419 317 524 380">
     <span class='ocr_line' id='line_1_1' title="bbox 419 317 524 380; baseline -0.01 0"><span class='ocrx_word' id='word_1_1' title='bbox 419 317 524 380; x_wconf 66' lang='grc' dir='ltr'><strong>ιιι</strong></span> 
     </span>
    </p>
   </div>
   <div class='ocr_carea' id='block_1_2' title="bbox 1305 325 2735 396">
    <p class='ocr_par' dir='ltr' id='par_1_2' title="bbox 1305 325 2735 396">
     <span class='ocr_line' id='line_1_2' title="bbox 1305 325 2735 396; baseline 0.008 -11"><span class='ocrx_word' id='word_1_2' title='bbox 1305 325 1436 385; x_wconf 85' lang='lat' dir='ltr'><strong>-DE</strong></span> <span class='ocrx_word' id='word_1_3' title='bbox 1480 326 1995 388; x_wconf 78' lang='lat' dir='ltr'><strong>PROCESSIONE</strong></span> <span class='ocrx_word' id='word_1_4' title='bbox 2044 329 2399 392; x_wconf 78' lang='lat' dir='ltr'><strong>SPIRITUS</strong></span> <span class='ocrx_word' id='word_1_5' title='bbox 2440 334 2735 396; x_wconf 81' lang='lat' dir='ltr'><strong>SANCTI.</strong></span> 
     </span>
    </p>
   </div>
   <div class='ocr_carea' id='block_1_3' title="bbox 3541 335 3648 400">
    <p class='ocr_par' dir='ltr' id='par_1_3' title="bbox 3541 335 3648 400">
     <span class='ocr_line' id='line_1_3' title="bbox 3541 335 3648 400; baseline -0.019 0"><span class='ocrx_word' id='word_1_6' title='bbox 3541 335 3648 400; x_wconf 71' lang='lat'><strong>602</strong></span> 
     </span>
    </p>
   </div>
   <div class='ocr_carea' id='block_1_4' title="bbox 423 434 2005 521">
    <p class='ocr_par' dir='ltr' id='par_1_4' title="bbox 423 434 1999 513">
     <span class='ocr_line' id='line_1_4' title="bbox 423 434 1999 513; baseline 0.006 -23"><span class='ocrx_word' id='word_1_7' title='bbox 423 436 603 497; x_wconf 83' lang='grc' dir='ltr'><strong>αίτιος</strong></span> <span class='ocrx_word' id='word_1_8' title='bbox 634 435 736 505; x_wconf 78' lang='grc' dir='ltr'><strong>τῆς</strong></span> <span class='ocrx_word' id='word_1_9' title='bbox 767 434 864 488; x_wconf 82' lang='grc' dir='ltr'><strong>τοῦ</strong></span> <span class='ocrx_word' id='word_1_10' title='bbox 932 436 1248 508; x_wconf 84' lang='grc' dir='ltr'><strong>Πνεὺματος</strong></span> <span class='ocrx_word' id='word_1_11' title='bbox 1296 442 1649 509; x_wconf 75' lang='grc' dir='ltr'><strong>ὑποστάσεως</strong></span> <span class='ocrx_word' id='word_1_12' title='bbox 1701 449 1999 513; x_wconf 79' lang='grc' dir='ltr'><strong>δείκνυται,</strong></span> 
     </span>
    </p>
   </div>
   <div class='ocr_carea' id='block_1_5' title="bbox 2115 434 3666 521">
    <p class='ocr_par' dir='ltr' id='par_1_5' title="bbox 2115 449 3666 521">
     <span class='ocr_line' id='line_1_5' title="bbox 2115 449 3666 521; baseline 0.001 -18"><span class='ocrx_word' id='word_1_13' title='bbox 2115 464 2248 505; x_wconf 67' lang='lat' dir='ltr'><strong>sonte</strong></span> <span class='ocrx_word' id='word_1_14' title='bbox 2280 450 2523 520; x_wconf 84' lang='lat' dir='ltr'><strong>Spiritus</strong></span> <span class='ocrx_word' id='word_1_15' title='bbox 2557 452 2900 514; x_wconf 75' lang='lat' dir='ltr'><strong>ostendatur,</strong></span> <span class='ocrx_word' id='word_1_16' title='bbox 2931 451 3063 507; x_wconf 86' lang='lat' dir='ltr'><strong>satis</strong></span> <span class='ocrx_word' id='word_1_17' title='bbox 3092 451 3146 506; x_wconf 89' lang='lat' dir='ltr'><strong>in</strong></span> <span class='ocrx_word' id='word_1_18' title='bbox 3176 464 3238 504; x_wconf 81' lang='lat' dir='ltr'><strong>ea</strong></span> <span class='ocrx_word' id='word_1_19' title='bbox 3263 462 3425 521; x_wconf 87' lang='lat' dir='ltr'><strong>quam</strong></span> <span class='ocrx_word' id='word_1_20' title='bbox 3447 449 3518 503; x_wconf 87' lang='lat' dir='ltr'><strong>de</strong></span> <span class='ocrx_word' id='word_1_21' title='bbox 3537 465 3666 504; x_wconf 86' lang='lat' dir='ltr'><strong>eon-</strong></span> 
     </span>
    </p>
   </div>
   <div class='ocr_carea' id='block_1_6' title="bbox 424 527 1994 610">
    <p class='ocr_par' dir='ltr' id='par_1_6' title="bbox 424 527 1994 610">
     <span class='ocr_line' id='line_1_6' title="bbox 424 527 1994 610; baseline 0.008 -29"><span class='ocrx_word' id='word_1_22' title='bbox 424 528 626 590; x_wconf 84' lang='grc' dir='ltr'><strong>ίκανῶς</strong></span> <span class='ocrx_word' id='word_1_23' title='bbox 667 529 724 581; x_wconf 80' lang='grc' dir='ltr'><strong>ἐν</strong></span> <span class='ocrx_word' id='word_1_24' title='bbox 770 527 849 598; x_wconf 83' lang='grc' dir='ltr'><strong>τῷ</strong></span> <span class='ocrx_word' id='word_1_25' title='bbox 883 529 1024 597; x_wconf 75' lang='grc' dir='ltr'><strong>Περὶ</strong></span> <span class='ocrx_word' id='word_1_26' title='bbox 1065 531 1336 600; x_wconf 79' lang='grc' dir='ltr'><strong>ἐνώσεως</strong></span> <span class='ocrx_word' id='word_1_27' title='bbox 1377 540 1851 610; x_wconf 71' lang='grc' dir='ltr'><strong>συγγεγραμμένῳ</strong></span> <span class='ocrx_word' id='word_1_28' title='bbox 1905 558 1994 610; x_wconf 89' lang='grc' dir='ltr'><strong>μοι</strong></span> 
     </span>
    </p>
   </div>
   <div class='ocr_carea' id='block_1_7' title="bbox 421 620 1996 704">
    <p class='ocr_par' dir='ltr' id='par_1_7' title="bbox 421 620 1996 704">
     <span class='ocr_line' id='line_1_7' title="bbox 421 620 1996 704; baseline 0.013 -34"><span class='ocrx_word' id='word_1_29' title='bbox 421 620 700 674; x_wconf 78' lang='grc' dir='ltr'><strong>δείκνυται</strong></span> <span class='ocrx_word' id='word_1_30' title='bbox 753 621 938 692; x_wconf 79' lang='grc' dir='ltr'><strong>λόγῳ,</strong></span> <span class='ocrx_word' id='word_1_31' title='bbox 1003 626 1098 678; x_wconf 78' lang='grc' dir='ltr'><strong>καὶ</strong></span> <span class='ocrx_word' id='word_1_32' title='bbox 1155 629 1391 696; x_wconf 88' lang='grc' dir='ltr'><strong>μάλιστα</strong></span> <span class='ocrx_word' id='word_1_33' title='bbox 1449 631 1542 686; x_wconf 88' lang='grc' dir='ltr'><strong>τοῦ</strong></span> <span class='ocrx_word' id='word_1_34' title='bbox 1601 635 1996 704; x_wconf 76' lang='grc' dir='ltr'><strong>ἐκπορεύεσθαι</strong></span> 
     </span>
    </p>
   </div>
   <div class='ocr_carea' id='block_1_8' title="bbox 426 713 1996 800">
    <p class='ocr_par' dir='ltr' id='par_1_8' title="bbox 426 713 1996 800">
     <span class='ocr_line' id='line_1_8' title="bbox 426 713 1996 800; baseline 0.013 -38"><span class='ocrx_word' id='word_1_35' title='bbox 426 713 495 782; x_wconf 73' lang='grc' dir='ltr'><strong>ρή</strong></span> <span class='ocrx_word' id='word_1_36' title='bbox 506 730 677 778; x_wconf 84' lang='grc' dir='ltr'><strong>ματος</strong></span> <span class='ocrx_word' id='word_1_37' title='bbox 701 716 1126 784; x_wconf 78' lang='grc' dir='ltr'><strong>προσκειμένου.</strong></span> <span class='ocrx_word' id='word_1_38' title='bbox 1163 721 1227 771; x_wconf 87' lang='grc' dir='ltr'>Ὃ</span> <span class='ocrx_word' id='word_1_39' title='bbox 1251 722 1343 774; x_wconf 80' lang='grc' dir='ltr'><strong>καὶ</strong></span> <span class='ocrx_word' id='word_1_40' title='bbox 1372 724 1515 777; x_wconf 87' lang='grc' dir='ltr'><strong>κατὰ</strong></span> <span class='ocrx_word' id='word_1_41' title='bbox 1538 726 1662 788; x_wconf 77' lang='grc' dir='ltr'><strong>τοὺς</strong></span> <span class='ocrx_word' id='word_1_42' title='bbox 1693 729 1996 800; x_wconf 78' lang='grc' dir='ltr'><strong>ἡμετέρους</strong></span> 
     </span>
    </p>
   </div>
   <div class='ocr_carea' id='block_1_9' title="bbox 425 802 2000 888">
    <p class='ocr_par' dir='ltr' id='par_1_9' title="bbox 425 802 2000 888">
     <span class='ocr_line' id='line_1_9' title="bbox 425 802 2000 888; baseline 0.013 -35"><span class='ocrx_word' id='word_1_43' title='bbox 425 802 580 854; x_wconf 76' lang='grc' dir='ltr'><strong>οὐδὲν</strong></span> <span class='ocrx_word' id='word_1_44' title='bbox 603 802 793 873; x_wconf 71' lang='grc' dir='ltr'><strong>ἕτερον</strong></span> <span class='ocrx_word' id='word_1_45' title='bbox 827 805 860 874; x_wconf 72' lang='grc' dir='ltr'>ἢ</span> <span class='ocrx_word' id='word_1_46' title='bbox 889 806 989 871; x_wconf 74' lang='grc' dir='ltr'><strong>τὴν</strong></span> <span class='ocrx_word' id='word_1_47' title='bbox 1020 808 1113 861; x_wconf 87' lang='grc' dir='ltr'><strong>τοῦ</strong></span> <span class='ocrx_word' id='word_1_48' title='bbox 1165 811 1484 880; x_wconf 85' lang='grc' dir='ltr'><strong>Πνεύματος</strong></span> <span class='ocrx_word' id='word_1_49' title='bbox 1515 814 1750 887; x_wconf 76' lang='grc' dir='ltr'><strong>ὕπαρξιν</strong></span> <span class='ocrx_word' id='word_1_50' title='bbox 1800 819 2000 888; x_wconf 78' lang='grc' dir='ltr'><strong>σημαί-</strong></span> 
     </span>
    </p>
   </div>
   <div class='ocr_carea' id='block_1_10' title="bbox 426 893 1997 980">
    <p class='ocr_par' dir='ltr' id='par_1_10' title="bbox 426 893 1997 980">
     <span class='ocr_line' id='line_1_10' title="bbox 426 893 1997 980; baseline 0.012 -37"><span class='ocrx_word' id='word_1_51' title='bbox 426 910 533 946; x_wconf 87' lang='grc' dir='ltr'><strong>νει.</strong></span> <span class='ocrx_word' id='word_1_52' title='bbox 567 893 751 946; x_wconf 84' lang='grc' dir='ltr'><strong>Ταῦτα</strong></span> <span class='ocrx_word' id='word_1_53' title='bbox 788 895 1010 964; x_wconf 84' lang='grc' dir='ltr'><strong>μὲνοῦν</strong></span> <span class='ocrx_word' id='word_1_54' title='bbox 1056 899 1193 968; x_wconf 74' lang='grc' dir='ltr'><strong>πρὸς</strong></span> <span class='ocrx_word' id='word_1_55' title='bbox 1239 902 1301 956; x_wconf 76' lang='grc' dir='ltr'><strong>τὸ</strong></span> <span class='ocrx_word' id='word_1_56' title='bbox 1359 905 1423 957; x_wconf 69' lang='lat' dir='ltr'><strong>ix</strong></span> <span class='ocrx_word' id='word_1_57' title='bbox 1478 905 1588 958; x_wconf 84' lang='grc' dir='ltr'><strong>τῶν</strong></span> <span class='ocrx_word' id='word_1_58' title='bbox 1635 907 1997 980; x_wconf 82' lang='grc' dir='ltr'><strong>Δαμασκηνοῦ</strong></span> 
     </span>
    </p>
   </div>
   <div class='ocr_carea' id='block_1_11' title="bbox 428 985 872 1055">
    <p class='ocr_par' dir='ltr' id='par_1_11' title="bbox 428 985 872 1055">
     <span class='ocr_line' id='line_1_11' title="bbox 428 985 872 1055; baseline 0.011 -20"><span class='ocrx_word' id='word_1_59' title='bbox 428 985 872 1055; x_wconf 78' lang='grc' dir='ltr'><strong>προτεινόμενον.</strong></span> 
     </span>
    </p>
   </div>
   <div class='ocr_carea' id='block_1_12' title="bbox 569 1121 1790 1200">
    <p class='ocr_par' dir='ltr' id='par_1_12' title="bbox 569 1121 1790 1200">
     <span class='ocr_line' id='line_1_12' title="bbox 569 1121 1790 1200; baseline 0.016 -25"><span class='ocrx_word' id='word_1_60' title='bbox 569 1121 765 1186; x_wconf 81' lang='grc' dir='ltr'><strong>Λύσις</strong></span> <span class='ocrx_word' id='word_1_61' title='bbox 804 1123 957 1191; x_wconf 83' lang='grc' dir='ltr'><strong>πρὸς</strong></span> <span class='ocrx_word' id='word_1_62' title='bbox 998 1125 1068 1181; x_wconf 77' lang='grc' dir='ltr'><strong>τὸ</strong></span> <span class='ocrx_word' id='word_1_63' title='bbox 1099 1128 1204 1181; x_wconf 77' lang='grc' dir='ltr'><strong>τοῦ</strong></span> <span class='ocrx_word' id='word_1_64' title='bbox 1243 1131 1416 1200; x_wconf 74' lang='grc' dir='ltr'><strong>ἁγίου</strong></span> <span class='ocrx_word' id='word_1_65' title='bbox 1450 1137 1790 1195; x_wconf 73' lang='grc' dir='ltr'><strong>Διονυσίου.</strong></span> 
     </span>
    </p>
   </div>
   <div class='ocr_carea' id='block_1_13' title="bbox 502 1257 2002 1346">
    <p class='ocr_par' dir='ltr' id='par_1_13' title="bbox 502 1257 2002 1346">
     <span class='ocr_line' id='line_1_13' title="bbox 502 1257 2002 1346; baseline 0.019 -39"><span class='ocrx_word' id='word_1_66' title='bbox 502 1257 645 1325; x_wconf 77' lang='grc' dir='ltr'><strong>Πρὸς</strong></span> <span class='ocrx_word' id='word_1_67' title='bbox 673 1260 729 1311; x_wconf 83' lang='grc' dir='ltr'><strong>δέ</strong></span> <span class='ocrx_word' id='word_1_68' title='bbox 754 1277 816 1327; x_wconf 85' lang='grc' dir='ltr'><strong>γε</strong></span> <span class='ocrx_word' id='word_1_69' title='bbox 845 1261 907 1314; x_wconf 77' lang='grc' dir='ltr'><strong>τὸ</strong></span> <span class='ocrx_word' id='word_1_70' title='bbox 949 1262 1047 1316; x_wconf 81' lang='grc' dir='ltr'><strong>τοῦ</strong></span> <span class='ocrx_word' id='word_1_71' title='bbox 1080 1265 1238 1332; x_wconf 85' lang='grc' dir='ltr'><strong>ἁγίου</strong></span> <span class='ocrx_word' id='word_1_72' title='bbox 1291 1272 1591 1338; x_wconf 74' lang='grc' dir='ltr'><strong>Διονυσίου,</strong></span> <span class='ocrx_word' id='word_1_73' title='bbox 1650 1277 1736 1329; x_wconf 81' lang='grc' dir='ltr'><strong>ἵνα</strong></span> <span class='ocrx_word' id='word_1_74' title='bbox 1798 1280 2002 1346; x_wconf 83' lang='grc' dir='ltr'><strong>μᾶλλον</strong></span> 
     </span>
    </p>
   </div>
   <div class='ocr_carea' id='block_1_14' title="bbox 430 1349 2003 1440">
    <p class='ocr_par' dir='ltr' id='par_1_14' title="bbox 430 1349 2003 1440">
     <span class='ocr_line' id='line_1_14' title="bbox 430 1349 2003 1440; baseline 0.017 -40"><span class='ocrx_word' id='word_1_75' title='bbox 430 1349 816 1420; x_wconf 85' lang='grc' dir='ltr'><strong>καθαρώτερον</strong></span> <span class='ocrx_word' id='word_1_76' title='bbox 852 1353 1037 1426; x_wconf 81' lang='grc' dir='ltr'><strong>δειχθῇ</strong></span> <span class='ocrx_word' id='word_1_77' title='bbox 1076 1359 1151 1427; x_wconf 81' lang='grc' dir='ltr'><strong>μὴ</strong></span> <span class='ocrx_word' id='word_1_78' title='bbox 1189 1360 1377 1414; x_wconf 82' lang='grc' dir='ltr'><strong>τοῦτον</strong></span> <span class='ocrx_word' id='word_1_79' title='bbox 1434 1363 1579 1432; x_wconf 81' lang='grc' dir='ltr'><strong>ἔχειν</strong></span> <span class='ocrx_word' id='word_1_80' title='bbox 1609 1367 1700 1421; x_wconf 80' lang='grc' dir='ltr'><strong>τὸν</strong></span> <span class='ocrx_word' id='word_1_81' title='bbox 1760 1370 1908 1440; x_wconf 92' lang='grc' dir='ltr'><strong>νοῦν,</strong></span> <span class='ocrx_word' id='word_1_82' title='bbox 1944 1373 2003 1427; x_wconf 82' lang='grc' dir='ltr'><strong>δν</strong></span> 
     </span>
    </p>
   </div>
   <div class='ocr_carea' id='block_1_15' title="bbox 427 1443 2002 1528">
    <p class='ocr_par' dir='ltr' id='par_1_15' title="bbox 427 1443 2002 1528">
     <span class='ocr_line' id='line_1_15' title="bbox 427 1443 2002 1528; baseline 0.017 -35"><span class='ocrx_word' id='word_1_83' title='bbox 427 1443 477 1494; x_wconf 85' lang='lat' dir='ltr'><strong>oi</strong></span> <span class='ocrx_word' id='word_1_84' title='bbox 533 1443 790 1513; x_wconf 77' lang='grc' dir='ltr'><strong>ἡμέτεροι</strong></span> <span class='ocrx_word' id='word_1_85' title='bbox 847 1446 1076 1513; x_wconf 76' lang='grc' dir='ltr'><strong>οἴονται,</strong></span> <span class='ocrx_word' id='word_1_86' title='bbox 1131 1455 1422 1508; x_wconf 77' lang='grc' dir='ltr'><strong>ἀκουστέον</strong></span> <span class='ocrx_word' id='word_1_87' title='bbox 1479 1459 1694 1528; x_wconf 82' lang='grc' dir='ltr'><strong>πρῶτον</strong></span> <span class='ocrx_word' id='word_1_88' title='bbox 1748 1463 1856 1518; x_wconf 85' lang='grc' dir='ltr'><strong>τῶν</strong></span> <span class='ocrx_word' id='word_1_89' title='bbox 1907 1467 2002 1519; x_wconf 75' lang='grc' dir='ltr'><strong>καὶ</strong></span> 
     </span>
    </p>
   </div>
   <div class='ocr_carea' id='block_1_16' title="bbox 428 1534 2002 1622">
    <p class='ocr_par' dir='ltr' id='par_1_16' title="bbox 428 1534 2002 1622">
     <span class='ocr_line' id='line_1_16' title="bbox 428 1534 2002 1622; baseline 0.017 -37"><span class='ocrx_word' id='word_1_90' title='bbox 428 1534 527 1586; x_wconf 78' lang='grc' dir='ltr'><strong>τὸν</strong></span> <span class='ocrx_word' id='word_1_91' title='bbox 592 1535 720 1588; x_wconf 83' lang='grc' dir='ltr'><strong>Υἱδν</strong></span> <span class='ocrx_word' id='word_1_92' title='bbox 789 1539 1198 1608; x_wconf 79' lang='grc' dir='ltr'><strong>ὁμολογούντων</strong></span> <span class='ocrx_word' id='word_1_93' title='bbox 1263 1546 1602 1605; x_wconf 78' lang='grc' dir='ltr'><strong>διδασκάλων</strong></span> <span class='ocrx_word' id='word_1_94' title='bbox 1659 1556 1844 1622; x_wconf 80' lang='grc' dir='ltr'><strong>πηγὴν</strong></span> <span class='ocrx_word' id='word_1_95' title='bbox 1903 1558 2002 1612; x_wconf 85' lang='grc' dir='ltr'><strong>τοῦ</strong></span> 
     </span>
    </p>
   </div>
   <div class='ocr_carea' id='block_1_17' title="bbox 440 1627 2004 1707">
    <p class='ocr_par' dir='ltr' id='par_1_17' title="bbox 440 1627 2004 1707">
     <span class='ocr_line' id='line_1_17' title="bbox 440 1627 2004 1707; baseline 0.016 -30"><span class='ocrx_word' id='word_1_96' title='bbox 440 1627 755 1695; x_wconf 78' lang='grc' dir='ltr'><strong>Πνεύματος</strong></span> <span class='ocrx_word' id='word_1_97' title='bbox 787 1629 881 1681; x_wconf 85' lang='grc' dir='ltr'><strong>τοῦ</strong></span> <span class='ocrx_word' id='word_1_98' title='bbox 916 1632 1096 1698; x_wconf 87' lang='grc' dir='ltr'><strong>ἁγίου,</strong></span> <span class='ocrx_word' id='word_1_99' title='bbox 1129 1636 1188 1687; x_wconf 85' lang='grc' dir='ltr'><strong>οὑ</strong></span> <span class='ocrx_word' id='word_1_100' title='bbox 1221 1641 1576 1707; x_wconf 83' lang='grc' dir='ltr'><strong>χαρισμάτων</strong></span> <span class='ocrx_word' id='word_1_101' title='bbox 1609 1645 1772 1698; x_wconf 85' lang='grc' dir='ltr'><strong>τινῶν</strong></span> <span class='ocrx_word' id='word_1_102' title='bbox 1801 1647 2004 1702; x_wconf 81' lang='grc' dir='ltr'><strong>ἀνυπο-</strong></span> 
     </span>
    </p>
   </div>
   <div class='ocr_carea' id='block_1_18' title="bbox 434 1715 2000 1806">
    <p class='ocr_par' dir='ltr' id='par_1_18' title="bbox 434 1715 2000 1806">
     <span class='ocr_line' id='line_1_18' title="bbox 434 1715 2000 1806; baseline 0.018 -40"><span class='ocrx_word' id='word_1_103' title='bbox 434 1715 651 1769; x_wconf 87' lang='grc' dir='ltr'><strong>στάτων</strong></span> <span class='ocrx_word' id='word_1_104' title='bbox 670 1717 863 1788; x_wconf 83' lang='grc' dir='ltr'><strong>(τούτῳ</strong></span> <span class='ocrx_word' id='word_1_105' title='bbox 919 1723 1025 1792; x_wconf 86' lang='grc' dir='ltr'><strong>γὰρ</strong></span> <span class='ocrx_word' id='word_1_106' title='bbox 1079 1726 1262 1796; x_wconf 81' lang='grc' dir='ltr'><strong>πολλῷ</strong></span> <span class='ocrx_word' id='word_1_107' title='bbox 1312 1731 1448 1798; x_wconf 80' lang='grc' dir='ltr'><strong>πρὸς</strong></span> <span class='ocrx_word' id='word_1_108' title='bbox 1491 1735 1600 1788; x_wconf 69' lang='lat' dir='ltr'><strong>stiti</strong></span> <span class='ocrx_word' id='word_1_109' title='bbox 1645 1738 1810 1806; x_wconf 78' lang='grc' dir='ltr'><strong>ῥητόν</strong></span> <span class='ocrx_word' id='word_1_110' title='bbox 1857 1757 2000 1804; x_wconf 86' lang='grc' dir='ltr'><strong>τινες</strong></span> 
     </span>
    </p>
   </div>
   <div class='ocr_carea' id='block_1_19' title="bbox 430 1809 2002 1902">
    <p class='ocr_par' dir='ltr' id='par_1_19' title="bbox 430 1809 2002 1902">
     <span class='ocr_line' id='line_1_19' title="bbox 430 1809 2002 1902; baseline 0.019 -44"><span class='ocrx_word' id='word_1_111' title='bbox 430 1809 670 1902; x_wconf 58' lang='grc' dir='ltr'><strong>χρῆσθαι</strong></span> <span class='ocrx_word' id='word_1_112' title='bbox 701 1811 1002 1885; x_wconf 83' lang='grc' dir='ltr'><strong>είώθασιν),</strong></span> <span class='ocrx_word' id='word_1_113' title='bbox 1038 1816 1155 1870; x_wconf 82' lang='grc' dir='ltr'><strong>ἀλλ’</strong></span> <span class='ocrx_word' id='word_1_114' title='bbox 1189 1821 1363 1889; x_wconf 81' lang='grc' dir='ltr'><strong>αὐτῆς</strong></span> <span class='ocrx_word' id='word_1_115' title='bbox 1391 1823 1492 1893; x_wconf 85' lang='grc' dir='ltr'><strong>τῆς</strong></span> <span class='ocrx_word' id='word_1_116' title='bbox 1538 1826 1634 1882; x_wconf 80' lang='grc' dir='ltr'><strong>τοῦ</strong></span> <span class='ocrx_word' id='word_1_117' title='bbox 1688 1831 2002 1902; x_wconf 85' lang='grc' dir='ltr'><strong>Πνεύματος</strong></span> 
     </span>
    </p>
   </div>
   <div class='ocr_carea' id='block_1_20' title="bbox 430 1900 2002 1992">
    <p class='ocr_par' dir='ltr' id='par_1_20' title="bbox 430 1900 2002 1992">
     <span class='ocr_line' id='line_1_20' title="bbox 430 1900 2002 1992; baseline 0.017 -41"><span class='ocrx_word' id='word_1_118' title='bbox 430 1900 802 1966; x_wconf 83' lang='grc' dir='ltr'><strong>ὑποστάσεως.</strong></span> <span class='ocrx_word' id='word_1_119' title='bbox 827 1907 1025 1974; x_wconf 81' lang='grc' dir='ltr'><strong>Πρῶτα</strong></span> <span class='ocrx_word' id='word_1_120' title='bbox 1057 1909 1158 1972; x_wconf 83' lang='grc' dir='ltr'><strong>μὲν</strong></span> <span class='ocrx_word' id='word_1_121' title='bbox 1185 1906 1279 1964; x_wconf 82' lang='grc' dir='ltr'><strong>οὖν</strong></span> <span class='ocrx_word' id='word_1_122' title='bbox 1324 1913 1639 1980; x_wconf 80' lang='grc' dir='ltr'><strong>Ἀθανάσιος</strong></span> <span class='ocrx_word' id='word_1_123' title='bbox 1671 1921 1732 1972; x_wconf 84' lang='grc' dir='ltr'><strong>ἑν</strong></span> <span class='ocrx_word' id='word_1_124' title='bbox 1755 1900 2002 1992; x_wconf 12' lang='grc' dir='ltr'><strong>τῷὴκατὰ</strong></span> 
     </span>
    </p>
   </div>
   <div class='ocr_carea' id='block_1_21' title="bbox 443 1992 2002 2082">
    <p class='ocr_par' dir='ltr' id='par_1_21' title="bbox 443 1992 2002 2082">
     <span class='ocr_line' id='line_1_21' title="bbox 443 1992 2002 2082; baseline 0.017 -39"><span class='ocrx_word' id='word_1_125' title='bbox 443 1992 738 2063; x_wconf 81' lang='grc' dir='ltr'><strong>Ἀρειανῶν</strong></span> <span class='ocrx_word' id='word_1_126' title='bbox 785 1997 930 2068; x_wconf 86' lang='grc' dir='ltr'><strong>λόγῳ</strong></span> <span class='ocrx_word' id='word_1_127' title='bbox 979 1999 1040 2052; x_wconf 80' lang='grc' dir='ltr'><strong>τὸ</strong></span> <span class='ocrx_word' id='word_1_128' title='bbox 1088 2000 1360 2071; x_wconf 78' lang='grc' dir='ltr'><strong>ψαλμικὸν</strong></span> <span class='ocrx_word' id='word_1_129' title='bbox 1415 2008 1612 2074; x_wconf 75' lang='grc' dir='ltr'><strong>ἐκεῖνο,</strong></span> <span class='ocrx_word' id='word_1_130' title='bbox 1649 2011 1779 2066; x_wconf 77' lang='grc' dir='ltr'><strong>Ὀτι</strong></span> <span class='ocrx_word' id='word_1_131' title='bbox 1843 2016 2002 2082; x_wconf 80' lang='grc' dir='ltr'><strong>παρὰ</strong></span> 
     </span>
    </p>
   </div>
   <div class='ocr_carea' id='block_1_22' title="bbox 425 2087 1999 2177">
    <p class='ocr_par' dir='ltr' id='par_1_22' title="bbox 425 2087 1999 2177">
     <span class='ocr_line' id='line_1_22' title="bbox 425 2087 1999 2177; baseline 0.014 -37"><span class='ocrx_word' id='word_1_132' title='bbox 425 2087 529 2141; x_wconf 82' lang='grc' dir='ltr'><strong>σοί</strong></span> <span class='ocrx_word' id='word_1_133' title='bbox 567 2087 733 2156; x_wconf 72' lang='grc' dir='ltr'><strong>πηγὴ</strong></span> <span class='ocrx_word' id='word_1_134' title='bbox 772 2087 940 2159; x_wconf 81' lang='grc' dir='ltr'><strong>ζωῆς,</strong></span> <span class='ocrx_word' id='word_1_135' title='bbox 1000 2092 1387 2165; x_wconf 78' lang='grc' dir='ltr'><strong>ἐξηγούμενος,</strong></span> <span class='ocrx_word' id='word_1_136' title='bbox 1443 2101 1598 2172; x_wconf 82' lang='grc' dir='ltr'><strong>’ῌδει</strong></span> <span class='ocrx_word' id='word_1_137' title='bbox 1641 2104 1770 2173; x_wconf 82' lang='grc' dir='ltr'><strong>γὰρ,</strong></span> <span class='ocrx_word' id='word_1_138' title='bbox 1815 2108 1999 2177; x_wconf 70' lang='grc' dir='ltr'><strong>φησὶν,</strong></span> 
     </span>
    </p>
   </div>
   <div class='ocr_carea' id='block_1_23' title="bbox 428 2180 2003 2269">
    <p class='ocr_par' dir='ltr' id='par_1_23' title="bbox 428 2180 2003 2269">
     <span class='ocr_line' id='line_1_23' title="bbox 428 2180 2003 2269; baseline 0.013 -38"><span class='ocrx_word' id='word_1_139' title='bbox 428 2180 460 2231; x_wconf 89' lang='lat'><strong>6</strong></span> <span class='ocrx_word' id='word_1_140' title='bbox 491 2180 678 2252; x_wconf 78' lang='grc' dir='ltr'><strong>Πατὴρ</strong></span> <span class='ocrx_word' id='word_1_141' title='bbox 705 2183 969 2253; x_wconf 87' lang='grc' dir='ltr'><strong>δηλονότι,</strong></span> <span class='ocrx_word' id='word_1_142' title='bbox 1001 2188 1132 2258; x_wconf 82' lang='grc' dir='ltr'><strong>παρ’</strong></span> <span class='ocrx_word' id='word_1_143' title='bbox 1161 2190 1355 2244; x_wconf 72' lang='grc' dir='ltr'><strong>ἑαυτὸν</strong></span> <span class='ocrx_word' id='word_1_144' title='bbox 1399 2191 1537 2263; x_wconf 79' lang='grc' dir='ltr'><strong>ἔχων</strong></span> <span class='ocrx_word' id='word_1_145' title='bbox 1587 2195 1678 2250; x_wconf 82' lang='grc' dir='ltr'><strong>τὸν</strong></span> <span class='ocrx_word' id='word_1_146' title='bbox 1721 2197 1849 2252; x_wconf 83' lang='grc' dir='ltr'><strong>Υἰδν</strong></span> <span class='ocrx_word' id='word_1_147' title='bbox 1902 2201 2003 2269; x_wconf 77' lang='grc' dir='ltr'><strong>τὴν</strong></span> 
     </span>
    </p>
   </div>
   <div class='ocr_carea' id='block_1_24' title="bbox 430 2272 1333 2348">
    <p class='ocr_par' dir='ltr' id='par_1_24' title="bbox 430 2272 1333 2348">
     <span class='ocr_line' id='line_1_24' title="bbox 430 2272 1333 2348; baseline 0.017 -27"><span class='ocrx_word' id='word_1_148' title='bbox 430 2272 619 2339; x_wconf 80' lang='grc' dir='ltr'><strong>πηγὴν</strong></span> <span class='ocrx_word' id='word_1_149' title='bbox 651 2272 746 2325; x_wconf 89' lang='grc' dir='ltr'><strong>τοῦ</strong></span> <span class='ocrx_word' id='word_1_150' title='bbox 797 2274 954 2343; x_wconf 81' lang='grc' dir='ltr'><strong>ἁγίου</strong></span> <span class='ocrx_word' id='word_1_151' title='bbox 995 2278 1333 2348; x_wconf 86' lang='grc' dir='ltr'><strong>Πνεύματος.</strong></span> 
     </span>
    </p>
   </div>
   <div class='ocr_carea' id='block_1_25' title="bbox 504 2364 2002 2451">
    <p class='ocr_par' dir='ltr' id='par_1_25' title="bbox 504 2364 2002 2451">
     <span class='ocr_line' id='line_1_25' title="bbox 504 2364 2002 2451; baseline 0.015 -35"><span class='ocrx_word' id='word_1_152' title='bbox 504 2364 729 2428; x_wconf 77' lang='grc' dir='ltr'><strong>Πάντως</strong></span> <span class='ocrx_word' id='word_1_153' title='bbox 758 2366 850 2420; x_wconf 82' lang='grc' dir='ltr'><strong>οῦν</strong></span> <span class='ocrx_word' id='word_1_154' title='bbox 907 2369 1008 2439; x_wconf 78' lang='grc' dir='ltr'><strong>τὴν</strong></span> <span class='ocrx_word' id='word_1_155' title='bbox 1069 2373 1373 2427; x_wconf 80' lang='grc' dir='ltr'><strong>ὑπόστασιν</strong></span> <span class='ocrx_word' id='word_1_156' title='bbox 1435 2376 1673 2432; x_wconf 74' lang='grc' dir='ltr'><strong>ἐνταῦθα</strong></span> <span class='ocrx_word' id='word_1_157' title='bbox 1725 2379 1895 2451; x_wconf 79' lang='grc' dir='ltr'><strong>δηλοῖ,</strong></span> <span class='ocrx_word' id='word_1_158' title='bbox 1940 2385 2002 2439; x_wconf 86' lang='grc' dir='ltr'><strong>οὑ</strong></span> 
     </span>
    </p>
   </div>
   <div class='ocr_carea' id='block_1_26' title="bbox 431 2456 2005 2545">
    <p class='ocr_par' dir='ltr' id='par_1_26' title="bbox 431 2456 2005 2545">
     <span class='ocr_line' id='line_1_26' title="bbox 431 2456 2005 2545; baseline 0.015 -38"><span class='ocrx_word' id='word_1_159' title='bbox 431 2456 682 2528; x_wconf 77' lang='grc' dir='ltr'><strong>χάρισμα</strong></span> <span class='ocrx_word' id='word_1_160' title='bbox 706 2461 1100 2520; x_wconf 81' lang='grc' dir='ltr'><strong>ἀνυπόστατον.</strong></span> <span class='ocrx_word' id='word_1_161' title='bbox 1136 2468 1376 2538; x_wconf 84' lang='grc' dir='ltr'><strong>Ἐχομεν</strong></span> <span class='ocrx_word' id='word_1_162' title='bbox 1402 2470 1510 2542; x_wconf 80' lang='grc' dir='ltr'><strong>γὰρ</strong></span> <span class='ocrx_word' id='word_1_163' title='bbox 1536 2472 1642 2527; x_wconf 79' lang='grc' dir='ltr'><strong>ὑπὸ</strong></span> <span class='ocrx_word' id='word_1_164' title='bbox 1675 2474 1769 2528; x_wconf 85' lang='grc' dir='ltr'><strong>τοῦ</strong></span> <span class='ocrx_word' id='word_1_165' title='bbox 1833 2477 2005 2545; x_wconf 82' lang='grc' dir='ltr'><strong>μεγὰ-</strong></span> 
     </span>
    </p>
   </div>
   <div class='ocr_carea' id='block_1_27' title="bbox 429 2548 2006 2632">
    <p class='ocr_par' dir='ltr' id='par_1_27' title="bbox 429 2548 2006 2632">
     <span class='ocr_line' id='line_1_27' title="bbox 429 2548 2006 2632; baseline 0.015 -31"><span class='ocrx_word' id='word_1_166' title='bbox 429 2548 528 2603; x_wconf 92' lang='grc' dir='ltr'><strong>λου</strong></span> <span class='ocrx_word' id='word_1_167' title='bbox 603 2550 888 2609; x_wconf 87' lang='grc' dir='ltr'><strong>Βασιλείου</strong></span> <span class='ocrx_word' id='word_1_168' title='bbox 960 2559 1402 2630; x_wconf 70' lang='grc' dir='ltr'><strong>παραδεδομένον</strong></span> <span class='ocrx_word' id='word_1_169' title='bbox 1467 2565 1698 2632; x_wconf 81' lang='grc' dir='ltr'><strong>κανόνα,</strong></span> <span class='ocrx_word' id='word_1_170' title='bbox 1758 2568 1834 2632; x_wconf 84' lang='grc' dir='ltr'><strong>ὡς</strong></span> <span class='ocrx_word' id='word_1_171' title='bbox 1875 2570 2006 2624; x_wconf 81' lang='grc' dir='ltr'><strong>ὅταν</strong></span> 
     </span>
    </p>
   </div>
   <div class='ocr_carea' id='block_1_28' title="bbox 433 2641 2004 2728">
    <p class='ocr_par' dir='ltr' id='par_1_28' title="bbox 433 2641 2004 2728">
     <span class='ocr_line' id='line_1_28' title="bbox 433 2641 2004 2728; baseline 0.011 -33"><span class='ocrx_word' id='word_1_172' title='bbox 433 2641 761 2713; x_wconf 74' lang='grc' dir='ltr'><strong>ἀκούσωμεν</strong></span> <span class='ocrx_word' id='word_1_173' title='bbox 791 2646 1016 2717; x_wconf 78' lang='grc' dir='ltr'><strong>Πνεῦμα</strong></span> <span class='ocrx_word' id='word_1_174' title='bbox 1038 2650 1193 2717; x_wconf 75' lang='grc' dir='ltr'><strong>ἅγιον</strong></span> <span class='ocrx_word' id='word_1_175' title='bbox 1222 2655 1362 2722; x_wconf 82' lang='grc' dir='ltr'><strong>μετὰ</strong></span> <span class='ocrx_word' id='word_1_176' title='bbox 1411 2655 1510 2722; x_wconf 78' lang='grc' dir='ltr'><strong>τῆς</strong></span> <span class='ocrx_word' id='word_1_177' title='bbox 1535 2657 1862 2728; x_wconf 83' lang='grc' dir='ltr'><strong>προσθήκης</strong></span> <span class='ocrx_word' id='word_1_178' title='bbox 1907 2659 2004 2713; x_wconf 87' lang='grc' dir='ltr'><strong>τοῦ</strong></span> 
     </span>
    </p>
   </div>
   <div class='ocr_carea' id='block_1_29' title="bbox 434 2732 2007 2814">
    <p class='ocr_par' dir='ltr' id='par_1_29' title="bbox 434 2732 2007 2814">
     <span class='ocr_line' id='line_1_29' title="bbox 434 2732 2007 2814; baseline 0.01 -25"><span class='ocrx_word' id='word_1_179' title='bbox 434 2732 627 2804; x_wconf 71' lang='grc' dir='ltr'><strong>ἅγιον,</strong></span> <span class='ocrx_word' id='word_1_180' title='bbox 651 2737 800 2792; x_wconf 72' lang='grc' dir='ltr'><strong>οὐδὲν</strong></span> <span class='ocrx_word' id='word_1_181' title='bbox 824 2738 911 2792; x_wconf 68' lang='lat' dir='ltr'><strong>Ere</strong></span> <span class='ocrx_word' id='word_1_182' title='bbox 921 2757 1013 2809; x_wconf 88' lang='grc' dir='ltr'><strong>ρον</strong></span> <span class='ocrx_word' id='word_1_183' title='bbox 1048 2742 1082 2810; x_wconf 74' lang='grc' dir='ltr'>ἢ</span> <span class='ocrx_word' id='word_1_184' title='bbox 1106 2742 1207 2814; x_wconf 78' lang='grc' dir='ltr'><strong>τὴν</strong></span> <span class='ocrx_word' id='word_1_185' title='bbox 1227 2743 1321 2796; x_wconf 86' lang='grc' dir='ltr'><strong>τοῦ</strong></span> <span class='ocrx_word' id='word_1_186' title='bbox 1357 2746 1673 2814; x_wconf 83' lang='grc' dir='ltr'><strong>Πνεύματος</strong></span> <span class='ocrx_word' id='word_1_187' title='bbox 1709 2749 2007 2805; x_wconf 83' lang='grc' dir='ltr'><strong>ὑπόστασιν</strong></span> 
     </span>
    </p>
   </div>
   <div class='ocr_carea' id='block_1_30' title="bbox 437 2825 2006 2911">
    <p class='ocr_par' dir='ltr' id='par_1_30' title="bbox 437 2825 2006 2911">
     <span class='ocr_line' id='line_1_30' title="bbox 437 2825 2006 2911; baseline 0.013 -36"><span class='ocrx_word' id='word_1_188' title='bbox 437 2825 734 2897; x_wconf 74' lang='grc' dir='ltr'><strong>ὀφείλομεν</strong></span> <span class='ocrx_word' id='word_1_189' title='bbox 755 2830 982 2886; x_wconf 75' lang='grc' dir='ltr'><strong>ἐννοεῖν.</strong></span> <span class='ocrx_word' id='word_1_190' title='bbox 1043 2830 1311 2888; x_wconf 83' lang='grc' dir='ltr'><strong>Ἐνταῦθα</strong></span> <span class='ocrx_word' id='word_1_191' title='bbox 1353 2835 1445 2889; x_wconf 78' lang='grc' dir='ltr'><strong>οὖν</strong></span> <span class='ocrx_word' id='word_1_192' title='bbox 1471 2838 1499 2888; x_wconf 90' lang='lat'><strong>6</strong></span> <span class='ocrx_word' id='word_1_193' title='bbox 1535 2837 1662 2901; x_wconf 82' lang='grc' dir='ltr'><strong>Υίδς</strong></span> <span class='ocrx_word' id='word_1_194' title='bbox 1717 2842 1866 2911; x_wconf 79' lang='grc' dir='ltr'><strong>πηγὴ</strong></span> <span class='ocrx_word' id='word_1_195' title='bbox 1911 2840 2006 2894; x_wconf 85' lang='grc' dir='ltr'><strong>τοῦ</strong></span> 
     </span>
    </p>
   </div>
   <div class='ocr_carea' id='block_1_31' title="bbox 434 2917 2007 3003">
    <p class='ocr_par' dir='ltr' id='par_1_31' title="bbox 434 2917 2007 3003">
     <span class='ocr_line' id='line_1_31' title="bbox 434 2917 2007 3003; baseline 0.011 -32"><span class='ocrx_word' id='word_1_196' title='bbox 434 2917 595 2985; x_wconf 82' lang='grc' dir='ltr'><strong>ἁγίου</strong></span> <span class='ocrx_word' id='word_1_197' title='bbox 628 2920 944 2990; x_wconf 81' lang='grc' dir='ltr'><strong>Πνεύματος</strong></span> <span class='ocrx_word' id='word_1_198' title='bbox 989 2925 1126 2992; x_wconf 84' lang='grc' dir='ltr'><strong>μετὰ</strong></span> <span class='ocrx_word' id='word_1_199' title='bbox 1166 2925 1264 2994; x_wconf 76' lang='grc' dir='ltr'><strong>τῆς</strong></span> <span class='ocrx_word' id='word_1_200' title='bbox 1317 2927 1638 2999; x_wconf 82' lang='grc' dir='ltr'><strong>προσθήκης</strong></span> <span class='ocrx_word' id='word_1_201' title='bbox 1691 2931 1788 2985; x_wconf 85' lang='grc' dir='ltr'><strong>τοῦ</strong></span> <span class='ocrx_word' id='word_1_202' title='bbox 1841 2933 2007 3003; x_wconf 78' lang='grc' dir='ltr'><strong>ἅγιος</strong></span> 
     </span>
    </p>
   </div>
   <div class='ocr_carea' id='block_1_32' title="bbox 435 3006 2007 3095">
    <p class='ocr_par' dir='ltr' id='par_1_32' title="bbox 435 3006 2007 3095">
     <span class='ocr_line' id='line_1_32' title="bbox 435 3006 2007 3095; baseline 0.016 -37"><span class='ocrx_word' id='word_1_203' title='bbox 435 3006 749 3078; x_wconf 74' lang='grc' dir='ltr'><strong>εἰρημένος,</strong></span> <span class='ocrx_word' id='word_1_204' title='bbox 806 3011 907 3080; x_wconf 79' lang='grc' dir='ltr'><strong>τῆς</strong></span> <span class='ocrx_word' id='word_1_205' title='bbox 959 3015 1314 3080; x_wconf 80' lang='grc' dir='ltr'><strong>ὑποστάσεως</strong></span> <span class='ocrx_word' id='word_1_206' title='bbox 1364 3018 1532 3073; x_wconf 85' lang='grc' dir='ltr'><strong>αὑτοῦ</strong></span> <span class='ocrx_word' id='word_1_207' title='bbox 1589 3021 1790 3093; x_wconf 81' lang='grc' dir='ltr'><strong>δηλαδὴ</strong></span> <span class='ocrx_word' id='word_1_208' title='bbox 1857 3024 2007 3095; x_wconf 74' lang='grc' dir='ltr'><strong>πηγὴ</strong></span> 
     </span>
    </p>
   </div>
   <div class='ocr_carea' id='block_1_33' title="bbox 435 3099 675 3168">
    <p class='ocr_par' dir='ltr' id='par_1_33' title="bbox 435 3099 675 3168">
     <span class='ocr_line' id='line_1_33' title="bbox 435 3099 675 3168; baseline 0.021 -17"><span class='ocrx_word' id='word_1_209' title='bbox 435 3099 675 3168; x_wconf 70' lang='grc' dir='ltr'><strong>εἴρηται.</strong></span> 
     </span>
    </p>
   </div>
   <div class='ocr_carea' id='block_1_34' title="bbox 514 3191 2006 3272">
    <p class='ocr_par' dir='ltr' id='par_1_34' title="bbox 514 3191 2006 3272">
     <span class='ocr_line' id='line_1_34' title="bbox 514 3191 2006 3272; baseline 0.013 -29"><span class='ocrx_word' id='word_1_210' title='bbox 514 3191 747 3247; x_wconf 83' lang='grc' dir='ltr'><strong>Ἔπειτα</strong></span> <span class='ocrx_word' id='word_1_211' title='bbox 780 3196 950 3250; x_wconf 76' lang='grc' dir='ltr'><strong>δὲκαὶ</strong></span> <span class='ocrx_word' id='word_1_212' title='bbox 977 3198 1140 3263; x_wconf 80' lang='grc' dir='ltr'><strong>αὐτὸς</strong></span> <span class='ocrx_word' id='word_1_213' title='bbox 1165 3202 1192 3254; x_wconf 97' lang='lat'><strong>6</strong></span> <span class='ocrx_word' id='word_1_214' title='bbox 1217 3201 1390 3270; x_wconf 82' lang='grc' dir='ltr'><strong>μέγας</strong></span> <span class='ocrx_word' id='word_1_215' title='bbox 1420 3203 1724 3272; x_wconf 87' lang='grc' dir='ltr'><strong>Βασίλειος,</strong></span> <span class='ocrx_word' id='word_1_216' title='bbox 1759 3209 1786 3261; x_wconf 83' lang='lat'><strong>6</strong></span> <span class='ocrx_word' id='word_1_217' title='bbox 1813 3207 2006 3263; x_wconf 81' lang='grc' dir='ltr'><strong>τοῦτον</strong></span> 
     </span>
    </p>
   </div>
   <div class='ocr_carea' id='block_1_35' title="bbox 438 3279 2004 3369">
    <p class='ocr_par' dir='ltr' id='par_1_35' title="bbox 438 3279 2004 3369">
     <span class='ocr_line' id='line_1_35' title="bbox 438 3279 2004 3369; baseline 0.013 -35"><span class='ocrx_word' id='word_1_218' title='bbox 438 3284 573 3352; x_wconf 79' lang='grc' dir='ltr'><strong>ἡμῖν</strong></span> <span class='ocrx_word' id='word_1_219' title='bbox 619 3279 1021 3357; x_wconf 81' lang='grc' dir='ltr'><strong>παραδεδωκὼς</strong></span> <span class='ocrx_word' id='word_1_220' title='bbox 1073 3292 1165 3346; x_wconf 79' lang='grc' dir='ltr'><strong>τὸν</strong></span> <span class='ocrx_word' id='word_1_221' title='bbox 1217 3295 1437 3358; x_wconf 84' lang='grc' dir='ltr'><strong>κανόνα,</strong></span> <span class='ocrx_word' id='word_1_222' title='bbox 1469 3297 1654 3368; x_wconf 76' lang='grc' dir='ltr'><strong>πηγὴν</strong></span> <span class='ocrx_word' id='word_1_223' title='bbox 1701 3299 1796 3352; x_wconf 85' lang='grc' dir='ltr'><strong>τοῦ</strong></span> <span class='ocrx_word' id='word_1_224' title='bbox 1847 3301 2004 3369; x_wconf 80' lang='grc' dir='ltr'><strong>ἁγίου</strong></span> 
     </span>
    </p>
   </div>
   <div class='ocr_carea' id='block_1_36' title="bbox 441 3374 2005 3459">
    <p class='ocr_par' dir='ltr' id='par_1_36' title="bbox 441 3374 2005 3459">
     <span class='ocr_line' id='line_1_36' title="bbox 441 3374 2005 3459; baseline 0.012 -34"><span class='ocrx_word' id='word_1_225' title='bbox 441 3374 760 3445; x_wconf 89' lang='grc' dir='ltr'><strong>Πνεύματος</strong></span> <span class='ocrx_word' id='word_1_226' title='bbox 788 3379 877 3431; x_wconf 71' lang='grc' dir='ltr'><strong>τὸν</strong></span> <span class='ocrx_word' id='word_1_227' title='bbox 908 3379 1032 3432; x_wconf 64' lang='lat' dir='ltr'><strong>Tib»</strong></span> <span class='ocrx_word' id='word_1_228' title='bbox 1061 3382 1342 3451; x_wconf 79' lang='grc' dir='ltr'><strong>ὀνομάζει,</strong></span> <span class='ocrx_word' id='word_1_229' title='bbox 1377 3385 1553 3452; x_wconf 84' lang='grc' dir='ltr'><strong>λέγων</strong></span> <span class='ocrx_word' id='word_1_230' title='bbox 1601 3385 1774 3450; x_wconf 76' lang='grc' dir='ltr'><strong>οὕτως</strong></span> <span class='ocrx_word' id='word_1_231' title='bbox 1799 3404 1814 3418; x_wconf 72' lang='grc'><strong>⁸</strong></span> <span class='ocrx_word' id='word_1_232' title='bbox 1847 3389 2005 3459; x_wconf 86' lang='grc' dir='ltr'><strong>Πηγὴ</strong></span> 
     </span>
    </p>
   </div>
   <div class='ocr_carea' id='block_1_37' title="bbox 438 3465 2002 3552">
    <p class='ocr_par' dir='ltr' id='par_1_37' title="bbox 438 3465 2002 3552">
     <span class='ocr_line' id='line_1_37' title="bbox 438 3465 2002 3552; baseline 0.011 -35"><span class='ocrx_word' id='word_1_233' title='bbox 438 3465 584 3535; x_wconf 76' lang='grc' dir='ltr'><strong>ζωῆς</strong></span> <span class='ocrx_word' id='word_1_234' title='bbox 612 3468 639 3519; x_wconf 88' lang='grc' dir='ltr'><strong>ό</strong></span> <span class='ocrx_word' id='word_1_235' title='bbox 676 3468 820 3529; x_wconf 84' lang='grc' dir='ltr'><strong>Υἱός.</strong></span> <span class='ocrx_word' id='word_1_236' title='bbox 848 3471 983 3539; x_wconf 78' lang='grc' dir='ltr'><strong>Φησὶ</strong></span> <span class='ocrx_word' id='word_1_237' title='bbox 1015 3475 1123 3541; x_wconf 75' lang='grc' dir='ltr'><strong>γάρ</strong></span> <span class='ocrx_word' id='word_1_238' title='bbox 1151 3475 1178 3526; x_wconf 90' lang='lat'><strong>6</strong></span> <span class='ocrx_word' id='word_1_239' title='bbox 1209 3474 1376 3528; x_wconf 76' lang='grc' dir='ltr'><strong>Δασὶδ</strong></span> <span class='ocrx_word' id='word_1_240' title='bbox 1430 3476 1566 3546; x_wconf 81' lang='grc' dir='ltr'><strong>πρὸς</strong></span> <span class='ocrx_word' id='word_1_241' title='bbox 1618 3477 1710 3532; x_wconf 73' lang='grc' dir='ltr'><strong>τὸν</strong></span> <span class='ocrx_word' id='word_1_242' title='bbox 1762 3480 2002 3552; x_wconf 82' lang='grc' dir='ltr'><strong>Πατέρα,</strong></span> 
     </span>
    </p>
   </div>
   <div class='ocr_carea' id='block_1_38' title="bbox 440 3556 2006 3639">
    <p class='ocr_par' dir='ltr' id='par_1_38' title="bbox 440 3556 2006 3639">
     <span class='ocr_line' id='line_1_38' title="bbox 440 3556 2006 3639; baseline 0.01 -29"><span class='ocrx_word' id='word_1_243' title='bbox 440 3556 571 3612; x_wconf 80' lang='grc' dir='ltr'><strong>Ὀτι</strong></span> <span class='ocrx_word' id='word_1_244' title='bbox 597 3559 759 3626; x_wconf 75' lang='grc' dir='ltr'><strong>παρὰ</strong></span> <span class='ocrx_word' id='word_1_245' title='bbox 775 3559 877 3614; x_wconf 77' lang='grc' dir='ltr'><strong>σοὶ</strong></span> <span class='ocrx_word' id='word_1_246' title='bbox 914 3563 1076 3632; x_wconf 78' lang='grc' dir='ltr'><strong>πηγὴ</strong></span> <span class='ocrx_word' id='word_1_247' title='bbox 1103 3564 1254 3632; x_wconf 82' lang='grc' dir='ltr'><strong>ζωῆς</strong></span> <span class='ocrx_word' id='word_1_248' title='bbox 1286 3581 1300 3595; x_wconf 76' lang='grc'><strong><em>⁸</em></strong></span> <span class='ocrx_word' id='word_1_249' title='bbox 1335 3569 1429 3622; x_wconf 76' lang='grc' dir='ltr'><strong>καὶ</strong></span> <span class='ocrx_word' id='word_1_250' title='bbox 1458 3567 1623 3620; x_wconf 83' lang='grc' dir='ltr'><strong>πάλιν</strong></span> <span class='ocrx_word' id='word_1_251' title='bbox 1650 3569 1836 3636; x_wconf 72' lang='grc' dir='ltr'><strong>ἕτερος</strong></span> <span class='ocrx_word' id='word_1_252' title='bbox 1874 3589 2006 3639; x_wconf 64' lang='grc' dir='ltr'><strong>προσ</strong></span> 
     </span>
    </p>
   </div>
   <div class='ocr_carea' id='block_1_39' title="bbox 440 3649 2006 3730">
    <p class='ocr_par' dir='ltr' id='par_1_39' title="bbox 440 3649 2006 3730">
     <span class='ocr_line' id='line_1_39' title="bbox 440 3649 2006 3730; baseline 0.009 -29"><span class='ocrx_word' id='word_1_253' title='bbox 440 3649 614 3719; x_wconf 67' lang='grc' dir='ltr'><strong>φήτης</strong></span> <span class='ocrx_word' id='word_1_254' title='bbox 639 3652 784 3719; x_wconf 81' lang='grc' dir='ltr'><strong>λέγει</strong></span> <span class='ocrx_word' id='word_1_255' title='bbox 827 3656 953 3722; x_wconf 78' lang='grc' dir='ltr'><strong>περὶ</strong></span> <span class='ocrx_word' id='word_1_256' title='bbox 979 3655 1087 3709; x_wconf 84' lang='grc' dir='ltr'><strong>τῶν</strong></span> <span class='ocrx_word' id='word_1_257' title='bbox 1153 3656 1420 3711; x_wconf 81' lang='grc' dir='ltr'><strong>Ἰουδαίων</strong></span> <span class='ocrx_word' id='word_1_258' title='bbox 1451 3675 1466 3689; x_wconf 78' lang='grc' dir='ltr'><strong><em>ο</em></strong></span> <span class='ocrx_word' id='word_1_259' title='bbox 1527 3661 1666 3727; x_wconf 74' lang='grc' dir='ltr'><strong>Ἐμὲ</strong></span> <span class='ocrx_word' id='word_1_260' title='bbox 1705 3661 2006 3730; x_wconf 77' lang='grc' dir='ltr'><strong>ἐγκατέλι-</strong></span> 
     </span>
    </p>
   </div>
   <div class='ocr_carea' id='block_1_40' title="bbox 439 3742 2000 3822">
    <p class='ocr_par' dir='ltr' id='par_1_40' title="bbox 439 3742 2000 3822">
     <span class='ocr_line' id='line_1_40' title="bbox 439 3742 2000 3822; baseline 0.009 -29"><span class='ocrx_word' id='word_1_261' title='bbox 439 3758 559 3794; x_wconf 72' lang='grc' dir='ltr'><strong>πον</strong></span> <span class='ocrx_word' id='word_1_262' title='bbox 587 3742 791 3811; x_wconf 76' lang='grc' dir='ltr'><strong>πηγὴν</strong></span> <span class='ocrx_word' id='word_1_263' title='bbox 806 3745 1023 3812; x_wconf 82' lang='grc' dir='ltr'><strong>ὕδατος</strong></span> <span class='ocrx_word' id='word_1_264' title='bbox 1055 3744 1289 3812; x_wconf 79' lang='grc' dir='ltr'><strong>ζῶντος.</strong></span> <span class='ocrx_word' id='word_1_265' title='bbox 1331 3747 1514 3817; x_wconf 78' lang='grc' dir='ltr'><strong>’Υδωρ</strong></span> <span class='ocrx_word' id='word_1_266' title='bbox 1547 3748 1605 3802; x_wconf 84' lang='grc' dir='ltr'><strong>δὲ</strong></span> <span class='ocrx_word' id='word_1_267' title='bbox 1639 3749 1747 3814; x_wconf 78' lang='grc' dir='ltr'><strong>ζῶν</strong></span> <span class='ocrx_word' id='word_1_268' title='bbox 1809 3752 2000 3822; x_wconf 75' lang='grc' dir='ltr'><strong>ὀνομά-</strong></span> 
     </span>
    </p>
   </div>
   <div class='ocr_carea' id='block_1_41' title="bbox 440 3833 1306 3906">
    <p class='ocr_par' dir='ltr' id='par_1_41' title="bbox 440 3833 1306 3906">
     <span class='ocr_line' id='line_1_41' title="bbox 440 3833 1306 3906; baseline 0.012 -22"><span class='ocrx_word' id='word_1_269' title='bbox 440 3833 594 3893; x_wconf 76' lang='grc' dir='ltr'><strong>ζεται</strong></span> <span class='ocrx_word' id='word_1_270' title='bbox 635 3834 696 3887; x_wconf 83' lang='grc' dir='ltr'><strong>τὸ</strong></span> <span class='ocrx_word' id='word_1_271' title='bbox 755 3835 978 3905; x_wconf 88' lang='grc' dir='ltr'><strong>Πνεῦμα</strong></span> <span class='ocrx_word' id='word_1_272' title='bbox 1010 3838 1073 3890; x_wconf 80' lang='grc' dir='ltr'><strong>τὸ</strong></span> <span class='ocrx_word' id='word_1_273' title='bbox 1126 3839 1306 3906; x_wconf 76' lang='grc' dir='ltr'><strong>ἅγιον.</strong></span> 
     </span>
    </p>
   </div>
   <div class='ocr_carea' id='block_1_42' title="bbox 518 3925 2007 4009">
    <p class='ocr_par' dir='ltr' id='par_1_42' title="bbox 518 3925 2007 4009">
     <span class='ocr_line' id='line_1_42' title="bbox 518 3925 2007 4009; baseline 0.01 -33"><span class='ocrx_word' id='word_1_274' title='bbox 518 3925 629 3977; x_wconf 73' lang='grc' dir='ltr'><strong>Καὶ</strong></span> <span class='ocrx_word' id='word_1_275' title='bbox 656 3926 959 3995; x_wconf 83' lang='grc' dir='ltr'><strong>σημείωσαι</strong></span> <span class='ocrx_word' id='word_1_276' title='bbox 983 3929 1063 3981; x_wconf 85' lang='grc' dir='ltr'><strong>ὅτι</strong></span> <span class='ocrx_word' id='word_1_277' title='bbox 1095 3930 1152 3981; x_wconf 85' lang='grc' dir='ltr'><strong>τὸ</strong></span> <span class='ocrx_word' id='word_1_278' title='bbox 1188 3930 1409 4002; x_wconf 83' lang='grc' dir='ltr'><strong>Πνεῦμα</strong></span> <span class='ocrx_word' id='word_1_279' title='bbox 1455 3933 1514 3986; x_wconf 79' lang='grc' dir='ltr'><strong>τδ</strong></span> <span class='ocrx_word' id='word_1_280' title='bbox 1540 3933 1696 4002; x_wconf 80' lang='grc' dir='ltr'><strong>ἂγιον</strong></span> <span class='ocrx_word' id='word_1_281' title='bbox 1725 3937 1861 4005; x_wconf 76' lang='grc' dir='ltr'><strong>φησὶ</strong></span> <span class='ocrx_word' id='word_1_282' title='bbox 1913 3939 2007 4009; x_wconf 77' lang='grc' dir='ltr'><strong>δη-</strong></span> 
     </span>
    </p>
   </div>
   <div class='ocr_carea' id='block_1_43' title="bbox 443 4015 2008 4096">
    <p class='ocr_par' dir='ltr' id='par_1_43' title="bbox 443 4015 2008 4096">
     <span class='ocr_line' id='line_1_43' title="bbox 443 4015 2008 4096; baseline 0.009 -27"><span class='ocrx_word' id='word_1_283' title='bbox 443 4015 554 4069; x_wconf 79' lang='grc' dir='ltr'><strong>λῶν</strong></span> <span class='ocrx_word' id='word_1_284' title='bbox 586 4017 684 4087; x_wconf 77' lang='grc' dir='ltr'><strong>τὴν</strong></span> <span class='ocrx_word' id='word_1_285' title='bbox 710 4019 1027 4074; x_wconf 84' lang='grc' dir='ltr'><strong>ὑπόστασιν.</strong></span> <span class='ocrx_word' id='word_1_286' title='bbox 1063 4021 1128 4073; x_wconf 85' lang='grc' dir='ltr'><em>Ἥ</em></span> <span class='ocrx_word' id='word_1_287' title='bbox 1158 4021 1202 4073; x_wconf 85' lang='grc' dir='ltr'><strong>δ’</strong></span> <span class='ocrx_word' id='word_1_288' title='bbox 1256 4023 1554 4088; x_wconf 84' lang='grc' dir='ltr'><strong>ὑπόστασις</strong></span> <span class='ocrx_word' id='word_1_289' title='bbox 1606 4026 1698 4079; x_wconf 84' lang='grc' dir='ltr'><strong>τοῦ</strong></span> <span class='ocrx_word' id='word_1_290' title='bbox 1757 4029 2008 4096; x_wconf 79' lang='grc' dir='ltr'><strong>Πνεῦμα-</strong></span> 
     </span>
    </p>
   </div>
   <div class='ocr_carea' id='block_1_44' title="bbox 440 4109 2007 4189">
    <p class='ocr_par' dir='ltr' id='par_1_44' title="bbox 440 4109 2007 4189">
     <span class='ocr_line' id='line_1_44' title="bbox 440 4109 2007 4189; baseline 0.01 -29"><span class='ocrx_word' id='word_1_291' title='bbox 440 4126 532 4170; x_wconf 88' lang='grc' dir='ltr'><strong>τος</strong></span> <span class='ocrx_word' id='word_1_292' title='bbox 573 4109 664 4162; x_wconf 83' lang='grc' dir='ltr'><strong>τοῦ</strong></span> <span class='ocrx_word' id='word_1_293' title='bbox 702 4110 861 4177; x_wconf 85' lang='grc' dir='ltr'><strong>ἁγίου</strong></span> <span class='ocrx_word' id='word_1_294' title='bbox 896 4111 1047 4176; x_wconf 88' lang='grc' dir='ltr'><strong>Θεός.</strong></span> <span class='ocrx_word' id='word_1_295' title='bbox 1089 4112 1147 4166; x_wconf 85' lang='grc'><strong>⁸0</strong></span> <span class='ocrx_word' id='word_1_296' title='bbox 1170 4113 1261 4168; x_wconf 84' lang='grc' dir='ltr'><strong>οῦν</strong></span> <span class='ocrx_word' id='word_1_297' title='bbox 1298 4115 1423 4177; x_wconf 78' lang='grc' dir='ltr'><strong>Υἱὸς</strong></span> <span class='ocrx_word' id='word_1_298' title='bbox 1453 4119 1604 4189; x_wconf 83' lang='grc' dir='ltr'><strong>πηγὴ</strong></span> <span class='ocrx_word' id='word_1_299' title='bbox 1634 4119 1726 4172; x_wconf 83' lang='grc' dir='ltr'><strong>τοῦ</strong></span> <span class='ocrx_word' id='word_1_300' title='bbox 1756 4121 2007 4186; x_wconf 77' lang='grc' dir='ltr'><strong>Πνεύμαο</strong></span> 
     </span>
    </p>
   </div>
   <div class='ocr_carea' id='block_1_45' title="bbox 440 4199 2005 4283">
    <p class='ocr_par' dir='ltr' id='par_1_45' title="bbox 440 4199 2005 4283">
     <span class='ocr_line' id='line_1_45' title="bbox 440 4199 2005 4283; baseline 0.009 -30"><span class='ocrx_word' id='word_1_301' title='bbox 440 4217 533 4261; x_wconf 80' lang='grc' dir='ltr'><strong>τος</strong></span> <span class='ocrx_word' id='word_1_302' title='bbox 573 4199 647 4251; x_wconf 83' lang='grc' dir='ltr'><strong>ὢν</strong></span> <span class='ocrx_word' id='word_1_303' title='bbox 677 4201 770 4253; x_wconf 86' lang='grc' dir='ltr'><strong>τοῦ</strong></span> <span class='ocrx_word' id='word_1_304' title='bbox 799 4202 980 4268; x_wconf 75' lang='grc' dir='ltr'><strong>ἁγίου,</strong></span> <span class='ocrx_word' id='word_1_305' title='bbox 1024 4204 1176 4274; x_wconf 74' lang='grc' dir='ltr'><strong>πηγὴ</strong></span> <span class='ocrx_word' id='word_1_306' title='bbox 1224 4204 1475 4270; x_wconf 71' lang='grc' dir='ltr'><strong>θεότητός</strong></span> <span class='ocrx_word' id='word_1_307' title='bbox 1524 4211 1673 4263; x_wconf 79' lang='grc' dir='ltr'><strong>ἐστιν</strong></span> <span class='ocrx_word' id='word_1_308' title='bbox 1715 4213 2005 4283; x_wconf 80' lang='grc' dir='ltr'><strong>ἁριδήλως.</strong></span> 
     </span>
    </p>
   </div>
   <div class='ocr_carea' id='block_1_46' title="bbox 446 4293 2009 4375">
    <p class='ocr_par' dir='ltr' id='par_1_46' title="bbox 446 4293 2009 4375">
     <span class='ocr_line' id='line_1_46' title="bbox 446 4293 2009 4375; baseline 0.008 -30"><span class='ocrx_word' id='word_1_309' title='bbox 446 4294 608 4345; x_wconf 80' lang='grc' dir='ltr'><strong>Ὥστε</strong></span> <span class='ocrx_word' id='word_1_310' title='bbox 629 4294 684 4343; x_wconf 70' lang='grc' dir='ltr'><strong>τὸ</strong></span> <span class='ocrx_word' id='word_1_311' title='bbox 697 4293 791 4347; x_wconf 87' lang='grc' dir='ltr'><strong>τοῦ</strong></span> <span class='ocrx_word' id='word_1_312' title='bbox 816 4294 962 4347; x_wconf 84' lang='grc' dir='ltr'><strong>θείου</strong></span> <span class='ocrx_word' id='word_1_313' title='bbox 993 4298 1296 4365; x_wconf 76' lang='grc' dir='ltr'><strong>Διονυσίου,</strong></span> <span class='ocrx_word' id='word_1_314' title='bbox 1325 4301 1476 4369; x_wconf 82' lang='grc' dir='ltr'><strong>Μόνη</strong></span> <span class='ocrx_word' id='word_1_315' title='bbox 1501 4302 1653 4372; x_wconf 82' lang='grc' dir='ltr'><strong>πηγὴ</strong></span> <span class='ocrx_word' id='word_1_316' title='bbox 1668 4304 1764 4370; x_wconf 73' lang='grc' dir='ltr'><strong>τῆς</strong></span> <span class='ocrx_word' id='word_1_317' title='bbox 1780 4303 2009 4375; x_wconf 81' lang='grc' dir='ltr'><strong>ὑπερου-</strong></span> 
     </span>
    </p>
   </div>
   <div class='ocr_carea' id='block_1_47' title="bbox 445 4381 2008 4469">
    <p class='ocr_par' dir='ltr' id='par_1_47' title="bbox 445 4381 2008 4469">
     <span class='ocr_line' id='line_1_47' title="bbox 445 4381 2008 4469; baseline 0.012 -38"><span class='ocrx_word' id='word_1_318' title='bbox 445 4381 561 4435; x_wconf 78' lang='grc' dir='ltr'><strong>σίου</strong></span> <span class='ocrx_word' id='word_1_319' title='bbox 598 4381 850 4452; x_wconf 85' lang='grc' dir='ltr'><strong>θεότητος</strong></span> <span class='ocrx_word' id='word_1_320' title='bbox 880 4385 908 4436; x_wconf 90' lang='lat'><strong>6</strong></span> <span class='ocrx_word' id='word_1_321' title='bbox 934 4385 1142 4455; x_wconf 79' lang='grc' dir='ltr'><strong>Πατὴρ,</strong></span> <span class='ocrx_word' id='word_1_322' title='bbox 1175 4386 1447 4456; x_wconf 84' lang='grc' dir='ltr'><strong>λέγοντος,</strong></span> <span class='ocrx_word' id='word_1_323' title='bbox 1479 4392 1602 4445; x_wconf 73' lang='grc' dir='ltr'><strong>ἐπεὶ</strong></span> <span class='ocrx_word' id='word_1_324' title='bbox 1633 4397 1742 4458; x_wconf 84' lang='grc' dir='ltr'><strong>τοίς</strong></span> <span class='ocrx_word' id='word_1_325' title='bbox 1785 4397 2008 4469; x_wconf 81' lang='grc' dir='ltr'><strong>εἰρημέ-</strong></span> 
     </span>
    </p>
   </div>
   <div class='ocr_carea' id='block_1_48' title="bbox 2030 3112 2078 3171">
    <p class='ocr_par' dir='ltr' id='par_1_48' title="bbox 2030 3112 2078 3171">
     <span class='ocr_line' id='line_1_48' title="bbox 2030 3112 2078 3171; baseline 0 0"><span class='ocrx_word' id='word_1_326' title='bbox 2030 3112 2078 3171; x_wconf 83' lang='lat' dir='ltr'><strong>C</strong></span> 
     </span>
    </p>
   </div>
   <div class='ocr_carea' id='block_1_49' title="bbox 2101 543 3668 614">
    <p class='ocr_par' dir='ltr' id='par_1_49' title="bbox 2101 543 3668 614">
     <span class='ocr_line' id='line_1_49' title="bbox 2101 543 3668 614; baseline 0 -18"><span class='ocrx_word' id='word_1_327' title='bbox 2101 543 2286 596; x_wconf 85' lang='lat' dir='ltr'><strong>cordia</strong></span> <span class='ocrx_word' id='word_1_328' title='bbox 2328 544 2649 614; x_wconf 88' lang='lat' dir='ltr'><strong>conscripsi,</strong></span> <span class='ocrx_word' id='word_1_329' title='bbox 2701 544 2949 598; x_wconf 89' lang='lat' dir='ltr'><strong>oratione</strong></span> <span class='ocrx_word' id='word_1_330' title='bbox 2989 543 3272 613; x_wconf 74' lang='lat' dir='ltr'><strong>probatur,</strong></span> <span class='ocrx_word' id='word_1_331' title='bbox 3321 543 3668 610; x_wconf 71' lang='lat' dir='ltr'><strong>maximeque</strong></span> 
     </span>
    </p>
   </div>
   <div class='ocr_carea' id='block_1_50' title="bbox 2097 631 3665 705">
    <p class='ocr_par' dir='ltr' id='par_1_50' title="bbox 2097 631 3665 705">
     <span class='ocr_line' id='line_1_50' title="bbox 2097 631 3665 705; baseline -0.001 -19"><span class='ocrx_word' id='word_1_332' title='bbox 2097 634 2267 687; x_wconf 83' lang='lat' dir='ltr'><strong>verbo</strong></span> <span class='ocrx_word' id='word_1_333' title='bbox 2299 635 2698 704; x_wconf 65' lang='grc' dir='ltr'><strong>ἐκπορεύεσθαι</strong></span> <span class='ocrx_word' id='word_1_334' title='bbox 2725 635 2972 690; x_wconf 85' lang='lat' dir='ltr'><strong>adhibito</strong></span> <span class='ocrx_word' id='word_1_335' title='bbox 2993 645 3048 688; x_wconf 93' lang='lat' dir='ltr'><strong>et</strong></span> <span class='ocrx_word' id='word_1_336' title='bbox 3078 635 3311 705; x_wconf 83' lang='lat' dir='ltr'><strong>adjecto,</strong></span> <span class='ocrx_word' id='word_1_337' title='bbox 3336 631 3480 701; x_wconf 90' lang='lat' dir='ltr'><strong>quod</strong></span> <span class='ocrx_word' id='word_1_338' title='bbox 3501 632 3665 686; x_wconf 87' lang='lat' dir='ltr'><strong>etiant</strong></span> 
     </span>
    </p>
   </div>
   <div class='ocr_carea' id='block_1_51' title="bbox 2098 725 3666 804">
    <p class='ocr_par' dir='ltr' id='par_1_51' title="bbox 2098 725 3666 804">
     <span class='ocr_line' id='line_1_51' title="bbox 2098 725 3666 804; baseline -0.001 -27"><span class='ocrx_word' id='word_1_339' title='bbox 2098 725 2403 780; x_wconf 89' lang='lat' dir='ltr'><strong>secundum</strong></span> <span class='ocrx_word' id='word_1_340' title='bbox 2437 737 2730 791; x_wconf 71' lang='lat' dir='ltr'><strong>nostrates,</strong></span> <span class='ocrx_word' id='word_1_341' title='bbox 2761 727 2896 780; x_wconf 89' lang='lat' dir='ltr'><strong>nihil</strong></span> <span class='ocrx_word' id='word_1_342' title='bbox 2930 726 3076 780; x_wconf 74' lang='lat' dir='ltr'><strong>aliud</strong></span> <span class='ocrx_word' id='word_1_343' title='bbox 3105 742 3264 804; x_wconf 74' lang='lat' dir='ltr'><strong>quam</strong></span> <span class='ocrx_word' id='word_1_344' title='bbox 3291 725 3666 778; x_wconf 76' lang='lat' dir='ltr'><strong>exsistentiam</strong></span> 
     </span>
    </p>
   </div>
   <div class='ocr_carea' id='block_1_52' title="bbox 2103 813 3670 886">
    <p class='ocr_par' dir='ltr' id='par_1_52' title="bbox 2103 813 3670 886">
     <span class='ocr_line' id='line_1_52' title="bbox 2103 813 3670 886; baseline 0.003 -20"><span class='ocrx_word' id='word_1_345' title='bbox 2103 813 2340 882; x_wconf 80' lang='lat' dir='ltr'><strong>Spiritus</strong></span> <span class='ocrx_word' id='word_1_346' title='bbox 2370 816 2663 885; x_wconf 75' lang='lat' dir='ltr'><strong>significat.</strong></span> <span class='ocrx_word' id='word_1_347' title='bbox 2701 816 2826 871; x_wconf 68' lang='lat' dir='ltr'><strong>litae</strong></span> <span class='ocrx_word' id='word_1_348' title='bbox 2853 818 3016 886; x_wconf 68' lang='lat' dir='ltr'><strong>igitur</strong></span> <span class='ocrx_word' id='word_1_349' title='bbox 3045 817 3111 870; x_wconf 90' lang='lat' dir='ltr'><strong>ad</strong></span> <span class='ocrx_word' id='word_1_350' title='bbox 3137 816 3294 882; x_wconf 89' lang='lat' dir='ltr'><strong>illud,</strong></span> <span class='ocrx_word' id='word_1_351' title='bbox 3331 817 3475 886; x_wconf 90' lang='lat' dir='ltr'><strong>quod</strong></span> <span class='ocrx_word' id='word_1_352' title='bbox 3511 818 3670 872; x_wconf 79' lang='lat' dir='ltr'><strong>nobis</strong></span> 
     </span>
    </p>
   </div>
   <div class='ocr_carea' id='block_1_53' title="bbox 2097 908 3090 978">
    <p class='ocr_par' dir='ltr' id='par_1_53' title="bbox 2097 908 3090 978">
     <span class='ocr_line' id='line_1_53' title="bbox 2097 908 3090 978; baseline 0.002 -18"><span class='ocrx_word' id='word_1_353' title='bbox 2097 922 2165 960; x_wconf 83' lang='lat' dir='ltr'><strong>ex</strong></span> <span class='ocrx_word' id='word_1_354' title='bbox 2206 908 2425 977; x_wconf 79' lang='lat' dir='ltr'><strong>scriptis</strong></span> <span class='ocrx_word' id='word_1_355' title='bbox 2453 909 2768 964; x_wconf 88' lang='lat' dir='ltr'><strong>Damasceni</strong></span> <span class='ocrx_word' id='word_1_356' title='bbox 2804 909 3090 978; x_wconf 88' lang='lat' dir='ltr'><strong>objiciunt.</strong></span> 
     </span>
    </p>
   </div>
   <div class='ocr_carea' id='block_1_54' title="bbox 2407 1133 3291 1204">
    <p class='ocr_par' dir='ltr' id='par_1_54' title="bbox 2407 1133 3291 1204">
     <span class='ocr_line' id='line_1_54' title="bbox 2407 1133 3291 1204; baseline -0.002 -14"><span class='ocrx_word' id='word_1_357' title='bbox 2407 1135 2613 1190; x_wconf 77' lang='lat' dir='ltr'><strong>Salutio</strong></span> <span class='ocrx_word' id='word_1_358' title='bbox 2662 1135 2788 1189; x_wconf 82' lang='lat' dir='ltr'><strong>dicti</strong></span> <span class='ocrx_word' id='word_1_359' title='bbox 2819 1135 2989 1190; x_wconf 83' lang='lat' dir='ltr'><strong>sancti</strong></span> <span class='ocrx_word' id='word_1_360' title='bbox 3031 1133 3291 1204; x_wconf 74' lang='lat' dir='ltr'><strong>Dionysii.</strong></span> 
     </span>
    </p>
   </div>
   <div class='ocr_carea' id='block_1_55' title="bbox 2171 1271 3672 1342">
    <p class='ocr_par' dir='ltr' id='par_1_55' title="bbox 2171 1271 3672 1342">
     <span class='ocr_line' id='line_1_55' title="bbox 2171 1271 3672 1342; baseline -0.001 -14"><span class='ocrx_word' id='word_1_361' title='bbox 2171 1275 2250 1328; x_wconf 85' lang='lat' dir='ltr'><strong>Ad</strong></span> <span class='ocrx_word' id='word_1_362' title='bbox 2281 1275 2416 1328; x_wconf 88' lang='lat' dir='ltr'><strong>illud</strong></span> <span class='ocrx_word' id='word_1_363' title='bbox 2443 1289 2576 1327; x_wconf 85' lang='lat' dir='ltr'><strong>vero</strong></span> <span class='ocrx_word' id='word_1_364' title='bbox 2602 1272 2777 1327; x_wconf 83' lang='lat' dir='ltr'><strong>sancti</strong></span> <span class='ocrx_word' id='word_1_365' title='bbox 2810 1272 3078 1342; x_wconf 83' lang='lat' dir='ltr'><strong>Dionysii,</strong></span> <span class='ocrx_word' id='word_1_366' title='bbox 3108 1280 3168 1326; x_wconf 91' lang='lat' dir='ltr'><strong>ut</strong></span> <span class='ocrx_word' id='word_1_367' title='bbox 3201 1271 3373 1341; x_wconf 76' lang='lat' dir='ltr'><strong>magis</strong></span> <span class='ocrx_word' id='word_1_368' title='bbox 3391 1279 3445 1326; x_wconf 91' lang='lat' dir='ltr'><strong>et</strong></span> <span class='ocrx_word' id='word_1_369' title='bbox 3473 1271 3672 1326; x_wconf 84' lang='lat' dir='ltr'><strong>clarius</strong></span> 
     </span>
    </p>
   </div>
   <div class='ocr_carea' id='block_1_56' title="bbox 2101 1361 3670 1434">
    <p class='ocr_par' dir='ltr' id='par_1_56' title="bbox 2101 1361 3670 1434">
     <span class='ocr_line' id='line_1_56' title="bbox 2101 1361 3670 1434; baseline -0.003 -16"><span class='ocrx_word' id='word_1_370' title='bbox 2101 1373 2386 1434; x_wconf 84' lang='lat' dir='ltr'><strong>appareat,</strong></span> <span class='ocrx_word' id='word_1_371' title='bbox 2421 1379 2528 1419; x_wconf 89' lang='lat' dir='ltr'><strong>non</strong></span> <span class='ocrx_word' id='word_1_372' title='bbox 2579 1365 2726 1417; x_wconf 85' lang='lat' dir='ltr'><strong>hunc</strong></span> <span class='ocrx_word' id='word_1_373' title='bbox 2778 1363 2981 1418; x_wconf 82' lang='lat' dir='ltr'><strong>habere</strong></span> <span class='ocrx_word' id='word_1_374' title='bbox 3016 1379 3259 1425; x_wconf 82' lang='lat' dir='ltr'><strong>sensum,</strong></span> <span class='ocrx_word' id='word_1_375' title='bbox 3288 1378 3450 1432; x_wconf 82' lang='lat' dir='ltr'><strong>quem</strong></span> <span class='ocrx_word' id='word_1_376' title='bbox 3497 1361 3670 1416; x_wconf 77' lang='lat' dir='ltr'><strong>nostri</strong></span> 
     </span>
    </p>
   </div>
   <div class='ocr_carea' id='block_1_57' title="bbox 2101 1454 3670 1526">
    <p class='ocr_par' dir='ltr' id='par_1_57' title="bbox 2101 1454 3670 1526">
     <span class='ocr_line' id='line_1_57' title="bbox 2101 1454 3670 1526; baseline -0.002 -16"><span class='ocrx_word' id='word_1_377' title='bbox 2101 1457 2477 1518; x_wconf 83' lang='lat' dir='ltr'><strong>arbitrantur,</strong></span> <span class='ocrx_word' id='word_1_378' title='bbox 2532 1457 2789 1512; x_wconf 82' lang='lat' dir='ltr'><strong>audiendi</strong></span> <span class='ocrx_word' id='word_1_379' title='bbox 2845 1466 2974 1512; x_wconf 88' lang='lat' dir='ltr'><strong>sunt</strong></span> <span class='ocrx_word' id='word_1_380' title='bbox 3023 1457 3176 1526; x_wconf 88' lang='lat' dir='ltr'><strong>prius</strong></span> <span class='ocrx_word' id='word_1_381' title='bbox 3230 1455 3517 1518; x_wconf 88' lang='lat' dir='ltr'><strong>doctores,</strong></span> <span class='ocrx_word' id='word_1_382' title='bbox 3573 1454 3670 1523; x_wconf 85' lang='lat' dir='ltr'><strong>qui</strong></span> 
     </span>
    </p>
   </div>
   <div class='ocr_carea' id='block_1_58' title="bbox 2102 1545 3668 1614">
    <p class='ocr_par' dir='ltr' id='par_1_58' title="bbox 2102 1545 3668 1614">
     <span class='ocr_line' id='line_1_58' title="bbox 2102 1545 3668 1614; baseline -0.003 -12"><span class='ocrx_word' id='word_1_383' title='bbox 2102 1548 2416 1604; x_wconf 89' lang='lat' dir='ltr'><strong>eoncedunt</strong></span> <span class='ocrx_word' id='word_1_384' title='bbox 2447 1548 2643 1602; x_wconf 80' lang='lat' dir='ltr'><strong>Filium</strong></span> <span class='ocrx_word' id='word_1_385' title='bbox 2666 1562 2787 1602; x_wconf 88' lang='lat' dir='ltr'><strong>esse</strong></span> <span class='ocrx_word' id='word_1_386' title='bbox 2821 1547 3026 1602; x_wconf 79' lang='lat' dir='ltr'><strong>fontem</strong></span> <span class='ocrx_word' id='word_1_387' title='bbox 3057 1546 3298 1614; x_wconf 87' lang='lat' dir='ltr'><strong>Spiritus</strong></span> <span class='ocrx_word' id='word_1_388' title='bbox 3328 1545 3502 1600; x_wconf 83' lang='lat' dir='ltr'><strong>sancti</strong></span> <span class='ocrx_word' id='word_1_389' title='bbox 3527 1563 3540 1608; x_wconf 87' lang='lat'><strong>;</strong></span> <span class='ocrx_word' id='word_1_390' title='bbox 3562 1562 3668 1599; x_wconf 90' lang='lat' dir='ltr'><strong>non</strong></span> 
     </span>
    </p>
   </div>
   <div class='ocr_carea' id='block_1_59' title="bbox 2103 1637 3669 1711">
    <p class='ocr_par' dir='ltr' id='par_1_59' title="bbox 2103 1637 3669 1711">
     <span class='ocr_line' id='line_1_59' title="bbox 2103 1637 3669 1711; baseline -0.004 -15"><span class='ocrx_word' id='word_1_391' title='bbox 2103 1643 2374 1696; x_wconf 90' lang='lat' dir='ltr'><strong>donorum</strong></span> <span class='ocrx_word' id='word_1_392' title='bbox 2403 1642 2766 1711; x_wconf 87' lang='lat' dir='ltr'><strong>quorumdam</strong></span> <span class='ocrx_word' id='word_1_393' title='bbox 2794 1656 2904 1696; x_wconf 91' lang='lat' dir='ltr'><strong>non</strong></span> <span class='ocrx_word' id='word_1_394' title='bbox 2934 1640 3355 1696; x_wconf 87' lang='lat' dir='ltr'><strong>subsistentium</strong></span> <span class='ocrx_word' id='word_1_395' title='bbox 3376 1639 3504 1710; x_wconf 88' lang='lat' dir='ltr'><strong>(hoc</strong></span> <span class='ocrx_word' id='word_1_396' title='bbox 3525 1637 3669 1692; x_wconf 89' lang='lat' dir='ltr'><strong>enim</strong></span> 
     </span>
    </p>
   </div>
   <div class='ocr_carea' id='block_1_60' title="bbox 2104 1731 3672 1804">
    <p class='ocr_par' dir='ltr' id='par_1_60' title="bbox 2104 1731 3672 1804">
     <span class='ocr_line' id='line_1_60' title="bbox 2104 1731 3672 1804; baseline -0.004 -16"><span class='ocrx_word' id='word_1_397' title='bbox 2104 1735 2423 1804; x_wconf 81' lang='lat' dir='ltr'><strong>frequenter</strong></span> <span class='ocrx_word' id='word_1_398' title='bbox 2478 1734 2532 1787; x_wconf 92' lang='lat' dir='ltr'><strong>in</strong></span> <span class='ocrx_word' id='word_1_399' title='bbox 2587 1747 2750 1788; x_wconf 87' lang='lat' dir='ltr'><strong>omne</strong></span> <span class='ocrx_word' id='word_1_400' title='bbox 2821 1733 3028 1787; x_wconf 86' lang='lat' dir='ltr'><strong>dictum</strong></span> <span class='ocrx_word' id='word_1_401' title='bbox 3085 1731 3331 1786; x_wconf 80' lang='lat' dir='ltr'><strong>nonnuili</strong></span> <span class='ocrx_word' id='word_1_402' title='bbox 3406 1744 3672 1797; x_wconf 81' lang='lat' dir='ltr'><strong>usurpare</strong></span> 
     </span>
    </p>
   </div>
   <div class='ocr_carea' id='block_1_61' title="bbox 2102 1820 3670 1897">
    <p class='ocr_par' dir='ltr' id='par_1_61' title="bbox 2102 1820 3670 1897">
     <span class='ocr_line' id='line_1_61' title="bbox 2102 1820 3670 1897; baseline -0.008 -13"><span class='ocrx_word' id='word_1_403' title='bbox 2102 1840 2266 1897; x_wconf 86' lang='lat' dir='ltr'><strong>atque</strong></span> <span class='ocrx_word' id='word_1_404' title='bbox 2293 1821 2376 1882; x_wconf 85' lang='lat' dir='ltr'><strong>uti</strong></span> <span class='ocrx_word' id='word_1_405' title='bbox 2411 1827 2555 1881; x_wconf 87' lang='lat' dir='ltr'><strong>soliti</strong></span> <span class='ocrx_word' id='word_1_406' title='bbox 2595 1826 2769 1894; x_wconf 90' lang='lat' dir='ltr'><strong>sunt).</strong></span> <span class='ocrx_word' id='word_1_407' title='bbox 2819 1826 2913 1879; x_wconf 86' lang='lat' dir='ltr'><strong>sed</strong></span> <span class='ocrx_word' id='word_1_408' title='bbox 2949 1824 3123 1892; x_wconf 75' lang='lat' dir='ltr'><strong>ipsius</strong></span> <span class='ocrx_word' id='word_1_409' title='bbox 3159 1823 3513 1892; x_wconf 76' lang='lat' dir='ltr'><strong>hypostascos</strong></span> <span class='ocrx_word' id='word_1_410' title='bbox 3544 1820 3670 1889; x_wconf 82' lang='lat' dir='ltr'><strong>Spi-</strong></span> 
     </span>
    </p>
   </div>
   <div class='ocr_carea' id='block_1_62' title="bbox 2103 1913 3674 1987">
    <p class='ocr_par' dir='ltr' id='par_1_62' title="bbox 2103 1913 3674 1987">
     <span class='ocr_line' id='line_1_62' title="bbox 2103 1913 3674 1987; baseline -0.008 -11"><span class='ocrx_word' id='word_1_411' title='bbox 2103 1923 2260 1978; x_wconf 84' lang='lat' dir='ltr'><strong>ritus.</strong></span> <span class='ocrx_word' id='word_1_412' title='bbox 2291 1921 2529 1976; x_wconf 83' lang='lat' dir='ltr'><strong>Primum</strong></span> <span class='ocrx_word' id='word_1_413' title='bbox 2561 1919 2728 1987; x_wconf 70' lang='lat' dir='ltr'><strong>igitur</strong></span> <span class='ocrx_word' id='word_1_414' title='bbox 2751 1916 3106 1976; x_wconf 76' lang='lat' dir='ltr'><strong>Athanasius.</strong></span> <span class='ocrx_word' id='word_1_415' title='bbox 3128 1916 3182 1969; x_wconf 93' lang='lat' dir='ltr'><strong>in</strong></span> <span class='ocrx_word' id='word_1_416' title='bbox 3209 1914 3456 1967; x_wconf 85' lang='lat' dir='ltr'><strong>oratione</strong></span> <span class='ocrx_word' id='word_1_417' title='bbox 3481 1913 3674 1965; x_wconf 75' lang='lat' dir='ltr'><strong>adver-</strong></span> 
     </span>
    </p>
   </div>
   <div class='ocr_carea' id='block_1_63' title="bbox 2102 2005 3674 2079">
    <p class='ocr_par' dir='ltr' id='par_1_63' title="bbox 2102 2005 3674 2079">
     <span class='ocr_line' id='line_1_63' title="bbox 2102 2005 3674 2079; baseline -0.01 -9"><span class='ocrx_word' id='word_1_418' title='bbox 2102 2031 2197 2070; x_wconf 87' lang='lat' dir='ltr'><strong>sus</strong></span> <span class='ocrx_word' id='word_1_419' title='bbox 2219 2015 2472 2077; x_wconf 82' lang='lat' dir='ltr'><strong>Arianos,</strong></span> <span class='ocrx_word' id='word_1_420' title='bbox 2495 2011 2625 2066; x_wconf 89' lang='lat' dir='ltr'><strong>illud</strong></span> <span class='ocrx_word' id='word_1_421' title='bbox 2660 2009 2850 2079; x_wconf 83' lang='lat' dir='ltr'><strong>psalmi</strong></span> <span class='ocrx_word' id='word_1_422' title='bbox 2883 2025 2896 2061; x_wconf 91' lang='lat'><strong>:</strong></span> <span class='ocrx_word' id='word_1_423' title='bbox 2925 2007 3188 2073; x_wconf 82' lang='lat' dir='ltr'><strong>Quoniam</strong></span> <span class='ocrx_word' id='word_1_424' title='bbox 3219 2006 3361 2073; x_wconf 89' lang='lat' dir='ltr'><strong>apud</strong></span> <span class='ocrx_word' id='word_1_425' title='bbox 3388 2016 3438 2057; x_wconf 85' lang='lat' dir='ltr'><strong>te</strong></span> <span class='ocrx_word' id='word_1_426' title='bbox 3455 2012 3532 2056; x_wconf 77' lang='lat' dir='ltr'><strong>est</strong></span> <span class='ocrx_word' id='word_1_427' title='bbox 3557 2005 3674 2072; x_wconf 73' lang='lat' dir='ltr'><strong>[one</strong></span> 
     </span>
    </p>
   </div>
   <div class='ocr_carea' id='block_1_64' title="bbox 2099 2095 3675 2172">
    <p class='ocr_par' dir='ltr' id='par_1_64' title="bbox 2099 2095 3675 2172">
     <span class='ocr_line' id='line_1_64' title="bbox 2099 2095 3675 2172; baseline -0.01 -9"><span class='ocrx_word' id='word_1_428' title='bbox 2099 2111 2243 2172; x_wconf 74' lang='lat' dir='ltr'><strong>uiue,</strong></span> <span class='ocrx_word' id='word_1_429' title='bbox 2290 2106 2589 2172; x_wconf 79' lang='lat' dir='ltr'><strong>explanans</strong></span> <span class='ocrx_word' id='word_1_430' title='bbox 2623 2120 2638 2158; x_wconf 87' lang='lat'>:</span> <span class='ocrx_word' id='word_1_431' title='bbox 2674 2101 2895 2156; x_wconf 83' lang='lat' dir='ltr'><strong>Sciebat</strong></span> <span class='ocrx_word' id='word_1_432' title='bbox 2937 2099 3105 2164; x_wconf 87' lang='lat' dir='ltr'><strong>enim,</strong></span> <span class='ocrx_word' id='word_1_433' title='bbox 3148 2098 3344 2165; x_wconf 87' lang='lat' dir='ltr'><strong>inquit,</strong></span> <span class='ocrx_word' id='word_1_434' title='bbox 3378 2095 3538 2149; x_wconf 79' lang='lat' dir='ltr'><strong>Pater</strong></span> <span class='ocrx_word' id='word_1_435' title='bbox 3568 2095 3675 2149; x_wconf 86' lang='lat' dir='ltr'><strong>sci-</strong></span> 
     </span>
    </p>
   </div>
   <div class='ocr_carea' id='block_1_65' title="bbox 2102 2187 3676 2263">
    <p class='ocr_par' dir='ltr' id='par_1_65' title="bbox 2102 2187 3676 2263">
     <span class='ocr_line' id='line_1_65' title="bbox 2102 2187 3676 2263; baseline -0.01 -9"><span class='ocrx_word' id='word_1_436' title='bbox 2102 2201 2234 2254; x_wconf 88' lang='lat' dir='ltr'><strong>licet</strong></span> <span class='ocrx_word' id='word_1_437' title='bbox 2294 2197 2500 2250; x_wconf 88' lang='lat' dir='ltr'><strong>hahere</strong></span> <span class='ocrx_word' id='word_1_438' title='bbox 2555 2193 2696 2263; x_wconf 81' lang='lat' dir='ltr'><strong>apud</strong></span> <span class='ocrx_word' id='word_1_439' title='bbox 2755 2208 2813 2246; x_wconf 89' lang='lat' dir='ltr'><strong>se</strong></span> <span class='ocrx_word' id='word_1_440' title='bbox 2870 2191 3111 2257; x_wconf 82' lang='lat' dir='ltr'><strong>Filium,</strong></span> <span class='ocrx_word' id='word_1_441' title='bbox 3171 2192 3374 2244; x_wconf 78' lang='lat' dir='ltr'><strong>fontem</strong></span> <span class='ocrx_word' id='word_1_442' title='bbox 3437 2187 3676 2257; x_wconf 74' lang='lat' dir='ltr'><strong>Spiritus</strong></span> 
     </span>
    </p>
   </div>
   <div class='ocr_carea' id='block_1_66' title="bbox 2104 2291 2305 2347">
    <p class='ocr_par' dir='ltr' id='par_1_66' title="bbox 2104 2291 2305 2347">
     <span class='ocr_line' id='line_1_66' title="bbox 2104 2291 2305 2347; baseline -0.02 0"><span class='ocrx_word' id='word_1_443' title='bbox 2104 2291 2305 2347; x_wconf 87' lang='lat' dir='ltr'><strong>sancti.</strong></span> 
     </span>
    </p>
   </div>
   <div class='ocr_carea' id='block_1_67' title="bbox 2179 2370 3678 2450">
    <p class='ocr_par' dir='ltr' id='par_1_67' title="bbox 2179 2370 3678 2450">
     <span class='ocr_line' id='line_1_67' title="bbox 2179 2370 3678 2450; baseline -0.01 -13"><span class='ocrx_word' id='word_1_444' title='bbox 2179 2385 2323 2437; x_wconf 82' lang='lat' dir='ltr'><strong>Sane</strong></span> <span class='ocrx_word' id='word_1_445' title='bbox 2347 2380 2567 2450; x_wconf 79' lang='lat' dir='ltr'><strong>quidem</strong></span> <span class='ocrx_word' id='word_1_446' title='bbox 2604 2373 2942 2448; x_wconf 86' lang='lat' dir='ltr'><strong>hypostasim</strong></span> <span class='ocrx_word' id='word_1_447' title='bbox 2985 2373 3075 2427; x_wconf 89' lang='lat' dir='ltr'><strong>hic</strong></span> <span class='ocrx_word' id='word_1_448' title='bbox 3104 2371 3399 2441; x_wconf 74' lang='lat' dir='ltr'><strong>signiﬁcat,</strong></span> <span class='ocrx_word' id='word_1_449' title='bbox 3435 2386 3544 2424; x_wconf 89' lang='lat' dir='ltr'><strong>non</strong></span> <span class='ocrx_word' id='word_1_450' title='bbox 3579 2370 3678 2423; x_wconf 88' lang='lat' dir='ltr'><strong>do-</strong></span> 
     </span>
    </p>
   </div>
   <div class='ocr_carea' id='block_1_68' title="bbox 2107 2457 3674 2538">
    <p class='ocr_par' dir='ltr' id='par_1_68' title="bbox 2107 2457 3674 2538">
     <span class='ocr_line' id='line_1_68' title="bbox 2107 2457 3674 2538; baseline -0.008 -13"><span class='ocrx_word' id='word_1_451' title='bbox 2107 2486 2235 2525; x_wconf 87' lang='lat' dir='ltr'><strong>num</strong></span> <span class='ocrx_word' id='word_1_452' title='bbox 2277 2468 2524 2538; x_wconf 88' lang='lat' dir='ltr'><strong>aliquod.</strong></span> <span class='ocrx_word' id='word_1_453' title='bbox 2578 2463 2987 2521; x_wconf 87' lang='lat' dir='ltr'><strong>subsistentiam</strong></span> <span class='ocrx_word' id='word_1_454' title='bbox 3027 2477 3133 2516; x_wconf 89' lang='lat' dir='ltr'><strong>non</strong></span> <span class='ocrx_word' id='word_1_455' title='bbox 3187 2460 3412 2514; x_wconf 78' lang='lat' dir='ltr'><strong>habens.</strong></span> <span class='ocrx_word' id='word_1_456' title='bbox 3457 2457 3674 2512; x_wconf 84' lang='lat' dir='ltr'><strong>Etenim</strong></span> 
     </span>
    </p>
   </div>
   <div class='ocr_carea' id='block_1_69' title="bbox 2107 2551 3673 2627">
    <p class='ocr_par' dir='ltr' id='par_1_69' title="bbox 2107 2551 3673 2627">
     <span class='ocr_line' id='line_1_69' title="bbox 2107 2551 3673 2627; baseline -0.009 -10"><span class='ocrx_word' id='word_1_457' title='bbox 2107 2563 2373 2618; x_wconf 80' lang='lat' dir='ltr'><strong>habemus</strong></span> <span class='ocrx_word' id='word_1_458' title='bbox 2403 2576 2433 2614; x_wconf 90' lang='lat' dir='ltr'><strong>a</strong></span> <span class='ocrx_word' id='word_1_459' title='bbox 2470 2559 2672 2614; x_wconf 75' lang='lat' dir='ltr'><strong>Basilio</strong></span> <span class='ocrx_word' id='word_1_460' title='bbox 2709 2557 2902 2627; x_wconf 74' lang='lat' dir='ltr'><strong>Magno</strong></span> <span class='ocrx_word' id='word_1_461' title='bbox 2931 2556 3186 2608; x_wconf 87' lang='lat' dir='ltr'><strong>traditam</strong></span> <span class='ocrx_word' id='word_1_462' title='bbox 3221 2551 3382 2607; x_wconf 87' lang='lat' dir='ltr'><strong>nobis</strong></span> <span class='ocrx_word' id='word_1_463' title='bbox 3408 2551 3673 2620; x_wconf 74' lang='lat' dir='ltr'><strong>regulam,</strong></span> 
     </span>
    </p>
   </div>
   <div class='ocr_carea' id='block_1_70' title="bbox 2105 2644 3676 2723">
    <p class='ocr_par' dir='ltr' id='par_1_70' title="bbox 2105 2644 3676 2723">
     <span class='ocr_line' id='line_1_70' title="bbox 2105 2644 3676 2723; baseline -0.008 -14"><span class='ocrx_word' id='word_1_464' title='bbox 2105 2671 2230 2710; x_wconf 87' lang='lat' dir='ltr'><strong>cum</strong></span> <span class='ocrx_word' id='word_1_465' title='bbox 2269 2654 2525 2709; x_wconf 82' lang='lat' dir='ltr'><strong>audimus</strong></span> <span class='ocrx_word' id='word_1_466' title='bbox 2554 2651 2821 2723; x_wconf 85' lang='lat' dir='ltr'><strong>Spiritum</strong></span> <span class='ocrx_word' id='word_1_467' title='bbox 2864 2657 3138 2712; x_wconf 88' lang='lat' dir='ltr'><strong>sanctum,</strong></span> <span class='ocrx_word' id='word_1_468' title='bbox 3180 2659 3305 2698; x_wconf 90' lang='lat' dir='ltr'><strong>cum</strong></span> <span class='ocrx_word' id='word_1_469' title='bbox 3335 2644 3426 2698; x_wconf 88' lang='lat' dir='ltr'><strong>illa</strong></span> <span class='ocrx_word' id='word_1_470' title='bbox 3471 2658 3676 2713; x_wconf 85' lang='lat' dir='ltr'><strong>appen-</strong></span> 
     </span>
    </p>
   </div>
   <div class='ocr_carea' id='block_1_71' title="bbox 2105 2733 3678 2809">
    <p class='ocr_par' dir='ltr' id='par_1_71' title="bbox 2105 2733 3678 2809">
     <span class='ocr_line' id='line_1_71' title="bbox 2105 2733 3678 2809; baseline -0.011 -6"><span class='ocrx_word' id='word_1_471' title='bbox 2105 2747 2286 2803; x_wconf 86' lang='lat' dir='ltr'><strong>dicula</strong></span> <span class='ocrx_word' id='word_1_472' title='bbox 2323 2755 2590 2808; x_wconf 77' lang='lat' dir='ltr'><strong>sanctum,</strong></span> <span class='ocrx_word' id='word_1_473' title='bbox 2634 2743 2774 2799; x_wconf 81' lang='lat' dir='ltr'><strong>nihil</strong></span> <span class='ocrx_word' id='word_1_474' title='bbox 2803 2741 2954 2796; x_wconf 85' lang='lat' dir='ltr'><strong>aliud</strong></span> <span class='ocrx_word' id='word_1_475' title='bbox 2983 2754 3147 2809; x_wconf 88' lang='lat' dir='ltr'><strong>quam</strong></span> <span class='ocrx_word' id='word_1_476' title='bbox 3182 2737 3520 2808; x_wconf 85' lang='lat' dir='ltr'><strong>hypostasim</strong></span> <span class='ocrx_word' id='word_1_477' title='bbox 3553 2733 3678 2806; x_wconf 82' lang='lat' dir='ltr'><strong>Spi—</strong></span> 
     </span>
    </p>
   </div>
   <div class='ocr_carea' id='block_1_72' title="bbox 2108 2826 3673 2908">
    <p class='ocr_par' dir='ltr' id='par_1_72' title="bbox 2108 2826 3673 2908">
     <span class='ocr_line' id='line_1_72' title="bbox 2108 2826 3673 2908; baseline -0.008 -15"><span class='ocrx_word' id='word_1_478' title='bbox 2108 2841 2246 2894; x_wconf 90' lang='lat' dir='ltr'><strong>ritus</strong></span> <span class='ocrx_word' id='word_1_479' title='bbox 2285 2837 2589 2908; x_wconf 70' lang='lat' dir='ltr'><strong>intelligere</strong></span> <span class='ocrx_word' id='word_1_480' title='bbox 2627 2835 2914 2890; x_wconf 76' lang='lat' dir='ltr'><strong>debemus.</strong></span> <span class='ocrx_word' id='word_1_481' title='bbox 2961 2832 3062 2887; x_wconf 83' lang='lat' dir='ltr'><strong>Hic</strong></span> <span class='ocrx_word' id='word_1_482' title='bbox 3100 2830 3267 2901; x_wconf 74' lang='lat' dir='ltr'><strong>igitur</strong></span> <span class='ocrx_word' id='word_1_483' title='bbox 3311 2826 3504 2894; x_wconf 87' lang='lat' dir='ltr'><strong>Filius,</strong></span> <span class='ocrx_word' id='word_1_484' title='bbox 3549 2826 3673 2881; x_wconf 80' lang='lat' dir='ltr'><strong>fons</strong></span> 
     </span>
    </p>
   </div>
   <div class='ocr_carea' id='block_1_73' title="bbox 2111 2918 3679 3000">
    <p class='ocr_par' dir='ltr' id='par_1_73' title="bbox 2111 2918 3679 3000">
     <span class='ocr_line' id='line_1_73' title="bbox 2111 2918 3679 3000; baseline -0.008 -14"><span class='ocrx_word' id='word_1_485' title='bbox 2111 2932 2352 3000; x_wconf 83' lang='lat' dir='ltr'><strong>Spiritus</strong></span> <span class='ocrx_word' id='word_1_486' title='bbox 2391 2927 2588 2991; x_wconf 88' lang='lat' dir='ltr'><strong>sancti,</strong></span> <span class='ocrx_word' id='word_1_487' title='bbox 2631 2942 2754 2982; x_wconf 91' lang='lat' dir='ltr'><strong>cum</strong></span> <span class='ocrx_word' id='word_1_488' title='bbox 2790 2925 3104 2980; x_wconf 82' lang='lat' dir='ltr'><strong>accessione</strong></span> <span class='ocrx_word' id='word_1_489' title='bbox 3140 2923 3314 2977; x_wconf 80' lang='lat' dir='ltr'><strong>sancti</strong></span> <span class='ocrx_word' id='word_1_490' title='bbox 3356 2920 3560 2985; x_wconf 87' lang='lat' dir='ltr'><strong>dictus,</strong></span> <span class='ocrx_word' id='word_1_491' title='bbox 3597 2918 3679 2973; x_wconf 82' lang='lat' dir='ltr'><strong>ni-</strong></span> 
     </span>
    </p>
   </div>
   <div class='ocr_carea' id='block_1_74' title="bbox 2110 3015 3536 3094">
    <p class='ocr_par' dir='ltr' id='par_1_74' title="bbox 2110 3015 3536 3094">
     <span class='ocr_line' id='line_1_74' title="bbox 2110 3015 3536 3094; baseline -0.007 -15"><span class='ocrx_word' id='word_1_492' title='bbox 2110 3025 2312 3079; x_wconf 84' lang='lat' dir='ltr'><strong>mirum</strong></span> <span class='ocrx_word' id='word_1_493' title='bbox 2343 3023 2722 3094; x_wconf 78' lang='lat' dir='ltr'><strong>hypostaseos,</strong></span> <span class='ocrx_word' id='word_1_494' title='bbox 2754 3017 2927 3088; x_wconf 85' lang='lat' dir='ltr'><strong>ipsius</strong></span> <span class='ocrx_word' id='word_1_495' title='bbox 2949 3016 3072 3071; x_wconf 79' lang='lat' dir='ltr'><strong>fons</strong></span> <span class='ocrx_word' id='word_1_496' title='bbox 3093 3031 3210 3070; x_wconf 89' lang='lat' dir='ltr'><strong>esse</strong></span> <span class='ocrx_word' id='word_1_497' title='bbox 3230 3015 3410 3069; x_wconf 90' lang='lat' dir='ltr'><strong>dictus</strong></span> <span class='ocrx_word' id='word_1_498' title='bbox 3431 3023 3536 3069; x_wconf 90' lang='lat' dir='ltr'><strong>est.</strong></span> 
     </span>
    </p>
   </div>
   <div class='ocr_carea' id='block_1_75' title="bbox 2177 3191 3678 3271">
    <p class='ocr_par' dir='ltr' id='par_1_75' title="bbox 2177 3191 3678 3271">
     <span class='ocr_line' id='line_1_75' title="bbox 2177 3191 3678 3271; baseline -0.012 -7"><span class='ocrx_word' id='word_1_499' title='bbox 2177 3206 2388 3264; x_wconf 86' lang='lat' dir='ltr'><strong>Deinde</strong></span> <span class='ocrx_word' id='word_1_500' title='bbox 2418 3219 2572 3269; x_wconf 86' lang='lat' dir='ltr'><strong>vero,</strong></span> <span class='ocrx_word' id='word_1_501' title='bbox 2603 3203 2745 3258; x_wconf 89' lang='lat' dir='ltr'><strong>idem</strong></span> <span class='ocrx_word' id='word_1_502' title='bbox 2775 3201 2890 3271; x_wconf 73' lang='lat' dir='ltr'><strong>ipse</strong></span> <span class='ocrx_word' id='word_1_503' title='bbox 2918 3213 3139 3268; x_wconf 83' lang='lat' dir='ltr'><strong>quoque</strong></span> <span class='ocrx_word' id='word_1_504' title='bbox 3165 3209 3391 3266; x_wconf 77' lang='lat' dir='ltr'><strong>magnus</strong></span> <span class='ocrx_word' id='word_1_505' title='bbox 3421 3191 3678 3256; x_wconf 78' lang='lat' dir='ltr'><strong>Basilius,</strong></span> 
     </span>
    </p>
   </div>
   <div class='ocr_carea' id='block_1_76' title="bbox 2108 3281 3681 3369">
    <p class='ocr_par' dir='ltr' id='par_1_76' title="bbox 2108 3281 3681 3369">
     <span class='ocr_line' id='line_1_76' title="bbox 2108 3281 3681 3369; baseline -0.013 -14"><span class='ocrx_word' id='word_1_506' title='bbox 2108 3299 2202 3369; x_wconf 87' lang='lat' dir='ltr'><strong>qui</strong></span> <span class='ocrx_word' id='word_1_507' title='bbox 2233 3304 2388 3367; x_wconf 51' lang='lat' dir='ltr'><strong>.banc</strong></span> <span class='ocrx_word' id='word_1_508' title='bbox 2421 3296 2582 3351; x_wconf 88' lang='lat' dir='ltr'><strong>nobis</strong></span> <span class='ocrx_word' id='word_1_509' title='bbox 2626 3293 2854 3351; x_wconf 86' lang='lat' dir='ltr'><strong>tradidit</strong></span> <span class='ocrx_word' id='word_1_510' title='bbox 2892 3291 3160 3360; x_wconf 77' lang='lat' dir='ltr'><strong>regulam,</strong></span> <span class='ocrx_word' id='word_1_511' title='bbox 3203 3287 3403 3341; x_wconf 88' lang='lat' dir='ltr'><strong>Filium</strong></span> <span class='ocrx_word' id='word_1_512' title='bbox 3444 3281 3681 3353; x_wconf 86' lang='lat' dir='ltr'><strong>appellat</strong></span> 
     </span>
    </p>
   </div>
   <div class='ocr_carea' id='block_1_77' title="bbox 2108 3375 3681 3460">
    <p class='ocr_par' dir='ltr' id='par_1_77' title="bbox 2108 3375 3681 3460">
     <span class='ocr_line' id='line_1_77' title="bbox 2108 3375 3681 3460; baseline -0.014 -14"><span class='ocrx_word' id='word_1_513' title='bbox 2108 3392 2314 3446; x_wconf 79' lang='lat' dir='ltr'><strong>fontem</strong></span> <span class='ocrx_word' id='word_1_514' title='bbox 2348 3389 2590 3460; x_wconf 89' lang='lat' dir='ltr'><strong>Spiritus</strong></span> <span class='ocrx_word' id='word_1_515' title='bbox 2637 3387 2835 3450; x_wconf 86' lang='lat' dir='ltr'><strong>sancti,</strong></span> <span class='ocrx_word' id='word_1_516' title='bbox 2866 3385 2947 3439; x_wconf 89' lang='lat' dir='ltr'><strong>sic</strong></span> <span class='ocrx_word' id='word_1_517' title='bbox 2988 3381 3180 3436; x_wconf 85' lang='lat' dir='ltr'><strong>dicens</strong></span> <span class='ocrx_word' id='word_1_518' title='bbox 3216 3397 3228 3431; x_wconf 91' lang='lat'><strong>:</strong></span> <span class='ocrx_word' id='word_1_519' title='bbox 3259 3377 3407 3432; x_wconf 83' lang='lat' dir='ltr'><strong>Fons</strong></span> <span class='ocrx_word' id='word_1_520' title='bbox 3440 3375 3566 3430; x_wconf 72' lang='lat' dir='ltr'><strong>vita:</strong></span> <span class='ocrx_word' id='word_1_521' title='bbox 3595 3381 3681 3427; x_wconf 83' lang='lat' dir='ltr'><strong>est</strong></span> 
     </span>
    </p>
   </div>
   <div class='ocr_carea' id='block_1_78' title="bbox 2108 3465 3681 3549">
    <p class='ocr_par' dir='ltr' id='par_1_78' title="bbox 2108 3465 3681 3549">
     <span class='ocr_line' id='line_1_78' title="bbox 2108 3465 3681 3549; baseline -0.013 -10"><span class='ocrx_word' id='word_1_522' title='bbox 2108 3485 2316 3549; x_wconf 88' lang='lat' dir='ltr'><strong>Filius;</strong></span> <span class='ocrx_word' id='word_1_523' title='bbox 2344 3486 2420 3537; x_wconf 86' lang='lat' dir='ltr'><strong>ait</strong></span> <span class='ocrx_word' id='word_1_524' title='bbox 2451 3480 2599 3536; x_wconf 88' lang='lat' dir='ltr'><strong>enim</strong></span> <span class='ocrx_word' id='word_1_525' title='bbox 2631 3472 2803 3532; x_wconf 82' lang='lat' dir='ltr'><strong>David</strong></span> <span class='ocrx_word' id='word_1_526' title='bbox 2836 3476 2906 3531; x_wconf 85' lang='lat' dir='ltr'><strong>ad</strong></span> <span class='ocrx_word' id='word_1_527' title='bbox 2939 3475 3155 3531; x_wconf 76' lang='lat' dir='ltr'><strong>Patrem</strong></span> <span class='ocrx_word' id='word_1_528' title='bbox 3189 3488 3205 3524; x_wconf 89' lang='lat'><strong>:</strong></span> <span class='ocrx_word' id='word_1_529' title='bbox 3242 3469 3504 3536; x_wconf 77' lang='lat' dir='ltr'><strong>Quoniam</strong></span> <span class='ocrx_word' id='word_1_530' title='bbox 3539 3465 3681 3538; x_wconf 76' lang='lat' dir='ltr'><strong>apud</strong></span> 
     </span>
    </p>
   </div>
   <div class='ocr_carea' id='block_1_79' title="bbox 2109 3557 3681 3642">
    <p class='ocr_par' dir='ltr' id='par_1_79' title="bbox 2109 3557 3681 3642">
     <span class='ocr_line' id='line_1_79' title="bbox 2109 3557 3681 3642; baseline -0.011 -14"><span class='ocrx_word' id='word_1_531' title='bbox 2109 3585 2158 3628; x_wconf 87' lang='lat' dir='ltr'><strong>te</strong></span> <span class='ocrx_word' id='word_1_532' title='bbox 2185 3581 2261 3628; x_wconf 81' lang='lat' dir='ltr'><strong>est</strong></span> <span class='ocrx_word' id='word_1_533' title='bbox 2305 3573 2421 3642; x_wconf 72' lang='lat' dir='ltr'><strong>fons</strong></span> <span class='ocrx_word' id='word_1_534' title='bbox 2454 3571 2595 3624; x_wconf 73' lang='lat' dir='ltr'><strong>vitaz.</strong></span> <span class='ocrx_word' id='word_1_535' title='bbox 2637 3568 2706 3622; x_wconf 86' lang='lat' dir='ltr'><strong>Et</strong></span> <span class='ocrx_word' id='word_1_536' title='bbox 2742 3581 2930 3621; x_wconf 85' lang='lat' dir='ltr'><strong>rursus</strong></span> <span class='ocrx_word' id='word_1_537' title='bbox 2973 3565 3114 3619; x_wconf 87' lang='lat' dir='ltr'><strong>alius</strong></span> <span class='ocrx_word' id='word_1_538' title='bbox 3144 3559 3410 3633; x_wconf 81' lang='lat' dir='ltr'><strong>propheta</strong></span> <span class='ocrx_word' id='word_1_539' title='bbox 3443 3559 3578 3614; x_wconf 85' lang='lat' dir='ltr'><strong>dicit</strong></span> <span class='ocrx_word' id='word_1_540' title='bbox 3613 3557 3681 3611; x_wconf 88' lang='lat' dir='ltr'><strong>de</strong></span> 
     </span>
    </p>
   </div>
   <div class='ocr_carea' id='block_1_80' title="bbox 2103 3655 3680 3731">
    <p class='ocr_par' dir='ltr' id='par_1_80' title="bbox 2103 3655 3680 3731">
     <span class='ocr_line' id='line_1_80' title="bbox 2103 3655 3680 3731; baseline -0.011 -10"><span class='ocrx_word' id='word_1_541' title='bbox 2103 3665 2307 3721; x_wconf 67' lang='lat' dir='ltr'><strong>ludatis</strong></span> <span class='ocrx_word' id='word_1_542' title='bbox 2334 3680 2349 3717; x_wconf 91' lang='lat'><strong>:</strong></span> <span class='ocrx_word' id='word_1_543' title='bbox 2377 3662 2781 3731; x_wconf 81' lang='lat' dir='ltr'><strong>Dereiiquerunt</strong></span> <span class='ocrx_word' id='word_1_544' title='bbox 2828 3675 2908 3713; x_wconf 84' lang='lat' dir='ltr'><strong>me</strong></span> <span class='ocrx_word' id='word_1_545' title='bbox 2955 3660 3150 3728; x_wconf 78' lang='lat' dir='ltr'><strong>[autem</strong></span> <span class='ocrx_word' id='word_1_546' title='bbox 3177 3672 3330 3726; x_wconf 65' lang='lat' dir='ltr'><strong>aqua:</strong></span> <span class='ocrx_word' id='word_1_547' title='bbox 3354 3655 3481 3709; x_wconf 73' lang='lat' dir='ltr'><strong>vim</strong></span> <span class='ocrx_word' id='word_1_548' title='bbox 3501 3669 3520 3718; x_wconf 90' lang='lat'><em>;</em></span> <span class='ocrx_word' id='word_1_549' title='bbox 3541 3666 3680 3721; x_wconf 87' lang='lat' dir='ltr'><strong>aqua</strong></span> 
     </span>
    </p>
   </div>
   <div class='ocr_carea' id='block_1_81' title="bbox 2109 3752 3264 3822">
    <p class='ocr_par' dir='ltr' id='par_1_81' title="bbox 2109 3752 3264 3822">
     <span class='ocr_line' id='line_1_81' title="bbox 2109 3752 3264 3822; baseline -0.008 -10"><span class='ocrx_word' id='word_1_550' title='bbox 2109 3773 2243 3814; x_wconf 73' lang='lat' dir='ltr'><strong>vero</strong></span> <span class='ocrx_word' id='word_1_551' title='bbox 2276 3759 2398 3811; x_wconf 73' lang='lat' dir='ltr'><strong>viva</strong></span> <span class='ocrx_word' id='word_1_552' title='bbox 2427 3755 2745 3809; x_wconf 86' lang='lat' dir='ltr'><strong>nominatur</strong></span> <span class='ocrx_word' id='word_1_553' title='bbox 2768 3752 3005 3822; x_wconf 88' lang='lat' dir='ltr'><strong>Spiritus</strong></span> <span class='ocrx_word' id='word_1_554' title='bbox 3026 3759 3264 3809; x_wconf 86' lang='lat' dir='ltr'><strong>sanctus.</strong></span> 
     </span>
    </p>
   </div>
   <div class='ocr_carea' id='block_1_82' title="bbox 2179 3925 3683 4001">
    <p class='ocr_par' dir='ltr' id='par_1_82' title="bbox 2179 3925 3683 4001">
     <span class='ocr_line' id='line_1_82' title="bbox 2179 3925 3683 4001; baseline -0.004 -16"><span class='ocrx_word' id='word_1_555' title='bbox 2179 3933 2244 3987; x_wconf 82' lang='lat' dir='ltr'><strong>Et</strong></span> <span class='ocrx_word' id='word_1_556' title='bbox 2275 3940 2426 3997; x_wconf 89' lang='lat' dir='ltr'><strong>nota,</strong></span> <span class='ocrx_word' id='word_1_557' title='bbox 2454 3929 2600 4001; x_wconf 91' lang='lat' dir='ltr'><strong>quod</strong></span> <span class='ocrx_word' id='word_1_558' title='bbox 2626 3927 2892 3999; x_wconf 88' lang='lat' dir='ltr'><strong>Spiritum</strong></span> <span class='ocrx_word' id='word_1_559' title='bbox 2919 3939 3167 3983; x_wconf 89' lang='lat' dir='ltr'><strong>sanctum</strong></span> <span class='ocrx_word' id='word_1_560' title='bbox 3186 3927 3351 3992; x_wconf 88' lang='lat' dir='ltr'><strong>dicat,</strong></span> <span class='ocrx_word' id='word_1_561' title='bbox 3371 3925 3683 3995; x_wconf 79' lang='lat' dir='ltr'><strong>signiﬁcans</strong></span> 
     </span>
    </p>
   </div>
   <div class='ocr_carea' id='block_1_83' title="bbox 2110 4014 3686 4092">
    <p class='ocr_par' dir='ltr' id='par_1_83' title="bbox 2110 4014 3686 4092">
     <span class='ocr_line' id='line_1_83' title="bbox 2110 4014 3686 4092; baseline -0.004 -16"><span class='ocrx_word' id='word_1_562' title='bbox 2110 4020 2450 4092; x_wconf 72' lang='lat' dir='ltr'><strong>hypostasim</strong></span> <span class='ocrx_word' id='word_1_563' title='bbox 2475 4029 2532 4075; x_wconf 90' lang='lat' dir='ltr'><strong>et</strong></span> <span class='ocrx_word' id='word_1_564' title='bbox 2548 4033 2872 4090; x_wconf 86' lang='lat' dir='ltr'><strong>personam:</strong></span> <span class='ocrx_word' id='word_1_565' title='bbox 2897 4015 3204 4088; x_wconf 57' lang='lat' dir='ltr'><strong>hypostasis</strong></span> <span class='ocrx_word' id='word_1_566' title='bbox 3233 4026 3414 4070; x_wconf 90' lang='lat' dir='ltr'><strong>autem</strong></span> <span class='ocrx_word' id='word_1_567' title='bbox 3447 4014 3686 4082; x_wconf 85' lang='lat' dir='ltr'><strong>Spiritus</strong></span> 
     </span>
    </p>
   </div>
   <div class='ocr_carea' id='block_1_84' title="bbox 2107 4104 3684 4179">
    <p class='ocr_par' dir='ltr' id='par_1_84' title="bbox 2107 4104 3684 4179">
     <span class='ocr_line' id='line_1_84' title="bbox 2107 4104 3684 4179; baseline -0.008 -7"><span class='ocrx_word' id='word_1_568' title='bbox 2107 4114 2282 4172; x_wconf 71' lang='lat' dir='ltr'><strong>Sancti</strong></span> <span class='ocrx_word' id='word_1_569' title='bbox 2308 4123 2391 4168; x_wconf 85' lang='lat' dir='ltr'><strong>est</strong></span> <span class='ocrx_word' id='word_1_570' title='bbox 2419 4112 2602 4176; x_wconf 76' lang='lat' dir='ltr'><strong>Deus;</strong></span> <span class='ocrx_word' id='word_1_571' title='bbox 2636 4108 2808 4164; x_wconf 87' lang='lat' dir='ltr'><strong>Filius</strong></span> <span class='ocrx_word' id='word_1_572' title='bbox 2847 4110 3032 4179; x_wconf 81' lang='lat' dir='ltr'><strong>igitur,</strong></span> <span class='ocrx_word' id='word_1_573' title='bbox 3083 4123 3207 4162; x_wconf 85' lang='lat' dir='ltr'><strong>cum</strong></span> <span class='ocrx_word' id='word_1_574' title='bbox 3243 4108 3314 4162; x_wconf 89' lang='lat' dir='ltr'><strong>sit</strong></span> <span class='ocrx_word' id='word_1_575' title='bbox 3354 4106 3477 4161; x_wconf 78' lang='lat' dir='ltr'><strong>fons</strong></span> <span class='ocrx_word' id='word_1_576' title='bbox 3507 4104 3684 4176; x_wconf 83' lang='lat' dir='ltr'><strong>Spiri-</strong></span> 
     </span>
    </p>
   </div>
   <div class='ocr_carea' id='block_1_85' title="bbox 2112 4197 3685 4270">
    <p class='ocr_par' dir='ltr' id='par_1_85' title="bbox 2112 4197 3685 4270">
     <span class='ocr_line' id='line_1_85' title="bbox 2112 4197 3685 4270; baseline -0.006 -11"><span class='ocrx_word' id='word_1_577' title='bbox 2112 4215 2201 4260; x_wconf 80' lang='lat' dir='ltr'><strong>tua</strong></span> <span class='ocrx_word' id='word_1_578' title='bbox 2237 4205 2432 4270; x_wconf 80' lang='lat' dir='ltr'><strong>sancti,</strong></span> <span class='ocrx_word' id='word_1_579' title='bbox 2461 4214 2544 4260; x_wconf 89' lang='lat' dir='ltr'><strong>est</strong></span> <span class='ocrx_word' id='word_1_580' title='bbox 2585 4202 2709 4257; x_wconf 80' lang='lat' dir='ltr'><strong>fons</strong></span> <span class='ocrx_word' id='word_1_581' title='bbox 2745 4201 3058 4255; x_wconf 61' lang='lat' dir='ltr'><strong>clarissima:</strong></span> <span class='ocrx_word' id='word_1_582' title='bbox 3102 4199 3340 4254; x_wconf 87' lang='lat' dir='ltr'><strong>deitatis.</strong></span> <span class='ocrx_word' id='word_1_583' title='bbox 3374 4198 3554 4265; x_wconf 85' lang='lat' dir='ltr'><strong>Quare</strong></span> <span class='ocrx_word' id='word_1_584' title='bbox 3599 4197 3685 4251; x_wconf 83' lang='lat' dir='ltr'><strong>di-</strong></span> 
     </span>
    </p>
   </div>
   <div class='ocr_carea' id='block_1_86' title="bbox 2109 4289 3685 4365">
    <p class='ocr_par' dir='ltr' id='par_1_86' title="bbox 2109 4289 3685 4365">
     <span class='ocr_line' id='line_1_86' title="bbox 2109 4289 3685 4365; baseline -0.006 -13"><span class='ocrx_word' id='word_1_585' title='bbox 2109 4308 2254 4352; x_wconf 78' lang='lat' dir='ltr'><strong>ctum</strong></span> <span class='ocrx_word' id='word_1_586' title='bbox 2286 4296 2461 4351; x_wconf 87' lang='lat' dir='ltr'><strong>sancti</strong></span> <span class='ocrx_word' id='word_1_587' title='bbox 2499 4293 2760 4365; x_wconf 75' lang='lat' dir='ltr'><strong>Dionysii,</strong></span> <span class='ocrx_word' id='word_1_588' title='bbox 2787 4292 3112 4361; x_wconf 70' lang='lat' dir='ltr'><strong>allii-mantis</strong></span> <span class='ocrx_word' id='word_1_589' title='bbox 3127 4291 3302 4346; x_wconf 87' lang='lat' dir='ltr'><strong>solum</strong></span> <span class='ocrx_word' id='word_1_590' title='bbox 3328 4289 3538 4344; x_wconf 79' lang='lat' dir='ltr'><strong>Patrem</strong></span> <span class='ocrx_word' id='word_1_591' title='bbox 3561 4304 3685 4343; x_wconf 86' lang='lat' dir='ltr'><strong>esse</strong></span> 
     </span>
    </p>
   </div>
   <div class='ocr_carea' id='block_1_87' title="bbox 2112 4382 3684 4457">
    <p class='ocr_par' dir='ltr' id='par_1_87' title="bbox 2112 4382 3684 4457">
     <span class='ocr_line' id='line_1_87' title="bbox 2112 4382 3684 4457; baseline -0.008 -12"><span class='ocrx_word' id='word_1_592' title='bbox 2112 4391 2318 4445; x_wconf 74' lang='lat' dir='ltr'><strong>fontem</strong></span> <span class='ocrx_word' id='word_1_593' title='bbox 2364 4384 2914 4457; x_wconf 84' lang='lat' dir='ltr'><strong>supersuhstantiaiis</strong></span> <span class='ocrx_word' id='word_1_594' title='bbox 2963 4384 3209 4444; x_wconf 84' lang='lat' dir='ltr'><strong>deitatis,</strong></span> <span class='ocrx_word' id='word_1_595' title='bbox 3247 4382 3508 4451; x_wconf 83' lang='lat' dir='ltr'><strong>quoniam</strong></span> <span class='ocrx_word' id='word_1_596' title='bbox 3544 4397 3684 4449; x_wconf 70' lang='lat' dir='ltr'><strong>prte-</strong></span> 
     </span>
    </p>
   </div>
   <div class='ocr_carea' id='block_1_88' title="bbox 442 4457 2005 4552">
    <p class='ocr_par' dir='ltr' id='par_1_88' title="bbox 442 4457 2005 4552">
     <span class='ocr_line' id='line_1_88' title="bbox 442 4457 2005 4552; baseline 0.01 -26"><span class='ocrx_word' id='word_1_597' title='bbox 442 4491 554 4534; x_wconf 86' lang='grc' dir='ltr'><strong>νοις</strong></span> <span class='ocrx_word' id='word_1_598' title='bbox 592 4475 768 4538; x_wconf 78' lang='grc' dir='ltr'><strong>ἁγίοις</strong></span> <span class='ocrx_word' id='word_1_599' title='bbox 793 4475 893 4527; x_wconf 79' lang='grc' dir='ltr'><strong>οὑκ</strong></span> <span class='ocrx_word' id='word_1_600' title='bbox 923 4477 1257 4542; x_wconf 84' lang='grc' dir='ltr'><strong>ἀντίκειται,</strong></span> <span class='ocrx_word' id='word_1_601' title='bbox 1322 4482 1382 4532; x_wconf 86' lang='grc' dir='ltr'><strong>οὑ</strong></span> <span class='ocrx_word' id='word_1_602' title='bbox 1444 4484 1552 4552; x_wconf 82' lang='grc' dir='ltr'><strong>γὰρ</strong></span> <span class='ocrx_word' id='word_1_603' title='bbox 1603 4457 1760 4551; x_wconf 73' lang='grc' dir='ltr'><strong>θέμις</strong></span> <span class='ocrx_word' id='word_1_604' title='bbox 1814 4457 2005 4540; x_wconf 66' lang='grc' dir='ltr'><strong>ἐννοεῖν</strong></span> 
     </span>
    </p>
   </div>
   <div class='ocr_carea' id='block_1_89' title="bbox 2115 4457 3685 4552">
    <p class='ocr_par' dir='ltr' id='par_1_89' title="bbox 2121 4474 3685 4540">
     <span class='ocr_line' id='line_1_89' title="bbox 2121 4474 3685 4540; baseline -0.006 -4"><span class='ocrx_word' id='word_1_605' title='bbox 2121 4481 2285 4536; x_wconf 87' lang='lat' dir='ltr'><strong>dictis</strong></span> <span class='ocrx_word' id='word_1_606' title='bbox 2337 4477 2541 4532; x_wconf 83' lang='lat' dir='ltr'><strong>sanctis</strong></span> <span class='ocrx_word' id='word_1_607' title='bbox 2580 4491 2691 4530; x_wconf 91' lang='lat' dir='ltr'><strong>non</strong></span> <span class='ocrx_word' id='word_1_608' title='bbox 2735 4475 3056 4529; x_wconf 77' lang='lat' dir='ltr'><strong>adversatur</strong></span> <span class='ocrx_word' id='word_1_609' title='bbox 3103 4476 3232 4540; x_wconf 90' lang='lat' dir='ltr'><strong>(non</strong></span> <span class='ocrx_word' id='word_1_610' title='bbox 3273 4474 3418 4528; x_wconf 89' lang='lat' dir='ltr'><strong>enim</strong></span> <span class='ocrx_word' id='word_1_611' title='bbox 3473 4474 3555 4528; x_wconf 78' lang='lat' dir='ltr'><strong>ias</strong></span> <span class='ocrx_word' id='word_1_612' title='bbox 3601 4484 3685 4528; x_wconf 88' lang='lat' dir='ltr'><strong>est</strong></span> 
     </span>
    </p>
   </div>
   <div class='ocr_carea' id='block_1_90' title="bbox 442 4565 2013 4638">
    <p class='ocr_par' dir='ltr' id='par_1_90' title="bbox 442 4565 2013 4638">
     <span class='ocr_line' id='line_1_90' title="bbox 442 4565 2013 4638; baseline 0.009 -21"><span class='ocrx_word' id='word_1_613' title='bbox 442 4565 753 4632; x_wconf 71' lang='grc' dir='ltr'><strong>ἀντιλέγειν</strong></span> <span class='ocrx_word' id='word_1_614' title='bbox 781 4565 1037 4636; x_wconf 73' lang='grc' dir='ltr'><strong>ἀλλήλοις</strong></span> <span class='ocrx_word' id='word_1_615' title='bbox 1084 4570 1211 4631; x_wconf 78' lang='grc' dir='ltr'><strong>τοὺς</strong></span> <span class='ocrx_word' id='word_1_616' title='bbox 1261 4569 1632 4638; x_wconf 73' lang='grc' dir='ltr'><strong>διδασκάλους,</strong></span> <span class='ocrx_word' id='word_1_617' title='bbox 1693 4575 1850 4628; x_wconf 65' lang='grc' dir='ltr'><strong>ἄλλον</strong></span> <span class='ocrx_word' id='word_1_618' title='bbox 1890 4577 2013 4631; x_wconf 81' lang='grc' dir='ltr'><strong>τινὰ</strong></span> 
     </span>
    </p>
   </div>
   <div class='ocr_carea' id='block_1_91' title="bbox 449 4655 2016 4736">
    <p class='ocr_par' dir='ltr' id='par_1_91' title="bbox 449 4655 2016 4736">
     <span class='ocr_line' id='line_1_91' title="bbox 449 4655 2016 4736; baseline 0.009 -28"><span class='ocrx_word' id='word_1_619' title='bbox 449 4655 578 4709; x_wconf 89' lang='grc' dir='ltr'><strong>νοῦν</strong></span> <span class='ocrx_word' id='word_1_620' title='bbox 612 4658 764 4727; x_wconf 85' lang='grc' dir='ltr'><strong>παρὰ</strong></span> <span class='ocrx_word' id='word_1_621' title='bbox 795 4658 886 4711; x_wconf 77' lang='grc' dir='ltr'><strong>τδν</strong></span> <span class='ocrx_word' id='word_1_622' title='bbox 916 4659 1028 4720; x_wconf 76' lang='grc' dir='ltr'><strong>τοῖς</strong></span> <span class='ocrx_word' id='word_1_623' title='bbox 1081 4658 1294 4723; x_wconf 76' lang='grc' dir='ltr'><strong>πολλοῖς</strong></span> <span class='ocrx_word' id='word_1_624' title='bbox 1339 4664 1662 4733; x_wconf 77' lang='grc' dir='ltr'><strong>φαινόμενον</strong></span> <span class='ocrx_word' id='word_1_625' title='bbox 1713 4667 1824 4736; x_wconf 81' lang='grc' dir='ltr'><strong>ἔχει</strong></span> <span class='ocrx_word' id='word_1_626' title='bbox 1851 4688 1866 4700; x_wconf 87' lang='grc'><strong>·</strong></span> <span class='ocrx_word' id='word_1_627' title='bbox 1922 4671 2016 4722; x_wconf 78' lang='grc' dir='ltr'><strong>καὶ</strong></span> 
     </span>
    </p>
   </div>
   <div class='ocr_carea' id='block_1_92' title="bbox 443 4750 2015 4830">
    <p class='ocr_par' dir='ltr' id='par_1_92' title="bbox 443 4750 2015 4830">
     <span class='ocr_line' id='line_1_92' title="bbox 443 4750 2015 4830; baseline 0.008 -29"><span class='ocrx_word' id='word_1_628' title='bbox 443 4751 546 4802; x_wconf 72' lang='grc' dir='ltr'><strong>οὑκ</strong></span> <span class='ocrx_word' id='word_1_629' title='bbox 569 4750 897 4818; x_wconf 84' lang='grc' dir='ltr'><strong>ἀρνούμενος</strong></span> <span class='ocrx_word' id='word_1_630' title='bbox 922 4753 1032 4804; x_wconf 64' lang='lat' dir='ltr'><strong>dub</strong></span> <span class='ocrx_word' id='word_1_631' title='bbox 1076 4751 1169 4804; x_wconf 85' lang='grc' dir='ltr'><strong>τοῦ</strong></span> <span class='ocrx_word' id='word_1_632' title='bbox 1224 4753 1352 4807; x_wconf 82' lang='grc' dir='ltr'><strong>Υίοῦ</strong></span> <span class='ocrx_word' id='word_1_633' title='bbox 1410 4756 1506 4824; x_wconf 81' lang='grc' dir='ltr'><strong>τὴν</strong></span> <span class='ocrx_word' id='word_1_634' title='bbox 1558 4757 1652 4810; x_wconf 83' lang='grc' dir='ltr'><strong>τοῦ</strong></span> <span class='ocrx_word' id='word_1_635' title='bbox 1699 4759 2015 4830; x_wconf 82' lang='grc' dir='ltr'><strong>Πνεύματος</strong></span> 
     </span>
    </p>
   </div>
   <div class='ocr_carea' id='block_1_93' title="bbox 445 4841 2014 4922">
    <p class='ocr_par' dir='ltr' id='par_1_93' title="bbox 445 4841 2014 4922">
     <span class='ocr_line' id='line_1_93' title="bbox 445 4841 2014 4922; baseline 0.009 -30"><span class='ocrx_word' id='word_1_636' title='bbox 445 4841 651 4911; x_wconf 66' lang='grc' dir='ltr'><strong>πηγὴν,</strong></span> <span class='ocrx_word' id='word_1_637' title='bbox 690 4843 865 4896; x_wconf 86' lang='grc' dir='ltr'><strong>ταῦτά</strong></span> <span class='ocrx_word' id='word_1_638' title='bbox 898 4861 1064 4913; x_wconf 81' lang='grc' dir='ltr'><strong>φησιν</strong></span> <span class='ocrx_word' id='word_1_639' title='bbox 1088 4862 1102 4876; x_wconf 77' lang='grc'><strong><em>⁸</em></strong></span> <span class='ocrx_word' id='word_1_640' title='bbox 1132 4845 1269 4899; x_wconf 75' lang='grc' dir='ltr'><strong>ἀλλὰ</strong></span> <span class='ocrx_word' id='word_1_641' title='bbox 1303 4848 1395 4899; x_wconf 73' lang='grc' dir='ltr'><strong>καὶ</strong></span> <span class='ocrx_word' id='word_1_642' title='bbox 1421 4847 1579 4910; x_wconf 74' lang='grc' dir='ltr'><strong>αὐτὸς</strong></span> <span class='ocrx_word' id='word_1_643' title='bbox 1608 4850 1677 4902; x_wconf 73' lang='grc' dir='ltr'><strong>ἂν</strong></span> <span class='ocrx_word' id='word_1_644' title='bbox 1701 4851 1834 4922; x_wconf 84' lang='grc' dir='ltr'><strong>φαίη</strong></span> <span class='ocrx_word' id='word_1_645' title='bbox 1874 4855 2014 4921; x_wconf 76' lang='grc' dir='ltr'><strong>μετὰ</strong></span> 
     </span>
    </p>
   </div>
   <div class='ocr_carea' id='block_1_94' title="bbox 443 4934 2014 5011">
    <p class='ocr_par' dir='ltr' id='par_1_94' title="bbox 443 4934 2014 5011">
     <span class='ocr_line' id='line_1_94' title="bbox 443 4934 2014 5011; baseline 0.007 -26"><span class='ocrx_word' id='word_1_646' title='bbox 443 4934 652 4987; x_wconf 69' lang='grc' dir='ltr'><strong>τούτων</strong></span> <span class='ocrx_word' id='word_1_647' title='bbox 677 4935 788 4986; x_wconf 82' lang='grc' dir='ltr'><strong>τῶν</strong></span> <span class='ocrx_word' id='word_1_648' title='bbox 822 4934 1159 4989; x_wconf 82' lang='grc' dir='ltr'><strong>διδασκάλων</strong></span> <span class='ocrx_word' id='word_1_649' title='bbox 1193 4937 1376 5008; x_wconf 75' lang='grc' dir='ltr'><strong>πηγὴν</strong></span> <span class='ocrx_word' id='word_1_650' title='bbox 1427 4939 1521 4993; x_wconf 84' lang='grc' dir='ltr'><strong>τοῦ</strong></span> <span class='ocrx_word' id='word_1_651' title='bbox 1558 4939 1871 5011; x_wconf 83' lang='grc' dir='ltr'><strong>Πνεύματος</strong></span> <span class='ocrx_word' id='word_1_652' title='bbox 1922 4943 2014 4996; x_wconf 74' lang='grc' dir='ltr'><strong>τὸν</strong></span> 
     </span>
    </p>
   </div>
   <div class='ocr_carea' id='block_1_95' title="bbox 446 5026 1491 5096">
    <p class='ocr_par' dir='ltr' id='par_1_95' title="bbox 446 5026 1491 5096">
     <span class='ocr_line' id='line_1_95' title="bbox 446 5026 1491 5096; baseline 0.007 -18"><span class='ocrx_word' id='word_1_653' title='bbox 446 5027 599 5087; x_wconf 70' lang='grc' dir='ltr'><strong>ἰ’ίδν,</strong></span> <span class='ocrx_word' id='word_1_654' title='bbox 634 5028 753 5095; x_wconf 66' lang='grc' dir='ltr'><strong>ἦτοι</strong></span> <span class='ocrx_word' id='word_1_655' title='bbox 785 5030 884 5096; x_wconf 80' lang='grc' dir='ltr'><strong>τῆς</strong></span> <span class='ocrx_word' id='word_1_656' title='bbox 918 5026 1084 5081; x_wconf 88' lang='grc' dir='ltr'><strong>αὑτοῦ</strong></span> <span class='ocrx_word' id='word_1_657' title='bbox 1118 5029 1491 5092; x_wconf 83' lang='grc' dir='ltr'><strong>ὑποστάσεως.</strong></span> 
     </span>
    </p>
   </div>
   <div class='ocr_carea' id='block_1_96' title="bbox 519 5112 2014 5194">
    <p class='ocr_par' dir='ltr' id='par_1_96' title="bbox 519 5112 2014 5194">
     <span class='ocr_line' id='line_1_96' title="bbox 519 5112 2014 5194; baseline 0.006 -27"><span class='ocrx_word' id='word_1_658' title='bbox 519 5115 734 5168; x_wconf 81' lang='grc' dir='ltr'><strong>Τούτων</strong></span> <span class='ocrx_word' id='word_1_659' title='bbox 794 5112 886 5169; x_wconf 74' lang='grc' dir='ltr'><strong>οὖν</strong></span> <span class='ocrx_word' id='word_1_660' title='bbox 945 5119 1160 5187; x_wconf 84' lang='grc' dir='ltr'><strong>πρῶτον</strong></span> <span class='ocrx_word' id='word_1_661' title='bbox 1213 5123 1735 5190; x_wconf 82' lang='grc' dir='ltr'><strong>σεσαφηνισμένων,</strong></span> <span class='ocrx_word' id='word_1_662' title='bbox 1784 5124 2014 5194; x_wconf 80' lang='grc' dir='ltr'><strong>λέγομεν</strong></span> 
     </span>
    </p>
   </div>
   <div class='ocr_carea' id='block_1_97' title="bbox 451 5208 2012 5286">
    <p class='ocr_par' dir='ltr' id='par_1_97' title="bbox 451 5208 2012 5286">
     <span class='ocr_line' id='line_1_97' title="bbox 451 5208 2012 5286; baseline 0.006 -26"><span class='ocrx_word' id='word_1_663' title='bbox 451 5210 596 5276; x_wconf 80' lang='grc' dir='ltr'><strong>μετὰ</strong></span> <span class='ocrx_word' id='word_1_664' title='bbox 627 5208 820 5274; x_wconf 83' lang='grc' dir='ltr'><strong>ταῦτα,</strong></span> <span class='ocrx_word' id='word_1_665' title='bbox 851 5209 924 5271; x_wconf 83' lang='grc' dir='ltr'><strong>ὡς</strong></span> <span class='ocrx_word' id='word_1_666' title='bbox 951 5212 1011 5264; x_wconf 88' lang='grc' dir='ltr'><strong>οὑ</strong></span> <span class='ocrx_word' id='word_1_667' title='bbox 1040 5212 1276 5280; x_wconf 60' lang='grc' dir='ltr'><strong>παντελῆ</strong></span> <span class='ocrx_word' id='word_1_668' title='bbox 1331 5212 1565 5266; x_wconf 76' lang='grc' dir='ltr'><strong>ἐνταῦθα</strong></span> <span class='ocrx_word' id='word_1_669' title='bbox 1599 5214 1871 5286; x_wconf 83' lang='grc' dir='ltr'><strong>διάκρισιν</strong></span> <span class='ocrx_word' id='word_1_670' title='bbox 1905 5217 2012 5269; x_wconf 83' lang='grc' dir='ltr'><strong>τῶν</strong></span> 
     </span>
    </p>
   </div>
   <div class='ocr_carea' id='block_1_98' title="bbox 444 5302 2014 5377">
    <p class='ocr_par' dir='ltr' id='par_1_98' title="bbox 444 5302 2014 5377">
     <span class='ocr_line' id='line_1_98' title="bbox 444 5302 2014 5377; baseline 0.005 -23"><span class='ocrx_word' id='word_1_671' title='bbox 444 5302 608 5355; x_wconf 78' lang='grc' dir='ltr'><strong>θείων</strong></span> <span class='ocrx_word' id='word_1_672' title='bbox 639 5303 986 5371; x_wconf 73' lang='grc' dir='ltr'><strong>τῆςτριάδος</strong></span> <span class='ocrx_word' id='word_1_673' title='bbox 1028 5305 1338 5373; x_wconf 82' lang='grc' dir='ltr'><strong>προσώπων</strong></span> <span class='ocrx_word' id='word_1_674' title='bbox 1395 5305 1472 5373; x_wconf 84' lang='grc' dir='ltr'><strong>τῷ</strong></span> <span class='ocrx_word' id='word_1_675' title='bbox 1520 5306 1826 5376; x_wconf 82' lang='grc' dir='ltr'><strong>διδασκάλῳ</strong></span> <span class='ocrx_word' id='word_1_676' title='bbox 1877 5309 2014 5377; x_wconf 79' lang='grc' dir='ltr'><strong>πρό-</strong></span> 
     </span>
    </p>
   </div>
   <div class='ocr_carea' id='block_1_99' title="bbox 444 5391 2011 5462">
    <p class='ocr_par' dir='ltr' id='par_1_99' title="bbox 444 5391 2011 5462">
     <span class='ocr_line' id='line_1_99' title="bbox 444 5391 2011 5462; baseline 0.002 -17"><span class='ocrx_word' id='word_1_677' title='bbox 444 5408 622 5445; x_wconf 82' lang='grc' dir='ltr'><strong>κειται</strong></span> <span class='ocrx_word' id='word_1_678' title='bbox 651 5391 1005 5461; x_wconf 85' lang='grc' dir='ltr'><strong>παραδοῦναι.</strong></span> <span class='ocrx_word' id='word_1_679' title='bbox 1056 5393 1163 5445; x_wconf 80' lang='grc' dir='ltr'><strong>Καὶ</strong></span> <span class='ocrx_word' id='word_1_680' title='bbox 1213 5394 1371 5462; x_wconf 85' lang='grc' dir='ltr'><strong>δῆλον</strong></span> <span class='ocrx_word' id='word_1_681' title='bbox 1419 5395 1502 5446; x_wconf 82' lang='grc' dir='ltr'><strong>ὅτι</strong></span> <span class='ocrx_word' id='word_1_682' title='bbox 1566 5395 1826 5462; x_wconf 73' lang='grc' dir='ltr'><strong>οὐδεμίαν</strong></span> <span class='ocrx_word' id='word_1_683' title='bbox 1880 5395 2011 5448; x_wconf 81' lang='grc' dir='ltr'><strong>Υίοῦ</strong></span> 
     </span>
    </p>
   </div>
   <div class='ocr_carea' id='block_1_100' title="bbox 442 5483 2013 5555">
    <p class='ocr_par' dir='ltr' id='par_1_100' title="bbox 442 5483 2013 5555">
     <span class='ocr_line' id='line_1_100' title="bbox 442 5483 2013 5555; baseline 0.003 -19"><span class='ocrx_word' id='word_1_684' title='bbox 442 5485 540 5536; x_wconf 73' lang='grc' dir='ltr'><strong>καὶ</strong></span> <span class='ocrx_word' id='word_1_685' title='bbox 572 5483 890 5552; x_wconf 79' lang='grc' dir='ltr'><strong>Πνεύματος</strong></span> <span class='ocrx_word' id='word_1_686' title='bbox 928 5483 1201 5552; x_wconf 82' lang='grc' dir='ltr'><strong>διάκρισιν</strong></span> <span class='ocrx_word' id='word_1_687' title='bbox 1230 5484 1364 5555; x_wconf 64' lang='grc' dir='ltr'><strong>πρὲις</strong></span> <span class='ocrx_word' id='word_1_688' title='bbox 1395 5483 1599 5554; x_wconf 79' lang='grc' dir='ltr'><strong>ἄλληλα</strong></span> <span class='ocrx_word' id='word_1_689' title='bbox 1633 5486 2013 5555; x_wconf 83' lang='grc' dir='ltr'><strong>παραδέδωκεν</strong></span> 
     </span>
    </p>
   </div>
   <div class='ocr_carea' id='block_1_101' title="bbox 441 5575 2012 5647">
    <p class='ocr_par' dir='ltr' id='par_1_101' title="bbox 441 5575 2012 5647">
     <span class='ocr_line' id='line_1_101' title="bbox 441 5575 2012 5647; baseline 0.003 -22"><span class='ocrx_word' id='word_1_690' title='bbox 441 5577 501 5627; x_wconf 70' lang='grc' dir='ltr'><strong>ἐν</strong></span> <span class='ocrx_word' id='word_1_691' title='bbox 533 5575 708 5644; x_wconf 78' lang='grc' dir='ltr'><strong>τούτῳ</strong></span> <span class='ocrx_word' id='word_1_692' title='bbox 740 5575 816 5644; x_wconf 84' lang='grc' dir='ltr'><strong>τῷ</strong></span> <span class='ocrx_word' id='word_1_693' title='bbox 839 5575 1002 5645; x_wconf 83' lang='grc' dir='ltr'><strong>λόγῳ.</strong></span> <span class='ocrx_word' id='word_1_694' title='bbox 1039 5576 1114 5627; x_wconf 84' lang='grc' dir='ltr'><strong>υύ</strong></span> <span class='ocrx_word' id='word_1_695' title='bbox 1162 5576 1382 5629; x_wconf 84' lang='grc' dir='ltr'><strong>πάντων</strong></span> <span class='ocrx_word' id='word_1_696' title='bbox 1428 5575 1520 5629; x_wconf 80' lang='grc' dir='ltr'><strong>οῦν</strong></span> <span class='ocrx_word' id='word_1_697' title='bbox 1553 5577 1662 5629; x_wconf 83' lang='grc' dir='ltr'><strong>τῶν</strong></span> <span class='ocrx_word' id='word_1_698' title='bbox 1703 5579 2012 5647; x_wconf 82' lang='grc' dir='ltr'><strong>προσώπων</strong></span> 
     </span>
    </p>
   </div>
   <div class='ocr_carea' id='block_1_102' title="bbox 442 5663 2010 5739">
    <p class='ocr_par' dir='ltr' id='par_1_102' title="bbox 442 5663 2010 5739">
     <span class='ocr_line' id='line_1_102' title="bbox 442 5663 2010 5739; baseline 0.006 -23"><span class='ocrx_word' id='word_1_699' title='bbox 442 5663 545 5716; x_wconf 79' lang='grc' dir='ltr'><strong>ἀπ’</strong></span> <span class='ocrx_word' id='word_1_700' title='bbox 568 5663 815 5735; x_wconf 80' lang='grc' dir='ltr'><strong>ἀλλήλων</strong></span> <span class='ocrx_word' id='word_1_701' title='bbox 836 5667 1131 5737; x_wconf 78' lang='grc' dir='ltr'><strong>διάκρισιν,</strong></span> <span class='ocrx_word' id='word_1_702' title='bbox 1165 5667 1298 5725; x_wconf 76' lang='grc' dir='ltr'><strong>ἁλλὰ</strong></span> <span class='ocrx_word' id='word_1_703' title='bbox 1322 5667 1414 5721; x_wconf 86' lang='grc' dir='ltr'><strong>τοῦ</strong></span> <span class='ocrx_word' id='word_1_704' title='bbox 1446 5669 1660 5738; x_wconf 74' lang='grc' dir='ltr'><strong>Πατρδς</strong></span> <span class='ocrx_word' id='word_1_705' title='bbox 1687 5671 1820 5739; x_wconf 70' lang='grc' dir='ltr'><strong>πρὸς</strong></span> <span class='ocrx_word' id='word_1_706' title='bbox 1855 5671 1923 5724; x_wconf 81' lang='grc' dir='ltr'><strong>τὰ</strong></span> <span class='ocrx_word' id='word_1_707' title='bbox 1952 5671 2010 5735; x_wconf 73' lang='grc' dir='ltr'><strong>ἐξ</strong></span> 
     </span>
    </p>
   </div>
   <div class='ocr_carea' id='block_1_103' title="bbox 446 5754 2008 5832">
    <p class='ocr_par' dir='ltr' id='par_1_103' title="bbox 446 5754 2008 5832">
     <span class='ocr_line' id='line_1_103' title="bbox 446 5754 2008 5832; baseline 0.002 -21"><span class='ocrx_word' id='word_1_708' title='bbox 446 5754 614 5811; x_wconf 78' lang='grc' dir='ltr'><strong>αὑτοῦ</strong></span> <span class='ocrx_word' id='word_1_709' title='bbox 653 5757 983 5828; x_wconf 75' lang='grc' dir='ltr'><strong>παραδίδωσι</strong></span> <span class='ocrx_word' id='word_1_710' title='bbox 1023 5760 1198 5830; x_wconf 83' lang='grc' dir='ltr'><strong>μόνον.</strong></span> <span class='ocrx_word' id='word_1_711' title='bbox 1235 5761 1338 5814; x_wconf 75' lang='grc' dir='ltr'><strong>Τδν</strong></span> <span class='ocrx_word' id='word_1_712' title='bbox 1368 5761 1544 5816; x_wconf 70' lang='grc' dir='ltr'><strong>τοενυν</strong></span> <span class='ocrx_word' id='word_1_713' title='bbox 1602 5761 1813 5832; x_wconf 78' lang='grc' dir='ltr'><strong>Πατέρα</strong></span> <span class='ocrx_word' id='word_1_714' title='bbox 1876 5762 2008 5830; x_wconf 70' lang='grc' dir='ltr'><strong>πρὸς</strong></span> 
     </span>
    </p>
   </div>
   <div class='ocr_carea' id='block_1_104' title="bbox 2115 4566 3682 4641">
    <p class='ocr_par' dir='ltr' id='par_1_104' title="bbox 2115 4566 3682 4641">
     <span class='ocr_line' id='line_1_104' title="bbox 2115 4566 3682 4641; baseline -0.004 -15"><span class='ocrx_word' id='word_1_715' title='bbox 2115 4571 2357 4641; x_wconf 70' lang='lat' dir='ltr'><strong>cogitare</strong></span> <span class='ocrx_word' id='word_1_716' title='bbox 2401 4571 2657 4623; x_wconf 87' lang='lat' dir='ltr'><strong>doctores</strong></span> <span class='ocrx_word' id='word_1_717' title='bbox 2711 4567 2855 4620; x_wconf 90' lang='lat' dir='ltr'><strong>inter</strong></span> <span class='ocrx_word' id='word_1_718' title='bbox 2896 4582 2953 4621; x_wconf 87' lang='lat' dir='ltr'><strong>se</strong></span> <span class='ocrx_word' id='word_1_719' title='bbox 2985 4567 3297 4622; x_wconf 89' lang='lat' dir='ltr'><strong>contrarios</strong></span> <span class='ocrx_word' id='word_1_720' title='bbox 3322 4566 3485 4634; x_wconf 85' lang='lat' dir='ltr'><strong>esse),</strong></span> <span class='ocrx_word' id='word_1_721' title='bbox 3514 4566 3682 4620; x_wconf 87' lang='lat' dir='ltr'><strong>alium</strong></span> 
     </span>
    </p>
   </div>
   <div class='ocr_carea' id='block_1_105' title="bbox 2116 4659 3684 4733">
    <p class='ocr_par' dir='ltr' id='par_1_105' title="bbox 2116 4659 3684 4733">
     <span class='ocr_line' id='line_1_105' title="bbox 2116 4659 3684 4733; baseline -0.001 -17"><span class='ocrx_word' id='word_1_722' title='bbox 2116 4663 2428 4733; x_wconf 89' lang='lat' dir='ltr'><strong>quempiam</strong></span> <span class='ocrx_word' id='word_1_723' title='bbox 2461 4661 2626 4714; x_wconf 84' lang='lat' dir='ltr'><strong>habet</strong></span> <span class='ocrx_word' id='word_1_724' title='bbox 2665 4674 2912 4724; x_wconf 87' lang='lat' dir='ltr'><strong>sensum,</strong></span> <span class='ocrx_word' id='word_1_725' title='bbox 2946 4669 3145 4728; x_wconf 64' lang='lat' dir='ltr'><strong>printer</strong></span> <span class='ocrx_word' id='word_1_726' title='bbox 3187 4675 3311 4714; x_wconf 88' lang='lat' dir='ltr'><strong>eum</strong></span> <span class='ocrx_word' id='word_1_727' title='bbox 3357 4661 3450 4731; x_wconf 92' lang='lat' dir='ltr'><strong>qui</strong></span> <span class='ocrx_word' id='word_1_728' title='bbox 3499 4659 3684 4714; x_wconf 75' lang='lat' dir='ltr'><strong>multis</strong></span> 
     </span>
    </p>
   </div>
   <div class='ocr_carea' id='block_1_106' title="bbox 2115 4749 3686 4826">
    <p class='ocr_par' dir='ltr' id='par_1_106' title="bbox 2115 4749 3686 4826">
     <span class='ocr_line' id='line_1_106' title="bbox 2115 4749 3686 4826; baseline -0.003 -17"><span class='ocrx_word' id='word_1_729' title='bbox 2115 4764 2373 4826; x_wconf 88' lang='lat' dir='ltr'><strong>apparet;</strong></span> <span class='ocrx_word' id='word_1_730' title='bbox 2403 4761 2460 4808; x_wconf 82' lang='lat' dir='ltr'><strong>et</strong></span> <span class='ocrx_word' id='word_1_731' title='bbox 2490 4767 2600 4806; x_wconf 89' lang='lat' dir='ltr'><strong>non</strong></span> <span class='ocrx_word' id='word_1_732' title='bbox 2630 4767 2921 4806; x_wconf 74' lang='lat' dir='ltr'><strong>removens</strong></span> <span class='ocrx_word' id='word_1_733' title='bbox 2949 4768 2976 4804; x_wconf 87' lang='lat' dir='ltr'><strong>a</strong></span> <span class='ocrx_word' id='word_1_734' title='bbox 3011 4749 3150 4805; x_wconf 83' lang='lat' dir='ltr'><strong>Filio</strong></span> <span class='ocrx_word' id='word_1_735' title='bbox 3181 4751 3387 4807; x_wconf 83' lang='lat' dir='ltr'><strong>fontem</strong></span> <span class='ocrx_word' id='word_1_736' title='bbox 3413 4768 3534 4807; x_wconf 87' lang='lat' dir='ltr'><strong>esse</strong></span> <span class='ocrx_word' id='word_1_737' title='bbox 3563 4751 3686 4820; x_wconf 80' lang='lat' dir='ltr'><strong>Spi-</strong></span> 
     </span>
    </p>
   </div>
   <div class='ocr_carea' id='block_1_107' title="bbox 2116 4842 3685 4912">
    <p class='ocr_par' dir='ltr' id='par_1_107' title="bbox 2116 4842 3685 4912">
     <span class='ocr_line' id='line_1_107' title="bbox 2116 4842 3685 4912; baseline -0.002 -12"><span class='ocrx_word' id='word_1_738' title='bbox 2116 4847 2276 4909; x_wconf 87' lang='lat' dir='ltr'><strong>ritus,</strong></span> <span class='ocrx_word' id='word_1_739' title='bbox 2305 4845 2420 4898; x_wconf 60' lang='lat' dir='ltr'><strong>hac</strong></span> <span class='ocrx_word' id='word_1_740' title='bbox 2453 4842 2527 4896; x_wconf 89' lang='lat' dir='ltr'><strong>ait</strong></span> <span class='ocrx_word' id='word_1_741' title='bbox 2565 4858 2579 4894; x_wconf 88' lang='lat'>:</span> <span class='ocrx_word' id='word_1_742' title='bbox 2613 4857 2808 4894; x_wconf 86' lang='lat' dir='ltr'><strong>verum</strong></span> <span class='ocrx_word' id='word_1_743' title='bbox 2833 4852 2888 4895; x_wconf 90' lang='lat' dir='ltr'><strong>et</strong></span> <span class='ocrx_word' id='word_1_744' title='bbox 2919 4843 3034 4912; x_wconf 82' lang='lat' dir='ltr'><strong>ipse</strong></span> <span class='ocrx_word' id='word_1_745' title='bbox 3067 4861 3168 4896; x_wconf 85' lang='lat' dir='ltr'><strong>una</strong></span> <span class='ocrx_word' id='word_1_746' title='bbox 3195 4858 3317 4897; x_wconf 88' lang='lat' dir='ltr'><strong>cum</strong></span> <span class='ocrx_word' id='word_1_747' title='bbox 3352 4845 3471 4899; x_wconf 89' lang='lat' dir='ltr'><strong>istis</strong></span> <span class='ocrx_word' id='word_1_748' title='bbox 3497 4845 3685 4898; x_wconf 90' lang='lat' dir='ltr'><strong>docto-</strong></span> 
     </span>
    </p>
   </div>
   <div class='ocr_carea' id='block_1_108' title="bbox 2116 4932 3686 5007">
    <p class='ocr_par' dir='ltr' id='par_1_108' title="bbox 2116 4932 3686 5007">
     <span class='ocr_line' id='line_1_108' title="bbox 2116 4932 3686 5007; baseline -0.001 -15"><span class='ocrx_word' id='word_1_749' title='bbox 2116 4937 2271 4992; x_wconf 85' lang='lat' dir='ltr'><strong>ribus</strong></span> <span class='ocrx_word' id='word_1_750' title='bbox 2307 4937 2518 4991; x_wconf 85' lang='lat' dir='ltr'><strong>diceret</strong></span> <span class='ocrx_word' id='word_1_751' title='bbox 2565 4932 2760 4987; x_wconf 79' lang='lat' dir='ltr'><strong>Filium</strong></span> <span class='ocrx_word' id='word_1_752' title='bbox 2793 4933 2994 4988; x_wconf 78' lang='lat' dir='ltr'><strong>fontem</strong></span> <span class='ocrx_word' id='word_1_753' title='bbox 3032 4936 3288 5006; x_wconf 83' lang='lat' dir='ltr'><strong>Spiritus,</strong></span> <span class='ocrx_word' id='word_1_754' title='bbox 3327 4937 3426 4994; x_wconf 90' lang='lat' dir='ltr'><strong>hoc</strong></span> <span class='ocrx_word' id='word_1_755' title='bbox 3453 4945 3538 4992; x_wconf 88' lang='lat' dir='ltr'><strong>est</strong></span> <span class='ocrx_word' id='word_1_756' title='bbox 3565 4937 3686 5007; x_wconf 81' lang='lat' dir='ltr'><strong>ejus</strong></span> 
     </span>
    </p>
   </div>
   <div class='ocr_carea' id='block_1_109' title="bbox 2113 5031 2490 5101">
    <p class='ocr_par' dir='ltr' id='par_1_109' title="bbox 2113 5031 2490 5101">
     <span class='ocr_line' id='line_1_109' title="bbox 2113 5031 2490 5101; baseline -0.008 -16"><span class='ocrx_word' id='word_1_757' title='bbox 2113 5031 2490 5101; x_wconf 81' lang='lat' dir='ltr'><strong>hypostaseos.</strong></span> 
     </span>
    </p>
   </div>
   <div class='ocr_carea' id='block_1_110' title="bbox 2189 5117 3682 5192">
    <p class='ocr_par' dir='ltr' id='par_1_110' title="bbox 2189 5117 3682 5192">
     <span class='ocr_line' id='line_1_110' title="bbox 2189 5117 3682 5192; baseline -0.005 -18"><span class='ocrx_word' id='word_1_758' title='bbox 2189 5120 2286 5176; x_wconf 83' lang='lat' dir='ltr'><strong>His</strong></span> <span class='ocrx_word' id='word_1_759' title='bbox 2338 5123 2506 5192; x_wconf 74' lang='lat' dir='ltr'><strong>igitur</strong></span> <span class='ocrx_word' id='word_1_760' title='bbox 2565 5125 2716 5192; x_wconf 87' lang='lat' dir='ltr'><strong>prius</strong></span> <span class='ocrx_word' id='word_1_761' title='bbox 2773 5120 3077 5184; x_wconf 87' lang='lat' dir='ltr'><strong>illustratis,</strong></span> <span class='ocrx_word' id='word_1_762' title='bbox 3117 5118 3376 5186; x_wconf 83' lang='lat' dir='ltr'><strong>deinceps</strong></span> <span class='ocrx_word' id='word_1_763' title='bbox 3427 5117 3682 5177; x_wconf 81' lang='lat' dir='ltr'><strong>dicimus,</strong></span> 
     </span>
    </p>
   </div>
   <div class='ocr_carea' id='block_1_111' title="bbox 2115 5209 3680 5286">
    <p class='ocr_par' dir='ltr' id='par_1_111' title="bbox 2115 5209 3680 5286">
     <span class='ocr_line' id='line_1_111' title="bbox 2115 5209 3680 5286; baseline -0.006 -17"><span class='ocrx_word' id='word_1_764' title='bbox 2115 5231 2222 5269; x_wconf 92' lang='lat' dir='ltr'><strong>non</strong></span> <span class='ocrx_word' id='word_1_765' title='bbox 2247 5232 2366 5270; x_wconf 87' lang='lat' dir='ltr'><strong>esse</strong></span> <span class='ocrx_word' id='word_1_766' title='bbox 2385 5218 2726 5286; x_wconf 88' lang='lat' dir='ltr'><strong>propositum</strong></span> <span class='ocrx_word' id='word_1_767' title='bbox 2751 5217 2878 5272; x_wconf 91' lang='lat' dir='ltr'><strong>huic</strong></span> <span class='ocrx_word' id='word_1_768' title='bbox 2896 5213 3106 5269; x_wconf 85' lang='lat' dir='ltr'><strong>doctori</strong></span> <span class='ocrx_word' id='word_1_769' title='bbox 3139 5211 3375 5275; x_wconf 89' lang='lat' dir='ltr'><strong>tradere,</strong></span> <span class='ocrx_word' id='word_1_770' title='bbox 3406 5210 3495 5263; x_wconf 89' lang='lat' dir='ltr'><strong>hic</strong></span> <span class='ocrx_word' id='word_1_771' title='bbox 3530 5209 3680 5262; x_wconf 90' lang='lat' dir='ltr'><strong>omni</strong></span> 
     </span>
    </p>
   </div>
   <div class='ocr_carea' id='block_1_112' title="bbox 2113 5303 3684 5377">
    <p class='ocr_par' dir='ltr' id='par_1_112' title="bbox 2113 5303 3684 5377">
     <span class='ocr_line' id='line_1_112' title="bbox 2113 5303 3684 5377; baseline -0.006 -17"><span class='ocrx_word' id='word_1_772' title='bbox 2113 5323 2178 5360; x_wconf 80' lang='lat' dir='ltr'><strong>ex</strong></span> <span class='ocrx_word' id='word_1_773' title='bbox 2222 5317 2376 5376; x_wconf 73' lang='lat' dir='ltr'><strong>parte</strong></span> <span class='ocrx_word' id='word_1_774' title='bbox 2418 5310 2710 5376; x_wconf 79' lang='lat' dir='ltr'><strong>perfectam</strong></span> <span class='ocrx_word' id='word_1_775' title='bbox 2745 5318 2801 5363; x_wconf 87' lang='lat' dir='ltr'><strong>et</strong></span> <span class='ocrx_word' id='word_1_776' title='bbox 2830 5308 3044 5377; x_wconf 88' lang='lat' dir='ltr'><strong>plenam</strong></span> <span class='ocrx_word' id='word_1_777' title='bbox 3079 5303 3384 5358; x_wconf 86' lang='lat' dir='ltr'><strong>divinarum</strong></span> <span class='ocrx_word' id='word_1_778' title='bbox 3419 5314 3684 5370; x_wconf 85' lang='lat' dir='ltr'><strong>persona-</strong></span> 
     </span>
    </p>
   </div>
   <div class='ocr_carea' id='block_1_113' title="bbox 2115 5393 3680 5462">
    <p class='ocr_par' dir='ltr' id='par_1_113' title="bbox 2115 5393 3680 5462">
     <span class='ocr_line' id='line_1_113' title="bbox 2115 5393 3680 5462; baseline -0.005 -10"><span class='ocrx_word' id='word_1_779' title='bbox 2115 5415 2235 5453; x_wconf 89' lang='lat' dir='ltr'><strong>rum</strong></span> <span class='ocrx_word' id='word_1_780' title='bbox 2267 5399 2554 5454; x_wconf 85' lang='lat' dir='ltr'><strong>Trinitatis</strong></span> <span class='ocrx_word' id='word_1_781' title='bbox 2583 5400 3016 5455; x_wconf 86' lang='lat' dir='ltr'><strong>distinctionem.</strong></span> <span class='ocrx_word' id='word_1_782' title='bbox 3055 5397 3293 5462; x_wconf 69' lang='lat' dir='ltr'><strong>indeque</strong></span> <span class='ocrx_word' id='word_1_783' title='bbox 3328 5393 3680 5462; x_wconf 83' lang='lat' dir='ltr'><strong>perspicuum</strong></span> 
     </span>
    </p>
   </div>
   <div class='ocr_carea' id='block_1_114' title="bbox 2113 5483 3680 5560">
    <p class='ocr_par' dir='ltr' id='par_1_114' title="bbox 2113 5483 3680 5560">
     <span class='ocr_line' id='line_1_114' title="bbox 2113 5483 3680 5560; baseline -0.006 -14"><span class='ocrx_word' id='word_1_784' title='bbox 2113 5499 2199 5546; x_wconf 89' lang='lat' dir='ltr'><strong>est</strong></span> <span class='ocrx_word' id='word_1_785' title='bbox 2230 5491 2374 5560; x_wconf 90' lang='lat' dir='ltr'><strong>quod</strong></span> <span class='ocrx_word' id='word_1_786' title='bbox 2429 5491 2633 5544; x_wconf 87' lang='lat' dir='ltr'><strong>nullam</strong></span> <span class='ocrx_word' id='word_1_787' title='bbox 2679 5489 3091 5545; x_wconf 70' lang='lat' dir='ltr'><strong>distinctionem</strong></span> <span class='ocrx_word' id='word_1_788' title='bbox 3144 5485 3268 5540; x_wconf 88' lang='lat' dir='ltr'><strong>Filii</strong></span> <span class='ocrx_word' id='word_1_789' title='bbox 3316 5500 3378 5538; x_wconf 81' lang='lat' dir='ltr'><strong>ac</strong></span> <span class='ocrx_word' id='word_1_790' title='bbox 3421 5483 3680 5552; x_wconf 85' lang='lat' dir='ltr'><strong>Spiritus,</strong></span> 
     </span>
    </p>
   </div>
   <div class='ocr_carea' id='block_1_115' title="bbox 2115 5573 3682 5642">
    <p class='ocr_par' dir='ltr' id='par_1_115' title="bbox 2115 5573 3682 5642">
     <span class='ocr_line' id='line_1_115' title="bbox 2115 5573 3682 5642; baseline -0.006 -10"><span class='ocrx_word' id='word_1_791' title='bbox 2115 5579 2259 5633; x_wconf 82' lang='lat' dir='ltr'><strong>inter</strong></span> <span class='ocrx_word' id='word_1_792' title='bbox 2288 5595 2345 5632; x_wconf 90' lang='lat' dir='ltr'><strong>se</strong></span> <span class='ocrx_word' id='word_1_793' title='bbox 2380 5580 2434 5632; x_wconf 87' lang='lat' dir='ltr'><strong>in</strong></span> <span class='ocrx_word' id='word_1_794' title='bbox 2463 5578 2566 5633; x_wconf 89' lang='lat' dir='ltr'><strong>hac</strong></span> <span class='ocrx_word' id='word_1_795' title='bbox 2593 5580 2844 5634; x_wconf 87' lang='lat' dir='ltr'><strong>oratione</strong></span> <span class='ocrx_word' id='word_1_796' title='bbox 2879 5577 3186 5633; x_wconf 86' lang='lat' dir='ltr'><strong>tradiderit.</strong></span> <span class='ocrx_word' id='word_1_797' title='bbox 3221 5575 3337 5629; x_wconf 78' lang='lat' dir='ltr'><strong>Non</strong></span> <span class='ocrx_word' id='word_1_798' title='bbox 3369 5573 3535 5642; x_wconf 75' lang='lat' dir='ltr'><strong>igitur</strong></span> <span class='ocrx_word' id='word_1_799' title='bbox 3563 5587 3682 5625; x_wconf 87' lang='lat' dir='ltr'><strong>om-</strong></span> 
     </span>
    </p>
   </div>
   <div class='ocr_carea' id='block_1_116' title="bbox 2114 5664 3675 5742">
    <p class='ocr_par' dir='ltr' id='par_1_116' title="bbox 2114 5664 3675 5742">
     <span class='ocr_line' id='line_1_116' title="bbox 2114 5664 3675 5742; baseline -0.004 -19"><span class='ocrx_word' id='word_1_800' title='bbox 2114 5672 2261 5724; x_wconf 62' lang='lat' dir='ltr'><strong>nium</strong></span> <span class='ocrx_word' id='word_1_801' title='bbox 2285 5685 2642 5742; x_wconf 86' lang='lat' dir='ltr'><strong>personarum</strong></span> <span class='ocrx_word' id='word_1_802' title='bbox 2670 5670 3078 5725; x_wconf 89' lang='lat' dir='ltr'><strong>distinctionem</strong></span> <span class='ocrx_word' id='word_1_803' title='bbox 3112 5669 3254 5723; x_wconf 88' lang='lat' dir='ltr'><strong>inter</strong></span> <span class='ocrx_word' id='word_1_804' title='bbox 3274 5681 3334 5722; x_wconf 88' lang='lat' dir='ltr'><strong>se</strong></span> <span class='ocrx_word' id='word_1_805' title='bbox 3360 5665 3546 5728; x_wconf 87' lang='lat' dir='ltr'><strong>tradit,</strong></span> <span class='ocrx_word' id='word_1_806' title='bbox 3577 5664 3675 5718; x_wconf 87' lang='lat' dir='ltr'><strong>sed</strong></span> 
     </span>
    </p>
   </div>
   <div class='ocr_carea' id='block_1_117' title="bbox 2113 5759 3679 5832">
    <p class='ocr_par' dir='ltr' id='par_1_117' title="bbox 2113 5759 3679 5832">
     <span class='ocr_line' id='line_1_117' title="bbox 2113 5759 3679 5832; baseline -0.006 -12"><span class='ocrx_word' id='word_1_807' title='bbox 2113 5764 2324 5820; x_wconf 80' lang='lat' dir='ltr'><strong>Patrem</strong></span> <span class='ocrx_word' id='word_1_808' title='bbox 2375 5773 2580 5820; x_wconf 88' lang='lat' dir='ltr'><strong>tantum</strong></span> <span class='ocrx_word' id='word_1_809' title='bbox 2629 5764 2695 5819; x_wconf 88' lang='lat' dir='ltr'><strong>ab</strong></span> <span class='ocrx_word' id='word_1_810' title='bbox 2742 5763 2807 5819; x_wconf 90' lang='lat' dir='ltr'><strong>iis</strong></span> <span class='ocrx_word' id='word_1_811' title='bbox 2847 5763 2938 5832; x_wconf 85' lang='lat' dir='ltr'><strong>qui</strong></span> <span class='ocrx_word' id='word_1_812' title='bbox 2989 5762 3056 5818; x_wconf 84' lang='lat' dir='ltr'><strong>ab</strong></span> <span class='ocrx_word' id='word_1_813' title='bbox 3112 5763 3229 5830; x_wconf 87' lang='lat' dir='ltr'><strong>ipso</strong></span> <span class='ocrx_word' id='word_1_814' title='bbox 3285 5759 3487 5815; x_wconf 85' lang='lat' dir='ltr'><strong>habent</strong></span> <span class='ocrx_word' id='word_1_815' title='bbox 3531 5770 3679 5820; x_wconf 81' lang='lat' dir='ltr'><strong>esse,</strong></span> 
     </span>
    </p>
   </div>
  </div>
