3966 6218
297 312 407 377 όύΒ

1266 309 1772 369 BESSAMONIS
1811 309 1868 372 S.
1918 311 1988 371 R.
2031 311 2096 372 Ε.
2135 309 2606 372 CARDIN‘ALIS

3473 322 3582 385 401

301 433 610 504 distinguit.
641 431 858 486 Patrem
890 431 1056 501 igitur
1084 431 1149 484 ad
1184 429 1305 484 Filii
1343 431 1609 485 tationem
1641 439 1889 484 contem-

2015 433 2091 485 ξὺν
2135 432 2261 485 Υίον
2297 433 2519 502 θεωρῶν
2553 435 2611 486 ὲν
2637 434 2813 504 τούτῳ
2841 433 2918 504 τῷ
2945 433 3126 504 μέρει,
3162 438 3255 490 καὶ
3303 437 3401 508 τὴν
3465 441 3557 493 τοῦ

302 532 481 599 plans,
521 528 625 584 hac
664 542 729 581 ex
778 533 934 596 parte
967 534 1200 590 tantum,
1231 533 1285 580 et
1320 525 1518 578 horum
1563 537 1688 576 cum
1721 521 1889 577 tradi-

302 626 478 680 disset
511 623 659 678 inter
710 637 768 675 se
813 619 1138 685 discrimen,
1191 619 1371 674 solum
1419 617 1636 671 Patrem
1684 615 1886 671 fontem

303 715 578 784 appellat;
621 722 808 782 utpote
863 709 957 780 qui
988 710 1060 765 sit
1087 711 1210 765 fons
1239 708 1384 774 Filii,
1412 709 1586 763 Filius
1611 723 1744 762 vero
1783 708 1891 762 mi-

304 808 452 861 nilne
479 807 552 862 sil.
577 805 704 860 fons
736 803 932 859 Patris.
967 801 1126 868 Quod
1161 812 1345 856 autem
1381 802 1450 855 de
1483 801 1644 856 Patre
1677 810 1890 854 tantum

306 915 370 954 ac
399 898 538 952 Filio
561 897 726 960 dicat,
752 897 916 950 etiam
946 913 1006 951 ex
1035 894 1508 965 consequentibus
1537 893 1890 948 manifestum

305 1001 412 1044 est.
462 988 718 1042 Personae
766 989 938 1050 enim,
974 985 1174 1056 inquit,
1211 983 1764 1054 supersubstantialis
1805 984 1891 1037 dio

308 1083 450 1136 vium.
472 1081 848 1152 generationis
883 1095 991 1135 non
1032 1080 1474 1148 reciprocantur.
1505 1079 1716 1132 Nomen
1743 1075 1890 1131 enim

308 1176 465 1240 illud,
503 1177 846 1243 tlteogonias,
885 1174 990 1228 hoc
1020 1183 1104 1230 est
1137 1173 1310 1228 divini
1345 1181 1522 1236 ortus,
1560 1187 1588 1224 a
1617 1170 1894 1240 gignendo

306 1277 364 1320 et
399 1266 754 1336 generatione
791 1266 1145 1334 desumptum
1198 1274 1300 1318 est.
1336 1263 1468 1328 Quae
1516 1278 1648 1316 sane
1701 1260 1894 1315 relatio

311 1368 526 1414 tantum
558 1359 702 1412 Patri
737 1358 999 1412 convenit
1030 1367 1086 1412 et
1120 1356 1284 1415 Filio.
1317 1371 1443 1411 cum
1470 1356 1614 1411 alter
1643 1363 1893 1426 generet,

308 1455 450 1505 alter
483 1450 764 1520 gignatur.
807 1449 922 1505 Hoc
963 1466 1094 1504 vero
1133 1439 1194 1505 et.
1222 1451 1364 1504 ultra
1397 1449 1762 1519 progrediens
1793 1449 1894 1502 do-

312 1553 434 1594 ctor
487 1541 661 1610 magis
695 1543 916 1610 planum
945 1551 1000 1594 et
1025 1542 1380 1596 manifestum
1409 1542 1540 1594 facit
1566 1556 1580 1592 :
1611 1540 1730 1595 Non
1756 1539 1899 1595 exsi-

316 1643 519 1699 stente,
562 1635 840 1704 inquiens,
894 1635 1057 1689 Patre
1102 1635 1265 1697 Filio,
1315 1650 1497 1704 neque
1535 1633 1676 1688 Filio
1711 1634 1893 1688 Patre.

315 1726 500 1791 Quare
534 1742 660 1782 cum
709 1728 939 1797 gignere
977 1741 1040 1781 ac
1072 1727 1461 1795 pateruitatem
1502 1736 1714 1782 tantum
1749 1709 1894 1778 Patri

309 1819 678 1880 attribuisset,
703 1835 830 1873 eum
865 1820 1040 1874 solum
1066 1820 1198 1874 dicit
1229 1835 1352 1874 esse
1402 1820 1608 1874 fontem
1640 1818 1896 1886 deitatis;

313 1911 468 1978 quasi
493 1911 724 1976 diceret,
759 1911 922 1964 Solus
948 1910 1062 1980 ipse
1091 1921 1175 1965 est
1196 1912 1356 1966 Pater
1377 1921 1432 1965 et
1458 1912 1606 1966 solus
1629 1920 1853 1979 generat
1881 1929 1893 1965 :

317 2019 445 2058 eum
480 2019 659 2072 neque
689 2003 807 2074 ipse
835 2004 1144 2058 obtinuerit
1186 2005 1366 2059 locum
1405 2013 1462 2058 ut
1493 2004 1771 2073 gignatur,
1804 2018 1899 2058 ne-

316 2112 424 2166 que
454 2095 626 2151 Filius
655 2098 898 2151 vicissim
930 2099 1208 2166 acceperit
1235 2098 1418 2152 locum
1447 2107 1506 2150 ut
1536 2107 1764 2166 generet
1795 2113 1809 2150 :
1844 2103 1900 2150 et

321 2199 633 2257 propterea,
680 2204 929 2254 persunze
979 2187 1535 2257 supersubstanlialis
1565 2187 1766 2242 divina:
1809 2202 1903 2258 ge-

315 2280 625 2334 nerationis
659 2281 888 2334 minime
923 2281 1364 2348 reciprocantur.

385 2371 590 2428 Verum
637 2374 947 2440 enimvero,
972 2375 1074 2427 etsi
1100 2375 1225 2443 quis
1248 2375 1652 2430 diceretsolum
1680 2376 1897 2432 Patrem

315 2483 437 2521 esse
469 2466 678 2522 fontem
705 2467 1249 2538 supersubstantialis
1302 2468 1548 2534 deitatis,
1577 2470 1781 2541 quippe
1811 2485 1900 2525 so-

319 2563 405 2614 lus
437 2562 449 2614 i
461 2575 555 2629 pse
589 2561 660 2614 sit
686 2575 850 2616 causa
882 2567 939 2616 et
970 2560 1092 2616 Filii
1119 2568 1177 2616 et
1207 2561 1448 2630 Spiritus
1473 2564 1671 2625 sancti,
1702 2579 1733 2617 a
1763 2578 1899 2618 vero

322 2672 430 2709 non
467 2657 776 2711 aberraret.
812 2655 976 2711 Solus
1005 2657 1152 2712 enim
1187 2656 1279 2712 ille
1308 2669 1394 2712 est
1427 2666 1592 2714 causa
1622 2668 1678 2714 et
1706 2661 1901 2714 ambo-

321 2767 480 2815 rum,
521 2761 578 2806 et
611 2751 759 2804 solus
793 2759 880 2804 est
927 2755 1051 2806 l'ons
1083 2765 1195 2805 non
1225 2765 1293 2806 ex
1319 2751 1518 2817 fonte;
1561 2767 1690 2808 cum
1725 2753 1900 2810 Filius

319 2843 390 2896 sit
428 2846 552 2896 l'ons
594 2843 842 2912 quidem,
890 2854 949 2898 ut
987 2843 1164 2898 sancti
1203 2852 1494 2911 asserunt,
1533 2844 1627 2900 sed
1675 2845 1801 2903 fons
1828 2859 1895 2902 ex

317 2937 490 2991 fonte.

938 3099 1279 3168 Augustinus.

397 3211 568 3283 llujus
596 3211 772 3282 porro
800 3227 998 3268 sensus
1036 3222 1091 3268 et
1137 3212 1517 3284 intelligentia
1568 3215 1735 3269 etiam
1770 3229 1899 3271 nea-

322 3315 439 3359 tum
506 3307 874 3376 Augustinum
920 3308 1132 3362 socium
1182 3307 1341 3361 nobis
1385 3307 1659 3363 adducere
1708 3321 1902 3377 possu-

327 3414 500 3465 mus;
554 3399 607 3452 in
668 3408 864 3468 quarto
919 3402 1066 3454 enim
1125 3400 1271 3454 libro
1330 3399 1403 3453 De
1464 3398 1724 3453 Trinitate
1773 3401 1896 3454 ait:

325 3491 478 3556 Quod
539 3500 722 3546 autem
767 3491 901 3547 dicit
965 3493 1275 3548 Dominus:
1321 3490 1484 3557 Quem
1541 3507 1633 3562 ego
1693 3493 1901 3546 mittam

295 3588 298 3592 '
326 3583 466 3637 vobis
488 3601 519 3638 a
548 3584 731 3650 Patre,
781 3585 1030 3641 ostendit
1057 3585 1328 3656 Spiritum
1359 3597 1611 3641 sanctum
1641 3594 1697 3639 et
1727 3585 1902 3641 Patris

324 3690 444 3729 esse
470 3686 524 3728 et
554 3673 698 3730 Filii.
725 3675 862 3732 Cum
891 3677 1038 3731 enim
1085 3677 1252 3732 etiam
1297 3677 1528 3732 dixisset
1555 3696 1568 3732 :
1594 3677 1757 3744 Quem
1783 3681 1902 3732 mit-

327 3776 397 3819 tet
429 3767 610 3827 Pater,
637 3769 691 3820 in
725 3769 937 3822 nomine
963 3785 1097 3833 nico,
1123 3768 1355 3823 addidit.
1382 3769 1500 3823 δοκι
1531 3777 1715 3825 tamen
1740 3769 1898 3835 dixit,

325 3869 498 3923 Quem
546 3860 725 3914 mittet
773 3861 932 3915 Pater
975 3875 1003 3914 a
1056 3877 1161 3926 me,
1199 3861 1665 3930 quemadmodum
1713 3863 1897 3918 dixit:

326 3954 492 4014 Quem
522 3968 614 4013 eqo
650 3953 854 4006 mittam
880 3954 1020 4007 vobis
1060 3971 1091 4007 a
1119 3953 1322 4018 Patre;
1354 3954 1655 4010 ostendens
1691 3955 1904 4011 scilicet

327 4045 496 4097 tutius
533 4044 862 4108 divinitatis,
893 4044 1000 4108 vel,
1033 4046 1076 4101 si
1104 4046 1303 4101 melius
1331 4046 1626 4101 dicendum
1656 4057 1759 4114 est,
1787 4048 1902 4103 dei-

328 4134 456 4189 tatis
491 4135 708 4191 Patrem
735 4152 855 4194 esse
895 4139 1250 4209 principiutn.

395 4322 566 4388 Quem
608 4321 798 4383 alium,
833 4336 993 4391 quam
1028 4321 1218 4387 istum,
1251 4321 1340 4376 cui
1386 4321 1559 4391 magis
1593 4322 1903 4390 credamus,

326 4416 526 4470 mentis
579 4413 823 4486 Dionysii
877 4428 1189 4486 quazretnus
1242 4414 1656 4484 interpretem?
1691 4429 1815 4470 cum
1849 4426 1906 4471 et

1993 543 2102 578 των
2134 525 2466 594 παραδιδοὺς
2498 525 2595 578 ἀπ’
2626 525 2876 595 ἀλλήλων
2916 527 3216 598 διάκρισιν,
3267 529 3438 603 μόνην
3480 549 3580 604 πη-

1994 617 2213 687 γὴντδν
2244 619 2465 688 Πατέρα
2499 619 2690 688 φησὶν,
2726 620 2804 683 ὡς
2865 620 2960 673 τοῦ
3001 622 3100 689 μὲν
3144 623 3360 692 Πατρός
3403 629 3579 698 πηγῆς

1993 712 2087 765 τοῦ
2115 713 2245 766 Υίοῦ
2273 712 2446 775 ὄντος,
2479 713 2574 767 τοῦ
2618 714 2664 767 δ’
2687 714 2817 767 Υίοῦ
2869 716 3053 784 πηγῆς
3102 717 3196 770 τοῦ
3230 717 3442 789 lla-apo;
3493 722 3579 774 οὑ-

1993 804 2202 872 δαμῶς.
2237 804 2348 858 Καὶ
2372 806 2453 858 ὅτι
2485 807 2612 874 περὶ
2635 807 2850 877 Πατρος
2867 809 2961 862 καὶ
3000 809 3134 862 Υίοῦ
3203 828 3338 880 φησι
3393 812 3575 879 μόνου,

1996 897 2092 949 καὶ
2121 897 2230 949 ἀπὸ
2266 896 2731 968 τοῦὲπαγομένου
2763 898 2948 966 δῆλον.
2983 899 3065 953 Τὰ
3105 900 3215 972 γὰρ
3265 902 3367 965 τῆς
3416 903 3576 974 ὑπερ-

1997 987 2183 1040 ουσίου
2216 989 2512 1057 Θεογονίας,
2534 993 2720 1058 φησὶν,
2746 991 2846 1043 οὐκ
2875 993 3225 1062 ἀντιστρέφει
3254 995 3390 1062 πρὸς
3418 995 3580 1066 ἄλλη-

1997 1079 2081 1134 λα.
2107 1082 2181 1135 Τὸ
2207 1082 2314 1148 γὰρ
2340 1083 2441 1152 τῆς
2474 1083 2754 1150 θεογονίας
2773 1084 2944 1152 ὄνομα
2967 1087 3184 1139 ἀπὸτοῦ
3204 1090 3398 1158 γεννᾷν
3430 1106 3580 1159 παρ-

1998 1175 2254 1242 είληπται
2317 1177 2411 1229 καὶ¹
2463 1176 2564 1245 τῆς
2605 1178 2933 1247 γεννήσεως.
2966 1181 3124 1237 “litt:
3148 1181 3350 1251 δηλαδὴ
3396 1183 3584 1253 σχέσις

2001 1266 2209 1334 μεταξὺ
2245 1269 2458 1338 Πατρός
2481 1270 2714 1340 ἁρμόζει
2744 1273 2840 1326 καὶ
2875 1270 3031 1335 Υίοῦ,
3065 1271 3159 1326 τοῦ
3215 1273 3312 1341 μὲν
3351 1274 3586 1339 γεννῶν-

2000 1375 2116 1422 τος,
2150 1358 2246 1412 τοῦ
2279 1360 2336 1412 δὲ
2364 1362 2733 1431 γεννωμένου.
2797 1363 2970 1417 Τοῦτο
3006 1363 3062 1416 δὲ
3118 1365 3211 1416 καὶ
3267 1362 3346 1416 ἔτι
3375 1363 3586 1434 προῖὼν

2001 1452 2339 1522 σαφέστερον
2399 1455 2592 1508 ποιείό
2624 1454 2966 1520 διδάσκαλος,
3003 1456 3118 1511 Οὐκ
3163 1456 3336 1526 ὄντος,
3389 1457 3582 1526 λέγων,

2013 1543 2144 1596 Υἱοῦ
2172 1543 2268 1598 τοῦ
2296 1546 2530 1616 Πατρδς,
2582 1546 2704 1600 οὐδὲ
2745 1549 2959 1618 Πατρδς
3013 1548 3106 1602 τοῦ
3143 1549 3296 1603 Υἱοῦ.
3337 1549 3501 1603 Ὥστε
3526 1552 3584 1604 τὸ

2002 1636 2198 1705 γεννᾷν
2227 1637 2323 1688 καὶ
2347 1637 2450 1702 τὴν
2481 1642 2803 1708 πατρότητα
2845 1639 2924 1710 τῷ
2979 1643 3154 1710 Πατρὶ
3201 1643 3362 1711 μόνον
3401 1643 3586 1696 suam-

2001 1724 2148 1786 δοὺς,
2189 1725 2361 1794 μόνην
2389 1725 2557 1781 αὑτὸν
2581 1729 2766 1798 πηγὴν
2800 1728 3007 1797 φάσκει
3064 1729 3321 1800 θεότητος
3351 1747 3366 1764 ·
3401 1731 3476 1794 ὡς
3517 1731 3582 1784 ἂν

2005 1823 2054 1874 εί
2081 1822 2258 1888 ἔλεγε,
2303 1817 2476 1884 Μόνος
2500 1821 2689 1891 Πατὴρ
2718 1823 2814 1874 καὶ
2844 1821 3004 1891 μόνος
3044 1825 3275 1890 γεννῶν,
3309 1826 3445 1895 μήτε
3486 1827 3585 1879 αὺ-

2005 1913 2099 1966 τοῦ
2127 1913 2222 1982 τὴν
2255 1911 2411 1976 τάξιν
2437 1911 2536 1983 τὴν
2559 1911 2654 1966 τοῦ
2679 1913 2995 1980 γεννᾶσθαι,
3016 1915 3154 1986 μήτε
3182 1915 3276 1970 τοῦ
3304 1915 3432 1970 Υἱοῦ
3461 1919 3586 1972 ἀντ·

2003 2004 2290 2074 ειληφότος
2340 2005 2438 2074 τὴν
2478 2004 2575 2058 τοῦ
2603 2007 2820 2076 γεννᾷν,
2850 2009 2944 2059 καὶ
2966 2007 3056 2061 διὰ
3097 2008 3257 2062 τοῦτο
3307 2013 3381 2079 μὴ
3435 2011 3586 2064 ἀντι-

2009 2098 2355 2167 στρεφόντων
2381 2097 2492 2152 τῶν
2552 2099 2652 2168 τῆς
2722 2099 3054 2168 ὓπερουσίου
3120 2101 3402 2172 θεογονίας
3452 2105 3584 2176 πρὸς

2005 2190 2240 2260 ἄλληλα.

2071 2389 2152 2445 Οὐ
2191 2389 2299 2461 μὴν
2327 2389 2466 2443 ἀλλὰ
2491 2391 2586 2443 καὶ
2624 2393 2677 2444 ετ
2701 2407 2784 2455 τις
2823 2392 2993 2463 μόνην
3034 2394 3220 2463 πηγὴν
3251 2394 3352 2465 τῆς
3414 2395 3583 2468 ὑπερ-

2002 2483 2183 2537 ουσίου
2216 2483 2477 2552 θεότητος
2498 2483 2590 2536 τὸν
2628 2484 2845 2554 Πατέρα
2891 2485 3113 2552 φάσκει,
3143 2486 3218 2548 ὡς
3265 2487 3430 2555 μόνον
3488 2489 3590 2542 αὑ-

2001 2577 2092 2629 τὸν
2125 2575 2220 2626 καὶ
2252 2573 2383 2626 Υἶοῦ
2417 2574 2512 2625 καὶ
2538 2572 2861 2642 Πνεόματος
2892 2572 3090 2635 αἴτιον,
3115 2573 3217 2626 οὐκ
3251 2572 3317 2626 ἂν
3349 2574 3585 2644 ἁμάρτο.

1999 2666 2101 2734 τῆς
2127 2665 2402 2734 ἀληθείας.
2427 2664 2610 2728 Μόνος
2634 2665 2742 2734 γὰρ
2773 2665 2981 2728 ἐκεῖνος
3005 2664 3181 2728 αἴτιος
3211 2667 3306 2729 καὶ
3357 2667 3580 2737 ἀμφοῖν,

2004 2757 2099 2809 καὶ
2136 2756 2298 2825 μόνος
2329 2755 2484 2824 πηγὴ
2549 2755 2650 2808 οὐκ
2695 2756 2762 2808 ἐκ
2807 2756 2992 2826 πηγῆς
3021 2770 3037 2787 ο
3073 2756 3168 2810 τοῦ
3223 2756 3347 2809 Υίοῦ
3399 2757 3588 2828 πηγῆς

2005 2849 2107 2917 μὲν
2137 2848 2315 2914 ὄντος,
2353 2847 2430 2911 ὡς
2461 2849 2678 2918 εἴρηται
2709 2849 2823 2912 τοῖς
2886 2848 3082 2918 ἁγίοις,
3116 2849 3252 2903 ἀλλὰ
3279 2849 3461 2918 πηγῆς
3521 2849 3589 2902 ὲκ

2001 2957 2204 3011 πηγης.

2579 3101 3004 3170 Δὺγουστῖνος.

2078 3209 2300 3281 Ταύτης
2321 3210 2378 3263 δὲ
2403 3212 2502 3279 τῆς
2531 3211 2746 3274 ἑννοίας
2776 3211 2870 3265 καὶ
2899 3211 2992 3264 τὸν
3052 3212 3328 3283 μακάριον
3383 3213 3590 3281 Δὺγου·

2010 3306 2194 3358 στῖνον
2250 3306 2606 3374 παραγαγεῖν
2652 3304 2850 3375 ἔχομεν
2887 3305 3020 3377 ἡμῖν
3067 3307 3446 3361 κοινωνοῦντα.
3504 3307 3593 3359 Ἐν

2008 3398 2118 3467 γὰρ
2148 3397 2226 3467 τῷ
2257 3398 2395 3465 Περὶ
2442 3396 2692 3466 Τριάδος
2711 3395 2754 3452 δ’
2778 3399 2913 3469 φησί
2947 3415 2961 3432 ο
3002 3399 3113 3453 Καὶ
3141 3400 3278 3470 ὅπερ
3333 3400 3389 3453 δὲ
3444 3399 3592 3468 λέγει

2007 3492 2036 3543 ὁ
2064 3490 2269 3560 Κύριος
2292 3533 2305 3556 ,
2347 3493 2450 3544 Ὃν
2486 3489 2602 3560 ἐγὼ
2640 3489 2858 3559 πέμψω
2905 3490 3049 3560 ὑμῖν
3083 3493 3242 3560 παρὰ
3301 3492 3409 3546 τοῦ
3476 3495 3592 3548 Ha-

2007 3583 2167 3650 τρὸς,
2201 3583 2444 3660 ὄείκνυσι
2473 3583 2534 3636 τὸ
2581 3583 2809 3651 Πνεῦμα
2839 3583 2900 3635 τὸ
2930 3582 3088 3652 ἅγιον
3120 3586 3215 3638 καὶ
3251 3585 3344 3637 τοῦ
3379 3585 3593 3654 ηατρδς

2009 3675 2068 3729 ὃν
2093 3675 2186 3729 καὶ
2223 3675 2319 3728 τοῦ
2348 3675 2503 3728 Υίοῦ.
2535 3675 2648 3728 Καὶ
2678 3677 2784 3747 γὰρ
2835 3677 2929 3730 καὶ
2969 3675 3163 3742 εἰπὼν,
3227 3680 3329 3732 “Or
3373 3679 3594 3749 πέμψει

2011 3771 2044 3823 ὁ
2072 3771 2295 3836 Πατὴρ,
2325 3769 2395 3822 ἐν
2439 3767 2518 3834 τῷ
2584 3770 2833 3838 ὀνόματί
2885 3787 3028 3838 μου,
3097 3772 3460 3841 προσέθηκεν.
3508 3773 3584 3826 Οὐ

2015 3861 2199 3930 μέντοι
2229 3855 2407 3925 εἶπεν,
2450 3862 2549 3913 ’ον
2582 3860 2789 3930 πέμψει
2817 3861 2844 3914 ὁ
2882 3861 3075 3932 Πατὴρ
3126 3863 3262 3933 παρ’
3323 3863 3480 3934 ἐμοῦ,
3533 3865 3594 3918 ὃν

2008 3953 2216 4022 τρόπον
2245 3948 2420 4015 εἶπεν,
2469 3955 2580 4006 Ὃν
2622 3951 2738 4022 ἐγὼ
2803 3953 3020 4024 πέμψω
3068 3955 3212 4026 ὑμῖν
3274 3958 3432 4025 παρὰ
3489 3955 3596 4011 τοῦ

2012 4047 2264 4114 Πατρός.
2314 4047 2528 4109 δεικνὺς
2569 4047 2793 4117 δηλαδὴ.
2848 4048 2925 4110 ὡς
2979 4047 3108 4119 ὅλης
3144 4049 3245 4117 τῆς
3291 4051 3592 4121 θειότητος,

2011 4139 2044 4207 ἢ
2091 4140 2140 4190 εἰ
2191 4138 2400 4207 βέλτιον
2455 4137 2656 4206 λέγειν,
2703 4140 2802 4202 τῆς
2860 4139 3112 4208 θεότητος
3141 4141 3168 4194 ὁ
3221 4141 3413 4212 Πατήρ
3450 4143 3598 4196 ἐστιν
3637 4165 3643 4172 ·

2013 4231 2181 4302 ἀρχή-

2087 4320 2296 4375 Τούτου
2337 4323 2458 4374 τίνα
2491 4320 2937 4393 ἀξιοπιστότερον
2997 4325 3097 4395 τῆς
3152 4325 3434 4378 Διονυσίου
3483 4325 3599 4380 δια-

2015 4413 2162 4476 νοίας
2195 4413 2506 4484 ζητήσομεν
2537 4413 2812 4485 ἐξηγητὴν
2839 4433 2854 4480 ;
2877 4414 3084 4469 Τούτου
3115 4416 3199 4480 τίς
3250 4416 3453 4486 μᾶλλον
3505 4418 3597 4470 τὸν

327 4509 523 4565 iisdem
547 4508 838 4580 theologia:
867 4509 1176 4578 insignibus
1204 4518 1436 4564 ornatus
1459 4517 1628 4574 esset,
1653 4517 1708 4564 et
1739 4508 1900 4563 Deum

2017 4505 2230 4558 ἐκείνου
2269 4505 2472 4574 συνῆκε
2518 4506 2644 4560 νοῦν
2695 4507 2794 4575 τῆς
2841 4507 3016 4576 αὐτῆς
3075 4508 3224 4578 αὐτῷ
3279 4508 3599 4578 θεολογικῆς

326 4606 381 4658 in
420 4620 480 4660 se
527 4606 846 4674 loquentem
894 4606 1180 4676 gestaret?
1226 4605 1366 4661 Ecce
1413 4605 1585 4670 enim,
1634 4604 1780 4675 quod
1818 4605 1908 4660 ille

324 4698 504 4752 solum
535 4697 736 4753 fontem
776 4699 1327 4768 supersubstantialis
1367 4699 1592 4754 deitatis
1649 4700 1906 4764 dixerat;

326 4793 431 4846 iste
466 4790 803 4860 principium
838 4791 1006 4845 totius
1045 4789 1272 4844 dcitalis
1297 4789 1476 4856 dixit;
1515 4801 1775 4862 tanquam
1811 4790 1909 4845 Pa-

327 4893 411 4938 ter
467 4884 680 4938 scilicet
726 4884 810 4937 sui
858 4883 1037 4952 ipsius
1091 4882 1368 4937 neminem
1421 4899 1640 4938 causam
1691 4885 1906 4950 habeat,

325 4979 445 5046 ipse
479 4992 610 5031 vero
645 4985 702 5049 et
731 4973 853 5029 Filii
884 4984 941 5029 et
973 4973 1216 5044 Spiritus
1247 4990 1411 5028 causa
1443 4975 1693 5036 exsistat,
1740 4971 1912 5027 Filius

327 5080 513 5126 autem
558 5079 614 5126 et
661 5073 776 5142 ipse
811 5069 884 5125 sit
929 5078 1211 5133 causatus,
1249 5077 1303 5122 et
1344 5067 1520 5123 solius
1566 5066 1809 5137 Spiritus
1841 5066 1912 5120 sit

325 5180 512 5221 eausa.

401 5256 589 5328 Neque
623 5271 755 5312 vero
795 5264 848 5312 te
881 5269 1074 5311 rursus
1099 5253 1204 5309 hoc
1240 5267 1443 5307 nomen
1492 5254 1661 5307 totius
1691 5251 1912 5306 deitatis

333 5350 596 5414 otl‘endat,
629 5348 845 5403 Patrem
885 5363 1010 5404 cum
1053 5354 1167 5401 toto
1207 5345 1615 5405 conferentem.
1653 5355 1910 5415 tanquam

333 5438 474 5494 Filio
516 5439 700 5494 Patris
729 5454 894 5495 causa
942 5439 1265 5495 exsistente.
1313 5436 1584 5491 Diviuitas
1615 5436 1762 5490 enim
1803 5451 1911 5489 non

333 5533 618 5599 dividitur,
659 5533 752 5588 sed
793 5533 896 5587 hoc
930 5531 1341 5588 incommodum
1406 5540 1461 5586 et
1495 5529 1686 5584 vitium
1718 5544 1782 5584 ex
1822 5529 1917 5582 de-

337 5623 484 5678 fectu
530 5636 585 5680 et
637 5623 1010 5680 imbecillitate
1055 5623 1338 5678 nominum
1388 5621 1674 5692 provenit,
1722 5636 1912 5690 quam,

342 5731 450 5769 non
491 5718 626 5770 bene
662 5717 848 5781 facies,
890 5717 934 5771 si
970 5715 1034 5772 ad
1065 5732 1152 5771 res
1184 5716 1333 5786 ipsas
1370 5713 1734 5770 transtuleris.

416 5812 481 5864 At
513 5810 680 5875 enim,
716 5828 837 5866 cum
873 5812 1040 5865 multa
1076 5810 1186 5862 sint
1221 5819 1274 5862 ct
1321 5808 1447 5867 alia,
1485 5808 1683 5873 quibus
1715 5805 1913 5875 aliquis

2016 4596 2325 4666 ἠξιωμένου
2359 4600 2605 4668 χάριτος,
2644 4603 2738 4654 καὶ
2765 4599 2898 4653 Θεὸν
2931 4602 3192 4672 φέροντος
3240 4601 3510 4657 λαλοῦντα
3543 4605 3600 4654 ὲν

2019 4690 2243 4758 έαυτῷ;
2295 4691 2424 4744 Ἰδοὺ
2454 4690 2564 4762 γὰρ
2595 4692 2731 4762 ὅπερ
2785 4691 2992 4757 ἐκεῖνος
3043 4693 3217 4764 μόνην
3276 4695 3460 4762 πηγὴν
3501 4694 3600 4764 τῆς

2021 4783 2348 4854 ὑπερουσίου
2375 4782 2629 4851 θεότητος
2677 4779 2856 4850 εἶπεν,
2908 4779 3064 4842 οὗτος
3094 4787 3270 4856 ἀρχὴν
3313 4789 3412 4856 τῆς
3471 4787 3599 4853 ὅλης

2018 4874 2274 4944 θεότητος
2307 4875 2571 4945 εἴρηκεν⁸
2625 4877 2698 4939 ὡς
2754 4876 2852 4929 τοῦ
2909 4875 3006 4947 μὲν
3062 4877 3278 4948 Πατρδς
3334 4877 3599 4948 δηλονότι,

2019 4969 2185 5022 αὐτοῦ
2213 4969 2312 5039 μὲν
2334 4970 2528 5024 οὐδένα
2548 4969 2722 5024 αἴτιον
2755 4968 2996 5038 ἔχοντος,
3023 4969 3198 5023 αἰτίου
3229 4970 3284 5022 δὲ
3336 4972 3430 5023 καὶ
3469 4969 3601 5022 Υίοῦ

2022 5061 2116 5112 καὶ
2145 5059 2464 5129 Πνεύματος
2495 5057 2648 5122 ὄντος
2679 5073 2694 5090 ο
2733 5057 2866 5111 Υίοῦ
2893 5057 2950 5112 δὲ
3008 5057 3175 5112 αὑτοῦ
3232 5077 3289 5110 τε
3351 5059 3600 5114 αἰτιατοῦ

2020 5156 2192 5220 ὄντος,
2231 5156 2324 5207 καὶ
2356 5153 2532 5207 αἰτίου
2570 5153 2734 5222 μόνου
2757 5151 2850 5205 τοῦ
2906 5151 3245 5222 Πνεῦματος.

2091 5246 2183 5316 Μὴ
2204 5246 2520 5318 πρόσκοπτε
2549 5245 2606 5299 δὲ
2635 5244 2799 5299 πάλιν
2831 5241 3072 5298 ἐνταῦθα
3121 5245 3202 5316 τῷ
3233 5245 3464 5315 ὀνόματι
3501 5247 3601 5313 τῆς

2021 5341 2148 5412 ὅλης
2176 5339 2450 5409 θεότητος,
2486 5336 2780 5402 ἀντιτιθεὶς
2805 5340 2872 5408 τῇ
2897 5338 2999 5410 ὅλῃ
3024 5337 3213 5409 μέρος,
3245 5338 3320 5400 ὡς
3343 5337 3436 5391 τοῦ
3469 5337 3601 5391 Υἱοῦ

2025 5435 2227 5506 μέρους
2285 5433 2438 5496 ὄντος
2489 5432 2663 5486 αἰτίου
2697 5449 2709 5464 ·
2766 5430 2958 5502 θεότης
3003 5431 3112 5502 γὰρ
3154 5431 3234 5490 οὐ,
3277 5430 3599 5502 μερίζεται·

2023 5529 2161 5582 ἀλλὰ
2188 5529 2248 5581 τὸ
2265 5526 2553 5596 ἐλάττωμα
2577 5527 2676 5596 τῆς
2701 5525 2809 5578 τῶν
2834 5525 3117 5596 ὀνομάτων
3139 5527 3289 5578 ἐστὶν
3313 5523 3604 5587 ἀσθενείας

2024 5621 2088 5690 ἦν
2120 5620 2180 5674 οὐ
2213 5619 2394 5682 καλῶς
2415 5619 2662 5688 ποιήσεις
2695 5619 2789 5671 ἐπὶ
2819 5619 2886 5672 τὰ
2913 5618 3215 5687 πράγματα
3249 5620 3598 5688 μεταφέρων.

2099 5803 2316 5857 Πολλῶν
2354 5803 2454 5872 μὲν
2488 5801 2577 5856 οῦν
2629 5803 2719 5856 καί
2775 5799 2947 5855 ἄλλων
3006 5799 3194 5866 όντων,
3259 5793 3337 5862 οἷς
3390 5798 3454 5853 ἄν
3516 5812 3603 5860 τις
