3966 6218
432 341 543 405 ξοδ

1361 347 1456 404 DE
1503 347 2034 407 PROCESSlONE
2077 351 2447 413 SPlRlTUS
2493 353 2790 414 SANCTI.

3599 355 3706 421 (476

431 467 591 518 τοῦτο
613 465 672 516 τὸ
703 463 868 536 ῥητὸν
902 465 1277 535 ἐξηγούμενος
1304 468 1593 536 χρήσαιτο,
1620 467 1846 537 ἀρκέσει
1872 469 2018 537 ὅμως

2130 472 2427 540 cxplanans
2458 476 2789 528 sententiam
2825 472 3068 544 Dionysii
3099 473 3174 527 uti
3211 484 3418 543 posset,
3449 476 3591 529 dicta
3622 484 3705 528 ta-

429 557 785 628 τάεξρημένα
812 557 960 625 σαφῆ
989 574 1048 609 τε
1076 557 1204 610 ὄντα
1220 559 1312 611 καὶ
1360 559 1751 630 ἀναντίρῤητα.
1801 562 2017 630 Δεδειγ-

437 655 606 720 μένου
638 651 748 722 γὰρ
778 649 872 702 τοῦ
909 650 1002 702 καὶ
1032 650 1124 704 τὸν
1165 651 1294 704 Υίὸν
1325 653 1509 723 πηγὴν
1539 649 1682 706 εἶναι
1736 656 2014 723 Θεότητος,

435 743 578 795 κατά
600 743 728 804 τοὺς
755 741 1138 807 διδασκάλους,
1176 741 1338 812 εἴπερ
1357 743 1416 796 τδ
1443 721 1547 810 μὲν
1582 745 1802 814 Πνεῦμα
1859 721 2012 814 Oak,

431 833 527 887 τοῦ
559 835 616 887 δὲ
652 833 968 903 Πνεύματος
988 833 1141 904 πηγὴ
1169 837 1196 888 ὁ
1225 835 1376 900 Υἱὶς,
1407 832 1488 898 οἷς
1537 838 1631 890 τὸν
1687 835 1844 906 ἅγιον
1899 842 2019 892 Διο-

439 926 623 979 νύσιον
648 926 868 980 ἐναντία
902 927 1004 979 οὐκ
1063 927 1132 980 ἂν
1187 926 1388 992 λέγειν,
1437 928 1685 982 λείπεται
1723 930 1806 996 τὸ,
1863 929 2014 998 Μόνη

436 1017 588 1088 πηγὴ
619 1018 716 1086 τῆς
745 1018 1076 1088 ὑπερουσίου
1128 1017 1435 1089 θεότητοςὸ
1480 1021 1688 1090 Πατὴρ,
1747 1019 1871 1073 καθ’
1918 1021 2015 1074 ἕνα

433 1110 539 1162 τῶν
571 1110 994 1180 προειρημένων
1053 1111 1274 1180 τρόπων
1333 1111 1722 1180 ἐκλαμϐάνειν,
1774 1113 1867 1165 καὶ
1919 1115 2015 1184 οὐχ

435 1204 657 1272 ἐτέρως.

1068 1315 1407 1384 Ἐπίλογος.

522 1424 662 1492 Ἐγὼ
693 1427 794 1494 μὲν
824 1422 919 1480 οὖν
983 1429 1069 1480 σοὶ
1111 1430 1492 1500 χαριζόμενος.
1535 1434 1746 1504 ἀνδρῶν
1802 1438 2014 1505 ἄριστε,

432 1519 574 1586 ὅπερ
597 1519 870 1587 ἐζήτησας
896 1519 994 1589 ἤδη
1021 1521 1302 1584 τετέλεκα,
1335 1523 1444 1576 τῶν
1471 1540 1528 1576 τε
1585 1527 1641 1579 ἐν
1683 1529 1748 1597 τῇ
1815 1529 2016 1600 συνόδῳ

436 1613 849 1682 πεπραγμένων
910 1614 973 1665 ἐκ
1029 1613 1230 1686 μέρους
1295 1616 1607 1686 ἁψάμενος,
1676 1622 1771 1675 καὶ
1823 1622 2016 1691 λόγους

435 1703 703 1772 ἑκατέρου
731 1703 840 1756 τῶν
893 1703 1228 1774 ζητημάτων
1281 1709 1642 1775 ἀποδεδωκὼς
1685 1715 1743 1766 ἐν
1801 1715 2013 1787 βραχεῖ,

2123 579 2246 616 men
2286 563 2582 629 sulliciant,
2615 582 2740 619 cum
2786 574 2842 619 et
2887 565 3032 620 clara
3079 567 3210 627 sint,
3257 576 3315 619 et
3363 575 3553 621 contra
3584 582 3708 634 quae

2097 670 2296 708 ‘nemo
2317 657 2501 713 dicere
2529 668 2710 727 queat.
2741 657 2977 714 Ostenso
3006 658 3155 712 enim
3185 659 3491 713 secundum
3521 659 3711 712 docto—

2126 763 2236 810 res,
2275 747 2480 817 quibus
2517 761 2767 804 sanctum
2826 751 3146 822 Dionysium
3181 765 3289 803 non
3325 765 3448 804 esse
3489 759 3714 804 contra-

2125 840 2266 892 rium
2297 857 2312 905 ;
2345 855 2444 908 par
2473 849 2558 893 est
2592 841 2800 905 dicere,
2832 843 2978 911 quod
3027 851 3083 897 et
3115 840 3286 894 Filius
3318 841 3386 894 sit
3428 841 3552 895 fons
3595 841 3712 894 dei-

2127 931 2252 985 tatis
2292 949 2305 985 :
2344 931 2389 986 si
2421 931 2644 1002 quidem
2679 933 2918 1003 Spiritus
2953 935 3096 988 Deus
3125 945 3231 996 est,
3267 933 3507 1001 Spiritus
3537 931 3711 987 sancti

2121 1039 2253 1077 vero
2289 1024 2411 1080 fons
2454 1033 2538 1080 cst
2584 1023 2792 1090 Filius;
2841 1033 3114 1096 superest,
3149 1035 3207 1079 ut
3259 1025 3392 1078 illud
3447 1023 3656 1078 dictum
3693 1043 3707 1078 :

2123 1113 2285 1170 Solus
2332 1116 2494 1170 Pater
2531 1126 2616 1172 est
2667 1116 2792 1170 fons
2839 1115 3393 1187 supersubstantialis
3439 1114 3663 1168 deitatis
3695 1155 3710 1179 ,

2103 1223 2234 1280 guno
2256 1223 2322 1263 ex
2348 1208 2626 1278 praedictis
2653 1209 2851 1275 modis,
2876 1219 2933 1264 et
2964 1224 3072 1263 non
3101 1209 3259 1263 aliter
3287 1206 3464 1276 accipi
3491 1206 3710 1261 debeat.

2775 1319 3054 1390 Epilogus.

2195 1437 2306 1505 Ego
2335 1437 2520 1505 itaque
2555 1436 2650 1490 tibi
2688 1449 2896 1488 morem
2929 1447 3148 1503 gerens,
3183 1431 3267 1485 vir
3296 1430 3526 1499 optime,
3561 1429 3712 1496 quod

2121 1529 2365 1600 petivisti
2411 1529 2521 1599 jam
2563 1527 2788 1596 perfeci,
2825 1543 2952 1581 cum
2985 1537 3039 1581 et
3074 1543 3162 1580 res
3199 1533 3377 1594 gestas
3411 1525 3464 1577 in
3499 1521 3713 1592 synodo

2121 1634 2186 1673 ex
2223 1627 2381 1688 parte
2417 1617 2716 1685 attigerim,
2769 1630 2834 1669 ac
2870 1616 3114 1670 rationes
3153 1616 3444 1682 utriusque
3487 1610 3708 1681 quaesiti

2123 1711 2369 1766 breviter
2401 1708 2762 1772 reddiderim,
2792 1707 3140 1776 absurdoque
3168 1706 3314 1759 illata
3338 1702 3710 1766 dissolverim,

433 1794 505 1846 τά
539 1811 596 1845 τε
628 1796 946 1863 ἐπαγόμενα
999 1797 1176 1851 ἄτοπα
1227 1800 1416 1867 λύσας,
1477 1806 1571 1857 καὶ
1614 1805 1881 1862 πάντοθεν
1919 1811 2018 1880 τὴν

2130 1816 2288 1876 atque
2332 1806 2581 1874 undique
2619 1803 2910 1858 veritatem
2941 1801 3318 1856 conclusionis
3351 1798 3711 1856 ostenderim.

433 1887 694 1955 ἀλήθειαν
726 1888 820 1942 τοῦ
851 1892 1325 1962 συμπεράσματος
1375 1896 1575 1963 δείξας.
1630 1900 2020 1972 Προτετίμηκα

433 1980 492 2030 δὲ
528 1981 627 2032 κάν
649 1983 714 2050 τῇ
749 1983 946 2050 φράσει
979 1983 1072 2071 τόν
1109 1985 1302 2039 ὕπτιον
1331 1989 1426 2041 καὶ
1481 1991 1770 2060 ἀνειμένον
1817 1995 2020 2064 τρόπον

441 2073 641 2138 μᾶλλον
663 2072 756 2125 τοῦ
791 2076 1128 2143 ἐπηρμένου.
1155 2078 1231 2140 ὡς
1252 2078 1340 2143 ἂν,
1374 2080 1450 2144 ὡς
1479 2081 1621 2146 ἐνὸν,
1665 2085 1780 2148 τοῖς
1831 2085 2019 2154 ἐντυγ-

437 2165 696 2233 χάνουσιν
723 2167 891 2219 πᾶσιν
914 2167 997 2235 εἴη
1019 2169 1046 2220 ό
1073 2167 1230 2234 λόγος
1255 2171 1455 2237 σαφής.

513 2256 629 2309 Κᾶν
662 2259 860 2310 όπόσον
887 2259 988 2327 μέν
1017 2259 1100 2312 τοί
1135 2261 1195 2328 γέ
1227 2263 1429 2333 ἐστινὴ
1483 2265 1686 2333 φράσις
1717 2267 1904 2328 ὑπτία,
1960 2269 2021 2321 τὸ

435 2348 548 2401 τῶν
571 2350 860 2419 νοημάτων
917 2353 1012 2403 καὶ
1061 2353 1161 2420 τῆς
1213 2356 1582 2426 ὑποκειμένης
1621 2357 1752 2428 ὕλης
1791 2361 2020 2428 μέγεθος

435 2442 708 2509 ἁσάερειαν
747 2443 896 2510 ὅμως
926 2444 986 2496 οὺ
1039 2444 1249 2516 μικράν
1279 2447 1520 2516 ἐμποιεῖ.
1577 2449 1738 2503 Ὅθεν
1777 2443 1871 2504 καί
1925 2469 2018 2506 σου

437 2532 631 2603 δέομαι
660 2535 755 2588 καὶ
789 2536 991 2598 παντὸς
1027 2535 1123 2590 τοῦ
1159 2542 1691 2610 προστυγχάνοντος,
1727 2543 1846 2611 μετ’
1891 2545 2018 2597 ἐπι-

443 2625 670 2687 στασίας
717 2641 775 2678 τε
814 2626 910 2678 καὶ
933 2626 1063 2680 ἄνευ
1123 2629 1449 2700 προλήψεως
1507 2633 1600 2685 καὶ
1637 2633 1896 2696 πολλάκις
1949 2637 2018 2688 τά

440 2719 582 2772 αὐτὰ
601 2718 932 2788 ἀναγνῶναι,
967 2721 1041 2790 μὴ
1075 2721 1496 2791 ἀποκάμνοντας
1526 2724 1664 2794 πρὸς
1719 2725 1820 2795 τὴν
1859 2724 2018 2794 ἔρευ-

439 2827 560 2862 ναν.
599 2811 758 2872 Ἴσως
786 2811 896 2882 γάρ
937 2813 1004 2866 ἂν
1034 2813 1134 2865 οὐκ
1164 2812 1384 2877 ἀνάξιον
1438 2813 1532 2868 τοῦ
1594 2815 1757 2869 πόνου
1806 2817 2017 2885 καρπὸν

440 2901 844 2972 ἀπενέγκησθε,
878 2903 1257 2974 ὠφεληθέντες
1295 2905 1330 2959 ἃ
1381 2905 1732 2978 ὠφεληθῆναι
1777 2909 2014 2979 ἀνάγκη.

441 2995 557 3062 Πρὸ
586 2995 642 3047 δὲ
674 2996 893 3050 πάντων
946 2999 1044 3060 τὰς
1072 2997 1180 3052 τῶν
1215 2998 1386 3064 ἀγῑων
1416 2999 1510 3052 καὶ
1540 2999 1878 3055 διδασκάλων
1910 3001 2016 3054 τῶν

441 3086 502 3151 ἐξ
537 3087 703 3140 Ἐσπέ
715 3105 812 3156 ρας
834 3126 851 3152 ,
879 3088 945 3151 ἃς
979 3107 1060 3142 σοι
1090 3090 1226 3160 μετὰ
1252 3091 1480 3144 τουτωνὶ
1509 3091 1775 3163 πέπομφα
1804 3094 2013 3164 ῥήσεις.

2131 1903 2313 1958 Pluris
2341 1917 2474 1956 vero
2497 1899 2769 1956 aestimavi
2805 1898 2971 1952 etiam
3014 1897 3068 1950 in
3101 1895 3286 1963 pbrasl
3322 1903 3380 1949 et
3403 1894 3715 1949 elocutione

2132 1995 2355 2049 modum
2395 1995 2617 2063 plantnn
2645 2000 2701 2046 et
2729 1990 3047 2051 remissum,
3082 1987 3253 2055 magis
3279 2000 3443 2056 quam
3467 1985 3710 2048 elatum;

2131 2096 2191 2142 ut
2237 2087 2418 2156 quoad
2456 2087 2575 2155 ejus
2618 2083 2737 2139 fieri
2789 2092 2996 2152 posset,
3027 2079 3287 2134 omnibus
3317 2077 3409 2148 qui
3455 2076 3713 2145 legerint,

2128 2179 2308 2233 oratio
2339 2177 2411 2232 sit
2438 2177 2590 2231 clara
2619 2185 2677 2230 et
2715 2175 2913 2229 facilis.

2198 2267 2564 2333 Quantumvis
2602 2278 2735 2319 vero
2785 2265 2859 2317 sit
2887 2260 3134 2316 elocutio
3183 2260 3367 2329 plana,
3409 2255 3713 2312 sententia-

2133 2376 2255 2416 rum
2291 2371 2470 2414 tamen
2505 2370 2570 2412 ac
2616 2355 2880 2426 subjecta:
2931 2354 3172 2408 materia:
3233 2348 3556 2418 magnitudo
3599 2362 3714 2401 non

2129 2467 2355 2523 parvam
2393 2450 2790 2506 obscuritatem
2828 2444 3016 2499 ellicit.
3057 2442 3212 2498 Unde
3252 2441 3420 2494 etiam
3465 2447 3518 2492 te
3557 2451 3712 2507 rogo,

2127 2555 2184 2602 et
2217 2545 2472 2615 quemvis
2503 2543 2697 2605 alium,
2725 2539 2821 2609 qui
2855 2538 2918 2608 in
2951 2536 3069 2590 haec
3101 2533 3305 2602 scripta
3343 2530 3620 2595 inciderit,
3652 2537 3714 2582 ut

2125 2653 2252 2694 cum
2313 2633 2796 2692 animadversione
2825 2644 2890 2684 ac
2917 2631 3038 2682 sine
3063 2624 3377 2697 praejudicio
3401 2621 3714 2692 anticipata:

2125 2730 2426 2801 opinionis,
2452 2737 2508 2783 et
2530 2741 2674 2795 saepe
2694 2724 2888 2779 eadem
2913 2722 3128 2791 legatis,
3151 2719 3270 2774 sine
3292 2713 3709 2784 defatigatione,

2125 2838 2317 2876 verum
2351 2819 2770 2889 iuvestigautes.
2809 2814 2974 2869 Forte
3001 2813 3150 2866 enim
3188 2824 3299 2864 non
3328 2807 3587 2878 indignos
3612 2820 3710 2860 ve-

2125 2928 2240 2973 stro
2269 2915 2459 2970 labore
2495 2912 2711 2966 fructus
2743 2908 2952 2972 feretis,
2990 2906 3284 2960 utilitatem
3329 2901 3704 2972 percipientes

2123 3025 2190 3064 ex
2235 3007 2304 3062 iis
2353 3006 2541 3069 rebus,
2592 3019 2659 3059 ex
2705 3000 2906 3072 quibus
2956 2999 3390 3053 emolumentum
3442 2992 3713 3062 consequi

2129 3100 2290 3156 vobis
2324 3111 2552 3152 necesse
2591 3105 2697 3150 est.
2743 3093 2886 3146 Ante
2935 3089 3120 3143 omnia
3158 3103 3314 3152 vero,
3349 3086 3712 3142 auctoritates

445 3182 566 3250 μετ’
590 3182 913 3244 ἐπιστασίας
940 3174 1428 3250 ἀναγινώσκοντες,
1462 3184 1526 3237 ἐκ
1546 3184 1750 3238 τούτων
1777 3185 1878 3256 τὴν
1925 3185 2019 3239 τοῦ

2130 3201 2437 3250 sanctorum
2505 3198 2674 3257 atque
2721 3186 3010 3240 doctorum
3059 3181 3526 3244 Occidentalium,
3573 3192 3712 3248 quas

442 3272 832 3347 προῦλήματος
895 3276 1221 3339 συλλέξασθε
1293 3278 1644 3348 σαφεστάτην
1701 3278 1964 3347 ἀλήθειαν
2003 3296 2018 3313 ο

441 3369 604 3429 εἴτις
634 3368 709 3437 μὴ
740 3369 878 3436 πρὸς
929 3367 1215 3437 ἀλήθειαν,
1249 3368 1385 3423 ἀλλὰ
1435 3371 1572 3441 πρὸς
1625 3370 1743 3442 ἔριν
1805 3371 2021 3440 βλέπων

442 3461 725 3524 ἐνστάσεις
750 3461 902 3524 τινάς
936 3461 966 3531 ἢ
1000 3460 1081 3531 τῷ
1117 3461 1236 3532 ἐμῷ
1258 3463 1425 3532 λόγῳ,
1453 3463 1485 3533 ἢ
1513 3463 1588 3532 τῷ
1621 3467 2022 3535 συμπεράσμα-

443 3572 499 3606 τι
527 3555 773 3608 Λατίνων
810 3555 1033 3623 ἐπάγει,
1067 3558 1277 3610 τούτων
1311 3558 1772 3636 καταγελῶντεςη
1789 3561 1886 3611 καὶ
1935 3559 2024 3611 διά

443 3645 557 3699 τῶν
579 3647 762 3716 ῥητῶν
797 3648 906 3700 τῶν
954 3649 1130 3716 άγίων
1173 3650 1348 3720 ῥᾷστα
1399 3650 1596 3714 αὐτοὺς
1648 3653 2020 3721 ἐντρέποντες.

445 3740 617 3806 Δῆλον
662 3742 769 3810 γάρ
804 3741 880 3805 ὡς
926 3741 1072 3806 ἄπας
1129 3743 1288 3811 λόγος
1343 3745 1555 3808 τούτοις
1616 3746 2020 3816 ἐναντιούμενος

445 3829 935 3899 ἀποδοκιμαστέος,
989 3832 1066 3895 ὠς
1096 3834 1163 3902 τῇ
1194 3834 1426 3906 ἀληθείᾳ
1471 3837 1912 3906 ἐναντιούμενος,
1943 3839 2023 3891 ετ-

449 3938 555 3991 περ
587 3923 684 3993 τὴν
716 3923 981 3994 ἀλήθειαν
1023 3928 1075 3978 οἱ
1135 3926 1380 3998 Πατέρις
1411 3930 1701 4000 ἐλάλησαν.

517 4193 587 4245 Σὺ
618 4193 673 4244 δέ
709 4211 798 4263 μοι
859 4195 994 4260 πρὸς
1052 4197 1170 4253 ταῖς
1221 4196 1330 4248 τῶν
1377 4197 1625 4250 Δυτικῶν
1669 4200 1872 4267 ρήσεσι
1937 4201 2026 4253 καί

442 4300 592 4346 τινας
641 4285 753 4338 τῶν
803 4285 864 4349 ἐξ
907 4284 1079 4356 Ἑῴας
1131 4288 1516 4358 ἐκτεθειμένας
1574 4307 1656 4343 σοι
1701 4293 1888 4362 ῥήσεις
1935 4295 2025 4361 ἀφ’

444 4376 602 4443 ἡμῶν
640 4377 830 4446 -δέχου,
860 4379 936 4440 ὡς
971 4381 1063 4432 καὶ
1117 4380 1314 4443 αὐτοὺς
1361 4382 1504 4450 γνῷς
1548 4383 1722 4435 ταυτά
1772 4384 2028 4452 λέγοντας

441 4469 550 4528 τοῖς
578 4469 688 4520 ἀπὸ
722 4468 945 4539 δυσμῶν
993 4470 1262 4540 Πατράσι,
1321 4473 1418 4525 καὶ
1479 4472 1554 4542 μὴ
1621 4475 1786 4543 μόνον
1825 4477 2019 4547 ἐννοίᾳ,

442 4559 703 4614 ἀλλὰκαὶ
763 4565 974 4632 ῥήμασι
1043 4563 1493 4629 συμφωνοῦντας.

516 4719 592 4784 (l)
639 4720 760 4782 llic,
796 4721 881 4789 pie
915 4721 1134 4787 Lector,
1164 4723 1551 4779 desiderantur
1579 4735 1895 4782 sanctorum
1929 4726 2027 4779 Pa-

445 4799 616 4851 trum,
664 4801 771 4870 tam
821 4790 1137 4870 Graecorum
1171 4811 1333 4861 quam
1371 4793 1710 4857 Latinorum,
1745 4795 2027 4850 nonnullae

448 4862 759 4936 sententiae,
786 4875 908 4936 quzp
934 4862 1041 4915 ltuc
1064 4873 1310 4929 spectant
1328 4871 1392 4936 get
1419 4879 1655 4933 prmsens
1673 4867 1872 4936 dogma
1893 4867 2025 4920 satis

442 4929 752 5006 luculenter
773 4931 930 5006 prob;
947 4942 1038 5006 nt;
1063 4948 1309 5006 quasque
1327 4929 1608 5006 Bessarion
1629 4929 1944 5006 collegerat,
1968 4945 2026 4989 et

445 5014 551 5051 lllla
582 5015 706 5053 cum
740 5001 845 5055 isto
870 5001 1056 5056 libello
1080 5003 1386 5058 clarissimo
1417 5003 1534 5058 viro
1557 5008 1748 5060 Alexio
1774 5001 2022 5061 miserat.

440 5066 685 5149 Easutos
719 5074 916 5149 partim
950 5073 1240 5149 posuimus
1261 5085 1383 5142 post
1409 5075 1800 5149 [inscriptiones
1835 5075 2018 5137 Vecci,

442 5140 706 5220 nimirum
734 5140 1366 5220 l’atrum_0ric_i_i_tulium,
1398 5140 1598 5220 partim
1627 5157 2022 5213 postponemus

439 5209 583 5284 intra
631 5210 685 5263 in
735 5211 842 5284 hoc
871 5213 1066 5267 eodem
1102 5214 1265 5275 libro,
1299 5209 1415 5278 cas,
1450 5209 1700 5282 inquam,
1727 5209 1851 5284 qua:
1890 5224 2021 5268 sunt

438 5275 502 5332 Β.
539 5281 834 5350 Augustini
869 5284 1124 5339 Ecclesia:
1153 5285 1290 5339 tanti
1323 5275 1590 5348 doctoris,
1625 5275 1880 5354 quamvis
1907 5300 2016 5338 non

2125 3284 2223 3340 tibi
2264 3296 2370 3336 una
2417 3295 2546 3334 cum
2582 3278 2705 3332 istis
2749 3276 2930 3339 mitto,
2979 3283 3236 3329 accurate
3303 3287 3370 3326 ac
3414 3272 3714 3342 diligenter

2123 3375 2388 3444 legentes,
2415 3386 2484 3426 ex
2513 3371 2598 3424 bis
2626 3370 2792 3440 hujus
2821 3365 3144 3438 quaestionis
3173 3365 3537 3419 clarissimam
3557 3363 3712 3418 veri-

2126 3475 2290 3519 tatem
2327 3463 2570 3532 colligite
2595 3504 2610 3526 ,
2665 3469 2723 3515 et
2763 3476 2882 3522 eos,
2933 3461 2976 3514 si
3030 3458 3124 3527 qui
3161 3467 3311 3521 sunt,
3347 3458 3440 3526 qui
3474 3468 3712 3511 conten-

2129 3557 2296 3610 tionis
2324 3553 2644 3627 cupidiores
2683 3567 2848 3622 quam
2911 3550 3167 3604 veritatis
3213 3550 3429 3618 objecta
3461 3547 3708 3616 quaedam

2124 3650 2208 3702 vel
2243 3663 2378 3702 meae
2411 3647 2674 3714 orationi,
2727 3646 2812 3700 vel
2865 3643 3209 3699 conclusioni
3265 3642 3584 3695 Latinorum
3631 3643 3713 3694 in-

2125 3741 2324 3801 ferant,
2385 3738 2649 3803 irridete,
2703 3739 2978 3808 dictisque
3035 3745 3353 3790 sanctorum
3409 3734 3566 3788 facile
3614 3749 3714 3788 eos

2124 3831 2427 3887 eonfutate.
2480 3827 2702 3886 Clarum
2756 3831 2906 3882 enim
2957 3837 3064 3890 est,
3097 3829 3245 3896 quod
3296 3823 3501 3894 qumvis
3547 3825 3710 3886 ratio,

2126 3940 2247 3996 quae
2282 3923 2369 3977 bis
2415 3919 2769 3985 adversatur,
2819 3919 3161 3988 reprobanda
3208 3926 3319 3980 est,
3358 3917 3562 3987 quippe
3591 3933 3713 3987 quae

2123 4013 2343 4068 veritati
2380 4019 2644 4081 repugnet
2671 4051 2685 4077 ,
2718 4010 2989 4079 siquidem
3017 4007 3302 4060 veritatem
3334 4005 3521 4060 Patres
3540 4005 3711 4060 locuti

2088 4127 2096 4132 '
2127 4115 2274 4160 sunt.

2200 4197 2279 4249 'l‘u
2307 4211 2438 4249 vero
2463 4204 2663 4265 praeter
2682 4195 3040 4256 auctoritates
3067 4192 3526 4261 Occidentalium,
3547 4203 3713 4260 quas-

2129 4289 2254 4343 dam
2301 4291 2468 4359 ctiam
2499 4288 2866 4343 Orientalium
2904 4288 3000 4342 tibi
3031 4288 3332 4356 expositas,
3375 4301 3402 4338 a
3435 4284 3594 4339 nobis
3622 4296 3713 4337 ac-

2128 4382 2250 4450 cipe
2280 4419 2295 4445 ,
2343 4391 2404 4434 ut
2448 4389 2503 4435 et
2551 4382 2700 4450 ipsos
2749 4380 2941 4434 eadem
2995 4382 3247 4435 dicentes
3293 4394 3418 4433 cum
3459 4376 3715 4432 Patribus

2132 4473 2602 4539 Occidentalibus,
2636 4489 2702 4530 ac
2732 4490 2841 4528 non
2880 4475 3060 4530 solum
3096 4473 3480 4541 intelligentia,
3518 4485 3714 4525 verum

2062 4564 2104 4616 D
2135 4568 2300 4622 etiam
2334 4568 2518 4621 verbis
2548 4567 2960 4620 Conseulietttcs
2991 4581 3258 4635 agnoscas
3289 4566 3390 4636 (-l).

2138 4741 2367 4789 omnes;
2406 4724 2627 4780 omissis
2661 4724 2878 4779 interim
2925 4723 3260 4792 reliquorum
3299 4723 3517 4777 Patrum
3563 4721 3711 4777 Lati-

2139 4813 2330 4849 norum
2350 4797 2638 4850 sententiis
2677 4795 2774 4864 ((ι).
2801 4794 2935 4848 Cum
2959 4795 3104 4847 enim
3128 4794 3380 4862 permulti
3405 4792 3712 4846 doctissimi

2137 4867 2238 4918 viri
2278 4867 2382 4919 bac
2423 4877 2609 4919 nostra
2661 4863 2817 4918 tetate
2866 4880 2930 4917 ac
2973 4864 3354 4932 superioribus
3391 4863 3619 4932 sacculis
3647 4864 3714 4916 de

2134 4936 2530 4990 controversiis
2561 4937 2681 4989 sine
2711 4925 3088 4988 controversia
3114 4933 3333 5002 egregie
3364 4925 3708 5000 scripserint,

2134 5015 2276 5059 ctcx
2321 5006 2698 5059 monumentis
2744 5007 3054 5058 divinorum
3090 5004 3383 5057 doctorum
3416 5013 3577 5069 atque
3621 5017 3712 5053 sa-

2131 5090 2352 5128 crorum
2397 5075 2757 5130 conciliorum
2799 5091 2894 5127 eas
2935 5075 3277 5142 collegerint,
3312 5087 3441 5126 sane
3486 5071 3709 5142 quidem

2128 5160 2224 5198 cas
2253 5145 2460 5211 licebit,
2497 5146 2549 5198 in
2581 5161 2771 5200 eorum
2804 5145 2978 5199 libros
3005 5155 3316 5214 congestas,
3347 5143 3523 5196 otiose
3556 5155 3706 5210 qua:-

2129 5231 2255 5270 rere
2283 5232 2348 5270 ac
2380 5231 2729 5285 percurrere.

504 5437 580 5505 (α)
603 5435 980 5505 Quoadhl’alres
1011 5437 1522 5505 Orletitales,_vide_in
1549 5446 1680 5505 torno
1709 5437 1867 5497 CXLI,
1892 5442 2004 5505 post
2027 5435 2386 5505 inscriptiones
2420 5436 2578 5505 liceri,
2603 5443 2656 5484 et
2680 5440 2832 5505 “inter
2872 5437 3220 5486 Occidentales
3247 5436 3574 5494 Augustinum
3611 5426 3702 5480 lib.

447 5510 514 5546 xv
547 5501 616 5546 De
644 5497 907 5558 Trinitate,
929 5512 1039 5561 cap.
1073 5501 1146 5564 l7,
1173 5503 1247 5563 l8,
1275 5497 1349 5563 l9,
1373 5501 1498 5552 etin
1531 5503 1712 5551 Joamt.
1741 5497 1990 5560 tract.'95,
2025 5500 2108 5556 93,
2135 5497 2218 5558 96,
2252 5502 2334 5558 99,
2371 5500 2472 5548 tuo.
2511 5499 2646 5548 Ευιτ.
2680 5499 2804 5542 ιἰτιι
