3966 6218
249 297 254 300 -
292 254 396 318 4οῘ

1250 255 1752 318 BESSARIONIS
1788 256 1847 317 S.
1887 257 1956 320 fi.
2003 257 2067 320 E.
2098 253 2566 317 CARDlNALlS

1193 581 2406 760 BESSABION
2419 583 2614 758 IS

955 878 1483 940 PA'I’RIARCHE
1530 879 1891 940 CPOLITM

2014 877 2369 942 EPISCOPI
2417 880 2856 942 TUSCULAN]
2883 928 2898 954 ,

1440 1005 1502 1064 S.
1544 1005 1617 1062 ll.
1667 1005 1734 1063 Ε.
1786 1004 2022 1066 CABD.
2072 1003 2394 1075 NICIENI,

304 1154 423 1212 DE
451 1153 879 1215 SUCCESSU
905 1151 1226 1212 SYNODI
1255 1149 1891 1220 FLORENTIN/E,I

1993 1149 2135 1208 ’ΒΕ
2167 1148 2751 1212 PROCESSIONE
2782 1150 3179 1215 SPIRITL'S
3203 1156 3415 1216 SANC
3429 1159 3533 1230 TI,

1231 1255 1584 1317 PRIMUM
1631 1255 1936 1316 GR/ECE
1978 1253 2296 1314 EDITUS
2340 1253 2622 1324 LIBER,

872 1361 1197 1422 DEINDE
1229 1360 1336 1420 ΑΒ
1385 1357 1694 1422 EODEM
1740 1359 2082 1420 LATIle
2128 1359 2532 1419 LITTERIS
2568 1359 2981 1424 DONATUS.

381 1642 668 1696 lissssnton
701 1641 996 1697 cardinalis
1025 1644 1296 1709 Niraenns,
1333 1655 1514 1711 magn.
1553 1652 1608 1697 et
1637 1643 1878 1697 clemen-
1908 1648 1948 1704 Α
1980 1643 2178 1712 quibus
2240 1645 2583 1715 apertissime
2603 1663 2668 1700 ex
2692 1646 2849 1700 Patre
2874 1657 2927 1701 et
2964 1645 3098 1701 Filio
3129 1647 3387 1715 Spiritum
3418 1667 3540 1701 salt-

307 1738 424 1790 tiss.
460 1738 576 1789 viro
609 1737 796 1791 Alexio
825 1737 1040 1790 Lascari
1075 1737 1520 1806 Philanthropino
1547 1737 1603 1791 S.
1640 1737 1700 1791 D.

382 1829 462 1881 Tu
519 1827 740 1896 quidem
795 1842 901 1880 non
956 1828 1211 1882 humanis
1239 1829 1416 1882 solum
1449 1827 1636 1890 rebus,
1681 1844 1867 1882 verum

309 1919 474 1971 etiam
511 1919 714 1972 divinis
746 1934 1094 1987 summopere
1126 1920 1378 1983 studens,
1405 1921 1873 1989 meditationeque

312 2009 720 2077 Seripturarum
787 2012 1020 2080 teipsum
1069 2013 1348 2066 oblectans
1395 2027 1503 2066 non
1559 2027 1766 2074 cessas,
1817 2021 1876 2067 et

313 2099 429 2167 ipse.
462 2116 557 2168 per
589 2111 638 2154 te
668 2102 790 2156 lidei
822 2103 1104 2156 veritatem
1134 2103 1433 2170 inquirere,
1469 2112 1524 2156 ct
1553 2119 1652 2156 nos
1679 2103 1877 2157 adhor-

318 2194 440 2250 tari.
475 2202 530 2245 nt
568 2208 668 2263 pro
713 2209 870 2262 posse
909 2209 1068 2262 opem
1118 2194 1212 2248 tibi
1245 2194 1486 2250 feramus
1520 2195 1584 2249 ad
1632 2210 1748 2250 eam
1791 2195 1876 2249 in-

311 2285 683 2352 vestigantlam
731 2295 897 2355 atque
949 2285 1360 2340 inveniendam.
1406 2287 1519 2357 Ego
1568 2302 1702 2342 vero
1749 2302 1874 2341 cum

312 2375 528 2441 pigritia
552 2376 782 2443 quadam
812 2415 825 2436 ,
859 2383 971 2430 tttm
1002 2379 1083 2430 vel
1125 2379 1359 2432 maxime
1385 2378 1512 2448 quia
1543 2378 1778 2433 libenter
1805 2379 1879 2433 si-

313 2467 473 2520 miles
520 2467 738 2522 laborcs
777 2468 1028 2537 deposui,
1066 2478 1354 2540 propterea
1393 2469 1540 2542 quod
1587 2471 1786 2538 sapius
1811 2470 1878 2526 de

314 2557 417 2612 hac
463 2574 521 2613 re
567 2575 877 2614 sermonem
937 2559 1102 2614 habui
1151 2575 1275 2614 cum
1307 2561 1514 2614 nostris
1541 2561 1876 2624 hominibus,

317 2651 410 2718 qni
469 2651 641 2718 pluris
707 2667 860 2705 suam
905 2653 1352 2721 superstitionem
1413 2661 1469 2707 et
1517 2653 1879 2722 ignorantiam

318 2741 547 2807 facitmt,
590 2758 750 2812 quam
782 2743 1066 2797 veritatem
1100 2759 1114 2797 :
1148 2744 1354 2800 invitus
1381 2744 1486 2799 hoc
1527 2759 1721 2799 rursus
1753 2743 1885 2798 sub-

1973 1746 2118 1789 ctum
2171 1737 2468 1804 procedere
2510 1736 2775 1790 aliirmant
2811 1755 2826 1790 :
2861 1750 2915 1791 et
2962 1737 3199 1802 Patrem,
3239 1748 3292 1791 et
3340 1737 3538 1792 Filium

1976 1827 2060 1880 sui
2095 1827 2266 1895 ipsius
2297 1828 2502 1882 habere
2531 1829 2885 1897 principium,
2919 1837 2973 1882 et
3005 1831 3195 1883 ambos
3223 1847 3390 1884 unum
3423 1832 3542 1901 ejus

1976 1933 2098 1974 esse
2133 1920 2486 1986 principium.
2517 1922 2648 1987 Qua:
2675 1935 2798 1974 cum
2826 1922 3073 1990 plurima:
3097 1922 3226 1982 sint.
3250 1933 3303 1976 et
3333 1923 3542 1979 cunctis

1978 2024 2169 2062 eorum
2195 2011 2246 2062 iu
2291 2012 2448 2065 libris
2493 2027 2694 2082 sparsae
2725 2027 2929 2081 paucas
2967 2029 3068 2067 nos
3104 2013 3201 2067 tibi
3236 2015 3399 2068 modo
3423 2015 3544 2069 mit-

1981 2101 2166 2163 timus,
2192 2101 2390 2169 quibus
2420 2112 2597 2157 tamen
2631 2105 2841 2158 similes
2865 2104 3000 2157 alias
3021 2104 3181 2158 etiam
3207 2120 3399 2160 omnes
3424 2122 3544 2161 esse

1979 2193 2141 2247 scias.
2195 2193 2400 2248 Deinde
2454 2195 2745 2264 quemdam
2789 2205 3040 2250 nostrum
3078 2211 3410 2257 sermonem.
3455 2199 3543 2254 cui

1979 2285 2380 2350 Dogmaticum,
2410 2294 2505 2338 aut
2553 2285 2626 2339 De
2666 2287 2868 2340 unione
2912 2286 3126 2340 titulum
3163 2287 3543 2353 imposuimus,

1985 2375 2080 2429 tibi
2123 2376 2448 2430 mittendum
2475 2376 2868 2446 judicavimus,
2903 2393 3064 2446 quem
3111 2379 3272 2447 paulo
3307 2388 3433 2432 ante
3458 2394 3546 2432 sa-

1981 2481 2130 2521 cram
2169 2467 2449 2528 unionem,
2482 2478 2742 2536 tanquam
2789 2467 3033 2521 ultimam
3089 2484 3221 2522 mea!
3271 2467 3546 2538 opinionis

1983 2569 2148 2628 atque
2181 2561 2468 2614 sententia:
2492 2559 2920 2615 declarationem
2952 2561 3247 2623 edidimus,
3274 2575 3544 2630 quemque

1986 2651 2279 2707 mitissimo
2327 2661 2518 2706 nostro
2564 2652 2905 2722 imperatori,
2935 2662 2992 2706 et
3025 2653 3347 2721 patriarchae
3387 2667 3544 2707 reve-

1987 2743 2320 2798 rendissimo
2343 2743 2600 2798 omnibus
2628 2744 2835 2797 nostris
2859 2744 3217 2812 praesentibus
3250 2743 3543 2813 legendum

315 2847 384 2887 eo
434 2843 732 2898 certamen,
796 2849 1108 2905 quanquam
1169 2835 1237 2890 ad
1286 2845 1338 2891 te
1387 2835 1718 2903 scripturus,
1788 2836 1883 2904 qui
1986 2833 2137 2898 dedi,
2197 2849 2325 2889 cum
2375 2834 2520 2888 inter
2572 2850 2672 2890 nos
2735 2835 3028 2889 ultimatim
3074 2834 3546 2889 consideraremus

318 2924 585 2994 sapientia
640 2933 693 2979 et
754 2925 1062 2981 humilitate
1106 2938 1334 2982 ornatus
1401 2941 1509 2980 non
1551 2926 1720 2995 magis
1769 2936 1888 2980 ten-
1988 2926 2122 2996 quid
2153 2925 2465 2980 faciendum
2506 2933 2672 2991 esset,
2702 2935 2758 2979 et
2797 2927 3106 2981 sententias
3131 2926 3360 2980 aliorum
3387 2925 3454 2978 de
3487 2941 3546 2978 re

323 3015 495 3078 tandi,
549 3030 711 3085 quam
759 3015 874 3070 veri
917 3015 1280 3085 investigandi
1325 3014 1520 3084 gratia,
1570 3013 1685 3066 hec
1721 3027 1750 3065 a
1801 3027 1885 3065 me
1927 3085 1931 3086 ί
1988 3018 2208 3072 unionis
2241 3023 2639 3075 scrutarem‘ur.
2670 3017 2728 3071 ln
2763 3032 2873 3086 quo
2901 3033 2967 3072 ex
3006 3017 3255 3086 ipsismet
3297 3016 3547 3070 Orienta—

325 3109 484 3175 petis.
511 3109 687 3176 Ipsam
723 3108 852 3162 item
892 3107 1278 3162 auctoritatem
1316 3105 1461 3159 sacri
1487 3103 1706 3158 concilii
1752 3104 1886 3157 sim-
1918 3085 1958 3140 Β
1989 3110 2135 3164 ιίυυε
2165 3110 2447 3172 patribus,
2483 3118 2539 3165 ει
2581 3085 2903 3164 doctoribus
2943 3085 3146 3166 ηοέιιιῖε
3189 3109 3408 3163 omissis
3433 3122 3549 3161 om-

327 3197 544 3267 pliciter
594 3197 728 3251 satis
765 3211 884 3252 esse
927 3207 1060 3266 puto
1087 3196 1154 3249 ad
1208 3194 1652 3264 persuadendum
1691 3209 1886 3264 quem-

325 3305 510 3357 quam,
541 3299 596 3344 et
620 3289 987 3344 inducendum
1017 3289 1084 3342 ad
1109 3288 1230 3359 ejus
1249 3287 1660 3343 conclusionem
1692 3285 1888 3340 humili

323 3382 488 3436 corde
531 3382 942 3449 capessendam,
985 3390 1150 3451 atque
1205 3379 1534 3435 credendam
1593 3379 1713 3433 sine
1753 3393 1889 3448 qua-

320 3490 538 3544 cunque
581 3474 1018 3529 contradictione
1066 3477 1149 3527 vel
1217 3473 1596 3542 ambiguitate.
1625 3469 1762 3526 Cum
1811 3477 1890 3524 tot

324 3566 606 3620 hominum
683 3575 1040 3626 conventum,
1095 3563 1189 3633 qui
1236 3563 1526 3633 sapientia,
1563 3563 1791 3618 scientia
1835 3569 1891 3615 et

324 3657 476 3712 omni
511 3656 714 3710 virtute
742 3654 949 3725 prasditi
980 3653 1222 3716 fuerunt,
1249 3670 1484 3724 quorum
1515 3653 1572 3707 in
1598 3636 1893 3708 modicad-

327 3748 497 3802 fuisse
522 3747 788 3817 Spiritum
825 3753 1076 3800 sanctum
1120 3755 1180 3800 ut
1211 3745 1505 3800 credamus
1532 3760 1758 3800 necesse
1784 3756 1886 3810 est,

325 3839 608 3893 veritatem
637 3839 866 3892 latuisse
897 3837 1124 3890 minime
1147 3835 1486 3892 credendum
1504 3836 1596 3891 sit.
1621 3835 1891 3891 Prteterea

327 3932 547 3985 tuemini
572 3932 789 3999 longam
823 3930 891 3985 ad
923 3941 974 3983 te
1007 3929 1144 3983 alias
1169 3929 1389 3983 dedisse
1417 3929 1742 3998 Epistolant,
1775 3943 1893 3982 om-

333 4025 533 4092 niaque
565 4025 698 4077 satis
741 4022 982 4092 tetigisse
1018 4038 1140 4092 quae
1192 4037 1340 4076 nunc
1370 4021 1594 4090 qumris,
1634 4033 1688 4077 et
1718 4023 1890 4092 ipsam

327 4117 533 4170 etenim
581 4115 936 4184 quastionetn
977 4129 1075 4181 per
1112 4129 1171 4168 se
1202 4115 1373 4184 ipsam
1425 4113 1693 4182 probavi,
1744 4113 1891 4182 quod

329 4209 541 4264 scilicet
569 4207 808 4276 Spit-itus
842 4216 1062 4259 sanctus
1088 4221 1115 4260 a
1152 4205 1313 4260 Patre
1343 4204 1593 4280 Filioque
1621 4206 1892 4278 procedit,

301 4323 308 4348 .~
333 4310 392 4356 et
429 4315 548 4370 quae
584 4298 910 4353 videbantur
953 4297 1106 4366 sequi
1151 4296 1592 4352 inconvenientia
1631 4297 1790 4362 solvi,
1838 4307 1894 4352 et

1986 3202 2121 3256 nino
2153 3201 2603 3258 Occidentalibus
2633 3217 2733 3272 pro
2762 3217 2922 3272 posse
2961 3203 3317 3272 quaestionem
3351 3214 3549 3270 prope.

1988 3295 2145 3348 sitam
2185 3293 2460 3349 declaravi
2515 3302 2682 3364 atque
2711 3293 2958 3364 probavi,
2989 3307 3152 3362 quem
3184 3302 3465 3362 tanquam,
3493 3300 3549 3346 et

1991 3383 2088 3438 tibi
2121 3385 2494 3453 potissimum,
2527 3395 2583 3440 et
2610 3385 2652 3439 si
2687 3385 2812 3454 quis
2859 3384 3000 3437 alius
3041 3384 3162 3439 sine
3200 3385 3548 3438 contentione

1987 3475 2177 3530 audiet
2204 3484 2262 3530 et
2291 3477 2554 3544 perleget,
2584 3476 2817 3529 maxime
2862 3476 3210 3544 profuturum
3240 3485 3346 3529 tua:
3392 3473 3550 3528 nobis

1988 3566 2125 3620 litati
2172 3565 2352 3626 mitto,
2386 3565 2814 3621 clementissime
2861 3581 2924 3621 ac
2960 3565 3405 3636 splendidissime
3441 3567 3547 3620 vir.

1988 3657 2123 3713 Cum
2155 3657 2361 3711 veroin
2402 3657 2468 3712 iis
2497 3657 2632 3711 nihil
2653 3657 2862 3712 laboris
2902 3657 2968 3712 ad
3001 3673 3245 3725 praesens
3283 3658 3546 3713 adhibue-

1990 3748 2165 3804 rimus
2212 3749 2340 3820 (jam
2387 3751 2532 3804 enim
2579 3758 2736 3805 erant
2783 3750 2970 3820 edita),
3000 3761 3093 3806 tuo
3131 3762 3314 3807 autem
3366 3767 3552 3808 amore

1991 3857 2139 3895 nunc
2169 3857 2390 3912 quoque
2416 3841 2628 3912 aliquid
2661 3842 3066 3916 lucubrationis
3103 3845 3553 3914 proposuerimus

1991 3933 2296 4003 suscipere,
2329 3934 2470 3988 ultra
2511 3933 2628 3988 haec
2668 3934 2830 3989 etiam
2879 3933 3084 4002 aliquid
3117 3935 3239 4003 plus
3263 3935 3341 3988 tui
3381 3935 3552 4004 gratia

1994 4022 2092 4078 tibi
2125 4023 2446 4078 scribemus.
2475 4023 2654 4088 Quare
2686 4039 2849 4093 quam
2881 4023 3122 4078 breviter
3151 4041 3367 4078 omnem
3408 4026 3552 4081 sacri

1993 4115 2214 4169 concilii
2242 4114 2562 4184 processum
2583 4096 2916 4186 unionisque
2939 4131 3094 4170 sacra
3124 4117 3284 4173 modo
3309 4117 3404 4172 tibi
3432 4134 3557 4172 nar-

1994 4207 2147 4267 rabo,
2171 4221 2234 4260 ac
2250 4206 2461 4275 aliquas
2489 4207 2751 4271 rationes,
2771 4208 2975 4276 quibus
2995 4207 3190 4276 dogma
3214 4209 3552 4277 propositum

1994 4297 2338 4368 probabitur,
2377 4297 2624 4363 aderam,
2663 4306 2720 4352 et
2763 4299 2841 4352 sic
2891 4297 3052 4352 ﬁnem
3105 4302 3397 4367 imponam.
3449 4300 3557 4354 Sed

331 4393 401 4446 de
433 4391 555 4446 aliis
587 4389 846 4443 omnibus
871 4403 994 4457 qua:
1039 4399 1171 4443 tunc
1211 4388 1374 4444 etiam
1410 4387 1637 4458 petiisti,
1664 4385 1891 4443 reddidi
1923 4420 1965 4478 ο
1999 4398 2292 4459 antequam
2335 4388 2404 4445 de
2446 4389 2515 4443 iis
2540 4389 2741 4456 dicam,
2768 4404 2998 4458 parvum
3029 4389 3289 4459 quiddam
3329 4406 3435 4445 non
3475 4401 3558 4445 ta-

337 4486 601 4539 ra'ionem
624 4500 640 4548 ;
667 4481 739 4536 ita
775 4490 833 4535 ut
867 4497 974 4534 non
1001 4481 1073 4534 sit
1104 4496 1240 4550 Opus
1258 4481 1507 4550 pluribus
1539 4480 1720 4536 verbis
1754 4496 1894 4550 pra:-

341 4579 530 4634 sertim
598 4577 733 4640 tibi,
781 4577 873 4645 qni
926 4583 1129 4628 tantam
1188 4576 1240 4628 in
1293 4572 1672 4644 hujuscemodi
1730 4572 1899 4626 hahes

335 4668 750 4735 experientiam,
799 4677 857 4722 ut
917 4669 1098 4735 parvis
1153 4668 1315 4722 etiam
1367 4667 1655 4736 principiis
1700 4665 1900 4720 habitis

336 4769 502 4816 multa
538 4776 840 4830 magnaque
892 4759 1066 4830 possis
1111 4775 1174 4814 ex
1211 4761 1386 4830 teipso
1421 4760 1728 4830 percipere.
1760 4757 1896 4815 Cum

335 4853 468 4910 vero
509 4853 717 4922 aliquid
769 4853 892 4921 plus
930 4870 958 4906 a
989 4853 1149 4906 nobis
1189 4853 1504 4921 expostules
1539 4868 1643 4906 non
1677 4864 1900 4920 propter

339 4945 571 5014 teipsum
602 4943 870 5006 fortassis,
906 4957 1030 4996 cum
1065 4942 1178 5011 ipse
1201 4941 1345 4995 idem
1377 4941 1659 4994 nobiscum
1690 4941 1898 5009 sapias,

339 5035 436 5090 sed
471 5043 692 5104 prepter
723 5033 1095 5089 contentiusos
1140 5045 1195 5088 et
1259 5034 1505 5088 veritatis
1553 5032 1903 5086 adversarios

343 5141 445 5182 nos
472 5142 596 5180 cutn
637 5125 765 5195 quia
797 5126 975 5196 parati
1006 5126 1074 5179 ad
1113 5117 1543 5181 satisfaCtionem
1575 5139 1698 5179 esse
1733 5124 1906 5179 debe-

342 5234 471 5275 mus
495 5218 646 5274 omni
679 5218 923 5288 poscenti
948 5234 1050 5273 nos
1073 5218 1338 5273 rationem
1375 5217 1444 5272 de
1472 5233 1535 5272 ea
1563 5231 1683 5287 qua:
1718 5217 1771 5270 in
1803 5232 1904 5272 no-

342 5313 429 5369 bis
467 5323 547 5367 est
571 5311 676 5367 ﬁde
703 5311 1004 5365 secundum
1039 5313 1378 5381 Apostolum,
1415 5321 1526 5364 tum
1567 5320 1623 5365 ut
1653 5309 1908 5364 amicitia:

346 5419 552 5462 nostrae
601 5407 1019 5463 satisfaciamus.
1057 5405 1164 5476 Spe
1214 5404 1375 5458 etiam
1407 5403 1556 5456 ducti
1599 5402 1907 5470 aliquorum

348 5498 620 5563 utilitatis,
648 5502 740 5569 qui
774 5499 887 5554 hac
913 5499 1114 5569 legent.
1141 5511 1344 5550 morem
1376 5493 1470 5549 tibi
1498 5509 1685 5564 gerere
1712 5509 1909 5563 propo-

349 5591 584 5645 suimns.
621 5589 820 5644 Primis
862 5593 1044 5661 itaque
1077 5589 1430 5645 auctoritates
1470 5598 1783 5642 sanctorum
1810 5586 1912 5641 Pa-

357 5692 501 5736 trum
567 5690 620 5733 ct
674 5682 955 5737 doctorum
1003 5681 1431 5736 Occidentalium
1484 5682 1579 5735 ti'ni
1624 5681 1908 5743 mittimus,

1999 4496 2121 4534 men
2183 4480 2334 4550 parvi
2392 4480 2502 4534 imo
2542 4496 2675 4535 vero
2736 4479 2958 4534 maximi
3015 4481 3436 4543 existimandum
3495 4484 3562 4539 iis

1998 4572 2284 4642 prooemiis
2304 4571 2535 4639 addam;
2566 4571 2836 4642 supplebo
2859 4573 3002 4641 quod
3028 4573 3285 4641 praedicto
3309 4590 3562 4630 sermone

2000 4665 2311 4736 dogmatico
2369 4665 2547 4728 deest.
2613 4665 2908 4719 verborum
2976 4665 3324 4719 multitudine
3380 4665 3563 4721 lutnra

2003 4760 2241 4815 utilitate
2275 4773 2659 4828 compensans.
2692 4757 2748 4811 ln
2779 4756 2872 4812 illo
2907 4756 3091 4826 itaque
3113 4757 3418 4827 dogmatico
3444 4774 3563 4813 ser-

2003 4864 2162 4904 mone
2205 4864 2268 4904 ex
2304 4848 2681 4904 Orientalibus
2713 4845 2982 4902 duntaxat
3017 4848 3337 4905 doctoribus
3373 4849 3566 4905 volens

2005 4941 2166 5010 hujus
2195 4939 2514 5008 qumstionis
2531 4939 2810 4993 veritatem
2837 4938 3071 5008 probare
3089 4954 3252 4993 unam
3272 4940 3564 5008 quamdam

2005 5032 2388 5085 auctoritatem
2444 5030 2506 5084 Β.
2557 5029 2769 5095 Basilii,
2808 5046 2930 5100 qua:
2979 5029 3091 5085 sola
3145 5031 3399 5086 omnibus
3445 5031 3570 5086 aliis

2006 5124 2151 5194 quod
2200 5121 2544 5193 propositum
2591 5122 2993 5177 ostendendum
3041 5124 3338 5188 antecellit,
3382 5123 3568 5187 omisi,

2010 5226 2297 5285 pmpterea
2323 5216 2468 5286 quod
2515 5215 2583 5270 ab
2625 5215 2902 5284 aliquibus
2928 5215 3284 5270 dubitabatur
3314 5231 3383 5269 an
3424 5226 3572 5269 esset

2009 5307 2068 5362 Β.
2099 5308 2299 5364 Basilii.
2334 5309 2452 5364 Non
2487 5309 2613 5378 quia
2637 5325 2737 5378 ego
2758 5323 2976 5378 quoque
3001 5307 3207 5376 aliquid
3233 5307 3384 5362 dubii
3416 5307 3483 5360 de
3506 5322 3569 5360 ea

2014 5400 2322 5464 habuerim,
2357 5399 2604 5461 minime,
2637 5398 2731 5452 sed
2764 5399 2894 5466 quia
2945 5397 3090 5468 apud
3121 5398 3259 5452 alios
3281 5395 3572 5451 dubitaba-

2015 5498 2120 5555 tur,
2158 5491 2306 5545 nolui
2343 5489 2512 5544 dubio
2545 5491 2642 5544 uti.
2679 5489 2803 5545 Haec
2831 5500 3010 5545 autem
3057 5497 3141 5544 est
3167 5504 3274 5558 qua
3307 5489 3359 5541 in
3413 5486 3573 5542 tertio

2015 5596 2204 5640 contra
2258 5581 2586 5637 Eunomium
2645 5597 2871 5636 suorum
2918 5581 3183 5635 librorum
3232 5577 3426 5633 beatus
3481 5576 3574 5632 ille

2021 5691 2151 5730 usus
2177 5683 2275 5729 cst.
2323 5673 2432 5727 Cur
2469 5671 2614 5727 enim
2649 5687 2867 5727 necesse
2898 5680 2978 5726 est
3014 5671 3256 5740 (inquit),
3301 5667 3344 5724 si
3379 5665 3572 5722 ordine
