3966 6218
330 347 420 412 409
1233 333 1330 393 DE
1375 332 1892 394 PROCESSIONE
1937 329 2300 388 SPlRl'l‘U‘S
2351 328 2648 389 SANCTI.

3470 331 3575 392 illi

327 471 382 508 ac
426 449 688 520 dignitate
746 445 942 500 tertius
987 452 1071 498 est
1105 443 1366 514 Spiritus,
1420 453 1617 498 natura
1669 457 1887 512 quoque
1921 453 1962 504 Α
1993 437 2140 492 auud
2199 439 2253 492 in
2311 453 2515 510 papyro
2553 449 2680 492 ante
2736 451 2831 492 ccc
2879 451 3052 490 annos
3106 436 3409 505 scriptum:
3459 452 3578 496 erat

329 546 492 614 ipsum
534 541 760 594 tertium
815 537 976 591 esse?
1009 537 1281 607 Dignitate
1323 551 1558 606 namque
1598 536 1776 604 ipsum
1809 548 1893 586 se-

330 634 557 687 cundum
601 645 724 685 esse
756 649 784 682 a
819 627 986 690 Filio,
1010 642 1133 680 cum
1175 628 1242 680 ab
1279 626 1396 696 ipso
1427 640 1550 680 esse
1584 625 1806 687 habeat,
1838 633 1894 677 et

330 727 390 782 ab
415 727 533 794 ipso
567 723 827 786 accipiat,
851 731 908 775 et
940 720 1236 774 annuntiet
1271 719 1451 781 nobis,
1485 727 1539 772 et
1566 719 1792 771 Omnino
1824 717 1892 770 ab

329 819 411 873 illa
441 832 601 870 causa
636 814 964 884 dependeat,
993 813 1214 882 pietatis
1252 812 1392 865 ratio
1422 810 1584 864 tradit
1623 828 1636 863 :
1671 809 1894 880 Capitur

329 923 476 960 causa
502 922 596 974 pro
649 905 939 974 principio,
978 912 1265 956 causatum
1298 917 1418 954 vero
1456 917 1552 969 pro
1579 916 1660 964 eo,
1691 901 1828 969 quod
1859 917 1891 952 a

329 999 572 1068 principio
614 1007 712 1059 est,
747 1005 797 1048 et
837 1011 941 1049 non
977 1003 1034 1046 ut
1062 1010 1248 1059 causa,
1281 1003 1329 1046 et
1362 1001 1641 1045 causatum
1684 991 1892 1045 limita-

331 1093 514 1142 tionem
560 1090 857 1157 important
894 1095 1050 1155 prout
1094 1086 1276 1140 Latini
1303 1087 1568 1155 accipiunt
1607 1101 1726 1138 cum
1759 1084 1892 1137 talia

333 1189 584 1233 removent
627 1195 658 1230 α
695 1177 909 1240 divinis,
947 1175 1108 1230 veluti
1141 1175 1588 1246 imperfectionem
1621 1175 1890 1226 sonantia.

330 1273 622 1343 Dependere
665 1286 872 1342 quoque
903 1270 1134 1322 sumitur
1187 1286 1279 1336 ,ιι-ο
1326 1269 1630 1338 accipiendo
1669 1283 1801 1328 esse,
1844 1275 1893 1318 et

330 1382 422 1418 non
451 1374 505 1416 ut
532 1372 682 1418 notat
721 1361 1051 1418 essentialent
1094 1363 1477 1415 distinctionem
1519 1369 1676 1429 prout
1713 1359 1894 1412 Latini

327 1457 608 1525 accipiunt,
652 1471 769 1508 cum
814 1455 964 1506 aiunt
1010 1451 1214 1506 nullam
1261 1454 1315 1504 in
1354 1451 1460 1504 Deo
1489 1451 1893 1520 dependentiam

329 1547 616 1617 ponendam
633 1557 845 1616 propter
862 1545 1054 1598 divina:
1068 1543 1306 1597 essentiw
1324 1544 1581 1595 unitatem
1603 1557 1889 1594 summam.

328 1637 436 1690 Hoc
469 1636 636 1705 igitur
665 1635 954 1690 omisimus
987 1634 1038 1687 in
1083 1631 1390 1702 dogmatico
1417 1641 1606 1685 nostro
1641 1645 1894 1685 sermone

329 1708 550 1798 ponere;
584 1727 658 1780 Ita
705 1743 835 1782 vero
875 1740 978 1796 ego
1029 1735 1180 1778 certe
1233 1735 1392 1778 teneo
1423 1722 1480 1777 S.
1517 1723 1702 1779 Basilii
1753 1722 1894 1775 hanc

1998 531 2150 582 enim
2190 531 2244 583 in
2280 530 2385 583 line
2421 540 2637 599 tempus
2655 535 2922 586 notatum.
2949 543 3016 580 ex
3039 542 3149 595 quo
3169 537 3319 581 certe
3340 527 3577 584 habetur

1996 628 2205 673 tantum
2237 622 2500 688 temporis
2533 619 2865 688 pra-teriisse
2889 617 2959 672 ab
2990 619 3109 688 ejus
3139 619 3332 672 initio:
3362 629 3416 673 et
3445 619 3573 674 libri

1993 712 2172 765 adhuc
2207 718 2452 770 exstant.
2489 711 2594 763 nisi
2633 719 2922 779 postquam
2957 724 3053 762 eos
3093 711 3523 778 publicaverint.
3547 729 3577 766 e

1995 804 2178 858 medio
2227 802 2426 856 sublati
2479 801 2704 854 inerunt
2742 800 2810 853 ab
2843 800 2970 860 illis,
3011 802 3101 870 qui
3159 800 3344 854 omnia
3385 811 3576 854 contra

1994 911 2148 948 suam
2206 893 2452 963 ipsorum
2490 892 2722 947 salutem
2772 892 3160 947 machinantur
3202 909 3216 946 :
3256 892 3371 946 hzec
3414 893 3578 947 ambo

1995 985 2070 1040 uti
2101 1001 2200 1040 nos
2234 985 2596 1057 allegavimus
2631 983 2908 1050 habebant
2949 987 3125 1038 sancti
3163 986 3422 1040 doctores
3473 1001 3580 1040 au-

1993 1077 2305 1131 cuiritatcm
2347 1076 2688 1145 inscriptam.
2725 1073 2957 1140 Quidam
2982 1085 3162 1128 autem
3198 1075 3364 1128 animi
3401 1075 3580 1129 audax

1994 1169 2308 1224 audacioris
2323 1170 2490 1224 etiam
2526 1184 2743 1235 manus,
2769 1184 2798 1223 a
2819 1169 3155 1223 membranis
3176 1170 3402 1237 quidem
3429 1171 3578 1224 ferro

1996 1261 2279 1314 veritatem
2314 1259 2539 1326 delevit,
2569 1275 2885 1330 quanquam
2914 1258 3052 1313 nihil
3077 1258 3127 1313 ei
3151 1261 3432 1313 temeritas
3456 1274 3580 1326 pro-

1997 1349 2120 1414 fuit,
2157 1366 2283 1405 cum
2329 1360 2384 1403 et
2412 1350 2568 1404 locus
2599 1364 2808 1403 vacuus
2848 1364 3097 1411 manens,
3138 1359 3194 1402 et
3242 1348 3577 1418 syllabarum

1995 1443 2318 1498 medietates
2355 1441 2537 1499 adhuc
2585 1443 2937 1506 exsistentes.
2977 1451 3034 1497 et
3098 1442 3246 1496 illius
3293 1441 3576 1496 audaciam

1995 1543 2279 1596 accusent,
2311 1542 2369 1588 et
2410 1537 2697 1588 veritatem
2749 1534 3112 1588 nihilominus
3154 1533 3466 1588 ostendant.
3517 1531 3574 1586 In

1994 1642 2238 1698 papyreo
2292 1642 2423 1682 vero
2469 1628 2749 1682 volumine
2797 1637 3104 1680 atramento
3153 1625 3377 1694 perfuso
3409 1635 3576 1679 totam

1996 1719 2144 1774 illam
2175 1728 2386 1790 partem
2433 1721 2675 1788 operuit,
2713 1735 2833 1787 qua:
2877 1719 3082 1772 dicitur
3110 1721 3178 1772 ab
3203 1735 3270 1773 eo
3315 1730 3574 1787 tanquam

329 1833 442 1872 esse
484 1819 892 1881 auctoritatem,
947 1815 1415 1886 quemadmodum
1477 1827 1533 1870 et
1590 1816 1726 1869 alios
1774 1815 1895 1885 ejus
1926 1808 1966 1860 Β
1997 1825 2027 1864 a
2064 1829 2230 1867 causa
2267 1813 2602 1882 dependere.
2630 1811 2698 1865 At
2731 1812 3083 1880 postaliquot
3105 1827 3302 1876 annos,
3333 1826 3460 1864 cum
3488 1809 3578 1864 hic

326 1919 510 1964 contra
540 1911 870 1964 Eunomium
914 1910 1103 1970 libros,
1139 1909 1343 1977 quibus
1377 1919 1559 1962 autem
1584 1908 1891 1962 rationibus

328 2008 381 2054 tu
411 2015 634 2070 quoque
673 2001 886 2056 audias.
913 2001 1049 2055 Cum
1085 2001 1136 2053 in
1171 2000 1274 2054 hac
1316 2000 1526 2071 synodo
1566 2010 1756 2054 nostra
1797 2015 1893 2055 ενι

328 2084 466 2140 inter
499 2102 601 2141 nos
630 2087 908 2142 volumina
942 2087 1107 2157 hujus
1133 2087 1320 2157 aperis
1337 2097 1527 2142 contra
1559 2087 1890 2144 Eunomium

325 2177 649 2234 haberemus
701 2187 939 2249 quatuor
997 2179 1052 2233 in
1106 2178 1440 2234 membranis
1483 2181 1890 2250 antiquissima,

321 2285 551 2339 quorum
615 2272 717 2325 tria
774 2270 997 2342 quidem
1049 2271 1425 2342 Mitylenensis
1485 2273 1891 2344 archiepiscopi

317 2371 492 2417 erant.
537 2361 801 2430 Quartum
836 2362 1180 2428 Latinorum,
1224 2365 1336 2420 duo
1391 2380 1519 2420 vera
1566 2366 1620 2419 in
1657 2365 1891 2436 Papyro,

319 2469 553 2522 quorum
586 2450 1129 2510 unum'sercnissimi
1164 2465 1283 2509 erat
1320 2455 1696 2525 imperatoris,
1741 2456 1890 2510 aliud

319 2543 759 2598 reverendissimi
834 2541 1205 2613 patriarchae,
1250 2544 1398 2614 quod
1456 2559 1486 2596 a
1555 2544 1893 2597 monasterio

316 2633 793 2706 Xanthopulorum
833 2636 1128 2692 commodo
1157 2637 1436 2707 accipiens
1485 2649 1672 2692 secum
1707 2647 1894 2707 porta-

317 2739 488 2783 verat.
536 2726 805 2795 Quorum,
845 2728 1092 2798 inquam,
1130 2743 1224 2783 sex
1250 2729 1595 2783 voluminum
1642 2730 1892 2799 quinque

314 2818 388 2873 ita
419 2821 489 2875 ha
503 2820 708 2873 hebant
733 2819 875 2874 hanc
902 2821 1312 2884 auctoritatem,
1348 2821 1426 2876 uti
1454 2836 1555 2892 ego
1587 2836 1732 2875 nunc
1761 2821 1889 2876 allec

312 2910 452 2980 gari.
503 2907 770 2964 Videlicet
814 2912 906 2978 qui
939 2910 1006 2965 ab
1053 2912 1193 2981 ipso,
1230 2912 1334 2965 hoc
1369 2922 1471 2976 est,
1511 2910 1650 2967 Filio
1693 2913 1893 2968 habeat

312 3015 428 3058 esse
457 3002 732 3072 Spiritus,
764 3013 821 3058 et
848 3004 916 3058 ab
941 3019 1007 3058 eo
1036 3012 1294 3073 tanquam
1329 3019 1538 3058 acausa
1559 3003 1891 3074 dependeat.

313 3093 483 3151 Unum
531 3109 663 3150 vero
693 3095 982 3161 duntaxat,
1015 3095 1164 3165 quud
1205 3095 1466 3150 videlicet
1489 3099 1632 3168 apud
1659 3098 1891 3167 patriar-

313 3186 464 3242 cham
503 3196 649 3252 erat,
685 3187 784 3241 hac
813 3187 1141 3243 auctoritate
1177 3187 1421 3249 carebat,
1461 3187 1514 3241 in
1558 3184 1890 3257 quibusdam

313 3263 568 3349 partibus
600 3282 717 3352 ejus
744 3281 1095 3344 diminutum,
1123 3280 1176 3334 in
1195 3279 1524 3349 quibusdam
1553 3279 1896 3348 superabun-

317 3372 470 3438 dans,
502 3380 680 3443 prout
708 3370 1407 3440 corruptoris,quicunque
1429 3368 1520 3423 ille
1541 3368 1710 3423 fuerit
1742 3382 1897 3420 mens

317 3471 368 3515 et
408 3477 612 3518 manus
642 3462 836 3525 voluit,
873 3459 1093 3516 demum
1125 3470 1251 3530 post
1289 3459 1628 3514 celebratum
1677 3473 1893 3511 sacrum

321 3555 647 3619 concilium,
683 3563 735 3610 et
764 3563 1016 3609 nostrum
1048 3554 1114 3606 ad
1146 3553 1339 3606 urbem
1369 3549 1897 3618 Constantinopoli—

319 3653 499 3700 tanam
523 3646 796 3711 reditum,
821 3659 944 3698 cum
971 3645 1449 3714 proposuissemus
1463 3655 1658 3696 omnes
1679 3641 1895 3694 illorum

313 3751 606 3792 sacrorum
665 3736 912 3792 locorum
975 3737 1339 3792 bibliothecas
1393 3745 1507 3790 tum
1557 3735 1721 3805 hujus
1767 3732 1894 3788 libri

311 3832 485 3884 sancti
525 3829 740 3896 Basilii,
782 3838 895 3883 tum
935 3829 1167 3883 aliorum
1205 3828 1379 3898 gratia
1409 3827 1710 3898 inquirere,
1747 3842 1897 3896 qua--

313 3939 533 3994 cunque
564 3939 704 3976 nova
737 3923 1017 3976 volumina
1053 3921 1236 3991 reperi
1268 3932 1394 3991 post
1414 3920 1556 3973 hanc
1588 3921 1900 3974 contentio-

310 4028 434 4068 nem
467 4015 680 4082 scripta
719 4015 970 4067 omnia...
1004 4014 1264 4083 praedicta
1308 4015 1636 4067 auctoritate
1689 4011 1894 4082 reperi.

306 4107 666 4173 Quaecunque
723 4120 855 4158 vero
903 4104 1220 4173 antiquiora
1274 4112 1454 4166 erant,
1499 4112 1554 4158 et
1603 4111 1895 4173 antequam

308 4197 413 4252 hoc
469 4201 686 4255 bellum
736 4201 1001 4260 oriretur,
1058 4198 1263 4266 scripta
1300 4198 1414 4251 haec
1485 4187 1624 4249 γετό
1666 4212 1797 4250 sana
1841 4204 1897 4250 et

306 4293 525 4363 integra
549 4305 681 4346 cum
713 4294 1041 4345 auctoritate
1067 4289 1325 4358 prmdicta
1353 4299 1601 4353 manent,
1633 4306 1754 4360 quae
1785 4307 1893 4345 non

303 4390 577 4454 pauciora
627 4394 776 4446 sunt,
815 4397 978 4454 quam
1009 4383 1099 4437 illa
1133 4399 1254 4452 qua:
1286 4398 1446 4453 passa
1506 4382 1730 4437 fuerant
1773 4400 1897 4438 cor-

1996 1907 2138 1960 liber
2188 1906 2239 1958 in
2293 1920 2487 1960 manus
2527 1905 2815 1959 incidisset
2853 1905 3000 1958 illius
3029 1905 3424 1972 sapientissimi
3471 1903 3575 1958 viri

1997 1997 2260 2052 Demetrii
2294 1996 2552 2068 Cydonii,
2590 1998 2898 2051 anetoritas
2946 1997 3209 2065 praedicta
3241 1996 3575 2066 rcintegrata

1995 2098 2099 2144 est.
2136 2089 2233 2142 lllc
2263 2089 2410 2142 enim
2440 2103 2561 2142 eam
2587 2089 2807 2156 propria
2845 2102 3006 2140 manu
3048 2086 3100 2140 in
3135 2088 3380 2156 margine
3431 2085 3578 2141 illius

1995 2181 2122 2235 libri
2161 2181 2443 2250 ascripsit,
2489 2191 2545 2233 et
2577 2179 2862 2232 audaciam
2904 2179 3254 2246 corruptoris
3292 2178 3453 2246 digne
3485 2195 3575 2230 re-

1996 2273 2296 2346 prehendit
2329 2289 2342 2324 :
2383 2271 2438 2324 in
2467 2281 2672 2326 tantam
2713 2271 3007 2332 insaniam,
3038 2269 3288 2322 tenebras
3328 2279 3383 2322 et
3425 2270 3577 2338 igno-

2000 2369 2240 2422 rantiam
2274 2377 2499 2419 nostros
2530 2363 2782 2416 homines
2809 2361 3019 2430 pepulit
3045 2377 3236 2414 eorum
3267 2364 3572 2416 contentio.

1997 2458 2204 2514 Deinde
2237 2458 2420 2512 dicere
2455 2457 2680 2515 audent,
2717 2453 2861 2522 quod
2896 2451 3098 2512 Latini.
3145 2465 3574 2522 nostrorumque

1995 2550 2230 2612 Vaccus,
2278 2556 2334 2602 et
2359 2546 2476 2605 alii.
2515 2546 2607 2614 qui
2643 2544 2870 2597 Latinos
2909 2542 3086 2597 secuti
3121 2544 3368 2607 luerunt,
3399 2545 3574 2597 libros

1995 2641 2369 2712 corruperint,
2410 2639 2718 2710 praesertim
2741 2653 2866 2704 cum
2897 2637 3200 2691 auctoritas
3222 2637 3336 2692 llth
3359 2649 3571 2690 tantum

1995 2745 2278 2800 ornatum,
2314 2741 2522 2788 tantam
2582 2733 2815 2803 gratiam
2848 2739 2905 2786 et
2933 2730 3301 2800 eloquentem
3335 2731 3573 2787 Atzicam

1999 2828 2340 2900 praeseterat,
2362 2838 2423 2882 ut
2449 2839 2563 2882 non
2588 2824 2752 2880 modo
2779 2824 3004 2878 Latinos
3020 2826 3224 2894 aliquid
3249 2825 3430 2880 simile
3448 2844 3571 2880 cum

1998 2930 2147 2975 tanta
2199 2918 2372 2990 gratia
2421 2918 2480 2973 in
2541 2917 2716 2986 lingua
2771 2916 3059 2986 peregrina
3108 2926 3164 2970 et
3229 2917 3418 2971 Gra‘ca
3464 2933 3573 2971 non

1998 3029 2159 3085 posse
2191 3023 2527 3082 componere
2566 3029 2583 3067 :
2617 3008 2713 3064 sed
2739 3023 2919 3078 neque
2941 3007 3161 3063 Graecos
3182 3008 3405 3078 quidem
3439 3025 3577 3080 prtu-

2001 3104 2285 3174 teripsum
2317 3101 2604 3156 Basiliam.
2638 3098 2852 3153 Latinis
2886 3099 3092 3152 ctenim
3122 3098 3312 3169 lingua
3347 3102 3574 3169 propria

1999 3207 2315 3265 generaque
2349 3191 2573 3248 dicendi
2600 3207 2630 3245 a
2657 3191 2871 3246 nostris
2904 3191 3122 3244 diversa
3177 3192 3577 3260 impedimento

1998 3275 2152 3348 sunt,
2189 3299 2256 3338 ne
2278 3284 2487 3353 aliquid
2519 3286 2593 3338 ita
2620 3295 2817 3336 ornate
2839 3282 2892 3335 in
2920 3291 3105 3335 nostra
3125 3282 3313 3352 lingua
3337 3285 3578 3338 conscri-

1998 3378 2183 3432 bant:
2231 3377 2698 3446 quemadmodum
2755 3375 2924 3429 etiam
2963 3387 3172 3428 nostris
3236 3376 3577 3445 impossibile

1998 3471 2320 3540 estaliquid
2357 3471 2556 3540 aequali
2587 3470 2763 3535 gratia
2819 3479 2876 3524 et
2919 3478 3142 3531 ornatu,
3179 3479 3344 3537 atque
3397 3469 3576 3523 Latini

2000 3563 2056 3616 in
2117 3562 2302 3630 lingua
2362 3562 2554 3614 Latina
2635 3559 2911 3624 scribere,
2951 3569 3444 3630 quantumcunque
3494 3559 3578 3614 vel

1999 3653 2173 3708 (ΞΓιοί
2207 3655 2261 3706 in
2284 3652 2505 3718 Latina,
2540 3652 2627 3706 vel
2661 3651 2842 3706 Latini
2873 3653 2927 3706 in
2968 3652 3156 3707 Graca
3184 3652 3371 3721 lingua
3399 3651 3582 3720 profe-

2001 3748 2201 3804 cerint.
2233 3746 2404 3818 Cujus
2443 3747 2521 3801 rei
2561 3755 2674 3800 tum
2710 3760 2835 3816 ego,
2868 3755 2984 3800 tum
3020 3745 3113 3800 alii
3148 3747 3216 3800 de
3249 3747 3456 3801 nostris
3493 3745 3581 3799 di-

1999 3840 2090 3911 gni
2108 3853 2299 3895 sumus
2327 3847 2518 3902 testes,
2549 3837 2643 3906 qui
2671 3835 2917 3890 Latinam
2979 3847 3261 3904 utcunque
3287 3838 3582 3892 mediocri-

2002 3943 2086 3988 ter
2120 3931 2485 4000 intelligimus
2517 3929 2789 3994 linguam,
2825 3930 2902 3981 nil
2943 3937 3124 3982 tamen
3147 3929 3292 3997 quod
3321 3939 3579 3983 ornatum

2001 4024 2309 4094 Latineque
2341 4023 2710 4092 compositum
2743 4020 2838 4082 sit,
2871 4019 3118 4074 scribere
3142 4036 3390 4088 possum.
3419 4021 3580 4076 Clare

2001 4119 2186 4186 itaque
2221 4123 2370 4185 patet
2399 4115 2494 4184 qui
2538 4114 2732 4168 modos
2763 4113 3011 4174 dicendi.
3037 4115 3264 4184 stylum,
3311 4118 3580 4185 eloquen-

2001 4215 2160 4274 tiam,
2197 4217 2254 4264 et
2291 4207 2397 4261 alia
2425 4207 2674 4260 indicare
2706 4205 2890 4259 sciunt
2914 4206 3090 4274 ipsius
3133 4204 3346 4269 Basilii,
3377 4215 3434 4260 et
3459 4208 3582 4274 ejus

2000 4307 2202 4362 limata
2247 4303 2449 4372 lingua:
2483 4303 2626 4354 hanc
2659 4304 3075 4362 auctoritatem,
3106 4311 3165 4354 et
3205 4300 3404 4353 nullius
3437 4300 3578 4354 alte-

2002 4395 2120 4449 rius
2151 4408 2298 4448 esse.
2342 4391 2612 4444 Praeterea
2642 4404 2768 4442 cum
2807 4386 3013 4442 Veccus
3052 4390 3245 4458 paucis
3270 4399 3394 4442 ante
3422 4391 3582 4444 annis

304 4477 650 4542 ruptionem.
696 4471 754 4526 lu
782 4471 984 4540 quibus
1019 4471 1182 4526 etiam
1238 4471 1443 4542 aliquid
1512 4475 1713 4542 reperi,
1747 4475 1892 4544 quod

2000 4484 2189 4546 luerit,
2221 4482 2352 4535 libri
2385 4496 2515 4534 vero
2543 4479 2713 4533 multo
2749 4495 2816 4533 eo
2852 4481 3196 4547 antiquzorcs
3220 4481 3352 4542 sint,
3385 4480 3578 4535 falsam

304 4573 359 4618 et
394 4566 775 4636 plangendum
807 4565 994 4630 simul,
1019 4573 1076 4619 et
1104 4565 1416 4620 mirandum
1443 4575 1548 4621 est.
1583 4567 1895 4621 Mirandum

307 4661 564 4728 quidem,
599 4659 644 4713 si
678 4662 804 4728 quis
824 4659 1015 4712 volens
1048 4658 1296 4714 adhaeret
1319 4659 1452 4714 l'also
1489 4649 1617 4729 ipse
1638 4660 1771 4714 illud
1798 4658 1898 4712 lin-

304 4767 462 4823 gens,
512 4764 571 4807 et
602 4751 906 4822 prcsertim
938 4752 1229 4806 veritatem
1274 4753 1528 4818 celando,
1564 4769 1691 4807 cuin
1737 4753 1897 4808 intel-

303 4847 483 4900 lectus
531 4845 860 4899 naturaliter
890 4846 1182 4900 veritatem
1225 4844 1427 4900 habeat
1481 4861 1580 4915 pro
1625 4847 1844 4918 objecto
1879 4862 1894 4899 :

304 4939 688 5012 plangendum
717 4954 868 5007 vero,
902 4939 1049 5010 quod
1081 4938 1250 5009 aliqui
1276 4939 1388 4993 sint
1419 4939 1490 4993 ita
1520 4938 1646 4994 ﬁdei
1692 4939 1898 4994 verita-

302 5045 414 5090 tem
450 5035 906 5106 parvilacientes,
936 5033 1056 5088 sine
1079 5048 1187 5103 qua
1225 5039 1310 5087 est
1345 5032 1690 5102 impossibile
1720 5031 1898 5086 homi-

305 5143 431 5183 nem
460 5129 678 5184 salvum
714 5128 855 5194 ﬁeri,
888 5137 949 5180 ut
998 5141 1106 5179 non
1138 5126 1315 5179 solum
1352 5125 1472 5195 ejus
1523 5124 1897 5193 investigatio-

301 5236 434 5277 nem
463 5230 848 5286 contemnant,
881 5235 1073 5273 verum
1110 5219 1278 5272 etiam
1310 5233 1437 5272 cum
1465 5218 1612 5272 clare
1634 5225 1896 5286 appareat

301 5330 424 5370 eam
452 5317 663 5382 celare,
689 5315 1004 5383 opprimere
1063 5323 1227 5382 atque
1255 5319 1572 5381 pervertere
1599 5319 1892 5364 conentur.

302 5406 421 5464 Hoc
446 5423 645 5462 autem
683 5408 789 5462 tale
825 5407 959 5477 quid
987 5415 1108 5460 erat
1131 5420 1238 5458 una
1271 5418 1397 5458 cum
1417 5401 1541 5456 aliis
1570 5402 1711 5455 duos
1727 5400 1894 5456 etiam

301 5502 589 5572 quosdam
621 5502 792 5556 libros
819 5501 996 5556 sancti
1034 5498 1219 5553 Basilii
1261 5497 1467 5553 aliendi
1517 5495 1663 5566 apud
1703 5509 1893 5549 mona~

299 5599 548 5653 utrium
566 5593 1091 5652 CuristiSalvatoris
1107 5591 1457 5662 Pantepopti,
1492 5607 1661 5644 unum
1693 5591 1746 5643 in
1775 5605 1896 5659 per-

300 5704 553 5762 gamcno
598 5688 1064 5759 antiquissimum,
1101 5695 1162 5741 ut
1191 5684 1505 5749 videbatur,
1542 5683 1736 5754 quanti
1762 5697 1894 5735 vero

295 5785 579 5857 temporis
613 5785 826 5858 ignoro,
857 5798 967 5840 non
1005 5781 1153 5839 enim
1178 5791 1300 5839 erat
1329 5795 1508 5836 annus
1553 5779 1889 5847 inscriptus:

2001 4574 2144 4630 hanc
2172 4571 2610 4630 accusationem,
2659 4579 2716 4624 et
2752 4585 2948 4622 vanum
3000 4569 3270 4638 refugium
3320 4572 3578 4640 probant.

1999 4668 2133 4722 ltem
2165 4667 2269 4719 hoc
2301 4666 2444 4718 idem
2470 4663 2695 4718 aliunde
2734 4663 3023 4732 probatur.
3051 4662 3147 4716 Vir
3180 4664 3401 4733 quidam
3431 4664 3578 4734 apud

2000 4761 2228 4815 Latinos
2257 4759 2510 4812 maximae
2542 4757 2937 4826 reputationis,
2969 4754 3163 4827 llugon
3191 4761 3416 4811 nomine
3443 4760 3580 4812 anti-

1998 4869 2166 4923 quus,
2189 4860 2245 4906 et
2274 4851 2437 4919 longe
2468 4859 2599 4902 ante
2620 4857 2868 4918 tempora
2897 4859 3107 4916 nostra,
3139 4853 3400 4919 praeteriti
3449 4860 3582 4905 sunt

1999 4961 2237 5014 namque
2272 4945 2386 4997 lere
2414 4957 2512 4996 ccc
2538 4941 2691 5004 anui,
2712 4957 2778 4995 ex
2807 4958 2919 5012 quo
2948 4943 3076 5005 fuit,
3113 4957 3240 4995 cum
3261 4943 3327 4996 de
3360 4957 3581 5011 proces-

1998 5039 2155 5096 sione
2196 5037 2439 5107 Spiritus
2463 5034 2643 5091 sancti
2672 5035 2946 5090 scriberet
2974 5053 2988 5090 :
3020 5036 3159 5090 hanc
3187 5038 3352 5090 etiam
3391 5048 3582 5090 aucto-

1998 5132 2219 5186 ritatem
2269 5128 2442 5183 sancti
2477 5127 2664 5181 Basilii
2696 5127 2762 5181 ad
2806 5127 2950 5181 hanc
2994 5128 3410 5182 conclusionem
3453 5143 3584 5198 pro-

1998 5218 2234 5272 bandam
2273 5216 2504 5271 inducit.
2552 5214 2668 5268 Hoc
2698 5227 2880 5269 autem
2914 5232 3023 5269 non
3075 5217 3268 5272 Latine
3303 5219 3576 5286 scriptum

1999 5311 2193 5365 videns
2216 5309 2366 5372 dico,
2404 5322 2598 5363 verum
2630 5307 2817 5362 Grates
2849 5309 2992 5377 apud
3036 5309 3579 5380 ConstantinOpolim

1998 5405 2056 5458 in
2088 5403 2326 5473 quodam
2359 5402 2500 5456 libro
2543 5401 2756 5464 Graeco,
2785 5417 2897 5454 non
2946 5401 3124 5470 ipsius
3169 5401 3436 5472 Hugonis.
3479 5403 3577 5458 sed

1999 5496 2288 5568 cujusdam
2337 5495 2546 5550 Nicetae
2601 5495 3010 5566 archiepiscopi
3043 5495 3576 5564 Thessalonicensis,

1997 5590 2092 5660 qui
2129 5590 2235 5659 ipsi
2267 5588 2480 5660 Hugoni
2523 5588 2880 5655 contradicit,
2911 5592 3225 5658 quanquam
3256 5591 3374 5658 ipse
3406 5589 3580 5645 Thes-

1997 5685 2358 5739 salonicensis
2385 5683 2528 5738 idem
2555 5697 2680 5738 cum
2702 5681 2914 5737 Latinis
2944 5683 3216 5752 sapiebat.
3252 5678 3407 5749 Quod
3429 5683 3580 5739 enim

1999 5776 2242 5847 Spiritus
2285 5788 2512 5833 sanctus
2561 5792 2627 5834 ex
2685 5778 2848 5832 Patre
2893 5775 3145 5847 Filioque
3201 5779 3576 5848 procederet,
