3990 6212
349 354 452 424 411

1337 350 1844 410 BESSARIDNIS
1878 351 1934 411 S.
1983 351 2051 411 Il.
2087 349 2154 407 E.
2199 343 2665 406 CARDINALIS

3517 335 3626 401 41?.

351 465 634 528 credebat,
682 459 1058 516 contendebat
1107 476 1257 523 vero,
1306 467 1366 514 ut
1408 460 1571 529 vulgo
1604 458 1833 522 dicitur,
1864 458 1930 513 de
1963 464 2004 520 Α
2038 472 2184 512 ream
2212 467 2461 511 catenam
2484 453 2694 509 ordinis
2728 465 2825 507 nos
2850 449 3136 506 docuit.ln
3169 448 3234 504 iis
3265 449 3412 504 enim
3436 460 3628 504 contra

353 558 548 611 umbra
593 555 760 616 asini,
799 567 976 621 neque
1016 551 1194 619 ipsum
1228 565 1418 603 verum
1465 563 1721 603 asserens
1765 549 1932 602 licere

356 649 623 720 Symbolo
656 645 809 709 addi,
837 659 951 698 rem
989 659 1198 713 magna:
1233 642 1483 710 profecto
1513 641 1825 696 devotionis
1881 649 1936 695 ct

355 743 662 812 sapientiae,
716 753 780 791 ac
836 737 881 791 si
927 736 1142 790 diceret
1174 749 1284 787 non
1333 743 1593 803 Oportere
1649 735 1936 789 veritatem

355 832 577 902 publice
622 828 948 898 prmdicare.
998 827 1123 880 llaec
1171 835 1356 880 antem
1414 824 1633 894 longius
1691 824 1934 885 narravi,

356 925 549 978 volens
585 921 820 991 probare
863 918 1038 974 fuisse
1073 919 1298 986 quidem
1344 917 1762 986 corruptionem
1795 917 1848 969 in
1879 915 1940 969 li-

357 1017 495 1078 bris,
539 1028 732 1069 verum
779 1027 888 1066 non
915 1026 943 1064 a
974 1009 1186 1064 Latinis
1218 1018 1274 1064 et
1307 1009 1529 1063 illorum
1583 1008 1938 1078 sequacibus,

355 1109 451 1164 sed
484 1123 513 1162 e
547 1115 740 1160 contra
774 1119 803 1156 a
831 1100 1302 1158 contendentibus
1348 1115 1473 1154 cum
1513 1098 1724 1152 Latinis
1765 1117 1778 1152 :
1817 1113 1941 1150 eor-

359 1199 785 1267 ruptionemque
809 1210 917 1248 non
945 1209 1042 1263 per
1061 1191 1403 1246 additionem
1430 1189 1629 1256 solum,
1650 1190 1742 1243 sed
1775 1188 1943 1242 inter-

359 1292 492 1346 dum
527 1306 622 1360 pcr
663 1289 1034 1342 minutionem
1073 1287 1272 1340 factam
1323 1284 1513 1338 fuisse.
1545 1283 1624 1337 lta
1656 1293 1712 1336 ut
1762 1280 1946 1335 nullus

360 1384 598 1452 amplius
637 1381 812 1451 possit
865 1379 1098 1434 Veccum
1136 1387 1193 1431 et
1259 1375 1468 1429 similes
1518 1389 1773 1437 causare,
1818 1388 1943 1426 cum

361 1477 491 1531 libri
524 1476 699 1529 multo
722 1482 1016 1542 antequam
1049 1470 1451 1527 fueritV'eccus
1474 1469 1764 1522 veritatem
1797 1466 1946 1519 clare

362 1570 687 1641 probarent.
740 1567 808 1622 Et
848 1566 970 1621 haec
1003 1563 1230 1634 quidem
1275 1577 1305 1616 a
1341 1570 1588 1629 tempore
1621 1560 1695 1614 ita
1720 1557 1944 1612 indubia

364 1671 421 1717 et
448 1677 580 1717 vera
627 1671 759 1716 sunt
808 1659 1008 1729 signa;
1042 1657 1112 1711 ab
1149 1656 1270 1724 ipso
1291 1653 1455 1708 etiam
1487 1667 1685 1721 genere
1726 1649 1944 1704 dicendi

363 1753 699 1810 suavissimo
725 1760 782 1806 et
821 1747 1189 1804 ornatissimo
1227 1745 1367 1816 stylo
1401 1753 1550 1813 patet
1585 1742 1789 1796 nullius
1813 1741 1947 1795 alte-

2050 546 2379 602 Eunomium
2411 545 2761 601 sermonibus
2781 544 2921 606 suis,
2950 540 3217 611 dignitate
3264 555 3501 610 namque
3553 541 3625 594 ait

2046 641 2352 694 secundum
2383 654 2507 693 esse
2540 653 2568 690 a
2602 636 2766 699 Filio,
2793 634 3052 688 videlicet
3077 631 3344 702 Spiritum
3374 641 3619 686 sanctum

2047 746 2170 785 cum
2197 730 2265 784 ab
2301 729 2418 798 ipso
2449 743 2569 782 esse
2621 726 2838 790 habeat,
2869 733 2925 778 ct
2974 723 3042 778 ab
3098 723 3218 790 ipso
3279 720 3532 789 accipiat,
3567 728 3621 774 et

2048 822 2340 876 annuntiet
2359 821 2539 884 nobis,
2571 830 2623 874 et
2646 820 2874 874 omnino
2899 817 2968 870 ab
3001 816 3088 870 illa
3113 828 3276 868 causa
3298 813 3619 882 dependeat,

2048 915 2268 986 pictatis
2303 917 2443 970 ratio
2473 913 2658 967 tradit.
2691 911 2866 982 Hujus
2899 910 3047 963 enim
3115 905 3482 967 auctoritatis,
3521 904 3624 958 etsi

2053 1023 2160 1060 non
2183 1017 2376 1070 totam,
2414 1014 2626 1076 partem
2659 1012 2841 1058 tamen
2874 999 3172 1055 admittunt
3198 997 3393 1058 nostri,
3431 1008 3626 1050 etetera

2051 1096 2453 1159 abscindentes,
2475 1111 2539 1151 ac
2562 1099 2632 1150 ita
2647 1110 2765 1150 eam
2787 1093 3117 1162 allegantes;
3138 1087 3399 1157 dignitate
3424 1089 3626 1140 etenim

2051 1189 2327 1243 secundus
2352 1203 2520 1243 essea
2562 1186 2702 1241 Filio
2729 1184 2894 1239 tradit
2916 1183 3149 1236 fortasse
3195 1177 3332 1232 ratio
3385 1176 3627 1248 pietatis,

2052 1283 2316 1337 addentes
2340 1281 2590 1336 fortassis
2627 1289 2686 1334 ut
2718 1277 3024 1333 orationem
3068 1272 3290 1328 dubiam
3346 1270 3576 1324 reddant
3607 1283 3622 1332 ;

2053 1392 2175 1447 qua:
2201 1375 2453 1429 dubietas
2492 1374 2716 1430 omnino
2747 1371 2924 1426 aliena
2959 1385 2989 1424 a
3023 1375 3208 1422 mente
3239 1364 3414 1420 sancti
3440 1361 3627 1416 Basilii

2055 1486 2152 1540 per
2202 1485 2300 1525 nos
2325 1467 2670 1538 probabitur.
2703 1463 2826 1520 Hsec
2846 1465 2994 1518 enim
3021 1475 3130 1516 non
3161 1475 3260 1530 per
3291 1453 3629 1526 impossibile

2054 1571 2278 1617 sanctus
2304 1560 2394 1614 ille
2417 1559 2612 1614 doctor
2637 1558 2824 1623 infert,
2854 1552 3319 1625 quemadmodum
3355 1546 3629 1618 aliquibus

2057 1654 2381 1724 ignoranter
2400 1651 2576 1706 visum
2602 1660 2705 1716 est,
2729 1650 2942 1704 scilicet
2965 1660 3025 1704 ut
3043 1661 3226 1703 veram
3250 1655 3452 1698 sanctae
3481 1639 3629 1697 Seri-

2059 1755 2254 1815 pturae,
2308 1757 2573 1813 suamque
2609 1742 2924 1812 opinionem
2963 1753 3246 1811 exponens
3283 1733 3629 1798 considerat,

365 1848 484 1900 rius
512 1859 676 1915 quam
723 1841 908 1897 Basilii
943 1839 1149 1894 debere
1176 1837 1329 1892 credi
1369 1837 1531 1890 istam
1553 1832 1948 1888 auctoritatem
1986 1834 2025 1887 Β
2057 1838 2201 1909 quod
2234 1853 2473 1906 sequens
2493 1845 2578 1892 est
2607 1835 2831 1890 tertium
2869 1833 3062 1888 ordine
3091 1832 3239 1887 clare
3267 1841 3480 1900 ponens
3509 1825 3631 1896 Spi.

365 1950 512 2004 esse.
553 1935 810 1988 Attamen
841 1931 911 1985 ab
943 1931 1060 1999 ipsa
1094 1929 1260 1983 etiam
1293 1926 1594 1990 sententia,
1623 1933 1679 1979 et
1708 1938 1946 1992 sequen-

369 2027 504 2080 tium
531 2025 598 2080 ad
630 2023 994 2094 praecedentia
1028 2034 1283 2074 connexu
1318 2018 1368 2071 id
1398 2018 1574 2085 ipsum
1613 2015 1760 2070 clare
1795 2025 1950 2084 pate-

367 2121 486 2186 bit;
527 2120 568 2174 si
602 2119 726 2188 quis
757 2124 970 2171 attente
1001 2113 1337 2170 consideret.
1367 2111 1502 2167 Cum
1539 2109 1849 2165 Eunomius
1888 2121 1954 2160 ex

367 2227 438 2266 eo
467 2212 614 2280 quod
666 2209 908 2278 Spiritus
943 2217 1172 2262 sanctus
1204 2205 1402 2259 tertius
1431 2201 1629 2257 ordine
1660 2201 1956 2270 dignitate-

369 2320 479 2374 que
529 2303 813 2358 diceretur
865 2317 891 2352 a
941 2297 1277 2369 quibusdam
1333 2295 1679 2358 doctoribus,
1731 2291 1954 2346 tertium

370 2399 538 2454 etiam
603 2409 730 2449 cum
805 2404 1000 2447 natura
1053 2390 1383 2459 colligeret,
1449 2395 1676 2442 sanctus
1724 2383 1959 2439 Basilius

371 2486 789 2546 conclusionem
824 2485 970 2537 hanc
1004 2496 1152 2551 aegre
1189 2479 1398 2544 ferens,
1429 2477 1610 2532 media
1640 2485 1820 2530 tamen
1843 2488 1956 2527 non

373 2589 558 2653 negat,
584 2577 733 2650 quod
762 2575 980 2632 scilicet
1001 2572 1250 2644 Spiritus
1290 2579 1524 2626 sanctus
1566 2569 1768 2622 tertius
1810 2575 1960 2621 esset

378 2674 646 2746 dignitate
684 2680 741 2725 et
768 2669 1008 2732 ordine;
1053 2680 1177 2720 nam
1228 2673 1282 2719 et
1316 2663 1360 2718 si
1396 2670 1593 2717 contra
1624 2659 1957 2714 Eunomium

381 2767 648 2828 clamans,
687 2764 786 2827 ait,
811 2762 905 2832 qui
935 2775 1068 2814 vero
1106 2759 1141 2812 ii
1174 2757 1351 2812 sancti
1403 2754 1637 2820 fuerint,
1669 2764 1725 2808 et
1753 2753 1807 2807 in
1839 2753 1961 2821 qui-

379 2859 485 2914 bus
526 2871 722 2913 eorum
766 2853 1125 2910 sermonibus
1160 2850 1267 2905 hoc
1293 2849 1609 2911 docuerint,
1637 2845 1824 2901 dicere
1849 2858 1958 2898 non

382 2953 554 3006 audet
589 2967 604 3005 :
633 2965 746 3005 non
799 2949 924 3002 ideo
959 2947 1065 3000 hoc
1096 2945 1252 3007 dicit,
1282 2943 1408 3013 quia
1443 2949 1646 3011 negant
1692 2937 1960 3009 Spiritum

383 3052 636 3098 sanetum
685 3041 909 3095 tertium
963 3037 1158 3094 ordine
1211 3049 1356 3098 esse,
1393 3033 1477 3088 vel
1512 3031 1624 3087 dici
1672 3045 1702 3084 a
1733 3027 1961 3090 sanctis,

383 3131 852 3205 quemadmodum
899 3127 1074 3184 nostri
1110 3135 1259 3181 recte
1287 3133 1481 3194 putant
1528 3123 1634 3192 (sic
1667 3120 1815 3175 enim
1855 3116 1964 3172 sibi

384 3217 490 3298 ipsi
519 3227 686 3282 etiam
723 3233 779 3278 et
820 3221 1034 3277 veritati
1081 3220 1360 3274 Contraria
1391 3213 1656 3283 diceret),
1692 3211 1786 3266 sed
1819 3211 1968 3265 illius

387 3318 760 3375 temeritatem
782 3328 925 3384 agre
951 3313 1160 3377 ferens,
1183 3318 1238 3364 et
1262 3307 1672 3364 conclusionem
1712 3304 1852 3357 hanc
1879 3317 1969 3356 re-

385 3413 622 3480 pellens,
650 3407 795 3480 quod
823 3406 1035 3463 scilicet
1056 3403 1301 3474 Spiritus
1329 3410 1554 3455 sanctus
1575 3398 1769 3453 tertius
1799 3396 1966 3451 etiam

383 3513 530 3558 esset
559 3509 783 3564 natura,
817 3495 1144 3552 exclamavit
1173 3493 1392 3558 dicens;
1428 3491 1521 3561 qui
1559 3503 1694 3544 vero
1722 3489 1758 3542 ii
1794 3487 1968 3542 sancti

385 3594 614 3661 fuerint,
660 3603 718 3646 et
761 3592 815 3645 in
851 3589 1055 3660 quibus
1101 3601 1294 3642 eorum
1347 3582 1700 3639 sermonibus
1738 3580 1842 3633 hoc
1872 3580 1970 3632 do-

387 3688 630 3751 cuerint,
665 3685 851 3740 dicere
887 3697 997 3736 non
1045 3679 1242 3743 audet;
1270 3692 1379 3731 non
1414 3675 1543 3745 quia
1597 3690 1705 3728 non
1763 3672 1973 3727 fuerint

389 3781 485 3852 qui
544 3781 648 3832 hoc
705 3776 996 3839 dixerunt,
1070 3771 1169 3826 sed
1219 3769 1350 3840 quia
1393 3768 1436 3824 si
1498 3783 1690 3823 eorum
1737 3766 1976 3821 auctori-

393 3885 561 3930 tatem
621 3883 884 3941 expresse
945 3866 1267 3937 allcgasset,
1338 3862 1628 3916 manifeste
1685 3858 1974 3930 apparuis-

391 3978 478 4024 set
528 3981 636 4021 non
684 3964 930 4035 potuisse
990 3960 1133 4014 hanc
1189 3956 1482 4012 absurdam
1531 3953 1687 4024 sequi
1744 3953 1973 4008 conclu-

391 4063 610 4116 sionem
641 4073 708 4112 ex
750 4056 917 4110 dictis
949 4067 1168 4108 eorum.
1208 4049 1425 4104 Scimus
1483 4049 1691 4102 etenim
1728 4043 1875 4115 quod
1906 4059 1976 4097 ex

395 4170 506 4210 uno
531 4154 694 4207 etiam
732 4147 1024 4211 vocabulo,
1055 4144 1138 4198 vel
1177 4142 1423 4196 dictione
1482 4138 1685 4203 ablata,
1711 4134 1976 4205 superad-

394 4239 507 4300 dita
545 4245 630 4299 vel
687 4239 992 4313 proposita,
1027 4245 1140 4290 tota
1191 4231 1423 4288 intentio
1473 4238 1639 4299 atque
1701 4227 1975 4282 sententia

396 4338 682 4408 scriptoris
748 4344 1031 4399 mutatur;
1084 4341 1140 4388 et
1189 4346 1220 4385 c
1252 4339 1522 4383 converso
1551 4339 1677 4378 cum
1737 4321 1976 4376 fideliter

397 4432 687 4500 allegatur,
716 4427 863 4483 clare
891 4439 1046 4479 mens
1075 4423 1193 4494 ejus
1229 4420 1514 4492 probatur,
1553 4417 1626 4470 ita
1660 4425 1717 4468 ut
1756 4429 1867 4468 non
1907 4412 1973 4466 li-

2057 1932 2221 1984 ritum
2257 1944 2410 1996 esse;
2452 1930 2674 1984 tertium
2705 1944 2840 1982 vero
2868 1935 3066 1981 natura
3107 1933 3367 1994 tanquam
3400 1924 3630 1995 impium

2057 2025 2348 2095 repellens.
2383 2023 2526 2078 Audi
2556 2023 2763 2078 etenim
2807 2037 2929 2089 quae
2983 2021 3051 2076 ad
3079 2019 3326 2096 ejusdem
3351 2018 3631 2090 probatio-

2058 2133 2183 2172 nem
2211 2117 2344 2172 dicit
2371 2135 2383 2170 :
2416 2113 2894 2181 Quemadmodum
2921 2113 3093 2176 enim,
3121 2110 3318 2182 inquit,
3355 2111 3523 2166 Filius
3543 2128 3630 2166 or-

2058 2209 2186 2264 dine
2217 2209 2485 2278 quidcma
2516 2208 2676 2263 Patre
2700 2206 2977 2262 secundus
3001 2215 3108 2269 est,
3133 2204 3392 2275 quoniam
3421 2207 3488 2260 ab
3519 2205 3632 2260 illo:

2058 2312 2113 2357 et
2144 2301 2426 2373 dignitate,
2457 2300 2719 2371 quoniam
2749 2299 2938 2369 origo;
2981 2308 3037 2352 et
3096 2311 3263 2352 causa
3295 2296 3511 2353 essendi
3535 2297 3584 2352 ei
3608 2337 3626 2364 ,

2059 2411 2180 2452 cum
2206 2396 2326 2466 ejus
2353 2394 2512 2449 Pater
2536 2393 2608 2448 sit
2634 2409 2649 2459 ;
2685 2399 2881 2448 natura
2911 2403 3043 2446 vero
3072 2388 3223 2443 nullo
3249 2389 3413 2444 modo
3439 2404 3636 2446 secun-

2061 2486 2186 2551 dus,
2217 2485 2474 2556 quoniam
2513 2484 2568 2538 in
2603 2492 2841 2552 utroque
2878 2497 2984 2536 una
3015 2492 3100 2536 est
3130 2479 3316 2536 Deitas
3349 2496 3362 2534 :
3439 2478 3514 2534 ita
3545 2480 3633 2536 vi-

2061 2581 2262 2635 delicet
2299 2588 2354 2633 et
2394 2579 2440 2633 si
2473 2576 2739 2648 dignitate
2801 2586 2864 2631 et
2895 2574 3087 2630 ordine
3118 2572 3395 2628 secundus
3445 2587 3473 2626 a
3496 2571 3639 2628 Filio

2062 2682 2167 2735 est,
2240 2687 2346 2723 non
2383 2679 2566 2724 tamen
2618 2668 2810 2722 aliena:
2873 2667 3050 2736 ipsum
3119 2675 3331 2718 natura:
3363 2679 3480 2720 esse
3516 2664 3642 2718 inde

2065 2773 2453 2833 consequetur.
2484 2763 2581 2816 His
2629 2768 2791 2815 etiam
2835 2759 3020 2814 verbis
3056 2759 3227 2830 aliqui
3284 2759 3638 2823 addiderunt,

2065 2873 2379 2928 quanquam
2410 2853 2831 2910 concedendum
2865 2867 2974 2906 non
3005 2852 3114 2905 sit:
3149 2867 3260 2922 quo
3310 2851 3447 2906 niltil
3474 2853 3643 2922 magis

2065 2948 2403 3004 contrarium
2431 2958 2515 3002 est
2544 2944 2834 3000 intentioni
2873 2944 2934 2998 Β.
2961 2943 3171 3006 Basilii,
3197 2943 3290 3011 qui
3319 2942 3372 2996 in
3399 2940 3643 3011 Epistula

2067 3041 2134 3098 ad
2190 3040 2510 3104 canonicas,
2536 3037 2860 3094 Clarissime
2895 3035 3133 3107 Spiritus
3160 3043 3403 3102 sanctus,
3445 3033 3642 3103 inquit.

2069 3134 2215 3188 Patri
2269 3133 2488 3203 quidem
2529 3145 2585 3187 et
2644 3133 2784 3188 Filio
2839 3140 3290 3196 connumeratur,
3328 3143 3451 3186 cum
3483 3143 3647 3198 supra

2071 3240 2288 3280 omnem
2319 3235 2630 3280 creaturam
2664 3225 2769 3293 sit;
2808 3225 3002 3279 ordine
3050 3238 3182 3278 vero
3219 3221 3414 3276 tertius
3447 3230 3551 3284 est,
3587 3228 3650 3273 ut

2073 3317 2365 3388 Evangelia
2401 3332 2502 3370 nos
2525 3317 2759 3382 docent,
2804 3316 3034 3370 Domino
3064 3315 3282 3369 dicente
3311 3333 3324 3366 :
3373 3313 3566 3366 Eunus
3593 3313 3650 3365 in

2071 3411 2369 3462 universum
2405 3414 2661 3462 mundum
2709 3408 2973 3477 baptizata
3005 3407 3058 3460 in
3108 3405 3315 3457 nomine
3377 3405 3572 3465 Patris.
3597 3413 3649 3456 et

2073 3499 2216 3564 Filii,
2250 3509 2296 3553 et
2348 3498 2578 3570 Spiritus
2607 3501 2811 3555 sancti:
2846 3498 2938 3567 qui
2981 3509 3166 3552 autem
3199 3511 3326 3552 eum
3385 3495 3653 3565 prchonit

2074 3592 2232 3660 Filio,
2267 3603 2357 3648 aut
2392 3594 2736 3663 superiorem
2770 3591 2932 3646 Patre
2987 3591 3143 3658 dicit,
3198 3592 3290 3648 hic
3322 3591 3652 3647 contradicit

2079 3688 2170 3742 Dei
2197 3687 2498 3753 traditioni,
2544 3686 2759 3742 alienus
2795 3700 2927 3741 vero
2951 3700 2982 3738 a
3021 3700 3154 3740 sana
3196 3683 3300 3738 fide
3350 3694 3452 3746 est,
3488 3699 3652 3754 quam

2074 3780 2306 3850 accepit,
2344 3778 2678 3834 laudationis
2706 3779 2936 3833 formam
2964 3793 3073 3833 non
3108 3791 3380 3840 servans;
3415 3785 3472 3832 et
3531 3785 3656 3847 post

2077 3885 2248 3940 pauca
2273 3869 2487 3936 :Quarc
2511 3869 2557 3923 si
2585 3870 2709 3939 quis
2730 3869 2876 3924 hunc
2902 3868 3152 3923 ordinem
3170 3867 3458 3937 pervertit,
3484 3868 3655 3937 ipsam

2079 3978 2438 4033 personarum
2506 3962 2889 4018 exsistentiam
2926 3969 3204 4031 totamque
3267 3961 3428 4016 fidem
3477 3971 3656 4030 negat.

2078 4055 2132 4110 Si
2158 4056 2323 4124 igitur
2353 4055 2468 4110 haec
2511 4054 2680 4109 verba
2729 4053 3034 4108 hazsitantis
3062 4063 3120 4107 et
3168 4052 3470 4108 dubitantis
3516 4055 3660 4109 circa

2079 4143 2325 4201 o'rdinetu
2395 4147 2527 4212 sint,
2587 4154 2643 4200 et
2690 4146 2829 4216 ejus,
2885 4147 2978 4216 qui
3102 4161 3256 4200 suam
3329 4147 3656 4200 sententiam

2076 4239 2181 4295 sub
2248 4239 2455 4301 dubiis,
2506 4250 2561 4294 et
2645 4252 2771 4292 cum
2841 4237 3115 4303 fortassis,
3213 4248 3271 4294 ct
3343 4253 3655 4308 quanquam

2079 4333 2491 4390 eant-edendum
2551 4349 2661 4388 non
2735 4333 2808 4388 sit
2882 4331 3143 4403 proferat,
3199 4341 3351 4386 tuum
3407 4332 3479 4386 sit
3507 4333 3655 4400 judi-

2079 4427 2249 4489 cium,
2282 4435 2336 4478 et
2366 4424 2625 4488 aliorum,
2661 4423 2754 4492 qui
2785 4422 2921 4477 recti
2944 4421 3164 4491 judices
3193 4431 3343 4485 sunt,
3367 4429 3421 4474 et
3453 4421 3662 4490 aliqua-

400 4534 524 4576 ceat
554 4517 986 4590 malignantibus
1001 4515 1412 4575 conclusionem
1436 4511 1664 4573 inferre,
1691 4522 1811 4577 qua:
1842 4519 1964 4577 pra:-

2090 4528 2248 4572 tenus
2315 4517 2627 4586 intelligant
2681 4519 2788 4569 vim
2869 4517 3171 4579 rationum,
3232 4522 3290 4566 et
3347 4512 3663 4584 dogmatum

402 4615 726 4670 cedentibus
796 4627 906 4666 non
977 4609 1294 4665 conveniat.
1348 4604 1529 4672 Quare
1581 4602 1626 4658 si
1680 4598 1982 4655 Eunomius

404 4711 571 4766 etiam
619 4707 905 4778 allegasset
939 4702 1322 4758 auctoritatem
1379 4709 1724 4759 sanctorum,
1780 4709 1888 4748 non
1915 4690 1984 4745 li-

403 4804 610 4860 cuisset
637 4801 688 4855 ei
729 4795 1061 4853 concludere
1092 4794 1235 4864 quod
1280 4791 1654 4855 concluserat;
1687 4802 1812 4841 nam
1846 4797 1902 4841 et
1941 4783 1985 4838 si

407 4898 631 4954 tertium
649 4909 771 4950 esse
802 4893 1069 4962 Spiritum
1094 4899 1341 4944 sanctum
1369 4886 1624 4940 doctores
1653 4880 1984 4943 concedunt,

413 4993 634 5046 tertium
689 4998 870 5042 tamen
899 5000 1025 5039 eum
1061 4998 1184 5036 esse
1220 4991 1416 5034 natura
1474 4985 1673 5046 negant
1699 4986 1986 5043 expresse,

411 5101 586 5154 quare
618 5080 1012 5151 malignitatem
1075 5074 1196 5145 ejus
1253 5071 1536 5127 detestans
1567 5067 1737 5122 infert
1765 5085 1778 5132 ;
1813 5065 1990 5119 fuitne

414 5191 654 5247 unquam
687 5173 763 5226 ita
787 5167 1115 5226 temerarius
1138 5165 1364 5234 aliquis,
1394 5163 1489 5232 qui
1517 5161 1700 5216 divina
1738 5160 1988 5228 dogmata

415 5275 775 5344 perverteret,
810 5275 974 5332 atque
1007 5261 1338 5314 innovaret:
1371 5264 1426 5310 et
1469 5264 1620 5326 patet
1652 5251 1800 5323 quod
1835 5251 1989 5306 novi-

416 5343 582 5418 tatem
632 5360 725 5414 ltic
784 5356 1035 5411 nominat
1066 5349 1291 5406 tertium
1351 5361 1475 5401 esse
1504 5353 1699 5400 natura
1723 5343 1988 5414 Spiritum

413 5467 685 5516 sanctum,
750 5465 862 5504 non
910 5454 1093 5502 autem
1125 5442 1320 5498 ordine
1366 5450 1424 5496 ct
1466 5437 1751 5509 dignitate.
1784 5437 1992 5506 Nempe

410 5551 560 5605 enim
614 5545 857 5614 seipsum
913 5537 1242 5610 appellasset
1280 5546 1549 5588 novarum
1584 5545 1766 5586 rerum
1797 5539 1994 5583 aucto-

411 5655 550 5705 rem,
593 5647 649 5692 et
695 5635 800 5691 sibi
858 5628 1268 5702 ipsicontraria
1301 5628 1529 5681 diceret.
1562 5623 1683 5694 lpse
1726 5623 1875 5676 enim
1905 5633 1994 5676 Cet

411 5736 506 5804 qui
541 5730 816 5801 praecipue
853 5725 1015 5779 nobis
1038 5720 1266 5776 credere
1291 5717 1518 5774 tradidit
1549 5717 1817 5786 Spiritum
1862 5733 1988 5770 san-

410 5839 561 5886 ctum
589 5823 810 5878 tertium
842 5834 963 5872 esse
1019 5814 1211 5868 ordine
1245 5821 1296 5866 et
1327 5812 1607 5880 dignitate,
1632 5821 1686 5864 et
1723 5811 1863 5864 bane
1895 5828 1988 5866 au-

1445 5898 1564 5909 ...ε---
1591 5901 1594 5904 .
1631 5899 1644 5904 -
1671 5898 1728 5904 ν...

2091 4619 2399 4663 veritatem.
2466 4607 2669 4662 Deinde
2717 4622 2825 4661 non
2859 4606 3028 4677 pudet
3075 4621 3174 4661 eos
3225 4612 3388 4661 tantae
3453 4618 3669 4661 contra-

2091 4699 2301 4754 rietatis
2353 4707 2604 4754 sanctum
2659 4699 2943 4752 doctorem
3016 4713 3302 4760 accusare,
3370 4697 3481 4753 imo
3538 4713 3670 4752 vero

2091 4793 2439 4863 ignorantiae,
2461 4793 2505 4846 si
2539 4793 2704 4846 tuodo
2729 4792 2952 4862 quidem
2993 4792 3213 4846 tertium
3248 4802 3308 4845 ut
3337 4807 3446 4844 non
3477 4790 3676 4846 liceret

2091 4890 2300 4955 absque
2356 4886 2591 4940 crimine
2627 4885 2949 4955 impietatis,
2981 4894 3038 4938 et
3081 4884 3251 4938 totius
3283 4883 3408 4937 fidei
3443 4899 3672 4953 perver-

2091 4979 2303 5030 sionetn
2333 4976 2483 5030 hunc
2508 4977 2761 5030 ordinem
2798 4989 3036 5040 mutare,
3068 4975 3230 5030 modo
3262 4973 3512 5028 fortassis
3543 4991 3671 5030 eum

2091 5086 2215 5123 esse
2245 5070 2546 5124 secundum
2575 5086 2605 5124 a
2636 5070 2775 5125 Filio
2799 5069 2967 5133 dicat,
3003 5079 3057 5123 et
3096 5069 3201 5122 alia
3264 5067 3669 5138 hujuscemodi.

2102 5159 2214 5230 Ego
2252 5177 2382 5215 vero
2415 5172 2552 5216 teste
2591 5163 2703 5217 Deo
2736 5163 2910 5216 vicem
2981 5178 3175 5216 eorum
3211 5161 3304 5230 qui
3335 5161 3453 5216 haec
3517 5170 3675 5216 autu-

2095 5266 2247 5309 mant
2295 5255 2454 5308 doleo
2484 5264 2540 5309 et
2572 5270 2670 5324 pro
2703 5254 2784 5309 eis
2819 5270 2903 5308 me
2943 5254 3127 5322 pudet.
3171 5253 3226 5306 Si
3267 5270 3394 5308 vero
3428 5254 3528 5323 ipsi
3567 5267 3671 5306 non

2094 5349 2359 5412 sentiunt,
2387 5348 2585 5401 tnirum
2625 5357 2710 5402 est
2747 5349 3011 5416 profecto.
3037 5345 3193 5412 Quod
3223 5355 3407 5400 autem
3452 5359 3668 5399 omnem

2095 5455 2284 5494 eorum
2337 5438 2732 5510 impudentiam
2776 5447 3027 5502 enervat,
3057 5437 3164 5493 hoc
3196 5447 3303 5504 est,
3329 5437 3475 5508 quod
3509 5437 3564 5492 in
3595 5437 3675 5491 bis

2099 5544 2289 5588 contra
2323 5533 2656 5588 Eunomium
2698 5534 3008 5589 rationibus
3037 5534 3154 5588 suis
3183 5543 3308 5604 post
3342 5536 3514 5588 multa
3546 5549 3675 5590 con-

2101 5627 2330 5681 cludens
2356 5627 2444 5681 hic
2468 5627 2660 5681 doctor
2681 5627 2845 5681 infert
2871 5646 2884 5681 :
2909 5627 2985 5680 Ita
3004 5638 3058 5681 et
3089 5626 3326 5696 Spiritus
3349 5637 3572 5682 sanctus
3600 5629 3678 5679 di-

2098 5721 2303 5787 gnitate
2331 5719 2548 5788 quidem
2576 5729 2629 5772 et
2655 5718 2848 5773 ordine
2883 5719 3155 5773 secundus
3188 5729 3308 5788 post
3337 5717 3532 5773 Filium
3559 5729 3676 5780 est;

2100 5811 2410 5880 accepimus
2442 5813 2588 5866 enim
2611 5827 2735 5864 eum
2760 5811 2980 5865 tertium
3006 5829 3034 5864 a
3056 5813 3209 5866 Patre
3238 5821 3293 5864 et
3323 5809 3460 5865 Filio
3491 5823 3679 5865 nume-
