3990 6212
351 350 464 416 413

1270 353 1365 413 DE
1408 352 1928 413 PROCESSIONE
1972 353 2339 415 SPIRI'I‘US
2379 352 2684 415 SANCTI.

3505 358 3614 428 414

326 476 526 522 'ratum
570 466 691 535 ipso
713 466 947 520 Domino
1006 466 1061 519 in
1098 464 1402 521 traditione
1444 466 1791 536 baptismatis
1845 482 1929 523 sa-
1961 473 2001 529 Α
2032 476 2087 521 et
2122 466 2352 522 ordine:
2388 466 2555 538 igitur
2580 465 2824 537 Spiritus
2848 483 2914 523 ex
2943 470 3081 526 Filio
3110 480 3221 527 est.
3248 472 3399 539 Quod
3435 487 3620 531 autem

347 559 531 616 lutans
554 558 704 613 hunc
734 557 987 613 ordinem
1024 558 1257 614 docente
1286 573 1410 612 enm
1444 559 1647 614 dixerit
1681 575 1695 612 :
1732 558 1931 615 Euntes

346 655 633 724 baptizata,
655 662 766 707 etc.
821 650 1218 707 Animadverte
1291 652 1457 724 igitur
1521 652 1669 723 quod
1729 653 1933 725 quibus

345 746 682 815 argumentis
706 744 763 799 in
800 744 1064 814 Epistola
1109 747 1177 798 a'd
1210 744 1510 802 canonicas
1586 744 1838 800 ordinem
1873 745 1929 800 in

354 836 623 891 Trinitate
655 836 854 906 probat
882 836 1167 902 salutaris,
1194 838 1413 893 scilicet
1441 837 1790 908 baptismatis
1825 847 1931 919 tra-

344 930 574 996 ditione,
606 931 819 987 eisdem
875 932 1042 988 etiam
1103 932 1192 987 hic
1220 931 1475 988 eumdem
1532 931 1779 987 ordinem
1837 932 1933 987 de—

346 1032 657 1088 monstrat;
700 1030 758 1078 at
786 1022 845 1077 in
878 1022 1126 1093 Epistula
1163 1022 1231 1077 ad
1269 1022 1579 1078 canonicos
1610 1018 1758 1077 ianta
1804 1035 1929 1076 cum

343 1114 673 1169 certitudine
705 1113 855 1171 hunc
890 1114 1099 1172 asserit
1121 1114 1397 1181 ordinem,
1449 1123 1509 1171 ut
1544 1129 1671 1170 eum
1703 1113 1796 1183 qui
1827 1112 1930 1167 aii-

340 1215 423 1260 ter
448 1204 676 1272 diceret,
707 1206 934 1277 impium
961 1216 1261 1263 assereret.
1286 1208 1406 1274 Quo
1435 1208 1598 1279 igitur
1622 1206 1784 1262 modo
1819 1206 1930 1272 hic,

342 1296 435 1351 ubi
473 1297 683 1353 eisdem
704 1297 1047 1368 argumentis
1077 1298 1278 1356 utitur.
1307 1312 1433 1352 cum
1497 1297 1840 1352 haesitatione
1877 1305 1933 1351 et

338 1387 683 1445 dubitatione
704 1389 1063 1459 loqueretur?
1083 1404 1268 1444 verum
1293 1388 1411 1444 haec
1437 1403 1728 1459 pravorum
1753 1387 1934 1443 homi-

336 1494 497 1547 num,
532 1490 587 1535 et
622 1480 1073 1550 impiorum,non
1109 1478 1260 1534 illius
1291 1478 1627 1535 sanctissimi
1649 1478 1751 1533 viri
1778 1487 1929 1534 sunt.

340 1569 495 1626 Nulli
520 1571 705 1641 itaque
782 1569 1151 1626 dubitandum
1184 1579 1270 1625 est
1321 1570 1496 1625 sancti
1547 1570 1726 1625 Patris
1756 1570 1929 1626 nostri

352 1662 546 1719 Basilii
602 1662 744 1718 banc
774 1676 895 1719 esse
928 1662 1339 1727 auctoritatem,
1392 1659 1685 1731 Spiritum,
1721 1661 1933 1718 scilicet

337 1763 616 1820 sanctum,
666 1753 869 1809 ordine
919 1763 978 1809 et
1036 1753 1305 1825 dignitate
1367 1753 1675 1823 secundum
1728 1768 1756 1809 a
1790 1754 1929 1810 Filio

2037 558 2280 628 Spiritus
2305 569 2502 615 natura
2553 571 2639 617 est
2672 562 2867 619 ordine
2898 565 3179 622 secundus
3203 584 3232 620 a
3260 568 3421 631 Filio.
3448 580 3617 641 patet,

2035 651 2174 705 nihil
2216 653 2365 708 enim
2397 663 2484 708 est
2507 653 2559 708 in
2587 665 2778 710 sancta
2808 656 3082 716 Trinitate
3104 670 3304 729 praeter
3338 673 3613 727 naturam,

2033 756 2213 811 neque
2245 758 2345 812 per
2375 743 2634 799 accidens
2670 761 2685 811 ;
2718 757 2772 801 et
2800 763 2931 805 cave
2965 764 3034 805 ne
3061 758 3112 805 te
3145 752 3477 815 scandalizet
3503 757 3621 811 hate

2034 833 2226 901 dictio,
2263 844 2480 901 natura,
2514 852 2638 891 cum
2667 837 2931 909 Spiritum
2993 850 3188 899 natura
3236 846 3538 901 secundum
3588 865 3617 903 a

2034 923 2175 981 Filio
2199 925 2413 981 audias.
2451 926 2565 981 Non
2592 928 2739 984 enim
2780 932 3083 987 secundum
3113 942 3369 989 naturam
3417 951 3621 993 secun-

2036 1019 2169 1074 dum
2204 1017 2358 1073 illum
2389 1018 2648 1087 dicimus,
2680 1022 2990 1078 utalterins
3047 1034 3258 1081 natura:
3299 1026 3453 1081 illum
3495 1044 3618 1084 esse

2034 1110 2416 1174 ostendamus,
2451 1120 2614 1183 prout
2640 1114 2950 1171 Eunomius
2973 1116 3246 1183 faciebat;
3282 1119 3377 1175 sed
3408 1130 3619 1177 naturae

2036 1202 2275 1257 dicimus
2295 1200 2657 1258 excludentes
2689 1204 2976 1272 accidens,
3032 1216 3092 1262 et
3117 1207 3268 1277 quod
3294 1219 3495 1277 praeter
3523 1228 3619 1266 na-

2038 1303 2216 1349 turam
2252 1304 2359 1351 est.
2394 1294 2510 1351 Hoc
2544 1304 2729 1362 autem
2767 1305 3000 1352 sanctus
3034 1314 3255 1369 quoque
3280 1300 3616 1360 Athanasius

2038 1392 2317 1452 testatur;
2344 1387 2558 1455 qualem
2622 1387 2874 1442 ordinem
2926 1399 2984 1444 et
3014 1400 3264 1445 naturam
3326 1392 3493 1449 habet
3529 1394 3617 1448 Fi-

2032 1476 2141 1532 lius
2159 1478 2224 1532 ad
2244 1480 2482 1544 Patrem,
2513 1479 2676 1535 talem
2695 1480 2946 1535 ordinem
2984 1492 3040 1537 et
3079 1494 3327 1540 naturam
3348 1486 3612 1556 Spiritum

2033 1584 2252 1641 quoque
2309 1582 2556 1628 sanetum
2614 1572 2682 1627 ad
2725 1573 2923 1629 Filium
2971 1574 3173 1630 habere
3220 1575 3447 1633 docens.
3492 1578 3612 1633 Duo

2032 1659 2178 1714 enim
2208 1659 2325 1717 haec
2346 1675 2446 1730 per
2466 1661 2608 1716 hanc
2633 1663 3017 1739 auctoritatem
3041 1667 3368 1736 probantur,
3389 1677 3445 1722 et
3466 1668 3611 1739 quod

2036 1753 2230 1808 tertius
2253 1768 2282 1807 a
2307 1754 2469 1811 Patre
2489 1752 2731 1825 Spiritus
2752 1738 2976 1812 sanctus
3004 1769 3089 1814 est
3106 1760 3322 1823 ordine,
3339 1772 3397 1815 et
3419 1738 3617 1817 secun-

335 1862 486 1911 esse.
530 1814 819 1917 ipsumque
849 1859 972 1902 esse
1002 1814 1208 1899 hab—ere
1276 1842 1344 1897 ab
1367 1857 1455 1909 eo,
1502 1852 1559 1899 et
1609 1820 1677 1899 ab
1707 1858 1775 1899 eo
1805 1852 1926 1899 tan-
1962 1814 2003 1870 Β
2035 1845 2143 1901 dus
2165 1860 2197 1900 a
2232 1844 2394 1913 Filio,
2428 1814 2687 1918 quo-dque
2714 1857 2913 1904 natura
2944 1863 3027 1906 est
3054 1851 3145 1905 hic
3177 1854 3334 1909 ordo.
3362 1851 3470 1909 Sed
3501 1855 3615 1909 haec

339 1954 509 2010 quam
542 1953 759 1994 acausa
800 1935 1135 2007 dependere.
1191 1933 1347 2001 Quod
1375 1949 1502 1990 cum
1558 1935 1632 1990 ita
1679 1936 1776 2001 sit,
1803 1935 1929 2006 quis

342 2031 581 2101 amplius
606 2030 814 2101 aliquid
837 2031 979 2085 alius
1005 2028 1253 2101 quaerit?
1280 2030 1475 2087 Nonne
1506 2029 1660 2086 s'oius
1682 2028 1925 2087 Basilius

336 2120 619 2178 subiciens
652 2132 737 2176 est
758 2137 977 2177 onmem
1009 2135 1111 2177 nos
1161 2121 1364 2186 docere
1392 2122 1709 2179 veritatem?
1735 2121 1927 2179 Nonne

338 2222 552 2269 tantum
587 2223 643 2269 et
697 2213 950 2268 humanae
1007 2223 1062 2268 et
1106 2212 1308 2268 divinae
1358 2212 1642 2284 sapientia:
1693 2215 1924 2283 partici-

333 2304 511 2373 pavit,
542 2312 604 2356 ut
631 2302 799 2358 etiam
838 2302 989 2358 solus
1016 2301 1299 2359 sufﬁciens
1328 2303 1401 2359 sit
1444 2305 1545 2359 toti
1602 2319 1787 2360 causae
1822 2305 1925 2359 do-

333 2405 451 2453 ctor
509 2409 573 2450 ac
599 2394 905 2466 magister?
936 2393 1005 2450 Et
1028 2410 1342 2464 quanquam
1377 2395 1495 2451 haec
1523 2396 1745 2461 veritas,
1777 2396 1925 2467 quod

333 2485 581 2556 Spiritus
606 2496 832 2542 sanctus
862 2488 1120 2544 videlicet
1168 2489 1332 2543 etiam
1372 2503 1439 2544 ex
1475 2488 1613 2545 Filio
1651 2490 1923 2560 procedit,

334 2579 511 2641 exiis
564 2580 729 2634 etiam
786 2580 950 2634 nudis
996 2580 1161 2649 huius
1219 2579 1462 2636 doctoris
1536 2582 1720 2636 verbis
1747 2583 1922 2639 mani-

331 2669 467 2726 feste
536 2680 832 2741 appareat:
897 2685 1008 2726 non
1064 2678 1241 2726 tamen
1280 2672 1348 2727 ab
1405 2686 1464 2726 re
1495 2686 1619 2728 esse
1673 2671 1917 2744 iudicavi

333 2761 517 2830 ipsius
539 2762 658 2833 ejus
679 2762 864 2818 verbis
892 2761 1308 2833 pra'suppositis
1326 2762 1702 2835 syllogismum
1731 2780 1926 2835 quem-

332 2852 452 2908 dam
504 2854 571 2907 ad
635 2868 757 2908 eam
816 2853 1105 2909 veritatem
1141 2853 1479 2922 probandam
1513 2854 1742 2911 inferre.
1776 2856 1924 2913 Dicit

331 2945 509 3017 igitur
546 2943 747 3001 Filium
783 2944 1087 3001 secundum
1128 2960 1159 2999 a
1205 2945 1368 3000 Patre
1395 2945 1596 3001 ordine
1641 2954 1697 3000 et
1743 2946 1923 3019 digni-

326 3045 474 3100 tate;
513 3034 618 3092 boe
645 3044 827 3092 autem
855 3036 1027 3091 nostri
1053 3035 1218 3091 etiam
1250 3035 1582 3101 concedunt,
1614 3038 1710 3092 sed
1741 3039 1918 3093 anim-

2034 1934 2261 2007 quidem
2318 1951 2387 1990 ex
2420 1937 2848 1994 auctoritatibus
2902 1941 3079 1996 sancti
3107 1941 3295 1997 Basilii
3355 1944 3477 1999 luce
3504 1944 3615 2000 cia-

2032 2026 2149 2087 rins
2185 2028 2415 2098 probata
2441 2038 2593 2096 sunt,
2625 2046 2749 2101 quae
2779 2031 2947 2104 longo
2970 2048 3227 2089 sermone
3256 2034 3386 2090 data
3437 2052 3604 2107 opera

2030 2119 2297 2189 exposui;
2335 2134 2463 2176 cum
2494 2136 2602 2177 non
2650 2138 2819 2192 parva
2857 2139 2960 2181 nos
3007 2124 3138 2182 inde
3189 2135 3455 2201 sequatur
3505 2127 3615 2181 uti-

2026 2208 2176 2275 litas,
2209 2210 2319 2269 imo
2352 2227 2485 2267 vero
2556 2222 2730 2269 totum
2764 2215 2878 2270 bare
2915 2216 3029 2273 sola
3054 2216 3223 2272 verba
3255 2219 3485 2288 possint.
3523 2218 3612 2275 Si-

2029 2301 2254 2373 quidem
2299 2302 2451 2358 solus
2478 2304 2710 2360 Basilius
2740 2305 3021 2362 sutliciens
3054 2316 3138 2362 est
3180 2308 3249 2363 ad
3297 2308 3606 2365 docendum

2030 2406 2128 2447 nos
2147 2392 2271 2450 lidei
2292 2393 2732 2453 veritatem.Jam
2767 2412 2896 2452 vero
2919 2398 2986 2454 ad
3011 2398 3282 2467 promissa
3309 2414 3395 2454 me
3426 2410 3609 2457 trans-

2026 2471 2220 2544 t'e'ram,
2239 2496 2294 2538 et
2321 2497 2538 2539 omnem
2558 2485 2656 2540 tibi
2685 2502 3002 2555 processum
3023 2487 3162 2542 sacri
3187 2489 3407 2544 concilii
3429 2490 3611 2545 brevi-

2028 2580 2110 2628 ter
2150 2576 2418 2645 narrabo;
2456 2577 2652 2635 deinde
2690 2579 2900 2651 aliquas
2927 2580 3423 2639 demonstrationes
3446 2583 3608 2654 hujus

2032 2666 2279 2722 veritatis
2333 2668 2387 2723 in
2424 2668 2664 2726 medium
2707 2671 2955 2737 alierum,
2983 2681 3038 2727 et
3080 2673 3161 2729 sic
3189 2674 3352 2730 linem
3383 2675 3606 2732 faciam.

2106 2757 2365 2814 Narratio
2390 2777 2574 2815 eorum
2605 2778 2719 2832 qua'
2749 2764 2804 2818 in
2838 2762 3060 2818 concilio
3090 2764 3242 2835 facta
3297 2766 3535 2836 fuerunt.

2098 2849 2188 2904 Illa
2222 2852 2409 2923 igitur,
2433 2853 2499 2908 de
2523 2854 2727 2924 quibus
2759 2855 3045 2921 Ferrariai,
3079 2858 3172 2915 ubi
3206 2867 3264 2914 ut
3294 2870 3481 2916 notum
3510 2878 3606 2916 vo-

2024 2940 2110 2997 bis
2137 2952 2239 3007 est,
2260 2946 2438 3014 primo
2458 2946 2794 3016 appulimus,
2813 2957 2939 3003 ante
2958 2948 3359 3007 inchoationem
3382 2956 3604 3013 concilii

2025 3032 2285 3115 privatim
2345 3034 2775 3105 disputavimus,
2838 3048 3097 3107 tanquam
3147 3055 3255 3095 non
3294 3046 3601 3099 necessaria

325 3126 562 3209 adverte
590 3141 825 3198 quonam
879 3125 1042 3181 modo
1085 3126 1360 3183 secundus
1387 3141 1415 3179 a
1459 3126 1621 3181 Patre
1654 3127 1726 3182 sit
1751 3127 1923 3183 Filius
1949 3166 1991 3221 ε
2025 3126 2296 3189 omittam,
2321 3140 2444 3180 eum
2472 3128 2637 3183 etiam
2661 3129 2820 3185 nobis
2844 3131 2932 3185 illa
2956 3134 3165 3189 terendi
3200 3137 3460 3206 temporis
3481 3156 3604 3209 gra-

326 3221 528 3289 ‘ordine
560 3229 618 3276 et
665 3220 931 3292 dignitate
962 3236 977 3274 :
1032 3218 1174 3276 idem
1226 3220 1375 3274 enim
1414 3218 1599 3284 infert,
1630 3226 1918 3291 propterea

334 3315 471 3381 quod
520 3309 598 3365 ab
629 3324 695 3366 eo
724 3321 829 3376 est,
875 3319 931 3366 et
969 3310 1096 3380 quia
1127 3309 1462 3380 principium
1519 3318 1575 3364 et
1612 3324 1774 3366 causa
1803 3312 1922 3383 ejus

328 3384 418 3457 est
457 3404 651 3458 Pater.
683 3386 862 3469 Quare
891 3403 1036 3473 quod
1072 3403 1125 3457 in
1174 3401 1380 3457 divinis
1429 3403 1682 3471 personis
1720 3417 1920 3458 secun-

333 3494 460 3550 dum
479 3494 684 3550 ordine
706 3493 1038 3564 etdignitate
1062 3494 1129 3547 ab
1142 3494 1326 3564 aliquo
1348 3502 1453 3557 est,
1475 3492 1599 3547 ideo
1617 3493 1918 3549 secundum

333 3584 399 3640 ab
428 3587 525 3642 illo
557 3584 798 3656 est,quia
819 3595 902 3641 est
927 3585 996 3639 ab
1029 3585 1143 3640 illo.
1170 3585 1297 3640 llaec
1336 3600 1470 3640 vero
1496 3584 1548 3640 in
1576 3585 1919 3640 naturalibus

331 3680 490 3735 etiam
531 3678 707 3734 rebus
750 3677 1095 3732 manifestum
1131 3688 1236 3734 est.
1271 3677 1446 3733 Omne
1484 3678 1631 3734 enim
1664 3678 1809 3748 quod
1841 3680 1913 3735 ab

333 3772 517 3841 aliquo
554 3778 753 3825 natura
782 3770 1081 3824 secundum
1122 3778 1225 3832 est,
1275 3770 1440 3825 etiam
1472 3762 1545 3825 ab
1591 3786 1658 3825 eo
1719 3779 1837 3825 est:
1868 3772 1913 3825 si

331 3864 450 3932 quis
486 3863 641 3917 dicat
683 3862 919 3917 calorem
955 3861 1184 3931 produci
1249 3880 1276 3915 a
1325 3864 1439 3917 sole
1469 3862 1627 3933 prius
1674 3863 1912 3929 radium,

332 3970 439 4010 non
502 3966 692 4010 tamen
741 3954 979 4010 calorem
1007 3954 1235 4025 produci
1274 3936 1325 4009 ἐί
1377 3954 1555 4021 radio,
1594 3970 1912 4025 quanquam

332 4046 401 4102 sit
426 4059 629 4100 natura
673 4044 949 4100 secundus
992 4054 1119 4114 post
1150 4043 1385 4110 radium,
1415 4046 1796 4115 respondetur,
1854 4046 1911 4100 in

330 4135 609 4192 creaturis
645 4134 891 4206 quidem,
929 4136 1076 4206 quod
1110 4145 1301 4190 natura
1334 4136 1637 4191 secundum
1683 4137 1912 4194 alterius

331 4226 398 4283 ab
430 4242 499 4283 eo
545 4241 691 4293 esse,
714 4226 801 4282 vel
830 4237 1089 4295 tanquam
1115 4240 1145 4281 a
1175 4241 1338 4282 eausa
1362 4226 1638 4294 ell‘ectiva,
1672 4230 1755 4284 vel
1792 4240 1912 4284 tan-

331 4333 491 4387 quam
524 4335 559 4373 a
610 4334 799 4384 causa,
854 4319 973 4374 sine
1014 4331 1124 4389 qua
1168 4335 1303 4386 non,
1340 4319 1476 4374 utin
1500 4321 1754 4391 exemplo
1781 4337 1911 4392 pro-

330 4410 547 4479 ducto;
581 4408 636 4463 in
666 4409 776 4465 Deo
802 4425 925 4465 cum
983 4426 1091 4466 non
1146 4412 1301 4480 prius
1353 4419 1596 4482 tempore
1647 4415 1910 4483 procedat

2029 3217 2100 3271 tia
2138 3220 2350 3289 porius,
2385 3232 2441 3277 et
2502 3223 2625 3279 illos
2652 3228 3028 3295 exspectandi,
3059 3230 3153 3300 qui
3197 3233 3415 3288 venturi
3444 3246 3602 3289 erant

2022 3310 2088 3365 ad
2114 3313 2435 3382 concilium,
2460 3320 2750 3387 proposita
2783 3319 3010 3384 fuerint,
3037 3339 3199 3392 quam
3234 3327 3379 3393 quod
3409 3343 3599 3383 neces-

2005 3402 2167 3456 saria
2200 3412 2406 3460 essent.
2452 3407 2722 3476 Tempore
2754 3425 2885 3464 vero
2926 3411 3251 3468 adveniente
3290 3416 3469 3470 visum
3514 3430 3599 3472 est

2021 3495 2229 3549 nostris
2259 3496 2314 3550 in
2340 3499 2474 3552 duas
2499 3510 2688 3569 partes
2716 3502 3049 3573 propositam
3074 3508 3431 3574 quaestionem
3459 3504 3598 3563 divi-

2020 3586 2151 3641 dere
2178 3604 2192 3641 :
2219 3604 2405 3647 unam.
2436 3592 2582 3660 quod
2618 3608 2719 3648 nec
2752 3594 2923 3665 ipsum
2954 3598 3121 3651 etiam
3154 3599 3437 3654 veritatem
3470 3601 3598 3657 lico-

2020 3689 2103 3733 ret
2133 3679 2334 3736 addere
2362 3681 2620 3755 Symbolo
2647 3687 2868 3743 Patrum
2901 3708 2914 3744 :
2945 3690 3192 3754 alteram,
3219 3693 3365 3763 quod
3395 3711 3496 3751 nec
3524 3700 3595 3752 sit

2020 3784 2206 3824 verum
2241 3771 2507 3841 Spiritum
2551 3788 2801 3833 sanctum
2832 3796 2898 3835 ex
2926 3781 3090 3838 Patre
3144 3778 3400 3855 Filioque
3457 3803 3585 3857 pro-

2018 3861 2231 3917 cedere.
2260 3863 2329 3919 Et
2356 3881 2479 3920 cum
2519 3868 2621 3923 hoc
2650 3870 2968 3939 placuisset.
2990 3875 3210 3930 demum
3241 3870 3592 3947 quaerebatur

2016 3968 2256 4022 quonam
2318 3956 2694 4026 incipiendum
2746 3970 2915 4026 esset,
2951 3975 3007 4019 et
3034 3968 3315 4024 communi
3355 3969 3587 4024 aliorum

2016 4046 2287 4101 sententia
2324 4047 2504 4103 visum
2538 4046 2644 4105 t'nit
2672 4049 2801 4106 inde
2840 4052 3084 4123 incipere
3114 4073 3129 4114 :
3169 4058 3313 4127 quod
3341 4059 3477 4115 nihil
3516 4062 3589 4116 sit

2014 4139 2328 4195 addendum
2361 4140 2640 4213 Symbolo,
2669 4161 2978 4217 quanquam
3005 4149 3121 4220 ipse
3143 4151 3427 4207 manifeste
3458 4170 3593 4209 eon-

2016 4231 2379 4287 tradlcebam.
2441 4234 2673 4290 Aiebam
2739 4239 2886 4294 enim
2930 4250 3026 4294 aut
3079 4242 3422 4311 probabilius
3481 4246 3589 4302 hoc

2020 4319 2196 4377 altero
2255 4338 2401 4387 esse,
2456 4334 2550 4380 aut
2595 4343 2627 4381 e
2682 4338 2912 4384 contra:
2954 4340 3009 4384 et
3070 4332 3343 4403 siquidem
3405 4335 3592 4390 minus

2015 4413 2300 4483 probabile
2326 4426 2494 4480 esset,
2528 4434 2640 4472 non
2665 4418 2862 4475 decere
2879 4437 2907 4474 a
2929 4422 3294 4481 debilioribus
3317 4426 3584 4497 incipere,

328 4514 359 4555 ι
422 4499 591 4555 Patre
654 4498 844 4565 Filius,
886 4516 1048 4571 quam
1106 4498 1364 4571 Spiritus,
1426 4502 1471 4556 si
1528 4502 1770 4573 Spiritus
1820 4514 1903 4560 est
1935 4521 1981 4579 υ
2011 4508 2084 4563 ita
2116 4517 2174 4563 ut
2205 4510 2376 4565 victos
2409 4521 2463 4565 et
2510 4511 2824 4583 proﬂigatos
2857 4529 2981 4568 .nos
3039 4515 3093 4570 in
3162 4519 3345 4588 primo
3401 4534 3580 4577 certa-

328 4601 526 4646 natura
562 4592 841 4646 secundus
871 4589 1034 4659 Filio,
1067 4601 1284 4662 oportet
1311 4593 1455 4665 quod
1490 4595 1559 4649 ab
1595 4610 1660 4650 eo
1683 4597 1753 4651 sit
1781 4605 1904 4650 tan-

329 4697 491 4754 quam
521 4698 732 4739 acausa
764 4683 1016 4740 eﬂ'ectiva
1045 4699 1060 4739 :
1094 4685 1365 4742 sumimus
1395 4696 1577 4741 autem
1609 4686 1719 4752 hic,
1745 4696 1802 4743 et
1850 4688 1907 4744 in

330 4782 445 4829 toto
478 4774 584 4829 hoc
601 4788 767 4844 opere
790 4789 1010 4831 causam
1037 4790 1139 4846 pro
1162 4776 1501 4845 producente
1530 4792 1682 4833 more
1712 4779 1906 4834 docto-

332 4880 450 4919 rum
468 4864 805 4920 Graecorum.
825 4866 895 4921 At
915 4865 1180 4937 Spiritum
1198 4883 1417 4938 quoque
1443 4879 1692 4926 sanctum
1711 4871 1905 4926 ordine

326 4966 382 5012 et
399 4955 667 5029 dignitate
695 4959 996 5014 secundum
1019 4975 1049 5013 a
1066 4957 1208 5014 Filio
1235 4958 1379 5015 idem
1407 4960 1516 5028 ait;
1543 4961 1690 5033 quod
1720 4971 1901 5020 autem

333 5060 443 5101 non
466 5049 623 5118 quasi
646 5048 929 5114 dubitans,
953 5057 1015 5104 ut
1040 5048 1263 5120 quidem
1291 5053 1588 5118 somniant,
1630 5052 1741 5107 imo
1769 5069 1902 5109 vero

333 5150 491 5194 certo
531 5148 724 5197 tenens
760 5141 817 5196 in
868 5141 1098 5212 epistola
1130 5140 1200 5195 ad
1228 5142 1523 5198 canonicas
1550 5144 1696 5199 clare
1747 5144 1901 5199 vide-

330 5235 438 5280 tur.
471 5226 550 5283 Ex
580 5230 648 5285 iis
680 5230 842 5297 igitur
873 5229 978 5285 tale
1002 5231 1073 5285 sit
1102 5231 1729 5302 argumentum.0mne,
1751 5235 1899 5304 quod

328 5316 382 5371 in
422 5318 623 5376 divinis
654 5323 903 5390 personis
932 5322 1042 5378 alio
1074 5325 1378 5378 secundum
1414 5333 1521 5389 est,
1575 5326 1644 5379 ab
1670 5342 1736 5381 eo
1771 5338 1854 5383 est
1883 5346 1898 5383 :

331 5409 573 5479 Spiritus
586 5426 716 5468 vero
738 5422 962 5469 sanctus
980 5415 1259 5470 secundus
1284 5430 1315 5471 a
1346 5414 1485 5472 Filio
1509 5425 1593 5471 est
1632 5435 1645 5472 :
1675 5418 1843 5490 igitur
1868 5434 1900 5474 a

330 5497 470 5555 Filio
502 5513 605 5558 est.
636 5503 793 5569 Quod
821 5506 867 5561 si
892 5503 1132 5564 volueris
1164 5509 1337 5579 magis
1372 5512 1709 5580 generaliter
1731 5525 1897 5583 argu-

331 5594 582 5662 mentari,
616 5595 672 5650 in
703 5595 851 5653 hunc
873 5594 1093 5654 modum
1117 5600 1220 5655 tibi
1240 5600 1539 5657 dicendum
1562 5612 1645 5658 est
1665 5622 1677 5657 :
1701 5604 1895 5671 Omne,

330 5683 473 5750 quod
500 5683 567 5740 ab
592 5696 785 5743 natura
829 5692 1129 5746 secundum
1203 5692 1392 5764 aliquo
1447 5704 1556 5759 est,
1586 5700 1653 5751 ab
1696 5712 1764 5752 eo
1787 5707 1893 5755 est.

321 5774 566 5846 Spiritus
590 5790 716 5837 vero
743 5793 937 5841 natura
961 5785 1235 5844 secundus
1267 5794 1352 5843 est
1382 5804 1410 5844 a
1438 5785 1599 5859 Filio,
1632 5789 1895 5862 dignitate

2010 4602 2160 4659 mine
2198 4603 2530 4658 deterritos:
2561 4604 2764 4660 deinde
2792 4611 3098 4662 secundum
3132 4610 3344 4676 subire,
3378 4628 3446 4670 ne
3469 4615 3580 4669 for-

2010 4695 2170 4749 tassis
2204 4695 2393 4752 istbaec
2426 4695 2738 4769 proﬂigatio
2764 4700 2929 4755 etiam
2964 4713 3019 4756 ut
3044 4708 3341 4760 secundam
3365 4718 3574 4778 partem

2007 4786 2365 4856 perderemus
2410 4804 2575 4843 causa
2615 4791 2789 4845 fieret.
2857 4792 3012 4859 Quod
3067 4795 3115 4849 si
3150 4798 3575 4865 probabiliorem

2004 4878 2152 4932 illam
2178 4886 2388 4949 partem
2420 4890 2761 4951 putaremus,
2816 4894 3070 4953 Oportere
3122 4901 3242 4942 eam
3302 4893 3577 4959 posterio-

2005 4985 2123 5025 rem
2151 4986 2393 5028 servare.
2421 4970 2478 5029 Si
2519 4975 2666 5029 enim
2696 4975 2750 5030 in
2783 4978 2957 5047 prima
2990 4983 3296 5049 quastione
3332 4983 3580 5039 vincere«

2005 5077 2147 5128 mus,
2166 5062 2330 5118 etiam
2352 5064 2652 5120 secundam
2677 5064 2891 5123 fortiori
2913 5072 3098 5126 animo
3119 5072 3572 5144 aggrederentur;

2004 5156 2151 5224 quod
2181 5154 2225 5210 si
2264 5156 2497 5226 primam
2523 5159 2899 5229 perderemus,
2955 5161 3103 5217 illam
3141 5164 3417 5233 videlicet,
3454 5184 3577 5239 quae

2006 5242 2270 5315 Spiritum
2326 5259 2581 5304 sanctum
2615 5251 2782 5305 etiam
2819 5268 2848 5307 a
2882 5248 3023 5308 Filio
3065 5256 3365 5324 procedere
3398 5263 3576 5333 ponit,

2003 5343 2137 5391 tunc
2166 5338 2359 5393 saltem
2385 5340 2439 5395 in
2472 5343 2713 5397 secunda
2737 5342 3115 5415 vinceremus;
3156 5363 3337 5419 neque
3397 5349 3571 5420 ipsam

2001 5428 2285 5485 veritatem
2316 5420 2482 5486 licere
2514 5434 2716 5490 addere
2746 5436 3121 5495 ostendentes.
3154 5440 3423 5500 Praeterea
3444 5460 3571 5501 cum

2002 5520 2058 5575 in
2123 5532 2321 5579 natura
2368 5525 2532 5579 etiam
2586 5527 2733 5597 quod
2781 5527 2899 5584 ﬁeri
2930 5544 3028 5600 per
3076 5534 3334 5601 pauciora
3363 5546 3570 5607 potest,

2000 5629 2111 5669 non
2139 5612 2196 5669 iit
2223 5630 2319 5686 per
2352 5617 2546 5687 plura:
2578 5619 2780 5676 frustra
2812 5623 2961 5677 enim
2997 5633 3165 5689 esset,
3207 5625 3412 5681 frustra
3440 5643 3573 5683 vero

2000 5720 2104 5760 nec
2160 5704 2323 5774 Deus,
2356 5723 2457 5764 nec
2510 5720 2705 5766 natura
2750 5710 2881 5768 facit
2919 5730 2934 5780 ;
2983 5712 3115 5770 illud
3156 5710 3576 5788 proponendum

2002 5796 2246 5854 dicebam
2273 5808 2327 5853 et
2363 5797 2429 5855 de
2456 5800 2549 5856 illo
2573 5803 2808 5872 primum
2841 5804 3253 5877 disputandum,
3273 5820 3398 5881 post
3427 5810 3578 5881 quod
