3990 6212
371 378 472 442 413

1330 379 1839 440 BESSAIHONIS
1869 383 1926 444 S.
1971 381 2043 440 Ii.
2082 380 2152 443 E.
2182 380 2653 443 CARDINALIS

3518 380 3620 443 416

371 488 529 547 alteri
571 503 678 544 non
754 488 1083 557 relinquitur
1177 490 1347 545 locus.
1408 492 1463 546 Si
1551 493 1717 563 igitur
1772 495 1950 563 ipsum
1979 498 2030 556 Î‘
2058 507 2178 547 mus
2208 495 2506 549 secundum
2535 495 2937 550 (ecumenicum
2980 496 3276 551 concilium
3301 494 3621 567 Symbolum

371 584 569 652 dagma
614 580 807 634 falsum
863 594 983 633 esse
1033 579 1411 648 probaremus.
1445 582 1575 637 illud
1607 584 1809 639 addere
1840 599 1949 637 non

373 675 538 729 licere
567 672 914 726 manifestum
960 680 1124 733 esset,
1160 687 1259 726 nec
1282 673 1625 740 probandum
1648 682 1813 733 esset.
1839 689 1946 727 non

374 766 539 819 licere
598 764 730 818 illud
785 765 1009 817 addere.
1052 768 1231 827 Quare
1262 780 1371 818 uno
1403 766 1705 819 certamine
1769 773 1946 819 totum

376 858 739 925 perliciemus,
762 854 1055 915 aiebam,si
1080 854 1410 923 incipiemus
1438 870 1466 907 a
1487 855 1759 925 dogmate,
1788 857 1948 911 etiam

376 951 509 1006 illud
552 950 749 1003 falsum
787 962 911 1002 esse
961 948 1194 1016 probare
1229 948 1555 1017 poterimus.
1584 947 1739 1014 Quod
1766 958 1949 1003 autem

382 1059 483 1097 nec
518 1045 689 1111 ipsam
719 1042 1008 1095 veritatem
1045 1040 1235 1094 liceret
1261 1041 1464 1094 addere
1491 1042 1745 1109 probato,
1783 1049 1955 1095 resta-

377 1135 457 1189 bit
509 1135 691 1188 adhuc
723 1133 901 1202 ipsum
944 1133 1138 1201 dogma
1177 1146 1444 1186 verumne
1514 1148 1584 1185 an
1650 1131 1846 1198 falsum
1883 1133 1955 1187 sit

376 1228 628 1297 probare.
662 1225 785 1279 ilzec
809 1235 989 1278 autem
1019 1240 1142 1277 cum
1163 1224 1356 1278 dicens
1386 1225 1719 1294 persuadere
1748 1224 1953 1279 nostris

377 1336 485 1372 non
525 1320 850 1388 potuissem.
886 1318 1098 1372 scilicet
1126 1318 1193 1371 de
1234 1317 1328 1371 illo
1380 1318 1559 1388 primo
1603 1318 1803 1372 vellent
1832 1334 1953 1371 om-

380 1415 512 1468 nino
560 1413 842 1480 disputare
884 1427 897 1476 ;
943 1420 1229 1481 propterea
1277 1413 1420 1480 quod
1483 1404 1750 1477 putabant
1814 1412 1956 1465 hanc

378 1504 803 1576 probabiliorem
840 1514 1071 1572 partem,
1109 1505 1301 1558 volens
1363 1518 1457 1557 eos
1488 1502 1767 1557 dehortari
1801 1522 1814 1557 :
1843 1504 1952 1558 dixi

382 1600 433 1650 in
465 1597 803 1652 contrarium
839 1606 1080 1664 quatuor
1120 1595 1363 1649 rationes
1390 1595 1656 1650 duntaxat
1686 1604 1956 1663 praesente

379 1687 788 1756 sapientissimo
810 1688 1140 1753 imperatore
1175 1692 1385 1749 nostro,
1410 1699 1548 1753 quas
1575 1682 1753 1736 Latini
1786 1683 1952 1737 etiam

381 1791 568 1850 postea
636 1779 1006 1843 adduxerunt,
1065 1792 1311 1846 quasque
1368 1777 1514 1830 inter
1569 1776 1814 1830 rationes
1856 1791 1955 1845 per

381 1875 614 1929 Latinos
676 1873 929 1927 inductas
983 1871 1206 1937 audies;
1260 1869 1463 1939 quibus
1520 1869 1819 1939 probabam
1901 1878 1959 1923 et

384 1968 549 2036 hujus
582 1967 661 2019 rei
688 1965 1007 2025 falsitatem,
1044 1971 1100 2016 et
1131 1961 1276 2028 quod
1327 1960 1623 2014 ridiculum
1666 1961 1738 2014 sit
1768 1968 1961 2030 putare

381 2059 670 2112 veritatem
730 2072 836 2109 non
896 2054 1061 2109 licere
1110 2053 1354 2108 addere:
1387 2067 1526 2123 quas
1586 2061 1641 2105 et
1676 2053 1722 2107 si
1775 2052 1960 2105 nullus

382 2149 733 2220 praesentium
766 2147 976 2203 solvere
996 2147 1260 2216 potuerit,
1301 2145 1447 2215 quod
1478 2154 1659 2198 tamen
1682 2144 1957 2208 volebant,

383 2242 488 2295 hoc
539 2248 878 2304 statuerunt,
914 2248 969 2293 et
1028 2252 1129 2307 ego
1193 2238 1492 2307 sequebar,
1526 2237 1711 2291 dicere
1738 2235 1961 2306 quidem

378 2348 502 2401 qua:
533 2333 859 2401 expedirent
886 2328 1122 2394 nationi,
1152 2339 1208 2383 et
1242 2330 1436 2383 honori
1467 2330 1610 2398 ejus,
1639 2336 1837 2398 putans
1875 2342 1962 2382 me

378 2426 586 2481 debere
614 2427 721 2479 Deo
748 2432 802 2479 et
842 2425 945 2493 ipsi
999 2424 1230 2488 nationi,
1288 2422 1488 2477 deinde
1534 2436 1667 2477 vero
1699 2422 1962 2493 majorem

378 2530 589 2591 partem
651 2519 811 2589 sequi
876 2527 934 2573 et
985 2532 1095 2572 una
1134 2532 1258 2571 cum
1292 2515 1375 2570 eis
1420 2524 1701 2570 certamen
1747 2514 1958 2569 subire.

380 2613 728 2683 Sequebatur
779 2612 946 2666 etiam
1006 2608 1399 2665 serenissimus
1450 2608 1768 2676 imperator,
1832 2606 1964 2660 licet

377 2706 429 2759 ei
464 2722 573 2760 non
606 2705 846 2775 placeret
900 2705 1004 2758 hoc
1057 2702 1372 2763 consilium,
1429 2700 1638 2753 veritus
1670 2709 1849 2753 tamen
1893 2713 1962 2753 ne

378 2797 507 2868 quis
538 2796 910 2867 ignorantium
943 2809 1069 2849 eum
1111 2801 1328 2862 putaret
1356 2790 1463 2843 vim
1489 2790 1726 2859 aliquam
1754 2788 1836 2843 eis
1884 2789 1963 2841 in-

377 2890 543 2946 ferre.
570 2889 883 2960 lncepimns
915 2887 1080 2957 igitur
1133 2901 1257 2939 cuni
1276 2882 1482 2937 Latinis
1505 2882 1806 2953 disputare,
1831 2895 1962 2950 pro-

377 2983 513 3039 bare
529 2982 774 3037 volentes
802 2978 958 3039 nihil.
985 2992 1084 3032 nec
1111 2977 1282 3046 ipsam
1305 2976 1586 3028 veritatem
1616 2975 1781 3028 licere
1807 2972 1965 3044 Sym-

376 3074 507 3131 bolo
532 3075 750 3129 Patrum
779 3072 1016 3134 addere;
1041 3075 1155 3121 tota
1182 3080 1314 3121 vero
1332 3065 1412 3118 vis
1439 3075 1621 3118 nostra
1646 3065 1699 3117 in
1730 3063 1965 3119 decretis

2051 583 2328 638 Nicaennm
2361 585 2414 641 in
2448 585 2701 655 plurimis
2737 594 2977 641 mutasse
3036 586 3239 657 partim
3301 586 3627 649 auferendo,

2055 676 2248 742 partim
2283 676 2557 738 addendo,
2593 692 2701 730 non
2739 676 3145 731 licebatdicere
3169 686 3295 731 ante
3323 678 3629 732 secundum

2052 768 2349 822 concilium
2382 769 2523 823 hanc
2557 770 2947 824 inbibitionem
3000 770 3195 824 factam
3231 770 3445 836 fuisse;
3485 769 3634 839 ipsos

2053 860 2256 914 etenim
2290 870 2508 915 sanctos
2542 861 2731 916 Patres
2763 861 2991 917 secundi
3016 861 3233 917 concilii
3265 860 3629 916 anathematis

2055 966 2179 1006 reos
2241 952 2571 1009 fecissemus
2602 995 2616 1017 ,
2662 954 2755 1024 qui
2790 955 2990 1024 partim
3042 953 3397 1017 addiderunt,
3434 954 3626 1022 partim

2054 1042 2435 1100 diminuerunt
2508 1047 2731 1102 Nicasno
2813 1046 3094 1118 Symbolo.
3179 1044 3275 1101 His
3343 1045 3510 1115 igitur
3562 1046 3630 1097 ita

2056 1134 2373 1201 declaratis,
2417 1138 2704 1193 considera
2759 1154 2881 1209 qua:
2911 1153 2977 1193 ex
3022 1138 3092 1193 iis
3158 1154 3279 1208 qua:
3321 1136 3633 1206 Ephesinus

2054 1229 2441 1297 pr0positurus
2456 1240 2595 1297 erat,
2622 1231 3061 1285 inconvenientia
3085 1231 3475 1299 sequebantur.
3495 1229 3633 1283 Cum

2054 1321 2202 1373 enim
2234 1331 2459 1375 sanctus
2484 1323 2798 1391 Apostolus,
2829 1323 3021 1377 beatus
3077 1338 3303 1392 quoque
3338 1320 3633 1391 Dionysius

2058 1414 2229 1468 multo
2253 1426 2378 1468 ante
2395 1431 2500 1470 non
2530 1418 2708 1471 solum
2737 1414 3056 1480 secundam,
3084 1415 3179 1469 sed
3210 1416 3374 1469 etiam
3398 1414 3631 1483 primam

2057 1509 2326 1578 synodum
2384 1508 2608 1571 fuerint,
2666 1508 2712 1562 si
2753 1524 2832 1563 eae
2865 1508 3224 1563 auctoritates
3251 1507 3420 1575 ipsam
3467 1504 3635 1559 etiam

2056 1600 2347 1656 veritatem
2377 1601 2650 1666 inhibent,
2675 1616 2745 1655 ne
2772 1601 2895 1668 quis
2925 1615 3047 1655 eam
3080 1598 3165 1654 vel
3191 1597 3408 1660 doceat,
3434 1597 3517 1649 vel
3536 1595 3634 1647 ad-

2062 1690 2157 1746 dat
2192 1691 2458 1763 Symbolo
2506 1692 2609 1747 sub
2642 1690 3017 1757 anathemate,
3056 1700 3111 1745 et
3137 1687 3367 1745 secundi
3415 1686 3633 1743 concilii

2059 1785 2252 1839 Patres
2273 1792 2482 1849 essent,
2508 1785 2602 1854 qui
2627 1794 2705 1839 tot
2738 1784 3113 1838 additionibus
3139 1790 3192 1836 et
3235 1779 3637 1835 minutionibus

2062 1876 2260 1931 Nicani
2282 1877 2508 1932 concilii
2538 1876 2856 1949 Symbolum
2884 1876 3209 1940 alterarunt,
3233 1874 3406 1943 etipsi
3432 1872 3635 1927 Nictcni

2059 1970 2276 2026 concilii
2312 1969 2521 2034 Patres,
2557 1970 2649 2039 qui
2703 1984 2815 2039 quo
2844 1977 2971 2023 ante
3004 1981 3101 2022 eos
3142 1965 3403 2021 Ecclesiae
3443 1964 3633 2018 uteba-

2064 2071 2154 2116 tur
2212 2059 2536 2132 Symbolum
2578 2060 2856 2130 plerisque
2907 2059 2964 2113 in
3017 2057 3269 2128 partibus
3301 2057 3424 2127 ejus
3454 2065 3636 2110 muta-

2061 2158 2217 2206 runt.
2285 2151 2342 2207 Si
2392 2160 2574 2206 autem
2608 2152 2723 2207 haec
2763 2150 2950 2220 opinio
2970 2165 3072 2205 nec
3094 2149 3381 2220 cogitanda
3413 2150 3634 2219 quidem

2063 2252 2320 2313 tanquam
2377 2244 2541 2313 impia
2592 2245 2681 2307 sit,
2736 2251 2904 2312 patet,
2962 2243 3109 2312 quod
3162 2243 3249 2296 illa
3296 2242 3554 2305 inhibuit,
3580 2250 3638 2295 et

2061 2333 2386 2403 Apostolus,
2421 2343 2478 2389 et
2502 2334 2795 2404 Dionysius
2823 2333 3041 2394 docere,
3081 2346 3297 2402 sapere,
3361 2329 3637 2401 evangeliâ€”

2064 2442 2217 2489 zare,
2252 2437 2307 2482 et
2330 2427 2575 2497 cogitare
2599 2442 2719 2496 quae
2745 2425 2876 2480 falsa
2929 2426 3164 2495 ï¬deique
3192 2423 3473 2479 catholica:
3503 2438 3637 2478 con-

2065 2518 2230 2573 traria
2260 2527 2389 2573 sunt
2416 2536 2430 2582 ;
2461 2519 2603 2587 quod
2630 2519 2675 2573 si
2706 2518 2840 2573 falsa
2866 2518 3103 2582 inhibet,
3123 2534 3223 2572 nos
3246 2530 3424 2574 autem
3442 2532 3637 2572 eorum

2064 2613 2422 2665 auctoritates
2457 2622 2715 2681 tanquam
2743 2612 3144 2680 aeottit'alentes
3178 2612 3416 2667 decretis
3446 2610 3641 2666 conci-

2063 2702 2260 2758 liorum
2278 2702 2739 2773 producebamus,
2762 2714 2927 2774 patet,
2947 2704 3093 2774 quod
3117 2706 3280 2759 etiam
3301 2705 3519 2759 decreta
3543 2705 3647 2758 Pa-

2067 2807 2211 2852 trum
2233 2796 2366 2852 falsa
2388 2796 2642 2852 inhibent
2660 2813 2728 2852 ne
2750 2798 3009 2869 Symbolo
3022 2798 3317 2862 addantur,
3337 2814 3443 2852 non
3458 2808 3645 2853 autem

2065 2905 2189 2959 quae
2220 2904 2347 2944 vera
2396 2899 2545 2945 sunt.
2577 2890 2763 2960 Itaque
2811 2892 2862 2945 in
2896 2892 3015 2961 ipso
3050 2891 3230 2961 primo
3265 2906 3565 2962 congressu
3591 2899 3647 2946 et

2069 2984 2245 3049 primo
2273 2980 2361 3037 die
2383 2981 2620 3035 convicti
2651 2989 2706 3035 et
2733 2981 3002 3052 proï¬‚igati
3034 2981 3505 3037 iuissemusï¬um
3540 2996 3645 3035 au-

2068 3082 2177 3126 tem
2222 3073 2339 3127 haec
2364 3087 2466 3141 ego
2497 3072 2820 3137 sensissem,
2840 3073 3149 3129 rationibus
3175 3073 3449 3145 praedictis
3475 3075 3561 3126 vix
3585 3071 3638 3128 ei

378 3176 694 3225 sanctorum
722 3175 778 3220 et
799 3174 1266 3218 mcumentcorum
1312 3158 1668 3212 conciliorum
1701 3157 1966 3213 consiste-
1990 3195 2035 3256 Î¿
2071 3163 2340 3234 persuasi,
2362 3174 2420 3217 ut
2448 3163 2569 3219 illas
2587 3166 2945 3221 auctoritates
2968 3183 3077 3221 non
3108 3177 3459 3237 proponeret.
3480 3166 3640 3222 Exiis

379 3262 496 3325 bat,
530 3261 584 3314 in
620 3259 820 3329 quibus
848 3259 991 3312 circa
1014 3256 1177 3311 tinem
1210 3258 1390 3321 aiunt,
1418 3272 1525 3309 non
1561 3256 1726 3310 licere
1765 3265 1962 3325 praeter

380 3360 498 3412 haec
531 3355 690 3408 aliam
734 3353 891 3406 [idem
953 3350 1302 3404 conscribere
1326 3388 1341 3411 ,
1367 3358 1461 3403 aut
1498 3364 1710 3418 sapere,
1741 3358 1835 3401 aut
1867 3348 1965 3401 do-

378 3466 529 3514 cere,
553 3457 607 3504 et
634 3458 837 3502 extera.
864 3441 1265 3514 hujuscemodi.
1322 3439 1552 3507 Quando
1606 3438 1964 3493 ridiculosum

380 3544 535 3615 quid,
569 3542 828 3610 ettnagni
867 3537 1125 3607 vituperii
1168 3534 1395 3605 dignum
1436 3549 1593 3604 passa
1632 3533 1824 3587 fuisset
1856 3544 1964 3588 tota

379 3638 552 3701 natio,
581 3649 635 3691 et
666 3650 768 3687 nos
786 3646 979 3686 omnes
1006 3645 1101 3700 per
1126 3628 1473 3697 prudentiam
1506 3625 1637 3680 boni
1680 3624 1963 3699 Ephesini,

375 3731 480 3785 nisi
512 3744 611 3798 ego
645 3726 892 3781 sentiens
914 3721 1341 3790 impedivissem.
1379 3718 1493 3774 Una
1536 3719 1684 3771 enim
1715 3734 1839 3772 cum
1870 3720 1960 3772 de~

376 3822 543 3876 cretis
571 3821 798 3876 Patrum
828 3816 961 3870 illud
1013 3828 1232 3883 quoque
1250 3810 1493 3880 Apostoli
1526 3810 1593 3865 ad
1629 3809 1847 3865 Galatas
1885 3810 1963 3864 al-

376 3914 556 3984 legare
579 3913 819 3973 volebat,
851 3908 1120 3962 dicentis:
1152 3907 1207 3961 Si
1245 3908 1357 3975 quis
1407 3905 1549 3958 vobis
1586 3904 1733 3957 aliud
1769 3914 1964 3972 prwler

377 4021 537 4075 quam
588 4003 788 4057 tradidi
844 4002 983 4055 vobis
1040 3998 1429 4069 erangelizatus
1465 3997 1643 4067 fuerit,
1676 3997 1962 4051 anathema

373 4100 468 4153 ait.
496 4098 627 4151 Item
643 4095 815 4149 sancti
842 4093 1079 4163 Dionysii
1106 4091 1447 4160 Areopagitae
1464 4090 1531 4144 de
1560 4090 1761 4144 divinis
1790 4090 1965 4143 nomi-

379 4194 544 4246 nibus
602 4187 985 4242 auctoritatem
1041 4184 1275 4239 dicentis
1298 4222 1313 4247 ,
1338 4182 1575 4237 Omnino
1604 4182 1786 4249 itaque.
1825 4182 1961 4236 nihil

377 4293 466 4339 est
494 4281 829 4342 audendum,
860 4280 941 4332 vel
977 4277 1184 4339 dicere,
1243 4275 1326 4329 vel
1367 4274 1605 4344 cogitare
1644 4285 1839 4344 praeter
1872 4275 1961 4328 illa

376 4392 500 4446 quae
531 4374 813 4428 divinitus.
845 4387 876 4426 e
916 4372 1089 4424 sacris
1117 4367 1358 4422 oraculis
1389 4366 1550 4420 nobis
1589 4366 1784 4420 tradita
1810 4374 1958 4419 sunt.

382 4468 611 4524 Volebat
644 4467 825 4534 itaque.
858 4479 954 4534 per
988 4462 1090 4515 ista
1123 4461 1288 4515 etiam
1343 4458 1579 4528 probare
1636 4473 1744 4511 non
1791 4458 1959 4512 licere

2067 3253 2256 3324 itaque
2276 3253 2405 3309 licet
2431 3255 2579 3311 illius
2614 3256 2880 3323 hominis,
2911 3268 2969 3312 et
2997 3258 3196 3328 ingenii
3229 3259 3351 3327 ejus
3370 3257 3645 3311 subtilita-

2069 3345 2471 3415 temjudicare,
2504 3350 2742 3418 etquale
2771 3348 2821 3403 ei
2841 3348 3110 3420 judicium
3143 3351 3195 3402 in
3230 3349 3645 3403 sublimioribus

2068 3438 2160 3503 sit,
2187 3439 2232 3492 si
2265 3440 2380 3493 bare
2409 3454 2497 3493 res
2523 3455 2648 3523 eu\m
2677 3453 2783 3494 tam
2821 3441 3106 3495 manifesta
3144 3441 3369 3496 latebat.
3399 3439 3524 3495 Haec
3551 3457 3646 3496 au-

2069 3540 2174 3584 tem
2198 3532 2322 3586 dico
2352 3547 2461 3585 non
2491 3533 2611 3601 ejus
2643 3534 3073 3604 reprehendendi
3095 3548 3281 3601 causa,
3302 3533 3463 3605 longe
3495 3535 3642 3587 enim

2067 3627 2136 3682 ab
2162 3628 2263 3682 hoc
2284 3629 2498 3688 absum.
2515 3627 2610 3681 sed
2634 3638 2694 3682 ut
2721 3629 2999 3682 auditores
3023 3629 3344 3684 admoneam
3366 3637 3424 3682 ut
3444 3626 3547 3683 sibi
3571 3629 3640 3684 ab

2068 3716 2189 3779 eius
2218 3716 2569 3771 sermonibus
2595 3727 2847 3772 caveant.
2905 3718 3272 3775 Discutientes
3303 3722 3469 3791 igitur
3503 3724 3643 3776 hanc

2067 3811 2449 3881 quaestionem,
2483 3820 2539 3866 et
2572 3810 2641 3866 de
2674 3827 2740 3866 ea
2788 3811 3005 3881 publice
3045 3827 3170 3867 cum
3203 3813 3414 3869 Latinis
3452 3815 3641 3886 dispu-

2068 3914 2270 3967 tantes,
2302 3904 2430 3958 dtnn
2465 3905 2518 3958 in
2550 3905 2836 3974 principiis
2871 3913 2928 3961 et
2993 3906 3139 3962 circa
3190 3908 3455 3977 prommia
3490 3924 3641 3963 esse-

2068 4012 2211 4057 mus.
2234 4011 2334 4050 nos
2356 3994 2685 4050 videbamur
2720 4010 3017 4066 superare:
3055 3997 3301 4052 nondum
3353 4000 3503 4054 enim
3542 3999 3640 4053 ali-

2065 4088 2196 4158 quid
2226 4088 2455 4151 dignum
2483 4087 2629 4157 quod
2661 4088 2728 4142 ad
2788 4090 3118 4157 propositam
3155 4105 3268 4144 rem
3301 4091 3529 4155 faceret,
3553 4092 3641 4147 di-

2065 4193 2213 4237 ctum
2246 4196 2275 4234 a
2311 4180 2522 4235 Latinis
2547 4180 2672 4235 fuit.
2704 4180 2932 4246 Quando
2967 4183 3091 4252 (etsi
3147 4182 3354 4253 absque
3381 4201 3645 4257 arrogan-

2067 4276 2138 4329 tia
2172 4274 2404 4343 dictum)
2433 4274 2678 4342 potiores
2723 4273 2792 4327 ad
2828 4260 2968 4327 hanc
2999 4289 3112 4328 rem
3145 4291 3209 4330 ex
3243 4285 3397 4345 parte
3452 4289 3643 4333 nostra

2065 4362 2350 4434 productae
2398 4362 2641 4417 rationes
2674 4379 2703 4416 a
2744 4378 2831 4417 me
2863 4373 2918 4418 et
2966 4364 3224 4431 inventae,
3252 4376 3306 4420 et
3334 4363 3497 4421 dicia:
3528 4367 3645 4423 fue-

2064 4465 2214 4518 runt,
2240 4464 2409 4510 testes
2435 4464 2566 4509 sunt
2595 4455 2689 4525 qui
2723 4455 3036 4511 adfuerunt.
3060 4456 3196 4512 Cum
3220 4470 3402 4514 antem
3426 4476 3644 4515 succesâ€”

383 4575 485 4614 nec
513 4561 684 4630 ipsam
734 4557 901 4611 etiam
937 4554 1222 4608 veritatem
1281 4550 1484 4604 addere
1516 4548 1794 4620 Symbolo.
1846 4548 1959 4602 Hoc
1992 4550 2034 4605 D
2063 4550 2202 4604 cerit
2232 4548 2285 4602 in
2324 4562 2580 4603 sermone
2618 4551 2862 4617 optimus
2891 4549 2982 4603 ille
3030 4550 3115 4602 vir
3144 4549 3393 4606 Julianus
3458 4552 3514 4607 S.
3572 4552 3638 4607 Î’.

377 4663 561 4707 autem
593 4658 849 4719 quantam
905 4646 1062 4700 nobis
1102 4645 1434 4699 derisionem
1456 4642 1694 4706 iecisset,
1722 4651 1777 4695 et
1805 4641 1955 4710 quod

381 4746 435 4799 in
472 4746 592 4814 ipso
627 4745 874 4811 ingressu
917 4739 1190 4794 convincti
1247 4748 1303 4789 et
1342 4735 1609 4806 proï¬‚igati
1635 4734 1952 4800 fuissemus,

381 4838 511 4892 hinc
566 4838 791 4890 senties.
826 4833 960 4887 Tota
1013 4832 1153 4885 ratio
1191 4841 1405 4891 nostra,
1432 4845 1538 4898 qua
1588 4828 1956 4883 credebatnus

380 4933 524 4986 hanc
549 4946 662 4984 rem
695 4942 852 4997 posse
884 4927 1125 4996 probari,
1160 4924 1216 4977 in
1250 4922 1416 4977 dictis
1445 4922 1590 4976 tertii
1623 4923 1955 4978 meumenici

375 5022 597 5079 concilii
625 5019 882 5089 Ephesiui
917 5015 1282 5081 consistebat;
1334 5029 1458 5069 cum
1513 5027 1957 5067 asseveraremus

380 5117 527 5170 illam
592 5115 822 5183 primam
853 5112 904 5165 in
960 5110 1067 5164 ï¬ne
1121 5109 1208 5163 sui
1237 5106 1450 5162 decreti
1485 5106 1628 5161 hanc
1658 5106 1954 5161 inbibitio-

377 5222 505 5263 nem
565 5207 633 5261 de
682 5219 1011 5275 quacunque
1061 5201 1317 5256 videlicet
1348 5199 1637 5254 additione
1681 5199 1950 5254 edidisse.

377 5300 513 5356 Nam
562 5300 667 5354 etsi
705 5311 814 5350 non
854 5296 925 5350 sit
954 5310 1142 5348 verum
1180 5294 1341 5347 talem
1401 5291 1786 5346 inbibitionem
1823 5292 1956 5346 illud

376 5392 671 5449 concilium
711 5392 929 5452 fecisse,
966 5389 1061 5458 qui
1115 5395 1295 5441 tamen
1354 5384 1690 5439 contendere
1736 5385 1950 5450 volunt,

378 5494 611 5556 possunt
655 5482 865 5553 aliquid
913 5479 1217 5550 adjumenti
1278 5479 1410 5532 hinc
1476 5477 1681 5532 habere
1732 5489 1956 5547 propter

376 5576 866 5647 atquivocationem
893 5583 949 5629 et
974 5570 1389 5642 ambiguitatem
1425 5571 1745 5623 verborum.
1780 5567 1953 5623 Causa

381 5681 510 5719 vero
542 5681 640 5720 cur
683 5665 900 5721 tertium
937 5664 1231 5718 concilium
1284 5662 1525 5731 primum
1564 5661 1704 5715 hanc
1746 5658 1956 5714 inhibi-

379 5755 584 5809 tionem
622 5756 815 5807 fecisse
839 5754 1094 5817 dicimus,
1121 5761 1207 5807 est
1236 5750 1595 5823 primo,quod
1625 5749 1759 5804 Acta
1792 5748 1955 5818 primi

386 5841 610 5899 concilii
638 5857 911 5911 nusquam
943 5844 1325 5912 reperiuntur;
1359 5842 1605 5897 secundo
1634 5855 1756 5895 cum
1786 5841 1957 5897 scirc-

2067 4644 2130 4697 E.
2170 4641 2469 4696 cardinalis
2493 4640 2668 4695 sancti
2716 4640 2905 4710 Angeli
2938 4641 3316 4711 dignissimus,
3371 4648 3539 4697 multa
3586 4660 3644 4700 et

2065 4735 2292 4805 quidem
2331 4733 2617 4804 potissima
2641 4733 2697 4786 in
2733 4734 2975 4787 medium
3003 4733 3257 4798 adduxit,
3285 4735 3488 4805 quibus
3517 4752 3644 4806 pro-

2068 4823 2300 4894 positam
2330 4823 2691 4893 quaestionem
2714 4824 2787 4877 ita
2831 4824 2977 4878 clare
3008 4834 3064 4879 et
3086 4825 3422 4881 suiiicienler
3445 4830 3646 4896 proba-

2066 4918 2164 4982 vit,
2192 4915 2625 4971 demonstrando
2663 4916 2833 4971 licere
2860 4916 3149 4971 veritatem
3181 4934 3400 4990 semper
3426 4920 3640 4975 addere

2068 5007 2194 5062 ï¬dei
2229 5007 2490 5079 Symbolo
2517 5045 2532 5070 ,
2560 5008 2867 5078 praesertim
2890 5023 3014 5062 cum
3041 5010 3337 5064 necessitas
3370 5021 3552 5080 cogat.
3588 5022 3647 5065 et

2066 5102 2374 5156 auctoritas
2403 5100 2605 5154 sumini
2654 5099 2932 5169 pontiï¬cis
2965 5100 3213 5169 accedat,
3262 5113 3323 5156 ut
3350 5103 3484 5157 nihil
3516 5119 3640 5170 nos,

2065 5209 2378 5265 quanquam
2406 5194 2501 5247 diu
2534 5195 2877 5263 multumque
2910 5194 3358 5265 cogitaverimus,
3396 5209 3623 5252 eontra-

2066 5288 2253 5341 dicere
2319 5287 2682 5356 potuerimus.
2732 5285 2866 5352 Quae
2919 5300 3043 5340 cum
3080 5289 3253 5342 multa
3292 5288 3519 5353 fuerint,
3552 5289 3634 5344 illa

2068 5391 2272 5443 tamen,
2292 5396 2413 5449 quae
2427 5380 2686 5433 memoria
2721 5377 2902 5444 teneo,
2930 5380 3022 5435 hic
3054 5395 3348 5451 exponam,
3384 5392 3443 5435 ut
3474 5384 3631 5437 etiam

2069 5474 2231 5543 hujus
2265 5474 2343 5527 rei
2376 5473 2662 5526 veritatem
2696 5473 2993 5543 intelligas.
3027 5474 3135 5529 Sed
3172 5486 3302 5530 ante
3342 5477 3457 5529 haec
3486 5491 3636 5531 sum-

2069 5580 2213 5619 mam
2257 5574 2563 5618 nostratum
2616 5564 2916 5632 rationum,
2962 5576 3019 5621 et
3064 5569 3411 5636 potissimam
3466 5571 3639 5629 audi;

2069 5657 2122 5711 in
2186 5659 2293 5711 ï¬ne
2350 5658 2701 5713 decretorum
2758 5660 3056 5729 cujuslibet
3110 5663 3251 5716 sacri
3308 5662 3639 5718 mcutnenici

2068 5748 2288 5802 concilii
2328 5763 2358 5801 a
2394 5750 2557 5801 tertio
2610 5749 2923 5804 inchoando
2978 5752 3047 5805 de
3112 5758 3282 5808 verbo
3309 5754 3378 5807 ad
3405 5753 3637 5808 verbum

2068 5842 2145 5900 sic
2178 5842 2447 5896 habetur:
2474 5839 2568 5896 llis
2600 5843 2755 5896 lectis
2777 5843 3110 5900 determinat
3149 5856 3339 5902 sancta
3378 5846 3637 5907 synodus.
