3990 6212
310 238 411 303 ιιῖ
459 200 473 214 ⁸

1244 251 1340 311 DE
1372 253 1891 318 PROCESSIONE
1924 259 2289 324 SPlRlTUS
2332 266 2634 329 SANCTI.

3448 284 3558 348 ιε

302 352 438 408 nulli
466 350 635 407 licere
661 351 822 407 aliam
879 351 1038 410 liiem
1072 356 1336 426 proferre,
1389 374 1484 416 aut
1520 377 1875 433 componere,
1910 380 1951 431 Α
1984 371 2169 425 omnia
2205 375 2464 443 Symbolo
2501 379 2706 435 Νὴ)ωηί
2753 383 3012 451 concilii,
3059 387 3364 461 eademque
3418 397 3555 451 huc.

304 450 395 461 μ-.
433 455 617 461 _-____
1229 446 1267 461 η
1315 447 1328 461 .
1522 450 1535 461 -
1734 452 1747 461 -

301 450 399 496 aut
427 455 644 511 sapere,
670 450 766 495 aut
790 440 992 499 docere
1018 443 1200 500 aliter.
1226 446 1331 512 Qui
1364 463 1492 503 vero
1522 450 1628 505 hoc
1644 452 1881 507 audeant

300 530 506 599 facere,
544 532 734 588 clerici
764 535 1081 602 priventur,
1138 537 1264 592 laici
1314 540 1876 605 anathetnatizcntur.

302 621 480 692 Hujus
509 624 807 678 sententiae
836 634 891 680 et
948 626 1147 681 horum
1209 628 1323 684 fere
1362 631 1652 686 verborum
1687 649 1881 688 omnes

298 713 422 767 aliae
454 714 825 771 inhibitioncs
851 725 1002 770 sunt.
1025 716 1123 773 llis
1172 735 1275 775 nos
1305 724 1728 779 auctoritatibus
1763 734 1882 779 tan-

299 818 468 872 quam
548 803 1030 872 irrcl’ragabilibus
1090 808 1427 875 nitebamur,
1484 812 1731 868 dicentes
1779 830 1881 869 nec

302 893 479 962 ipsam
514 895 801 949 veritatem
832 897 995 952 licere
1025 896 1255 966 addere,
1300 916 1424 955 cum
1478 917 1544 956 ex
1567 903 1728 958 dictis
1755 919 1878 958 san-

298 997 515 1040 ctorum
553 987 849 1043 inhibitum
875 990 967 1055 sit,
1014 1004 1117 1045 nec
1163 990 1342 1046 liceat.
1387 991 1590 1048 Contra
1638 1006 1878 1069 nostram

258 1082 261 1087 ‘
300 1078 630 1145 positionem
662 1078 808 1133 inter
863 1081 1060 1136 multas
1094 1072 1335 1138 rationes
1364 1098 1429 1137 ex
1457 1096 1608 1153 parte
1657 1084 1881 1143 Latino-

301 1186 429 1239 rum
466 1171 810 1228 introductas
836 1173 950 1229 hinc
974 1190 1193 1246 quoque
1221 1176 1467 1232 fuerunt.

410 1326 660 1382 Rationes
700 1328 1018 1385 Latinorum
1044 1370 1059 1392 .
1104 1332 1292 1402 quibus
1317 1333 1586 1458 grobatur
1625 1339 1768 1408 quod

593 1398 714 1453 licet
761 1402 1035 1455 veritatem
1088 1403 1285 1457 addere
1364 1405 1594 1458 umbolo.

593 1398 714 1453 licet
761 1402 1035 1469 veritatem
1088 1398 1285 1457 a’ddere
1317 1398 1594 1473 Symbolo.

373 1537 682 1605 Quodlibet
718 1539 1015 1595 concilium
1059 1552 1166 1592 non
1207 1539 1385 1593 solum
1427 1537 1681 1610 proferre
1710 1542 1875 1597 aliam

297 1630 473 1684 ﬁdem
527 1629 776 1695 inhibet,
819 1630 916 1685 sed
971 1639 1026 1684 et
1074 1644 1428 1698 componere.
1470 1629 1526 1686 Si
1566 1630 1737 1703 igitur
1776 1649 1875 1703 per

299 1722 414 1777 hoc
451 1723 601 1793 quod
638 1722 807 1789 dicit,
847 1723 1011 1777 aliam
1055 1721 1219 1776 iidem
1242 1762 1258 1788 ,
1291 1722 1552 1793 intelligit
1592 1724 1718 1780 aliis
1753 1740 1875 1779 ver-
1907 1732 1947 1786 Β
1981 1751 2095 1798 tum
2137 1757 2223 1799 ρει
2252 1762 2282 1800 a
2317 1748 2597 1805 patribus.

295 1816 412 1881 bis,
470 1816 652 1871 eidem
703 1825 888 1872 tamen
940 1821 1235 1873 sententias
1283 1818 1650 1889 compositam
1707 1818 1872 1872 iidem

294 1924 395 1963 seu
436 1906 777 1979 Symbolum,
809 1908 1022 1964 accidet
1055 1912 1201 1981 qqu
1223 1927 1419 1968 omnes
1455 1912 1677 1983 quidem
1713 1910 1873 1982 Sym-

297 1999 492 2053 bolum
533 1999 771 2055 diversis
809 2002 1033 2071 quidem
1092 2003 1312 2070 verbis,
1364 2004 1639 2060 scntentia
1690 2013 1871 2057 tamen

294 2088 532 2154 eadem,
572 2100 1044 2160 composuerunt.
1085 2093 1232 2164 quod
1272 2095 1403 2164 quia
1444 2109 1639 2149 omnes
1679 2095 1870 2149 docto~

298 2194 401 2248 res
435 2179 649 2243 sancti,
693 2181 789 2250 qui
823 2181 989 2237 iidem
1034 2185 1365 2240 catholicam
1408 2187 1754 2256 profitentur,
1798 2183 1875 2238 fe-

293 2282 534 2337 cerunt,
561 2272 667 2327 sub
696 2274 1049 2330 anathemate
1084 2286 1274 2332 erunt.
1303 2280 1373 2332 At
1405 2280 1510 2334 hoc
1540 2294 1652 2333 non
1688 2280 1868 2333 soluat

293 2362 543 2430 falsum.
584 2364 679 2420 sed
719 2366 887 2420 etiam
928 2366 1267 2437 blasphemia
1309 2379 1393 2424 est
1430 2370 1638 2425 dicere.
1700 2372 1872 2440 Igitur

296 2457 772 2534 nonprohibetur
796 2458 920 2514 aliis
948 2460 1133 2515 verbis
1168 2461 1433 2516 consonis
1462 2461 1683 2516 veritati
1714 2476 1869 2515 eam-

296 2552 422 2605 dem
455 2566 739 2620 exponere
771 2551 934 2606 iidem
957 2590 972 2616 ,
1002 2552 1098 2607 sed
1127 2552 1471 2609 contrariam
1504 2562 1562 2608 et
1587 2552 1866 2608 diversam

295 2655 673 2709 componere,
718 2640 825 2696 hoc
867 2641 1219 2711 prohibitum
1264 2652 1368 2699 est.
1426 2643 1563 2698 Item
1604 2652 1864 2715 quartum

291 2730 596 2789 concilium
637 2732 816 2801 ipsum
856 2733 1022 2787 etiam
1067 2748 1299 2804 sapere,
1335 2744 1391 2790 et
1432 2734 1633 2792 docere
1673 2735 1860 2803 aliter,

289 2824 633 2878 anathemati
673 2824 916 2901 subjicit.
959 2824 1015 2881 Si
1055 2826 1222 2896 igitur
1255 2842 1489 2896 sapere,
1544 2828 1628 2884 vel
1662 2830 1862 2883 decere

290 2914 583 2970 vocabulis
613 2915 836 2985 quidem
873 2915 1148 2984 diversis,
1184 2920 1448 2975 consonis
1490 2928 1679 2975 tamen
1716 2923 1863 2977 veri-

292 3007 387 3061 tati
433 3007 734 3078 prohibet,
772 3008 877 3064 sub
918 3009 1277 3065 anathemate
1314 3021 1447 3066 sunt
1485 3027 1717 3082 omnes,
1770 3015 1862 3085 qui

290 3100 457 3167 ﬁdem
518 3099 920 3166 orthodoxam,
973 3100 1179 3171 quibus
1238 3103 1421 3173 potuit
1479 3087 1936 3178 unusquisquec

286 3193 477 3246 verbis
534 3197 862 3249 docuerunt.
916 3193 1319 3264 Unusquisque
1356 3195 1505 3251 enim
1541 3209 1859 3254 sanctorum

285 3282 533 3338 diversis
579 3282 861 3338 vocabulis
906 3283 1158 3339 eamdem
1200 3284 1364 3340 ﬁdem
1407 3285 1752 3357 praedicavit.
1794 3292 1865 3343 At

285 3392 410 3430 cum
457 3373 566 3429 hoc
608 3375 1009 3430 inconveniens
1042 3375 1115 3431 sit
1149 3376 1377 3444 dicere,
1415 3391 1526 3436 non
1565 3379 1862 3435 diversita-

287 3474 393 3520 tem
439 3464 837 3519 voeabulorum
868 3503 883 3529 ,
924 3465 1021 3519 sed
1059 3466 1460 3523 sententiarum
1500 3470 1862 3526 contrarieta-

286 3565 390 3610 tem
434 3554 746 3626 prohibet:
800 3556 1109 3626 praisertim
1150 3573 1275 3612 cum
1316 3558 1498 3629 ipsum
1550 3575 1742 3631 sapere
1792 3561 1859 3616 ad

283 3647 631 3709 sententias,
671 3661 778 3701 non
817 3648 883 3702 ad
920 3648 1199 3706 vocabula
1232 3649 1528 3707 referatur.

353 3738 637 3792 Pra‘terea
667 3747 885 3793 sextum
919 3737 1218 3794 concilium
1252 3740 1443 3795 eadem
1478 3740 1624 3811 ipsa,
1655 3757 1775 3809 quae
1805 3749 1862 3797 et

285 3840 588 3902 quartum,
620 3830 792 3895 dicit,
828 3839 885 3886 et
924 3832 1154 3902 insuper
1194 3832 1409 3888 inhibet
1447 3848 1517 3889 ne
1556 3850 1719 3905 quam
1761 3850 1862 3889 vo-

283 3938 402 3977 cem
443 3922 666 3977 inanem
714 3931 809 3977 aut
842 3917 1047 3978 vanam
1078 3922 1315 3995 alicujus
1343 3924 1609 3982 dictionis
1662 3927 1859 3983 inven-

280 4016 495 4072 tionem
527 4016 653 4085 quis
679 4013 996 4071 introducat
1027 4017 1092 4071 ad
1126 4018 1553 4086 pervertendum
1585 4035 1709 4091 qua:
1738 4036 1767 4075 a
1798 4036 1856 4076 se

268 4096 657 4171 fdeterminata
698 4116 850 4163 sunt.
891 4107 969 4161 Ex
1020 4108 1225 4179 quibus
1277 4109 1573 4166 manifeste
1629 4124 1858 4183 apparet

283 4197 370 4257 illa
405 4197 682 4253 vocabula
719 4197 954 4252 inhibita
988 4213 1146 4264 esse,
1180 4215 1301 4269 qua:
1330 4201 1395 4255 ad
1425 4202 1854 4272 pervertendum

266 4270 544 4361 dogmata
578 4288 801 4345 Patrum
838 4288 1293 4358 introducuntur,
1332 4270 1443 4347 non
1478 4308 1600 4361 qua:
1629 4293 1697 4348 ad
1733 4310 1855 4350 cor-

1986 464 2041 516 iu
2075 474 2310 534 utroque
2338 469 2677 537 continetur,
2712 473 2817 528 nisi
2850 477 3143 535 manifeste
3171 496 3399 554 apparet
3430 503 3554 542 vcr-

1987 553 2071 608 bis
2116 573 2223 611 non
2264 572 2405 615 esse.
2431 563 2598 619 idem.
2632 565 2726 621 llis
2754 568 2901 622 enim
2936 573 3170 629 maxime
3203 553 3394 632 dilfert
3429 580 3559 649 pln-

1985 662 2076 702 res
2103 649 2416 709 additiones
2438 694 2451 718 ,
2486 656 2674 725 plures
2701 659 2869 714 etiam
2896 660 3296 724 diminutiones
3320 670 3552 727 habens.

1985 737 2084 792 Est
2115 738 2284 807 igitur
2312 743 2458 798 idem
2491 750 2823 814 sententiis,
2852 767 2959 821 qua
2986 754 3056 808 de
3083 771 3248 831 causa
3277 768 3334 812 et
3389 763 3555 831 primi

1983 838 2041 881 et
2068 831 2300 885 secundi
2334 835 2557 888 concilii
2591 834 2908 917 Symbolum
2948 826 3414 913 tanquam‘uuum
3455 868 3556 920 pu-

1988 926 2176 974 tarunt
2226 923 2370 976 tertii
2418 926 2639 981 cencilii
2691 931 2918 986 l’atres:
2969 948 3142 1003 quare
3177 953 3343 995 omne
3385 941 3553 997 etiam

1985 1008 2305 1081 Symbolum
2331 1016 2756 1090 quibuscunque
2788 1025 3160 1093 compositum
3198 1030 3378 1084 verbis
3406 1047 3554 1086 eam.

1984 1102 2109 1156 dem
2147 1106 2525 1173 sententiam,
2571 1125 2734 1178 quam
2788 1122 2842 1167 et
2890 1114 3177 1171 Nicmnunt
3225 1123 3551 1192 continens,

1984 1194 2129 1248 idem
2166 1206 2249 1250 est
2284 1198 2361 1253 illi
2391 1218 2403 1253 :
2441 1200 2693 1270 nihilque
2728 1214 2923 1259 contra
2962 1206 3068 1262 hoc
3103 1209 3268 1274 iacit,
3304 1227 3427 1267 cum
3464 1217 3551 1271 di-

1983 1285 2130 1340 citur
2161 1303 2270 1342 non
2306 1291 2507 1345 audere
2539 1292 2762 1348 tradere
2793 1295 2942 1351 aliud
2992 1297 3313 1371 Symbolum
3346 1319 3361 1359 :
3399 1305 3550 1361 aliud

1980 1379 2127 1432 enim
2174 1380 2590 1451 intelligendum
2639 1394 2759 1452 est,
2810 1387 2957 1458 quod
3008 1393 3343 1447 contrariam
3396 1400 3546 1452 veri-

1983 1466 2109 1521 tatis
2145 1470 2476 1525 sententiam
2513 1474 2790 1531 continet.
2826 1475 3115 1547 Siquidem
3149 1483 3381 1539 secundi
3417 1502 3549 1542 con-

1983 1558 2093 1611 cilii
2128 1558 2449 1630 Symbolum
2487 1574 2699 1622 tantum
2739 1584 2769 1622 a
2811 1572 3034 1630 Nicmno
3064 1577 3334 1637 dillerens
3363 1586 3545 1653 quoad

1984 1651 2180 1717 verba,
2212 1654 2354 1710 idem
2389 1666 2568 1712 tamen
2598 1674 2722 1715 cum
2766 1662 2947 1732 primo
2978 1681 3089 1722 non
3120 1670 3271 1726 aliud
3311 1651 3543 1747 judica-

2052 1853 2186 1910 ltem
2231 1861 2665 1934 unumquodque
2721 1870 3023 1925 concilium
3077 1885 3203 1943 post
3248 1878 3547 1940 lectionem

1980 1946 2154 2021 totius
2185 1949 2270 2003 sui
2294 1949 2504 2008 decreti
2528 1971 2637 2010 non
2687 1957 2933 2028 Symboli
2977 1966 3183 2033 solius,
3229 1972 3325 2026 sed
3377 1977 3548 2031 totius

1978 2041 2226 2109 decreti,
2261 2045 2359 2111 ait,
2392 2047 2489 2102 llis
2522 2049 2679 2106 lectis
2703 2053 3092 2114 determinavit
3111 2076 3267 2119 sacra
3301 2070 3551 2137 synodus

1977 2136 2116 2189 nulli
2162 2136 2335 2192 licere
2374 2141 2538 2195 aliam
2589 2144 2763 2201 tidem.
2790 2149 3086 2219 proferre;
3129 2166 3281 2224 patet
3320 2136 3505 2215 autem
3530 2202 3547 2224 ,

1977 2227 2126 2294 quod
2155 2243 2280 2282 cum
2313 2229 2492 2295 dicat,
2523 2233 2608 2288 his
2635 2235 2829 2304 lectis,
2860 2248 3035 2296 totum
3064 2244 3350 2303 decretum
3384 2254 3549 2307 intel-

1975 2317 2114 2386 ligit.
2151 2319 2319 2389 igitur
2350 2329 2406 2376 et
2440 2324 2588 2393 quod
2624 2330 2901 2397 sequitur,
2938 2334 3100 2397 aliam
3133 2337 3296 2393 ﬁdem
3331 2357 3442 2396 non
3475 2344 3544 2396 li—

1978 2423 2104 2464 cere
2144 2410 2395 2479 proferre
2436 2415 2503 2468 ad
2553 2424 2727 2472 totum
2770 2419 3059 2477 decretum
3102 2426 3287 2497 ipsum
3321 2446 3544 2503 quoque

1978 2500 2246 2569 refertur,
2271 2505 2536 2563 videlicet
2569 2524 2679 2565 non
2712 2512 2882 2569 licere
2909 2517 3160 2586 proferre
3187 2500 3350 2578 aliam
3380 2500 3542 2583 iidem

1974 2604 2176 2666 praeter
2220 2611 2341 2653 eam
2389 2615 2514 2670 qua:
2557 2602 2616 2656 in
2667 2611 2780 2659 toto
2825 2606 3075 2677 decreto,
3105 2627 3215 2667 non
3267 2617 3446 2672 soluat
3483 2620 3538 2676 in

1974 2689 2234 2761 Symbolo
2288 2695 2629 2750 continetur.
2681 2694 2754 2753 At
2811 2701 2992 2768 quoad
3048 2705 3219 2761 verba
3270 2722 3530 2778 quartum

1971 2781 2263 2838 concilium
2289 2784 2437 2839 aliud
2463 2800 2628 2855 quam
2654 2789 2899 2859 tertium,
2924 2796 3175 2864 quintum
3206 2800 3356 2856 aliud
3372 2818 3537 2873 quam

1970 2882 2222 2943 quartum
2245 2916 2261 2941 ,
2289 2885 2343 2930 et
2370 2876 2443 2930 ita
2469 2888 2667 2936 caetera
2697 2886 3162 2956 conscripserunt.
3191 2891 3267 2948 De
3298 2903 3407 2950 tota
3437 2897 3541 2968 igi-

1972 2976 2065 3021 tur
2094 2964 2198 3021 lide
2228 2978 2285 3023 et
2310 2971 2621 3041 sententiis,
2670 2989 2782 3031 non
2812 2978 2997 3036 verbis
3024 2980 3117 3036 hic
3146 2984 3287 3041 ratio
3314 2997 3425 3044 est.

2042 3058 2177 3114 Item
2212 3061 2506 3130 septimum
2538 3066 2834 3123 concilium
2866 3086 2977 3126 non
3007 3077 3238 3134 omnino
3272 3079 3405 3136 facit
3428 3084 3532 3139 διὶ-

1966 3164 2129 3219 quam
2158 3151 2405 3224 Sytnholi
2433 3156 2518 3211 vel
2549 3157 2711 3227 primi
2757 3160 2846 3216 vel
2891 3168 3117 3222 secundi
3148 3174 3488 3231 mentionem
3508 3217 3526 3242 ,

1964 3240 2060 3295 sed
2107 3242 2438 3314 simpliciter
2470 3248 2697 3307 decreto
2727 3254 2849 3325 ejus
2880 3257 3035 3313 edito
3075 3261 3131 3316 in
3177 3264 3286 3321 line
3329 3240 3522 3328 additi

1965 3328 2059 3384 liis
2090 3333 2227 3432 nihil
2258 3345 2343 3392 est
2374 3338 2690 3397 addendum
2715 3382 2730 3409 ,
2761 3345 2902 3401 nihil
2928 3348 2998 3403 ab
3027 3353 3111 3407 eis
3140 3355 3529 3432 auferendum,

1964 3422 2113 3490 quod
2162 3425 2210 3478 si
2260 3429 2387 3497 quis
2415 3429 2502 3484 vel
2532 3432 2733 3496 addat,
2773 3434 2854 3489 vel
2890 3436 3108 3494 auferat
3152 3444 3423 3515 quidquid
3460 3422 3531 3505 ab

1964 3517 2067 3568 hac
2092 3514 2219 3580 lide,
2243 3519 2537 3576 anathema
2567 3523 2659 3577 sit.
2690 3524 3220 3603 Manifestumigitur
3243 3548 3350 3605 est,
3381 3545 3529 3612 quod

1960 3604 2031 3660 de
2062 3608 2166 3663 title
2196 3614 2475 3668 contraria
2509 3624 2566 3670 et
2596 3615 2732 3673 falsa
2762 3617 3009 3689 inhibet;
3076 3640 3187 3682 non
3219 3604 3368 3686 enim
3397 3604 3532 3704 pro-

1965 3700 2119 3757 hibet
2141 3741 2155 3765 ,
2186 3719 2256 3758 ne
2282 3705 2527 3763 Ecclesia
2556 3708 2782 3766 decreta
2811 3751 2826 3778 ,
2863 3727 2992 3770 cum
3021 3731 3112 3775 res
3133 3721 3334 3797 exigit,
3362 3700 3530 3787 edere

1961 3795 2154 3864 possit.

2033 3908 2308 3965 Prreterea
2342 3928 2463 3985 quae
2494 3916 2660 3972 corde
2692 3922 2970 3980 credimus
3008 3926 3061 3981 in
3092 3927 3365 4000 justitiam
3389 3975 3403 3998 .
3435 3950 3530 3992 ea~

1962 4002 2085 4057 dem
2135 4018 2233 4059 ore
2279 4021 2502 4080 quoque
2547 4012 2802 4068 coniiteri
2847 4015 2916 4071 ad
2953 4018 3187 4076 salutem
3223 4022 3527 4096 debemus,

1962 4093 2122 4153 aliter
2169 4095 2488 4168 imperfecta
2542 4101 2706 4158 nobis
2753 4104 2893 4163 fides
2939 4120 3109 4167 esset.
3159 4114 3491 4176 Confitenda

1959 4186 2106 4241 enim
2141 4197 2227 4244 est
2259 4204 2443 4247 coram
2480 4192 2801 4253 hominibus
2834 4199 3005 4267 lldcs,
3048 4205 3097 4259 si
3134 4207 3522 4274 desideramus

1960 4276 2228 4349 promissa
2260 4284 2507 4374 praemia.
2557 4289 2626 4341 At
2652 4303 2842 4344 verum
2888 4308 3118 4351 necesse
3160 4308 3245 4354 est
3291 4302 3519 4377 sapere,

279 4381 683 4440 roborandam.
718 4382 969 4452 Amplius
1010 4384 1232 4439 tertium
1284 4383 1579 4441 concilium
1623 4384 1849 4450 statuit,
1884 4417 1928 4472 ο
1961 4369 2132 4440 ίεῑιιιτ
2157 4379 2214 4427 el
2244 4367 2501 4433 conmel‘i
2530 4377 2672 4434 idem
2701 4397 2929 4443 necesse
2956 4399 3063 4443 est.

280 4488 381 4528 nec
412 4474 589 4528 licere
623 4473 788 4527 aliam
820 4474 980 4529 iidem
1036 4474 1289 4545 proferre
1341 4483 1543 4545 praeter
1576 4490 1698 4530 eam
1729 4491 1850 4545 qua:

280 4564 336 4621 in
376 4566 600 4621 Niceno
635 4566 872 4623 concilio
903 4568 1052 4622 edita
1088 4566 1193 4623 fuit
1218 4608 1231 4633 ,
1264 4575 1321 4622 et
1352 4583 1450 4623 eos
1485 4567 1578 4641 qui
1612 4568 1719 4623 hoc
1754 4583 1851 4623 au-

282 4656 483 4712 derent
502 4696 519 4720 ,
550 4657 888 4712 anathemati
918 4658 1176 4732 subjecit.
1200 4658 1278 4714 De
1308 4659 1570 4727 Symbolo
1596 4676 1727 4715 vero
1754 4675 1852 4730 per

279 4748 582 4804 secundum
616 4751 914 4807 concilium
947 4752 1132 4817 edito,
1163 4767 1274 4822 quo
1309 4762 1421 4807 tota
1454 4753 1702 4808 Ecclesia
1737 4754 1850 4807 titi-

280 4849 396 4908 tur,
433 4843 641 4897 nullam
675 4843 804 4903 facit
847 4853 1210 4901 mentionem.
1244 4846 1300 4902 Si
1347 4849 1515 4919 igitur
1563 4849 1688 4906 ideo
1734 4865 1844 4917 non

280 4931 528 4987 fecerant
561 4936 627 4989 de
658 4949 727 4989 eo
783 4938 1119 4993 mentionem
1144 4978 1159 5003 ,
1199 4939 1327 5011 quia
1363 4941 1514 4995 aliud
1563 4951 1618 4998 et
1655 4941 1843 4997 diver-

279 5040 400 5081 sum
434 5042 464 5082 a
498 5027 842 5104 fide_Nic;eni
874 5030 1096 5087 concilii
1133 5031 1266 5085 illud
1301 5041 1575 5102 putarunt
1604 5051 1620 5088 ι
1650 5050 1847 5104 pecca-

279 5132 403 5174 mus
440 5101 677 5185 nos,'et
717 5120 943 5189 quidem
976 5101 1307 5187 mortaliter,
1335 5125 1427 5193 qui
1462 5101 1669 5181 omisso
1705 5134 1845 5187 tota-

280 5206 405 5262 liter
438 5208 698 5282 Symbolo
730 5211 987 5277 Nica‘no,
1025 5223 1226 5281 prmter
1256 5214 1406 5283 quod
1440 5215 1647 5270 nullam
1679 5219 1842 5274 aliam

284 5298 443 5354 ﬁdem
473 5301 727 5370 proferre
759 5310 1077 5357 statuerunt
1106 5303 1330 5369 Patres,
1358 5305 1587 5362 secundi
1618 5307 1841 5363 concilii

282 5387 488 5441 utimur
518 5387 781 5461 Symbolo
801 5431 816 5455 ,
851 5388 988 5446 illud
1019 5393 1266 5460 legentes
1288 5434 1303 5459 ,
1349 5394 1488 5448 illud
1536 5398 1800 5452 docentes
1826 5437 1841 5462 ,

279 5474 412 5531 illud
454 5488 509 5533 et
548 5480 809 5550 privatim
856 5490 910 5535 et
944 5484 1163 5553 publice
1192 5486 1540 5554 proferentes
1566 5525 1583 5551 ,
1648 5498 1700 5542 et
1736 5489 1841 5544 hac

284 5567 493 5624 ratione
536 5573 641 5627 sub
683 5574 1033 5629 anathemate
1079 5593 1293 5633 sumus.
1343 5578 1502 5644 Quod
1533 5579 1578 5637 si
1612 5578 1739 5635 ideo
1765 5581 1840 5639 si-

280 5654 450 5719 lentio
479 5663 609 5719 illud
640 5666 1061 5738 prwterierunt,
1108 5668 1567 5738 quoniam'idem
1610 5680 1696 5727 est
1737 5687 1839 5747 per

594 5760 872 5823 Paraon.
902 5762 1017 5825 Gtt.
1054 5760 1230 5829 CLXI

2024 4486 2273 4557 Amplius
2317 4489 2374 4546 in
2418 4493 2555 4548 actis
2599 4500 2784 4566 quarti
2829 4503 3055 4557 concilii
3103 4505 3159 4560 in
3193 4507 3371 4578 prima
3407 4528 3524 4569 ses-

1954 4576 2146 4644 sione,
2200 4581 2383 4650 primo
2438 4586 2663 4654 quidem
2716 4589 2849 4661 legit
2900 4576 3518 4665 EutychesVNicaenutn

1952 4669 2313 4738 Symbolum,
2356 4674 2554 4733 deinde
2597 4677 2742 4733 idem
2788 4682 3084 4741 haereticus
3129 4690 3336 4757 infert,
3364 4700 3513 4766 quod

1952 4759 2021 4813 de
2055 4762 2157 4814 hac
2208 4762 2316 4817 fide
2367 4764 2587 4822 Nicena
2638 4770 2897 4828 videlicet
2941 4774 3192 4835 decrevit
3239 4759 3517 4854 Ephesina

1949 4852 2194 4948 synodus
2235 4869 2363 4910 eum
2407 4861 2502 4927 qui
2548 4870 2746 4929 praeter
2788 4864 2934 4921 hanc
2977 4852 3517 4948 quidquam—addat,

1950 4940 2156 5009 cogitet
2215 4952 2312 4998 aut
2352 4946 2576 5013 doceat,
2624 4966 2780 5005 reum
2826 4969 2948 5011 esse
2982 4940 3207 5028 pinnis,
3261 4980 3384 5034 qua:
3434 4940 3512 5028 ibi

1949 5030 2075 5085 dem
2124 5036 2499 5112 continentur.
2551 5044 2622 5094 At
2669 5043 2982 5113 Eusebius,
3015 5030 3314 5123 episc0ptts
3345 5058 3515 5132 Dory-

1946 5123 2154 5189 lensis,
2184 5126 2281 5215 qui
2306 5143 2366 5183 se
2396 5132 2515 5186 zelo
2546 5132 2672 5190 ﬁdei
2708 5148 3090 5199 accusatorem
3126 5138 3299 5215 huius
3336 5123 3513 5205 haere-

1948 5214 2044 5269 tici
2097 5214 2487 5289 constituerat,
2524 5238 2648 5279 cum
2709 5227 2829 5285 haec
2866 5232 3147 5304 audisset,
3186 5214 3515 5301 exclamavit

1946 5307 2139 5363 dicens
2159 5346 2176 5373 ,
2204 5309 2324 5365 Non
2356 5326 2441 5369 est
2469 5314 2575 5373 tale
2603 5316 2913 5390 decretum,
2950 5339 3058 5379 non
3091 5335 3177 5381 est
3207 5342 3384 5384 canon
3413 5334 3507 5401 qui

1946 5397 2052 5453 hoc
2074 5396 2289 5470 iubeat,
2321 5407 2587 5465 mentitus
2614 5417 2717 5463 est.
2756 5410 3098 5481 Patresvero
3127 5420 3350 5475 concilii
3385 5396 3511 5484 sex~

1942 5489 2090 5545 ccnti
2140 5500 2196 5547 et
2246 5492 2470 5563 triginta
2508 5495 2760 5556 numero
2804 5503 2893 5559 his
2932 5507 3173 5574 auditis,
3216 5511 3505 5581 Eutychen

1942 5581 2414 5651 condemnarunt,
2475 5590 2752 5648 nolentem
2821 5612 3013 5666 sapere
3062 5611 3228 5672 atque
3274 5606 3507 5665 credere

1942 5671 2130 5747 aliqua
2172 5676 2305 5744 alia,
2346 5695 2467 5752 quae
2503 5682 2559 5739 in
2593 5682 2816 5747 Nicaeuo
2875 5690 3138 5761 Sytuholo
3185 5710 3292 5750 non
3322 5701 3501 5759 couti-

3034 5785 3103 5849 Ut
