3990 6212
440 301 546 362 Si!)

1427 286 1931 348 BESSARIONIS
1972 285 2028 345 ‘5.
2061 284 2131 344 li.
2164 284 2227 346 E.
2253 281 2719 346 CARDINALIS

3559 276 3664 340 120

435 429 675 476 neantur
718 413 994 484 explicito.
1051 410 1170 467 Alia
1229 422 1361 462 vero
1407 406 1533 459 dico
1586 418 1856 463 numero.
1894 417 2000 455 nou
2035 413 2074 466 Α
2108 417 2204 456 nes
2242 418 2271 455 a
2312 401 2587 471 praedictis
2625 399 2830 454 sanctis
2872 395 3130 451 Patribus
3163 397 3273 464 jam
3316 394 3521 460 editos,
3551 410 3606 452 et
3635 415 3664 454 a

441 521 502 566 ut
556 505 988 563 contradictoria
1028 501 1110 554 vel
1145 496 1457 559 contraria,
1489 509 1600 564 quo
1659 493 1712 547 fit
1740 534 1753 556 ,
1790 501 1846 545 ut
1880 491 1998 544 illas

414 603 744 659 ~additiones
795 595 1109 666 putaverint
1151 589 1481 645 iubibendas
1511 602 1633 641 esse
1657 627 1671 652 ,
1702 599 1824 654 qua:
1861 599 1992 637 cou-

437 695 621 750 trarire
666 700 724 746 et
774 687 1043 758 Opposita:
1091 682 1309 738 veritati
1361 688 1683 744 sunt,-non
1729 677 1848 730 illas
1879 689 2000 742 qua:

435 795 566 842 sunt
594 789 998 838 consentaneae.
1027 775 1181 842 Quod
1206 773 1359 829 enim
1383 769 1636 826 Christus
1664 767 1718 820 in
1788 766 2000 820 duabus

435 890 494 935 et
521 893 585 932 ex
623 874 840 930 duabus
875 870 1093 925 naturis
1128 860 1702 933 absqneconfusione
1737 871 2000 926 perman-

432 969 570 1026 serit
612 974 736 1038 post
783 962 966 1018 carnis
1017 956 1452 1024 assumptionem
1478 992 1492 1017 ,
1526 949 1673 1020 quod
1710 948 1997 1017 'Eutyches

434 1061 697 1129 negabat,
748 1065 1064 1124 quanquam
1104 1045 1264 1101 aliud
1310 1056 1460 1098 esset
1502 1057 1531 1096 a
1573 1040 1798 1096 Nicaano
1836 1039 1998 1108 Sym-

434 1151 561 1205 bolo
583 1190 596 1211 ,
627 1145 777 1201 aliud
805 1155 933 1197 vero
959 1155 1068 1194 non
1104 1135 1377 1192 sententia
1403 1174 1417 1198 ,
1448 1130 1754 1188 sedverbis
1777 1171 1790 1192 ,
1821 1138 2000 1182 tamen

433 1240 703 1310 cogebant
738 1234 1024 1304 Eutychen
1048 1269 1063 1294 ,
1098 1237 1158 1282 ut
1190 1227 1296 1281 hoc
1323 1226 1596 1280 crederet.
1636 1222 1806 1290 igitur
1827 1218 2005 1273 mani-

435 1334 572 1386 feste
618 1338 847 1398 apparet
890 1341 996 1379 non
1041 1320 1370 1388 simpliciter
1404 1317 1551 1370 aliud
1580 1356 1594 1377 ,
1643 1313 1738 1367 sed
1777 1320 2001 1366 contra-

433 1425 577 1477 rium
635 1417 950 1475 iuhibuisse
1003 1421 1221 1469 sanctos
1274 1412 1553 1464 doctores.
1615 1402 2002 1458 Animadverte

434 1524 668 1578 namque
701 1505 846 1575 quod
896 1504 1130 1572 ipsamet
1179 1499 1344 1552 verba
1393 1494 1542 1548 tertii
1588 1491 1851 1555 concilii,
1883 1503 2005 1558 qua:

446 1617 548 1656 nos
581 1598 952 1670 proferimus,
989 1592 1124 1646 nulli
1152 1589 1407 1642 videlicet
1440 1585 1607 1639 licere
1640 1583 1802 1636 aliam
1838 1580 2003 1634 fidem

438 1692 716 1762 proterre,
776 1689 894 1742 lucc
920 1685 1112 1739 eadem
1163 1681 1437 1748 Eutychos
1487 1691 1589 1745 pro
1637 1690 1696 1728 se
1740 1670 2008 1742 produce-

2100 489 2415 544 Christiano
2455 488 2737 542 consortio
2783 496 3041 553 tanquam
3085 483 3299 537 alienus
3339 483 3666 552 pellatur-et

2103 580 2445 649 projiciatur.
2481 579 2592 634 Nos
2619 578 2767 632 enim
2822 591 2924 630 nec
2971 575 3178 628 addere
3243 587 3426 642 neque
3456 575 3667 632 auferre

2102 672 2400 741 quidquam
2429 671 2679 724 omnino
2731 667 2811 721 vel
2867 670 3208 736 cogitamus,
3257 665 3341 718 vel
3377 680 3661 734 possumus

2085 778 2345 818 canones
2391 761 2688 830 praedictos
2735 767 3054 827 sequentes.
3107 757 3207 810 llic
3255 771 3435 810 canon
3489 757 3657 810 marri-

2103 855 2240 907 feste
2271 852 2515 905 declarat
2543 848 2688 902 tertii
2717 847 2940 902 concilii
2971 847 3254 900 decretum
3281 883 3296 908 ,
3329 856 3384 899 et
3409 846 3657 908 aliorum,

2101 957 2222 1012 quae
2257 941 2541 1004 inhibent,
2573 956 2641 995 ne
2675 937 2800 1008 quis
2830 937 2991 990 aliam
3030 934 3286 1005 prmferat
3321 933 3510 999 fidem,
3545 950 3663 988 cum

2103 1033 2286 1097 dicat,
2318 1033 2467 1102 quod
2504 1032 2550 1086 si
2584 1030 2708 1100 quis
2745 1029 3030 1082 contraire
3064 1028 3285 1082 Patrum
3322 1025 3669 1095 dogmatibus

2073 1131 2360 1190 conetur,
2386 1115 2693 1178 [anathema
2734 1123 2804 1177 sit
2840 1120 3146 1177 secundum
3182 1130 3422 1173 canones
3451 1120 3564 1186 jam
3598 1116 3667 1168 ab

2072 1236 2082 1246 ·’
2103 1216 2187 1270 eis
2218 1216 2415 1281 editos,
2447 1215 2549 1268 hos
2575 1214 2852 1277 videlicet,
2881 1213 2974 1282 qui
3009 1209 3264 1264 inhibent
3291 1209 3451 1262 aliam
3481 1206 3668 1260 ﬁdem.

2076 1307 2229 1360 "llaec
2277 1307 2444 1375 igitur
2477 1306 2708 1360 decreta
2749 1302 3084 1358 contrariam
3129 1300 3290 1354 fidem
3334 1299 3670 1368 prohibent,

2071 1420 2085 1436 >
2105 1409 2160 1454 et
2185 1399 2610 1468 quod-inferunt
2633 1439 2646 1460 ,
2684 1413 2784 1452 nos
2811 1397 2957 1453 enim
2987 1411 3089 1450 nec
3114 1395 3368 1449 addimus
3388 1433 3402 1457 ,
3439 1406 3539 1445 nec
3568 1407 3670 1444 au-

2076 1527 2078 1529 ›
2105 1491 2334 1551 ferimus
2365 1491 2569 1559 aliquid
2595 1489 2698 1552 ,vin
2736 1488 2838 1542 fide
2871 1488 3126 1542 videlicet
3159 1486 3508 1552 intelligunt,
3563 1497 3672 1535 non

2109 1582 2162 1635 in
2206 1581 2464 1653 Symbolo
2499 1581 2883 1646 {Symbolum
2928 1581 3074 1633 enim
3121 1579 3238 1632 lucc
3279 1578 3523 1647 synodus
3561 1591 3670 1628 non

2106 1674 2343 1726 inseruit
2383 1676 2437 1726 i-n
2479 1688 2579 1726 suo
2613 1673 2842 1726 decreto
2865 1713 2879 1737 ,
2923 1671 3016 1724 sed
3047 1669 3221 1723 fidem
3260 1680 3546 1736 exponens
3569 1707 3582 1726 .
3617 1675 3674 1720 et

436 1788 551 1839 hat.
601 1784 906 1850 Episcopus
947 1790 1076 1829 vero
1120 1771 1470 1842 Doryleusis,
1504 1781 1557 1822 et
1603 1775 1778 1820 totum
1825 1762 2007 1816 conci-
2040 1803 2078 1855 Β
2108 1767 2360 1835 dogmata
2393 1774 2706 1819 sanctorum
2725 1765 2966 1818 Patrum
2994 1802 3009 1827 ,
3043 1771 3100 1816 et
3128 1761 3373 1815 omnium
3406 1757 3674 1812 concilio-

435 1879 570 1930 lium
602 1915 615 1939 ,
642 1873 764 1926 Non
792 1878 875 1923 est
905 1866 1030 1921 talis
1078 1878 1281 1925 canon,
1307 1861 1685 1914 exclamarunt
1706 1895 1721 1919 ,
1763 1854 1854 1922 qui
1901 1853 2008 1906 hoc

436 1971 626 2038 juhcat
647 2005 660 2030 ,
695 1972 750 2016 et
777 1961 928 2014 illum
959 1955 1399 2011 condemnarunt
1424 1960 1684 2016 tauquam
1712 1960 1818 2000 non
1853 1953 2006 1999 recte

439 2058 832 2121 intelligentem
862 2052 1009 2105 hunc
1037 2059 1327 2102 canonem.
1353 2039 1670 2109 EXponehat
1695 2039 1844 2092 enim
1876 2050 2004 2090 eum

438 2144 903 2222 quemadmodum
944 2151 999 2196 et
1045 2138 1238 2212 nostri,
1270 2149 1435 2188 omne
1480 2131 1629 2186 aliud
1659 2129 2005 2200 simpliciter,

437 2219 604 2299 etiam
632 2239 678 2295 si
709 2245 856 2293 esset
883 2230 1196 2287 diiiercntia
1229 2224 1474 2280 verbalis
1497 2263 1511 2288 ,
1540 2233 1744 2294 putans
1789 2219 1998 2274 inhibi-

441 2343 558 2388 tum
602 2344 747 2385 esse.
795 2329 970 2391 Quam
1015 2319 1421 2391 expositionem
1453 2312 1712 2386 synodus
1762 2310 2008 2374 refellit,

439 2438 551 2491 non
580 2433 788 2490 negans
820 2417 936 2470 haec
964 2413 1132 2468 verba
1171 2410 1226 2464 in
1261 2422 1478 2462 canone
1509 2403 1796 2474 Ephesino
1826 2399 2005 2456 conti-

439 2515 599 2569 neri:
641 2512 809 2566 aliam
858 2517 1036 2562 tamen
1065 2503 1227 2558 fidem
1273 2509 1514 2570 putans,
1562 2494 2007 2566 quat-“contraria

425 2604 709 2668 veritati,
767 2615 877 2654 non
931 2611 1054 2666 qua:
1104 2592 1289 2648 verbis
1345 2589 1654 2654 differens,
1711 2582 2004 2642 sententiis

441 2708 672 2751 concors
698 2698 756 2746 et
783 2696 1150 2744 consentanea
1179 2683 1274 2738 sit.

516 2785 652 2839 item
693 2781 751 2836 in
791 2780 934 2834 libro
962 2789 1236 2832 canonum
1269 2770 1634 2828 conciliorum
1660 2807 1676 2832 ,
1706 2777 1846 2834 quos
1903 2775 2013 2816 no-

445 2885 563 2932 ster
593 2874 840 2928 Zonaras
886 2867 1147 2938 exponit,
1202 2863 1258 2920 in
1303 2877 1371 2920 eo
1394 2902 1409 2928 ,
1456 2861 1677 2928 inquam
1700 2897 1715 2922 ,
1750 2854 1895 2910 libro
1930 2859 2017 2908 est

443 2972 565 3026 haec
611 2965 866 3024 inhibitio
912 2960 1062 3018 tertii
1110 2957 1383 3020 concilii,
1416 2954 1504 3012 his
1549 2950 1804 3013 videlicet
1853 2944 2015 3002 lectis

445 3056 834 3117 determinavit
860 3060 1046 3110 sancta
1079 3047 1346 3120 synodus,
1379 3053 1435 3100 et
1460 3052 1546 3104 est
1575 3042 1720 3096 inter
1751 3035 2008 3108 ejusdem

456 3151 676 3208 concilii
709 3135 952 3205 canones
983 3141 1257 3212 septimus
1291 3150 1563 3202 numero;
1595 3143 1720 3190 ante
1753 3132 1901 3186 hunc
1933 3135 2018 3184 est
2044 3111 2087 3170 C

438 3245 590 3300 alius
622 3240 868 3312 ejusdem
901 3235 1125 3291 concilii
1163 3247 1340 3293 canon
1378 3242 1615 3290 numero
1648 3231 1874 3287 sextus,
1909 3219 2010 3290 qui

448 3329 1059 3400 communioneprivat
1095 3339 1193 3380 eos
1232 3323 1325 3391 qui
1367 3321 1636 3376 auderent
1675 3312 1886 3384 aliquid
1917 3327 2019 3368 eod

447 3443 572 3484 rum
600 3433 920 3497 permutare
941 3461 957 3486 ,
993 3434 1114 3488 quae
1143 3432 1176 3471 a
1213 3414 1424 3484 synodo
1460 3421 1581 3472 acta
1616 3419 1767 3464 sunt.
1801 3408 1862 3460 In
1895 3419 2016 3474 sep-

449 3494 814 3573 timo—autem
845 3522 1054 3569 canone
1089 3504 1346 3564 videlicet
1400 3495 1749 3556 inhibitionis
1787 3494 2020 3550 anathe-

448 3609 787 3666 matizantur
807 3604 904 3672 qui
926 3596 1406 3668 transgrediuntur
1437 3604 1702 3646 canonem
1729 3628 1744 3654 ,
1773 3596 1830 3642 et
1858 3586 2022 3641 aliam

447 3699 752 3772 przedicent
778 3695 961 3755 (idem.
991 3688 1198 3757 Quaerit
1230 3687 1398 3757 igitur
1422 3685 1669 3744 Zonaras
1693 3695 1865 3752 quare
1896 3693 2025 3734 san-

452 3796 526 3850 cti
559 3793 753 3848 Patres
787 3789 844 3843 in
875 3792 1030 3842 sexto
1068 3795 1281 3838 canone
1319 3776 1713 3833 communione
1752 3775 2023 3828 duntaxat

445 3886 668 3962 privaut
697 3890 1152 3952 transgressores,
1180 3873 1235 3927 in
1261 3870 1495 3941 septimo
1526 3882 1658 3922 vero
1685 3862 2023 3921 anathemati

449 3955 548 4033 eos
577 3974 914 4045 subjiciunt;
955 3970 1097 4023 hanc
1131 3979 1266 4020 vero
1307 3962 1672 4034 qumstionem
1715 3957 1803 4012 his
1839 3955 2026 4010 verbis

450 4068 614 4124 solvit
647 4085 662 4121 :
699 4065 930 4120 Multum
972 4060 1245 4122 interest,
1285 4056 1504 4122 inquit,
1542 4053 1691 4105 inter
1741 4045 2026 4103 contradi-

453 4176 606 4228 cere,
645 4167 702 4214 et
733 4157 992 4214 dubitare
1026 4152 1094 4206 de
1133 4149 1316 4216 aliqua
1348 4161 1453 4213 re;
1521 4142 1650 4198 ideo
1676 4141 1769 4212 qui
1803 4137 2026 4193 dubitat

451 4253 520 4308 de
568 4252 655 4306 his
685 4265 806 4319 quae
831 4247 942 4318 jam
974 4253 1124 4299 recte
1155 4257 1186 4295 a
1217 4239 1476 4295 Patribus
1513 4241 1716 4291 statuta
1743 4237 1898 4297 sunt,
1935 4242 2029 4283 ex-

453 4340 960 4400 communicatione
1009 4332 1331 4396 iunodatur,
1379 4337 1436 4384 et
1474 4323 1863 4382 communione
1908 4319 2026 4392 pri-

451 4445 648 4489 νδιιινε
671 4432 766 4503 (ιιιί
812 4443 943 4484 vero
971 4427 1053 4481 eis
1077 4420 1420 4517 Ponuadic“
1443 4410 2027 4517 ι³¹¹ξ1¹ἓ³⁰¹ᾼ⁰⁰¹¹ι¹¹³τί²
2047 4455 2110 4517 .D
2138 4450 2259 4489 mus
2289 4444 2416 4489 ante
2447 4432 2753 4490 secundum
2783 4410 3079 4488 concilium
3127 4435 3268 4488 hanc
3315 4434 3714 4493 inhibitiouem

454 4526 705 4595 sapiens,
753 4515 1277 4575 auathematizatur.
1310 4513 1494 4580 Quare
1535 4510 1641 4564 iste
1673 4507 1842 4562 etiam
1873 4517 2028 4559 com-

457 4626 733 4674 tuentator
763 4615 926 4668 aliam
975 4609 1136 4664 iidem
1161 4607 1250 4662 hic
1280 4602 1764 4661 contradictoriam
1807 4605 2028 4654 contra-

455 4708 708 4776 riamque
753 4701 1103 4774 apertissime
1157 4707 1214 4754 et
1263 4694 1555 4750 manifeste
1619 4692 1887 4747 nominat.

530 4801 667 4855 Item
717 4795 1016 4852 concilium
1063 4794 1120 4847 in
1164 4791 1354 4845 Trullo
1384 4787 1720 4844 celebratum
1752 4785 1808 4840 in
1854 4783 2034 4855 primo

453 4910 560 4950 suo
581 4905 797 4948 canone
823 4889 995 4944 dicit:
1025 4886 1332 4941 Statuimus
1359 4880 1756 4936 immutabilem
1781 4918 1796 4945 ,
1825 4878 2034 4952 absque

458 4988 644 5056 aliqua
687 4985 932 5040 novitate
959 5021 974 5045 ,
1019 4992 1247 5034 servare
1290 4975 1551 5031 traditam
1590 4973 1755 5028 nobis
1788 4972 1858 5026 ab
1895 4971 2031 5040 ipsis

459 5074 921 5138 ministrisﬂerbi
967 5071 1060 5142 qui
1093 5068 1226 5125 illud
1255 5068 1431 5122 oculis
1455 5065 1734 5129 viderunt,
1768 5061 2034 5134 apostolis

457 5169 717 5224 videlicet
746 5167 986 5230 sanctis,
1023 5172 1080 5219 et
1108 5179 1139 5218 a
1167 5161 1274 5217 518
1309 5159 1517 5218 sanctis
1543 5157 1806 5212 Patribus
1841 5156 1896 5210 in
1930 5153 2023 5210 Ni-

458 5277 571 5318 orca
605 5259 984 5330 congregatis;
1021 5266 1078 5311 et
1138 5263 1546 5323 consequenter
1595 5259 1887 5304 enumerat
1920 5262 2037 5303 om-

456 5356 548 5410 nia
580 5354 814 5410 concilia
837 5392 852 5415 ,
886 5360 943 5406 et
980 5349 1142 5417 jubet
1191 5347 1353 5401 fidem
1383 5345 1452 5399 ab
1482 5344 1742 5399 omnibus
1775 5343 1885 5398 illis
1920 5350 2030 5396 tra-

463 5449 639 5503 ditam
679 5443 1087 5500 immutabilem
1127 5437 1360 5495 servari.
1401 5437 1608 5495 Deinde
1649 5435 1857 5502 infert,
1888 5434 2034 5504 quod

459 5539 506 5592 si
540 5538 666 5608 quis
704 5533 968 5606 praedicta
1007 5531 1233 5602 pietatis
1269 5529 1525 5599 dogmata
1568 5541 1678 5581 non
1717 5534 1941 5590 teneat,
1978 5532 2035 5579 et

460 5631 542 5684 eis
573 5630 890 5698 acquiescat
911 5665 926 5692 ,
960 5635 1017 5680 et
1048 5626 1123 5680 ita
1154 5624 1368 5694 sapiat,
1401 5631 1457 5677 et
1485 5623 1747 5693 praedicet
1775 5659 1788 5685 ,
1826 5618 1922 5674 sed
1956 5617 2037 5673 eis

461 5719 745 5773 contraire
779 5727 1049 5786 conetur,
1091 5714 1384 5771 anathema
1423 5711 1498 5771 sit
1523 5709 1830 5770 secundum
1867 5721 2035 5766 cano-

2109 1876 2228 1914 rum
2273 1858 2471 1920 infert,
2518 1859 2629 1912 Nec
2668 1855 2907 1921 addere,
2955 1869 3056 1908 nec
3113 1853 3332 1906 auferre
3379 1849 3676 1919 quidquam

2108 1951 2458 2021 cogitamus:
2495 1960 2550 2004 et
2583 1950 2733 2002 ratio
2755 1990 2768 2014 ,
2806 1948 2947 2016 quia
2989 1960 3230 2000 canones
3262 1941 3554 2012 praedictos
3585 1955 3679 1994 se-

2108 2043 2375 2113 quimur;
2405 2042 2478 2094 ita
2510 2051 2564 2094 ut
2596 2043 2742 2094 clare
2769 2049 2954 2108 pateat
2976 2077 2991 2102 ,
3023 2053 3147 2092 cum
3178 2037 3325 2090 dicat
3353 2035 3549 2089 Patres
3577 2047 3678 2088 uec

2111 2135 2316 2188 addere
2349 2147 2448 2186 nec
2477 2134 2698 2186 auferre
2746 2132 2919 2186 licere
2942 2172 2957 2196 ,
3006 2146 3117 2184 non
3153 2129 3406 2184 verbales
3439 2127 3676 2180 additio-

2115 2239 2214 2279 nes
2240 2235 2294 2278 et
2319 2224 2642 2286 ahlatioues,
2702 2223 2796 2278 sed
2843 2222 3240 2277 contrariarum
3277 2219 3678 2273 sententiarum

2087 2322 2167 2369 ρει
2213 2314 2332 2368 falsi
2381 2330 2578 2368 sensus
2626 2313 2901 2368 inhibere.
2941 2312 3056 2367 Per
3099 2313 3246 2365 hunc.
3296 2310 3463 2378 igitur
3506 2324 3680 2363 unum

2095 2419 2381 2459 canonem
2426 2405 2604 2458 solum
2628 2446 2642 2469 ,
2673 2419 2842 2472 quem
2888 2418 2997 2456 non
3033 2402 3173 2457 ratio
3205 2413 3389 2456 nostra
3427 2402 3680 2467 inducit,

2094 2511 2224 2551 rnon
2257 2495 2458 2564 aliquis
2501 2496 2747 2565 privatus
2781 2495 2951 2548 homo
2983 2504 3390 2549 commentatur
3419 2493 3690 2561 simplici-

2088 2595 2223 2652 ter,
2252 2587 2345 2642 sed
2378 2603 2541 2656 quem
2577 2603 2683 2641 una
2711 2587 2978 2657 synodus,
3011 2597 3092 2641 tot
3122 2587 3345 2641 Patrum
3375 2595 3690 2640 conventus

2103 2681 2477 2750 -composuit,
2524 2695 2636 2750 quo
2686 2682 2853 2747 etiam
2896 2689 2950 2734 et
2985 2680 3221 2734 aliorum
3268 2679 3530 2736 similium
3578 2677 3692 2733 Pa-

2123 2783 2267 2830 trum
2313 2787 2553 2832 mentem
2599 2785 2925 2848 exponunt,
3004 2775 3352 2847 apertissime
3413 2785 3470 2831 et
3511 2775 3694 2830 mani-

2109 2867 2421 2924 festissime
2453 2868 2689 2924 solvitur
2719 2869 2954 2938 quaestio
2983 2883 3094 2923 non
3127 2869 3466 2924 contendere
3497 2869 3716 2924 volenw

2101 2961 2291 3015 itibus.
2326 2959 2636 3016 Voluissem
2669 2961 2866 3014 liceret
2901 2959 3120 3027 longius
3143 2960 3410 3031 evagari;
3443 2961 3696 3017 vidi-sses

2127 3053 2377 3123 profecto
2409 3053 2613 3108 multas
2641 3053 2852 3108 similes
2889 3054 3154 3116 rationes,
3213 3063 3269 3106 et
3315 3052 3540 3120 quidem
3591 3067 3701 3119 po-

2105 3145 2388 3200 -~tissimas.
2429 3145 2566 3201 Cum
2606 3159 2736 3200 vero
2769 3156 2825 3200 et
2864 3161 2988 3214 qum
3041 3146 3186 3199 dicta
3234 3155 3364 3197 sunt
3415 3145 3487 3197 ita
3542 3145 3700 3198 clare

2116 3239 2276 3295 hanc
2303 3239 2661 3308 quaestionem
2708 3237 3015 3305 decidant,
3069 3247 3130 3292 ut
3186 3236 3261 3290 illi
3303 3236 3564 3306 quidem,
3601 3235 3704 3304 qui

2130 3332 2421 3387 veritatem
2485 3331 2721 3401 diligat,
2783 3339 2837 3386 et
2888 3330 3096 3401 absque
3151 3329 3508 3384 contentione
3574 3343 3710 3398 qua:

2110 3424 2272 3479 dicta
2335 3431 2464 3478 sunt
2510 3424 2734 3489 audiat,
2767 3425 2902 3477 satis
2950 3436 3226 3492 superque
3281 3423 3414 3486 sint,
3467 3431 3708 3476 conten-

2124 3517 2256 3572 dere
2287 3532 2427 3571 -vero
2459 3515 2662 3570 volenti
2694 3529 2798 3569 uec
2850 3514 3027 3569 multo
3079 3514 3267 3584 plures
3316 3513 3700 3568 satisfaciant:

2126 3626 2235 3666 uno
2284 3610 2550 3664 duntaxat
2598 3616 2923 3679 argumento
2968 3607 3286 3680 Latinorum
3346 3605 3530 3660 adhuc
3590 3607 3703 3661 ad-

2125 3701 2268 3766 dito,
2297 3699 2526 3755 cessabo
2575 3698 2643 3753 de
2696 3699 2797 3753 hac
2845 3714 2905 3752 re
2935 3698 3091 3768 plura
3118 3697 3325 3752 dicere.
3372 3697 3466 3752 Est
3507 3707 3707 3757 autem

2126 3793 2234 3848 hoc
2263 3780 2612 3862 potissmium
2639 3832 2653 3855 ,
2686 3789 2912 3860 etquod
2945 3789 3120 3844 solum
3152 3789 3381 3845 suillciat
3413 3789 3478 3843 ad
3509 3791 3714 3846 redar-

2127 3883 2405 3954 guendum
2474 3898 2721 3938 errorem
2779 3891 3125 3938 nostrorum.
3189 3881 3301 3938 Nos
3359 3884 3713 3951 asserimus,

2128 3975 2274 4046 quod
2321 3976 2558 4043 primum
2602 3975 2830 4031 tertium
2877 3975 3176 4031 concilium
3221 3975 3366 4031 hanc
3415 3975 3719 4032 inhibitio-

2129 4084 2254 4122 uem
2288 4067 2569 4132 decrevit,
2602 4077 2665 4122 ut
2694 4068 2858 4137 paulo
2890 4077 3018 4122 ante
3050 4067 3165 4122 dixi
3195 4086 3208 4134 ;
3255 4068 3476 4139 quando
3526 4073 3714 4125 etiam

2130 4175 2374 4220 causam,
2405 4174 2577 4230 quare
2606 4159 2711 4213 hoc
2738 4160 2978 4214 dicimus
3008 4160 3356 4214 manifestavi
3375 4203 3394 4226 ,
3421 4177 3545 4229 qua:
3573 4174 3673 4219 est
3699 4181 3715 4218 :

2131 4251 2278 4322 quod
2311 4266 2436 4306 cum
2472 4250 2710 4306 secunda
2741 4251 2988 4323 synodus
3017 4250 3170 4322 plura
3213 4251 3528 4316 addiderit,
3579 4255 3715 4324 plu-

2133 4358 2304 4414 raque
2345 4342 2636 4397 abstulerit
2682 4357 2712 4395 a
2757 4341 3019 4413 Symbolo
3050 4342 3274 4397 Niceno
3297 4383 3314 4410 ,
3347 4343 3391 4398 si
3427 4359 3719 4402 asserere-

2130 4526 2308 4581 fuisse
2337 4564 2352 4590 ,
2385 4541 2452 4581 ex
2485 4525 2702 4580 duobus
2749 4541 2921 4590 unum
2965 4535 3313 4596 sequeretur.
3351 4541 3585 4586 necesse
3632 4545 3720 4584 es-

2137 4626 2243 4681 set,
2281 4626 2378 4670 aut
2433 4617 2888 4687 transgressionis
2920 4633 3193 4674 canonum
3225 4628 3447 4688 sanctos
3476 4622 3714 4677 secundi

2139 4710 2363 4766 concilii
2394 4710 2585 4765 Patres
2611 4724 2895 4774 accusare,
2923 4719 2978 4766 et
3008 4710 3112 4764 sub
3139 4710 3490 4767 anathemate
3513 4712 3712 4777 fuisse.

2137 4811 2232 4855 aut
2257 4816 2382 4855 cum
2416 4801 2520 4856 hoc
2544 4817 2653 4856 non
2677 4801 2852 4856 solum
2878 4802 3178 4856 absurdum
3200 4843 3216 4868 ,
3242 4802 3339 4858 sed
3365 4804 3536 4858 etiam
3569 4807 3717 4861 blas-

2138 4892 2362 4962 phemia
2401 4892 2480 4947 sit
2510 4893 2725 4958 dicere,
2761 4908 2869 4948 non
2904 4909 3127 4949 omnem
3161 4894 3440 4950 verbalem
3474 4896 3720 4951 additio-

2138 4997 2300 5044 nem,
2367 4981 2464 5036 sed
2503 4982 2810 5037 sententias
2853 4981 3019 5036 falsas
3063 4967 3228 5052 atque
3269 4985 3613 5052 contrarias,
3646 4985 3752 5040 ne'

2139 5069 2412 5124 addantur
2454 5071 2784 5126 inhibuisse.
2824 5070 3005 5137 Quare
3052 5074 3303 5140 cogimur
3337 5072 3538 5140 {licere
3587 5083 3716 5144 post

2140 5161 2438 5217 secundam
2513 5163 2779 5233 synodum
2843 5164 2984 5217 hanc
3043 5163 3430 5220 inhibitiouem
3483 5167 3711 5221 .factarn

2140 5253 2342 5319 fuisse,
2376 5268 2487 5308 non
2519 5258 2701 5310 antea;
2732 5253 2906 5324 igitur
2931 5256 2976 5308 si
3003 5255 3128 5324 quis
3157 5271 3190 5310 e
3221 5270 3494 5312 converso
3529 5267 3713 5310 osten-

2141 5348 2236 5398 dat
2282 5345 2428 5414 quod
2471 5353 2597 5400 ante
2639 5345 2935 5400 secundam
2980 5347 3254 5416 synodum
3300 5351 3417 5405 haec
3453 5349 3712 5403 iubibitio

2137 5434 2309 5491 fuerit
2339 5477 2354 5502 ,
2383 5445 2439 5491 et
2468 5437 2662 5491 iisdem
2694 5436 2809 5492 fere
2837 5439 3055 5506 verbis,
3091 5441 3292 5510 quibus
3325 5443 3544 5496 tertium
3574 5455 3714 5495 con-

2141 5528 2328 5583 cilium
2385 5544 2545 5584 usum
2595 5539 2717 5595 est,
2761 5529 3054 5600 colligetur
3099 5531 3337 5586 duorum
3368 5531 3716 5604 supradicto-

2141 5634 2262 5672 rum
2287 5619 2523 5675 alterum
2547 5659 2568 5706 ε
2588 5630 2644 5676 et
2670 5635 2792 5676 cum
2821 5622 3049 5678 secundi
3080 5623 3298 5679 concilii
3325 5625 3512 5678 Patres
3538 5631 3720 5676 trans-

2143 5724 2426 5782 gressores
2451 5705 2730 5771 canonum
2757 5713 2963 5782 dicere,
2997 5713 3345 5788 blasphemia
3374 5716 3490 5785 sit,
3518 5705 3719 5780 restat,
