3990 6212
421 263 512 330 421

1362 253 1461 312 DE
1504 244 2421 342 PliOLESSlONEfSPlRl'l‘US
2459 242 2748 308 SANCTL

3548 241 3653 308 432

425 396 480 440 ut
520 378 827 438 secundum
869 376 940 432 sit
971 387 1162 429 verum
1183 411 1198 436 ,
1232 370 1489 425 videlicet
1543 382 1648 422 non
1687 364 1740 419 id
1778 363 1981 418 intelli-
2006 364 2056 424 Α
2091 359 2360 428 intelligit,
2391 375 2511 412 rum
2539 358 2674 412 hanc
2703 355 3082 412 inhibitioncrn
3111 355 3384 423 decernit,
3416 358 3508 412 sed
3543 375 3658 415 ma-

427 491 550 547 gere
587 473 737 527 illam
771 465 1162 523 inhibitionem
1187 501 1204 527 ,
1235 461 1383 531 quod
1417 457 1586 514 nostri
1629 463 1817 547 putant
1838 496 1851 516 ,
1883 451 1981 506 sed

423 545 748 622 contrariam
790 558 950 612 tidem
999 554 1271 610 inhibere.
1329 549 1443 604 lloc
1477 549 1642 618 igitur
1689 545 1847 600 nobis
1895 557 1984 597 os-

426 654 718 710 tenderunt
776 638 982 700 Zatini.
1043 643 1346 699 Probatum
1397 649 1479 692 est
1527 635 1728 693 etenim
1779 634 1851 688 ab
1903 633 1986 687 cis

424 747 653 815 primum
718 740 991 796 Nicmuam
1052 734 1325 806 synodum
1396 731 1538 784 hanc
1597 727 1984 801 inhibitionem

425 836 612 892 fecisse
639 872 654 892 .
693 832 885 886 iisdem
927 827 1064 897 ipsis
1109 825 1331 886 verbis,
1371 823 1574 892 quibus
1615 829 1670 873 et
1712 818 1984 879 tertium,

425 937 478 978 et
508 925 612 978 alia
647 919 879 975 concilia
909 917 1278 984 scripserunt.
1305 911 1614 967 Probarunt
1654 917 1838 961 autem
1883 905 1989 958 hoc

433 1017 591 1070 modo
630 1031 642 1065 :
679 1013 756 1065 lia
790 1007 1025 1063 studiosi
1052 1015 1108 1059 et
1135 1005 1423 1073 diligentes
1456 1001 1509 1054 in
1547 1001 1806 1054 omnibus
1847 996 1985 1052 acti-

427 1109 527 1163 bus
558 1108 674 1159 suis
708 1112 838 1158 sunt
892 1100 1111 1160 Latini,
1166 1104 1330 1166 prout
1371 1106 1427 1147 et
1477 1104 1565 1146 tua
1609 1091 1868 1145 nobilitas
1919 1089 1992 1140 sit

428 1208 652 1266 experta
688 1195 744 1248 in
781 1192 972 1246 multis
1004 1205 1198 1244 eorum
1229 1185 1546 1257 sapientiae,
1580 1192 1640 1236 ut
1672 1197 1778 1235 nou
1811 1180 1990 1233 solum

431 1291 482 1342 in
515 1287 737 1349 divinis,
770 1299 959 1336 verum
1008 1282 1174 1336 etiam
1247 1279 1300 1332 in
1336 1275 1592 1331 humanis
1650 1283 1704 1328 ct
1741 1271 1994 1326 civilibus

432 1381 598 1435 rebus
641 1360 778 1432 nihil
822 1389 920 1429 eos
963 1373 1030 1427 de
1081 1370 1282 1441 priscis
1334 1367 1506 1438 gestis
1543 1367 1629 1422 vel
1661 1364 1886 1434 scriptis
1915 1362 1995 1416 la-

435 1481 574 1536 trat;
607 1484 776 1539 quare
803 1469 855 1520 in
885 1478 1216 1534 unaquaque
1256 1463 1418 1516 etiam
1449 1461 1666 1514 civitate
1687 1455 1995 1525 repericsin

439 1576 629 1616 eorum
656 1557 919 1612 archiviis
956 1553 1122 1608 multa
1151 1549 1549 1621 antiquissimis
1595 1547 1764 1619 gestis
1803 1560 1995 1600 eorum

439 1652 765 1719 conscripta.
789 1646 899 1700 lloc
919 1645 1085 1700 etiam
1114 1647 1165 1697 in
1186 1643 1451 1697 catholica
1482 1639 1728 1694 Ecclesia
1767 1638 1998 1705 aliisque

2090 585 2368 640 Conclusio
2428 582 2568 652 quod
2631 589 2849 648 urgente
2919 583 3268 644 necessitate,

2090 451 2282 506 nifeste
2321 451 2649 504 contrariam
2687 449 2844 503 fidem
2879 448 3104 503 inhibet.

2167 585 2368 637 nclnsio
2428 583 2568 652 quod
2631 589 2849 648 urgente
2919 583 3268 644 necessitate,
3342 591 3391 634 et
3448 583 3658 652 judicio

2162 655 2429 714 Ecclest'a',
2477 663 2524 705 et
2572 657 2886 705 ancteritate
2942 653 3136 704 summi
3188 653 3452 721 pontiﬁcis
3507 669 3659 706 acce-

2161 726 2334 786 dente,
2386 723 2507 777 licet
2558 731 2606 775 et
2661 721 3014 775 necessarium
3063 733 3137 774 est
3195 721 3388 774 addere
3444 722 3658 777 scribunt

2163 791 2427 862 Symbolo.

2166 909 2268 963 Per
2299 909 2418 962 haec
2446 907 2630 978 itaque
2670 908 2851 962 omnia
2897 907 3325 961 clementissime
3373 907 3496 961 luce
3541 907 3652 960 cla-

2096 1004 2212 1057 rius
2248 1003 2536 1072 prohatnm
2568 1011 2650 1055 est
2682 1017 2787 1054 non
2823 1016 2944 1055 esse
2976 1001 3320 1074 prohibitum
3369 999 3660 1053 veritatem

2097 1094 2301 1148 addere
2340 1093 2463 1148 fidei
2498 1092 2778 1163 Symbolo,
2805 1091 2915 1145 imo
2951 1107 3080 1146 vero
3107 1091 3409 1145 declarare.
3441 1090 3663 1146 Nullum

2097 1185 2244 1239 enim
2280 1185 2530 1239 veritatis
2584 1184 2778 1253 dogma
2826 1191 2932 1246 est,
2963 1183 3108 1252 quod
3143 1183 3228 1236 vel
3263 1183 3518 1251 explicite
3553 1196 3662 1235 non

2100 1275 2448 1328 contineatur
2474 1273 2759 1342 Symbolo,
2797 1280 2853 1325 et
2878 1272 3110 1341 simplici
3145 1273 3520 1339 apostolorum
3556 1281 3668 1324 tra-

2102 1364 2299 1420 ditioni
2349 1381 2362 1416 :
2398 1363 2680 1418 declarare
2730 1371 2940 1424 autem,
2984 1371 3039 1417 et
3070 1362 3354 1431 replicare,
3398 1377 3462 1416 ac
3513 1361 3669 1429 Sym-

2103 1456 2232 1511 bolo
2261 1457 2463 1527 addere
2488 1471 2597 1510 non
2627 1470 2846 1526 semper
2881 1455 3159 1519 videlicet,
3189 1471 3289 1508 nec
3323 1469 3542 1508 omnem
3574 1470 3668 1506 vo-

2103 1548 2328 1609 lentem.
2375 1547 2472 1602 sed
2524 1561 2720 1616 magna
2765 1546 3095 1601 necessitate
3143 1554 3394 1616 cogente,
3441 1554 3497 1600 et
3542 1560 3667 1599 cum

2105 1639 2367 1693 Ecclesia:
2399 1640 2690 1710 judicium,
2721 1648 2777 1693 et
2826 1638 3129 1692 auctoritas
3162 1637 3358 1691 summi
3394 1637 3670 1708 pontificis

438 1746 545 1816 piis
577 1715 1172 1796 lMisseruturJlulta
1190 1735 1337 1786 enim
1358 1728 1473 1785 acta
1491 1731 1832 1800 pontiﬁcum.
1866 1727 2000 1780 mul-
2037 1715 2076 1772 Π
2105 1731 2424 1796 accesserit,
2461 1745 2569 1784 non
2623 1729 2786 1784 modo
2841 1743 2951 1784 non
2997 1743 3118 1784 esse
3172 1730 3539 1799 prohibitum,
3575 1729 3672 1782 sed

442 1849 618 1904 ta-que
679 1830 1042 1886 conciliorum
1079 1827 1325 1894 epistola:
1380 1831 1436 1876 et
1480 1834 1722 1875 canones
1763 1824 1999 1874 exstant.

440 1927 836 1986 Produxcrunt
887 1920 1054 1989 igitur
1093 1916 1254 1970 nobis
1304 1914 1361 1969 in
1409 1911 1798 1980 antiquissimo
1856 1908 2002 1961 libro

441 2019 803 2075 nien'ihraneo
829 2011 1119 2082 epistolam
1149 2005 1350 2062 Liberii
1393 2019 1544 2075 papae
1569 2002 1636 2058 ad
1677 2003 1738 2056 Β.
1761 1999 2005 2054 Albana-

438 2115 582 2164 siuin
635 2103 1065 2168 Alexandrinum
1102 2097 1471 2168 patriarcham
1502 2135 1518 2162 ,
1575 2108 1696 2164 qua:
1749 2091 1991 2160 incipit:

436 2202 560 2256 Jam
611 2215 642 2254 a
700 2196 972 2268 principio
1015 2201 1222 2246 tantam
1265 2188 1578 2258 accepimus
1617 2201 1646 2239 a
1685 2182 2007 2239 beatissimo

440 2298 610 2353 Petro
659 2290 905 2362 principe
962 2283 1367 2354 apostolorum.
1420 2279 1478 2334 lu
1528 2292 1634 2346 qua
1670 2284 1792 2345 post
1837 2285 2010 2342 pauca

441 2389 614 2448 dicit,
665 2383 944 2451 accepisse
1010 2374 1294 2444 epistolam
1350 2369 1524 2425 sancti
1581 2364 1900 2426 Athanasii,
1957 2368 2013 2415 et

438 2497 568 2536 eam
606 2479 832 2548 legisse.
865 2471 1074 2530 Deinde
1116 2469 1305 2522 addit:
1336 2465 1472 2521 Cum
1511 2471 1693 2517 autem
1724 2460 1884 2514 fidem
1917 2458 2012 2513 Ni-

441 2570 583 2626 caeni
623 2566 840 2621 concilii
881 2566 934 2618 in
976 2578 1036 2617 ea
1073 2567 1276 2614 rectam
1311 2554 1746 2622 repcrissemus,
1784 2561 2009 2616 magnas

441 2663 652 2733 gratias
683 2659 842 2713 vobis
878 2654 1170 2711 retulimus
1195 2693 1208 2718 ,
1243 2666 1344 2721 pro
1373 2663 1478 2718 qna
1510 2660 1618 2698 non
1655 2643 1832 2712 solum
1860 2654 2014 2695 com-

444 2731 562 2826 pati
595 2751 919 2813 vobiscum,
963 2755 1025 2800 et
1069 2741 1509 2815 persecutionem
1552 2736 1666 2806 pati
1710 2731 1886 2826 parati
1925 2745 2018 2784 suo

443 2821 612 2905 inus,
647 2842 739 2897 sed
783 2856 905 2895 cum
942 2837 1246 2892 necessitas
1280 2833 1495 2901 exigat,
1532 2829 1696 2881 etiam
1735 2821 1872 2878 mori
1912 2837 2016 2892 pro

444 2937 670 2994 nomine
694 2933 891 2989 Christi
932 2945 1041 2984 non
1080 2937 1497 2997 postponemus,
1530 2925 2018 2989 quantumcunque

2107 1826 2270 1882 etiam
2307 1825 2679 1880 necessarium
2707 1839 2851 1880 esse.

2178 1933 2513 1991 Continuatio
2538 1937 2864 1989 narrationis
2900 1953 3101 1999 eorum,
3131 1951 3246 2005 quin
3275 1935 3330 1988 in
3371 1938 3600 1990 concilio

2690 2005 2831 2074 facta
2865 2007 3098 2074 fuerunt.

2182 2097 2278 2152 llis
2310 2097 2476 2167 igitur
2542 2099 2774 2169 aliisque
2810 2098 3087 2154 similibus
3116 2112 3209 2168 per
3241 2097 3464 2154 Latinos
3494 2097 3676 2162 dictis,

2109 2192 2534 2248 clementissime
2570 2195 2674 2256 vir,
2709 2209 2808 2248 nos
2857 2209 2980 2248 cum
3014 2195 3148 2248 nihil
3184 2194 3249 2248 ad
3296 2195 3418 2250 baac
3448 2210 3680 2264 reSpon-

2111 2284 2241 2340 dere
2294 2285 2662 2349 haberemus,
2728 2286 2862 2356 quid
2925 2303 3163 2357 namque
3215 2297 3431 2356 poterat
3479 2269 3682 2358 aliquis

2112 2384 2303 2431 contra
2330 2377 2490 2431 talem
2516 2377 2801 2431 veritatem
2839 2377 3190 2446 impudenter
3210 2377 3436 2432 dicere?
3465 2379 3683 2432 taceba-

2114 2482 2254 2521 mus.
2303 2465 2482 2520 Latini
2518 2481 2651 2522 vero
2683 2467 2913 2536 probato
2945 2467 3091 2537 quod
3123 2468 3252 2522 licet
3282 2467 3488 2522 addere
3521 2469 3679 2540 Sym-

2114 2557 2241 2612 bolo
2305 2559 2630 2621 veritatem,
2683 2569 3089 2627 consequenter
3152 2559 3558 2628 pollicebantur
3620 2575 3681 2616 se

2117 2648 2449 2718 probaturos
2504 2648 2669 2704 etiam
2712 2648 2910 2718 dogma
2962 2648 3222 2721 Symbolo
3275 2651 3544 2719 additum,
3586 2667 3683 2706 vc-

2117 2760 2239 2798 rum
2296 2760 2443 2808 esse,
2498 2744 2792 2807 videlicet,
2843 2746 2987 2814 quod
3041 2744 3285 2814 Spiritus
3336 2756 3560 2801 sanctus
3618 2761 3686 2802 ex

2118 2837 2285 2892 Patre
2349 2836 2599 2905 Filioque
2642 2836 2908 2906 procedit.
2948 2836 3019 2890 At
3047 2839 3218 2892 nostri
3251 2837 3304 2890 in
3338 2838 3517 2906 primo
3549 2853 3686 2893 con-

2120 2929 2284 2993 victi,
2345 2928 2719 2984 formidabant
2773 2931 3076 2984 secundum
3138 2939 3417 2985 certamen
3474 2930 3686 2996 subire,

443 3043 650 3086 sumus
704 3024 1028 3080 imbecilles.
1076 3019 1342 3075 Praedicta
1393 3027 1630 3083 namque
1677 3019 1736 3066 ut
1785 3009 2019 3102 legimus
2045 3044 2089 3102 ε
2123 3018 2366 3088 ίῃυάηιιθ
2399 3019 2482 3074 eis
2517 3018 2720 3084 evenit,
2753 3020 2899 3089 quod
2930 3035 3032 3089 ego
3054 3022 3163 3088 jam
3197 3035 3226 3074 a
3259 3020 3528 3091 principio
3551 3036 3689 3090 prae.

445 3131 646 3177 sancta
707 3115 958 3172 decrevit
1018 3111 1235 3167 Nicaana
1294 3106 1574 3178 synodus,
1629 3103 1790 3156 aliam
1851 3097 2015 3156 fidem

446 3213 591 3267 nulli
633 3209 800 3263 licere
841 3204 1088 3274 proferre
1120 3242 1134 3265 ,
1175 3208 1271 3254 aut
1305 3196 1696 3258 conscribere,
1735 3199 1831 3246 aut
1870 3205 2024 3247 com-

447 3312 663 3369 ponere
688 3335 702 3357 ,
733 3302 827 3348 aut
871 3306 1101 3361 sapere,
1149 3297 1245 3344 aut
1284 3288 1448 3341 aliter
1489 3285 1692 3338 docere
1716 3323 1732 3348 ,
1767 3296 1870 3336 nec
1909 3281 2016 3336 ali-

445 3391 584 3461 quid
607 3389 661 3443 in
695 3388 798 3441 fide
819 3385 901 3440 vel
930 3383 1255 3451 intelligere.
1283 3381 1364 3434 vel
1392 3378 1634 3448 proferre
1657 3373 1800 3445 quod
1825 3373 2024 3426 horum

447 3476 681 3540 Patrum
724 3477 959 3532 decretis
998 3473 1335 3528 contrarium
1383 3469 1474 3522 sit.
1511 3467 1612 3534 Qui
1659 3479 1793 3518 vero
1821 3464 2023 3517 audeat

447 3577 621 3630 aliam
657 3572 819 3626 fidem
851 3568 1127 3638 proferre,
1157 3573 1252 3618 aut
1276 3564 1514 3626 dueere,
1547 3567 1644 3613 aut
1689 3558 1835 3611 aliud
1868 3556 2026 3626 Sym-

451 3671 645 3722 bolum
682 3662 896 3716 tradere
928 3659 1038 3712 illis
1074 3659 1166 3726 qnl
1205 3657 1271 3710 ad
1310 3657 1452 3707 viam
1491 3652 1744 3706 veritatis
1779 3664 1844 3704 ex
1878 3663 2020 3719 qua-

448 3771 684 3826 cunque
745 3753 938 3809 h.r-resi
976 3751 1293 3805 desiderant
1339 3747 1608 3811 converti,
1668 3756 1762 3799 aut
1803 3761 1870 3799 ex
1928 3742 2028 3798 Ju-

452 3849 702 3910 daismo,
734 3853 830 3899 aut
862 3859 927 3899 ex
961 3841 1284 3913 gentilitate,
1319 3841 1364 3894 si
1405 3841 1698 3910 episcopus
1732 3839 1814 3890 vel
1864 3837 2028 3891 cleri-

453 3955 560 3996 cus
605 3940 717 4003 sit,
762 3937 1008 4006 privetur
1040 3935 1338 4004 episcopus
1373 3932 1675 4003 episcopali
1723 3932 2027 4001 dignitate,

455 4043 516 4088 et
548 4031 793 4086 clericus
826 4028 975 4081 clero
1025 4045 1039 4080 :
1075 4025 1118 4080 si
1167 4039 1298 4079 vero
1340 4025 1678 4086 monachus,
1718 4033 1813 4078 aut
1857 4024 2031 4078 laicus

457 4119 982 4179 anathematizetur.
1036 4115 1160 4170 Haec
1208 4131 1356 4170 nunc
1405 4116 1633 4184 quidem
1680 4114 1820 4168 actis
1865 4112 2028 4181 primi

459 4210 685 4268 c0ncilii
718 4207 1020 4278 deperditis
1064 4206 1252 4276 ignota
1299 4205 1461 4258 nobis
1505 4212 1678 4258 sunt:
1723 4212 1856 4257 tunc
1898 4216 2030 4255 vero

462 4320 531 4358 cu
545 4320 598 4357 m
634 4301 816 4356 adhuc
849 4306 1167 4362 exstarent,
1196 4296 1444 4351 sciebant
1473 4303 1530 4348 et
1560 4308 1697 4364 papa
1737 4293 2028 4356 Liberius,

2125 3108 2376 3164 videbam
2417 3109 2686 3174 futurum,
2740 3124 2864 3163 cum
2916 3109 3304 3177 impediebam,
3339 3125 3406 3166 ne
3457 3112 3526 3166 ab
3577 3113 3682 3166 hae

2125 3201 2426 3267 quaestione
2465 3198 2861 3270 inciperemus.
2897 3199 3191 3254 Timebant
3223 3200 3498 3272 igitur,'t!t
3530 3203 3684 3257 nullo

2126 3286 2290 3343 modo
2336 3286 2596 3340 volebant
2627 3285 2863 3357 amplius
2910 3301 3282 3356 permanere:
3315 3289 3410 3345 sed
3446 3291 3688 3361 quisque

2127 3383 2474 3438 desiderabat
2505 3382 2817 3449 discedere,
2844 3391 2898 3438 et
2933 3385 3134 3438 reverti
3163 3385 3228 3438 ad
3254 3387 3495 3456 propria,
3525 3390 3690 3446 nihil~

2127 3491 2234 3545 que
2260 3475 2430 3538 aliud,
2462 3473 2567 3529 nisi
2599 3473 2938 3530 redeundum
2966 3474 3032 3529 ad
3070 3476 3302 3546 patriam
3333 3478 3640 3535 clamabant
3672 3500 3686 3537 :

2126 3577 2184 3622 ct
2212 3583 2332 3621 cum
2364 3579 2585 3619 causam
2651 3580 2881 3620 curnam
2915 3567 2991 3621 ita
3036 3566 3241 3622 vellent
3281 3568 3693 3639 interrogaren-

2132 3669 2242 3725 tur,
2295 3657 2527 3712 reddere
2574 3673 2682 3712 non
2720 3657 2996 3714 volebant.
3052 3659 3193 3726 Quid
3241 3660 3408 3730 igitur
3444 3663 3695 3718 dicemus

2131 3750 2344 3804 Latinis
2383 3750 2726 3819 interrogati,
2759 3766 2866 3820 qua
2895 3751 3106 3805 ratione
3141 3751 3196 3806 in
3227 3753 3408 3808 medio
3440 3758 3698 3810 certaml~

2131 3855 2221 3904 ne,
2253 3842 2366 3896 imo
2398 3856 2529 3895 vero
2551 3843 2747 3896 adhuc
2777 3842 2830 3895 in
2874 3841 3173 3911 principio,
3215 3859 3338 3914 quae
3369 3845 3518 3900 enim
3553 3846 3695 3900 huc-

2133 3945 2304 3999 usque
2352 3933 2418 3988 de
2447 3947 2555 3987 non
2593 3933 2758 3987 licere
2805 3933 3008 3987 addere
3058 3933 3204 3988 dicta
3262 3944 3416 4001 sunt,
3453 3935 3590 3990 nihil
3625 3937 3693 3990 ad

2133 4039 2246 4080 rem
2272 4033 2428 4080 sunt.
2456 4025 2571 4092 Qua
2605 4025 2773 4094 igitur
2801 4024 3018 4080 ratione
3063 4025 3310 4081 nondum
3357 4027 3504 4082 facto
3534 4029 3695 4084 initio

2133 4116 2476 4170 redeundum
2527 4124 2696 4180 esset,
2743 4115 2930 4171 dicere
2985 4131 3095 4171 non
3145 4117 3463 4184 habebant;
3503 4134 3696 4176 verum

2132 4207 2338 4276 absque
2391 4207 2497 4264 ulla
2556 4208 2767 4261 ratione
2824 4206 3300 4275 vociferabantur,
3365 4207 3698 4278 Redeamus,

2134 4297 2445 4353 redeamus.
2477 4295 2740 4352 Dicebant
2774 4306 2958 4352 autem
2988 4299 3158 4352 etiam
3184 4298 3329 4354 inter
3370 4315 3429 4355 se
3455 4301 3603 4369 quod
3633 4303 3700 4360 ad

459 4403 516 4450 et
564 4403 794 4450 sanctus
834 4389 1184 4449 Athanasius.
1235 4387 1360 4441 [huc
1409 4395 1592 4440 autem
1646 4385 1848 4439 similia
1903 4392 2034 4439 sunt
2067 4369 2108 4424 θ
2138 4401 2328 4441 eorum
2354 4401 2518 4442 aures
2547 4387 2909 4456 pervenisset,
2942 4388 3163 4445 Latinos
3188 4405 3347 4458 posse
3373 4391 3428 4446 in
3461 4393 3701 4450 medium

461 4487 699 4542 omnino
741 4483 889 4536 tertii
934 4480 1159 4534 concilii
1194 4479 1397 4533 verbis.
1431 4476 1572 4542 Quid
1620 4476 1793 4546 igitur
1827 4475 1895 4530 de
1947 4489 2034 4530 se-

464 4578 654 4634 cunda
705 4573 914 4646 synodo
966 4571 1116 4627 etB.
1155 4567 1420 4638 Gregorio
1471 4568 1822 4625 Nazianzeno
1877 4565 2034 4620 dices

466 4684 630 4725 mus.
657 4668 788 4736 qui,
820 4679 946 4719 cum
978 4661 1109 4716 huic
1141 4657 1382 4714 concilio
1415 4659 1738 4728 praesideret
1771 4669 2032 4726 tanquam

465 4763 612 4816 alios
668 4757 937 4822 sapientia
989 4753 1300 4816 excellens,
1348 4751 1454 4807 hoc
1507 4750 1870 4821 Symbolum,
1925 4763 2038 4817 quo

471 4867 626 4908 nunc
671 4858 782 4903 tota
831 4847 1072 4902 Ecclesia
1126 4844 1325 4908 utitur,
1379 4841 1778 4912 conscripsisse
1808 4841 2036 4906 dicitur,

472 4946 528 4999 in
579 4940 832 5012 plurimis
875 4938 1155 4993 Nicamum
1208 4945 1464 4999 mutans,
1512 4934 1559 4988 si
1610 4933 1726 4987 hac
1777 4931 2038 4986 inhibitio

473 5035 626 5088 illam
681 5039 956 5090 mentem,
1014 5042 1178 5096 quam
1235 5025 1413 5080 nostri
1445 5025 1660 5087 dicunt,
1691 5023 1878 5077 habet.
1930 5021 2040 5077 Pro

474 5128 684 5182 sanctis
743 5124 999 5179 Patribus
1045 5132 1100 5176 et
1127 5121 1448 5176 doctoribus
1473 5158 1488 5183 ,
1519 5117 1624 5173 heu
1655 5119 1668 5173 ι
1716 5117 2040 5172 seductores

476 5229 534 5274 et
587 5220 906 5285 deceptores
937 5214 1064 5269 tacti
1097 5223 1259 5278 sunt,
1293 5220 1350 5265 et
1381 5211 1610 5266 secundi
1659 5209 1882 5265 concilii
1933 5210 2040 5265 Pa-

480 5321 634 5370 tres,
664 5319 722 5363 et
752 5309 812 5362 Β.
849 5306 1148 5384 Gregorius
1190 5302 1575 5359 Nazianzenus
1599 5341 1614 5367 ,
1663 5302 1750 5356 cui
1803 5317 1898 5371 per
1946 5315 2043 5356 ex-

480 5405 792 5460 cellentiam
843 5401 1152 5470 Theologus
1221 5413 1526 5468 cognomen
1580 5396 1707 5453 iuit.
1745 5395 1853 5452 Sed
1901 5395 2045 5450 absit

484 5496 631 5549 hanc
662 5495 1051 5564 blasphemiam
1085 5492 1250 5548 etiam
1282 5490 1553 5560 cogitare.
1585 5488 1705 5544 Non
1740 5488 1910 5559 igitur
1942 5501 2046 5541 nec

487 5587 666 5660 prima
687 5627 700 5652 ,
728 5601 828 5642 nec
855 5586 1012 5640 tertia
1038 5625 1052 5651 ,
1105 5599 1206 5640 nec
1262 5584 1444 5657 aliqua
1477 5581 1582 5638 alia
1640 5578 1884 5651 synodus
1939 5579 2045 5634 hoc

2143 4476 2340 4533 aﬂerre
2374 4478 2638 4547 plurimas
2669 4479 2970 4533 multorum
3023 4490 3338 4535 sanctorum
3389 4483 3706 4539 occidenta-

2145 4568 2278 4622 lium
2329 4570 2710 4630 auctoritates,
2744 4570 2947 4637 quibus
3000 4571 3178 4640 palam
3217 4573 3484 4642 probatur
3534 4575 3707 4645 Spiri-

2147 4666 2261 4710 tum
2291 4667 2539 4712 sanctum
2591 4674 2656 4713 ex
2703 4659 2866 4712 Patre
2899 4659 3150 4728 Filioque
3200 4663 3528 4730 procedere.
3561 4664 3704 4728 Quid

2147 4750 2318 4818 igitur
2351 4751 2418 4805 ad
2455 4751 2552 4805 has
2583 4751 3081 4820 respondebimus?
3109 4753 3485 4818 discedamus,
3519 4759 3708 4811 redea-

2151 4856 2294 4906 mus,
2369 4843 2651 4897 abeamus.
2717 4842 2962 4897 Audisne
3019 4843 3246 4898 Patrum
3297 4855 3354 4900 et
3412 4845 3706 4902 doctorum

2149 4932 2520 4986 sententiam?
2550 4931 2842 4998 Quoniam,
2889 4933 3170 5002 inquiunt,
3215 4935 3418 4990 multas
3467 4938 3710 4994 auctori-

2152 5030 2292 5076 tates
2339 5032 2653 5078 sanctorum
2697 5024 2882 5079 Latini
2928 5025 3129 5080 afferre
3174 5026 3402 5094 habent,
3461 5029 3527 5084 ad
3575 5044 3711 5097 quas
3791 5009 3795 5022 ’

2152 5130 2252 5168 nos
2295 5115 2633 5186 respondere
2660 5131 2770 5171 non
2803 5117 3090 5182 habemus,
3120 5117 3468 5175 discedamus
3502 5121 3570 5174 ab
3603 5121 3707 5175 eis.

2153 5207 2251 5261 Vir
2283 5215 2462 5262 tamen
2497 5207 2799 5263 sentientes
2829 5209 3226 5265 absurditatem
3260 5213 3550 5267 sententia
3573 5229 3708 5276 sum,

2153 5309 2209 5354 ct
2247 5314 2277 5350 a
2323 5301 2676 5355 serenissima
2718 5301 3057 5372 imperatore
3100 5303 3352 5372 persuasi
3402 5314 3710 5368 cesserunt,

2153 5400 2210 5447 et
2240 5408 2462 5448 manere
2490 5393 2876 5449 decreverunt.
2908 5395 3132 5450 Interim
3175 5410 3266 5450 res
3312 5395 3443 5466 ipsa:
3477 5395 3545 5450 de
3579 5396 3715 5450 Fer-

2153 5487 2297 5541 raria
2346 5486 2402 5540 in
2455 5484 2783 5540 Florentium
2841 5500 3124 5540 accessum
3178 5487 3378 5541 summi
3430 5485 3715 5557 pontiflcis

2155 5585 2476 5650 coegerunt,
2527 5585 2584 5658 et
2629 5575 2758 5632 inde
2807 5574 2937 5632 illuc
2993 5575 3409 5635 translationem
3463 5579 3711 5638 concilii.
