3990 6212
234 250 336 318 423

1199 254 1702 319 BESSARIONIS
1741 237 2014 318 3.11.12.
2057 251 2516 315 CARDINALIS

3345 255 3466 320 ’424

235 369 505 422 Abierunt
553 367 718 439 igitur
762 365 965 435 Latini,
1011 369 1340 426 recessimus
1385 375 1552 426 etiam
1586 386 1709 433 nos,
1739 379 1794 425 et
1824 379 1863 434 Α
1895 375 2138 435 apparet.
2169 365 2482 418 Attuli-runt
2508 377 2635 417 vero
2659 377 2767 417 non
2817 364 2992 418 solum
3015 363 3465 435 occidentalium,

235 473 360 512 cum
391 472 581 512 omnes
605 459 716 527 jam
754 459 1151 529 appulisscmus
1176 460 1531 525 Florentiam,
1579 461 1793 515 decreta

239 547 339 601 fuit
386 547 529 610 dies,
581 547 637 601 in
677 563 783 617 qua
835 548 1205 616 incipiendum
1269 557 1434 617 atque
1467 551 1794 603 continuan-

237 638 364 691 dum
415 647 532 691 erat
571 638 882 700 concilium,
917 646 974 691 et
1021 637 1256 691 termino
1309 638 1639 692 adveniente
1676 653 1794 690 rur-

237 744 329 783 sus
364 745 483 783 nos
505 745 760 783 accusare
794 728 1021 784 Latinos
1062 730 1391 798 incepimus.
1427 729 1796 794 Quemadmo-

236 820 364 872 dum
422 820 568 873 enim
622 819 677 872 in
737 819 830 875 illa
888 819 1213 888 quastione,
1247 836 1314 874 an
1378 821 1544 875 liccat
1590 819 1795 874 addere

233 911 551 978 quidquam,
582 919 1140 974 nos-accusatorum,
1176 910 1356 964 Latini
1397 926 1530 966 vero
1565 926 1795 980 respon-

232 1000 486 1052 dentium
509 1008 813 1053 tenuerunt
837 1000 1042 1064 locum,
1077 1011 1130 1054 et
1169 1001 1242 1055 ita
1279 1001 1705 1070 responderunt,
1734 1011 1794 1056 ut

231 1093 305 1145 nil
337 1107 440 1146 nos
466 1092 533 1146 ad
581 1093 671 1146 illa
712 1093 980 1162 replicare
1017 1092 1390 1163 potuerimus,
1421 1094 1498 1148 ita
1533 1096 1696 1149 etiam
1737 1094 1790 1148 in

231 1183 348 1249 ipso
401 1181 656 1252 dogmate
704 1198 805 1237 nos
857 1184 1077 1253 quidem
1149 1192 1408 1254 tauquam
1470 1195 1792 1241 accusantes

229 1275 660 1341 proposuimus;
696 1273 774 1328 illi
804 1289 936 1328 vero
968 1274 1396 1343 respondebant.
1439 1275 1498 1328 ln
1531 1275 1793 1330 omnibus

229 1364 375 1416 enim
407 1347 724 1417 adlibitum
760 1373 1033 1427 nostrum,
1065 1374 1119 1418 et
1146 1374 1308 1432 prout
1341 1365 1686 1428 volebamus,
1717 1365 1792 1418 ita

231 1452 414 1506 facere
446 1453 604 1507 nobis
630 1453 871 1518 licebat;
921 1463 979 1507 et
1028 1462 1206 1508 tamen
1238 1468 1348 1508 non
1378 1455 1546 1524 pudet
1577 1455 1793 1524 aliquos

230 1546 414 1598 dicere
453 1546 562 1598 vim
613 1546 772 1600 nobis
818 1546 1018 1600 illatam
1067 1544 1280 1600 fuisse:
1314 1544 1461 1614 quod
1508 1559 1789 1614 nunquam

228 1637 330 1688 fuit
367 1644 504 1690 teste
547 1636 778 1690 veritate
817 1638 910 1704 qui
939 1636 1085 1689 Deus
1121 1633 1664 1704 est..Proposuimus
1693 1634 1793 1704 igi-

1901 473 2089 511 verum
2153 457 2318 510 etiam
2400 454 2754 510 orientalium
2815 456 3039 511 Patrum
3111 459 3466 527 testimonia,

1897 561 2130 615 quorum
2163 546 2364 615 aliqua,
2403 561 2529 614 qua:
2573 545 2707 598 mihi
2746 546 2860 599 visa
2896 546 3122 602 fuerunt
3175 550 3347 617 magis
3399 552 3465 605 ad

1896 645 2146 691 nostrum
2179 638 2519 706 propositum
2559 637 2764 702 facere,
2802 637 2898 691 tibi
2923 653 3047 691 cum
3085 639 3176 694 his
3207 641 3273 694 ad
3325 657 3464 708 prte-

1897 741 2022 781 sens
2055 727 2236 791 mitto,
2266 737 2330 781 ut
2360 728 2635 796 intelligas
2665 727 2796 796 quid
2829 727 2896 781 de
2920 727 3022 782 hac
3059 745 3118 782 re
3172 730 3461 798 ipsi-etiam

1897 818 2270 872 occidentales
2317 818 2570 872 doctores
2602 819 2844 888 sapiunt.
2891 819 2971 872 Ad
3020 835 3142 888 quas
3175 837 3273 875 nos
3322 823 3461 878 nihil

1897 909 2231 978 respondere
2268 909 2628 974 habebamus,
2661 909 2786 963 enisi
2825 910 2970 979 quod
3020 921 3280 980 corrupta
3327 915 3460 977 sint,

1891 1007 1951 1052 et
2000 1014 2028 1052 a
2071 999 2280 1054 Latinis
2311 1009 2572 1068 corrupta
2627 999 2876 1055 fuerunt.
2933 1002 3322 1057 Produxcruut
3367 1020 3466 1058 no-

1896 1096 2071 1140 strum
2126 1089 2492 1158 Epiphanium
2544 1089 2736 1144 multis
2785 1089 2839 1142 in
2897 1091 3038 1146 locis
3087 1106 3153 1144 ex
3201 1091 3359 1147 Patre
3406 1103 3462 1146 et

1897 1178 2037 1231 Filio
2073 1179 2217 1233 clare
2265 1179 2535 1234 dicentem
2565 1195 2688 1234 esse
2721 1180 2986 1249 Spiritum
3031 1193 3302 1248 sanctmn,
3340 1200 3460 1239 eor-

1899 1277 2118 1338 ruptum
2153 1269 2322 1323 fuisse
2356 1269 2700 1324 dicebamus.
2750 1271 3069 1340 Allegarnnt
3102 1273 3288 1342 Cyrilli
3325 1290 3462 1328 non-

1879 1353 2070 1422 nulla,
2111 1371 2167 1414 et
2222 1361 2480 1424 aliorum,
2538 1361 2682 1415 idem
2746 1363 3046 1417 aiebamus.
3105 1364 3462 1418 Adduxcrnut

1900 1450 2324 1504 occidentalium
2379 1451 2668 1506 doctorum
2718 1454 3100 1518 auctoritates,
3136 1455 3315 1508 omnis
3367 1471 3463 1508 no-

1898 1549 2008 1594 stra
2053 1542 2338 1610 responsio
2391 1541 2582 1596 eadem
2644 1551 2699 1595 et
2741 1543 2890 1595 nulla
2941 1543 3046 1596 alia
3097 1553 3242 1596 erat.
3307 1544 3454 1599 Cum

1900 1630 2067 1700 igitur
2101 1632 2286 1685 multis
2327 1632 2522 1686 diebus
2571 1633 2716 1688 inter
2753 1649 2852 1687 nos
2882 1634 3032 1701 ipsos
3077 1634 3460 1689 considerare-

230 1737 319 1778 tur
343 1727 410 1780 ab
437 1726 572 1796 ipsis
594 1726 858 1796 apostolis
885 1734 938 1780 ct
986 1727 1160 1780 sacris
1190 1727 1414 1796 synodis
1436 1726 1788 1796 incipientes,
1825 1726 1863 1780 Β
1896 1735 2016 1775 mus
2044 1722 2307 1791 quidnam
2337 1724 2402 1776 ad
2437 1723 2552 1779 haec
2577 1725 3023 1794 respondendum
3052 1733 3218 1789 esset,
3251 1727 3460 1780 nullam

229 1831 533 1884 eorumque
589 1828 753 1884 atque
804 1816 1047 1868 omnium
1095 1816 1446 1869 orientalium
1499 1817 1789 1871 doctorum

231 1907 663 1960 auctoritatibus
694 1907 798 1970 usi,
827 1907 1028 1974 quibus
1059 1909 1323 1976 probatur
1356 1907 1622 1976 Spiritum
1658 1923 1791 1962 san-

229 2008 377 2050 ctum
424 2014 530 2051 non
573 1999 792 2067 quidem
832 2013 939 2051 non
974 1999 1272 2068 procedere
1304 2015 1368 2053 ex
1406 2000 1566 2066 Filio,
1632 2001 1792 2054 talem

228 2109 463 2162 namque
497 2094 700 2156 nullam
734 2093 1119 2146 auctoritatem
1171 2093 1472 2157 habemus;
1527 2103 1690 2162 prout
1735 2102 1790 2147 tu

228 2185 391 2238 etiam
437 2185 568 2246 scis,
606 2195 802 2252 praeter
847 2183 993 2236 illam
1023 2183 1263 2238 Joannis
1304 2184 1647 2245 Damasceni,
1697 2185 1791 2254 qui

228 2255 379 2340 dicit,
407 2275 682 2344 Spiritum
705 2274 831 2329 Filii
855 2275 1109 2338 dicimus,
1135 2289 1199 2327 ex
1231 2275 1369 2328 Filio
1400 2291 1529 2329 vero
1559 2291 1666 2329 non
1705 2276 1792 2330 di-

227 2367 425 2421 cimus.
456 2367 588 2420 Alize
621 2381 747 2419 vero
782 2367 1137 2419 auctoritates
1160 2381 1352 2419 omnes
1383 2366 1490 2420 hoc
1535 2368 1790 2437 probant,

228 2462 491 2513 duntaxat
522 2457 666 2526 quod
707 2456 947 2526 Spiritus
978 2465 1200 2510 sanctus
1225 2471 1289 2510 ex
1321 2455 1479 2510 Patre
1524 2458 1790 2526 procedit.

229 2550 337 2604 Has
378 2549 542 2620 igitur
583 2563 685 2602 nos
724 2548 1019 2601 atl‘creutcs
1070 2547 1122 2599 in
1175 2547 1415 2602 medium
1467 2548 1792 2614 putabamus

226 2642 510 2708 probasse,
545 2640 740 2693 falsum
781 2653 924 2704 esse,
955 2637 1101 2707 quod
1131 2653 1197 2691 ex
1227 2636 1366 2690 Filio
1396 2637 1565 2690 etiam
1597 2651 1792 2705 proce-

228 2735 322 2784 dat
367 2730 606 2799 Spiritus
639 2739 897 2782 sanctus:
932 2727 1112 2781 Latini
1151 2741 1283 2782 vero
1317 2726 1384 2780 ad
1439 2726 1538 2779 has
1569 2726 1790 2795 quidem

227 2833 420 2873 omnes
444 2819 801 2873 auctoritates
833 2834 993 2872 unam
1029 2818 1170 2871 hanc
1202 2815 1613 2884 responsionem
1644 2830 1794 2869 com-

226 2925 448 2965 munem
478 2909 773 2973 dederunt,
805 2909 948 2979 quod
975 2921 1168 2962 omnes
1193 2906 1446 2962 videlicet
1476 2920 1618 2959 verae
1639 2914 1800 2969 sunt,»

226 3014 282 3058 et
321 3003 394 3056 ita
428 3004 592 3057 etiam
620 3001 702 3056 eis
742 2999 957 3055 videri:
985 2998 1087 3054 sed
1122 3000 1290 3053 etiam
1339 2998 1441 3052 hoc
1486 2996 1631 3052 idem
1673 3011 1791 3052 cre-

1895 1812 2056 1866 aliam
2111 1815 2526 1882 reperiebamus
2581 1816 3026 1884 responsionem,
3082 1827 3278 1885 praater
3323 1833 3458 1886 pra:-

1895 1903 2119 1969 dictam,
2151 1907 2298 1960 illam
2343 1921 2473 1961 vero
2524 1915 2783 1977 tanquam
2817 1908 3015 1967 levem.
3071 1917 3125 1962 et
3171 1924 3201 1963 a
3245 1911 3459 1964 cunctis

1895 1993 2250 2049 deridendam
2301 1995 2356 2050 in
2414 1995 2656 2050 medium
2707 1996 2906 2052 afferre
2969 2013 3083 2053 non
3145 1999 3457 2053 videbatur.

1895 2083 2100 2150 Primo,
2159 2087 2288 2154 quia
2363 2101 2428 2140 ex
2464 2088 2943 2144 antecedentibus
2992 2098 3049 2144 et
3102 2091 3464 2158 sequentibus

1895 2172 2010 2227 haec
2054 2174 2244 2242 Opinio
2280 2176 2573 2231 videbatur
2617 2177 2687 2232 de
2727 2192 2908 2234 mente
2955 2195 3078 2234 esse
3116 2189 3459 2236 sanctorum.

1897 2266 2101 2322 Deinde
2148 2269 2400 2337 plurimis
2438 2269 2626 2334 libris,
2646 2278 2702 2323 et
2735 2269 3138 2340 antiquissimis
3183 2270 3327 2326 idem
3357 2272 3458 2325 ba-

1895 2357 2154 2413 bentibus
2191 2374 2298 2413 non
2331 2370 2451 2414 erat
2476 2359 2637 2415 facile
2653 2376 2728 2415 ea
2761 2361 3124 2427 calumniari;
3158 2365 3459 2432 prmsertim

1894 2464 2020 2503 cum
2078 2451 2288 2505 nullum
2340 2467 2440 2507 nos
2492 2451 2696 2506 librqu
2746 2454 2918 2507 alium
2973 2454 3307 2510 haberemus
3349 2470 3458 2510 non

1894 2539 2109 2603 Latine,
2146 2558 2255 2596 non
2282 2542 2471 2598 Graece
2507 2545 2804 2614 scriptum,
2841 2545 2939 2615 qui
2980 2546 3137 2601 aliter
3168 2548 3460 2602 auctorita-

1897 2638 1977 2683 tes
2018 2632 2307 2699 praadictas
2352 2633 2585 2703 scriptas
2621 2635 2869 2700 haberet,
2899 2652 3065 2705 quam
3091 2636 3276 2692 Latini
3309 2639 3461 2692 dice-

1895 2720 2046 2777 bant.
2095 2724 2384 2780 .Prtcterea
2443 2742 2545 2782 nos
2620 2729 2760 2784 alios
2805 2731 3058 2786 doctores
3122 2733 3459 2788 contrarium

1895 2813 2142 2869 dicentes
2177 2818 2478 2884 producere
2509 2834 2617 2874 non
2665 2822 3024 2887 habebamus,
3065 2825 3285 2880 eosdem
3312 2826 3459 2881 occi-

1895 2905 2142 2960 dentales
2170 2907 2330 2962 aliter
2372 2910 2501 2963 alibi
2545 2909 2797 2967 dicentes
2832 2913 3066 2983 probare
3099 2917 3325 2971 minime
3363 2931 3463 2986 ρο·-

1898 3007 2139 3054 teramus
2186 3017 2199 3053 :
2257 3001 2603 3058 naturalibus
2658 3005 2968 3061 rationibus
3015 3021 3112 3062 eos
3161 3009 3459 3063 ostendere

226 3096 357 3150 dere
391 3093 654 3163 Spiritum
677 3100 926 3147 sanctum
951 3089 1158 3144 scilicet
1181 3105 1246 3142 ex
1272 3087 1432 3142 Patre
1463 3088 1787 3157 procedere:
1819 3049 1864 3108 Ο
1896 3088 2030 3143 falsa
2061 3091 2282 3157 dicere,
2329 3095 2556 3149 minime
2594 3105 2717 3150 erat
2760 3097 3048 3165 possibile.-
3098 3098 3234 3154 Cum
3294 3102 3459 3170 igitur

226 3188 545 3243 hoc-tamen
599 3200 712 3240 non
765 3192 826 3238 ut
864 3181 1223 3245 contrarium,
1266 3196 1368 3236 nec
1417 3190 1476 3236 ut
1513 3179 1794 3235 contradi-

227 3273 822 3346 ctoriumappositioni
852 3271 1277 3328 auctoritatibus
1305 3270 1618 3326 dicentibus
1661 3285 1789 3324 eum

227 3370 395 3423 etiam
435 3383 500 3422 ex
534 3367 674 3422 Filio
699 3365 1041 3436 procedere.-
1065 3361 1122 3416 Si
1155 3361 1302 3417 enim
1342 3362 1520 3417 altero
1563 3362 1788 3416 illorum

228 3461 514 3516 modorum
541 3459 650 3512 illis
679 3464 1071 3527 apponeretur,
1106 3465 1240 3509 tunc
1271 3468 1382 3508 uno
1421 3454 1621 3523 posito,
1647 3453 1782 3508 alte-

227 3568 348 3607 rum
374 3553 742 3622 perimeretur
768 3550 1035 3606 omnino:
1079 3563 1230 3603 nunc
1261 3560 1392 3602 vero
1426 3546 1501 3600 nil
1532 3546 1792 3613 prohibet

228 3657 524 3715 utrumque
571 3659 760 3700 verum
811 3657 958 3708 esse,
993 3641 1251 3696 videlicet
1299 3639 1448 3711 quod
1502 3654 1567 3693 ex
1629 3640 1790 3695 Patre

227 3738 506 3809 procedat,
547 3747 602 3793 et
634 3735 780 3806 quod
824 3750 893 3789 ex
924 3734 1081 3789 Filio.
1116 3732 1590 3800 Quemadmodum
1625 3733 1672 3788 si
1706 3733 1791 3788 di-

225 3847 415 3886 camus
467 3829 729 3900 Spiritum
759 3814 1033 3882 sanctum
1085 3825 1230 3879 mitti
1279 3841 1347 3880 ex
1401 3826 1595 3892 Patre,
1647 3825 1789 3880 alius

226 3938 356 3979 vero
383 3923 532 3978 dicat
569 3935 695 3977 eum
725 3935 792 3974 ex
819 3919 978 3974 Patre
1004 3928 1064 3974 et
1089 3915 1228 3972 Filio
1257 3918 1422 3972 mitti.
1480 3918 1790 3986 Utrumque

226 4031 420 4069 verum
461 4013 695 4078 dicetur,
746 4021 802 4066 et
853 4011 1086 4064 alterum
1141 4023 1250 4062 non
1289 4018 1561 4078 repugnat
1607 4007 1788 4062 alteri.

227 4109 285 4160 Si
328 4107 491 4176 igitur
522 4103 696 4158 sancti
728 4103 920 4156 Patres
944 4100 1214 4164 dicereut,
1259 4098 1341 4152 vel
1369 4097 1516 4167 quod
1552 4096 1792 4167 Spiritus

226 4208 452 4255 sanctus
495 4212 560 4250 ex
607 4195 726 4248 solo
762 4195 921 4248 Patre
955 4190 1225 4261 procedit,
1256 4190 1341 4244 vel
1375 4189 1520 4258 quod
1552 4189 1792 4244 exi-Filio

227 4308 335 4345 non
388 4286 661 4359 procedit,
699 4296 829 4340 tunc
869 4283 1003 4337 falsa
1057 4291 1246 4335 nostra
1279 4289 1428 4334 esset
1460 4278 1616 4334 ﬁdes.
1650 4279 1788 4333 Cum

1895 3181 2096 3235 nullam
2127 3182 2289 3237 nobis
2323 3185 2768 3254 responsionem,
2806 3203 2928 3257 qua:
2965 3189 3128 3258 digna
3163 3202 3332 3257 esset,
3367 3208 3453 3246 re-

1893 3269 2445 3339 lictam-videremus,
2483 3277 2794 3343 iacuimus,
2825 3292 2925 3348 per
2979 3281 3288 3352 multosque
3342 3283 3460 3340 dies

1895 3377 2003 3416 non
2034 3368 2396 3424 convenimus
2426 3384 2551 3424 cum
2585 3369 2814 3425 Latinis.
2848 3372 3049 3427 Verum
3099 3374 3323 3431 fuerunt
3365 3378 3457 3445 qui

1897 3456 2200 3512 subtilitate
2231 3459 2432 3530 ingenii
2457 3462 2616 3516 aliam
2643 3463 2974 3519 invenerunt
3001 3467 3412 3535 responsionem
3439 3485 3456 3525 :

1892 3563 2002 3602 non
2043 3564 2165 3605 esse
2214 3552 2412 3606 mirum
2441 3555 2675 3619 scilicet,
2717 3557 2763 3610 si
2806 3556 2860 3610 in
2891 3557 3077 3628 aliqua
3109 3561 3284 3614 sancti
3343 3573 3463 3616 tart-

1895 3657 2059 3712 quam
2113 3642 2366 3698 homines
2414 3655 2695 3700 errasseut
2737 3663 2750 3699 :
2789 3654 2846 3701 et
2919 3649 3045 3703 ideo
3077 3650 3460 3706 occidentales

1894 3733 2058 3787 etiam
2108 3733 2367 3791 doctores
2420 3737 2478 3791 in
2530 3737 2638 3793 hoc
2689 3740 2928 3794 articulo
2979 3742 3046 3796 de
3109 3745 3458 3812 processione

1895 3824 2134 3891 Spiritus
2175 3827 2350 3882 sancti
2396 3843 2634 3893 errasse,
2684 3833 3052 3903 mentitosque
3095 3834 3288 3891 fuisse.
3342 3821 3483 3893 lloe'

1893 3926 2080 3972 autem
2119 3919 2266 3986 quod
2314 3927 2482 3974 totam
2537 3920 2696 3976 tidem
2734 3933 2977 3978 nostram
3029 3936 3261 3992 evertat,
3311 3929 3459 3984 clare

1895 4017 2062 4077 patet.
2099 4009 2156 4064 Si
2192 4011 2338 4065 enim
2367 4010 2503 4066 tidcs
2547 4021 2730 4066 nostra
2759 4029 2788 4067 a
2823 4013 2986 4070 dictis
3020 4016 3288 4072 doctrina:
3335 4034 3460 4074 san-

1895 4107 2108 4155 ctorum
2145 4100 2366 4169 pendet,
2391 4101 2425 4155 ii
2454 4117 2583 4157 vero
2613 4103 2756 4158 circa
2785 4105 3076 4160 veritatem
3107 4119 3320 4174 errant,
3347 4117 3456 4164 tuta

1895 4196 2084 4244 nostra
2121 4190 2254 4245 ﬁdes
2287 4192 2578 4248 evertitur.
2615 4192 2847 4263 Propter
2875 4193 2991 4249 haec
3031 4197 3215 4251 omnia
3265 4201 3458 4255 merito

1893 4286 2077 4332 secuta
2121 4287 2206 4332 est
2249 4279 2404 4341 unio,
2431 4289 2487 4333 et
2521 4294 2716 4335 omnes
2743 4284 2950 4351 absque
2979 4299 3313 4355 quacunque
3343 4289 3458 4342 vio-

225 4394 409 4438 autem
454 4390 712 4435 neutrum
765 4377 962 4430 horum
1021 4372 1268 4427 nondum
1308 4371 1510 4440 aliquis
1563 4382 1788 4425 sanctus
1819 4387 1868 4448 ι)
1895 4365 2088 4433 lentia,
2116 4377 2308 4437 sponte
2356 4378 2414 4423 et
2441 4369 2753 4426 voluntarie
2778 4371 2912 4426 huic
2939 4375 3017 4428 rei
3037 4388 3455 4432 concesserunt.

227 4475 428 4529 dixerit
451 4471 621 4535 istud,
649 4467 794 4539 quod
829 4467 1016 4521 dicunt
1037 4480 1105 4520 ex
1129 4465 1290 4519 Patre
1316 4478 1442 4516 eum
1467 4465 1788 4532 procedere,

227 4581 337 4620 non
376 4563 594 4632 perimit
625 4559 771 4631 quod
810 4573 912 4612 nes
943 4557 1179 4610 dicimus
1211 4570 1276 4609 ex
1309 4553 1449 4608 Filio
1473 4553 1636 4608 etiam
1661 4569 1789 4607 eum

228 4653 548 4724 procedere.
575 4652 647 4704 Et
669 4651 782 4702 ιιωο
804 4647 1024 4717 quidem
1053 4644 1119 4698 ad
1147 4653 1360 4698 nostras
1387 4643 1792 4710 responderunt

227 4745 605 4801 auctoritates.
667 4739 945 4794 Ad-illam
999 4751 1129 4791 vero
1179 4735 1410 4790 Joannis
1466 4733 1789 4788 Damasccui

224 4837 611 4893 auctoritatem
648 4831 785 4885 nihil
816 4828 1239 4898 responderunt,
1267 4841 1392 4881 cum
1420 4840 1520 4879 nec
1543 4840 1643 4879 nos
1669 4841 1789 4879 eam

229 4925 702 4998 praposuerimus.
735 4921 790 4974 ln
827 4920 932 4974 line
965 4928 1144 4972 tamen
1175 4917 1342 4986 hujus
1387 4917 1596 4985 Operis,
1640 4917 1791 4971 illius

225 5031 448 5089 quoque
478 5014 805 5070 solutionem
831 5011 1115 5080 tuagratia
1141 5009 1226 5062 his
1255 5023 1525 5078 apponam
1550 5007 1790 5072 ,deinde

229 5111 407 5166 Latini
457 5118 718 5176 tanquam
752 5120 781 5158 a
813 5103 1083 5172 principio
1117 5102 1463 5169 incipientes,
1503 5100 1659 5170 plura
1724 5115 1789 5154 ac

227 5205 378 5260 varia
412 5200 670 5272 pluribus
704 5199 758 5251 in
792 5195 1134 5250 scssionibus
1162 5203 1482 5263 argumenta
1531 5193 1791 5248 dixerunt

221 5315 249 5346 ιι
276 5305 459 5352 sancta
484 5291 769 5360 Scriptura
795 5296 850 5341 et
878 5285 1136 5341 Ecclesiae
1167 5283 1513 5349 doctoribus,
1547 5285 1789 5339 minores

227 5399 285 5434 nt
312 5387 605 5450 plurimum
649 5378 1059 5450 propositiones
1091 5375 1360 5430 habentes
1389 5391 1404 5428 :
1437 5373 1637 5444 quibus
1667 5392 1786 5446 pro-

225 5475 432 5526 barunt
479 5472 744 5540 Spiritum
779 5475 1030 5522 sanctum
1059 5480 1126 5519 ex
1159 5464 1318 5519 Patre
1374 5465 1623 5536 Filioque
1663 5482 1788 5535 pro-

223 5564 441 5616 cedere.
465 5561 534 5616 Et
569 5558 784 5614 tandem
815 5556 1171 5611 auctoritates
1200 5555 1424 5610 Patrum
1458 5556 1784 5620 attulerunt,

227 5651 430 5722 quibus
478 5650 624 5705 clare
681 5658 736 5704 ct
787 5647 965 5717 palam
1016 5646 1179 5717 hujus
1244 5644 1516 5716 dogmatis
1578 5648 1785 5702 veritas

1895 4455 1999 4522 Qui
2027 4459 2487 4514 veroconcedere
2510 4462 2810 4516 noluerunt
2841 4464 3088 4532 (fuerunt
3117 4475 3297 4521 autem
3327 4469 3456 4533 duo,

1895 4558 1952 4604 et
2003 4565 2112 4603 non
2167 4551 2394 4620 plures),
2431 4566 2556 4606 cum
2601 4554 2750 4608 omni
2793 4554 3068 4622 libertate,
3104 4559 3224 4614 sine
3277 4561 3455 4630 aliqua

1893 4643 2254 4710 oppressione
2298 4644 2352 4697 in
2405 4658 2508 4698 suo
2538 4644 2770 4699 arbitrio
2815 4648 3015 4712 relicti,
3051 4665 3176 4704 cum
3225 4651 3454 4717 honore,

1893 4745 1950 4790 et
1986 4736 2274 4802 charitate,
2309 4738 2622 4806 sumptibus
2646 4738 2902 4794 Ecclesiae
2935 4741 3196 4796 Romana:
3223 4743 3290 4796 ad
3328 4757 3452 4813 pro-

1893 4830 2010 4897 pria
2039 4839 2376 4883 remearunt.
2416 4830 2472 4884 Si
2505 4846 2632 4886 vero
2659 4833 2804 4902 juste
2838 4840 2895 4888 et
2919 4844 3067 4888 recte
3118 4846 3306 4889 secuta
3336 4837 3455 4890 fue-

1897 4923 1974 4973 rit
2005 4921 2158 4986 unio,
2207 4936 2332 4974 cutn
2383 4922 2588 4977 videris
2629 4932 2685 4978 et
2745 4925 3046 4992 perlegeris
3099 4928 3458 4984 auctoritates

1894 5019 2237 5072 sanctorum,
2293 5026 2430 5080 quas
2473 5014 2571 5068 tibi
2604 5029 2752 5068 nunc
2787 5018 2966 5078 mitto,
3003 5017 3118 5086 ipse
3160 5018 3454 5088 iudicabis.

1890 5101 2028 5168 Quis
2076 5119 2314 5172 namque
2361 5105 2676 5159 Christiano
2727 5105 3024 5177 insignitus
3067 5109 3292 5164 nomine
3349 5125 3458 5165 non

1894 5206 2226 5260 sequeretur
2259 5210 2376 5252 eus.
2421 5204 2480 5250 et
2516 5196 2682 5251 dictis
2717 5213 2934 5263 eorum,
2973 5211 3233 5268 tauquam
3268 5218 3295 5252 a
3337 5200 3461 5270 Spi-

1896 5287 2005 5338 ritu
2037 5295 2230 5340 sancto
2267 5286 2457 5350 editis,
2493 5287 2784 5343 crederet?
2813 5291 2937 5343 dice
2987 5301 3093 5344 tam
3140 5293 3463 5348 occidenta-

1893 5373 2054 5438 lium,
2106 5389 2269 5443 qnatn
2323 5377 2676 5432 orientalium
2738 5379 2980 5440 Patrum,
3028 5396 3167 5448 quos
3217 5396 3456 5437 consona

1894 5465 2117 5529 dicere,
2157 5467 2520 5538 eamdemque
2568 5472 2853 5525 veritatem
2901 5472 3216 5540 exprimere
3272 5474 3459 5530 verbis

1892 5555 2286 5610 diil'erentibus
2315 5557 2545 5612 tirmiter
2577 5561 2871 5614 tenendum
2902 5571 3007 5626 est,
3045 5574 3208 5630 prout
3235 5566 3288 5619 in
3321 5565 3456 5636 dog-

1891 5649 2090 5703 matico
2126 5647 2257 5704 satis
2295 5649 2546 5719 probavi.
2579 5651 2710 5721 Ipsae
2740 5653 2906 5723 igitur
2940 5657 3296 5715 auctoritates
3329 5656 3458 5712 solae
