3990 6212
447 386 552 454 425

1367 404 1465 466 DE
1504 403 2034 472 PROCESSIONE
2051 417 2054 419 λ
2069 409 2432 474 SPIRITUS
2451 420 2454 421 ⁷
2475 412 2762 474 ΞΑΝΟΤΙ.

3579 419 3686 480 426

448 520 545 576 per
571 520 630 560 se
673 506 820 576 ipsas
849 507 999 566 satis
1023 509 1120 567 tibi
1177 521 1232 567 et
1267 515 1396 571 aliis
1426 528 1613 582 erunt,
1647 522 2016 578 clementissi-
2049 534 2089 590 Α
2123 527 2506 597 sequiturjam
2529 528 2886 582 constitutam
2919 527 3042 595 ejus
3074 541 3390 596 personam.
3415 526 3684 590 Secundo,

446 610 534 651 me
576 598 681 662 vir,
729 598 795 652 ad
849 615 1070 655 omnem
1118 604 1534 675 ambiguitatem
1582 612 1905 676 tollendam,
1961 624 2015 669 et

446 702 608 744 omne
660 689 894 745 dubium
945 694 1310 751 auferendum
1361 713 1393 753 a
1442 716 1772 771 quacunque
1829 705 2014 760 anima

447 795 557 834 non
587 784 956 840 contentiosa.
987 787 1203 841 Etenim
1231 805 1316 844 me
1344 792 1510 846 etiam
1535 806 1645 847 non
1685 796 2014 866 syllogismi,

447 885 552 924 nec
581 871 1118 930 demonstrationum
1163 883 1489 943 necessitas,
1524 899 1632 938 non
1665 900 2019 955 argumenta-

400 990 406 994 η
448 961 658 1016 tionum
695 963 800 1028 vis,
834 965 930 1020 sed
962 967 1096 1035 ipsa:
1126 970 1286 1024 nudae
1336 975 1696 1029 auctoritates
1730 977 2016 1032 doctorum

447 1049 514 1104 ad
556 1051 890 1108 credendam
943 1057 1084 1112 hanc
1134 1062 1418 1115 veritatem
1471 1063 1830 1120 induxerunt.
1880 1067 2017 1122 Cum

445 1142 590 1195 enim
637 1143 901 1199 vidissem
950 1156 1007 1201 et
1059 1139 1400 1205 audivissem
1454 1168 1584 1219 eas,
1633 1157 1817 1211 subito
1869 1161 2018 1214 omni

447 1234 796 1318 contentione
829 1246 884 1290 et
927 1240 1360 1296 contradictione
1419 1247 1743 1314 postposita,
1769 1251 2018 1318 acquievi

445 1325 764 1378 auctoritati
817 1326 1150 1382 dicentium.
1200 1327 1452 1388 Judicavi
1509 1352 1747 1406 namque
1799 1351 2023 1396 sanctos

448 1411 642 1467 Patres
694 1414 911 1482 Spiritu
958 1431 1148 1474 sancto
1190 1421 1508 1490 loquentes.
1560 1441 1669 1478 non
1710 1429 1955 1496 potuisse
1991 1446 2022 1483 a

448 1501 686 1557 veritate
731 1505 1072 1564 discessisse.
1123 1509 1304 1575 Quare
1379 1528 1489 1566 non
1546 1515 1720 1568 solmn
1754 1518 2022 1586 acquievi,

448 1605 642 1646 verum
670 1595 837 1648 etiam
864 1599 1070 1665 gratias
1095 1602 1180 1669 egi
1208 1600 1477 1657 Salvatori
1509 1617 1719 1670 nostro,
1752 1609 1843 1676 qui
1883 1609 2016 1664 mihi

446 1683 694 1748 donavit,
721 1697 776 1741 et
802 1687 1100 1753 audivisse,
1123 1701 1178 1745 et
1204 1692 1558 1759 intellexisse,
1588 1712 1708 1764 quae
1730 1713 2010 1766 nunquam

454 1786 590 1829 ante
627 1779 836 1835 audivi.
875 1781 1070 1836 Nullus
1101 1783 1247 1838 enim
1280 1797 1592 1840 nostrorum
1629 1804 1866 1857 unquam
1899 1804 2015 1844 cro-

447 1867 586 1921 didit
615 1877 693 1922 tot
719 1864 1142 1929 auctoritatibus
1168 1875 1452 1931 doctorum
1481 1880 1817 1947 propositam
1859 1897 2007 1950 quaav
2043 1863 2084 1918 Β

446 1958 682 2011 stionem
714 1975 874 2029 posse
904 1963 1149 2032 probari.
1185 1966 1255 2021 Et
1289 1967 1382 2020 tibi
1429 1968 1620 2038 igitur,
1651 1970 1740 2024 cui
1770 1986 1865 2024 cor
1898 1971 2004 2025 hu-

452 2048 604 2112 mile,
657 2060 715 2105 et
764 2053 946 2108 anima.
992 2057 1107 2109 veri
1161 2067 1426 2126 appetens
1463 2069 1568 2123 est,
1617 2061 2010 2132 aliisquoque

446 2138 782 2198 Christianis
815 2144 915 2199 tibi
941 2146 1238 2214 similibus,
1271 2151 1354 2222 ha:
1384 2151 1514 2205 sola:
1541 2153 1923 2218 auctoritates,
1952 2163 2013 2208 ut

397 2273 406 2280 .
449 2233 616 2303 paulo
648 2246 778 2292 ante
809 2238 944 2304 dixi,
977 2239 1112 2295 satis
1162 2252 1350 2297 erunt.
1378 2242 1514 2298 Cum
1549 2260 1684 2299 vero
1713 2245 1881 2300 etiam
1917 2245 2020 2300 ali-

446 2343 590 2396 quas
653 2331 897 2385 rationes
945 2341 1000 2388 et
1049 2333 1408 2404 probationes
1445 2351 1474 2389 a
1514 2352 1601 2392 me
1631 2339 1884 2407 petieris,
1925 2347 2018 2392 tua

447 2421 628 2488 gratia
653 2421 772 2478 haec
793 2439 1040 2492 quoque,
1068 2427 1247 2492 quoad
1279 2435 1498 2496 potero,
1523 2427 1769 2482 breviter
1799 2428 2014 2492 faciam,

448 2525 486 2566 a
510 2527 666 2568 sacra
694 2515 976 2585 Scriptura
1039 2526 1094 2574 et
1131 2520 1419 2574 doctorum
1459 2521 1882 2574 auctoritatibus
1914 2535 2011 2574 ar-

448 2621 647 2675 guens,
687 2610 832 2678 quod
877 2618 934 2665 et
979 2611 1024 2666 si
1077 2612 1132 2666 in
1177 2628 1452 2674 sermone,
1485 2629 1648 2683 quem
1691 2615 1766 2669 de
1816 2615 2019 2669 unione

453 2698 731 2755 edidimus
774 2701 980 2756 factum
1024 2703 1116 2767 sit,
1161 2705 1295 2759 satis
1332 2714 1514 2759 tamen
1547 2704 1638 2760 hic
1666 2705 1830 2760 etiam
1861 2704 2006 2759 idem

450 2785 672 2851 faciam,
717 2791 1045 2862 aliquasque
1098 2796 1341 2856 rationes
1389 2797 1449 2850 in
1483 2795 1725 2850 medium
1770 2795 2016 2850 afferam.

451 2876 558 2932 Sed
590 2890 880 2950 antequam
905 2884 970 2938 ad
995 2899 1088 2939 eas
1109 2884 1462 2948 descendam,
1492 2901 1722 2942 necesse
1744 2901 1864 2940 esse
1887 2895 2020 2955 puto

453 2968 638 3036 aliqua
673 2986 1121 3042 pra'supponere,
1154 2983 1212 3029 ut
1239 2990 1303 3032 ea
1325 2990 1447 3046 qua:
1469 2985 1796 3045 sequentur,
1819 2975 2018 3031 clarius

459 3059 860 3130 intelligantur.

445 3174 848 3244 ρνωηρροεηα
911 3176 980 3230 ad
1042 3187 1360 3244 argumema
1422 3180 1700 3249 probanti“
1756 3179 2016 3248 Spiritum
2050 3205 2094 3260 Γ
2131 3174 2336 3215 torum,
2372 3174 2624 3233 sequitur
2656 3174 2734 3220 iu,
2762 3174 2908 3224 quou
2957 3174 3219 3221 uiximus,
3250 3174 3510 3224 tanquam
3557 3174 3696 3208 uuas

521 3255 764 3314 sanctum
796 3247 954 3298 etiam
983 3263 1046 3300 ea:
1074 3246 1216 3301 Filio
1256 3253 1552 3314 procedere.
1590 3249 1657 3302 Et
1691 3252 1860 3314 primo
1892 3250 2018 3314 quid
2081 3241 2096 3262 ⁸
2129 3244 2449 3311 Ρθΐεοηθιθε
2482 3242 2691 3298 formas
2718 3244 2963 3309 habens;
2998 3245 3462 3314 quemadmodum
3499 3245 3544 3298 εί
3572 3243 3700 3313 quis

521 3255 764 3322 sanctum
796 3247 954 3298 etiam
983 3263 1046 3300 ea:
1074 3246 1216 3301 Filio
1256 3246 1552 3322 procedere.
1590 3249 1657 3302 Et
1691 3246 1860 3320 primo
1892 3250 2018 3318 quid

521 3319 587 3364 sit
617 3321 854 3380 paterna:
882 3331 1119 3384 persona:
1146 3319 1560 3372 constitutivam.

524 3422 660 3481 Cum
713 3426 1015 3496 unicuique
1044 3429 1156 3483 cnti
1185 3429 1258 3483 sit
1288 3429 1536 3500 quaedam
1566 3429 1744 3486 forma
1768 3446 2020 3486 commu-

452 3517 565 3579 nis,
602 3517 672 3570 sit
703 3519 837 3571 item
871 3520 975 3575 alia
1010 3523 1253 3590 prepria,
1280 3537 1387 3592 qua
1413 3523 1825 3589 constituimur,
1859 3534 1916 3579 et
1941 3507 2044 3578 est,

455 3609 562 3663 hoc
613 3611 846 3680 aliquid.
901 3615 1367 3683 quemadmodum
1420 3616 1586 3686 hujus
1642 3616 1907 3682 hominis,
1966 3624 2026 3670 ut

453 3712 588 3771 puta
619 3701 793 3769 Petri,
826 3721 931 3759 una
968 3722 1091 3760 cum
1122 3707 1296 3761 forma
1325 3708 1629 3771 communi,
1656 3723 1780 3776 quae
1809 3719 1906 3778 est,
1927 3707 2028 3760 hu-

457 3796 716 3861 manitas,
749 3798 1053 3852 secundum
1091 3814 1253 3868 quam
1285 3798 1492 3854 dicitur
1535 3799 1718 3855 homo.
1747 3809 1832 3853 est
1860 3799 2023 3852 etiam

455 3888 562 3941 alia
590 3875 812 3958 prepria
848 3889 1048 3952 forma,
1097 3906 1196 3958 per
1241 3905 1403 3959 quam
1441 3890 1664 3952 dicitur,
1701 3890 1789 3944 hic
1838 3891 2024 3953 homo,

457 3980 658 4036 Petrus
711 3981 990 4044 videlicet,
1024 3981 1110 4035 vel
1139 3981 1364 4044 Paulus,
1397 3981 1543 4050 quod
1573 3989 1628 4035 et
1661 3979 2027 4034 incommuni-

457 4071 637 4125 eabile
663 4071 819 4126 alteri
856 4083 942 4126 est
983 4081 1210 4140 propter
1240 4073 1420 4126 varias
1455 4073 1748 4141 opiniones
1779 4072 1847 4125 de
1878 4072 2031 4139 prin-

457 4161 622 4228 cipiis
653 4161 1133 4226 individuationis,
1183 4163 1348 4217 etiam
1385 4163 1477 4216 hic
1510 4163 1663 4216 varia
1701 4171 2027 4232 ponuntur;

456 4263 665 4308 etcum
713 4253 972 4318 dicimus,
1020 4263 1114 4308 aut
1159 4267 1361 4322 corpus
1392 4267 1515 4306 esse
1548 4252 1827 4321 propriam
1859 4251 2032 4306 alicu-

453 4344 548 4412 jus
584 4344 836 4407 formam,
882 4343 986 4396 hoc
1008 4356 1118 4395 non
1158 4342 1522 4412 intelligimus
1555 4341 1906 4410 simpliciter,
1933 4339 2030 4395 sed

461 4431 637 4484 solum
695 4412 1002 4485 secundum
1061 4431 1350 4500 quamdam
1405 4431 1844 4485 similitudinem.
1908 4429 2033 4484 Haec

2118 632 2188 671 an
2249 619 2324 673 sit
2378 619 2503 682 hoc,
2540 619 2686 688 quod
2740 618 2945 672 dicitur
2979 633 3140 673 causa
3178 618 3291 673 sive
3338 621 3686 689 principium;

2119 699 2232 763 Nec
2263 718 2442 764 tamen
2477 709 2582 764 hoc
2613 725 2800 764 verum
2839 717 2945 765 est.
2971 709 3116 772 Nam
3147 711 3193 764 si
3239 711 3356 765 haec
3385 721 3534 765 esset
3559 726 3691 764 con-

2113 799 2363 877 stitutiva
2403 800 2523 869 ejus
2557 801 2751 868 forma,
2781 817 2944 857 causa
2977 801 3094 856 sive
3131 802 3458 871 principium
3487 804 3690 871 potius,

2120 904 2284 958 quam
2320 890 2482 945 Pater
2511 889 2812 947 diceretur.
2863 893 2933 947 At
2975 893 3044 947 ab
3078 893 3338 947 omnibus
3368 893 3689 948 doctoribus

2120 981 2487 1034 communiter
2538 983 2701 1036 Pater
2774 984 3111 1037 nominatur.
3164 983 3298 1038 item
3347 998 3470 1037 cum
3523 998 3686 1043 causa

2121 1071 2236 1126 sive
2283 1071 2619 1141 principium
2659 1074 2969 1128 universale
3007 1073 3270 1142 quiddam
3324 1074 3416 1135 sit,
3462 1074 3566 1127 hoc
3604 1074 3689 1127 di-

2122 1170 2274 1216 ctum
2311 1172 2399 1217 est
2448 1163 2752 1218 secundum
2804 1164 2928 1218 illos
2960 1164 3336 1232 philosophos,
3371 1164 3466 1233 qui
3504 1174 3691 1218 tenent

2127 1251 2596 1306 universalitatem
2627 1254 2742 1308 ﬁeri
2783 1269 2880 1322 per
2909 1253 3248 1308 intellectum
3278 1271 3292 1307 :
3317 1255 3360 1308 si
3395 1263 3576 1308 tamen
3607 1255 3692 1307 di-

2125 1353 2344 1398 ceretur
2391 1345 2742 1408 universalia,
2789 1345 2937 1399 nullo
2982 1344 3146 1407 modo
3180 1345 3250 1398 ab
3282 1345 3559 1399 intellectu
3592 1346 3692 1400 de-

2123 1432 2386 1500 pendere,
2433 1433 2620 1488 adhuc
2664 1449 2775 1487 non
2820 1449 2944 1489 esse
2995 1433 3318 1498 dicendum,
3358 1433 3500 1501 quod
3556 1433 3692 1486 illud

2126 1535 2418 1574 commune
2466 1521 2798 1590 principium
2835 1531 2984 1576 esset
3019 1523 3254 1591 alicujus
3294 1535 3542 1590 persona;
3586 1520 3694 1574 for-

2127 1611 2342 1664 tnaliter
2395 1612 2839 1674 constitutivam,
2889 1627 3015 1666 cum
3063 1611 3523 1666 communicabile
3558 1611 3692 1664 milii

2128 1701 2220 1755 det
2268 1700 2574 1754 furmaliter
2622 1715 2744 1756 esse
2797 1701 3341 1766 iucommunicahile,
3373 1702 3516 1770 quod
3563 1701 3696 1756 facit

2129 1805 2257 1860 erga
2309 1806 2598 1859 personam
2650 1791 2878 1846 formale
2927 1791 3101 1861 ipsius
3152 1792 3592 1852 constitutivam,
3641 1799 3696 1843 et

2123 1891 2232 1935 tam
2257 1881 2323 1937 de
2357 1882 2536 1948 Patre,
2571 1899 2735 1952 quam
2769 1882 2836 1937 de
2871 1882 3114 1956 Spirante
3145 1883 3491 1950 pradicetur,
3515 1883 3696 1934 inten-

2117 1975 2201 2040 tio
2254 1974 2499 2044 quzedam
2549 1983 2653 2039 est,
2701 1991 2810 2029 non
2865 1989 2993 2028 res:
3029 1973 3173 2043 quod
3208 1983 3533 2036 autemest,
3589 1972 3694 2026 tale

2122 2076 2206 2120 est
2237 2081 2343 2118 non
2373 2080 2506 2130 ens;
2534 2082 2642 2119 non
2675 2081 2774 2120 ens
2798 2075 2981 2120 autent
3021 2081 3130 2120 non
3158 2075 3242 2120 est
3275 2061 3693 2120 constitutivum

2122 2155 2262 2224 ejus,
2290 2156 2383 2223 qui
2414 2171 2580 2223 super
2604 2172 2692 2208 om
2712 2171 2780 2211 ne
2813 2172 2935 2212 ens.
2982 2157 3174 2212 Restat
3203 2157 3368 2225 igitur
3398 2166 3493 2212 aut
3519 2166 3698 2225 pater-

2125 2244 2356 2297 nitatem
2391 2244 2582 2309 solam,
2613 2254 2706 2298 aut
2753 2246 3109 2310 spirationem
3151 2243 3354 2313 solam,
3380 2255 3476 2300 aut
3509 2245 3698 2300 ambas

2125 2337 2511 2392 constitutivas
2543 2352 2664 2392 esse
2694 2353 2944 2406 personae
2973 2347 3236 2405 paternae.
3269 2337 3334 2389 At
3380 2335 3568 2388 ambas
3595 2338 3698 2388 im-

2125 2428 2388 2496 possibile
2432 2437 2519 2482 est
2566 2442 2688 2482 esse
2740 2429 2808 2482 iis
2860 2427 3184 2482 rationibus.
3236 2425 3293 2480 Si
3343 2427 3488 2480 enim
3521 2427 3694 2481 amba:

2125 2517 2527 2572 constituerent
2559 2517 2736 2572 Patris
2757 2533 3071 2586 personam,
3094 2526 3190 2570 aut
3210 2517 3283 2571 ita
3310 2517 3483 2570 amba:
3505 2517 3696 2582 simul,

2125 2615 2184 2660 et
2241 2605 2519 2675 siquidem
2574 2617 2806 2677 utraque
2859 2623 2956 2678 per
2997 2623 3056 2664 se
3108 2607 3508 2671 constitueret,
3561 2608 3699 2662 duas

2131 2696 2335 2751 formas
2367 2699 2533 2754 Pater
2584 2699 2835 2763 haberet,
2870 2709 2926 2754 et
2976 2708 3379 2768 consequenter
3408 2699 3530 2753 duae
3569 2713 3698 2766 per.-

2124 2802 2272 2842 sonae
2319 2797 2524 2844 essent.
2566 2788 2679 2843 lloc
2712 2789 2859 2860 quod
2891 2789 3133 2846 diximus
3155 2797 3309 2858 patet
3335 2806 3350 2855 ;
3380 2804 3504 2844 cum
3545 2789 3694 2844 enim

2128 2879 2234 2934 illa:
2294 2879 2404 2934 sint
2450 2868 2694 2936 ratiunes
2734 2881 3039 2948 distinctae,
3098 2882 3144 2937 si
3200 2882 3459 2952 quaelibet
3502 2896 3696 2936 casum

2125 2978 2275 3024 esset
2306 2985 2553 3037 persona:
2595 2971 2992 3035 constitutivaa,
3025 2987 3148 3026 cum
3179 2973 3552 3027 constitutivte
3582 2971 3695 3027 for-

2129 3061 2347 3136 maliter
2376 3051 2607 3119 diversa:
2634 3065 2746 3119 sint
2775 3075 3027 3131 respectu
3062 3065 3405 3120 diversorum
3431 3064 3701 3120 constitu-

2131 3162 2336 3215 torum,
2372 3154 2624 3222 sequitur
2656 3155 2734 3220 id,
2762 3155 2908 3224 quod
2957 3154 3219 3221 diximus,
3250 3165 3510 3224 tanquam
3557 3153 3696 3208 duas

2124 3334 2291 3386 homo
2322 3333 2461 3389 duas
2523 3335 2754 3391 haberet
2784 3337 3017 3397 animas,
3059 3335 3206 3404 quod
3239 3335 3540 3391 absurdum
3593 3341 3697 3388 est.

2123 3423 2280 3489 Quod
2335 3425 2380 3479 si
2427 3441 2538 3480 non
2574 3437 2806 3496 utraque
2860 3443 2958 3494 per
3008 3443 3090 3492 sc,
3141 3426 3236 3480 sed
3279 3428 3452 3482 ambae
3503 3425 3694 3488 simul,

2125 3529 2306 3583 neque
2332 3515 2428 3584 qui
2461 3516 2672 3571 diceret
2712 3518 2931 3572 Patrem
2966 3518 3168 3580 solum,
3204 3517 3539 3586 significaret
3568 3531 3697 3585 per—

2126 3619 2318 3658 sonam
2370 3613 2695 3674 paternam,
2733 3623 2911 3678 neque
2957 3610 3052 3677 qui
3109 3608 3320 3663 diceret
3371 3608 3731 3673 spirantem,

2127 3693 2294 3763 hujus
2324 3703 2502 3750 tamen
2537 3704 2712 3752 totum
2741 3701 3081 3755 contrarium
3117 3710 3203 3756 est
3234 3701 3287 3753 in
3319 3715 3458 3764 usu;
3503 3712 3712 3756 omnes.

2127 3781 2600 3863 enimidoctores,
2652 3797 2708 3842 et
2775 3790 2956 3844 omnis
2999 3787 3288 3859 Scriptura
3336 3804 3460 3843 cum
3510 3787 3705 3842 dicunt

2130 3875 2371 3941 Patrem,
2407 3876 2652 3933 divinam
2685 3881 2806 3950 ejus
2837 3896 3129 3949 personam
3158 3879 3501 3950 significant;
3529 3880 3701 3935 nostri

2129 3967 2321 4030 etiam,
2356 3984 2482 4025 cum
2519 3971 2716 4026 dicunt
2746 3972 3074 4040 spirantem,
3123 3973 3300 4041 ipsum
3350 3973 3566 4027 Patrem
3615 3987 3704 4026 so-

2131 4058 2243 4113 lum
2283 4067 2478 4130 putant
2509 4061 2843 4131 signiﬁcare.
2878 4062 3051 4132 Igitur
3082 4077 3186 4118 nec
3227 4066 3300 4116 ita
3333 4064 3509 4118 ambas
3538 4063 3704 4118 simul

2132 4156 2263 4202 sunt
2290 4150 2662 4205 constitutivze
2681 4167 2948 4220 personae,
2975 4161 3037 4206 ut
3058 4163 3296 4221 utroque
3320 4153 3474 4207 nullo
3519 4152 3719 4219 modo,

2131 4236 2226 4292 sed
2245 4237 2418 4293 ambze
2446 4239 2610 4294 simul
2634 4241 2992 4306 constituant,
3025 4256 3128 4295 nec
3155 4249 3213 4294 ut
3246 4253 3480 4311 utraque
3513 4257 3612 4312 per
3646 4256 3708 4297 so

2134 4333 2459 4387 constituat.
2507 4331 2615 4386 Sed
2647 4332 2962 4387 necessario
2991 4331 3225 4385 alterum
3273 4331 3494 4400 quidem
3527 4333 3706 4387 solum

2134 4423 2423 4477 constituit
2466 4438 2782 4493 personam,
2831 4424 3066 4478 alterum
3116 4439 3248 4479 vero
3301 4423 3552 4493 sequitur
3593 4424 3707 4494 jam

459 4533 643 4576 autem
695 4531 782 4577 est
837 4523 1017 4576 anima
1066 4524 1208 4593 ejus,
1263 4523 1346 4577 vel
1401 4538 1626 4590 corpus,
1675 4529 1770 4576 aut
1821 4519 2030 4589 aliquid
2065 4527 2107 4581 ι)
2136 4506 2494 4568 constitutam
2527 4529 2838 4584 personam.
2868 4513 3059 4569 Restat
3082 4514 3250 4584 igitur
3279 4525 3375 4569 aut
3407 4518 3709 4584 paternita-

460 4615 652 4676 aliud.
710 4615 859 4684 quod
913 4623 997 4670 est
1045 4615 1094 4669 ei
1157 4614 1489 4683 principium
1543 4611 2028 4668 individuationis.

461 4706 930 4772 Quemadmodum
963 4715 1047 4760 est
1073 4706 1239 4759 etiam
1270 4706 1335 4760 de
1371 4707 1482 4760 Deo
1544 4715 1602 4759 et
1635 4705 1820 4770 Patre,
1870 4719 2024 4774 quaa-

461 4811 586 4849 nam
613 4797 685 4851 sit
720 4797 945 4866 propria
973 4798 1094 4866 ejus
1135 4795 1312 4852 forma
1349 4811 1638 4865 personam
1670 4797 1790 4867 ejus
1821 4796 2032 4851 consti-

461 4898 622 4943 tuens
649 4907 662 4942 :
695 4900 777 4943 est
810 4890 956 4943 enim
991 4890 1040 4942 ei
1067 4890 1377 4943 communis
1398 4889 1464 4943 ad
1495 4888 1691 4942 Filium
1761 4897 1817 4943 et
1852 4887 2033 4957 Spiri-

462 4991 578 5036 tum
631 4982 818 5035 divina
869 4997 933 5035 ac
1004 4981 1314 5036 essentialis
1365 4981 1561 5046 forma,
1633 4997 1755 5049 quae
1810 4996 1920 5036 una
1967 4992 2024 5035 et

461 5072 653 5127 eadem
689 5087 920 5127 numero
951 5072 1005 5126 in
1033 5071 1114 5126 eis
1148 5081 1254 5135 est,
1290 5072 1475 5127 Deitas
1523 5071 1802 5135 videlicet,
1836 5086 2036 5126 secun-

462 5166 593 5220 dum
631 5180 794 5233 quam
828 5179 972 5216 unus
1009 5171 1094 5216 est
1137 5178 1263 5217 cum
1307 5164 1389 5216 eis
1417 5163 1562 5218 Deus
1593 5180 1607 5216 :
1642 5163 1810 5218 habet
1837 5162 2037 5217 nihilo-

464 5257 647 5311 minus
672 5257 834 5310 aliain
867 5257 1035 5309 etiam
1067 5255 1348 5324 propriam
1377 5255 1610 5308 formam
1634 5255 1758 5308 aliis
1784 5255 2036 5324 personis

383 5359 388 5362 '
463 5347 1071 5409 incommunicabilem,
1121 5345 1426 5400 secundum
1476 5361 1641 5415 quam
1678 5346 1784 5401 hoc
1822 5344 2035 5416 aliquid

460 5449 518 5495 et
550 5456 784 5510 persona
823 5441 876 5493 in
920 5447 1117 5493 sancta
1148 5437 1420 5492 Trinitatc
1453 5447 1574 5491 est:
1611 5438 1892 5506 quodnam
1932 5439 2034 5509 igi-

463 5540 557 5584 tur
595 5531 688 5594 sit,
735 5528 1094 5599 quaerendum
1147 5535 1254 5583 est.
1292 5527 1359 5580 Et
1404 5527 1606 5596 primo,
1641 5543 1710 5580 an
1749 5527 1820 5582 sit
1856 5529 2034 5597 ipsum

464 5621 768 5691 ingenitum
797 5636 940 5684 esse,
979 5629 1034 5674 at
1074 5635 1184 5674 non
1228 5619 1480 5685 videtur;
1511 5619 1616 5673 hoc
1646 5619 1793 5674 enim
1825 5630 1911 5675 est
1941 5637 2038 5676 ne-

463 5719 631 5786 gatio,
663 5716 799 5770 nihil
832 5727 1014 5771 autem
1043 5714 1430 5769 cxsistentium
1463 5711 1767 5768 secundum
1797 5715 2039 5783 negatio-

468 5822 595 5862 nem
632 5808 735 5863 hoc
764 5806 972 5877 aliquid
1000 5816 1083 5862 est
1115 5824 1126 5862 ;
1159 5804 1255 5861 scd
1289 5811 1373 5860 est
1403 5805 1522 5876 ejus
1552 5803 1886 5875 proprietas,
1914 5820 2035 5874 quae

2140 4615 2251 4660 tem
2295 4619 2418 4661 esse
2468 4606 2884 4661 constitutivam
2933 4615 2990 4660 et
3038 4607 3320 4676 propriam
3368 4608 3545 4663 Patris
3599 4608 3710 4662 for-

2134 4714 2306 4765 mam,
2335 4699 2698 4770 spirationem
2729 4715 2862 4755 vero
2910 4701 3067 4769 sequi
3113 4715 3242 4755 eum
3283 4700 3396 4770 jam
3440 4702 3709 4756 constitn~

2137 4801 2283 4859 tum;
2305 4801 2400 4846 aut
2421 4807 2451 4846 e
2476 4806 2746 4847 converso
2765 4791 3123 4859 spirationem
3150 4805 3272 4846 esse
3294 4790 3709 4848 constitutivam

2136 4898 2388 4953 persona:
2443 4890 2710 4951 paternae,
2760 4881 3152 4952 paternitatem
3205 4881 3364 4950 sequi
3416 4896 3707 4950 personam

2130 4976 2244 5047 jam
2278 4977 2659 5030 constitutam.
2711 4975 2785 5030 At
2811 4975 2858 5029 si
2891 4975 3104 5043 spirare
3137 4974 3361 5044 quidem
3396 4974 3707 5036 constituit,

2135 5070 2444 5138 paternitas
2491 5082 2624 5122 vero
2677 5078 2734 5122 et
2765 5067 2946 5136 ipsum
2989 5081 3256 5136 generare
3301 5067 3575 5136 sequitur,
3613 5066 3711 5120 ab-

2136 5160 2363 5215 surdum
2395 5159 2549 5228 quid,
2600 5167 2656 5214 et
2688 5159 2836 5229 quod
2886 5167 3086 5227 praeter
3137 5157 3384 5213 omnium
3417 5158 3708 5213 doctorum

2137 5249 2491 5304 traditionem
2526 5258 2640 5315 est,
2709 5248 2966 5319 sequitur
3012 5265 3026 5302 :
3074 5249 3220 5317 quod
3271 5249 3376 5303 tale
3424 5248 3553 5318 quid
3601 5259 3706 5312 est,

2135 5341 2433 5412 principia,
2461 5350 2520 5396 et
2557 5341 2878 5396 immediata
2914 5340 3186 5410 cujusque
3211 5341 3466 5411 operatio
3496 5341 3563 5394 ab
3589 5339 3710 5408 ejus

2136 5433 2502 5489 constitutiva
2537 5433 2712 5487 forma
2741 5432 2961 5501 prodit;
2998 5447 3191 5487 omnes
3219 5441 3401 5486 autem
3433 5433 3554 5486 alia:
3577 5446 3710 5500 ope-

2141 5528 2385 5582 rationes
2415 5541 2515 5594 per
2551 5525 2692 5580 hanc
2728 5525 2963 5593 primam
2999 5524 3256 5579 videlicet
3302 5525 3706 5593 operationem,

2138 5627 2198 5671 ut
2220 5625 2349 5686 puta
2373 5632 2441 5671 ex
2462 5616 2665 5677 anima.
2697 5629 2821 5682 quas
2841 5623 2924 5669 est
2950 5613 3310 5669 constitutiva
3336 5613 3482 5674 Petri
3508 5613 3706 5679 forma,

2140 5711 2318 5780 prima
2347 5718 2403 5765 et
2429 5707 2746 5763 immediata
2779 5706 3029 5778 operatio
3058 5707 3177 5777 ejus
3208 5707 3413 5776 prodit,
3453 5705 3600 5778 quod
3625 5715 3710 5761 est

2138 5803 2323 5858 vivere
2351 5819 2364 5857 :
2398 5800 2597 5862 deinde
2619 5815 2720 5871 per
2746 5815 2891 5870 eam,
2913 5799 3123 5859 scilicet
3156 5809 3413 5871 tanquam
3442 5812 3542 5870 per
3573 5811 3706 5855 cau-
