3990 6212
314 405 419 472 427

303 604 497 673 deum,
528 606 802 676 speculari
832 606 1112 670 videlicet,
1149 605 1377 670 docere,
1413 616 1596 663 texere
1626 622 1737 664 etc.
1765 609 1869 664 Per

302 698 487 752 vivere
520 712 776 767 namque,
809 714 932 768 qua:
959 707 1044 752 est
1089 698 1266 768 prima
1319 708 1376 753 et
1409 699 1724 756 itumediata
1749 700 1870 769 ejus

301 791 569 858 operatio,
613 804 806 844 omnes
836 790 958 846 alia:
996 790 1331 850 eﬂicinntur.
1369 791 1426 847 Si
1471 793 1637 863 igitur
1661 802 1717 846 et
1745 808 1869 863 per-

303 898 450 936 sonat
507 889 749 951 paterna:
811 882 992 951 ipsum
1047 883 1261 953 spirare
1309 891 1458 939 esset
1511 885 1868 940 constitutiva

301 973 499 1032 iorma.
528 985 674 1028 esset
725 974 955 1043 spiratio
991 975 1212 1044 quidem
1252 976 1426 1044 prima
1489 974 1610 1043 ejus
1660 985 1715 1031 et
1763 975 1870 1030 im-

203 1121 210 1126 .
304 1065 542 1118 mediata
592 1066 881 1134 operatio;
936 1081 1035 1136 per
1084 1067 1224 1121 hanc
1278 1075 1462 1121 autem
1509 1076 1872 1136 generaretur

302 1156 497 1221 Filius,
527 1172 640 1226 quo
669 1156 825 1213 ﬁeret
865 1166 927 1212 ut
974 1173 1084 1214 non
1118 1159 1359 1228 Spiritus
1387 1175 1486 1229 per
1515 1158 1714 1214 Filium
1745 1173 1870 1229 pro-

300 1249 543 1307 cederet.
589 1257 648 1301 ut
685 1248 926 1320 theologi
954 1258 1237 1315 asserunt,
1267 1251 1364 1306 sed
1397 1251 1569 1306 Filius
1603 1265 1702 1320 per
1741 1249 1867 1320 Spi-

303 1339 469 1392 ritum
493 1349 888 1409 generaretur.
929 1340 1062 1405 Quze
1091 1350 1289 1395 cuncta
1322 1341 1537 1395 veritati
1572 1341 1867 1402 contraria,

297 1440 354 1483 et
387 1429 614 1484 Patrum
664 1429 1170 1499 traditionibus,..¢t
1199 1432 1478 1487 communi
1513 1447 1706 1486 eorum
1744 1431 1870 1487 usui

301 1529 452 1573 sunt.
493 1518 714 1575 Etcum
745 1520 864 1576 haec
905 1521 1147 1577 absurda
1177 1524 1310 1585 sint,
1354 1532 1527 1576 restat
1567 1522 1868 1592 paternita-

304 1621 411 1666 tem
438 1615 781 1670 constituere
810 1631 1103 1685 personam
1153 1624 1463 1685 paternam,
1497 1626 1552 1670 et
1586 1618 1726 1670 hanc
1750 1615 1872 1686 ejus

302 1720 423 1760 esse
456 1705 1028 1762 incommunicabilem
1052 1707 1308 1772 formam,
1334 1706 1690 1776 spirationem
1715 1707 1870 1778 sequi

303 1793 411 1866 iam
438 1797 794 1852 constitutam
828 1799 950 1868 ejus
977 1812 1292 1868 personam.

375 1888 494 1943 Non
519 1889 744 1958 quidem
774 1860 1049 1958 accipitur
1075 1891 1168 1945 hic
1197 1892 1456 1948 accidens
1479 1894 1698 1963 proprie
1730 1892 1876 1963 quod
1905 1860 1950 1917 Β

307 1979 624 2060 τεοιίιθιχθι)
649 1995 737 2043 eo,
767 1982 852 2034 cui
886 1980 1108 2050 accidit,
1131 1983 1490 2054 distinguitur
1515 1994 1568 2039 ut
1588 1983 1869 2050 accidens,

306 2084 428 2124 cum
464 2070 601 2125 nihil
634 2071 690 2124 in
721 2071 991 2128 Trinitate
1022 2074 1094 2128 sit
1119 2075 1397 2129 accidens.
1434 2075 1634 2130 Verum
1679 2089 1879 2130 secun-

306 2155 436 2210 dum
485 2167 760 2223 naturam,
801 2169 858 2216 et
892 2162 1288 2229 essentialiter,
1323 2163 1376 2216 id
1413 2171 1498 2217 est
1545 2163 1877 2230 necessario,

305 2255 362 2302 et
388 2263 485 2317 per
512 2263 570 2303 se
603 2257 856 2319 tanquam
890 2252 1163 2321 quoddam
1197 2253 1282 2307 sui
1311 2264 1562 2306 naturam
1613 2261 1668 2306 et
1691 2266 1879 2307 essen-

306 2338 434 2392 tiam
489 2339 542 2392 in
585 2354 652 2394 eo
694 2342 1004 2396 necessario
1045 2357 1417 2412 consequens,
1449 2351 1505 2398 et
1534 2344 1712 2412 ipsum
1758 2345 1878 2413 qni-

305 2427 428 2483 dem
464 2441 728 2498 generare
757 2432 988 2499 primam
1019 2443 1069 2487 et
1101 2433 1468 2488 immediatam
1501 2435 1878 2503 Operationem

307 2533 554 2588 personae.
578 2531 821 2589 paternae
847 2536 992 2587 esse,
1020 2522 1200 2593 ipsum
1223 2539 1356 2578 vero
1383 2525 1596 2594 spirare
1635 2525 1750 2578 ﬁeri
1782 2539 1880 2592 per

306 2624 590 2680 generare,
628 2626 733 2666 non
759 2621 1013 2681 tanquam
1040 2628 1140 2682 per
1167 2614 1516 2683 principium,
1539 2615 1633 2669 sed
1662 2631 1760 2684 per
1781 2615 1878 2669 aii-

307 2700 436 2768 quid
459 2701 852 2765 necessarium,
869 2703 1014 2769 quod
1039 2703 1414 2772 przeexigitur.
1437 2703 1505 2758 Et
1525 2704 1639 2758 haec
1656 2705 1878 2772 quidem

307 2789 563 2858 pmdicta
586 2791 696 2845 sint
715 2800 969 2861 tanquam
984 2793 1048 2846 ad
1086 2808 1207 2862 quae
1227 2803 1535 2862 sequuntur
1550 2795 1877 2849 necessaria.

380 2881 516 2935 Item
557 2883 678 2938 haec
708 2885 878 2938 etiam
905 2894 1166 2956 tanquam
1218 2889 1530 2942 communia
1560 2904 1880 2960 praesuppo-

310 2983 552 3040 nantur;
589 2991 780 3030 eorum
812 2993 934 3046 qua:
959 2979 1013 3032 in
1042 2978 1153 3034 Deo
1182 2979 1443 3034 dicuntur
1475 2981 1722 3050 quaedam
1754 2991 1882 3037 sunt

309 3067 620 3121 communia
641 3068 899 3123 omnibus
933 3071 1206 3138 personis,
1233 3080 1293 3125 ut
1325 3072 1526 3136 bonus,
1553 3074 1794 3144 sapiens.
1825 3082 1882 3128 et

1278 406 1780 468 BESSARlONlS
1819 406 1883 466 S.
1924 409 1994 468 ll.
2035 405 2099 470 E.
2133 407 2598 472 CARDINALIS

303 531 420 574 sam
471 517 592 572 sine
635 532 743 588 qua
785 532 893 573 non
945 532 1137 574 omnes
1180 517 1302 574 aliae
1347 519 1705 588 operationes
1738 534 1867 587 pro-
1896 522 1940 581 Α
1973 515 2296 586 Argumema
2346 520 2626 587 probantia
2669 516 2925 588 Spiritum
2975 527 3220 573 sanctum
3263 535 3326 574 ea:
3383 519 3549 575 Patre

2103 605 2194 658 per
2221 588 2435 654 Filium,
2467 598 2517 643 et
2550 605 2616 643 eat
2659 588 2826 642 Patre
2871 587 3110 658 Filioque
3139 589 3437 659 procedere.

2044 700 2150 756 Per
2177 701 2406 770 primam
2451 711 2507 757 et
2534 701 2910 756 immediatam
2933 701 3370 773 uniuscujusque
3415 717 3545 774 ope.

1973 792 2260 852 rationem.
2291 807 2481 848 omnes
2499 793 2617 848 aliae
2649 792 2999 863 operationes
3025 792 3146 864 ejus
3181 792 3341 859 ﬁunt,
3368 794 3545 864 prima

1973 897 2106 937 vero
2159 893 2216 937 et
2249 883 2564 937 immediata
2614 883 2794 940 Patris
2843 883 3088 953 operatio
3134 893 3216 940 est
3244 899 3541 954 generare:

1973 989 2072 1044 per
2096 985 2364 1042 generare
2403 974 2569 1043 igitur
2605 973 2852 1044 spirandi
2883 975 3026 1029 actio
3079 977 3172 1039 iit,
3199 985 3252 1030 et
3279 990 3346 1030 ex
3386 977 3545 1031 Patre

1971 1079 2072 1134 per
2107 1063 2306 1118 Filium
2335 1065 2576 1132 Spiritus
2609 1072 2836 1119 sanctus
2861 1066 3137 1132 procedit.
3165 1065 3320 1132 Quod
3360 1078 3541 1122 autem

1971 1155 2106 1210 velit
2135 1155 2257 1219 hoc,
2288 1156 2434 1225 quod
2467 1155 2703 1210 dicimus
2733 1170 2833 1222 per
2867 1154 3088 1219 Filium,
3116 1157 3338 1226 etquod
3365 1157 3542 1226 ipsum

1971 1262 2069 1318 per
2125 1262 2344 1302 causam
2403 1247 2520 1302 sive
2570 1245 2904 1317 principium
2957 1247 3204 1302 medians
3253 1248 3542 1317 signiticet.

1971 1353 2040 1394 ex
2071 1338 2174 1394 hoc
2206 1353 2315 1392 non
2340 1337 2715 1408 intelligimus,
2739 1336 2884 1406 quod
2914 1336 3084 1391 Filius
3115 1337 3187 1391 sit
3211 1338 3540 1407 principium

1971 1429 2220 1484 medians
2257 1438 2522 1499 quantum
2552 1430 2620 1484 ad
2653 1431 2888 1500 spirare,
2928 1430 2999 1484 ita
3049 1429 3195 1500 quod
3233 1431 3398 1484 Pater
3435 1445 3540 1482 non

1974 1519 2288 1576 immediate
2307 1521 2481 1587 spiret
2507 1520 2778 1590 Spiritum
2800 1529 3081 1586 sanctum;
3107 1519 3202 1574 sed
3225 1519 3395 1589 spiret
3419 1534 3542 1572 eum

1973 1607 2250 1664 mediante
2285 1609 2446 1673 Filio,
2500 1616 2758 1676 tanquam
2794 1621 2960 1661 causa
3002 1604 3351 1669 secundaria,
3400 1604 3546 1658 sicut

1973 1698 2121 1754 Deus
2163 1706 2344 1754 movet
2379 1699 2579 1753 caelum
2617 1697 2981 1768 intelligentia
3021 1697 3318 1751 mediante.
3354 1693 3543 1748 Tenc-

1979 1807 2102 1847 mus
2133 1792 2282 1847 enim
2312 1807 2436 1846 cum
2455 1788 2786 1860 Augustino,
2812 1789 2957 1859 quod
2984 1785 3546 1858 Spiritusimmcdiate

1980 1882 2050 1937 ab
2075 1890 2314 1951 utroque
2343 1879 2597 1949 procedit
2632 1895 2646 1932 :
2681 1878 2776 1933 sed
2803 1876 3165 1947 intelligimus
3195 1871 3341 1942 quod
3376 1871 3546 1924 Filius

1980 1975 2072 2044 qui
2097 1983 2180 2028 est
2209 1973 2452 2042 Spiritus
2481 1970 2817 2042 principium
2858 1985 2873 2022 :
2905 1977 2988 2023 est
3013 1966 3262 2026 medians
3282 1973 3544 2033 quantum

1979 2049 2048 2120 ad
2077 2078 2199 2119 esse
2227 2063 2372 2117 inter
2410 2062 2630 2116 Patrem
2689 2069 2748 2116 et
2792 2058 3053 2128 Spiritum
3099 2067 3370 2118 sanctum,
3421 2067 3544 2105 cum

1978 2159 2138 2228 prius
2197 2154 2528 2210 naturaliter
2584 2149 2924 2220 intelligatur
2952 2164 2984 2204 a
3017 2150 3175 2203 Patre
3219 2145 3544 2216 productus,

1980 2264 2144 2320 quam
2195 2247 2434 2318 Spiritus
2463 2253 2690 2300 sanctus
2721 2244 2788 2298 ab
2821 2250 3080 2312 utroque,
3111 2237 3446 2294 sulﬁcienter
3490 2237 3546 2294 in

1980 2353 2236 2394 sermone
2267 2341 2330 2392 de
2364 2336 2568 2392 unione
2594 2333 2978 2404 probavimus.

2029 2433 2180 2502 item
2209 2446 2445 2515 Spiritus
2471 2453 2696 2502 sanctus
2730 2451 2826 2498 aut
2847 2458 2910 2498 ex
2937 2441 3051 2498 solo
3081 2440 3238 2496 Patre
3271 2436 3545 2510 procedit,

1981 2550 2076 2596 aut
2107 2557 2215 2596 non
2259 2557 2325 2595 ex
2359 2541 2476 2594 solo
2507 2541 2666 2594 Palre
2697 2554 2712 2591 :
2746 2538 2892 2592 inter
2935 2532 3360 2590 contradictoria
3395 2546 3546 2584 nam-

1981 2648 2089 2703 que
2115 2632 2254 2686 nihil
2283 2640 2374 2686 .est
2409 2631 2674 2686 medium.
2707 2630 2775 2684 At
2805 2642 2914 2681 non
2948 2633 3128 2695 potest
3162 2622 3272 2679 dici
3306 2621 3450 2691 quod
3478 2634 3544 2673 ex

1981 2724 2099 2780 solo
2155 2723 2318 2777 Patre
2383 2721 2646 2791 procedat
2709 2718 2918 2790 :igitur
2949 2731 3057 2770 non
3111 2729 3178 2769 ex
3208 2712 3326 2769 solo
3361 2711 3542 2765 Patre.

1982 2815 2137 2881 Quod
2197 2815 2240 2869 si
2309 2830 2418 2870 non
2484 2829 2550 2868 ex
2615 2812 2732 2868 solo
2795 2813 2983 2874 Patre,
3045 2807 3211 2878 igitur
3257 2804 3420 2860 etiam
3478 2815 3543 2856 ex

1981 2908 2140 2963 Filio.
2194 2906 2349 2974 Quod
2409 2915 2592 2961 autem
2650 2921 2761 2959 non
2831 2917 2900 2958 ex
2967 2899 3086 2957 solo
3143 2897 3304 2953 Patre
3353 2907 3544 2965 proce-

1981 3000 2096 3066 dat,
2159 2999 2426 3069 probatur
2487 2996 2664 3066 primo
2721 2994 2994 3065 quidem:
3049 3004 3318 3060 nusquam
3388 2999 3539 3055 repe-

1986 3092 2130 3146 ritur
2167 3089 2273 3144 hoc
2300 3089 2530 3152 dictmn,
2567 3101 2744 3156 neque
2777 3084 2922 3155 apud
2959 3082 3294 3152 scripturam
3321 3076 3546 3133 canoni-

309 3158 492 3249 omnia
529 3157 799 3222 absoluta,
823 3158 1772 3233 similiteromnesnegationes,qu:e
1787 3179 1883 3234 per
1907 3176 1954 3237 ο
1986 3197 2129 3246 eam,
2165 3194 2345 3249 neque
2371 3179 2514 3248 apud
2549 3178 2822 3232 doctores.
2857 3173 3016 3240 Quod
3045 3187 3176 3226 vero
3208 3185 3319 3224 non
3345 3167 3446 3222 fuit
3477 3164 3545 3219 ab

308 3247 688 3301 excellentiam
705 3257 956 3317 respectu
983 3250 1049 3303 ad
1079 3259 1385 3304 creaturam
1418 3251 1487 3305 de
1511 3266 1578 3306 eo
1600 3253 1876 3316 dicuntur,

310 3349 370 3392 ut
403 3339 704 3402 invisibile,
761 3340 1348 3409 incomprehensibile,
1378 3350 1435 3395 et
1480 3341 1877 3412 hujuscemodi.

383 3430 514 3483 Item
542 3444 884 3499 quacunque
912 3431 1247 3484 relationem
1285 3430 1350 3484 ad
1385 3439 1693 3485 creaturam
1715 3432 1882 3502 signi-

311 3522 498 3586 ﬁcant,
563 3531 622 3576 ut
667 3533 907 3585 creator,
935 3522 1128 3592 judex,
1161 3532 1210 3577 et
1247 3521 1449 3576 similia
1486 3542 1499 3577 :
1535 3523 1650 3577 haec
1700 3525 1882 3592 itaque

313 3614 626 3668 communia
683 3623 812 3668 sunt
857 3614 1118 3668 omnibus
1159 3614 1444 3682 personis;
1477 3614 1722 3683 quaedam
1752 3629 1882 3669 vero

314 3717 443 3761 sunt
477 3706 717 3776 propria,
759 3713 815 3760 et
853 3706 1051 3760 horum
1080 3705 1324 3775 qutedam
1359 3715 1484 3760 sunt
1509 3707 1726 3776 propria
1751 3706 1883 3760 dua-

315 3801 418 3852 bus
451 3798 703 3868 personis
733 3796 1144 3866 comparatione
1172 3797 1237 3851 ad
1273 3797 1560 3866 reliquam,
1611 3796 1880 3867 quemad-

311 3888 537 3942 modum
571 3888 709 3942 Filio
765 3896 827 3942 et'
881 3887 1114 3957 Spiritui
1149 3903 1178 3941 a
1231 3887 1508 3956 principio
1551 3903 1696 3951 esse,
1736 3887 1881 3943 Patri

311 3988 369 4033 et
402 3977 544 4031 Filio
574 3978 794 4032 mittere
832 3976 1098 4046 Spiritum
1132 3994 1146 4032 :
1181 3978 1271 4032 hic
1291 3977 1511 4046 capitur
1545 3980 1784 4043 mittere,
1823 3989 1884 4034 ut

313 4071 575 4136 importat
637 4067 966 4121 relationem
1031 4068 1266 4137 originis
1306 4067 1453 4143 inter
1482 4067 1790 4122 mittentem
1827 4078 1884 4124 ct

313 4158 567 4221 missum,
599 4168 654 4212 et
688 4174 788 4228 per
817 4173 1166 4228 consequens
1196 4159 1610 4215 diStinctionem
1643 4161 1881 4225 realem;

313 4259 412 4304 ant
436 4249 582 4319 quod
611 4250 848 4316 Spiritus
903 4249 1119 4302 dicatur
1147 4249 1327 4302 Patris
1352 4257 1406 4303 et
1440 4247 1588 4302 Filii.
1620 4249 1875 4314 Quasdam

320 4343 539 4412 propria
576 4341 739 4396 unius
785 4356 1057 4411 personae,
1086 4349 1141 4395 et
1179 4341 1376 4395 horum
1415 4355 1605 4395 rursus
1632 4341 1881 4410 qumdam

317 4437 390 4489 ita
422 4433 640 4504 propria
682 4431 990 4502 personalia
1018 4441 1166 4496 sunt,
1221 4441 1280 4484 ut
1311 4432 1476 4486 etiam
1521 4431 1880 4486 constitutiva

1983 3272 2166 3342 aliquo
2194 3271 2424 3325 istorum
2463 3269 2692 3330 dictmn,
2723 3283 2832 3321 non
2875 3274 2960 3322 est
2994 3261 3306 3318 audendum
3339 3259 3542 3314 dicere.

1981 3364 2190 3418 Deinde
2221 3377 2346 3418 cum
2375 3361 2586 3430 Spirare
2624 3375 2732 3413 non
2766 3359 2964 3426 prima,
3001 3371 3104 3411 nec
3132 3351 3443 3408 immediata
3477 3351 3547 3404 sit

1981 3455 2294 3510 essentialis
2324 3454 2468 3508 actio
2510 3452 2709 3514 Patris,
2742 3451 2812 3506 sit
2841 3465 2938 3519 per
2966 3448 3223 3518 primam,
3255 3453 3315 3497 ut
3343 3442 3543 3497 dictum

1982 3556 2087 3603 est.
2126 3547 2410 3615 Accipitur
2475 3543 2565 3598 hic
2595 3559 2689 3612 per
2758 3549 2924 3613 prout
2967 3542 3231 3608 importat
3271 3533 3544 3590 habitudi-

1983 3651 2110 3692 nem
2141 3649 2342 3699 causa,
2369 3633 2488 3687 sine
2527 3647 2633 3702 qua
2662 3647 2772 3686 non
2803 3629 2969 3700 :quia
3004 3628 3214 3697 spirare
3239 3622 3546 3680 necessario

1982 3724 2361 3796 praesupponit
2390 3738 2673 3793 generare,
2713 3737 2821 3776 non
2846 3728 3010 3791 prout
3041 3720 3298 3788 importat
3329 3716 3547 3770 habitu-

1983 3819 2171 3873 dinem
2215 3815 2506 3886 principii;
2546 3815 2675 3884 quia
2729 3812 3010 3888 generatio
3043 3826 3152 3864 non
3202 3818 3290 3864 est
3341 3807 3546 3878 princi-

1983 3909 2132 3979 pium
2163 3905 2518 3976 spirationis;
2545 3919 2669 3958 cum
2696 3901 2924 3973 spiratio
2953 3899 3091 3955 Filio
3121 3897 3433 3958 conveniat,
3460 3894 3543 3949 cui

1984 4015 2094 4054 non
2125 3999 2384 4053 convenit
2417 4009 2606 4050 actura
2649 3994 2958 4065 generatio,
2992 4007 3115 4061 quae
3141 4002 3226 4046 est
3250 3991 3430 4060 ipsum
3456 4001 3542 4053 ge-

1983 4104 2208 4156 nerare,
2246 4098 2303 4144 et
2347 4087 2632 4158 generatio
2663 4103 2677 4140 :
2707 4099 2880 4155 quare
2910 4099 3137 4138 necesse
3167 4091 3253 4136 est
3289 4089 3347 4134 ut
3376 4079 3544 4133 Filius

1983 4195 2050 4235 ex
2092 4180 2196 4235 hac
2224 4179 2545 4249 operatione
2595 4176 2905 4246 participet,
2943 4183 2998 4228 et
3023 4187 3123 4242 per
3153 4187 3277 4226 eum
3312 4168 3544 4233 Spiritus

1985 4279 2211 4324 sanctus
2255 4265 2552 4337 procedat;
2589 4279 2713 4318 cum
2749 4263 2899 4318 enim
2932 4262 3117 4316 omnia
3147 4261 3259 4315 sint
3305 4272 3546 4312 commu-

1984 4359 2072 4413 nia
2100 4357 2242 4413 Patri
2293 4364 2348 4410 et
2371 4355 2508 4410 Filio
2537 4364 2735 4424 pragter
2764 4353 3154 4408 constitutivas
3185 4363 3542 4421 personarum

1986 4449 2376 4520 proprietates,
2406 4446 2717 4501 communis
2744 4446 2796 4499 ei
2825 4445 2932 4498 erit
2968 4445 3050 4498 vis
3080 4444 3247 4497 etiam
3282 4441 3542 4509 spirandi.

318 4526 450 4590 sint,
489 4533 551 4578 ut
573 4523 901 4594 paternitas,
935 4519 1148 4588 ﬁliaiio,
1179 4522 1408 4591 spiratio
1439 4522 1675 4592 passiva.
1713 4521 1878 4588 Qua:-

1986 4510 2109 4610 qua;
2133 4537 2401 4592 naturalis
2431 4536 2650 4605 quidem
2695 4533 2866 4596 Patri,
2919 4547 3028 4586 non
3074 4541 3252 4585 tan-.en
3279 4529 3545 4582 constitu-

317 4619 440 4672 dam
506 4607 608 4670 etsi
655 4616 746 4668 uni
783 4615 882 4669 soli
930 4615 1140 4675 insunt,
1169 4629 1278 4668 non
1312 4623 1492 4668 tamen
1522 4613 1878 4667 constitutiva

319 4724 686 4778 personarum
714 4719 864 4772 sunt,
901 4706 996 4761 sed
1024 4707 1269 4776 qua-dam
1305 4707 1579 4773 notiones,
1624 4707 1886 4776 quemad-

319 4800 542 4854 modum
589 4799 736 4853 Patri
765 4799 1044 4852 notionaie
1064 4786 1375 4868 ingenitum
1412 4812 1555 4862 esse,
1583 4798 1884 4866 ingenitum

319 4893 537 4960 capitur
562 4890 653 4945 hic
695 4904 794 4959 pro
819 4889 1186 4958 improducto.
1221 4890 1346 4942 Haec
1381 4888 1545 4958 igitur
1575 4889 1737 4942 trium
1763 4904 1886 4958 per-

317 4999 574 5039 sonarum
612 4982 924 5038 connnunia
958 4981 1268 5050 personalia
1306 4990 1455 5046 sunt,
1486 4996 1586 5035 nec
1622 4982 1736 5047 illa,
1765 4997 1886 5051 quae

323 5075 538 5129 duabus
566 5073 979 5144 comparatione
1003 5071 1072 5126 ad
1105 5071 1322 5128 tertiam
1345 5071 1561 5140 propria
1592 5081 1754 5137 sunt;
1786 5085 1888 5130 nec

320 5168 439 5232 illa,
467 5182 588 5237 quae
613 5168 706 5221 uni
735 5165 958 5236 quidem
988 5167 1209 5236 propria
1231 5175 1383 5228 sunt,
1421 5164 1516 5219 sed
1551 5165 1620 5218 ita
1661 5162 1884 5233 propria

321 5271 383 5316 ut
425 5259 749 5324 notionalia,
794 5267 851 5314 et
904 5257 1233 5328 sequentia:
1277 5256 1366 5310 illa
1419 5271 1550 5311 vero
1603 5257 1716 5312 sola
1759 5265 1888 5310 sunt

320 5351 651 5424 personalia.
689 5361 745 5405 et
778 5365 1136 5418 personarum
1169 5349 1524 5404 constitutiva
1554 5350 1771 5419 propria
1799 5365 1890 5418 pa-

318 5446 569 5509 ternitas,
590 5444 796 5500 scilicet
817 5443 1024 5505 ﬁliatio.
1040 5453 1094 5496 et
1119 5443 1332 5511 passiva
1350 5443 1607 5511 spiratio;
1624 5457 1744 5512 qua:
1756 5457 1887 5494 vero

318 5537 528 5592 duabus
559 5537 778 5605 propria
809 5535 1217 5605 comparatione
1248 5535 1314 5590 ad
1343 5535 1558 5590 tertiam
1597 5544 1745 5598 sunt,
1773 5535 1888 5587 haec

319 5627 622 5682 notionalia
643 5637 771 5682 sunt
789 5629 1021 5681 duarum
1046 5643 1428 5695 personarum.
1450 5626 1545 5681 llis
1564 5641 1888 5696 prmsuppn-

320 5717 445 5773 sitis
469 5717 823 5784 probabimus
853 5716 1116 5784 Spiritum
1137 5716 1390 5771 Sanctum
1425 5733 1492 5772 ex
1519 5719 1678 5773 Patre
1697 5733 1792 5786 per
1805 5715 1890 5770 Fi-

309 5808 482 5873 'lium,
514 5807 634 5873 ipso
657 5805 907 5874 juvaute,
930 5816 984 5860 et
1006 5823 1068 5861 ex
1096 5807 1256 5864 Patre
1302 5809 1549 5877 Filioque
1574 5809 1880 5881 procedere

1989 4630 2096 4684 tiva
2125 4642 2373 4700 personat
2399 4626 2520 4697 ejus
2547 4634 2659 4689 est,
2699 4633 2758 4680 ut
2783 4622 2994 4679 dictum
3023 4631 3128 4676 est.
3157 4622 3338 4687 Quare
3375 4620 3547 4688 Spiri-

1986 4729 2076 4776 tus
2119 4735 2186 4774 ex
2236 4720 2400 4773 Patre
2457 4727 2512 4772 et
2551 4715 2713 4780 Filio,
2777 4715 2864 4770 vel
2909 4729 2973 4770 ex
3007 4714 3167 4767 Patre
3201 4728 3299 4780 per
3348 4710 3545 4764 Filium

1983 4810 2259 4883 procedit.
2307 4809 2365 4863 in
2413 4808 2686 4876 theologia
2720 4820 2956 4875 namque
2983 4820 3075 4874 per
3101 4813 3156 4857 et
3191 4819 3254 4862 ea;
3284 4803 3418 4856 nihil
3449 4801 3548 4854 dif-

1983 4904 2187 4958 ferunt.
2207 4899 2360 4967 Quod
2386 4899 2430 4953 si
2459 4898 2583 4968 quis
2607 4897 2755 4952 dicat
2782 4911 3156 4959 communem,
3188 4911 3319 4964 ergo
3352 4894 3549 4946 lict-tet

1986 4991 2214 5062 Spiritui
2249 4997 2444 5044 sancto
2479 4989 2622 5043 hanc
2657 4987 2766 5041 vim
2796 4986 3039 5056 spirandi
3085 5001 3228 5049 esse,
3282 4986 3387 5038 vim
3436 4983 3550 5050 Spi~

1991 5084 2172 5148 randi,
2237 5082 2292 5136 id
2327 5091 2432 5141 est.
2465 5083 2702 5135 activam
2739 5080 3121 5150 spirationem,
3170 5077 3284 5132 sive
3314 5076 3551 5130 divinam

1990 5183 2243 5230 naturam
2304 5173 2657 5237 coniunctam
2714 5171 2906 5238 activae
2956 5170 3245 5238 Spirationi
3296 5178 3550 5234 tanquam

1990 5265 2340 5322 essentialem
2364 5273 2420 5318 et
2451 5263 2776 5317 naturalent.
2841 5261 3035 5316 Omnia
3061 5260 3212 5314 enim
3242 5258 3552 5314 essentia-ha

1993 5356 2094 5427 ipsi
2124 5369 2347 5426 quoque
2370 5353 2684 5409 communia
2719 5361 2868 5406 sunt.
2905 5351 3089 5408 Discat
3129 5351 3180 5406 is
3219 5350 3323 5404 hoc
3355 5349 3550 5416 iman-

1992 5446 2153 5502 sibile
2193 5460 2337 5508 esse,
2370 5459 2438 5498 eo
2471 5443 2618 5514 quod
2673 5443 2975 5525 opponitur
3031 5444 3152 5508 ejus
3201 5439 3552 5510 proprietati;

1994 5553 2103 5592 non
2136 5537 2284 5592 enim
2326 5544 2508 5605 potest
2555 5535 2700 5591 idem
2733 5535 2819 5589 sui
2859 5535 3032 5604 ipsius
3061 5549 3182 5588 esse
3206 5529 3555 5601 principium.

1993 5627 2345 5696 Unaquaeque
2389 5626 2542 5680 enim
2574 5625 2890 5680 divinarum
2934 5638 3300 5695 personarum
3333 5635 3555 5675 manem

1995 5719 2052 5775 in
2079 5734 2167 5783 eo,
2198 5718 2346 5788 quod
2371 5727 2474 5782 est,
2511 5726 2568 5770 et
2597 5731 2750 5772 suam
2788 5716 3182 5785 proprietatem
3217 5709 3556 5781 pcrsonalem

1997 5827 2226 5870 servans
2259 5828 2274 5867 :
2309 5809 2622 5868 communia
2674 5811 2838 5865 etiam
2875 5807 3108 5863 invicem
3162 5805 3330 5859 habet
3375 5798 3554 5858 omnia

3446 405 3550 475 428
