3990 6212
339 251 451 322 429

1277 266 1375 327 DE
1417 267 1946 334 PROCESSIONE
1989 273 2354 338 SPIRITUS
2391 278 2712 341 SANCTL

3488 288 3553 350 43
3564 287 3611 344 0‘

337 368 677 426 essentialia.
714 369 942 427 Manens
970 368 1119 428 enim
1146 373 1316 430 Filius
1352 377 1405 430 in
1437 381 1682 449 co'quod
1733 379 1905 436 Filius
1938 386 1978 444 Δ
2011 384 2310 454 telligimus
2347 388 2616 458 principia
2669 389 2865 444 harum
2916 388 3153 445 duarum
3206 396 3597 460 operationem

336 469 450 527 est,
476 469 534 516 ut
567 460 765 516 beatus
785 461 1023 518 Basilius
1040 463 1142 527 ait,
1176 464 1344 521 babet
1370 469 1555 522 omnia
1575 484 1916 541 quaecunque

334 555 400 604 et
459 548 667 615 Pater;
723 549 888 620 igitur
932 550 1170 620 Spiritus
1218 555 1382 608 etiam
1451 572 1677 613 manens
1728 559 1780 615 in
1850 574 1920 614 eo

334 639 488 710 quod
556 639 793 709 Spiritus
843 652 948 706 est,
1012 642 1178 700 habet
1241 647 1424 702 omnia
1466 664 1806 720 quaecunque
1863 663 1918 706 et

334 729 504 788 Pater
551 743 606 788 et
647 734 838 789 Filius.
892 737 1221 805 Pr0prietati
1256 739 1443 809 itaque
1466 756 1582 811 ejus
1637 752 1919 813 Oppugnat

334 824 425 878 sui
485 824 662 894 ipsius
718 827 1052 897 principium
1081 843 1203 884 esse
1240 838 1337 884 :et
1368 829 1494 885 ideo
1546 832 1909 901 spiratiouem

340 915 584 970 activam
616 916 822 973 habere
870 934 978 972 non
1011 927 1213 989 potest.
1250 918 1360 976 Sed
1390 921 1537 976 dicet
1567 922 1770 992 aliquis
1804 923 1916 977 for-

337 1015 511 1073 tasse,
560 1010 704 1078 quod
737 1010 795 1064 si
823 1025 932 1064 non
969 1011 1043 1064 sit
1079 1013 1129 1066 ei
1171 1012 1483 1067 communis
1526 1014 1778 1082 spirandi
1806 1015 1910 1078 vis.

331 1099 513 1155 eritei
540 1101 732 1154 saltem
764 1102 1074 1157 communis
1098 1104 1416 1172 generativa
1445 1105 1926 1175 potentia,quem-~

335 1187 641 1242 admodum
677 1189 818 1244 Filio
856 1192 1157 1261 spirativa:
1212 1203 1269 1246 at
1296 1207 1403 1246 non
1441 1193 1609 1248 lateat
1639 1210 1788 1258 eum,
1810 1196 1915 1252 hoc

330 1279 508 1335 etiam
544 1281 883 1351 impossibile
915 1299 1034 1339 esse
1067 1302 1082 1338 :
1117 1284 1391 1354 principio
1419 1285 1565 1354 quod
1596 1301 1719 1341 cum
1751 1303 1914 1358 gene-

330 1372 500 1426 randi
539 1373 809 1440 potentia,
841 1373 895 1427 id
928 1384 1014 1430 est
1065 1375 1296 1430 actualis
1325 1376 1610 1446 generatio
1642 1380 1913 1434 constitu-

331 1463 454 1516 tiva
487 1463 558 1516 sit
587 1478 832 1532 personae
860 1474 1124 1533 paternae,
1155 1475 1212 1521 et
1245 1466 1796 1524 incommunicabilis
1828 1470 1910 1524 al-

2021 485 2208 529 essent
2259 476 2547 545 principia.
2605 477 2712 532 Sed
2768 493 3109 548 unaquaeque
3156 479 3355 543 forma,
3413 480 3466 534 id
3515 485 3602 537 εει

2025 567 2456 637 unumquodque
2487 567 2819 638 principium
2854 570 3195 640 operationis
3225 573 3598 626 constitutivae

2020 673 2145 713 eum
2172 659 2264 714 illa
2291 660 2614 729 operatione
2665 661 2904 732 aliquam
2947 677 3239 732 personam
3273 664 3598 729 constituit;

2019 747 2164 804 sicut
2193 751 2459 814 essentia,
2481 766 2602 820 quaz
2621 760 2705 806 est
2733 751 3060 821 principium
3089 753 3465 822 generationis
3509 768 3598 807 ac-

2026 839 2150 894 tivae
2173 855 2297 895 cum
2335 842 2453 911 ipsa
2482 843 2840 911 generatione
2869 843 3082 898 Patrem
3111 843 3419 906 constituit,
3438 853 3494 898 et
3515 845 3597 898 sic

2021 930 2188 987 Pater
2209 940 2396 987 essent
2415 933 2535 988 dua:
2550 949 2819 1003 personae.
2844 934 2959 989 Hoc
2991 946 3176 990 autem
3202 934 3596 990 inconveniens

2016 1026 2123 1076 est.
2153 1017 2244 1073 Vis
2269 1019 2437 1088 igitur
2467 1021 2738 1090 spirandi,
2771 1023 2824 1077 id
2848 1030 2953 1084 est.
2984 1023 3170 1077 activa
3197 1022 3450 1092 spiratio,
3482 1037 3594 1077 non

2015 1110 2301 1168 constituit
2325 1127 2613 1181 personam
2651 1113 2849 1168 Patris.
2896 1113 3054 1180 Quod
3091 1114 3267 1168 sinon
3289 1112 3594 1178 constituit,

2015 1200 2320 1256 communis
2342 1202 2509 1273 igitur
2535 1211 2621 1258 est
2639 1204 2806 1260 etiam
2826 1204 2910 1259 vel
2930 1204 3053 1260 aliis
3075 1205 3324 1274 personis
3344 1243 3360 1268 ,
3385 1205 3471 1258 vel
3495 1205 3594 1258 ali-

2015 1290 2103 1344 cui
2168 1305 2356 1347 carum
2401 1310 2414 1347 :
2461 1308 2571 1348 non
2628 1296 2876 1364 utrisque
2911 1295 3098 1361 simul,
3132 1309 3312 1364 neque
3363 1293 3595 1364 Spiritui

2014 1381 2214 1448 solum,
2258 1398 2383 1438 cum
2427 1386 2542 1455 ipse
2585 1385 2826 1456 seipsum
2869 1383 3084 1456 ’rare
3121 1400 3234 1440 non
3274 1384 3468 1455 possit.
3497 1384 3596 1438 Est

2015 1471 2176 1540 igitur
2223 1475 2534 1529 communis
2575 1473 2734 1531 Filio.
2791 1475 3033 1546 Spiritus
3093 1477 3261 1546 igitur
3313 1489 3381 1531 ex
3431 1474 3592 1530 Patre

331 1553 569 1616 teri,‘ut
621 1553 908 1622 probatum
943 1565 1052 1619 est,
1082 1556 1428 1626 impossibile
1461 1568 1548 1613 est
1585 1559 1744 1614 alteri
1791 1576 1914 1630 per-
2011 1559 2262 1631 Filioque
2288 1565 2553 1632 procedit.

329 1656 492 1696 sonu:
546 1657 666 1696 eam
700 1657 818 1699 esse
880 1658 1253 1711 communem,
1309 1649 1771 1716 quemadmodum
1826 1661 1912 1706 est

2085 1653 2219 1708 item
2267 1657 2638 1713 communiter
2682 1672 2878 1714 omnes
2911 1657 3178 1714 doctores
3199 1657 3441 1714 fatentur
3472 1655 3594 1726 Spi-

331 1733 480 1789 Filio
502 1735 786 1804 spirativa.
826 1735 1034 1790 Deinde
1062 1737 1191 1806 quia
1233 1738 1480 1808 implicat
1525 1744 1919 1799 contradictio—
1943 1728 1991 1788 Β
2021 1744 2186 1800 ritum
2216 1755 2465 1802 sanctum
2513 1749 2735 1818 prodire
2763 1766 2830 1805 ex
2854 1748 2998 1804 Filio
3027 1764 3041 1802 :
3072 1750 3178 1804 hoc
3214 1759 3398 1804 autem
3430 1757 3590 1804 natu-

333 1841 505 1891 rem;
541 1827 588 1880 si
616 1827 764 1882 enim
795 1827 938 1883 idem
964 1839 1256 1899 generaret
1297 1829 1518 1896 Filium,
1558 1844 1614 1890 et
1653 1837 1918 1904 procede-

335 1927 431 1972 ret
477 1933 542 1973 ει
579 1932 668 1980 eo.
702 1926 849 1974 esset
891 1919 957 1974 ad
1004 1920 1148 1976 idem
1185 1930 1241 1976 et
1289 1922 1644 1992 principium,
1675 1935 1732 1980 et
1772 1927 1916 1996 quod

334 2015 427 2062 est
452 2024 480 2062 a
505 2010 796 2079 principio,
823 2012 967 2081 quod
998 2021 1080 2068 est
1105 2015 1492 2072 contradictio.
1515 2017 1584 2072 At
1603 2017 1746 2085 ideo,
1773 2019 1924 2076 dicet

338 2097 641 2167 quispiam,
702 2099 807 2154 hoc
859 2101 1260 2156 inconveniens
1293 2112 1578 2173 sequetur,
1610 2107 1736 2176 quia
1782 2123 1922 2177 pra:-

336 2189 675 2257 Supponitur
725 2189 924 2243 Fllilllll
971 2191 1186 2261 spirare
1217 2191 1504 2262 Spiritum.
1531 2195 1685 2260 Quod
1733 2198 1776 2252 si
1809 2213 1918 2252 non

338 2289 895 2346 praesupponeretur,
950 2280 1082 2335 licet
1129 2282 1305 2336 solum
1333 2285 1479 2352 quod
1511 2284 1744 2352 Spiritus
1794 2303 1917 2343 cum

335 2366 508 2420 Patre
527 2361 750 2436 generet
772 2367 992 2435 Filium,
1019 2386 1146 2426 non"
1163 2371 1508 2442 relinquetur
1539 2374 1672 2429 huic
1725 2376 1920 2432 incon.-

335 2456 592 2511 venienti
624 2459 801 2514 locus.
840 2459 954 2514 Cur
987 2463 1136 2515 cnim
1171 2477 1279 2517 non
1313 2465 1496 2532 potius
1526 2464 1766 2534 Spiritus
1795 2483 1919 2522 cum

334 2545 510 2600 Patre
535 2557 759 2616 generet
783 2546 1008 2614 Filium,
1037 2566 1202 2620 quam
1227 2551 1401 2607 Filius
1420 2568 1542 2607 cum
1575 2555 1735 2608 Patre
1752 2558 1922 2625 Spiret

335 2637 654 2707 Spiritum?
689 2638 745 2693 Si
773 2640 897 2709 quis
927 2641 1042 2696 ltaac
1070 2642 1226 2706 dicit,
1257 2644 1433 2712 primo
1463 2645 1684 2716 quidem
1706 2662 1764 2702 se
1787 2649 1923 2704 sciat

334 2745 600 2800 quatere
632 2746 754 2800 qua:
786 2746 948 2786 nemo
986 2749 1225 2802 unquam
1274 2751 1377 2789 nec
1425 2737 1668 2807 cogitare
1699 2741 1920 2809 quidem

334 2835 520 2876 ausus
551 2830 670 2885 est;
706 2821 907 2877 deinde
938 2825 1207 2892 potentia,
1243 2827 1296 2880 id
1344 2838 1452 2894 est,
1485 2831 1717 2886 actualis
1760 2847 1926 2902 gene-

334 2911 516 2979 ratio,
541 2912 766 2993 quidem
802 2914 1123 2982 generativa
1162 2919 1424 2988 praecedit
1454 2922 1696 2989 spirandi
1723 2933 1919 2993 poten-

332 3005 479 3061 tiam
510 3015 766 3080 tanquam
811 3007 988 3078 prima
1019 3018 1074 3064 et
1101 3000 1415 3066 immediata
1443 3012 1620 3070 Patris
1649 3018 1921 3084 operatio,
1945 3048 1991 3110 α

333 3114 409 3161 ιιι
439 3105 732 3174 probatum
764 3112 848 3159 est
876 3121 891 3170 ;
934 3113 993 3158 et
1021 3103 1146 3158 ideo
1173 3120 1281 3157 non
1315 3116 1495 3174 petest
1520 3121 1642 3162 esse
1676 3122 1922 3162 commu-

330 3197 434 3254 nis
467 3196 738 3266 Spiritui;
778 3196 1023 3266 spirandi
1050 3210 1180 3250 vero
1214 3196 1456 3264 potentia
1492 3211 1616 3249 cum
1655 3208 1921 3266 sequetur

331 3289 471 3344 Filii
507 3287 946 3359 generationem,
983 3296 1040 3340 et
1080 3302 1175 3356 per
1222 3287 1348 3356 ejus
1389 3289 1822 3355 generationem,
1864 3299 1924 3345 ut

334 3380 644 3452 probatum
673 3389 780 3442 est,
822 3379 939 3441 ﬁat,
971 3391 1083 3431 non
1131 3375 1494 3446 impossibile.
1529 3377 1638 3432 imo
1668 3393 1923 3434 necessa-

335 3473 494 3528 rium
525 3480 634 3533 est.
683 3478 744 3524 ut
771 3470 844 3524 sit
875 3469 925 3523 ei
963 3466 1271 3522 communis
1311 3481 1434 3520 cum
1470 3467 1649 3522 Patre.
1686 3469 1844 3534 Quod
1877 3471 1923 3526 si

335 3577 472 3634 quis
527 3575 718 3616 rursus
777 3568 1002 3630 pr0ptcr
1033 3559 1150 3614 haac
1181 3559 1352 3625 diCut,
1409 3558 1574 3629 igitur
1619 3560 1801 3615 minor
1839 3569 1924 3617 est

338 3654 601 3726 Spiritus
631 3662 856 3707 sanctus
881 3661 934 3707 et
966 3652 1128 3706 Patre
1190 3660 1247 3704 et
1282 3648 1447 3717 Filio,
1478 3651 1522 3705 si
1555 3651 1778 3720 quidem
1821 3653 1924 3707 Pa-

338 3757 427 3802 ter
478 3731 708 3814 generat
751 3743 974 3806 Filium,
1009 3753 1064 3796 et
1107 3742 1280 3811 spirat
1309 3739 1573 3812 Spiritum
1609 3761 1623 3797 :
1661 3742 1834 3798 Filius
1869 3753 1925 3798 et

335 3838 460 3906 ipse
499 3850 626 3890 cum
647 3833 809 3888 Patre
839 3835 1011 3903 spirat
1042 3833 1335 3902 Spiritum,
1379 3832 1622 3903 Spiritus
1656 3849 1788 3888 vero
1823 3849 1925 3890 nec

334 3928 552 3984 Filium
587 3935 835 3994 generat,
871 3939 974 3978 nec
1004 3938 1061 3977 se
1089 3925 1294 3992 ipsum,
1319 3937 1422 3977 nec
1453 3923 1624 3977 alium
1654 3924 1921 3992 Spiritum

336 4020 544 4090 spirat.
582 4016 731 4071 Vana
760 4014 901 4069 ratio
934 4014 1057 4084 ejus
1079 4021 1186 4075 est,
1219 4021 1275 4066 et
1306 4023 1497 4068 contra
1519 4028 1576 4067 se
1608 4013 1807 4082 ipsum,
1829 4013 1923 4083 qui

339 4112 468 4166 hac
503 4108 662 4172 dicit,
689 4106 997 4162 concludit.
1031 4105 1090 4160 Si
1115 4104 1262 4159 enim
1292 4104 1500 4158 nullius
1513 4118 1758 4172 persona:
1774 4105 1926 4174 prin-

341 4203 561 4271 cipium
591 4213 735 4261 esse,
757 4195 1196 4267 imperiectionis
1253 4203 1309 4248 et
1346 4195 1671 4250 minutionis
1705 4196 1922 4266 signum

343 4293 402 4347 in
458 4289 732 4344 Trinitate
773 4287 1078 4358 putandum
1107 4277 1294 4356 esset,
1335 4285 1656 4354 pauciorum
1706 4301 1925 4357 quoque

2021 1836 2212 1892 raliter
2252 1838 2673 1909 intelligendum
2701 1847 2826 1907 est;
2879 1840 3028 1894 nihil.
3053 1839 3200 1893 enim
3255 1841 3312 1893 in
3363 1839 3476 1894 Deo
3509 1845 3595 1896 est

2020 1937 2222 1998 praeter
2241 1937 2520 1994 naturam,
2552 1944 2732 1999 neque
2765 1945 2863 2000 per
2891 1928 3173 1984 accidens.
3205 1928 3262 1982 Si
3300 1928 3466 1998 igitur
3493 1942 3594 1983 na-

2023 2018 2303 2081 turaliter,
2339 2026 2396 2073 et
2443 2019 2753 2074 secundum
2796 2028 3049 2075 naturam
3087 2018 3330 2087 Spiritus
3349 2032 3417 2072 ex
3457 2015 3595 2071 Filio

2022 2108 2228 2178 prodit,
2283 2108 2340 2163 in
2389 2109 2601 2166 divinis
2647 2124 2782 2164 vero
2835 2109 3131 2179 dupliciter
3166 2117 3348 2178 potest
3385 2106 3594 2176 aliquid

2021 2199 2331 2254 secundum
2361 2191 2618 2255 naturam
2646 2200 2891 2270 prodire,
2915 2210 3010 2254 aut
3041 2214 3139 2268 per
3163 2199 3592 2269 generationem,

2021 2299 2118 2343 aut
2151 2305 2248 2359 per
2289 2291 2679 2360 spirationem:
2732 2305 2832 2360 per
2858 2291 3272 2360 generationem
3320 2303 3453 2344 vero
3482 2303 3604 2342 non

2024 2382 2210 2450 prodit
2239 2397 2307 2437 ex
2335 2396 2425 2448 eo,
2450 2390 2598 2438 esset
2619 2381 2765 2436 enim
2799 2381 3048 2451 Spiritus
3073 2379 3246 2434 Filius
3275 2379 3398 2432 Filii
3423 2395 3442 2444 ;
3464 2392 3588 2448 pro.

2022 2471 2104 2527 dit
2130 2473 2299 2543 igitur
2331 2488 2430 2543 per
2460 2475 2838 2543 spirationem,
2864 2482 2920 2528 et
2948 2488 3015 2528 ex
3050 2486 3124 2526 eo
3148 2469 3415 2540 procedit.

2093 2563 2250 2630 Quod
2278 2564 2322 2619 si
2355 2565 2484 2634 quis
2526 2564 2702 2630 dicat,
2749 2564 2938 2620 dicere
2957 2578 3084 2618 eum
3115 2561 3335 2633 prodire
3364 2575 3394 2615 a
3427 2558 3593 2622 Filio,

2021 2656 2254 2726 gratiam
2307 2665 2362 2712 et
2413 2656 2797 2726 operationem
2846 2656 2966 2726 ejus
3011 2654 3068 2708 in
3121 2667 3223 2708 nos
3285 2650 3591 2722 signiﬁcat,

2026 2763 2198 2802 unum
2224 2749 2329 2804 hoc
2357 2749 2632 2818 refugium
2665 2739 2771 2802 est.
2812 2746 2950 2801 Nam
2977 2744 3108 2800 etsi
3139 2742 3369 2813 gratiam
3400 2756 3595 2812 quam-

2024 2837 2151 2894 dam
2191 2854 2290 2906 nos
2333 2840 2750 2910 participamus,
2784 2849 2839 2894 et
2868 2853 2978 2892 non
3012 2836 3380 2891 substantiam
3413 2833 3594 2904 Spiri-

2025 2939 2116 2986 tus
2146 2930 2476 3000 (substantia
2529 2943 2766 2999 namque
2803 2927 2898 2982 Dei
2940 2923 3418 2996 imparticipabilis
3462 2922 3594 2990 est),

2023 3035 2136 3076 non
2171 3031 2356 3094 tamen
2386 3021 2578 3091 prodit
2609 3036 2677 3073 ex
2727 3019 2864 3074 Filio
2890 3033 3000 3073 non
3047 3016 3354 3072 subsistens
3391 3014 3596 3086 gratia,

2023 3110 2119 3164 sed
2163 3110 2281 3180 ipsa
2319 3110 2506 3166 divina
2539 3109 2779 3179 Spiritus
2837 3121 3095 3175 persona.
3145 3106 3299 3172 Quod
3351 3112 3497 3174 patet
3529 3118 3597 3156 ex

2024 3198 2152 3254 aliis
2183 3199 2518 3255 clarim'ibus
2564 3207 2622 3252 et
2661 3196 3032 3266 apertioribus
3068 3195 3354 3248 doetoruru
3386 3191 3595 3256 verbis,

2023 3307 2149 3348 cum
2172 3307 2298 3347 eum
2331 3291 2528 3347 dicunt
2552 3303 2833 3351 emanare,
2889 3287 3047 3349 oriri,
3079 3285 3372 3350 scaturire,
3412 3284 3596 3338 eluce-

2023 3398 2180 3438 scere
2212 3399 2241 3437 a
2275 3382 2436 3438 Filio.
2469 3381 2602 3448 Quae
2636 3380 2942 3449 cuicunque
2966 3393 3076 3432 non
3104 3385 3376 3432 excmcato
3423 3377 3593 3446 ipsam

2023 3474 2390 3528 substantiam
2447 3470 2691 3550 Spiritus
2743 3485 2850 3523 non
2905 3465 3422 3538 participationem,
3494 3478 3598 3519 nec

2024 3564 2381 3632 temporalem
2411 3562 2675 3619 duntaxat
2702 3559 3050 3616 emissionem
3085 3555 3416 3627 signiﬁcant.
3449 3551 3545 3608 Tal
3570 3568 3596 3609 s

2022 3657 2189 3726 igitur
2225 3655 2532 3725 personalis
2566 3653 2812 3722 Spiritus
2834 3668 2904 3708 ex
2952 3650 3091 3706 Filio
3121 3664 3464 3721 progressus,
3502 3653 3598 3700 aut

2021 3746 2288 3802 naturalis
2331 3753 2428 3800 aut
2457 3744 2674 3800 servilis
2703 3756 2822 3806 eSt;
2845 3751 2899 3797 et
2929 3757 3053 3798 cum
3078 3756 3188 3795 non
3230 3741 3302 3794 sit
3356 3736 3595 3800 servilis,

2021 3836 2336 3895 necessario
2356 3835 2625 3891 naturalis
2648 3847 2753 3890 est.
2783 3834 2922 3889 Natu
2933 3833 3060 3887 ralis
3089 3845 3217 3885 vero
3231 3844 3299 3884 ex
3313 3828 3435 3883 Filii
3464 3827 3597 3915 sub-

2024 3930 2228 3987 stantia
2253 3928 2498 4004 Spiritus
2517 3927 2692 3982 sancti
2717 3938 3036 3996 progressus
3055 3922 3318 3992 quidnam
3345 3917 3495 3974 aliud
3527 3917 3600 3973 sit

2023 4030 2220 4093 prater
2246 4022 2368 4091 ejus
2397 4020 2832 4090 processionem,
2863 4029 3038 4085 neque
3069 4015 3274 4084 lingere
3303 4012 3459 4066 facile
3485 4018 3596 4066 est.

2097 4114 2230 4168 Item
2261 4113 2535 4182 Spiritum
2582 4118 2833 4165 sanctum
2866 4123 2932 4162 ex
2962 4104 3269 4161 substantia
3305 4103 3486 4158 Patris
3534 4109 3593 4156 et

2027 4203 2152 4260 Filii
2181 4218 2325 4268 esse,
2357 4211 2416 4258 et
2433 4218 2500 4258 ex
2530 4199 2838 4257 substantia
2866 4212 3063 4253 eorum
3090 4211 3212 4252 esse
3235 4193 3598 4250 communiter

2027 4309 2222 4352 omnes
2272 4293 2571 4349 orientales
2613 4291 3098 4358 occidentalesque
3122 4286 3312 4341 Patres
3339 4285 3596 4338 clamant.

342 4395 722 4453 personarum
761 4393 984 4434 causam
1018 4392 1140 4432 esse
1173 4376 1610 4446 imperfectionis
1633 4387 1779 4431 esset
1801 4395 1815 4431 :
1837 4377 1925 4432 Fi-
1962 4373 2006 4429 D
2027 4383 2098 4438 At
2129 4377 2409 4439 in‘sancta
2437 4382 2711 4436 Trinitate
2741 4380 2886 4448 quod
2926 4394 2993 4434 ex
3027 4376 3336 4433 substantia
3367 4375 3599 4444 alicujus

341 4472 464 4527 lius
496 4470 688 4541 igitur,
721 4484 846 4524 cum
881 4466 1044 4522 unius
1068 4481 1318 4534 personae
1353 4465 1641 4532 duntaxat,
1671 4465 1926 4520 videlicet

346 4562 601 4633 Spiritus
653 4545 988 4630 principium
1031 4559 1126 4619 sit,
1158 4557 1342 4612 minor
1381 4565 1533 4613 esset
1579 4557 1683 4612 bac
1711 4558 1926 4612 ratione

345 4655 541 4718 Patre,
575 4652 671 4722 qui
713 4651 1001 4707 ambarum
1038 4664 1401 4719 personarum
1448 4656 1540 4705 est
1571 4648 1923 4718 principium.

343 4747 418 4802 At
446 4747 556 4800 hoc
577 4744 975 4799 inconveniens
995 4752 1080 4798 est
1113 4743 1275 4796 etiam
1311 4739 1490 4796 solum
1513 4740 1775 4810 cogitare.
1815 4740 1925 4810 lgi-

347 4848 444 4894 tur
473 4835 609 4891 illud
639 4850 862 4906 quoque
887 4833 1216 4904 simpliciter
1239 4831 1542 4887 absurdum
1571 4840 1676 4886 est.
1717 4829 1928 4886 Princi-

347 4931 506 5000 pium
543 4927 691 4983 enim
724 4935 886 4997 prout
911 4936 994 4980 est
1023 4925 1170 4979 actui
1197 4923 1575 4994 conjunctum,
1609 4923 1754 4977 vela
1780 4922 1929 4992 prin-

350 5019 504 5090 cipio
529 5033 654 5074 esse
683 5033 812 5074 cum
843 5017 912 5072 de
947 5015 1336 5088 personalibus
1367 5014 1804 5085 proprietatibus
1830 5013 1923 5078 sit,

351 5127 538 5182 neque
578 5113 760 5183 majus
807 5127 990 5181 neque
1021 5111 1206 5166 minus
1230 5110 1466 5165 alterum
1495 5109 1669 5164 altero
1699 5108 1786 5163 vel
1806 5121 1928 5163 esse

354 5203 443 5259 vel
471 5203 583 5259 dici
608 5203 762 5258 facit.

429 5291 565 5347 Item
607 5293 654 5347 si
694 5293 780 5347 vis
821 5291 1052 5348 actualis
1096 5290 1381 5362 generatio
1403 5289 1706 5361 generandi
1760 5297 1929 5358 atque

358 5380 631 5450 spirandi,
676 5381 730 5437 id
784 5391 871 5437 est
895 5381 1128 5437 actualis
1155 5379 1387 5451 Spiratio
1417 5380 1491 5435 ita
1532 5387 1680 5435 esset
1710 5378 1928 5449 propria

359 5486 616 5541 personat
653 5482 914 5542 paternae,
956 5481 1016 5528 ut
1046 5481 1280 5541 utraque
1311 5462 1410 5542 per
1458 5486 1518 5526 se
1567 5470 1932 5526 constitueret

361 5565 483 5635 ejus
542 5581 857 5635 personam,
922 5560 1362 5635 uniuscujusque
1403 5578 1537 5618 vero
1590 5561 1932 5633 operationis

373 5659 705 5730 principium
737 5672 821 5718 est
856 5660 1074 5730 forma;
1110 5661 1232 5718 duae
1255 5660 1447 5716 formae
1471 5661 1591 5729 (per
1616 5657 1822 5716 fortnas
1849 5658 1935 5712 in-

2029 4483 2135 4538 est,
2167 4489 2238 4530 ex
2289 4486 2528 4542 persona
2554 4485 2778 4541 quoque
2807 4471 2930 4541 ejus
2983 4468 3055 4522 sit
3085 4481 3313 4522 necesse
3347 4472 3432 4519 est
3462 4481 3475 4518 :
3502 4465 3598 4533 igi-

2030 4575 2122 4620 tur
2155 4562 2422 4633 Spiritus,
2453 4576 2578 4616 cum
2623 4576 2690 4616 ex
2732 4559 3047 4614 substantia
3082 4554 3205 4611 Filii
3234 4570 3357 4610 esse
3387 4554 3600 4608 dicatur

2026 4653 2098 4708 ab
2127 4651 2388 4707 omnibus
2442 4651 2785 4715 doctoribus,
2833 4663 2902 4704 ex
2939 4649 3062 4717 ejus
3103 4660 3326 4716 quoque
3361 4657 3599 4714 persona

2028 4749 2138 4799 est.
2169 4740 2328 4809 Quod
2377 4747 2562 4795 autem
2598 4739 2676 4805 id,
2717 4737 2864 4808 quod
2893 4746 2978 4792 est
3007 4735 3064 4789 in
3094 4731 3368 4789 Trinitate
3403 4747 3467 4785 ex
3501 4730 3601 4785 ali-

2029 4830 2192 4899 cujus
2221 4829 2556 4915 sttbstantia,
2597 4841 2684 4884 est
2711 4827 2876 4882 etiam
2903 4842 2972 4881 ex
3012 4826 3130 4896 ejus
3167 4823 3447 4895 liypostasi
3483 4821 3601 4876 sive

2028 4938 2288 4994 persona,
2341 4924 2472 4978 hinc
2529 4930 2725 4993 patet:
2753 4922 3090 4985 substantia,
3120 4921 3207 4976 vel
3237 4917 3497 4983 essentia,
3543 4926 3602 4971 et

2030 5015 2363 5089 bypostasis,
2394 5017 2512 5071 sive
2550 5029 2785 5085 persona
2814 5014 2869 5068 in
2893 5026 3220 5083 unaquaque
3276 5010 3595 5066 divinarum

2029 5119 2393 5176 personarum
2434 5120 2606 5159 unum
2650 5113 2780 5159 sunt
2825 5102 3064 5165 realiter,
3089 5112 3144 5157 et
3191 5101 3265 5156 ita
3313 5116 3506 5162 unum,
3541 5104 3606 5155 ut

2031 5195 2247 5250 ratione
2275 5203 2491 5250 tantum
2510 5195 2945 5267 distinguantur.
2972 5193 3029 5248 Si
3049 5191 3197 5248 enim
3221 5193 3443 5248 realiter
3465 5189 3603 5245 sub-

2031 5288 2235 5342 stantia
2289 5295 2345 5342 et
2401 5291 2654 5356 personae
2695 5287 3196 5356 distinguerentur,
3241 5292 3426 5338 essent
3469 5296 3601 5350 pro-

2033 5377 2178 5434 fecto
2212 5377 2377 5433 sicuti
2411 5389 2522 5433 tres
2549 5392 2800 5449 personae
2831 5377 3071 5440 realiter,
3107 5375 3180 5429 ita
3212 5383 3325 5430 tres
3349 5372 3602 5428 essentia;

2033 5473 2119 5528 vel
2159 5472 2505 5537 substantias,
2537 5472 2624 5526 vel
2653 5479 2956 5542 poneretur
2986 5471 3041 5525 in
3079 5467 3346 5523 Trinitate
3377 5475 3600 5532 quater-

2033 5565 2176 5619 nitas
2217 5579 2424 5620 rerum.
2476 5561 2612 5618 Tres
2653 5562 2909 5616 videlicet
2939 5575 3190 5630 persona:
3231 5557 3448 5612 realitcr
3477 5555 3594 5610 dis-

2037 5659 2239 5725 tinctae,
2279 5665 2336 5712 et
2372 5665 2483 5712 tres
2521 5655 2646 5711 ideo
2702 5671 2810 5722 res,
2851 5658 2906 5710 et
2938 5653 3198 5718 essentia,
3253 5664 3372 5723 quae
3401 5654 3599 5721 quarta
