3990 6212
371 277 468 340 Mil

1324 283 1824 346 BESSARIONIS
1863 286 1923 346 S.
1965 284 2033 346 Β.
2085 282 2148 346 Ε.
2185 280 2648 344 CAliDlNALIS

3501 281 3608 350 432

375 402 462 442 res
483 396 629 442 esset
659 402 689 441 a
722 392 970 456 personis
986 394 1206 451 realiter
1222 395 1500 453 distincta.
1529 397 1732 453 Horum
1754 411 1935 454 autem
1967 405 2012 461 Α
2044 401 2317 470 quomodo
2355 399 2421 454 ad
2470 399 2594 464 hoc,
2637 397 2781 468 quod
2829 395 3070 452 hmretici
3123 394 3374 453 dicebant
3401 414 3469 454 ex
3515 415 3609 454 to-

375 485 670 544 utrunque
711 490 902 532 contra
945 482 1106 535 [idem
1137 494 1241 539 est.
1273 485 1455 551 Quare
1492 487 1774 543 distinctio
1815 489 1936 557 qui-

373 567 496 622 dem
538 567 844 636 hypostasis
886 581 942 624 et
984 573 1241 627 essentia:
1289 575 1521 629 rationis
1571 586 1677 630 est.
1743 576 1938 633 Unitas

375 671 504 712 vero
535 660 733 723 realis,‘
761 669 952 714 contra
990 677 1155 731 quam
1185 665 1239 718 in
1285 667 1444 722 nobis
1480 668 1801 724 hominibus
1830 676 1935 733 est,

375 747 578 801 etenim
609 746 662 800 in
700 749 860 803 nobis
900 749 1336 820 unitas.quidem
1382 761 1590 809 natura:
1607 755 1724 809 sive
1747 754 1941 807 huma-

376 839 567 893 nitatis
628 855 752 893 cum
808 841 1240 914 uniuscujusque
1272 859 1503 914 persona
1555 845 1783 899 rationis
1814 855 1937 910 est;

375 933 658 988 distinctio
729 949 858 989 vero
893 937 1056 990 realis
1088 947 1192 991 est.
1255 936 1372 990 Alia
1427 950 1662 1005 namque
1715 951 1805 990 res
1855 943 1942 989 est

378 1023 698 1078 humanitas
759 1025 898 1093 ipsa,
939 1026 1042 1078 alia
1081 1027 1243 1097 hujus
1266 1041 1518 1095 personae
1551 1024 1936 1080 individuatio.

375 1115 553 1180 Quare
583 1115 1046 1185 quemadmodum
1097 1131 1288 1171 sumus
1339 1118 1520 1172 multa:
1570 1131 1835 1186 personas,
1869 1115 1940 1170 ita

375 1207 540 1260 etiam
569 1206 726 1260 multi
749 1207 1018 1262 homines.
1048 1207 1166 1274 Quo
1198 1209 1276 1269 ﬁt,
1311 1217 1371 1262 ut
1403 1207 1549 1278 quod
1575 1207 1633 1262 iit
1653 1223 1719 1263 ex
1749 1216 1942 1263 natura

377 1299 611 1368 alicujus
665 1299 973 1364 hominum,
1017 1315 1127 1354 non
1182 1299 1498 1354 necessario
1543 1299 1708 1354 etiam
1759 1299 1831 1354 sit
1877 1313 1943 1354 ex

378 1390 498 1460 ejus
529 1404 795 1459 persona;
829 1391 882 1444 in
913 1377 1100 1446 sanﬁa
1135 1407 1265 1446 vero
1309 1391 1586 1446 Trinitate
1612 1407 1642 1446 e
1677 1405 1943 1446 converso

380 1489 485 1542 est,
519 1486 578 1533 ut
607 1481 817 1534 dictum
851 1491 951 1535 est.
990 1481 1186 1536 Unitas
1219 1483 1477 1536 essentia:
1497 1494 1551 1537 et
1579 1494 1829 1552 persenae
1861 1491 1944 1538 est

381 1571 569 1636 realis,
593 1572 880 1626 distinctio
916 1588 1046 1627 vero
1076 1573 1307 1627 rationis
1340 1589 1550 1643 :quare
1571 1571 1718 1643 quod
1759 1589 1824 1628 ex
1859 1589 1946 1629 es.

380 1663 556 1718 sentia
581 1663 815 1734 alicujus
853 1677 1211 1730 personarum
1237 1673 1340 1725 est.
1373 1679 1438 1719 ex
1464 1678 1693 1734 persona
1723 1679 1945 1734 quoque

2039 491 2269 554 luntate,
2299 505 2405 544 non
2441 489 2679 544 essentia
2719 486 2843 542 Filii
2878 487 3142 556 Spiritum
3173 503 3317 552 esse,
3349 504 3406 544 se
3437 505 3602 559 oppo-

2040 579 2244 634 nebant
2269 579 2545 640 doctores,
2573 594 2638 633 ex
2684 579 2921 632 essentia
2971 576 3092 631 Filii
3133 578 3284 632 illum
3314 594 3436 633 esse
3460 594 3597 633 asse-

2040 678 2345 726 verantes:
2402 668 2468 723 ad
2526 669 2630 722 hoc
2683 678 2888 732 autem,
2937 667 3081 736 quod
3120 669 3194 722 illi
3235 669 3490 723 dicebant
3533 686 3595 723 ex

2041 765 2179 819 Filio
2210 779 2354 827 esse,
2388 763 2572 818 nullus
2603 762 2972 825 contradixit,
3020 761 3297 816 nec-dixit
3327 777 3435 816 non
3483 777 3602 816 esse

2044 856 2196 912 illum
2219 871 2280 911 ex
2306 853 2463 918 Filio,
2485 863 2741 923 tanquam
2762 862 2816 908 et
2839 852 2939 923 ipsi
2972 851 3076 907 hoc
3107 852 3251 906 idem
3277 853 3601 918 sentientes,

2044 957 2096 1003 et
2126 948 2371 1002 dicentes
2400 959 2520 1000 esse
2551 957 2617 998 ex
2656 943 2893 998 essentia
2921 941 3079 998 Filii:
3130 941 3270 995 idem
3302 951 3356 996 et
3387 941 3489 1009 ipsi
3520 940 3605 994 in-

2047 1039 2388 1108 telligentes,
2418 1050 2483 1089 ac
2528 1035 2572 1089 si
2605 1033 2850 1088 dicerent
2887 1046 2955 1086 ex
3003 1029 3238 1086 essentia
3269 1039 3325 1085 et
3372 1044 3606 1099 persona

2043 1131 2203 1202 ejus;
2230 1136 2286 1183 et
2314 1142 2414 1182 nos
2448 1126 2554 1180 hoc
2594 1124 2737 1179 idem
2771 1124 3040 1179 dicentes.

2117 1221 2246 1277 Item
2297 1221 2490 1275 beatus
2539 1218 2760 1288 quidem
2829 1217 3062 1272 Basilius
3103 1217 3158 1272 in
3199 1215 3377 1287 primo
3416 1223 3608 1271 contra

2045 1311 2398 1377 Eunomium,
2452 1309 2646 1364 Filium
2678 1307 2754 1361 ait
2786 1307 3036 1362 ordinem
3067 1307 3270 1361 habere
3305 1305 3607 1360 naturalem

2046 1404 2110 1458 ad
2140 1404 2378 1466 Patrem,
2411 1408 2459 1453 et
2492 1397 2706 1467 qualem
2757 1399 2888 1453 illud
2918 1399 2983 1453 ad
3019 1399 3220 1468 ignem,
3256 1395 3399 1465 quod
3447 1411 3512 1450 ex
3540 1407 3607 1448 eo

2046 1503 2150 1560 est,
2178 1501 2234 1547 ct
2261 1499 2542 1546 causatum
2586 1491 2650 1544 ad
2681 1504 2924 1544 causam.
2956 1489 3100 1543 Idem
3143 1487 3309 1544 etiam
3343 1486 3603 1556 Spiritum

2048 1585 2280 1640 similem
2314 1581 2562 1636 ordinem
2597 1579 2664 1634 ad
2684 1580 2881 1634 Filium
2913 1579 3115 1633 habere
3147 1591 3465 1642 asseverat;
3497 1593 3611 1630 ma-
3703 1623 3710 1628 .

2049 1690 2186 1746 gnus
2207 1689 2334 1728 vero
2359 1671 2688 1727 Athanasius
2710 1678 2765 1725 et
2805 1669 3048 1738 apertius
3081 1669 3178 1732 ait,
3208 1669 3434 1734 Qualem
3466 1667 3614 1721 ordi-

381 1753 503 1823 ejus
533 1769 761 1810 necesse
789 1764 875 1809 est
899 1769 1041 1810 esse.
1075 1754 1131 1810 Si
1161 1757 1330 1826 igitur
1365 1755 1602 1827 Spiritus
1631 1771 1696 1810 ex
1725 1765 1942 1822 natura,
1975 1760 2015 1813 8
2047 1780 2171 1820 nem
2212 1775 2268 1821 οι
2335 1773 2586 1819 naturam
2639 1762 2802 1817 habet
2841 1763 3011 1817 Filius
3051 1762 3116 1816 ad
3159 1762 3396 1824 Patrem,
3450 1762 3610 1815 talem

382 1851 436 1897 et
467 1844 705 1898 essentia
741 1843 864 1898 Filii
891 1854 997 1909 est,
1039 1856 1100 1901 ut
1134 1846 1188 1899 in
1223 1847 1506 1916 plerisque
1541 1847 1681 1902 locis
1715 1857 1827 1901 tum
1856 1847 1949 1901 alii

383 1933 662 1998 doctores,
686 1942 799 1987 tum
834 1936 918 1988 vel
955 1934 1190 1990 maxime
1229 1936 1468 2005 Cyrillus
1491 1937 1707 2006 probat,
1740 1951 1806 1991 ex
1829 1951 1950 2006 per.

385 2039 519 2080 sona
559 2041 778 2096 quoque
832 2027 954 2096 ejus
981 2036 1086 2083 est.
1123 2027 1191 2082 At
1230 2028 1404 2082 nostri
1437 2030 1615 2094 aiunt,
1656 2028 1784 2084 ldeo
1837 2029 1953 2084 hinc

385 2116 644 2172 dicuntur
665 2133 694 2171 a
717 2119 1056 2184 doctoribus,
1079 2130 1136 2173 ut
1151 2121 1688 2177 consubstantialitas
1708 2135 1954 2190 compro-

388 2206 575 2271 betur,
599 2216 653 2262 et
693 2215 753 2261 ut
777 2208 1101 2263 ostendatur
1125 2209 1365 2279 Spiritus
1403 2211 1646 2280 ejusdem
1671 2226 1795 2266 esse
1827 2209 1952 2266 sub<

391 2299 608 2352 stantize
640 2314 764 2352 cum
796 2297 957 2352 Filio.
1003 2299 1116 2354 Hoc
1169 2310 1352 2354 autem
1381 2311 1586 2370 quanto
1620 2301 1802 2356 verius
1849 2309 1954 2366 est,

390 2397 542 2446 tanto
597 2391 767 2460 magis
817 2406 916 2460 pro
959 2390 1168 2447 Latinis
1203 2392 1354 2448 facit.
1390 2393 1548 2449 Tune
1589 2393 1735 2449 enim
1783 2393 1956 2463 magis

388 2483 634 2552 ejusdem
691 2482 1014 2538 substantia:
1070 2483 1308 2554 Spiritus
1339 2501 1464 2539 cum
1521 2485 1680 2539 Patre
1722 2491 1778 2538 et
1812 2482 1954 2538 Filio

389 2589 495 2641 est,
525 2591 652 2630 cum
684 2591 752 2629 ex
781 2589 972 2629 eorum
1008 2576 1340 2642 substantia,
1379 2577 1732 2646 personisque
1762 2589 1952 2631 eorum

391 2668 641 2737 prodeat,
701 2668 808 2721 huc
833 2675 915 2722 est
953 2667 1232 2737 procedat.
1290 2667 1516 2722 Dicatur
1569 2667 1716 2720 enim
1749 2666 1954 2720 clarius

389 2769 614 2828 propter
657 2772 752 2813 eos
777 2758 870 2828 qui
912 2759 1021 2813 vim
1056 2759 1350 2812 verborum
1411 2759 1680 2829 ignorant.
1722 2756 1859 2811 Nam
1909 2757 1956 2810 si

393 2850 502 2904 hoc
563 2848 740 2903 solum
791 2849 1418 2904 consubstantialitatem
1486 2847 1838 2918 signiﬁcaret,
1896 2856 1955 2902 ut

395 2941 570 2996 nostri
609 2941 860 3002 homines
913 2952 1126 3012 putant,
1171 2943 1450 2996 diceretur
1503 2941 1669 2996 etiam
1700 2943 1856 2994 Pater
1884 2953 1954 2994 ex

395 3032 703 3088 substantia
758 3024 886 3087 Filii
915 3042 973 3087 et
1024 3031 1263 3100 Spiritus
1321 3031 1513 3095 sancti,
1545 3031 1628 3086 vel
1685 3029 1858 3087 Filius
1883 3045 1950 3085 ex

395 3122 704 3177 substantia
752 3121 1006 3190 Spiritus.
1045 3120 1151 3176 Sed
1193 3120 1296 3175 hoc
1349 3135 1453 3175 nec
1501 3133 1671 3173 ausus
1722 3126 1806 3174 est
1850 3133 1953 3174 nec

395 3213 622 3270 audebit
645 3213 847 3283 aliquis
873 3213 1079 3268 dicere.

463 3305 729 3360 Praeterea
776 3302 1174 3360 cumesseutia
1215 3318 1317 3359 nec
1349 3311 1597 3374 generet,
1637 3318 1738 3358 nec
1784 3301 1960 3372 spiret

393 3397 694 3454 secundum
729 3397 1031 3466 theologos,
1066 3399 1194 3451 item
1227 3398 1387 3452 etiam
1441 3397 1744 3453 secundum
1775 3397 1958 3467 philo-

398 3490 621 3559 sophos,
669 3497 724 3543 et
776 3487 879 3556 ipsi
927 3487 1074 3541 enim
1124 3487 1324 3557 ubique
1370 3487 1559 3542 dicunt
1609 3486 1959 3554 operationcs

394 3579 802 3634 individuorum
839 3591 982 3642 esse,
1010 3591 1114 3630 non
1149 3577 1539 3631 universalium
1567 3575 1636 3630 et'
1673 3590 1956 3644 generum.

396 3671 478 3727 Me
503 3672 648 3726 cnim
676 3685 782 3724 non
812 3668 978 3722 homo
1013 3668 1358 3737 simpliciter,
1395 3667 1491 3722 sed
1523 3667 1745 3736 quidam
1795 3667 1960 3720 homo

393 3763 600 3834 genuit.
665 3761 722 3816 Si
786 3761 949 3830 igitur
1007 3761 1359 3829 operationes
1407 3759 1814 3813 individuorum
1850 3771 1960 3810 non

397 3853 790 3909 universalium
814 3860 961 3919 sunt,
986 3867 1088 3907 nec
1113 3851 1430 3906 substantiae
1461 3850 1804 3920 simpliciter,
1831 3849 1960 3918 quid

393 3945 540 3999 aliud
575 3943 988 4014 intelligendum
1016 3954 1120 4008 est,
1152 3959 1275 3998 cum
1325 3941 1564 3996 essentia
1615 3940 1739 3994 Filii
1769 3939 1960 3993 audia-

401 4053 539 4103 mus,
561 4047 614 4092 et
649 4053 714 4092 ex
745 4053 807 4092 ea
840 4036 1102 4108 Spiritum
1147 4035 1370 4106 prodire
1393 4073 1406 4098 ,
1442 4033 1546 4088 nisi
1577 4031 1817 4088 divinam
1843 4031 1961 4101 ejus

397 4128 722 4201 personam?

465 4222 714 4292 Amplius
750 4235 851 4276 nec
890 4219 993 4274 hoc
1049 4234 1148 4273 nos
1179 4218 1364 4282 lateat,
1405 4226 1548 4286 quod
1578 4213 1671 4286 qui
1722 4216 1835 4270 haec
1883 4213 1963 4268 di-

395 4316 592 4370 cebant
634 4313 806 4370 sancti
851 4312 1125 4376 doctores,
1170 4319 1359 4366 contra
1391 4310 1641 4373 Arianos,
1697 4316 1750 4361 t-t
1787 4306 1963 4360 Euno-

2053 1858 2324 1921 ordinent,
2351 1866 2406 1912 et
2437 1864 2688 1910 naturam
2724 1855 2890 1910 habet
2928 1855 3165 1924 Spiritus
3199 1854 3265 1908 ad
3297 1853 3512 1907 Filium.
3537 1852 3613 1906 Ex

2053 1951 2138 2006 his
2166 1951 2287 2004 talis
2336 1948 2395 2002 tit
2425 1948 2786 2019 syllogismus,
2812 1947 2968 2000 talem
2996 1945 3242 2000 ordinem
3276 1954 3333 1998 et
3368 1953 3614 1999 naturam

2053 2040 2221 2096 habet
2256 2038 2494 2109 Spiritus
2547 2039 2615 2092 ad
2677 2035 2920 2102 Filium,
2955 2036 3170 2104 qualem
3205 2029 3378 2088 Filius
3418 2033 3483 2088 ad
3517 2033 3617 2088 Pa.

2057 2142 2233 2188 trem:
2282 2130 2376 2185 sed
2423 2130 2594 2185 Filius
2658 2128 2724 2183 ad
2785 2128 2998 2182 Patrem
3032 2127 3330 2180 naturalem
3369 2127 3612 2180 ordinem

2056 2222 2264 2285 habet,
2319 2219 2536 2288 qualem
2581 2224 2862 2272 causatum
2916 2213 2984 2269 ad
3028 2229 3284 2280 causam;
3346 2212 3512 2284 igitur
3561 2221 3620 2267 et

2057 2312 2295 2381 Spiritus
2316 2317 2538 2364 sanctus
2587 2307 2889 2361 naturalem
2923 2305 3171 2360 Ordinem
3204 2307 3374 2361 habet
3411 2306 3476 2358 ad
3527 2303 3619 2358 Fi-

2053 2403 2211 2465 lium,
2238 2401 2452 2470 qualem
2503 2406 2787 2452 causatum
2833 2395 2899 2450 ad
2936 2411 3196 2461 causam;
3229 2396 3398 2465 igitur
3447 2395 3621 2449 Filius

2055 2494 2216 2547 etiam
2245 2506 2407 2547 causa
2435 2489 2549 2545 sive
2617 2487 2950 2559 principium
2989 2497 3072 2542 est
3101 2501 3348 2557 personae
3386 2485 3623 2557 Spiritui

2057 2581 2254 2636 sancti.

2130 2672 2258 2724 item
2294 2684 2416 2723 curn
2446 2668 2786 2723 naturalibus
2813 2667 2979 2722 rebus
3015 2663 3194 2720 omnis
3223 2681 3387 2721 causa
3419 2678 3626 2734 praece-

2059 2760 2448 2831 datca-usa'tum
2482 2769 2748 2828 tempore,
2775 2768 3056 2814 causatum
3097 2773 3225 2812 vero
3259 2757 3528 2826 posterius
3551 2755 3626 2810 sit

2058 2867 2156 2907 sua
2230 2867 2426 2917 causa;
2495 2851 2616 2906 ideo
2675 2851 2896 2921 quidam
2955 2851 3244 2905 audientes
3297 2865 3516 2906 causam
3566 2856 3626 2903 et

2059 2953 2338 2999 causatum
2357 2943 2409 2996 in
2425 2941 2713 3007 Trinitate,
2739 2951 2796 2998 et
2824 2944 3128 3012 przrsertim‘
3163 2942 3346 2996 Ariani
3371 2943 3628 2998 etEuno—

2059 3035 2225 3091 miani
2254 3051 2319 3088 ex
2347 3033 2602 3089 humanis
2651 3043 2703 3088 et
2744 3033 3083 3088 naturalibus
3125 3033 3390 3102 exemplis
3429 3046 3628 3103 argue-

2061 3130 2194 3182 bant
2230 3136 2417 3182 contra
2452 3126 2880 3180 coarternitatem
2930 3124 3252 3190 Trinitatis,
3289 3126 3478 3180 Filium
3526 3140 3629 3194 po-

2062 3217 2345 3279 steriorem
2407 3215 2568 3269 Patre
2630 3223 2881 3282 tanquam
2942 3224 3231 3268 causatum
3289 3213 3358 3268 ab
3422 3228 3508 3277 eo,
3567 3220 3630 3268 et

2064 3309 2327 3378 Spiritum
2362 3307 2498 3362 Filio
2539 3306 2896 3375 posteriorem
2950 3315 3204 3374 tanquam
3224 3314 3506 3360 “causatum
3554 3303 3629 3358 ab

2061 3415 2128 3454 ee
2181 3399 2411 3468 probare
2440 3397 2706 3452 volentes.
2742 3396 3006 3465 Egregius
3056 3397 3338 3468 Nyssenus
3378 3397 3456 3451 eis
3494 3411 3632 3450 con-

2063 3488 2376 3553 tradicens,
2433 3498 2489 3541 et
2548 3487 2978 3541 coaeternitatem
3053 3487 3222 3541 trium"
3267 3501 3630 3557 personarum

2063 3577 2295 3650 probare
2319 3591 2630 3647 proponens
2669 3577 2723 3630 in
2750 3577 2926 3644 primo
2955 3591 3178 3630 suorum
3223 3583 3412 3630 contra
3440 3575 3627 3628 Euno-

2065 3669 2232 3721 mium
2261 3666 2550 3728 libromm,
2601 3663 3008 3734 proportionem
3042 3664 3331 3734 quamdam
3381 3662 3499 3716 Filii
3556 3661 3629 3715 ad

2067 3763 2282 3817 Patrem
2304 3770 2358 3815 et
2391 3760 2630 3830 Spiritus
2652 3759 2717 3812 ad
2756 3757 2954 3814 Filium
2992 3759 3137 3824 facit,
3169 3759 3381 3812 Patrem
3403 3755 3630 3826 quidem

2065 3852 2254 3906 dicens
2295 3849 2634 3904 causalitatis
2659 3848 2871 3903 ratione
2923 3849 3100 3902 solum
3125 3846 3465 3917 prwintelligi
3495 3854 3634 3899 ante

2068 3944 2286 4008 Filium,
2341 3956 2449 3994 non
2497 3951 2678 3993 autem
2727 3947 2992 4007 tempore.
3032 3946 3088 3992 et
3137 3937 3259 3992 ideo
3305 3951 3413 3992 non
3468 3951 3636 4006 posse

2065 4033 2241 4103 sequi,
2277 4032 2422 4102 quod
2458 4046 2565 4084 non
2623 4030 2729 4083 sint
2773 4029 3053 4094 con-terni,
3100 4028 3298 4082 Filium
3350 4038 3530 4081 autem
3573 4036 3638 4080 et;

2068 4140 2246 4194 ipsum
2301 4121 2644 4193 prmintelligi
2688 4131 2814 4176 ante
2855 4120 3118 4191 Spiritum
3154 4113 3363 4174 ratione
3397 4119 3636 4174 causali-

2070 4217 2213 4279 tatis,
2250 4225 2306 4268 et
2338 4229 2442 4267 non
2473 4213 2654 4266 aliter.
2693 4211 2772 4277 lta_
2815 4219 2874 4264 ut
2923 4211 3071 4266 clare
3120 4219 3304 4280 pateat
3351 4225 3448 4281 per
3481 4211 3638 4264 hunc

2069 4316 2318 4362 sanctum
2369 4303 2649 4358 doctorem
2691 4300 2888 4355 Filium
2936 4315 3152 4355 causam
3190 4315 3312 4355 esse
3370 4300 3635 4370 Spiritus.

398 4407 613 4462 mianos
642 4421 701 4461 se
719 4413 1063 4475 opponentes
1089 4403 1203 4456 hazc
1237 4397 1513 4456 dicebant.
1547 4399 1648 4465 Qui
1673 4398 1872 4453 Filium
1896 4411 1960 4450 ex
1999 4419 2041 4473 ι)
2067 4382 2538 4465 Quemadmodum
2590 4394 2760 4457 enim,
2814 4392 3022 4462 inquit,
3076 4392 3426 4462 conjungitur
3483 4392 3638 4447 Patri

397 4501 578 4563 Patre,
618 4506 673 4552 et
705 4496 970 4566 Spiritum
1001 4511 1064 4550 ex
1097 4494 1238 4549 Filio
1275 4509 1397 4549 esse
1436 4493 1704 4553 dicentes,
1734 4505 1798 4543 ex
1833 4489 1963 4544 sub~

395 4588 593 4644 stantia
632 4596 812 4642 tamen
841 4602 1031 4643 eorum
1072 4601 1192 4641 esse
1223 4584 1529 4655 negabant;
1566 4597 1688 4636 cum
1719 4580 1968 4634 dicerent

399 4682 597 4736 Filium
635 4679 739 4735 etsi
789 4694 854 4733 ex
887 4677 1066 4743 Patre,
1102 4691 1209 4731 non
1243 4685 1425 4730 tamen
1458 4689 1522 4728 ex
1556 4672 1677 4741 ejus
1706 4671 1964 4736 essentia,

401 4775 517 4831 sive
547 4782 768 4838 natura,
804 4771 900 4826 sed
941 4772 1223 4846 voluntate
1251 4776 1438 4822 natum
1482 4765 1669 4820 fuisse.
1703 4763 1967 4832 Spiritum

399 4883 532 4924 vero
560 4867 739 4938 ipsum
772 4865 938 4921 etiam
961 4878 1028 4917 ex
1046 4860 1204 4926 Filio,
1233 4875 1342 4914 non
1371 4868 1552 4912 tamen
1583 4854 1967 4918 essentialiter,

402 4962 517 5016 sive
550 4957 893 5021 naturaliter,
923 4955 1018 5010 sed
1046 4951 1374 5008 voluntarie.
1414 4949 1596 5016 Quare
1636 4947 1833 5001 Filium
1868 4944 1969 4998 mi-

402 5065 591 5104 norem
619 5047 800 5112 Patre,
837 5056 894 5101 et
923 5044 1149 5099 alterius
1187 5040 1505 5098 substantia:
1529 5078 1544 5103 ,
1574 5037 1836 5108 Spiritum
1869 5036 1971 5090 mi-

405 5155 596 5197 norem
658 5139 838 5203 Filio,
901 5146 958 5192 et
1013 5135 1236 5190 alterius
1302 5130 1556 5187 essentia:
1608 5128 1966 5183 asserebant:

403 5246 626 5305 tresque
669 5232 724 5288 in
781 5229 1068 5305 divinitate
1124 5225 1404 5298 ponebant
1455 5221 1747 5279 essentias.
1783 5221 1972 5275 Patres

404 5303 572 5398 igitur
616 5335 672 5380 et
721 5324 893 5379 sancti
945 5303 1206 5376 doctores
1247 5317 1560 5388 Opinionem
1603 5329 1791 5369 eorum
1856 5322 1975 5367 tan-

404 5434 568 5489 quam
613 5417 802 5472 falsam
845 5413 1158 5470 refellentes
1203 5425 1311 5465 non
1346 5424 1413 5464 ex
1458 5407 1596 5463 Filio
1635 5405 1842 5468 solum,
1877 5401 1973 5456 sed

329 5515 335 5520 ’
403 5529 468 5566 ex
502 5512 624 5580 ejus
670 5507 976 5564 substantia
1013 5504 1354 5560 conabantur
1403 5499 1669 5570 Spiritum
1724 5507 1970 5550 sanctum

403 5616 531 5656 esse
558 5600 814 5670 probare.
841 5596 1108 5656 Similiter
1128 5592 1326 5649 Filium
1349 5605 1460 5645 non
1486 5603 1554 5644 es
1581 5587 1744 5644 Patre
1775 5585 1972 5648 solum,

405 5703 598 5774 verum
645 5690 810 5746 etiam
869 5704 933 5745 ex
1003 5687 1121 5757 ejus
1171 5683 1431 5743 essentia.
1475 5678 1770 5739 Considera
1815 5691 1967 5747 ergo,

2071 4489 2262 4553 Filius,
2299 4487 2372 4542 ita
2399 4495 2454 4541 ct
2489 4484 2724 4554 Spiritus
2760 4485 3112 4554 conjungitur
3137 4482 3312 4539 Filio:
3342 4493 3398 4539 et
3419 4499 3635 4548 rursus,

2070 4577 2530 4648 quemadmodum
2565 4573 2726 4628 Pater
2763 4572 3194 4644 pratintelligitur
3239 4581 3366 4627 ante
3410 4571 3632 4633 Filium,

2071 4685 2180 4724 non
2231 4669 2408 4738 aliqua
2459 4666 2746 4737 temporali
2793 4665 3071 4727 distantia,
3121 4679 3223 4717 nec
3254 4663 3492 4728 realiter,
3537 4661 3639 4717 sed

2074 4761 2396 4824 intentione,
2417 4759 2627 4812 ratione
2664 4756 2996 4812 causalilatis
3020 4761 3036 4806 ':
3061 4755 3133 4810 ita
3166 4763 3221 4810 et
3244 4753 3416 4809 Filius
3442 4753 3642 4824 praeiu-

2077 4850 2337 4921 tclligitur
2357 4857 2484 4904 ante
2515 4847 2782 4919 Spiritum
2822 4846 3074 4903 similiter
3095 4847 3401 4902 intentione
3427 4848 3642 4903 ratione

2075 4957 2134 4998 ea
2144 4940 2430 4998 usalitatis.

2144 5033 2277 5087 Item
2331 5030 2434 5085 etsi
2483 5028 2536 5082 in
2595 5028 2763 5083 rebus
2814 5027 3072 5082 humanis
3124 5027 3482 5083 sensibilibus
3527 5041 3640 5082 non

2077 5137 2239 5176 omne
2263 5120 2545 5190 exemplar
2578 5119 2813 5190 alicujus
2840 5133 3006 5173 causa
3054 5118 3221 5173 etiam
3251 5119 3373 5190 ejus
3404 5129 3484 5174 est
3510 5135 3524 5184 ;
3581 5118 3638 5172 in

2079 5211 2386 5268 artiﬁcialis
2413 5210 2559 5266 enim
2595 5210 2844 5278 exempla
2876 5225 3067 5263 eorum
3122 5225 3233 5263 non
3292 5217 3422 5264 sunt
3471 5211 3638 5263 etiam

2078 5303 2332 5359 etfective
2365 5314 2529 5355 causa
2581 5315 2811 5365 eorum;
2858 5309 3096 5354 attamen
3126 5300 3271 5369 quod
3322 5300 3644 5355 naturaliter

2079 5404 2163 5452 est
2197 5394 2431 5465 alicujus
2471 5393 2772 5463 exemplar,
2801 5393 2963 5446 etiam
3003 5393 3058 5445 in
3093 5391 3228 5461 ipsis
3256 5392 3421 5447 rebus
3453 5391 3646 5445 huma-

2083 5489 2167 5543 nis
2194 5502 2356 5542 causa
2396 5496 2476 5540 est
2507 5486 2781 5556 imaginis,
2813 5485 2968 5554 cujus
2999 5484 3280 5554 exemplar
3303 5493 3421 5549 est;
3471 5484 3647 5537 multo

2082 5577 2253 5648 igitur
2310 5575 2482 5645 magis
2542 5575 2596 5628 in
2653 5574 2880 5640 divinis,
2938 5574 3031 5628 ubi
3063 5583 3118 5628 et
3169 5573 3350 5628 omnia
3407 5573 3534 5636 alia,
3589 5581 3648 5628 et

2083 5673 2263 5745 ipsum
2294 5670 2575 5742 exemplar
2630 5669 2952 5726 naturaliter
3004 5666 3271 5739 accipitur
3297 5665 3459 5738 (nihil
3496 5665 3645 5722 enim
