3990 6212
343 350 446 418 433

1259 345 1357 412 ΒΕ
1401 348 1925 414 PROCESSIONE
1972 351 2330 419 SPIRITUS
2370 354 2661 417 SANCTI.

3481 349 3586 416 4⁵34

343 465 411 518 ibi
434 469 642 532 praeter
668 465 918 514 naluram
948 457 1055 528 est)
1086 458 1202 514 haec
1230 461 1536 531 propositio
1565 463 1905 527 verifieatur,
1937 469 1980 526 Α
2013 465 2245 522 Arianos
2267 477 2595 537 ,qumrentes
2619 465 2897 536 quomodo
2937 463 3180 536 ejusdem
3227 471 3372 518 esset
3401 478 3586 518 essen-

344 554 595 609 videlieet
625 552 771 622 quod
824 552 879 605 in
937 551 1143 606 divinis
1175 555 1425 622 personis
1458 555 1699 624 alicujus
1721 550 1908 609 exemQ

344 649 454 716 plar
479 655 582 707 est,
614 653 670 698 et
701 659 867 699 causa
907 645 1027 714 ejus
1062 654 1150 699 est
1191 647 1348 714 cujus
1383 655 1473 701 est
1510 647 1811 717 exemplar.
1843 649 1910 699 At

345 739 431 793 ille
459 751 682 806 magnus
701 735 997 806 Gregorius
1032 737 1426 790 miraculorum
1453 746 1667 801 auctor,
1695 745 1753 792 et
1781 737 1910 792 inde

345 829 674 892 nominatus,
716 827 909 880 Filium
955 827 1236 897 exemplar
1282 828 1523 896 Spiritus
1571 830 1725 883 dicit.
1757 830 1913 884 Patet

347 920 508 990 igitur
545 917 690 988 quod
721 917 887 972 etiam
913 931 1135 972 causam
1177 918 1296 986 ejus
1344 919 1593 987 putabat.
1620 919 1733 974 lloc
1764 919 1911 973 idem

347 1027 379 1066 a
418 1009 585 1065 simili
646 1007 868 1077 probari
929 1017 1133 1078 potest.
1199 1008 1425 1079 Magnus
1481 1010 1628 1063 enim
1679 1009 1911 1064 Basilius

346 1101 620 1170 exemplar
650 1099 773 1153 Filii
804 1099 1019 1154 Patrem
1070 1099 1227 1169 ponit
1273 1101 1328 1154 in
1355 1107 1554 1169 quarto
1579 1109 1768 1155 contra
1802 1101 1910 1155 Eu-

347 1194 615 1257 nomium;
641 1191 943 1261 Gregorius
980 1205 1112 1246 vero
1146 1191 1444 1261 praedictus
1484 1194 1758 1257 oratione,
1788 1207 1913 1262 quae

347 1284 556 1352 incipit,
592 1282 784 1337 Hostes
831 1291 881 1336 et
936 1283 1100 1338 alieni
1141 1300 1174 1336 a
1207 1283 1466 1338 catholica
1497 1283 1600 1352 ﬁde
1627 1292 1774 1347 sunt,
1821 1284 1912 1352 qui

347 1371 548 1427 Filium
576 1388 640 1426 ea:
662 1390 762 1427 non
794 1380 912 1427 ante
935 1374 1135 1437 dicunt,
1153 1374 1351 1428 Filium
1379 1375 1656 1444 exemplar
1673 1375 1915 1444 Spiritus

347 1464 528 1520 docet.
564 1466 632 1519 At
689 1464 922 1518 Basilius
956 1466 1176 1520 Putrem
1226 1475 1484 1533 tanquam
1527 1481 1746 1520 causam
1790 1465 1912 1520 Filii

344 1557 468 1624 ejus
497 1557 770 1626 exemplar
794 1557 979 1626 ponit;
1013 1557 1178 1626 igitur
1205 1557 1504 1627 Gregorius
1519 1558 1685 1612 etiam
1716 1558 1914 1612 Filium

348 1659 608 1717 tauquam
635 1662 848 1701 causam
881 1647 1121 1716 Spiritus
1145 1647 1264 1717 ejus
1299 1649 1578 1716 exemplar
1609 1658 1908 1702 asseverat.

420 1737 556 1793 Item
588 1745 810 1794 sanctus
849 1737 1114 1802 Basilius,
1147 1747 1204 1792 et
1235 1738 1464 1807 plurimi-
1515 1738 1608 1792 alii
1658 1739 1916 1793 doctores

345 1827 542 1882 Filium
569 1828 858 1896 imaginem
889 1826 1090 1892 Patris,
1131 1826 1400 1896 Spiritum
1447 1828 1736 1894 imaginem
1788 1827 1911 1882 Filii

343 1921 555 1974 dicunt.
581 1919 776 1972 Filium
811 1919 938 1972 item
987 1921 1364 1987 operationem
1413 1920 1611 1984 Patris,
1645 1918 1910 1989 Spiritum

345 2011 716 2080 operationem
772 2009 928 2075 Filii;
961 2009 1165 2064 Filium
1211 2012 1437 2066 verbum
1493 2010 1912 2078 Patris,Spii-i-

347 2109 461 2152 tum
509 2100 740 2152 verbum
800 2096 960 2163 Filii;
1019 2098 1220 2152 Filium
1292 2097 1644 2168 fragrantiam
1711 2098 1911 2163 Patris,

347 2191 615 2260 Spiritum
667 2189 1022 2258 fragrantiam
1096 2188 1244 2244 Filii.
1299 2189 1408 2244 Sed
1467 2189 1771 2244 secundum
1823 2189 1913 2243 illa

347 2279 533 2334 omnia
556 2279 760 2334 dicitur
779 2279 952 2334 Filius
973 2294 1097 2334 esse
1121 2279 1300 2334 Patris
1331 2288 1586 2349 tanquam
1617 2296 1682 2334 ex
1715 2279 1868 2333 Patre
1895 2297 1912 2345 ;

348 2374 517 2446 igitur
545 2384 602 2427 et
630 2372 874 2442 Spiritus
902 2383 1126 2427 sanctus
1151 2371 1454 2428 secundum
1489 2371 1678 2427 eadem
1710 2371 1912 2426 dicitur

346 2479 469 2520 esse
496 2463 616 2518 Filii
652 2473 910 2532 tanquam
938 2479 1001 2518 ex
1026 2463 1184 2518 Filio.

417 2557 553 2610 Item
588 2556 632 2610 si
668 2555 904 2625 Spiritus
931 2572 1038 2612 non
1075 2567 1220 2612 esset
1249 2573 1315 2612 ea
1350 2557 1524 2620 Filio,
1566 2571 1676 2611 non
1722 2556 1918 2610 distin-

347 2657 612 2715 gueretur
637 2646 706 2700 ab
760 2662 826 2702 eo
868 2648 1232 2717 personaliter
1263 2664 1284 2702 :1
1305 2648 1450 2717 quod
1481 2663 1606 2703 cum
1634 2648 1830 2702 falsum
1862 2647 1919 2702 et

345 2738 651 2794 absurdum
681 2738 774 2807 sit,
806 2748 996 2804 restat,
1024 2750 1087 2796 ut
1124 2755 1191 2795 ex
1225 2739 1364 2795 Filio
1398 2741 1490 2795 sit.
1522 2739 1679 2805 Quod
1735 2748 1918 2794 autem

348 2847 462 2886 non
494 2830 924 2900 distingueretur
951 2831 1021 2886 ab
1056 2847 1122 2887 eo
1157 2832 1538 2900 personaliter,
1571 2831 1616 2886 si
1641 2848 1748 2886 non
1773 2842 1921 2888 esset

344 2941 413 2978 ex
441 2938 535 2988 eo,
590 2923 720 2978 hinc
750 2931 919 2992 patet.
980 2923 1333 2994 Unaquaque
1385 2939 1550 2978 causa
1585 2925 1668 2979 vel
1717 2926 1922 2994 princi-

347 3017 502 3084 pium
555 3016 789 3086 alicujus
832 3015 912 3070 rei
967 3016 1263 3085 dupliciter
1328 3016 1531 3072 dicitur
1590 3018 1919 3087 principium

342 3110 470 3178 ejus
516 3115 573 3162 et
605 3121 806 3173 causa;
859 3121 970 3160 uno
1015 3105 1178 3161 modo
1231 3106 1496 3175 utquod,
1528 3106 1636 3160 alio
1670 3114 1729 3160 u-t
1784 3121 1916 3175 quo,

347 3208 479 3268 puta
522 3197 715 3261 forma,
739 3213 862 3267 quae
886 3206 971 3252 est
1019 3198 1075 3251 in
1101 3197 1288 3251 anima
1328 3197 1602 3262 facientis,
1633 3213 1742 3266 qua
1771 3198 1922 3251 simi-

343 3291 451 3344 lem
487 3289 616 3344 facit
645 3289 899 3343 et'fectum
927 3287 980 3341 id
1003 3287 1148 3357 quod
1187 3287 1340 3343 facit.
1368 3289 1546 3354 Quare
1566 3303 1730 3342 omne
1754 3303 1921 3357 agens

343 3381 531 3436 simile
554 3379 657 3435 sibi
677 3380 786 3449 agit
805 3379 1111 3440 secundum
1143 3378 1393 3444 formam,
1421 3394 1546 3447 quae
1575 3378 1684 3447 agit
1708 3395 1721 3440 ;
1762 3378 1917 3432 verbi

343 3477 526 3538 gratia
555 3487 570 3524 :
599 3471 760 3540 hujus
791 3471 1046 3540 imaginis
1067 3485 1228 3524 causa
1255 3481 1338 3524 est
1366 3480 1421 3525 et
1450 3470 1566 3538 ipse
1590 3469 1770 3538 pictor
1801 3479 1923 3524 tan-

343 3579 518 3635 quam
564 3563 732 3631 quod,
767 3572 825 3617 et
869 3562 1040 3616 forma
1087 3561 1314 3624 pictoris
1365 3570 1619 3629 tauquam
1651 3577 1782 3631 quo,
1829 3562 1918 3616 cui

339 3655 589 3710 similem
621 3654 797 3723 pictor
841 3653 969 3706 facit
999 3653 1315 3722 imaginem.
1345 3651 1520 3707 Simili
1553 3652 1716 3708 modo
1752 3651 1919 3707 etiam

343 3748 397 3800 in
446 3745 657 3801 divinis
706 3743 958 3813 personis
995 3743 1156 3797 Pater
1199 3742 1459 3812 quidem,
1518 3732 1624 3796 hoc
1666 3751 1754 3796 est
1799 3741 1921 3808 ejus

342 3840 540 3894 divina
569 3851 820 3906 persona,
845 3849 1009 3890 causa
1040 3842 1296 3903 tanquam
1342 3835 1485 3903 quod
1514 3850 1530 3899 ;
1559 3833 1745 3889 divina
1787 3848 1920 3887 vero

339 3933 466 4001 ejus
497 3930 733 3983 essentia
769 3936 1028 3996 tanquam
1065 3939 1212 3994 quo:
1266 3925 1384 3978 hate
1421 3925 1567 3980 enim
1603 3934 1688 3980 est
1719 3924 1916 3987 forma,

337 4024 431 4077 cui
469 4019 671 4074 similia
703 4017 842 4072 fiunt
869 4033 991 4087 qua:
1013 4033 1080 4072 ex
1125 4032 1192 4072 eo
1223 4017 1518 4086 prodeunt.
1543 4016 1725 4082 Quare
1749 4014 1920 4069 Filius

338 4126 572 4182 quoque
621 4120 677 4165 et
731 4108 974 4178 Spiritus
1033 4117 1256 4163 sanctus
1309 4107 1808 4162 eonsubstantiales
1865 4105 1918 4160 ei

337 4214 503 4268 sunt,
529 4219 597 4257 eo
625 4203 770 4272 quod
792 4217 956 4257 omne
978 4201 1199 4271 quidem
1247 4201 1560 4270 producens
1590 4200 1768 4254 simile
1797 4213 1920 4268 pro-

337 4297 506 4352 ducit
549 4295 734 4350 format
774 4311 880 4364 qua
925 4293 1202 4362 producit.
1260 4291 1404 4347 Dens
1465 4307 1596 4346 vero
1657 4299 1712 4346 et
1758 4291 1921 4344 Pater

338 4386 612 4458 producit
668 4386 863 4440 Filium
911 4394 967 4438 et
1009 4383 1278 4453 Spiritum
1325 4383 1510 4441 divina
1547 4381 1818 4443 essentia,
1865 4389 1921 4434 et

1947 3149 1992 3209 C

2015 561 2121 624 tiae,
2153 562 2246 628 qui
2291 561 2480 622 mittit,
2512 569 2567 613 et
2594 558 2687 627 qui
2733 557 3002 622 mittitur,
3033 559 3086 610 in
3121 555 3394 609 tricesima
3444 569 3587 609 non)

2012 654 2237 707 liomi'lia
2287 667 2456 720 super
2499 648 2765 704 Joannem
2830 648 2935 702 hoc
2999 647 3160 700 modo
3209 645 3585 715 respondens:

2013 745 2224 799 Rursus
2253 743 2320 796 ad
2350 758 2435 796 res
2464 742 2732 794 humanas
2761 751 3045 793 sermones
3071 745 3192 790 tuos
3217 737 3463 802 adeptas,
3487 749 3588 789 nec

2013 828 2335 890 consideras
2382 831 2528 901 quod
2588 832 2701 885 haec
2758 830 2882 884 ideo
2932 828 3076 882 dicta
3120 837 3270 890 sunt,
3309 838 3367 881 ut
3419 828 3586 881 etiam
3662 821 3670 829 ’

2012 941 2230 980 causam
2258 924 2518 984 sciamus,
2547 931 2601 976 et.
2630 937 2738 975 non
2769 919 3079 974 incidamus
3121 921 3174 973 in
3211 918 3432 972 Sabellii
3477 920 3587 972 hae-

2015 1017 2222 1081 resim;
2277 1013 2376 1070 sed
2437 1011 2676 1082 Spiritus
2737 1009 2974 1065 mittitur
3018 1025 3089 1064 ex.
3119 1007 3295 1076 Filio;
3327 1009 3489 1078 igitur
3521 1024 3587 1060 ex

2013 1123 2080 1162 eo
2110 1116 2214 1161 εει.

2084 1198 2220 1252 Item
2265 1199 2365 1251 ista
2393 1194 2650 1250 mittendi
2683 1192 2930 1264 potentia
2961 1207 3087 1248 cum
3113 1191 3186 1246 sit
3217 1199 3274 1245 et
3318 1191 3371 1244 in
3407 1189 3586 1252 Patre,

2014 1291 2143 1344 etin
2184 1287 2325 1342 Filio
2345 1286 2648 1342 secundum
2681 1301 2846 1355 quam
2871 1284 3032 1338 ambo
3063 1283 3290 1337 mittunt
3321 1280 3586 1348 Spiritum

2013 1390 2287 1444 sanctum,
2326 1393 2489 1448 quam
2524 1378 2688 1432 etiam
2726 1376 2892 1431 nostri
2919 1374 3252 1434 concedunt.
3282 1373 3585 1426 auteadem

2015 1479 2098 1525 est
2129 1470 2181 1522 in
2232 1468 2396 1523 Patre
2425 1477 2477 1521 et
2511 1463 2677 1530 Filio,
2711 1475 2804 1519 aut
2832 1465 2958 1526 alia,
3002 1473 3058 1517 et
3092 1461 3354 1530 alia;scd
3392 1462 3438 1517 si
3481 1462 3586 1514 alia

2015 1569 2073 1616 et
2129 1561 2256 1623 alia,
2292 1558 2403 1613 erit
2453 1567 2507 1612 et
2537 1558 2708 1626 major
2748 1565 2804 1609 et
2845 1556 3049 1619 minor,
3083 1567 3138 1610 et
3189 1563 3589 1622 consequenter

2017 1650 2308 1705 missiones
2354 1649 2620 1703 diversam
2657 1662 2827 1716 quare
2878 1663 2977 1702 nec
3019 1661 3123 1700 una
3163 1647 3430 1716 potentia,
3485 1659 3588 1699 nec

2019 1757 2124 1796 una
2155 1755 2349 1796 eorum
2379 1739 2624 1810 operatio
2661 1741 2789 1795 erit.
2823 1739 2887 1792 Et
2915 1754 3039 1793 cum
3068 1754 3302 1808 quorum
3332 1738 3588 1805 potentiae

2017 1833 2287 1898 diversae,
2344 1831 2602 1886 essentia:
2649 1845 2868 1900 quoque
2921 1844 3112 1884 eorum
3171 1829 3401 1883 diverse
3456 1829 3586 1891 sint,

2015 1927 2246 1981 alterius
2293 1933 2350 1979 et
2377 1925 2606 1979 alterius
2627 1923 2874 1977 essentia
2897 1930 3059 1976 erunt
3089 1921 3249 1974 Pater
3302 1931 3356 1976 et
3382 1920 3583 1972 Filius:

2015 2018 2110 2074 sed
2140 2019 2254 2073 haec
2287 2017 2469 2072 omnia
2505 2015 2762 2080 absurda,
2783 2024 2838 2070 et
2861 2025 3050 2070 contra
3077 2014 3400 2070 catholicam
3428 2013 3588 2066 fidem

2016 2119 2181 2174 sunt;
2229 2125 2338 2163 non
2404 2109 2569 2179 igitur
2605 2118 2692 2162 est
2734 2107 2843 2162 alia
2889 2115 2945 2162 et
2976 2108 3116 2171 alia;
3161 2106 3326 2174 igitur
3376 2104 3587 2158 cadent.

2019 2200 2124 2258 Sed
2165 2201 2221 2254 in
2254 2199 2414 2253 Patre
2443 2197 2685 2267 potentia
2720 2197 2976 2251 mittendi
3021 2197 3286 2264 Spiritum
3337 2204 3587 2249 sant-tum

2016 2301 2104 2347 est
2135 2289 2326 2344 eadem
2381 2304 2505 2343 cum
2559 2287 2803 2357 potentia
2861 2287 3112 2356 spirandi
3154 2287 3342 2346 illum.
3373 2299 3590 2354 semper

2017 2388 2162 2440 enim
2217 2384 2390 2453 spirat
2436 2382 2598 2436 Pater
2641 2381 2904 2449 Spiritum
2953 2390 3225 2442 sanctum,
3269 2387 3320 2432 et
3372 2377 3592 2446 spirans

2018 2478 2172 2532 illum
2193 2476 2378 2532 mittit.
2401 2474 2568 2545 Igitur
2601 2474 2764 2527 etiam
2797 2471 2968 2525 Filius
2991 2471 3152 2526 sitnnl
3191 2485 3314 2523 eum
3347 2469 3589 2538 potentia

2017 2567 2287 2638 spirandi,
2319 2576 2375 2621 et
2428 2567 2648 2635 spirans
2695 2563 2846 2618 illum
2888 2561 3095 2626 mittit;
3133 2575 3264 2629 ergo
3312 2568 3368 2614 et
3421 2558 3592 2612 Filius

2018 2658 2194 2714 sancti
2265 2657 2505 2726 Spiritus
2543 2665 2630 2710 est
2681 2653 3062 2722 productivus.
3103 2651 3196 2704 Illa
3245 2666 3374 2704 vero
3427 2664 3590 2717 quam

2020 2749 2247 2818 quidam
2309 2748 2469 2802 aiunt
2516 2745 2815 2801 secundam
2869 2752 2927 2800 et
2976 2743 3329 2812 temporalem
3371 2742 3592 2796 missio-

2020 2853 2170 2902 nem,
2198 2820 2500 2892 eum'niliil
2529 2844 2636 2898 est,
2661 2844 2773 2888 tum
2801 2834 2966 2888 etiam
3012 2847 3108 2901 per
3149 2831 3461 2901 praedictam
3487 2829 3596 2884 sol-

2023 2931 2172 2984 vitur
2199 2928 2511 2983 rationem:
2561 2940 2873 2995 quanquam
2921 2923 3124 2979 etenim
3150 2937 3419 2992 nusquam
3479 2921 3594 2974 ha:c

2022 3021 2326 3092 duplicitas
2375 3019 2791 3089 processionum
2843 3016 3182 3086 reperiatur,
3233 3025 3415 3070 tamen
3465 3014 3592 3068 dato

2023 3115 2187 3170 etiam
2219 3113 2367 3183 quod
2400 3113 2468 3168 sit
2497 3112 2676 3180 aliqua
2705 3109 2944 3166 secunda
2967 3109 3176 3172 missio,
3203 3123 3324 3176 quat
3348 3121 3596 3161 commuu

2024 3208 2112 3261 nis
2159 3206 2232 3262 sit
2284 3206 2430 3260 Patri
2461 3214 2516 3259 et
2557 3205 2694 3258 Filio
2748 3201 3050 3256 secundum
3102 3201 3313 3254 Patrem
3348 3214 3468 3254 eam
3535 3205 3592 3252 et

2023 3298 2256 3353 similem
2310 3297 2362 3351 ei
2396 3295 2638 3350 habebit.
2682 3293 2830 3348 Nihil
2859 3291 3003 3346 enim
3045 3306 3235 3345 eorum
3279 3305 3401 3358 qua:
3441 3303 3593 3342 eom-

2023 3391 2211 3444 muuia
2273 3396 2402 3443 sunt
2456 3389 2602 3442 Patri
2650 3394 2706 3440 et
2760 3384 2933 3448 Filio,
2983 3382 3250 3437 dissimile
3303 3382 3358 3434 in
3420 3380 3594 3433 altero

2021 3493 2210 3534 eorum
2240 3488 2346 3533 est.
2374 3477 2480 3532 Sed
2519 3478 2682 3532 Pater
2705 3474 2955 3529 mittendi
2977 3473 3274 3542 potentiam
3305 3470 3468 3524 habet
3487 3484 3591 3521 una

2020 3587 2144 3626 cum
2174 3570 2421 3638 potentia
2472 3567 2718 3637 spirandi
2756 3584 2770 3621 :
2803 3567 2969 3636 igitur
3025 3575 3080 3618 et
3119 3562 3290 3617 Filius
3319 3575 3443 3614 cum
3483 3559 3593 3630 spi-

2023 3661 2179 3717 randi
2210 3660 2450 3730 p0tentia
2475 3658 2701 3713 habebit
2740 3657 3039 3726 potentiam
3071 3653 3347 3709 mittendi.

2092 3755 2225 3809 Item
2253 3751 2399 3821 quod
2426 3759 2621 3804 natura
2651 3749 2888 3818 alicujus
2931 3757 3040 3810 est,
3074 3747 3240 3802 etiam
3273 3761 3341 3800 ex
3387 3760 3454 3799 eo
3481 3753 3588 3806 est,

2021 3844 2323 3900 secundum
2355 3840 2502 3911 quod
2535 3839 2739 3894 dicitur
2787 3853 2910 3893 esse
2953 3836 3101 3891 illius
3133 3852 3146 3888 :
3183 3833 3423 3904 Spiritus
3460 3847 3591 3888 vero

2019 3943 2242 3990 sanctus
2283 3939 2368 3986 est
2408 3929 2554 3993 Filii,
2583 3937 2640 3982 et
2694 3934 2840 3996 patet
2866 3924 3012 3995 quod
3045 3934 3266 3986 natura,
3303 3939 3411 3977 non
3441 3923 3588 3977 enim

2021 4034 2220 4096 praeter
2252 4030 2526 4087 naturam,
2559 4034 2662 4073 nec
2694 4029 2753 4072 ut
2787 4031 2998 4072 servus.
3030 4015 3124 4071 Est
3158 4016 3324 4085 igitur
3348 4017 3590 4084 Spiritus
3636 4083 3638 4085 ν

2021 4127 2247 4176 sanctus
2300 4125 2361 4169 ut
2419 4112 2658 4182 Spiritus
2713 4119 2958 4175 sanctus,
3005 4107 3259 4162 videlicet
3287 4115 3348 4162 ut
3403 4108 3589 4162 divina

2019 4224 2253 4282 persona
2285 4207 2339 4262 in
2371 4205 2637 4260 Trinitate
2665 4218 2731 4257 ex
2763 4201 2918 4256 Filio.

2093 4301 2227 4354 Item
2258 4298 2496 4367 Spiritus
2521 4303 2746 4349 sanctus
2792 4301 2877 4346 est
2906 4306 3104 4346 nomen
3149 4289 3463 4345 relativum.
3496 4288 3590 4342 Di-

2021 4389 2167 4444 citur
2193 4387 2336 4441 enim
2367 4385 2605 4454 Spiritus
2638 4383 2848 4443 Patris,
2885 4382 3122 4450 Spiritus
3155 4378 3317 4440 Filii;
3353 4381 3398 4432 si
3432 4380 3580 4433 enim

336 4481 473 4536 ideo
504 4476 988 4533 consubstantialia
1019 4477 1122 4530 sibi
1159 4475 1430 4546 producit.
1473 4474 1530 4528 Si
1562 4474 1727 4543 igitur
1759 4472 1920 4526 Pater
1952 4491 1992 4546 ι)
2022 4469 3588 4539 essetabsolutum,nondicereturalicujus.anlnmenim

335 4573 505 4627 solus
537 4568 863 4637 produceret
907 4565 1170 4634 Spiritum
1215 4564 1516 4620 secundum
1565 4578 1682 4626 eos,
1723 4564 1814 4632 qui
1846 4563 1917 4616 ita

335 4669 622 4724 asserunt,
656 4669 785 4713 tunc
817 4659 967 4712 nulla
1007 4657 1290 4712 distinctio
1327 4665 1471 4711 esset
1497 4655 1618 4711 Filii
1648 4672 1678 4710 a
1710 4654 1918 4723 Spiritu

334 4763 564 4814 sancto,
593 4765 716 4806 cum
751 4749 894 4802 nulla
923 4749 996 4804 sit
1019 4748 1352 4814 differentia,
1369 4763 1469 4803 nee
1490 4748 1544 4801 in
1579 4748 1920 4816 producente

335 4845 520 4913 (idem
547 4843 694 4896 enim
719 4849 803 4896 est
833 4840 1040 4909 Pater),
1068 4854 1171 4895 nec
1193 4839 1250 4895 in
1280 4838 1476 4903 forma,
1509 4853 1624 4912 qua
1666 4839 1922 4907 producit

337 4941 453 5008 (est
483 4938 630 4993 enim
655 4937 846 4992 eadem
887 4936 1070 4991 divina
1095 4934 1376 5005 essentia),
1408 4948 1511 4989 nec
1544 4934 1598 4988 in
1629 4933 1762 5003 ipsis
1795 4949 1918 5002 pro.

334 5031 550 5092 ductis,
584 5038 710 5085 sunt
738 5029 884 5084 enim
914 5027 1161 5098 ejusdem
1211 5025 1401 5082 forma
1439 5025 1602 5080 unius
1663 5025 1920 5079 videlicet

339 5128 401 5174 et
425 5118 739 5174 communis
774 5117 1111 5172 divinitatis:
1146 5115 1449 5185 praesertim
1479 5130 1604 5168 cum
1637 5114 1781 5168 nulla
1811 5114 1921 5167 illic

337 5210 580 5264 materia
608 5211 701 5275 sit,
730 5223 798 5263 ex
823 5223 929 5278 qua
959 5205 1240 5262 distinctio
1285 5205 1462 5260 fieret.
1503 5204 1581 5258 Ex
1609 5204 1812 5273 quibus
1837 5217 1921 5256 se-

338 5310 620 5371 queretur
663 5301 870 5355 nullam
908 5315 1029 5355 esse
1077 5313 1269 5353 eorum
1300 5295 1714 5351 distinctionem
1749 5295 1814 5348 ad
1848 5295 1922 5347 in-

336 5392 934 5463 vicemzrestatigitur
965 5401 1060 5446 aut
1083 5390 1348 5459 Spiritum
1379 5403 1499 5443 esse
1533 5387 1918 5447 Filiicausam,

339 5489 447 5533 aut
499 5479 692 5535 Filium
740 5483 979 5552 Spiritus
1007 5521 1021 5544 ,
1079 5479 1146 5533 ad
1181 5480 1284 5533 hoc
1319 5486 1380 5530 ut
1419 5477 1492 5531 sit
1521 5474 1822 5531 distinctio.
1853 5475 1923 5528 At

340 5571 590 5640 primum
625 5588 729 5625 non
765 5581 871 5634 est,
902 5572 1065 5640 igitur
1086 5569 1390 5624 secundum
1416 5577 1500 5624 est
1531 5583 1742 5622 vermn.

421 5659 560 5715 Item
617 5663 754 5717 mitti
812 5663 866 5716 in
922 5663 1126 5717 divinis
1175 5678 1206 5718 a
1237 5677 1400 5717 causa
1453 5675 1572 5714 esse
1621 5657 1920 5728 significat,

347 5751 525 5809 cuius
553 5755 707 5812 testis
757 5763 841 5810 est
878 5753 1070 5810 beatus
1099 5754 1338 5811 Joannes
1386 5751 1814 5816 Chrysostomus
1854 5749 1918 5802 ad

2022 4567 2332 4622 absolutum
2374 4563 2676 4618 secundum
2709 4561 2859 4630 quod
2906 4560 3246 4630 significatur
3291 4580 3321 4614 a
3369 4560 3590 4614 nomine

2022 4659 2224 4713 dicitur
2253 4655 2503 4718 alterius,
2554 4653 2648 4708 sed
2699 4652 3004 4708 secundum
3037 4653 3276 4721 aliquem
3309 4652 3474 4706 alium
3506 4667 3592 4704 rc-

2023 4760 2272 4820 spectum
2309 4745 2810 4816 :qnemadmodum
2841 4745 3004 4799 homo
3027 4783 3041 4806 ,
3079 4758 3201 4798 eum
3250 4742 3320 4795 sit
3371 4741 3592 4795 absolu-

2025 4849 2161 4903 tum,
2197 4855 2305 4892 non
2336 4838 2538 4892 dicitur
2577 4837 2812 4904 alicujus
2837 4835 3020 4896 homo,
3050 4833 3146 4887 sed
3173 4831 3317 4902 quod
3371 4845 3587 4891 servus,

2024 4931 2110 4984 vel
2162 4929 2372 4984 Filius:
2433 4927 2528 4982 sed
2564 4926 2806 4994 Spiritus
2867 4923 3168 4979 secundum
3221 4919 3584 4989 significatum

2022 5020 2187 5089 hujus
2214 5017 2451 5072 nominis
2479 5017 2713 5086 Spiritus
2742 5015 2945 5086 dicitur
2976 5012 3214 5082 Spiritus
3231 5009 3376 5075 Filii,
3399 5024 3592 5079 quem-

2021 5109 2318 5164 admodum
2353 5119 2409 5162 et
2439 5108 2632 5161 Patris.
2669 5107 2765 5159 Est
2807 5104 2971 5174 igitur
3022 5103 3306 5157 relativum
3328 5141 3342 5164 ,
3371 5111 3427 5154 et
3455 5115 3586 5155 cen-

2021 5210 2316 5271 sequenter
2347 5197 2580 5252 refertur
2611 5195 2678 5249 ad
2713 5196 3035 5264 spirantem.
3069 5194 3166 5247 Est
3205 5193 3374 5261 igitur
3407 5192 3587 5261 Spiri-

2026 5302 2112 5347 tus
2166 5288 2343 5344 Patris
2397 5298 2452 5341 et
2537 5285 2664 5339 Filii
2716 5295 2971 5355 tanquam
3028 5299 3058 5337 a
3133 5283 3472 5352 spirantibus
3529 5291 3588 5338 et.

2024 5380 2459 5454 producentibus
2511 5378 2686 5431 illum.
2725 5376 2883 5442 Quod
2947 5375 2992 5429 si
3057 5375 3180 5444 quis
3235 5373 3404 5438 dicat,
3461 5373 3586 5428 ideo

2022 5474 2226 5528 dicitur
2283 5470 2518 5540 Spiritus
2576 5466 2722 5531 Filii,
2759 5465 2884 5534 quia
2924 5480 2989 5519 ex
3036 5479 3101 5518 eo
3158 5463 3418 5527 mittitur,
3454 5461 3588 5516 falsa

2025 5563 2168 5618 ratio
2197 5571 2304 5624 est,
2335 5575 2366 5613 e
2397 5572 2665 5614 converso
2721 5570 2954 5623 namque
2984 5553 3113 5623 quia
3163 5554 3282 5624 ejus
3315 5561 3421 5616 est,
3461 5553 3584 5604 mit-

2026 5655 2159 5708 titur
2185 5668 2250 5706 ex
2281 5667 2371 5712 eo,
2407 5649 2588 5719 priora
2641 5648 2788 5700 enim
2832 5655 2960 5700 sunt
2998 5661 3158 5700 causa
3191 5645 3581 5714 posteriorum.

2026 5745 2186 5801 Prius
2222 5750 2405 5797 autent
2441 5749 2525 5796 est
2576 5737 2740 5808 quod.
2769 5735 3008 5808 Spiritus
3049 5735 3120 5791 sit
3153 5735 3390 5805 Spiritus
3438 5733 3581 5800 Filii,
