3990 6212
421 360 526 427 435

1384 367 1890 431 BESSARIONIS
1926 374 1982 429 S.
2026 373 2093 437 Β.
2126 374 2191 439 E.
2233 376 2693 441 CAliDINALlS

2120 240 2163 255 ‘J.’
2174 241 2253 255 λεὶ-ο

3562 382 3665 446 436

420 475 692 545 posterius
743 491 870 530 vero
923 477 1069 544 quod
1120 477 1369 533 mittatur
1402 481 1473 534 ab
1526 496 1612 536 eo.
1650 482 1779 537 Sive
1843 481 1989 535 enim
2022 480 2179 547 Aeif;
2244 484 2339 539 sed
2382 485 2559 555 ipsum
2612 486 2741 542 dare
2775 486 2828 541 in
2864 486 3067 544 divinis
3111 491 3364 560 personis
3399 493 3671 565 signiﬁcat

420 567 579 622 istam
622 575 1027 636 temporancam
1070 569 1387 625 missionem
1420 572 1572 627 dicas
1602 573 1898 642 posterior,
1935 582 1991 628 et

419 661 625 728 absque
656 659 823 713 dubio
854 675 1166 729 quanquam
1220 662 1291 716 sit
1320 662 1438 732 ejus
1489 662 1763 733 Spiritus:
1820 663 1993 734 siqui-

417 753 540 808 dem
575 753 681 808 lioc
702 762 966 808 aeternum
1009 763 1091 809 est
1127 770 1285 823 ;3tve
1339 766 1605 811 :eternam
1664 758 1993 813 missionem

419 844 711 913 intelligas.
745 845 847 899 hoc
890 845 1056 899 etiam
1101 846 1261 899 modo
1310 856 1494 902 mente
1526 849 1986 920 pmintelligitur,

417 934 561 1004 quod
597 934 840 1004 Spiritus
871 936 941 991 sit
975 936 1216 1005 Spiritus
1246 935 1368 992 Filii
1398 954 1411 990 :
1440 938 1573 1007 quia
1600 954 1722 994 esse
1761 941 1988 1008 quidem

417 1025 683 1093 Spiritum
715 1025 838 1080 Filii
885 1026 1152 1094 Spiritum
1210 1028 1521 1099 intelligere
1565 1038 1626 1084 ut
1671 1031 1896 1097 habere,
1933 1042 1989 1087 et

415 1118 633 1172 mittere
663 1133 794 1171 vero
818 1127 877 1172 ut
908 1118 1071 1185 dare;
1107 1120 1308 1174 habere
1334 1133 1514 1175 autem
1552 1123 1990 1194 praeintelligitur

415 1208 570 1276 prius
600 1223 761 1273 quam
795 1209 947 1263 dare.
974 1208 1157 1275 Quare
1186 1226 1284 1279 pro
1308 1211 1468 1267 nobis
1503 1211 1618 1267 haec
1659 1214 1798 1268 ratio
1838 1214 1988 1274 facit.

413 1296 551 1361 Quia
580 1298 728 1351 enim
762 1310 954 1353 natura
1008 1308 1093 1354 est
1131 1300 1249 1369 ejus
1300 1301 1560 1368 Spiritus,
1608 1312 1801 1359 natura
1835 1306 1987 1360 illum

417 1388 585 1441 mittit
614 1404 632 1441 :
664 1391 945 1458 processio
973 1407 1102 1446 vero
1129 1394 1395 1448 naturalis
1420 1394 1476 1447 in
1510 1394 1712 1450 divinis
1741 1413 1861 1451 cum
1894 1405 1991 1452 aut

416 1494 514 1548 per
557 1481 1001 1548 generationem,
1050 1492 1144 1537 aut
1185 1499 1287 1551 per
1334 1485 1687 1550 spirationem
1747 1489 1835 1552 sit,
1874 1488 1991 1543 haec

416 1574 600 1619 autem
636 1582 743 1620 non
774 1568 844 1622 sit
880 1584 975 1638 per
1005 1570 1441 1639 generationem,
1483 1573 1816 1643 relinquitur
1841 1576 1985 1644 quod

420 1666 505 1711 est
531 1674 627 1727 per
658 1660 1037 1728 spirationem.
1071 1662 1255 1717 Missio
1285 1663 1453 1733 igitur
1479 1679 1545 1719 ex
1578 1666 1716 1719 Filio
1754 1667 1989 1736 Spiritus

414 1759 497 1804 est
518 1751 636 1819 ejus
660 1752 728 1805 ab
767 1767 833 1806 eo
856 1753 1112 1821 spiratio.

2095 570 2239 625 idem
2287 575 2430 642 quod
2464 576 2789 644 producere.
2823 577 3249 648 Cbrysostomus
3297 583 3499 637 etenim
3533 585 3668 640 illud

2092 665 2463 732 evangelicum
2492 680 2815 736 eXponens:
2853 667 3017 723 Omne
3048 669 3307 738 judicium
3335 672 3477 725 dedit
3512 674 3664 741 Filio,

2092 752 2201 807 ait:
2234 753 2301 807 Et
2332 763 2391 808 ut
2417 755 2616 820 discas,
2643 757 2788 826 quod
2840 759 2993 813 dedit
3027 760 3168 814 idem
3213 775 3336 816 esse
3370 771 3541 833 atque
3585 781 3666 834 ge-

2094 845 2327 910 neravit,
2355 845 2482 899 audi
2515 846 2649 901 alias
2680 849 3058 916 auctoritates,
3099 865 3167 904 ex
3200 852 3403 920 quibus
3446 855 3548 909 hoc
3591 856 3665 909 si-

2093 935 2315 1004 gniﬁcat
2344 953 2357 991 :
2387 938 2836 1003 Quemadmodum
2869 942 3014 996 enim
3055 940 3221 997 Pater
3244 945 3398 998 habet
3418 947 3580 1000 vitam
3611 949 3665 1001 in

2090 1030 2382 1093 semetipso,
2414 1032 2494 1083 ita
2538 1032 2682 1084 dedit
2712 1031 2847 1086 Filio
2867 1033 3029 1086 vitam
3059 1030 3249 1088 habere
3277 1038 3330 1089 in
3370 1040 3664 1106 semetipso.

2091 1119 2229 1185 Quid
2265 1121 2430 1188 igitur
2459 1123 2636 1190 primo
2654 1123 2843 1192 genuit
2898 1138 3056 1191 eum,
3092 1135 3150 1181 et
3200 1126 3398 1181 deinde
3430 1127 3583 1183 dedit
3608 1130 3665 1191 ei

2091 1213 2294 1267 vitam?
2321 1229 2450 1284 ergo
2496 1217 2700 1286 absque
2735 1217 2846 1270 vita
2878 1218 3097 1287 genitus
3138 1225 3243 1272 est.
3290 1217 3398 1273 Sed
3423 1220 3529 1273 hoc
3559 1235 3663 1275 nec

2101 1303 2379 1359 daemones
2405 1305 2626 1374 quidem
2675 1307 2877 1377 dicent,
2912 1323 3021 1360 una
3048 1308 3196 1362 enim
3231 1324 3355 1363 cum
3386 1308 3665 1380 impietate

2092 1413 2285 1467 magna
2307 1398 2470 1451 etiam
2504 1398 2809 1467 ignorantia
2834 1407 2979 1453 esset
3011 1399 3115 1454 hoc
3154 1401 3360 1456 dicere.
3389 1403 3661 1466 Quemad-

2093 1490 2315 1544 modum
2336 1490 2521 1560 igitur,
2545 1490 2701 1544 Dedit
2722 1490 2772 1544 ei
2797 1492 2983 1556 vitam,
3014 1506 3115 1561 pro
3144 1506 3210 1545 eo
3242 1493 3387 1561 quod
3411 1496 3662 1563 genuerit

2090 1594 2217 1633 eum
2242 1579 2407 1633 vitam
2453 1579 2865 1651 intelligendum
2890 1588 3007 1644 est;
3058 1582 3131 1635 ita
3161 1590 3216 1637 et
3248 1582 3402 1647 illud,
3432 1583 3592 1638 Dedit
3612 1584 3662 1639 ei

2085 1665 2378 1735 judicium,
2418 1682 2516 1737 pro
2560 1682 2627 1721 eo
2682 1666 2827 1737 quod
2872 1667 3111 1734 judicem
3150 1685 3274 1724 eum
3307 1674 3521 1741 genuit,
3574 1688 3664 1727 ca-

2092 1757 2349 1826 piendum
2383 1769 2487 1813 est.
2530 1754 2803 1813 Similiter
2843 1761 3011 1829 igitur
3043 1776 3166 1816 cum
3200 1762 3377 1816 Filius
3418 1762 3513 1817 det
3542 1762 3663 1831 Spi-

486 1841 619 1896 Item
659 1842 897 1911 Spiritus
918 1853 1139 1899 sanctus
1181 1847 1378 1915 accipit
1422 1865 1451 1903 a
1487 1844 1647 1905 Filio.
1684 1850 1786 1906 lue
1811 1853 1981 1917 enim,
2018 1833 2060 1891 Β
2090 1845 2218 1899 rimi
2247 1846 2611 1915 sapientiam.
2653 1846 2909 1915 producit
2946 1848 3109 1902 illum
3148 1848 3503 1918 sapientiam.
3537 1865 3660 1906 esse

412 1930 511 1994 ait,
564 1947 627 1984 ex
654 1948 767 1986 meo
819 1936 1076 2005 accipiet;
1108 1938 1251 2006 quod
1286 1949 1464 1993 autem
1499 1942 1697 2010 accipit
1750 1957 1831 1998 est
1867 1947 1987 2015 ejus

411 2024 681 2089 essentia;
720 2040 821 2079 nec
873 2027 1020 2080 enim
1053 2035 1133 2082 est
1162 2029 1311 2083 aliud
1368 2030 1505 2097 ipse,
1555 2033 1704 2087 aliud
1749 2036 1866 2105 ejus
1896 2051 1985 2090 cs-

412 2112 608 2176 sentia,
634 2123 776 2168 esset
799 2116 947 2169 enim
980 2119 1366 2184 compositum.
1397 2120 1531 2175 Cum
1576 2122 1740 2192 igitur
1769 2140 1983 2182 summe

412 2204 641 2271 simplex
675 2206 767 2268 sit,
789 2208 1081 2260 essentiam
1116 2223 1266 2262 suam
1288 2219 1481 2265 etesse
1510 2215 1706 2282 accipit
1731 2231 1795 2269 ex
1823 2216 1978 2272 Filio.

411 2289 527 2346 Hoc
561 2295 709 2347 enim
747 2296 894 2365 quod
935 2296 1089 2361 dicit,
1128 2299 1210 2351 Ea:
1238 2316 1350 2353 meo
1380 2303 1618 2372 accipiet,
1659 2320 1766 2358 non
1795 2323 1984 2376 quem-

409 2384 703 2438 admodum
730 2388 895 2455 aliqui
932 2396 1124 2457 putant
1142 2405 1205 2443 ex
1232 2406 1352 2445 meo
1380 2393 1534 2448 Patre
1561 2394 1979 2465 intelligendum

407 2488 527 2544 est;
570 2480 747 2549 primo
773 2481 901 2550 quia
933 2481 1047 2535 haec
1080 2482 1290 2541 locutio
1333 2501 1509 2554 neque
1541 2486 1727 2542 Grmca
1756 2530 1768 2553 ,
1806 2507 1981 2561 neque

407 2566 599 2622 Latina
630 2578 733 2624 est.
770 2570 904 2623 Nam
934 2571 976 2624 si
1004 2586 1129 2625 eum
1160 2572 1385 2641 dicitur,
1433 2574 1515 2629 Ea:
1549 2594 1685 2642 meo,
1709 2581 1981 2643 subintelq

408 2657 689 2727 ligeudum
753 2670 895 2714 essu
929 2661 1111 2723 Patre,
1170 2662 1275 2717 hoc
1323 2681 1436 2719 meo
1467 2678 1612 2721 esset
1678 2684 1977 2738 pronomen

410 2744 630 2813 generis
664 2748 946 2801 masculini
976 2766 990 2814 ;
1024 2750 1206 2805 nullus
1234 2760 1414 2807 autem
1443 2755 1524 2808 vel
1588 2757 1642 2810 in
1673 2758 1880 2821 Graeca,
1900 2764 1978 2817 vel

408 2834 463 2890 in
485 2834 675 2891 Latina
703 2837 885 2908 lingua
902 2841 1125 2897 edoctus
1158 2852 1250 2897 aut
1272 2846 1581 2913 masculini,
1612 2857 1707 2902 aut
1729 2850 1976 2908 feminini

404 2929 624 2998 generis
682 2946 984 3000 pronomen
1040 2937 1271 3004 profert,
1333 2939 1440 2994 nisi
1473 2955 1600 2996 cum
1654 2943 1974 3001 additioue:

406 3019 562 3075 Mens
595 3016 789 3092 frater,
815 3026 902 3080 vel
927 3024 1077 3081 Meus
1109 3030 1331 3094 amicus,
1365 3041 1460 3086 aut
1494 3032 1614 3086 Mea
1658 3035 1864 3098 civitas,
1896 3037 1975 3091 vel

410 3113 604 3169 domm
634 3115 845 3172 dicens.
877 3118 1025 3172 Meus
1060 3122 1266 3175 etenim
1292 3122 1619 3192 simpliciter
1649 3127 1858 3196 absque
1877 3129 1973 3182 ad-

403 3204 633 3270 ditione,
669 3223 779 3261 non
812 3210 983 3280 magis
1020 3211 1239 3265 Patrem
1264 3253 1278 3277 ,
1315 3228 1479 3282 quam
1533 3215 1741 3270 hostem
1805 3217 1974 3287 signi-

405 3298 549 3354 ﬁcat.
605 3298 809 3355 Deinde
860 3304 926 3356 ab
981 3303 1094 3372 ipsa
1150 3305 1451 3360 intentione
1503 3307 1800 3364 Salvatoris
1858 3312 1974 3366 lites

402 3391 546 3443 ratio
576 3408 710 3445 vana
745 3393 1026 3459 probatur.
1058 3394 1247 3449 Omnia
1278 3398 1449 3461 enim,
1483 3398 1683 3468 inquit,
1717 3416 1971 3465 quincun-

402 3498 499 3551 que
532 3483 682 3537 habet
723 3484 905 3546 Pater,
941 3503 1059 3538 mea
1102 3497 1245 3542 sunt.
1277 3488 1404 3543 Ideo
1438 3490 1567 3555 diri,
1602 3508 1667 3544 er
1703 3509 1817 3547 meo
1838 3496 1975 3548 acci-

402 3574 525 3638 piet,
564 3583 613 3627 et
662 3576 996 3629 annuntiabit
1028 3578 1189 3630 vobis.
1249 3578 1323 3633 Ita
1380 3591 1437 3632 ut
1483 3582 1588 3635 tale
1633 3597 1699 3636 ex
1756 3583 1825 3637 iis
1884 3585 1975 3637 liat

399 3674 781 3733 argumentum
820 3684 832 3721 :
872 3666 1113 3735 Spiritus
1147 3669 1348 3738 accipit
1393 3685 1458 3725 ex
1512 3671 1579 3726 iis
1626 3688 1748 3743 quae
1799 3673 1975 3730 Patris

399 3766 567 3823 sunt;
599 3758 765 3827 igitur
792 3758 1031 3829 Spiritus
1059 3761 1256 3829 accipit
1296 3778 1361 3816 ex
1411 3764 1570 3830 meis,
1617 3767 1697 3820 vel
1731 3782 1798 3820 ex
1827 3783 1969 3823 meo.

402 3848 617 3904 Etcum
662 3852 800 3920 ipse,
853 3861 910 3906 et
963 3868 1061 3907 sua
1094 3870 1260 3930 unum
1303 3863 1357 3909 et
1393 3855 1537 3910 idem
1587 3867 1716 3912 sunt
1747 3868 1973 3928 pmpter

395 3959 666 3998 summam
704 3944 1137 4013 simplicitatem,
1171 3945 1497 4015 accipiendo
1538 3947 1605 4002 de
1634 3951 1772 4014 suis,
1828 3952 1972 4005 acci-

397 4035 592 4103 pietcx
626 4050 711 4089 eo.
740 4036 912 4107 Hujus
955 4044 1140 4090 autem
1183 4038 1472 4092 sententia:
1506 4049 1730 4093 sanctus
1753 4055 1970 4111 quoque

394 4125 726 4179 Athanasius
751 4135 854 4189 est,
902 4127 975 4178 ait
1008 4126 1211 4179 etenim
1246 4142 1261 4178 :
1305 4127 1422 4180 Non
1457 4129 1604 4181 enim
1662 4129 1907 4184 Verbum:
1939 4148 1969 4187 a

395 4217 601 4285 Spiritu
630 4216 851 4286 accipit,
904 4217 997 4271 scd
1052 4216 1292 4285 Spiritus
1336 4233 1365 4271 a
1399 4217 1599 4271 Verbo.
1626 4217 1767 4282 Quid
1804 4220 1972 4289 igitur

392 4307 629 4375 accipiat
676 4322 706 4360 a
768 4305 905 4361 Filio
954 4294 1419 4361 considerandum
1461 4316 1568 4371 est,
1632 4318 1779 4376 patet
1824 4310 1968 4379 quod

392 4386 714 4467 sapientiam
770 4409 825 4454 et
879 4401 1214 4455 scientiam:
1252 4401 1332 4455 Ea:
1380 4417 1492 4454 meo
1538 4403 1708 4467 enim,
1767 4402 1966 4471 inquit,

2090 1936 2300 1991 scilicet
2349 1946 2404 1990 et
2428 1936 2843 1993 subsistentiam
2872 1937 2922 1991 ei
2949 1937 3281 2005 dans,quam
3310 1938 3511 2008 accipit
3532 1936 3679 1995 cum

2088 2025 2331 2094 Spiratur
2366 2027 2437 2081 ab
2458 2040 2542 2080 eo.
2567 2026 2737 2095 igitur
2760 2026 3075 2096 spirationis
3093 2026 3256 2081 etiam
3290 2027 3462 2082 Filius
3484 2043 3649 2085 causa

2088 2115 2204 2169 sive
2242 2117 2570 2186 principium
2603 2128 2708 2174 est.

2159 2205 2292 2261 Item
2331 2207 2502 2262 Filius
2534 2208 2603 2263 de
2626 2224 2684 2265 se
2713 2209 2932 2279 quidem
2960 2209 3077 2280 ipso
3105 2208 3239 2263 dicit
3273 2229 3287 2262 :
3325 2210 3456 2274 Qua
3481 2213 3658 2267 audiui

2084 2314 2116 2350 οι
2180 2297 2346 2351 Patre
2388 2315 2521 2362 meo,
2571 2301 2889 2354 annuntiavi
2913 2301 3054 2355 vobis
3068 2317 3090 2365 ;
3138 2301 3207 2355 de
3237 2300 3440 2370 Spiritu
3473 2318 3653 2358 vero:

2088 2387 2211 2443 Non
2244 2392 2381 2443 enim
2410 2390 2653 2461 loquetur
2689 2408 2718 2444 a
2748 2392 3058 2461 semetipso,
3092 2393 3181 2445 sed
3221 2408 3537 2462 quiscunque
3561 2410 3657 2447 au-

2084 2484 2191 2535 diet
2240 2481 2505 2551 loquetur.
2552 2481 2705 2547 Quod
2738 2482 2917 2552 igitur
2947 2482 3222 2553 signiﬁcat
3268 2484 3338 2537 de
3380 2484 3515 2538 Filio
3549 2485 3656 2541 hoc

2084 2572 2226 2642 quod
2278 2573 2429 2627 audit
2472 2588 2503 2627 a
2548 2573 2726 2637 Patre,
2772 2573 2916 2628 idem
2962 2584 3020 2628 et
3052 2573 3121 2628 de
3147 2573 3354 2644 Spiritu
3379 2575 3650 2646 signiﬁcat

2072 2650 2261 2733 ipsum
2288 2664 2516 2731 audire;
2546 2664 2642 2720 sed
2675 2664 2742 2719 de
2766 2664 2904 2718 Filio
2936 2665 3112 2734 ipsum
3143 2665 3338 2721 audire
3377 2667 3647 2734 signiﬁcat

2081 2768 2202 2807 esse
2227 2770 2253 2807 a
2285 2769 2469 2817 causa,
2508 2764 2563 2809 et
2590 2756 2766 2825 ipsum
2792 2753 3061 2823 generari.
3094 2754 3297 2837 Audire
3339 2756 3485 2810 enim
3510 2756 3644 2811 nihil

2080 2846 2227 2899 aliud
2278 2853 2384 2908 est,
2444 2846 2549 2899 nisi
2580 2846 2907 2915 sapientiam
2939 2855 2995 2900 et
3026 2847 3309 2900 scientiam
3361 2847 3645 2916 accipere.

2081 2936 2251 2991 Fdius
2277 2948 2600 2990 autemnon
2650 2937 2829 3006 primo
2877 2944 3057 3000 natus,
3089 2936 3287 2990 deinde
3339 2945 3527 3005 postea
3559 2952 3651 2992 ac-

2079 3027 2223 3097 cepit
2271 3028 2557 3081 scientiam
2600 3029 2680 3082 vel
2727 3028 3072 3098 sapientiam,
3102 3029 3195 3082 sed
3242 3039 3401 3084 natus
3435 3038 3517 3084 est
3558 3044 3651 3083 sa-

2081 3116 2316 3185 pientia;
2368 3118 2420 3170 in
2474 3117 2591 3186 ipso
2634 3119 2880 3187 generari
2927 3118 3203 3187 accipiens
3248 3117 3533 3172 scientiam
3582 3127 3641 3172 et

2077 3207 2423 3276 sapientiam,
2454 3218 2509 3263 et
2531 3218 2723 3263 caetera
2751 3208 2952 3267 omnia.
3006 3224 3125 3278 quae
3169 3208 3311 3263 idem
3362 3216 3489 3263 sunt
3522 3224 3648 3263 cum

2078 3298 2197 3368 ejus
2228 3301 2504 3355 essentia:
2535 3300 2675 3353 hanc
2698 3300 2863 3370 igitur
2878 3300 3078 3370 accipit
3105 3316 3134 3354 a
3160 3299 3318 3355 Patre
3341 3315 3463 3355 cum
3494 3299 3648 3351 audit

2076 3390 2143 3443 ab
2172 3407 2260 3454 eo,
2291 3400 2348 3445 et
2376 3391 2565 3446 audire
2588 3391 2706 3461 ejus
2740 3394 2992 3461 generari
3030 3402 3137 3446 est.
3170 3391 3341 3459 Igitur
3369 3402 3427 3446 et
3449 3390 3647 3445 audire

2077 3481 2314 3550 Spiritus
2347 3482 2521 3537 sancti
2581 3499 2689 3537 non
2745 3485 3016 3553 significat
3064 3483 3173 3538 nisi
3204 3484 3351 3553 quod
3402 3499 3432 3537 a
3480 3498 3649 3539 causa

2073 3578 2158 3623 cst
2201 3579 2256 3623 et
2301 3571 2603 3638 spiratione
2658 3572 2798 3641 ejus.
2825 3572 3007 3638 Quare
3050 3588 3080 3626 a
3116 3588 3226 3642 quo
3248 3574 3422 3637 audit,
3460 3573 3529 3628 ab
3576 3588 3645 3627 eo

2073 3660 2239 3712 etiam
2260 3660 2548 3728 procedit:
2584 3662 2679 3715 sed
2715 3677 2825 3716 non
2854 3664 3030 3717 solum
3071 3679 3105 3718 a
3136 3665 3297 3719 Patre
3320 3664 3495 3727 audit,
3541 3664 3637 3718 sed

2073 3749 2243 3803 etiam
2267 3765 2333 3804 ex
2358 3742 2517 3815 Filio,
2544 3753 2690 3821 quod
2721 3768 2788 3807 ex
2843 3755 2977 3822 ipsis
3015 3754 3196 3809 verbis
3224 3754 3519 3810 Salvatoris
3546 3770 3645 3824 ap-

2072 3849 2249 3909 paret,
2289 3841 2381 3896 ubi
2428 3841 2563 3897 dicit
2596 3861 2613 3898 ε
2651 3844 2733 3897 Es
2778 3861 2889 3898 meo
2929 3847 3167 3916 accipiet,
3219 3854 3268 3899 et
3308 3846 3647 3901 annuntiabit

2072 3935 2238 3990 vobis.
2295 3937 2671 3993 Annunt’randi
2732 3955 2968 4009 namque
3013 3956 3179 3996 causa
3227 3950 3314 3997 est
3380 3942 3646 4011 Spiritum

2072 4025 2265 4080 audire
2278 4041 2295 4092 ;
2324 4037 2379 4082 et
2408 4028 2653 4097 ejusdem
2686 4029 3045 4085 annuutiandi
3086 4032 3192 4086 hoc
3225 4047 3447 4100 quoque
3478 4048 3643 4086 causa

2072 4125 2177 4181 est,
2211 4118 2359 4186 quod
2385 4134 2451 4172 ex
2485 4119 2629 4173 Filio
2644 4121 2860 4190 accipit.
2900 4123 3080 4188 Quare
3104 4139 3171 4177 ex
3230 4124 3367 4178 Filio
3398 4125 3649 4189 accipere

2074 4210 2159 4263 vel
2186 4210 2400 4273 audire,
2434 4210 2596 4266 unius
2616 4212 2975 4282 ejusdemque
3015 4215 3121 4279 rei,
3146 4214 3399 4269 videlicet
3424 4230 3646 4269 annuu-

2075 4298 2245 4353 tiandi
2271 4315 2434 4354 causa
2459 4311 2563 4356 est.
2587 4302 2759 4371 Igitur
2791 4304 2844 4357 in
2879 4303 3080 4359 divinis
3131 4305 3278 4359 idem
3321 4317 3405 4360 est
3454 4306 3649 4360 audire

2073 4398 2128 4444 et
2154 4392 2441 4460 accipere;
2481 4403 2684 4448 etcum
2713 4395 2947 4463 accipiat
2984 4411 3047 4451 ex
3096 4397 3255 4462 Filio,
3305 4398 3469 4464 igitur
3494 4398 3651 4451 audit

391 4492 631 4559 accipiet,
654 4502 700 4543 et
727 4493 1062 4545 annuntiubit
1094 4493 1255 4546 vobis.
1285 4492 1631 4547 Annuntiare
1651 4493 1799 4546 enim
1832 4494 1967 4547 nihil

2082 4481 2237 4535 etiam
2287 4497 2355 4535 ex
2416 4497 2505 4538 eo.
2557 4483 2816 4552 Ejusdem
2845 4486 3134 4541 sententia:
3189 4498 3417 4543 sanctus
3478 4489 3645 4541 etiam

390 4583 538 4635 aliud
572 4592 675 4646 est,
701 4585 803 4638 nisi
834 4583 1031 4638 docere
1069 4594 1122 4637 ct
1175 4584 1487 4638 illuminare
1535 4587 1829 4654 apostolos.
1856 4584 1970 4639 Hoc

389 4683 574 4726 autem
601 4684 685 4727 est
714 4676 997 4744 sapientia:
1022 4691 1160 4747 opus
1184 4692 1199 4739 ;
1220 4676 1386 4743 igitur
1410 4676 1733 4744 sapientiam
1769 4694 1797 4731 a
1830 4677 1969 4731 Filio

387 4764 591 4833 accipit
621 4763 878 4832 Spiritus.
924 4766 1065 4831 Quid
1111 4766 1280 4836 igitur
1310 4768 1513 4834 absque
1549 4769 1814 4836 sapientia
1856 4769 1971 4837 spi-

386 4864 540 4909 ratus
593 4855 699 4910 fuit
742 4871 771 4909 a
829 4856 1006 4922 Patre,
1058 4868 1113 4911 et
1152 4857 1274 4911 ideo
1320 4858 1566 4927 Oportuit
1605 4875 1730 4913 eum
1769 4876 1796 4913 a
1827 4860 1973 4915 Filio

385 4948 639 5016 excipere
679 4947 1001 5015 sapientiam
1022 4947 1045 5001 ἲ
1066 4957 1161 5001 aut
1195 4948 1343 5002 aliud
1383 4958 1468 5003 est
1491 4950 1613 5019 ejus
1639 4964 1783 5016 esse,
1815 4952 1965 5007 aliud

385 5038 695 5109 sapientia?
721 5039 791 5093 At
821 5040 932 5093 haec
954 5038 1190 5094 absurda
1223 5048 1371 5094 sunt.
1411 5039 1558 5095 idem
1589 5041 1734 5094 enim
1770 5050 1854 5096 est
1882 5057 1968 5097 sa-

386 5130 614 5200 pientia,
668 5138 723 5184 et
774 5144 895 5185 esse
928 5132 1065 5200 ejus,
1095 5139 1153 5185 et
1193 5144 1223 5183 a
1266 5144 1377 5200 quo
1424 5130 1623 5201 accipit
1688 5145 1833 5197 esse,
1896 5132 1967 5188 ab

386 5223 581 5278 eodem
624 5221 824 5292 accipit
879 5220 1251 5291 sapientiam:
1294 5230 1353 5275 et
1397 5237 1521 5276 cum
1582 5212 1848 5292 spiratur,
1906 5232 1965 5278 et

386 5316 588 5387 accipit
641 5330 765 5371 esse
822 5324 877 5369 et
926 5314 1252 5378 subsistere,
1298 5314 1465 5368 etiam
1506 5315 1708 5385 accipit
1746 5317 1965 5385 sapien-

388 5408 538 5461 tiam.
570 5406 708 5461 Cum
735 5406 900 5473 igitur
924 5406 1247 5476 sapientiam
1267 5421 1295 5459 a
1325 5406 1463 5460 Filio
1496 5420 1717 5475 quoque
1745 5408 1962 5475 accipit,

387 5499 567 5568 ipsum
594 5514 715 5555 esse
740 5510 794 5555 et
821 5499 1124 5555 subsistere
1161 5499 1324 5552 simul
1356 5500 1424 5554 ab
1446 5513 1512 5553 eo
1534 5498 1734 5568 accipit
1762 5514 1777 5549 :
1801 5498 1966 5568 igitur

386 5590 557 5644 Filius
584 5574 747 5645 etia'm
770 5600 856 5645 est
880 5589 930 5644 ei
968 5604 1135 5645 causa
1168 5590 1386 5644 esscndi
1413 5589 1876 5658 quemadmodum
1912 5598 1966 5645 et

386 5680 572 5735 Pater.

458 5768 593 5825 item
621 5770 665 5826 si
704 5769 940 5840 Spiritus
966 5774 1167 5844 accipit
1217 5790 1245 5828 a
1274 5773 1452 5842 Filio;
1484 5787 1614 5842 ergo
1654 5772 1827 5831 Filius
1875 5776 1962 5829 dat

2074 4574 2305 4630 Basilius
2335 4586 2419 4631 est
2446 4578 2501 4631 in
2528 4578 2737 4647 Regula
2757 4581 3078 4639 mnastica.
3112 4580 3183 4634 de
3226 4580 3434 4648 Spiritu
3453 4594 3650 4635 sancto

2071 4666 2286 4730 dicens,
2325 4668 2471 4738 quod
2504 4668 2667 4723 docet
2699 4652 2756 4724 et
2796 4672 3037 4741 suggerit
3083 4672 3268 4725 omnia
3303 4687 3647 4741 quaecunque

2073 4757 2229 4813 audit
2283 4774 2317 4813 a
2380 4759 2541 4823 Filio,
2572 4761 2745 4814 etiam
2777 4762 3103 4830 producitur
3128 4778 3194 4817 ex
3225 4778 3334 4827 eo;
3377 4779 3445 4817 eo
3494 4763 3645 4831 quod

2068 4850 2191 4920 ejus
2206 4852 2397 4907 audire
2431 4852 2578 4906 idem
2593 4863 2679 4907 est
2700 4853 2845 4922 quod
2873 4854 3195 4923 procedere,
3218 4869 3277 4909 ut
3305 4856 3513 4909 dictum
3535 4864 3646 4912 est.

2145 4945 2278 4999 item
2309 4960 2429 5000 esse
2452 4945 2671 5000 Patrem
2699 4958 2799 5003 aut
2821 4961 3089 5016 generare
3132 4960 3240 5001 non
3297 4949 3544 5001 continet
3582 4948 3643 5003 in

2071 5052 2131 5093 se
2158 5037 2429 5091 rationem
2460 5037 2729 5106 spirandi,
2765 5046 2913 5092 esset
2944 5037 3151 5091 etenim
3177 5036 3418 5106 Spiritus
3444 5036 3641 5103 Filius,

2070 5129 2166 5185 sed
2210 5126 2382 5185 Filius
2409 5130 2596 5185 omnia
2622 5129 2953 5198 simpliciter
2989 5128 3177 5192 habet,
3208 5143 3331 5197 qua:
3360 5137 3418 5183 et
3453 5129 3641 5193 Pater,

2069 5234 2432 5293 praeterquam
2498 5221 2643 5291 quod
2694 5229 2938 5290 generet,
2986 5220 3071 5275 vel
3123 5220 3197 5274 sit
3255 5220 3438 5275 Pater.
3501 5221 3644 5275 Dicit

2069 5317 2482 5372 eaimsauctus
2537 5313 2779 5385 Cyrillus
2825 5313 2881 5367 in
2926 5312 3171 5368 seeuudo
3217 5312 3287 5366 ad
3318 5313 3638 5370 Hermiam:

2069 5404 2720 5460 Coaeternumeredimus
2750 5402 2790 5457 F
2796 5404 2949 5458 ilium
2990 5401 3159 5463 Patri.
3188 5414 3246 5457 et
3277 5403 3463 5457 omnia
3494 5417 3643 5472 qua-

2070 5512 2288 5567 cunque
2316 5494 2512 5566 :equali
2570 5510 2828 5550 mensura
2869 5495 3193 5558 habentem.
3228 5503 3429 5564 printer
3460 5496 3639 5563 ipsum

2069 5603 2331 5660 generare
2362 5588 2504 5642 :hoc
2530 5600 2765 5655 namque
2806 5586 2904 5641 soli
2937 5587 3049 5640 Deo
3098 5595 3155 5641 et
3187 5585 3333 5641 Patri
3360 5585 3645 5639 tribuitur.

2071 5679 2217 5735 idem
2260 5679 2313 5733 in
2349 5684 2608 5735 serm‘one
2641 5678 2709 5733 de
2740 5675 3045 5732 Trinitate:
3100 5676 3157 5731 lu
3189 5674 3327 5730 Filio
3359 5672 3646 5743 unigenito

2069 5787 2168 5843 per
2195 5771 2376 5828 omnia
2409 5770 2574 5826 simili
2610 5780 2665 5827 et
2690 5768 2888 5840 κίμωιὶ
2948 5768 3118 5834 Patri,
3169 5776 3371 5840 praeter
3402 5764 3646 5837 paterni-
