3990 6212
256 385 350 454 137

1160 386 1259 448 DE
1298 382 1828 448 PROCESSIONE
1869 383 2228 448 SPIRITUS
2267 381 2557 447 SANC’I‘I.
3375 363 3480 429 438

257 513 431 562 tatem.
469 501 641 558 liabet
669 499 835 571 igitur
857 499 1100 570 spirandi
1140 502 1434 569 potentiam
1465 497 1658 562 Filius,
1675 511 1801 552 cum

1927 515 2048 570 'itus
2064 516 2406 580 Filii,omnes
2423 507 2916 568 demonstrationes
2929 497 3245 558 Latinorum
3265 496 3484 566 potissi-

257 597 349 649 hoc
385 602 579 663 pneter
611 594 876 647 rationem
914 591 1260 661 paternitatis
1313 591 1384 646 sit
1406 629 1424 655 ,
1455 589 1640 645 omnia
1673 604 1804 644 vero

1909 624 2078 674 mum,
2097 618 2153 663 et
2167 608 2374 678 absque
2386 607 2567 676 aliqua
2581 599 3017 659 contradictione
3030 599 3314 649 remanent
3330 609 3341 642 :
3358 587 3480 657 qui-
3499 659 3516 668 δ

256 683 420 737 Patris
451 691 648 752 praeter
681 681 1093 751 pateruitatem,
1141 681 1226 735 vel
1267 690 1466 748 praeter
1499 681 1607 733 vim
1643 691 1810 746 gcue-
1909 700 2013 754 bus
2029 701 2329 770 “ecquod
2349 696 2816 768 Spiritusdicemr
2833 688 3072 759 Spirims
3088 681 3477 770 Fumea-mu

256 775 419 836 randi,
450 775 566 842 ipse
595 787 813 842 quoque
843 771 1028 836 habet,
1073 779 1134 825 ut
1160 772 1362 842 Cyrillo
1397 771 1594 841 placet.

320 865 446 920 item
487 863 723 933 Spiritus
751 873 976 918 sanctus
1021 862 1226 918 dicitur
1266 863 1474 917 donum
1518 871 1578 916 ut
1609 860 1806 925 Patris,

257 959 326 1014 ita
357 968 412 1014 et
439 956 561 1010 Filii
587 973 602 1012 :
633 951 762 1027 ergo
787 963 843 1010 et
886 970 952 1009 ex
983 963 1243 1022 utroque.
1291 954 1640 1009 Antceedeus
1694 968 1810 1007 om-

172 1116 195 1125 _
255 1049 409 1104 nibus
467 1045 789 1116 doctoribus
844 1045 1045 1116 placet,
1100 1059 1450 1113 consequens
1505 1043 1809 1111 probatur:

264 1139 464 1196 donum
489 1137 694 1194 etenim
723 1147 808 1193 est
839 1137 1040 1201 dantis,
1069 1137 1275 1207 aliquid
1304 1151 1435 1192 vero
1456 1137 1686 1206 alicujus
1703 1143 1812 1202 est,

255 1237 347 1284 aut
389 1227 692 1285 secundum
732 1227 1098 1292 identitatem,
1147 1236 1241 1284 aut
1266 1234 1326 1279 ut
1365 1227 1638 1301 possessio
1685 1227 1810 1295 ejus

257 1319 340 1373 vel
367 1331 582 1382 servus,
611 1325 708 1371 aut
739 1316 1044 1370 secundum
1073 1316 1365 1386 originem,
1393 1325 1447 1370 et
1478 1330 1603 1371 cum
1633 1318 1817 1374 nullus

255 1410 538 1463 modorum
558 1407 802 1472 priorum
821 1405 1128 1470 conveniat,
1153 1421 1276 1462 cum
1296 1406 1532 1462 dicimus
1553 1405 1814 1474 Spiritum

252 1506 494 1555 sanctum
508 1499 710 1553 donum
723 1512 844 1552 esse
864 1493 1007 1562 Filii,
1026 1506 1190 1552 restat
1204 1506 1262 1552 ut
1278 1495 1579 1553 secundum
1598 1499 1817 1554 tertium

253 1590 474 1650 modum
497 1591 740 1660 originis,
794 1589 1050 1644 videlicet
1069 1589 1283 1645 dicatur
1334 1589 1572 1658 Spiritus
1599 1599 1820 1646 sanctus

252 1679 371 1736 Filii
389 1680 788 1750 donum:ergo
821 1679 993 1736 Filius
1039 1687 1124 1735 est
1164 1679 1284 1749 ejus
1331 1680 1482 1750 origo
1530 1689 1587 1736 et
1635 1695 1818 1737 causa.

319 1771 451 1826 Item
473 1770 769 1840 Gregorius
794 1769 1073 1842 Nyssenus
1102 1772 1158 1827 in
1189 1771 1414 1826 humilia
1454 1787 1620 1841 super
1654 1771 1817 1828 Pater

253 1870 446 1928 noster,
479 1877 598 1931 quae
619 1863 833 1931 incipit,
885 1862 1110 1928 Quando
1140 1863 1342 1934 Moyses
1364 1864 1613 1934 populum
1638 1863 1814 1920 Israe-

255 1955 457 2008 iiticuat
528 1953 599 2008 ad
661 1963 889 2007 montem
948 1955 1180 2010 discendi
1252 1971 1413 2012 causa
1485 1955 1816 2022 adducebat;

252 2044 656 2100 distinctionem
691 2043 891 2100 divina:
945 2042 1237 2100 Trinitatis
1284 2045 1545 2110 tradens,
1598 2046 1815 2100 Patrem

252 2134 475 2204 quidem
519 2133 716 2188 aFiiio
775 2142 832 2188 et
889 2133 1096 2204 Spiritu
1141 2143 1330 2190 sancto
1382 2135 1692 2205 distinguit,
1747 2151 1818 2192 eo

256 2221 397 2291 quod
452 2221 570 2291 ipse
616 2221 842 2292 quidem
897 2223 1104 2292 absque
1157 2238 1320 2278 causa
1351 2233 1457 2288 est,
1493 2224 1584 2279 illa
1614 2239 1746 2279 vero
1784 2239 1815 2280 a

253 2327 456 2368 causa:
489 2313 688 2386 Filium
731 2328 862 2368 vero
917 2324 974 2370 et
1009 2313 1278 2384 Spiritum
1307 2322 1579 2378 sanctum,
1616 2316 1817 2384 quibus

251 2415 539 2457 commune
562 2411 646 2457 est
683 2405 832 2472 quod
874 2418 904 2458 a
945 2419 1110 2460 causa
1145 2403 1278 2471 sint,
1315 2404 1609 2475 distinguit
1643 2405 1712 2459 ab
1735 2406 1818 2458 in-
1847 2437 1849 2439 ι

251 2495 453 2560 vicem,
476 2510 542 2549 eo
577 2495 720 2562 quod
744 2496 834 2549 ille
865 2495 1089 2565 quidem
1119 2511 1185 2550 ex
1219 2497 1377 2552 Patre
1415 2505 1525 2560 est,
1564 2496 1655 2552 hic
1685 2512 1818 2553 vero

209 2595 215 2600 ·
249 2599 319 2638 ει
341 2584 497 2639 Patre
533 2594 588 2639 et
617 2584 755 2639 Filio
785 2603 800 2640 :
848 2588 924 2640 ita
950 2587 1100 2640 enim
1141 2586 1194 2640 in
1225 2587 1635 2656 antiquioribus
1666 2588 1820 2643 codi-

252 2675 418 2729 cibus
443 2676 726 2730 scribitur.
775 2675 954 2742 Quare
989 2677 1273 2732 manifeste
1319 2679 1484 2732 etiam
1515 2679 1816 2736 secundum

251 2764 422 2818 istum
448 2763 726 2818 doctorem
761 2764 998 2834 Spiritus
1024 2774 1107 2820 est
1155 2780 1222 2819 ex
1250 2766 1404 2820 Filio.
1443 2767 1595 2832 Quod
1639 2766 1684 2821 si
1723 2767 1817 2837 qui

250 2853 560 2911 secundum
612 2855 990 2911 moderniores
1039 2855 1209 2911 libros
1254 2856 1517 2926 Spiritum
1573 2857 1702 2913 Filii
1741 2858 1821 2917 di-

251 2954 382 2997 cant
427 2958 550 3000 esse
611 2947 876 3014 scriptun:
923 2962 1032 3000 non
1065 2961 1133 3000 ex
1169 2945 1329 3014 Filio,
1390 2962 1490 3002 nec
1521 2947 1625 3002 hoc
1656 2948 1819 3003 modo

251 3045 438 3090 tamen
465 3036 671 3105 aliquid
706 3037 828 3105 plus
885 3037 1189 3094 habebunt.
1235 3038 1383 3094 Idem
1419 3039 1566 3095 enim
1597 3041 1817 3095 conclu-

1883 784 2044 843 ’Filio
2058 803 2183 843 eum
2200 767 2508 858 procedere
2535 785 2788 854 probant.
2816 778 2922 833 Per
2947 777 3086 830 hanc
3110 771 3258 826 enim
3288 767 3478 821 falsam

1915 879 2314 947 expositionem
2355 875 2523 946 aliqui
2545 875 2916 930 eas‘cvertere
2955 874 3229 920 conantur
3259 868 3480 947 propter

1912 945 2564 1031 consubstantialitatem.
2605 969 2858 1032 putantes
2899 956 3004 1010 dici
3035 953 3296 1020 Spiritum
3330 945 3478 1000 Filii.

1913 1055 2066 1110 Hanc
2120 1056 2447 1110 sententiam
2510 1049 2807 1121 Gregorius
2854 1047 3132 1116 Nyssenus
3170 1048 3230 1092 ut
3285 1037 3476 1090 falsam
3571 1069 3578 1071 -

1913 1146 2203 1202 manifeste
2234 1145 2517 1216 reprobat,
2552 1141 2828 1211 accipiens
2849 1136 2980 1192 illud
3001 1145 3257 1200 tanquam
3286 1126 3482 1216 distin-

1913 1239 2144 1296 ctivum.
2186 1215 2458 1296 Sedicum
2505 1234 2572 1288 ad
2621 1228 3016 1287 ostendendam
3044 1221 3268 1293 quidem
3319 1215 3480 1286 hujus

1914 1327 2288 1383 conclusionis
2318 1326 2610 1380 veritatem
2636 1364 2651 1388 ,
2699 1321 3076 1391 Spiritumque
3126 1318 3373 1370 sanctum
3414 1322 3481 1361 ex
3551 1323 3559 1330 ·

1917 1417 2078 1478 Patre
2109 1425 2163 1471 et
2190 1416 2329 1493 Fili/0
2370 1415 2668 1485 procedere
2712 1409 3082 1483 probandum,
3117 1402 3288 1458 multa
3318 1414 3482 1493 argu-

1918 1518 2123 1570 menta,
2175 1489 2356 1562 multa:
2398 1507 2772 1568 auctoritates,
2821 1502 3006 1556 multae
3061 1497 3300 1552 rationes
3351 1489 3483 1553 sint,

1919 1602 2053 1654 satis
2086 1606 2268 1653 tamen
2298 1611 2365 1651 ex
2392 1593 2669 1666 praedictis
2696 1593 2797 1647 tibi
2831 1599 2962 1662 puto
2985 1589 3202 1644 fecisse.

1922 1707 2219 1763 Solutiones
2253 1707 2750 1767 inconvenientinm,
2776 1719 2894 1772 qua:
2927 1718 2958 1754 a
2989 1701 3182 1772 Grecis
3210 1711 3485 1766 opponun-

2097 1786 2182 1832 tur
2209 1777 2414 1831 Latinis
2446 1786 2494 1830 et
2525 1777 2723 1830 sceleris
2759 1770 2892 1827 recte
2919 1770 3279 1825 sentientibus.

1987 1866 2124 1923 Cum
2171 1883 2302 1922 vero
2351 1865 2598 1936 quadam
2659 1859 3104 1919 inconvenientia
3158 1857 3339 1918 nobis,
3392 1853 3488 1922 qui

1918 1962 2205 2015 veritatem
2233 1958 2582 2024 confitemur,
2603 1957 2671 2010 ab
2701 1956 2812 2010 illis
2841 1953 3178 2012 inferuntur,
3237 1947 3354 2015 qui,
3389 1959 3492 1999 nec

1917 2050 2050 2120 quid
2100 2051 2305 2112 dicant,
2341 2049 2548 2113 sciunt,
2600 2061 2706 2102 nec
2736 2045 2803 2100 de
2848 2043 3050 2114 quibus
3081 2045 3355 2097 asserunt,
3399 2033 3491 2087 illa

1917 2141 2162 2211 quidem,
2212 2154 2334 2209 qua:
2383 2147 2576 2193 contra
2611 2144 2935 2206 argumenta
2973 2129 3261 2203 probantia
3294 2124 3493 2180 verita-

1920 2239 2027 2286 tem
2060 2238 2442 2299 opponuntur,
2492 2230 2547 2283 in
2585 2227 2836 2296 ipsismet
2879 2223 3220 2293 argumentis
3254 2219 3494 2296 breviter

1918 2320 2202 2384 solvimus,
2234 2329 2295 2374 ut
2317 2319 2524 2374 vidisti.
2560 2316 2766 2372 Eorum
2792 2330 2944 2377 vero,
2977 2327 3100 2382 qua:
3127 2316 3319 2365 contra
3343 2307 3490 2376 ipsa-

1919 2421 2033 2468 met
2071 2411 2484 2467 conclusionem
2536 2407 2885 2467 inferuntur,
2915 2404 3122 2471 eligens
3165 2399 3401 2469 potiora,
3437 2403 3493 2450 et

1919 2519 2041 2573 quae
2095 2501 2270 2571 magis
2318 2499 2640 2555 verisimilia
2686 2496 2984 2559 videntur,
3035 2492 3336 2548 solutiones
3390 2503 3494 2557 pro

1910 2609 2102 2664 posse,
2149 2592 2339 2662 paucis
2375 2599 2432 2646 et
2469 2588 2812 2648 sufﬁcienter
2856 2585 2945 2640 hic
2985 2585 3220 2640 inseram
3254 2598 3268 2647 ;
3302 2591 3363 2634 ut
3393 2578 3488 2632 tibi

1919 2684 2094 2740 oratio
2145 2683 2274 2746 ista,
2316 2697 2481 2752 quam
2526 2679 2644 2734 ﬁeri
2685 2685 2886 2748 potest,
2919 2675 3188 2744 completa
3215 2671 3307 2734 sit,
3339 2678 3394 2724 et
3425 2668 3492 2722 ad

1919 2777 2102 2829 omnia
2163 2773 2464 2828 suﬂieiens.
2511 2771 2835 2837 Quanquam
2886 2767 3002 2820 haec
3052 2761 3494 2818 inconvenientia

1919 2882 2028 2920 non
2059 2873 2249 2922 contra
2296 2879 2400 2920 nos
2433 2862 2769 2924 inferuntur,
2815 2872 2916 2912 nec
2958 2871 3056 2910 nos
3088 2867 3343 2909 tenemur
3375 2850 3495 2904 red-

1920 2958 2051 3014 dere
2103 2955 2371 3010 ratiouem
2401 2971 2418 3008 :
2447 2953 2543 3007 sed
2592 2960 2785 3006 contra
2826 2956 3053 3004 sanctos
3093 2947 3369 3004 doctores.
3400 2941 3494 3011 qui

1921 3051 2079 3107 nobis
2104 3050 2274 3120 hujus
2303 3047 2582 3118 dogmatis
2643 3046 2918 3115 hujusque
2953 3040 3323 3099 conclusionis
3349 3041 3497 3109 prin-

249 3127 418 3181 detur
449 3128 614 3182 etiam
645 3143 708 3182 et
741 3129 868 3183 hoe.
896 3130 1051 3184 Patet
1071 3146 1308 3200 namque
1353 3133 1498 3202 quod
1531 3148 1655 3188 eum
1679 3133 1817 3190 Filio

1927 3144 2070 3210 cipes
2113 3151 2171 3198 et
2217 3151 2474 3194 auctores
2533 3137 2799 3202 fuerunt;
2841 3143 2898 3190 et
2940 3149 3050 3189 non
3099 3133 3279 3189 solum
3306 3138 3496 3186 contra

248 3229 311 3274 et
365 3219 599 3287 Spiritui
635 3229 826 3274 sancto
876 3235 1167 3276 commune
1212 3223 1285 3278 sit
1339 3224 1666 3294 principiata
1698 3241 1822 3281 esse

254 3312 522 3376 (diximus
553 3312 762 3382 plurics
791 3312 1066 3382 quomodo
1101 3314 1329 3384 capiunt
1351 3318 1524 3369 sancti
1557 3319 1822 3372 doctores

249 3405 760 3466 Graecicausatum,
792 3414 846 3458 et
887 3405 1270 3474 principiatum
1325 3406 1380 3459 in
1440 3407 1644 3461 divitiis
1675 3408 1826 3463 vide-

254 3495 390 3549 licet
419 3509 519 3564 pro
547 3510 636 3558 eo,
665 3494 814 3564 quod
853 3504 936 3549 est
959 3511 988 3548 a
1020 3496 1292 3564 principio
1323 3495 1440 3550 sive
1467 3505 1650 3551 creata
1676 3500 1822 3558 esse)

253 3585 459 3655 qumrit
509 3585 784 3654 quomodo
821 3586 1290 3655 distinguerentur
1347 3586 1416 3639 ab
1466 3585 1725 3652 invicem,
1769 3597 1827 3642 et

252 3679 482 3744 asserit,
532 3677 676 3747 quod
708 3692 1020 3746 quanquam
1067 3693 1358 3731 commune
1411 3679 1650 3733 habeant
1699 3679 1825 3747 hoc,

245 3771 406 3840 quod
439 3771 602 3823 ambo
649 3771 759 3824 sint
811 3779 1032 3823 causata
1084 3771 1196 3823 sive
1253 3771 1602 3839 principiata,
1644 3782 1826 3825 tamen

249 3860 436 3918 Filius
465 3875 532 3913 ex
565 3859 725 3912 Patre
755 3857 980 3924 dicitur,
1014 3866 1072 3912 et
1108 3856 1254 3911 ultra
1285 3874 1391 3912 non
1425 3860 1678 3928 procedit
1709 3861 1830 3928 ejus

245 3955 590 4024 proprietas,
624 3952 862 4020 Spiritus
879 3967 1012 4006 vero
1041 3959 1099 4006 et
1126 3966 1194 4006 ex
1221 3951 1380 4006 Patre
1405 3952 1607 4007 dicitur
1635 3962 1828 4008 et-una

244 4063 388 4102 cum
413 4049 520 4100 hoc
546 4046 709 4101 etiam
728 4045 850 4101 Filii
877 4059 1000 4101 esse
1034 4053 1308 4101 testantur
1321 4045 1638 4115 Scriptum.
1655 4045 1832 4112 Quare

245 4140 508 4210 Spiritus
538 4140 741 4195 Christi
773 4155 992 4210 quoque
1039 4138 1287 4210 Spiritus
1335 4147 1442 4203 est,
1482 4140 1654 4194 Filius
1700 4154 1830 4195 vero

245 4247 362 4289 nec
425 4241 512 4288 est
560 4232 821 4300 Spiritus,
875 4246 979 4286 nec
1015 4230 1241 4286 dicitur.
1276 4229 1344 4283 Et
1394 4230 1498 4285 hoc
1533 4238 1690 4298 putat
1740 4231 1833 4286 hic

241 4333 490 4381 sanctus
527 4327 720 4378 doctor
743 4323 878 4378 satis
905 4337 1027 4378 esse
1073 4322 1144 4378 ad
1166 4321 1641 4390 distinguendum,
1681 4322 1829 4392 quod

242 4415 508 4485 Spiritus
560 4416 779 4471 dicatur
823 4414 1062 4482 Spiritus
1110 4413 1257 4479 Filii,
1315 4412 1490 4467 Filius
1549 4427 1684 4468 vero
1719 4428 1832 4468 non

1927 3230 2318 3295 occidentales,
2342 3231 2437 3299 qui
2466 3228 2811 3299 apertissime
2835 3227 3037 3282 docent
3056 3223 3494 3284 conclusionem,

1924 3322 2022 3376 sed
2068 3335 2177 3374 non
2211 3307 2394 3374 minus
2424 3327 2616 3372 contra
2663 3315 2985 3370 orientales.
3024 3314 3105 3368 Ab
3143 3311 3280 3381 ipsis
3326 3310 3493 3380 igitur

1925 3413 2090 3468 etiam
2119 3411 2426 3467 solutiones
2446 3409 2756 3478 qumreudze
2781 3415 2932 3468 sunt,
2959 3420 3068 3458 non
3093 3419 3122 3458 a
3149 3401 3329 3466 nobis,
3353 3398 3497 3470 quod

1925 3513 1982 3559 et
2026 3503 2298 3568 fecerunt,
2349 3499 2559 3570 Spiritu
2588 3507 2777 3554 saneto
2811 3495 3146 3567 praevidente
3189 3505 3381 3546 omnes
3417 3489 3498 3542 in-

1927 3605 2271 3650 surrecturas
2319 3594 2574 3648 haereses.
2633 3592 2886 3644 Attamen
2936 3602 3038 3642 nos
3071 3585 3237 3641 etiam
3273 3583 3340 3636 ab
3391 3581 3502 3634 illis

1930 3684 2245 3750 illuminati,
2285 3691 2343 3738 et
2369 3683 2439 3737 ab
2469 3683 2593 3738 aliis
2622 3681 2762 3736 viris
2796 3681 2996 3745 beatis,
3029 3679 3125 3748 qui
3161 3674 3498 3745 amplissima

1929 3778 1998 3832 de
2032 3779 2136 3832 hac
2169 3791 2227 3830 re
2258 3789 2427 3845 opera
2465 3789 2564 3828 sua
2597 3774 2759 3830 nobis
2791 3775 3154 3843 reliquerunt.
3184 3769 3248 3823 ad
3281 3782 3344 3822 ea
3376 3781 3504 3820 nos-

1933 3868 2194 3938 metipsos
2219 3880 2581 3937 opponemus.
2624 3865 2825 3920 Putant
2865 3864 3031 3934 igitur
3072 3863 3286 3916 Patrem
3323 3867 3375 3910 et
3414 3856 3502 3909 Fi-

1917 3961 2064 4018 lium
2110 3967 2204 4013 aut
2251 3957 2304 4012 in
2345 3971 2510 4012 unam
2545 3955 2810 4010 confundi
2857 3966 3174 4022 personam,
3207 3951 3251 4003 si
3279 3949 3401 4018 quis
3433 3961 3498 3999 ex

1934 4057 2168 4118 utroque
2228 4047 2530 4118 procedere
2571 4046 2838 4116 Spiritum
2891 4051 3138 4098 sanctum
3186 4039 3352 4103 dicat,
3406 4047 3504 4090 aut

1933 4143 2073 4201 duas
2113 4157 2312 4197 causas
2375 4140 2595 4210 duoque
2649 4137 2919 4208 principia
2965 4148 3192 4188 necesse
3236 4146 3358 4186 esse
3404 4145 3500 4198 po-

1933 4249 2106 4298 nere;
2151 4242 2450 4302 utrumque
2493 4245 2626 4285 vero
2672 4230 2868 4286 horum
2910 4224 3364 4282 absurdissimum
3397 4229 3500 4274 est.

1932 4323 2048 4384 Nos
2077 4337 2211 4378 vero
2241 4321 2310 4377 ad
2335 4321 2717 4378 confusionem
2742 4318 2964 4388 quidem
3000 4330 3357 4387 personarum
3389 4311 3505 4365 hanc

1934 4413 2197 4476 dicimus.
2254 4411 2403 4482 quod
2436 4412 2483 4468 si
2511 4410 2889 4480 operationem
2917 4406 3164 4476 spirandi
3194 4401 3504 4461 constituti-

247 4509 486 4564 dicatur
510 4505 683 4560 Filius
715 4505 982 4573 Spiritus.
1019 4505 1076 4559 Si
1113 4504 1282 4574 igitur
1307 4505 1452 4574 quod
1483 4504 1724 4574 Spiritus
1752 4506 1836 4561 di-
1866 4505 1916 4561 υ.
1940 4520 2062 4560 vam
2091 4511 2610 4574 personaepateroa:
2631 4513 2987 4570 poneremus.
3019 4508 3152 4554 tunc
3180 4507 3505 4567 sequeretur

246 4609 423 4654 catur
455 4597 700 4666 Spiritus
722 4595 868 4662 Filii,
896 4596 1188 4665 distinguit
1211 4596 1364 4650 illum
1387 4611 1418 4650 a
1450 4596 1836 4664 Filio;secun-

246 4689 396 4743 dum
433 4697 624 4741 autem
651 4697 871 4741 nostros
915 4686 992 4740 nil
1019 4685 1167 4740 aliud
1203 4687 1356 4751 illum
1385 4701 1415 4740 a
1454 4685 1594 4742 Filio
1639 4675 1836 4742 distin-

247 4780 408 4848 guit,
439 4778 544 4832 nisi
570 4777 823 4832 diversus
860 4776 1230 4846 processionis
1254 4776 1452 4836 modus
1474 4777 1651 4846 ipsum
1685 4777 1838 4832 vide-

245 4872 400 4926 licet.
450 4869 670 4937 spirari.
724 4867 877 4922 idem
925 4883 1058 4937 ergo
1105 4876 1192 4922 est
1241 4867 1508 4936 Spiritum
1549 4882 1672 4924 esse
1714 4868 1836 4922 Filii

249 4962 560 5032 Spiritum,
618 4969 784 5030 atque
834 4973 903 5020 ex
956 4959 1098 5014 Filio
1145 4958 1469 5029 procedere.
1499 4959 1674 5029 Cujus
1707 4975 1839 5031 ergo

249 5054 479 5108 dicitur
508 5051 770 5120 Spiritus,
797 5066 865 5108 ea
890 5051 1152 5110 eoetiam
1177 5051 1428 5121 procedit
1462 5067 1476 5104 :
1508 5051 1713 5106 dicitur
1739 5065 1840 5105 au-

254 5155 378 5200 tem
428 5143 558 5198 Filii
583 5143 823 5212 Spiritus
858 5152 1113 5214 tauquam
1146 5154 1202 5199 et
1234 5142 1445 5210 Patris;
1478 5142 1646 5213 igitur
1673 5141 1838 5198 etiam

249 5251 326 5290 ex
382 5236 530 5289 Filio
553 5233 1015 5304 quemadmodum
1057 5249 1122 5290 ex
1168 5235 1333 5290 Patre
1356 5234 1623 5304 procedit.
1654 5233 1723 5288 Et
1745 5248 1844 5288 no-

255 5327 506 5381 tandum
543 5325 689 5395 quod
727 5340 866 5380 vana
908 5334 997 5380 est
1027 5325 1395 5394 quorumdam
1435 5325 1712 5394 expositio
1761 5325 1845 5382 di-

254 5420 517 5471 centium
546 5425 770 5486 propter
789 5416 1424 5472 cousubstantialitatem
1440 5417 1550 5472 dici
1577 5415 1843 5487 Spiritum

259 5507 398 5560 Filii
416 5505 716 5576 Spiritum:
735 5521 860 5560 cum
885 5506 974 5560 hic
991 5515 1216 5561 sanctus
1232 5506 1423 5562 doctor
1447 5516 1712 5576 tanquam
1731 5506 1847 5563 dis-

262 5597 573 5651 tinctivum
624 5597 730 5652 hoc
771 5596 1024 5666 accipiat.
1046 5596 1178 5662 Qua:
1200 5612 1332 5653 vero
1360 5606 1584 5667 propter
1608 5599 1846 5654 consub-

262 5687 696 5742 stantialitatem
719 5686 1002 5752 dicuntur,
1025 5687 1248 5752 uniunt,
1270 5702 1380 5744 non
1401 5688 1764 5758 distinguunt.
1787 5690 1845 5744 Si

262 5776 448 5862 igitur
476 5794 586 5836 non
614 5787 836 5851 propter
850 5779 1470 5842 consubstantialitateut
1501 5782 1700 5838 dicitur
1722 5782 1840 5853 Spi-

1936 4596 2044 4651 hoc
2085 4594 2499 4657 inconveniens,
2548 4601 2606 4646 ut
2651 4591 2824 4646 Filius
2864 4597 3015 4646 esset
3047 4605 3152 4645 una
3199 4589 3502 4660 eademque

1937 4700 2167 4755 persona
2199 4698 2325 4739 cum
2348 4685 2530 4739 Patre.
2581 4682 2719 4738 Cum
2744 4697 2877 4742 vero
2900 4681 3254 4738 constitutiva
3280 4681 3500 4750 quidem

1937 4775 2237 4846 paternalis
2283 4789 2534 4845 persona:
2583 4773 2906 4844 pateraitas,
2938 4782 2995 4828 et
3028 4773 3206 4842 ipsum
3240 4785 3505 4840 generare

1936 4865 2231 4937 probatum
2274 4865 2461 4932 fuerit,
2493 4866 2705 4936 spirare
2745 4879 2877 4919 vero
2909 4863 3214 4934 proprietas
3253 4863 3500 4932 quaedam

1938 4975 2175 5030 sequens
2204 4960 2326 5030 ejus
2355 4973 2644 5030 personam
2680 4957 2791 5028 iam
2820 4957 3172 5012 constitutam
3199 4973 3214 5021 ;
3257 4970 3356 5009 cur
3389 4954 3504 5016 ille,

1938 5052 2027 5106 cui
2060 5050 2372 5106 communis
2395 5059 2481 5106 est
2507 5063 2633 5104 cum
2662 5048 2824 5103 Patre
2851 5063 2962 5103 non
2996 5047 3348 5103 constitutiva
3382 5062 3503 5114 pro-

1941 5143 2168 5216 prietas,
2203 5157 2312 5196 una
2357 5143 2660 5212 eademque
2715 5155 2950 5210 persona
2997 5155 3122 5194 eum
3172 5139 3289 5208 ipso
3329 5141 3505 5193 esset?

1941 5229 2414 5300 Quemadmodum
2434 5235 2592 5305 enim
2631 5247 2926 5288 commune
2952 5231 3173 5286 habens.
3191 5229 3359 5286 Filius
3385 5246 3504 5286 cum

1943 5327 2125 5390 Patre.
2170 5325 2324 5394 quod.
2370 5325 2608 5394 Spiritus
2637 5324 2855 5378 dicatur
2895 5321 3136 5392 Spiritus
3177 5323 3317 5394 ejus,
3352 5333 3507 5390 prout

1943 5415 2148 5483 Patris,
2204 5418 2333 5472 item
2368 5416 2514 5487 quod
2566 5415 2638 5470 ab
2671 5429 2738 5470 eo
2775 5417 3023 5472 mittatur
3070 5422 3234 5484 prout
3269 5429 3298 5468 a
3335 5415 3504 5472 Patre.

1948 5517 2128 5563 tamen
2167 5523 2276 5562 nou
2305 5518 2391 5564 est
2415 5509 2603 5562 eadem
2633 5523 2866 5579 persona
2893 5523 3017 5563 cum
3050 5506 3230 5570 Patre,
3265 5520 3331 5559 eo
3365 5515 3502 5575 quos

1948 5615 2054 5655 non
2087 5608 2174 5658 est
2209 5601 2649 5664 constitutivum,
2684 5615 2785 5655 nec
2835 5600 2981 5670 quod
3029 5599 3267 5668 Spiritus
3296 5598 3504 5652 dicatur

1951 5691 2189 5763 Spiritus
2213 5693 2410 5756 Patris,
2430 5708 2533 5748 nec
2558 5692 2703 5763 quod
2730 5707 2761 5746 a
2789 5692 2947 5747 Patre
2980 5693 3247 5747 mittatur.
3270 5693 3403 5747 Item
3431 5701 3496 5749 ει·

1951 5786 1996 5842 si
2019 5799 2310 5858 commune
2344 5785 2538 5842 habeat
2559 5801 2685 5844 cum
2715 5785 2874 5841 Patre
2903 5784 3147 5856 spirandi
3193 5785 3490 5856 potentiam
