3990 6212
529 367 637 434 439

1508 391 2014 459 BESSARIONIS
2045 400 2101 461 S.
2137 401 2210 465 Β.
2253 403 2320 464 Ε.
2347 406 2814 473 ϐΑΠΟῐΝΑΪᾸὲ

3685 423 3788 492 440

532 522 641 560 non
692 506 816 561 ideo
855 509 906 563 in
951 515 1198 571 eamdem
1233 535 1354 574 cum
1401 539 1466 578 eo
1512 527 1871 584 confunditur
1902 522 2088 596 persoo
2117 514 2168 570 Α
2199 517 2422 570 ίθηίῖθῐη
2452 535 2466 584 ἶ
2491 519 2547 572 ἐί
2575 523 2720 575 enim
2747 524 2909 578 Pater
2934 540 3042 580 "0"
3081 537 3244 595 esse"
3275 529 3443 588 Filius
3475 543 3529 590 ei
3554 534 3781 607 spiritus

532 613 674 651 nam.
737 616 859 654 cum
919 607 1128 669 spirare
1188 628 1294 665 non
1375 619 1447 671 sit
1502 625 1797 687 paternalis
1861 642 2109 693 persona:

533 693 966 749 constitutivum.
1022 701 1200 764 Quare
1269 706 1442 762 donec
1501 727 1608 765 non
1681 718 1952 781 probetur
1998 722 2110 790 spi-

536 784 687 836 randi
761 789 1058 853 potentiam
1123 801 1421 861 paterualis
1491 819 1739 870 personae
1797 784 2111 870 constituti-

534 888 654 924 vam
711 890 870 943 es-e,
931 895 1033 933 nec
1079 885 1328 940 confusio
1386 906 1740 956 personarum
1799 900 1923 954 inde
1983 918 2108 969 pro-

534 963 651 1017 hari
711 969 929 1034 poterit.
974 969 1087 1024 Sed’
1136 976 1380 1043 spirandi
1443 985 1686 1050 potentia
1753 963 2105 1049 constitu'tiva

531 1072 674 1120 esse,
716 1060 936 1126 probari
984 1079 1089 1117 non
1141 1071 1319 1134 potest
1368 1090 1382 1122 :
1434 1088 1554 1126 cum
1603 1078 1728 1145 quia
1785 1094 2108 1150 sequeretur

531 1149 673 1213 quoi
718 1149 876 1203 Pater
917 1151 1142 1208 haberet
1170 1159 1305 1213 duas
1368 1179 1629 1230 personas
1676 1180 1728 1223 et
1766 1149 1903 1227 duas
1936 1175 2108 1246 hypo-

532 1249 724 1297 H3903.
772 1257 830 1298 ut
871 1247 924 1300 in
963 1249 1233 1320 principio
1279 1258 1562 1322 prohatqu
1611 1273 1714 1325 est.
1771 1266 1874 1322 hoc
1922 1281 2103 1327 autem

531 1328 924 1391 inconveniens
951 1355 963 1390 :
989 1346 1101 1393 tum
1133 1341 1259 1410 quia
1291 1343 1406 1399 haec
1439 1350 1628 1416 petitio
1653 1354 1904 1425 principii
1934 1371 2102 1416 esset.

533 1421 740 1478 Ponere
789 1443 1024 1496 namque
1079 1435 1376 1500 potentiam
1416 1439 1662 1504 spirandi
1698 1421 2104 1505 constitutivam

529 1525 650 1568 esse
690 1531 937 1584 persona:
980 1521 1174 1584 Patris,
1231 1534 1283 1577 et
1329 1542 1393 1580 ex
1428 1528 1590 1585 Patre
1628 1535 1801 1589 solum
1839 1537 2103 1608 Spiritum

533 1609 853 1672 procedere,
886 1626 1053 1663 untnn
1083 1623 1138 1667 et
1168 1615 1308 1669 idem
1345 1627 1448 1672 est.
1482 1621 1662 1685 Quare
1687 1624 1776 1692 qui
1810 1625 1914 1681 hoc
1948 1628 2103 1696 dicit,

534 1697 668 1761 petit
719 1699 1073 1770 principium.
1112 1704 1247 1758 Cum
1298 1720 1478 1763 autem
1532 1712 1635 1791 hoc
1672 1729 1778 1767 non
1817 1718 2101 1787 probetur,

530 1801 632 1839 nec
665 1788 916 1844 cenfusio
958 1808 1313 1861 personarum
1349 1788 1618 1869 sequitur,
1659 1821 1965 1876 quanquam
1991 1813 2103 1865 sint

2213 619 2438 662 sanctus
2470 627 2568 663 nec
2596 613 2817 667 creandi
2851 617 3154 683 potentiam
3195 619 3484 689 haberent,
3533 642 3636 683 nec
3672 645 3776 684 om-

2213 695 2343 751 nino
2364 713 2570 765 essent,
2618 703 2746 756 item
2775 708 3034 773 quoniam
3062 724 3167 764 una
3205 719 3260 766 et
3310 714 3504 770 eadem
3537 734 3772 782 numero,

2216 795 2269 839 et
2315 793 2594 845 communi
2642 794 2951 864 divinitate,
3002 800 3115 856 sive
3150 801 3336 858 divina
3384 809 3618 863 essentia
3655 827 3777 880 pro-

2211 875 2354 931 deuo
2365 890 2414 933 te
2436 895 2452 934 :
2487 881 2610 934 ideo
2633 884 2826 939 merito
2852 903 2990 942 imus
3009 891 3150 944 Deus
3166 901 3221 947 et
3239 908 3378 948 unus
3398 894 3624 951 Creator
3638 875 3777 955 sunt.

2281 967 2414 1021 Item
2461 985 2717 1038 quoniam
2757 990 2861 1028 una
2921 986 2978 1031 et
3018 980 3208 1034 eadem
3258 999 3488 1039 numero
3535 990 3770 1055 polentia

2209 1064 2328 1109 erat
2359 1073 2482 1111 eum
2511 1059 2668 1113 Patre
2701 1079 2713 1124 ;
2747 1061 2916 1118 Filius
2974 1077 3027 1121 et
3061 1067 3301 1137 Spiritus
3332 1082 3552 1130 sanctus
3579 1091 3646 1130 ex
3679 1094 3776 1134 una

2209 1155 2264 1199 et
2293 1147 2492 1201 eadem
2530 1162 2760 1204 numero
2788 1160 2849 1205 et
2889 1158 3169 1211 comumni
3214 1159 3523 1230 divinitate,
3557 1165 3673 1220 sive
3704 1167 3782 1222 di~

2209 1237 2334 1290 vina
2375 1240 2614 1294 essentia
2648 1242 2956 1310 prodeunte
2989 1262 3003 1300 :
3036 1247 3160 1302 ideo
3209 1251 3403 1307 merito
3435 1270 3575 1311 unus
3619 1257 3780 1325 Deus,

2208 1335 2262 1380 et
2291 1341 2434 1381 unus
2470 1327 2698 1384 Creator
2725 1343 2876 1389 sunt.
2919 1335 3031 1392 Hoc
3063 1339 3207 1394 idem
3251 1343 3419 1412 igitur
3456 1345 3523 1400 de
3567 1363 3785 1417 proces-

2207 1416 2362 1470 sione
2392 1416 2628 1488 Spiritus
2653 1437 2720 1476 ex
2767 1425 2928 1480 Patre
2992 1438 3047 1483 et
3092 1430 3232 1486 Filio
3267 1434 3543 1492 sufﬁciens
3570 1416 3648 1492 isit
3677 1440 3787 1496 illis

2207 1508 2302 1575 qui
2344 1511 2410 1563 de
2441 1511 2544 1567 hoc
2572 1525 2841 1582 quterunt.
2876 1517 3140 1584 Quoniam
3174 1523 3377 1578 etenim
3419 1541 3550 1593 una,
3599 1537 3656 1585 et
3692 1545 3786 1585 ea-

2209 1596 2330 1651 dem
2369 1600 2611 1669 spirandi
2648 1607 2890 1672 potentia
2938 1623 3005 1663 ex
3059 1625 3165 1665 una
3211 1621 3266 1665 et
3312 1615 3506 1669 eadem
3549 1619 3785 1673 essentia

2209 1691 2515 1760 prodeunte
2573 1694 2734 1749 Pater
2778 1707 2833 1752 et
2875 1697 3046 1755 Filius
3077 1700 3342 1768 Spiritum
3391 1718 3638 1762 sanetum
3675 1710 3788 1779 spi-

2208 1789 2333 1835 rant
2364 1797 2378 1835 :
2404 1791 2459 1836 et
2479 1786 2740 1852 quoniam
2771 1803 2798 1841 a
2829 1789 2989 1844 Patre
3016 1791 3160 1846 hanc
3191 1794 3435 1862 Spirandi
3473 1800 3777 1866 potentiam

533 1878 626 1946 qui
675 1879 922 1936 credant.
958 1856 1204 1938 ⁷ΠῑυῑιιῐιιΔ
1249 1901 1334 1942 est
1373 1856 1552 1945 alitem
1606 1856 1689 1948 in‘
1725 1856 2104 1963 superioribus
2135 1856 2178 1915 Β
2214 1869 2388 1925 Filius
2439 1873 2626 1940 habet’
2681 1877 2804 1933 ideo
2853 1895 2996 1935 unus
3052 1884 3311 1952 Spimmr’
3363 1901 3469 1941 una
3511 1904 3674 1944 causa
3725 1901 3784 1948 et

535 1984 781 2037 quaenam
830 1987 1019 2026 eorum
1056 1992 1176 2044 qua:
1223 1977 1290 2032 de
1346 1981 1454 2034 Deo
1489 1984 1768 2050 dicuntur,
1799 1992 2110 2046 communia

537 2073 659 2114 Sunt
691 2081 703 2126 ;
732 2078 849 2127 qua:
881 2067 1124 2134 propria,
1150 2077 1205 2123 et
1240 2075 1589 2139 propriorum
1619 2091 1866 2146 quasnam
1898 2079 2111 2139 duabus

535 2155 783 2220 personis
827 2159 1044 2224 prOpria
1077 2177 1090 2221 ;
1130 2177 1250 2229 qua:
1287 2180 1417 2218 vero
1455 2168 1551 2220 uni
1598 2170 1720 2231 soli,
1768 2185 1956 2225 eorum
1991 2190 2112 2243 qurc

538 2239 628 2291 uni
658 2240 756 2292 solt
784 2259 795 2305 ;
821 2257 1074 2310 quamam
1100 2247 1170 2301 ita
1200 2253 1418 2320 propria
1444 2263 1590 2320 sunt,
1619 2264 1676 2308 ut
1729 2267 1781 2311 et
1804 2239 2112 2326 personiilia

535 2328 653 2383 sive
681 2332 1020 2402 hypostatica
1055 2339 1202 2405 sint;
1232 2357 1352 2410 quae
1382 2359 1510 2399 vero
1545 2345 1614 2399 ita
1651 2351 1889 2418 propria,
1925 2359 1984 2404 ut
2014 2367 2113 2405 no-

536 2421 732 2477 tiones
767 2439 873 2478 non
920 2436 977 2480 ut
1025 2428 1402 2500 hyposlatiea;
1453 2438 1612 2505 quale
1665 2440 1840 2508 ipsum
1894 2458 2110 2512 quoque

535 2514 747 2580 sliirare
795 2516 1002 2572 dictum
1058 2530 1142 2575 est
1191 2538 1332 2578 esse.
1372 2525 1542 2596 Igitur
1571 2543 1636 2582 ex
1685 2529 1752 2584 iis
1800 2547 1920 2600 qua:
1965 2548 2111 2589 nunc

539 2605 685 2659 dicta
717 2617 866 2672 snut,
909 2620 964 2664 et
1001 2625 1068 2665 ex
1101 2613 1168 2667 iis
1207 2628 1327 2684 quae
1359 2615 1410 2669 in
1459 2619 1834 2686 superioribus
1871 2635 2109 2693 prmsup-

536 2697 712 2762 posita
745 2697 985 2763 fuerunt,
1023 2700 1187 2772 hujus
1221 2703 1659 2762 inconvenientis
1690 2711 1892 2764 solutio
1931 2721 2102 2781 patet.

535 2781 648 2839 Nec
680 2785 840 2840 habet
861 2791 1129 2859 quispiam
1155 2794 1388 2862 amplius
1417 2811 1675 2853 accusare
1696 2799 1940 2866 Latinos,
1964 2806 2110 2870 quod

535 2873 911 2932 confusionem
964 2879 1315 2938 introduca‘nt
1358 2900 1735 2954 personarum.
1789 2889 1860 2944 De
1887 2891 2103 2946 duabus

534 2980 667 3020 vero
697 2970 894 3034 causis,
931 2961 1044 3026 sive
1075 2972 1287 3029 duobus
1319 2976 1620 3047 principiis.
1651 2993 1771 3048 qua:
1800 2981 1852 3036 in
1893 2983 2102 3037 theolo-

534 3057 677 3111 Bfam
707 3057 886 3114 Latini
919 3063 1270 3119 introducere
1301 3067 1517 3135 quidam
1551 3081 1858 3137 autumant,
1888 3073 2101 3143 hocque

535 3149 929 3206 inconveniens
968 3156 1137 3225 magis
1165 3171 1259 3210 eos
1292 3160 1465 3226 sequi.
1508 3175 1669 3228 quam
1703 3164 1951 3217 tnnbram
1983 3181 2107 3220 cor—
2137 3179 2178 3235 ο

535 3254 666 3308 pora
701 3249 896 3308 putant
928 3260 941 3296 :
977 3245 1105 3311 quid
1137 3245 1432 3300 dicemus?
1453 3247 1659 3318 Nempe
1687 3250 1789 3305 h'oc
1829 3252 1882 3305 in
1919 3256 2106 3322 primis

534 3331 830 3386 dicendum
854 3342 954 3398 est,
985 3337 1128 3404 quod
1161 3337 1277 3407 ipsa
1305 3341 1421 3393 sola
1449 3329 1747 3398 auctoritas
1787 3354 2098 3399 sanctorum

535 3422 767 3478 sufﬁciat
797 3426 1050 3483 ﬁdelibus
1099 3444 1324 3484 necesse
1353 3443 1436 3486 est
1464 3450 1476 3485 :
1505 3432 1596 3502 qui
1631 3442 1921 3504 utrumque
1948 3436 2102 3490 dixe-
2136 3469 2140 3476 ι

536 3523 682 3578 runt,
708 3526 761 3570 et
793 3517 940 3585 quod
965 3519 1199 3588 Spiritus
1231 3540 1257 3575 a
1295 3521 1734 3593 Patrc‘procedit
1783 3536 1838 3579 et
1866 3525 2019 3589 Filio,
2051 3539 2106 3582 et

534 3611 683 3679 quod
723 3620 980 3681 tanquam
1018 3614 1086 3667 ab
1135 3630 1244 3669 uno
1291 3618 1585 3688 principio.
1635 3620 1751 3674 Non
1800 3620 1945 3674 enim
1993 3621 2103 3675 duo

533 3701 800 3770 principia
855 3701 1088 3770 Spiritus
1137 3714 1264 3758 sunt
1339 3707 1498 3762 Pater
1549 3719 1604 3762 et
1676 3707 1864 3773 Pilius,
1924 3711 2104 3780 inquit

533 3789 893 3859 Augustinus,
928 3791 1020 3844 sed
1051 3807 1218 3845 unum
1240 3793 1360 3861 ejus
1387 3794 1547 3849 ambo
1574 3795 1902 3864 principiunt
1933 3805 2098 3861 sunt;

533 3881 994 3949 quemadmodum
1048 3895 1314 3938 creaturae
1366 3899 1473 3938 non
1522 3885 1624 3939 tria
1665 3886 1953 3955 principia,
2005 3887 2101 3941 sed

535 3985 702 4026 unum
737 3983 867 4027 sunt
897 3974 1084 4041 Pater,
1124 3985 1180 4030 et
1211 3976 1402 4041 Filius,
1437 3977 1674 4047 Spiritus
1713 3987 1956 4041 sanctus,
1987 3977 2100 4045 ipsa

536 4062 778 4119 Trinitas
808 4065 970 4120 Deus.
1005 4066 1176 4132 Quam
1223 4066 1387 4135 igitur
1417 4069 1615 4136 aliquis
1643 4068 1742 4122 hac
1772 4068 2097 4144 apertiorem

534 4164 744 4226 quaerat
790 4157 1146 4222 solutionem,
1209 4172 1370 4225 quam
1435 4157 1676 4225 Spiritus
1731 4165 1952 4212 sanctus
2001 4174 2100 4228 per

534 4250 699 4321 hujus
730 4251 1056 4306 sanctissimi
1090 4251 1263 4306 Patris
1287 4266 1348 4307 os
1399 4261 1452 4306 et
1477 4251 1718 4308 doctoris
1745 4245 2094 4307 locutus'est.

499 4341 650 4398 -Νοη
688 4343 833 4398 enim
865 4342 1033 4397 lateat
1057 4359 1155 4397 nos
1185 4344 1327 4414 quod
1359 4342 1504 4399 idem
1543 4344 1928 4400 inconveniens
1953 4345 2096 4399 mul-

536 4441 715 4485 torum
745 4431 999 4486 videlicet
1021 4433 1438 4503 principiorum,
1463 4443 1516 4488 et
1544 4432 1840 4488 multorum
1869 4433 2094 4490 deorum
2170 4470 2173 4472 -

2217 1975 2386 2014 lltlllm
2423 1965 2756 2035 principium
2789 1975 3153 2037 processionis
3186 1975 3424 2044 Spiritus
3447 1978 3604 2034 ambo
3638 1992 3786 2036 sunt.

2219 2051 2341 2107 llaec
2376 2054 2539 2117 igitur
2579 2067 2637 2109 ut
2688 2057 2895 2114 dictum
2931 2072 3016 2117 est
3064 2064 3387 2121 sufﬁcerent
3416 2083 3524 2122 non
3559 2081 3785 2124 conten-

2215 2141 2478 2198 dentibus
2533 2159 2758 2216 pmpter
2817 2151 3107 2208 doctorum
3173 2159 3586 2224 auctoritatem,
3636 2159 3784 2216 idem

2217 2241 2397 2290 tamen
2452 2238 2664 2294 ratione
2714 2256 2931 2311 quoque
2967 2246 3265 2314 probatur;
3316 2263 3440 2302 cum
3482 2253 3630 2304 enim
3676 2252 3790 2307 duo

2215 2325 2346 2391 sint,
2369 2327 2434 2381 ad
2463 2342 2583 2397 quae
2604 2344 2762 2385 omne
2786 2334 3115 2401 productum
3150 2336 3408 2402 refertur,
3436 2340 3605 2394 forma
3634 2342 3788 2398 vide-

2212 2417 2361 2483 licet,
2410 2423 2710 2475 secundum
2746 2439 2909 2492 quam
2944 2429 3288 2495 producitur,
3349 2440 3403 2484 et
3445 2434 3788 2502 suppositum

2213 2517 2308 2561 aut
2342 2523 2592 2576 persona,
2627 2527 2694 2566 ex
2727 2529 2853 2582 qua,
2926 2517 2971 2570 si
3011 2517 3174 2573 Pater
3211 2530 3264 2574 et
3305 2520 3492 2584 Filius,
3529 2525 3791 2592 quemad-

2214 2597 2443 2654 modum
2497 2605 2604 2656 duo
2651 2617 2780 2659 sunt
2827 2608 3130 2662 secundum
3192 2625 3478 2679 personas,
3522 2614 3574 2667 si
3617 2615 3690 2668 ita
3735 2607 3793 2670 εί

2214 2689 2409 2758 forma,
2460 2696 2759 2748 Secundum
2815 2713 2975 2767 quam
3029 2701 3373 2770 producunt,
3425 2703 3533 2758 duo
3581 2715 3791 2771 essent,

2215 2787 2347 2834 tunc
2379 2785 2693 2839 neCessario
2725 2785 2833 2840 duo
2862 2797 3044 2843 essent
3075 2791 3339 2860 principia
3368 2792 3629 2862 Spiritus,
3663 2811 3792 2850 cum

2213 2887 2344 2926 vero
2391 2875 2504 2928 etsi
2537 2877 2786 2944 personis
2817 2879 2970 2935 duos
3011 2896 3134 2937 esse
3172 2873 3462 2949 fateamur,
3497 2885 3673 2939 forma
3719 2895 3798 2940 ta-

2215 2981 2364 3031 men,
2400 2982 2504 3035 qua
2525 2971 2842 3038 producunt
2867 2989 3033 3027 unum
3058 2991 3290 3029 numero
3319 2977 3450 3042 sint,
3480 2987 3536 3031 et
3563 2980 3796 3033 omnino

2213 3055 2514 3110 indistincti
2561 3058 2664 3129 (est
2707 3063 2852 3115 enim
2899 3065 3012 3132 ipsa
3051 3063 3234 3119 divina
3266 3067 3501 3121 essentia
3550 3084 3658 3122 una
3736 3078 3798 3125 et

2212 3147 2404 3202 eadem
2460 3165 2690 3206 numero
2749 3156 3059 3208 communis
3117 3157 3420 3222 ambobus,
3481 3160 3795 3214 secundum

2214 3255 2376 3310 quam
2404 3242 2563 3297 ambo
2597 3243 2855 3313 Spiritum
2887 3247 3242 3315 producunt),
3287 3265 3393 3303 non
3426 3261 3504 3304 est
3544 3265 3794 3307 necesse:

2218 3331 2326 3385 imo
2391 3334 2733 3403 impossibile
2777 3346 2879 3402 est,
2931 3337 3040 3394 duo
3097 3341 3367 3410 principia
3426 3341 3635 3396 dicere.
3693 3344 3801 3398 Est

2213 3424 2418 3477 etenim
2454 3440 2558 3478 una
2591 3441 2822 3480 numero
2849 3429 3155 3484 essentialis
3185 3431 3360 3484 activa
3392 3433 3641 3500 spiratio,
3668 3449 3796 3502 qua

2213 3529 2337 3568 cum
2375 3517 2454 3572 eis
2490 3519 2711 3586 prepria
2752 3520 2843 3583 sit,
2879 3536 2984 3573 non
3029 3531 3214 3590 potest
3257 3532 3433 3577 tamen
3475 3538 3596 3578 esse
3641 3540 3794 3578 com-

2211 3607 2395 3661 munis
2442 3607 2670 3676 Spiritui
2721 3623 2932 3676 sancto,
2967 3627 3032 3666 eo
3064 3614 3208 3682 quod
3245 3622 3304 3667 ut
3340 3616 3540 3684 saepius
3581 3615 3792 3671 dictum

2209 3707 2293 3752 est
2329 3700 2624 3769 opponitur
2668 3703 2787 3771 ejus
2818 3705 3162 3771 proprietati.
3194 3704 3386 3760 Omnia
3425 3709 3570 3761 enim
3603 3724 3796 3763 essen-

2215 3792 2361 3846 tialia
2389 3792 2703 3847 communia
2730 3783 2868 3848 Filio
2901 3804 2956 3850 et
3013 3797 3240 3866 Spiritui
3269 3808 3457 3853 sancto
3481 3815 3604 3854 cum
3630 3802 3796 3858 Patre

2208 3894 2359 3951 sunt,
2405 3884 2570 3939 salvis
2619 3894 2798 3940 tamen
2847 3902 3040 3942 eorum
3091 3891 3544 3959 prop:ietatibus.
3593 3891 3796 3955 Omnia

2207 3975 2352 4029 enim
2399 3985 2486 4030 est
2534 3975 2706 4030 Filius
2741 3992 3079 4047 quaecunque
3120 3989 3176 4033 et
3225 3979 3421 4044 Pater,
3471 3979 3706 4035 Basilius
3733 3991 3802 4036 et

2207 4066 2388 4121 caeteri
2406 4066 2658 4123 doctores
2678 4068 2851 4133 aiunt,
2876 4084 3106 4124 manens
3133 4071 3277 4124 in‘eo
3303 4071 3447 4140 quod
3480 4081 3564 4125 est
3591 4071 3795 4139 Filius,

2208 4156 2469 4212 videlicet
2528 4159 2580 4212 in
2638 4159 2757 4228 ejus
2808 4161 3165 4230 proprietate.
3217 4163 3537 4232 Quanquam
3581 4165 3795 4218 etenim

2207 4247 2432 4317 aqualis
2488 4257 2541 4302 et
2585 4248 2779 4302 similis
2821 4249 2896 4303 sit
2944 4250 3116 4313 Patri,
3177 4265 3445 4319 generare
3495 4263 3680 4305 tamen
3730 4266 3796 4308 se

2207 4338 2386 4408 ipsum
2437 4353 2545 4392 non
2586 4348 2787 4408 potest,
2825 4355 2947 4393 cum
2989 4341 3059 4394 sit
3090 4341 3208 4410 ejus
3242 4341 3558 4411 proprietati
3611 4357 3798 4411 Oppu-

2210 4445 2401 4500 gnans.
2447 4430 2651 4485 Eodem
2703 4432 2862 4485 modo
2899 4431 3139 4500 Spiritus
3168 4448 3404 4501 quoque,
3449 4435 3551 4487 etsi
3602 4434 3793 4486 omnia

534 4520 588 4575 in
621 4522 982 4591 productione
1013 4523 1177 4577 etiam
1211 4537 1474 4578 creaturae
1505 4535 1849 4593 sequeretur.
1887 4525 1944 4579 Si
1975 4527 2100 4594 quis
2129 4519 2174 4577 Ι)
2202 4522 2509 4576 communia
2538 4521 2848 4574 habetcum
2879 4520 3038 4575 Patre
3074 4529 3130 4575 et
3175 4519 3336 4586 Filio,
3365 4533 3547 4576 servet
3600 4532 3788 4578 tamen

534 4628 642 4666 non
691 4613 780 4682 pie
819 4615 1212 4680 consideraret,
1252 4616 1398 4686 quod
1444 4631 1471 4669 a
1519 4616 1622 4670 fide
1657 4617 1976 4672 Christiana
2022 4629 2109 4674 est

532 4703 791 4768 alienum,
841 4713 898 4760 et
947 4708 1278 4760 conveniens
1328 4707 1645 4776 gentilibus.
1686 4708 1799 4762 Hoc
1845 4709 1988 4762 enim
2024 4717 2109 4763 est

533 4791 600 4847 de
629 4808 736 4862 quo
767 4794 998 4848 maxime
1028 4810 1128 4849 nos
1156 4796 1388 4865 gentiles
1413 4812 1757 4861 accusamus,
1785 4797 1932 4867 quod
1962 4798 2104 4851 mul-

534 4893 616 4938 tos
648 4884 902 4938 videlicet
934 4879 1356 4939 introducebant
1405 4886 1558 4950 deos,
1609 4887 1920 4957 multosque
1947 4902 2104 4942 crea-

531 4985 698 5029 tores.
730 4975 865 5030 Cum
899 4975 1063 5045 igitur
1113 4991 1214 5030 nos
1238 4977 1402 5030 etiam
1437 4986 1550 5033 tres
1593 4977 1807 5032 divinas
1851 4994 2108 5048 personas

531 5079 798 5124 creaturae
857 5084 1076 5124 causam
1136 5078 1192 5124 et
1236 5069 1567 5139 principium
1626 5071 1947 5134 credamus,
2009 5087 2110 5126 nos

529 5160 692 5214 etiam
724 5160 829 5216 hoc
859 5161 1252 5216 inconveniens
1283 5170 1631 5230 sequeretur,
1668 5169 1724 5215 et
1755 5160 1924 5215 multa
1959 5159 2110 5214 vide-

533 5267 719 5304 remur
752 5267 955 5320 ponere
995 5251 1286 5320 principia,
1323 5253 1630 5320 multasque
1665 5250 2011 5314 divinitates,
2060 5255 2105 5309 si

530 5342 655 5410 quis
685 5352 797 5394 non
822 5351 968 5396 recte
997 5341 1281 5410 intelligat.
1317 5341 1422 5395 Sed
1453 5341 1580 5395 audi
1615 5341 1894 5410 quomodo
1933 5341 2105 5395 sancti

495 5485 498 5487 Α
530 5432 788 5484 doctores
820 5430 1226 5498 sapientissime
1267 5430 1371 5485 hoc
1400 5433 1641 5485 solvunt.
1674 5430 1808 5484 Nam
1850 5441 1905 5484 et
1934 5431 1980 5484 si
2011 5429 2109 5483 Pa-

534 5530 693 5584 trem,
742 5528 796 5574 et
850 5517 1069 5582 Filium,
1121 5529 1176 5572 et
1231 5519 1496 5585 Spiritum
1543 5529 1792 5573 sanctum
1841 5527 2107 5572 creatura:

529 5625 748 5663 causam
775 5624 894 5663 esse
920 5610 1248 5666 credamus:
1279 5611 1542 5680 quoniam
1577 5619 1756 5663 tamen
1794 5607 1860 5662 ad
1893 5607 2106 5662 Patrem

533 5699 718 5751 omnia
761 5701 1099 5761 referuntur,
1130 5711 1184 5756 et
1216 5703 1343 5770 quia
1383 5701 1452 5754 ab
1484 5718 1552 5756 eo
1592 5701 1798 5755 habent
1841 5709 1896 5755 et
1936 5697 2107 5753 Filius

537 5795 597 5842 et
644 5789 880 5858 Spiritus
914 5802 1136 5850 sanctus
1196 5802 1250 5848 et
1287 5795 1467 5863 ipsum
1496 5809 1635 5862 esse,
1669 5803 1722 5850 et
1752 5793 1974 5852 creandi
2008 5810 2103 5865 ι)οο

2210 4617 2363 4668 suam
2414 4613 2802 4682 proprietatem
2850 4627 3080 4667 necesse
3124 4622 3210 4668 est
3255 4614 3424 4682 :quia
3473 4615 3686 4682 spirare
3727 4629 3792 4669 se

2209 4703 2385 4774 ipsum
2417 4719 2524 4757 non
2553 4713 2750 4772 potest,
2785 4717 2908 4758 cum
2942 4705 3044 4758 hoc
3077 4714 3354 4773 oppugnet
3377 4705 3496 4772 ejus
3528 4706 3790 4774 proprie-

2209 4797 2328 4851 tati.
2377 4795 2455 4848 Ex
2506 4794 2593 4848 his
2642 4794 2806 4863 igitur
2851 4793 3152 4848 clarissime
3195 4803 3343 4862 patet
3389 4793 3526 4847 falso
3558 4794 3793 4848 Latinos

2209 4885 2475 4949 accusari,
2507 4885 2654 4954 quod
2684 4884 2793 4939 duo
2830 4893 3037 4954 ponant
3071 4884 3124 4938 in
3156 4885 3445 4938 divinitate
3486 4885 3788 4953 principia.

2208 4978 2338 5031 Item
2374 4984 2467 5029 aut
2491 4975 2729 5044 perfecta
2760 4983 2864 5036 est,
2891 4977 3066 5037 aiunt,
3096 4991 3159 5029 ex
3197 4975 3352 5029 Patre
3391 4974 3704 5043 processio.
3731 4982 3787 5027 et

2208 5067 2494 5136 superﬂuit
2525 5066 2614 5119 illa
2655 5080 2774 5134 qua:
2805 5077 2870 5119 ex
2903 5063 3042 5118 Filio
3071 5071 3176 5127 est,
3212 5073 3309 5118 aut
3354 5065 3399 5117 si
3435 5064 3553 5128 haec
3592 5077 3787 5116 neces-

2207 5158 2346 5211 saria
2383 5165 2487 5222 est,
2529 5155 2852 5224 imperfecte
2885 5162 2962 5208 ex
3007 5154 3164 5207 Patre
3207 5151 3471 5221 procedit.
3506 5151 3620 5204 Hoc
3649 5165 3785 5204 vero

2210 5248 2605 5303 inconveniens
2631 5254 2735 5309 est,
2769 5245 3138 5314 imperfectam
3172 5244 3549 5311 operationem
3593 5242 3781 5294 dicere

2209 5337 2404 5403 Patris,
2429 5345 2486 5390 et
2508 5335 2575 5389 ad
2608 5350 2760 5390 suam
2791 5333 3186 5403 perfectionem
3225 5331 3364 5384 Filio
3395 5331 3658 5400 indigere.
3696 5330 3778 5384 Ad

2209 5445 2330 5501 qua:
2365 5428 2788 5497 respondemus,
2836 5427 2960 5480 illos
2993 5425 3086 5494 qui
3127 5425 3243 5480 haec
3285 5425 3497 5487 dicunt,
3540 5422 3664 5475 ideo
3693 5437 3785 5476 er-

2209 5533 2350 5584 rare,
2410 5518 2541 5587 quia
2581 5516 2808 5571 omnino
2848 5515 2989 5569 duos
3034 5529 3157 5568 esse
3207 5523 3400 5583 putant
3448 5513 3702 5574 Patrem,
3729 5518 3788 5564 ct

2208 5611 2433 5674 Filium,
2482 5617 2538 5663 et
2579 5597 2780 5662 eorum
2819 5607 3192 5675 Operationes,
3230 5604 3484 5659 humanis
3510 5603 3783 5670 exemplis

2210 5703 2561 5764 inhaerentes,
2580 5701 2708 5770 quia
2731 5699 2918 5753 vident
2940 5697 3172 5751 duorum
3198 5697 3478 5750 hominum
3502 5694 3642 5747 duas
3659 5705 3779 5745 esse

2211 5791 2556 5866 operationcs
2604 5805 2851 5858 numero,
2899 5791 3000 5846 etsi
3060 5791 3126 5844 ad
3155 5805 3322 5844 unum
3352 5789 3611 5844 effectum
3661 5795 3777 5839 ten-
