3990 6212
205 260 272 333 in
1098 256 1198 318 DE
1241 255 1762 318 PROCESS’IONE
1801 255 2159 316 SPIRITUS
2201 253 2497 316 SANC'l‘l.

3298 250 3356 319 ⁸4
3376 255 3435 321 i2

202 381 312 440 dant.
340 383 384 429 et
407 373 692 428 distinctas
731 372 800 426 ab
830 371 1085 439 invicem,
1118 384 1316 443 putant
1343 375 1486 430 idem
1518 373 1737 429 contin-
1765 378 1810 432 Α
1845 371 1983 426 turis
2010 369 2454 425 connumerent?
2477 372 2778 438 praesertim
2811 387 2946 427 eum
2997 372 3189 427 utilius
3236 387 3427 428 eorum

197 485 292 542 gere
318 468 468 522 etiarn
504 465 558 518 in
593 465 724 518 Deo.
747 463 909 530 Quod
941 465 1396 521 absurdissimum
1439 476 1543 520 est.
1575 466 1740 520 Nam-

197 575 274 630 que
306 559 451 613 Pater
486 567 546 612 et
578 556 750 610 Fittus
784 557 1030 624 personis
1090 557 1438 611 solummodo
1467 556 1737 621 distincti,

196 655 236 706 in
261 651 448 704 castoris
512 662 682 701 unum
728 659 783 701 et
823 648 966 702 idotn
1001 659 1139 702 sunt
1183 666 1335 718 :quo
1381 650 1440 703 fit
1470 658 1530 702 ut
1568 640 1734 703 ctiam

195 740 394 811 spirandi
424 744 724 808 potentiam
760 753 921 792 unam
993 748 1049 793 et
1083 741 1330 795 eamdem
1364 755 1596 794 numero
1637 741 1738 794 ha-

193 835 339 893 beant,
363 841 415 884 et
440 829 603 884 simul
643 844 749 883 non
792 843 1068 890 seorsum,
1107 847 1210 885 nec
1245 831 1334 884 hic
1373 832 1552 901 prius,
1589 831 1731 884 alter

193 921 454 995 posterius,
519 935 622 975 nec
656 921 742 975 hic
778 921 905 986 alia,
939 922 1078 975 alter
1101 923 1205 975 alia
1240 923 1544 992 spiratione
1565 925 1740 992 spirec

193 1016 438 1084 Spiritum,
472 1024 537 1068 ut
587 1014 621 1067 ii
673 1012 768 1080 qui
804 1014 1128 1081 corporales
1175 1014 1230 1090 in
1270 1015 1531 1067 omnibus
1577 1021 1733 1074 sunt,

191 1114 388 1176 putant;
426 1103 518 1158 sed
552 1104 718 1158 simul
745 1113 816 1158 et
848 1105 1058 1174 absque
1093 1114 1338 1174 tempore
1375 1121 1484 1159 una
1513 1103 1736 1159 eadem-

189 1213 274 1267 que
314 1211 536 1251 numero
576 1195 877 1264 spiratione
925 1196 1168 1265 perfecte
1222 1196 1408 1261 ambo,
1451 1207 1521 1252 et
1565 1211 1734 1266 supra

191 1305 375 1347 omnem
409 1289 803 1360 perfectionem
849 1305 974 1344 eum
1009 1289 1245 1358 spirent.
1298 1291 1534 1346 Necesse
1572 1292 1734 1344 enim

189 1389 256 1436 est
277 1380 455 1434 eadem
496 1379 661 1432 toties
704 1377 772 1432 ad
824 1393 922 1433 eos
955 1379 1086 1445 dici,
1117 1381 1211 1450 qui
1245 1383 1412 1436 toties
1442 1382 1736 1436 audientes

189 1484 278 1522 non
307 1467 663 1537 intelligunt;
703 1479 799 1522 aut
843 1469 976 1537 quid
1029 1470 1118 1523 isti
1160 1471 1366 1535 dicent,
1410 1472 1455 1525 si
1480 1472 1605 1541 quis
1641 1486 1736 1526 eos

187 1567 410 1612 econtra
460 1559 782 1629 interroget,
830 1560 875 1614 si
909 1561 1224 1629 perfectam
1277 1562 1735 1618 creduntutundi

187 1666 238 1706 ex
269 1652 422 1706 Patre
453 1653 812 1720 creationem,
846 1669 914 1707 an
951 1656 1105 1708 non?
1145 1655 1202 1711 Si
1231 1658 1376 1711 enim
1410 1657 1732 1729 perfectam,

188 1753 330 1810 quare
361 1740 560 1796 Filium
595 1759 817 1813 quoque
847 1753 905 1799 et
941 1744 1205 1814 Spiritum
1241 1757 1522 1802 creatores
1551 1748 1733 1802 nomi-

190 1833 324 1885 nant?
348 1832 400 1887 Si
431 1848 567 1888 vero
593 1834 996 1904 imperfectam,
1029 1847 1084 1892 et
1112 1837 1238 1892 ideo
1274 1839 1469 1894 Filium
1527 1851 1576 1895 et
1612 1841 1736 1911 Spi-

187 1923 326 1977 ritum
364 1924 515 1979 Patrl
548 1927 848 1992 associant,
883 1929 1241 1984 considerent
1266 1931 1400 2000 quid
1429 1932 1637 1986 dicant.
1668 1933 1738 1988 At

187 2015 394 2083 perfecta
427 2017 657 2086 quidem
691 2032 758 2072 ex
793 2018 952 2074 Patre
992 2022 1180 2076 mundi
1211 2023 1440 2087 creatio,
1474 2040 1579 2079 una
1605 2041 1736 2080 vero

188 2109 455 2183 eademque
478 2127 712 2168 numero
738 2112 864 2168 Filii
915 2114 1232 2185 et'Spiritus
1250 2118 1589 2186 Operatioad
1619 2120 1738 2188 ejus

189 2203 496 2258 orestionem
539 2215 646 2273 est,
698 2213 897 2260 etnon
931 2205 1042 2260 alia
1083 2207 1294 2271 Patris,
1343 2209 1447 2262 alia
1495 2209 1733 2276 horum;

191 2299 300 2347 tunc
327 2295 468 2349 enim
489 2296 775 2352 baberent
811 2297 994 2352 locum
1026 2297 1147 2352 iure
1179 2299 1410 2368 puerilia
1443 2300 1632 2355 dubia.
1659 2302 1738 2356 lta

185 2382 324 2451 igitur
361 2398 414 2440 et
460 2387 522 2441 in
570 2391 857 2458 proposito
901 2390 1140 2458 perfecta
1189 2391 1438 2460 quidem,
1484 2401 1539 2446 et
1571 2407 1740 2462 super

183 2489 370 2532 omnem
397 2480 800 2549 perfectionem
832 2490 920 2536 est
949 2481 1187 2551 Spiritus
1221 2497 1287 2537 ex
1321 2484 1482 2538 Patre
1513 2498 1738 2553 proces-

180 2567 248 2620 sio
273 2585 284 2621 :
309 2571 504 2624 eadem
549 2586 678 2626 vero
713 2557 780 2638 ct
827 2587 933 2628 una
952 2588 1198 2628 numero
1230 2589 1297 2628 ex
1350 2573 1490 2628 Filio
1519 2590 1738 2645 quoque

187 2657 407 2727 ejusdem
433 2661 680 2731 Spiritus
710 2663 939 2733 spiratio
962 2673 1069 2729 est,
1097 2678 1214 2718 non
1251 2664 1355 2719 alia
1387 2675 1444 2720 et
1476 2667 1602 2731 alia,
1637 2678 1740 2720 nec

175 2748 315 2803 aliter
345 2762 399 2807 et
439 2753 632 2814 aliter,
678 2769 780 2809 nec
815 2755 969 2824 prior
1000 2764 1056 2808 et
1102 2755 1398 2824 posterior,
1438 2757 1534 2811 sed
1575 2757 1741 2812 simul

177 2839 365 2906 eadem,
393 2854 446 2898 et
481 2846 739 2900 similiter
763 2860 888 2900 cum
924 2861 1029 2902 una
1058 2856 1114 2900 et
1148 2847 1339 2901 eadem
1375 2862 1605 2902 numero
1622 2848 1742 2917 spi-

175 2935 309 2988 randi
341 2937 601 3005 potentia
644 2938 909 3007 Spiritum
953 2939 1116 2994 ambo
1161 2940 1392 3008 spirant.
1443 2941 1507 2996 Et
1549 2942 1742 2996 nullus

1841 467 1933 536 qui
1967 482 2114 520 nunc
2153 466 2365 527 vivunt,
2391 465 2597 526 Latini,
2644 480 2746 520 nec
2791 467 2885 534 qui
2944 475 3066 536 post
3099 465 3429 521 divisionem

1844 566 1901 610 ct
1933 557 2228 610 infaustum
2265 557 2563 626 infelixque
2597 557 2729 612 illud
2763 558 3000 613 schisma
3051 557 3294 623 fuerunt,
3330 558 3434 612 hoc

1839 648 2020 717 primo
2068 649 2310 713 dixerit;
2362 649 2456 702 sed
2511 648 2589 701 illi
2638 650 2802 718 prisci
2851 650 3052 713 sancti,
3092 651 3168 704 illi
3219 650 3432 719 antiqui

1841 737 2114 796 doctores,
2150 738 2239 790 illa
2275 738 2580 792 luminaria
2627 755 2838 807 magna,
2868 755 3107 808 quorum
3158 734 3329 794 sonus
3374 742 3428 794 iu

1841 844 2059 884 omnem
2095 839 2294 883 terram
2329 832 2597 889 esivit.~et
2622 831 2787 885 verba
2817 832 2868 884 in
2899 831 3034 886 fines
3061 832 3212 887 orbis
3247 842 3428 894 terrm,

1839 925 2044 991 quique
2078 938 2106 975 a
2149 922 2308 975 nobis
2334 933 2388 975 et
2426 922 2631 976 nostris
2681 929 2740 976 ut
2777 923 3034 991 praecipui
3089 923 3348 978 doctores
3378 934 3436 978 et

1839 1013 2013 1066 sancti
2037 1014 2241 1066 merito
2273 1012 2637 1079 celebrantur,
2677 1013 2794 1067 lucc
2837 1014 3084 1083 exempla
3118 1024 3173 1069 et
3206 1015 3434 1069 invene-

1840 1103 1971 1164 rint,
2003 1112 2058 1156 et
2085 1103 2348 1156 dixerint.
2385 1103 2724 1172 Augustinus
2751 1103 2978 1166 etenim,
3013 1105 3108 1173 qui
3144 1105 3429 1170 profundi-

1843 1200 1949 1246 tate
1971 1194 2220 1248 scientiae
2251 1209 2447 1250 omnes
2474 1195 2776 1257 antecellit,
2815 1198 3101 1250 sanctitate
3130 1209 3188 1250 et
3214 1197 3440 1251 fervore

1839 1274 2126 1336 charitatis
2158 1285 2208 1336 in
2243 1284 2412 1338 Deum
2439 1285 2572 1338 ouili
2602 1286 2743 1339 cedit
2783 1302 2800 1340 :
2835 1287 3174 1354 Augustinus
3207 1295 3310 1346 est.
3349 1288 3433 1338 in-

1841 1389 2026 1444 quam,
2059 1375 2150 1443 qui
2189 1375 2304 1430 haec
2336 1376 2544 1430 eisdem
2589 1378 2776 1432 verbis
2809 1378 2946 1432 dicit
2989 1379 3201 1432 Patrem
3229 1389 3290 1432 et
3340 1379 3433 1432 Fi-

1843 1468 1986 1521 lium
2067 1469 2277 1524 scilicet
2329 1471 2665 1538 principium
2719 1487 2844 1526 esse
2934 1471 3172 1540 Spiritus
3233 1473 3432 1526 sancti.

1840 1560 2314 1625 Quemadmodum
2368 1562 2612 1628 Patrem,
2663 1573 2719 1618 ct
2769 1564 3001 1629 Filium,
3044 1575 3106 1618 ct
3163 1564 3430 1633 Spiritum

1840 1662 2088 1708 sanctum
2142 1655 2324 1707 unum
2384 1654 2714 1723 principium
2766 1663 3032 1709 creatura:
3090 1656 3426 1710 credendum

1843 1757 1946 1802 est.
1985 1749 2262 1802 Accusent
2299 1749 2336 1801 ii
2387 1748 2485 1817 qui
2511 1747 2677 1801 facile
2710 1756 2907 1801 cuncta
2940 1747 3184 1813 audent,
3215 1758 3272 1801 et
3296 1748 3432 1802 bea-

1846 1844 1959 1890 tum
2015 1838 2396 1901 Athanasium,
2433 1839 2528 1907 qui
2585 1838 2638 1892 in
2694 1838 2920 1907 Dialogo
2964 1837 3271 1892 Orthodoxi
3305 1854 3429 1893 cum

1845 1928 2054 1982 Ariano
2117 1929 2442 1983 dissimilem
2476 1930 2677 1984 Filium
2711 1931 2877 1995 Patri,
2913 1939 2968 1984 et
2997 1929 3260 1999 Spiritum
3292 1931 3435 1984 Filio

1845 2031 1900 2076 et
1927 2019 2073 2074 Patri
2103 2031 2362 2090 ponente,
2395 2022 2472 2075 ita
2497 2023 2635 2077 dicit
2667 2039 2681 2076 :
2714 2022 2806 2076 Dei
2840 2031 3037 2076 natura
3066 2037 3189 2080 cum
3218 2023 3347 2077 Filii
3376 2033 3435 2077 et

1849 2112 2086 2182 Spiritus
2117 2115 2290 2168 sancti
2336 2129 2500 2167 causa
2530 2123 2634 2176 est,
2673 2123 2787 2167 tum
2818 2115 2997 2168 omnis
3033 2124 3336 2179 creaturae;
3376 2124 3435 2168 et

1846 2206 2006 2260 simili
2033 2205 2265 2258 audacia
2294 2213 2388 2258 aut
2420 2205 2618 2265 Filium
2646 2217 2700 2258 et
2727 2204 2993 2274 Spiritum
3023 2221 3147 2260 cum
3177 2217 3431 2261 creatura

1847 2305 2074 2367 ponant,
2103 2305 2196 2349 aut
2225 2303 2537 2349 creaturam
2594 2311 2720 2350 cum
2751 2296 2889 2350 Filio
2919 2306 2972 2349 et
3005 2296 3209 2364 Spiritu
3239 2307 3433 2351 sancto

1849 2399 1908 2442 ιιι
1940 2389 2108 2442 Deum
2152 2386 2355 2452 colant,
2397 2399 2459 2442 ut
2500 2388 2746 2440 eamdem
2785 2402 3020 2441 numero
3057 2402 3276 2440 causam
3307 2403 3432 2441 esse

1848 2481 1942 2536 Dei
1980 2481 2236 2535 videlicet
2261 2489 2317 2536 et
2341 2488 2629 2543 creatura»,
2658 2488 2892 2534 sanctus
2920 2479 3116 2533 doctor
3145 2479 3422 2534 docuerit.

1851 2572 1957 2628 Sed
2003 2572 2117 2627 haec
2167 2571 2566 2642 impuilentium
2614 2580 2670 2627 et
2734 2571 3102 2640 ignorantium
3139 2569 3429 2623 hominum

1849 2672 1999 2718 sunt.
2050 2663 2263 2718 Etenim
2322 2679 2446 2718 eum
2505 2663 2983 2731 inconvenientiaj,
3032 2677 3153 2731 quae
3203 2660 3429 2730 quidam

1851 2763 2040 2810 contra
2063 2768 2519 2817 veram_uostram
2546 2756 2955 2810 conclusionem
2981 2756 3095 2810 suis
3122 2754 3432 2809 rationibus

1852 2849 2057 2904 inferre
2089 2849 2291 2915 solent,
2324 2850 2438 2903 hzec
2473 2850 2815 2918 potissimum
2851 2848 2998 2913 sint;
3036 2858 3090 2902 et
3122 2849 3188 2901 ad
3231 2848 3345 2902 haec
3383 2847 3429 2900 si

1851 2957 1958 3009 qua
1992 2942 2097 2996 alia
2152 2950 2301 3007 sunt,
2351 2942 2710 2994 referantur:
2753 2948 2918 3010 patet,
2971 2939 3117 3009 quod
3168 2940 3278 2994 illis
3315 2941 3430 2994 Deo

177 3037 342 3082 rursus
371 3030 738 3098 blasphemiae
774 3031 904 3085 hinc
935 3032 1202 3087 rationem
1233 3045 1476 3098 accuset,
1510 3033 1734 3088 audiens
1762 3054 1805 3111 ο
1849 3034 2069 3102 favente
2116 3034 2450 3088 suilicien‘ter
2501 3034 2730 3098 solutis,
2794 3042 2988 3087 caztera
3038 3035 3204 3088 etiam
3261 3033 3426 3086 simul

175 3133 259 3174 nos
289 3137 349 3176 ex
391 3132 660 3178 creatura
703 3131 1018 3194 arguentes.
1056 3125 1124 3178 Et
1167 3125 1291 3179 ideo
1327 3136 1484 3194 putet
1515 3127 1742 3184 Latinos

179 3211 411 3281 Spiritum
446 3226 710 3272 sanctum
741 3219 884 3272 inter
914 3227 1197 3273 creaturas
1231 3233 1436 3288 ponere
1463 3236 1477 3285 ;
1517 3219 1743 3274 fuerunt

179 3307 375 3374 etenim,
401 3319 456 3364 et
494 3320 652 3374 sunt,
695 3310 788 3378 qui
831 3311 885 3363 in
918 3310 1060 3364 hanc
1090 3305 1255 3365 etiam
1289 3311 1627 3380 proterviam
1685 3320 1742 3366 et

180 3395 415 3452 insaniam
439 3401 816 3465 devenerunt,
848 3411 906 3454 ut
932 3402 1038 3456 hoc
1062 3417 1282 3471 quoque
1316 3401 1529 3454 Latinis
1559 3404 1740 3470 impu-

180 3493 274 3540 tare
303 3492 598 3546 auderent.
626 3489 751 3546 llazc
777 3493 924 3545 enim
960 3501 1056 3545 aut
1085 3494 1404 3558 stultorum,
1439 3500 1532 3547 aut
1564 3493 1738 3564 jocari

179 3572 446 3631 volentium
486 3585 667 3643 sunt;
707 3588 802 3633 aut
830 3580 1049 3633 illorum
1093 3581 1186 3650 qui
1225 3582 1484 3651 ignorant
1515 3593 1737 3638 sanctos

177 3657 338 3718 Patres
365 3662 419 3721 et
446 3669 715 3722 doctores
758 3671 1021 3736 saepiusa
1047 3679 1298 3724 creatura
1334 3680 1392 3725 et
1454 3672 1732 3726 sensibili-

175 3751 263 3808 bus
280 3761 550 3832 exemplis
582 3761 1019 3816 manuducentes
1049 3777 1147 3817 nos
1179 3763 1244 3817 ad
1275 3765 1612 3820 credendum
1648 3781 1736 3820 res

171 3843 563 3908 intellectuales
611 3861 666 3906 et
708 3853 1014 3908 invisibiles
1060 3863 1227 3923 atque
1260 3855 1499 3921 divinae,
1538 3857 1608 3910 ab
1652 3858 1734 3911 eis

170 3951 274 4004 qua:
296 3951 349 3994 et
371 3943 515 3997 exile
553 3942 845 4012 vestigium
877 3943 1074 3998 divinae
1103 3944 1479 3999 similitudinis
1506 3946 1728 4010 habent,

167 4029 246 4084 illa
276 4036 585 4101 probantes
607 4049 706 4103 pro
729 4049 911 4103 posse.
938 4035 1267 4090 Trinitatem
1304 4040 1506 4091 ctenim
1540 4054 1732 4106 perso-

169 4135 344 4177 narum
389 4125 712 4180 Orientales
765 4126 1016 4194 quidem,
1070 4128 1376 4194 intellectu,
1445 4132 1620 4186 verbo
1677 4144 1732 4186 et

167 4217 342 4281 spiritu
372 4237 388 4284 ;
414 4220 555 4274 item
597 4221 792 4292 oculo,
813 4221 962 4275 fonte
1006 4231 1068 4275 et
1086 4222 1305 4287 ‘ﬂUt‘iO;
1350 4239 1542 4277 rursus
1586 4225 1722 4291 sole,

169 4308 308 4362 radio
346 4320 403 4365 et
449 4312 583 4366 luce
625 4328 640 4365 :
683 4311 1062 4366 Occidentales
1109 4327 1238 4366 vero
1287 4312 1409 4366 aliis
1457 4314 1732 4369 similibus

1848 3134 2132 3190 corruunt,
2163 3135 2219 3180 et
2247 3139 2369 3194 quae
2407 3125 2471 3178 ad
2516 3124 2632 3178 lucc
2664 3125 2810 3179 dicta
2854 3134 3006 3189 sunt,
3052 3135 3108 3180 et
3142 3126 3206 3178 ad
3241 3125 3426 3179 omnia

1845 3217 2016 3270 etiam
2052 3217 2141 3270 illa
2179 3216 2477 3271 sulliciuut.
2757 3194 2769 3204 ’

1847 3349 2118 3420 Expositio
2153 3352 2530 3421 quaeritatum
2573 3351 2845 3404 doctorum
2888 3353 3262 3418 quorumdam,
3304 3369 3424 3421 qua:

2148 3417 2355 3472 Latinis
2389 3423 2672 3473 contraria:
2701 3437 2810 3473 esse
2846 3417 3109 3474 ridentur.

1910 3510 2182 3566 Cmterum
2232 3520 2400 3564 restat
2447 3511 2798 3565 considerare
2843 3529 2965 3582 quae
3016 3529 3043 3565 a
3096 3515 3422 3582 quibusdam

1840 3603 2265 3657 auctoritatibus
2296 3602 2583 3656 doctorum
2617 3603 2908 3676 oppositis,
2955 3613 3014 3654 ιιι
3059 3605 3423 3671 arbitrantur,

1840 3695 2050 3747 Latinis
2073 3704 2126 3746 et
2153 3694 2316 3763 hujus
2339 3694 2612 3762 dogmatis
2637 3692 2854 3747 veritati
2885 3707 3142 3764 arguunt,
3171 3706 3425 3764 putantes

1839 3784 2332 3837 contradictionem
2380 3799 2442 3837 ex
2487 3786 2566 3836 eis
2614 3784 2946 3838 com-ludere
2979 3805 2992 3838 :
3026 3802 3258 3854 quarum
3315 3802 3423 3840 una

1837 3877 2059 3946 quidem
2103 3885 2186 3929 est
2230 3875 2342 3934 illa,
2386 3891 2548 3944 quam
2589 3875 2643 3928 in
2692 3875 3047 3945 Theologicis
3084 3878 3199 3930 suis
3229 3878 3422 3932 beatus

1835 3969 2076 4024 Joannes
2118 3968 2488 4021 Damascenns
2531 3967 2608 4020 ait
2639 3983 2654 4025 ;
2697 3965 2967 4035 Spiritum
3001 3968 3125 4021 Filii
3161 3969 3421 4046 dicimus,

1834 4072 1899 4112 ex
1933 4057 2070 4110 Filio
2095 4071 2229 4110 vero
2265 4071 2373 4109 non
2407 4055 2661 4109 dicimus.
2705 4055 2884 4109 Altera
2915 4071 3047 4109 vero
3085 4054 3420 4113 sanctissimi

1837 4147 2080 4216 Dionysii
2109 4145 2470 4216 Areopagitte,
2521 4147 2574 4199 in
2616 4145 2758 4198 libro
2797 4145 2868 4198 De
2891 4146 3082 4199 divinis
3119 4149 3416 4203 nominibus

1834 4237 2064 4292 dicentis
2098 4237 2300 4292 :Soius
2348 4238 2470 4290 fons
2505 4236 2829 4299 divinitatis,
2876 4237 2966 4306 qui
3003 4253 3163 4306 supra
3201 4255 3418 4294 omnem

1835 4329 2202 4383 substantiam
2233 4338 2340 4393 est,
2375 4329 2535 4382 Pater
2591 4338 2696 4382 est.
2743 4329 2875 4382 Nam
2911 4330 3010 4383 etsi
3060 4331 3254 4399 aliqua:
3294 4333 3417 4387 alia:

168 4402 444 4457 ostendere
471 4411 776 4462 conantur.
802 4401 1060 4467 Quamvis
1083 4404 1512 4474 unumquodque
1531 4420 1728 4458 eorum

1843 4421 2208 4489 reperiantur,
2244 4421 2492 4491 eju~dem
2529 4431 2709 4475 tamen
2761 4422 3045 4475 sententia:
3076 4433 3224 4485 sunt,
3258 4433 3312 4476 et
3352 4425 3418 4477 ad

168 4494 533 4560 exemplorum
571 4494 676 4547 etsi
736 4494 946 4546 ratione
976 4494 1076 4546 tria
1108 4495 1238 4559 sint,
1278 4511 1384 4548 una
1423 4507 1602 4549 tamen
1642 4494 1731 4559 hy-

170 4587 384 4650 postasis
433 4589 559 4640 sive
593 4586 900 4639 substantia
934 4586 1155 4639 realiter
1188 4598 1290 4641 est.
1333 4588 1521 4641 Patres
1547 4602 1730 4642 tamen

171 4691 264 4730 non
302 4688 582 4747 putarunt
619 4688 910 4748 prepterca
946 4680 1282 4747 propositam
1327 4681 1611 4734 veritatem
1652 4681 1736 4735 of-

166 4765 401 4836 fendere,
435 4775 540 4828 sed
573 4781 838 4842 quantum
871 4771 1160 4826 intentioni
1205 4787 1394 4826 eorum
1439 4774 1736 4828 convenie-

169 4859 247 4914 bat
275 4879 338 4918 ex
371 4864 441 4919 iis
463 4865 740 4934 exemplis
760 4864 1115 4934 accipientes,
1147 4863 1445 4932 reliquum,
1475 4879 1732 4934 tanquam

173 4954 396 5010 alienum
441 4973 474 5011 a
511 4960 770 5020 veritate,
816 4955 1175 5026 repellebant.
1213 4957 1279 5010 Et
1306 4971 1468 5010 nemo
1497 4973 1593 5013 eos
1635 4974 1738 5012 nec

173 5051 439 5102 accusavit
465 5066 575 5104 nec
606 5049 910 5114 accusabit,
936 5049 1112 5102 donec
1151 5050 1351 5102 mentis
1377 5064 1600 5117 compos
1630 5061 1732 5116 est,

174 5139 354 5196 talibus
393 5141 555 5211 quod
587 5143 670 5194 usi
702 5141 910 5196 fuerint
933 5141 1218 5210 exemplis.
1245 5142 1538 5209 Quomodo
1569 5145 1738 5213 igitur

177 5229 379 5289 Latinos
421 5246 578 5288 recte
635 5235 759 5305 quis
807 5236 1110 5299 accusabit,
1147 5236 1190 5290 si
1227 5238 1290 5290 ad
1333 5235 1736 5290 oStendendam

179 5335 316 5377 unam
342 5325 715 5392 eamdemque
744 5339 973 5380 numero
1002 5339 1124 5380 esse
1147 5326 1457 5394 spirativam
1483 5326 1536 5379 in
1577 5325 1740 5382 Patre

175 5421 218 5464 et
235 5413 366 5470 Filio
387 5421 723 5488 potentiam,
747 5427 971 5472 utantur
986 5417 1234 5486 exetnplo
1256 5418 1323 5472 ab
1341 5417 1596 5490 ominibus
1613 5435 1744 5474 con-

177 5521 328 5579 cesso,
376 5528 492 5566 una
551 5513 848 5582 cadentque
896 5527 1126 5566 numero
1167 5527 1197 5566 a
1224 5511 1491 5566 Trinitate
1531 5514 1738 5567 entium

180 5605 438 5658 creatione
461 5603 487 5654 ‘.’
531 5612 626 5654 aut
654 5603 930 5674 quomodo
964 5616 1258 5673 prepterea
1289 5603 1614 5658 calumniari
1644 5621 1742 5660 eos

181 5692 351 5764 aliquis
386 5693 644 5764 audebit,
665 5695 810 5767 quod
846 5694 1112 5766 Spiritum
1142 5704 1392 5755 sanctum
1429 5711 1553 5753 cum
1588 5713 1742 5776 creas

1838 4512 1953 4566 haec
1983 4521 2240 4580 tanquam
2292 4511 2574 4580 potissima
2618 4521 2673 4565 et
2713 4527 2835 4580 qua-
2873 4512 3131 4565 videntur
3160 4528 3419 4583 expresse

1837 4603 2045 4656 Latinis
2075 4617 2194 4656 esse
2219 4601 2516 4663 contraria,
2543 4601 2882 4654 referuntur.
2915 4601 2989 4654 De
3031 4602 3096 4654 iis
3126 4617 3258 4669 ergo
3284 4605 3409 4657 dna-

1836 4695 1939 4749 bus
1977 4694 2242 4746 duntaxat
2287 4692 2746 4746 considerandum
2802 4701 2904 4747 est.
2953 4693 3032 4746 Ad
3082 4694 3215 4747 illud
3263 4713 3416 4765 urg»,

1837 4783 1982 4858 quod
2015 4784 2254 4839 Joannes
2292 4783 2658 4836 Damascenns
2705 4784 2800 4845 ait,
2847 4783 2974 4836 audi
3013 4800 3173 4851 quam
3212 4787 3422 4854 simpli.

1839 4880 2000 4936 citer,
2031 4890 2192 4944 quam
2223 4875 2390 4946 juste,
2427 4890 2701 4943 quamque
2733 4874 3068 4927 sufﬁcienter
3100 4875 3165 4928 ad
3199 4893 3421 4944 persuau

1839 4971 2080 5024 dendum
2131 4983 2232 5036 pro
2297 4966 2504 5019 Latinis
2560 4974 2615 5018 et
2660 4980 2849 5016 eorum
2908 4966 3164 5033 Opinione
3222 4970 3419 5021 confir-

1841 5061 2035 5115 manda
2070 5057 2550 5128 reSpondebiinus.
2587 5055 2809 5108 Nullum
2848 5056 3086 5110 dicimus
3116 5072 3310 5111 nomen
3345 5061 3417 5113 ita

1841 5152 2120 5206 sullicicns
2151 5165 2292 5213 esse,
2323 5158 2379 5201 ut
2405 5162 2571 5201 unum
2598 5147 2776 5199 solum
2806 5149 2973 5214 po.~sit
2999 5151 3224 5214 praecise
3249 5149 3418 5218 signi-

1843 5242 2026 5303 ﬁcare,
2070 5248 2216 5308 quod
2250 5240 2303 5292 in
2335 5239 2536 5291 divinis
2567 5238 2875 5305 exprimere
2911 5238 3184 5304 volumus,
3218 5254 3330 5308 quo
3359 5239 3420 5294 fit

1845 5342 1904 5388 ut
1935 5333 2120 5386 multis
2151 5340 2205 5384 et
2226 5329 2458 5383 diversis
2486 5330 2659 5382 altero
2691 5343 2876 5392 unam,
2907 5329 3079 5382 altero
3101 5328 3261 5382 aliam
3298 5343 3415 5382 rem

1844 5439 1946 5477 nec
1995 5433 2125 5476 tunc
2170 5419 2437 5498 eontplete
2485 5418 2873 5488 signiﬁcemus.
2924 5418 3059 5472 Cum
3113 5418 3258 5472 enim
3300 5418 3418 5476 haec

1846 5516 2071 5569 nomina
2104 5523 2159 5568 et
2187 5511 2351 5564 verba
2385 5526 2413 5563 a
2451 5512 2615 5565 nobis
2646 5510 2867 5563 inventa
2911 5510 3042 5573 siut,
3085 5518 3141 5564 et
3185 5511 3279 5574 qui
3321 5526 3418 5565 na-

1848 5617 1967 5661 tura
2014 5607 2272 5676 regimur,
2313 5612 2367 5658 et
2403 5601 2496 5673 qui
2537 5602 2881 5656 naturalibus
2913 5602 3076 5655 rebus
3111 5617 3174 5656 ea
3206 5601 3418 5670 signifi-

1848 5701 2037 5758 candis
2065 5698 2420 5771 imponimus,
2454 5709 2556 5753 nec
2589 5695 2913 5764 inventoris,
2947 5709 3048 5753 nec
3072 5708 3264 5752 eorum
3293 5693 3424 5766 qui.
