3990 6212
525 253 686 350 443⁸

1497 269 1995 334 BESSARIONIS
2037 269 2098 330 S.
2138 272 2212 332 Β.
2243 271 2306 331 Ε.
2345 267 2810 329 CARDlNALlS

3665 269 3767 334 844

524 411 627 460 bus
692 400 1086 470 imponuntur,
1150 401 1402 448 naturam
1477 393 1747 446 excedere
1809 397 2087 459 possunt:
2121 395 2166 452 Α
2196 400 2346 446 cent.
2399 389 2542 444 Sunt
2587 399 2770 444 tamen
2829 387 3080 441 nonnulli
3128 397 3479 454 sanctorum,
3529 403 3768 458 quorum

522 497 754 563 ideoque
798 489 1015 543 divinas
1067 499 1154 540 res
1195 482 1465 552 complete
1516 481 1827 552 signiﬁcare
1867 481 2091 536 minime

523 591 770 657 possunt.
804 581 984 644 Quare
1011 575 1486 646 imperfectionem
1532 572 1816 627 nominum
1857 587 1966 625 non
2002 579 2090 624 at-

527 672 872 734 tribuendam
903 684 1024 725 esse
1055 668 1221 722 rebus
1251 665 1474 728 divinis,
1507 665 1687 719 omnis
1715 665 1808 733 qui
1837 672 1986 718 recte
2009 679 2092 718 sa-

524 767 626 836 pit,
669 763 922 818 aiiirmat.
968 758 1074 814 Sed
1103 773 1228 812 cum
1257 758 1381 812 aliis
1412 756 1723 811 nominibus
1750 755 1966 810 divinas
2009 770 2096 811 res

525 855 838 924 exprimere
884 865 996 905 non
1049 848 1349 919 possimus,
1413 846 1674 901 utendum
1729 847 1950 915 quidem
2010 847 2096 901 his

529 943 808 1001 consuetis
837 940 1156 996 nominibus
1185 947 1289 994 est.
1317 937 1592 993 Utendum
1624 945 1802 991 tamen
1837 937 1890 990 in
1923 952 2096 1006 quan-

527 1049 641 1091 tum
686 1037 854 1091 rebus
883 1032 1203 1103 signiﬁcatis
1232 1030 2095 1100 conveniunt,imperfectiouein

525 1142 738 1188 eorum,
778 1133 834 1180 et
877 1123 920 1179 si
967 1122 1099 1192 quid
1129 1121 1586 1175 inconvenientia,-
1625 1134 1812 1175 secum
1852 1127 2095 1190 portant,

527 1218 850 1279 refellendo,
899 1225 954 1269 et
988 1230 1089 1281 per
1131 1212 1279 1267 aliud
1324 1227 1523 1267 nomen
1557 1210 1828 1265 defectum
1873 1211 2099 1264 alterius

457 1339 464 1352 -
526 1308 857 1378 supplendo.
892 1308 950 1361 ln
977 1306 1278 1374 quastione
1306 1304 1490 1372 itaque
1520 1301 1817 1372 proposita,
1845 1302 2100 1356 videlicet

533 1401 586 1453 in
621 1398 975 1467 proccssione
1006 1394 1246 1464 Spiritus
1277 1409 1341 1447 ex
1373 1391 1534 1446 Patre
1567 1401 1622 1458 ct
1649 1391 1810 1456 Filio,
1848 1391 1955 1444 duo
1984 1391 2100 1444 biec

527 1490 842 1543 necessario
868 1487 1160 1556 exiguntur
1187 1501 1202 1540 ε
1242 1499 1432 1542 unum,
1463 1481 1607 1551 quod
1638 1481 1798 1534 Pater
1846 1489 1902 1535 et
1928 1479 2098 1534 Filius

525 1581 808 1650 aequaliter
864 1589 1026 1647 atque
1055 1575 1379 1644 simpliciter
1408 1574 1673 1643 Spiritum
1701 1581 1947 1626 sanctum
1979 1569 2094 1639 spi-

527 1679 670 1731 rent,
697 1685 804 1722 non
830 1683 972 1721 unus
998 1668 1258 1734 perfecte,
1286 1665 1424 1717 alter
1450 1661 1796 1730 imperfecte;
1827 1661 1928 1714 hoc
1951 1660 2099 1712 enim

2193 481 2360 550 aliqui
2412 481 2637 550 majoris
2680 479 2931 535 fecerunt
2980 481 3256 542 ordinem,
3307 491 3370 535 ut
3416 481 3592 550 major
3646 497 3776 550 pars

2193 569 2558 624 Orientalium
2601 587 2614 622 :
2649 569 2817 638 aliqui
2849 571 3240 640 aequalitatem,
3261 571 3374 624 sive
3405 570 3772 636 identitatem,

2195 670 2254 714 ut
2301 661 2520 730 plurimi
2571 660 3025 716 Occidentalium.
3064 662 3134 714 Et
3162 661 3627 728 quemadmodum
3679 681 3774 718 oc-

2193 751 2493 806 cidentales
2519 751 2689 820 pluris
2710 751 2978 806 facientes
2996 751 3363 819 aequalitatem
3388 753 3588 821 sepius
3610 763 3774 808 utuno

2193 849 2284 894 tur
2310 855 2395 906 ex,
2423 841 2494 894 ita
2522 841 2840 906 orientales,
2868 839 2963 909 qui
3009 840 3260 895 ordinem
3296 841 3519 908 majoris
3579 843 3770 896 existi-

2195 940 2366 996 mant,
2404 945 2528 986 cum
2569 931 2770 1000 quibus
2818 939 2875 986 et
2914 930 3110 985 beatus
3135 931 3372 985 Joannes
3408 931 3768 987 Damascenus

2195 1032 2666 1085 connumeratur,
2721 1039 2815 1092 per
2868 1031 2928 1076 ut
2983 1022 3280 1091 plurimum
3331 1031 3601 1089 utuntur,
3643 1040 3767 1078 raro

2197 1113 2548 1168 admittentes
2588 1099 3030 1181 praepositionem
3069 1125 3134 1164 ex
3167 1126 3186 1166 :
3223 1126 3331 1167 non
3376 1112 3478 1166 sibi
3534 1112 3764 1166 invicem

2198 1203 2666 1266 contradicentes,
2697 1203 2792 1258 sed
2831 1204 3043 1257 diversa
3072 1203 3378 1272 signiﬁcata
3412 1202 3644 1257 diversis
3674 1219 3768 1257 uo-

2198 1293 2437 1347 minibus
2465 1293 2858 1362 exprimentes.
2895 1293 3077 1358 Quare
3118 1294 3186 1347 de
3231 1293 3422 1347 mundi
3465 1294 3769 1362 creatione,

2197 1386 2306 1440 etsi
2338 1384 2548 1454 absque
2605 1385 2715 1440 ulla
2745 1385 3103 1454 ambiguitate
3129 1399 3194 1439 ex
3226 1385 3363 1438 Filio
3393 1384 3555 1438 etiam
3574 1385 3768 1450 pmnia

2199 1478 2467 1548 producta
2502 1477 2614 1532 sint
2650 1487 2821 1548 prout
2848 1493 2915 1532 ex
2947 1478 3129 1542 Patre,
3157 1475 3439 1530 rarissime
3467 1484 3648 1528 tamen
3679 1491 3767 1530 re-

2200 1569 2384 1637 peries
2431 1569 2574 1638 apud
2623 1569 2879 1625 doctores
2925 1560 3231 1639 praesertim
3273 1568 3582 1629 orientales,
3615 1568 3760 1636 quod

2202 1659 2440 1714 mundus
2486 1660 2558 1713 sit
2607 1661 2906 1729 productus
2938 1675 3004 1716 ex
3055 1660 3214 1722 Filio,
3265 1659 3358 1713 sed
3409 1674 3624 1729 semper
3662 1674 3762 1728 per

533 1758 870 1812 contrarium
899 1765 984 1810 est
1014 1754 1138 1808 ﬁdei
1174 1754 1410 1808 veritati.
1443 1752 1714 1812 Alterura,
1749 1751 1893 1819 quod
1928 1750 2096 1805 Filius
2129 1752 2165 1806 Β
2195 1746 2421 1810 Filium,
2451 1747 2522 1804 ob
2571 1747 2702 1802 illud
2745 1748 2972 1803 Joannis
3002 1766 3017 1803 :
3049 1748 3237 1806 Omnia
3277 1764 3372 1816 per
3412 1747 3585 1817 ipsum
3618 1748 3764 1815 facta
3798 1779 3818 1795 ο

528 1860 586 1902 ιιι
618 1851 670 1902 in
698 1849 841 1910 aliis,
872 1848 947 1900 ita
973 1845 1216 1898 etiamin
1247 1844 1508 1912 spirando
1541 1843 1859 1897 relationem
1917 1851 1971 1895 et
2001 1856 2095 1899 0r-

527 1942 710 1994 diuem
747 1939 946 1992 habeat
991 1935 1056 1990 ad
1105 1935 1344 1989 Patrem.
1385 1932 1682 2002 Utrumque
1711 1932 1858 1986 enim
1899 1931 2094 1986 borum

527 2033 716 2085 insunt
750 2029 897 2082 Patri
933 2038 987 2081 et
1022 2026 1180 2080 Filio.
1217 2024 1442 2080 Summa
1498 2025 1698 2078 etenim
1728 2032 1811 2077 est
1841 2023 1896 2076 in
1931 2023 2012 2077 eis
2038 2030 2096 2076 et

528 2121 784 2189 potentiae
805 2117 1111 2187 aequalitas,
1137 2115 1251 2168 imo
1279 2115 1558 2177 identitas,
1585 2126 1640 2168 et
1665 2129 1907 2168 summus
1937 2113 2091 2166 ordo.

529 2211 878 2276 Qua-cunque
915 2207 1060 2261 enim
1109 2207 1280 2260 Filius
1344 2206 1524 2269 habet,
1561 2207 1733 2274 ipsum
1777 2206 1940 2260 etiam
1984 2205 2097 2274 spi-

529 2313 651 2352 rare
690 2296 976 2365 Spiritum,
1014 2295 1179 2348 habet
1211 2311 1240 2348 a
1273 2295 1458 2348 Patre.
1493 2293 1550 2348 Si
1595 2296 1759 2364 igitur
1802 2310 1968 2348 unum
1998 2310 2096 2348 no-

531 2405 654 2443 men
691 2399 836 2442 esset
880 2387 1174 2449 sulliejcns,
1217 2396 1271 2440 et
1309 2401 1576 2440 summam
1609 2386 1866 2455 potentiae
1901 2401 2094 2441 eorum

528 2480 890 2554 identitatein,
916 2489 972 2532 et
1001 2493 1274 2532 summurn
1302 2476 1370 2530 ad
1399 2475 1630 2530 invicem
1660 2477 1904 2531 ordinem
1931 2476 2094 2531 simul

526 2569 857 2638 signiﬁcare,
912 2569 1006 2623 illo
1047 2567 1290 2637 profecto
1321 2566 1580 2621 omnibus
1607 2569 1733 2622 aliis
1775 2567 2096 2637 postpositis

530 2659 790 2714 utendum
835 2668 1000 2714 esset.
1040 2657 1197 2726 Nunc
1231 2675 1358 2714 vero
1392 2674 1502 2714 non
1537 2660 1711 2714 solum
1757 2660 2096 2730 impossibile

529 2760 614 2805 est
650 2766 816 2803 unum
855 2750 957 2804 tale
993 2751 1229 2820 reperire
1258 2765 1457 2805 nomen
1493 2767 1507 2806 :
1539 2761 1594 2806 et
1633 2750 1755 2806 ideo
1785 2752 2094 2806 necessario

531 2861 641 2899 uno
679 2845 899 2900 nomine
943 2845 1174 2898 alterum
1211 2844 1430 2908 horum,
1471 2844 1646 2899 altero
1699 2860 1829 2899 vero
1861 2845 2092 2900 alterum

527 2937 938 3006 exprimendum
975 2946 1081 2999 cst,
1132 2951 1322 2990 verum
1369 2937 1533 2990 etiam
1583 2935 1700 2990 liaac
1745 2935 1958 2990 diversa
1992 2950 2095 2991 no-

527 3029 673 3083 mina
707 3028 772 3082 ad
797 3029 900 3082 hoc
938 3027 1084 3097 quod
1118 3035 1411 3096 utrumque
1441 3043 1537 3095 per
1585 3042 1641 3082 se
1683 3043 1849 3081 unum
1883 3035 2092 3082 tantum

525 3119 890 3189 signiﬁcatum
921 3118 1303 3190 praedictorum
1328 3119 1661 3187 signiﬁcant,
1694 3119 1858 3174 etiam
1895 3119 2090 3188 imper-

529 3212 669 3265 icctc
704 3209 837 3264 illud
870 3225 1036 3262 unum
1071 3205 1403 3278 signiﬁcant.
1440 3208 1617 3275 Quare
1649 3225 1748 3264 nos
1789 3219 1937 3264 recte
1966 3211 2091 3279 qui-

527 3301 651 3355 dem
703 3311 758 3354 et
803 3301 890 3369 pie
930 3301 1060 3369 quid
1108 3302 1186 3354 rei
1239 3300 1606 3370 signiﬁcanda:
1637 3305 1924 3356 conveniat
1956 3303 2096 3356 reci-

532 3391 780 3458 pientes,
840 3391 1150 3460 reliquum,
1202 3381 1432 3460 etquod
1479 3391 1928 3461 .imperfectionis
1987 3401 2090 3457 est,

530 3482 863 3550 repellimus.
897 3479 1056 3535 Tales
1080 3491 1207 3535 sunt
1231 3497 1311 3536 ea:
1336 3484 1750 3552 praepositiones
1777 3499 1865 3552 ex,
1899 3484 2093 3540 videli-
2122 3539 2132 3548 _

532 3581 620 3626 cet
650 3581 702 3625 et
735 3587 849 3640 per.
880 3571 1199 3640 Prmpositio
1233 3588 1466 3641 namque
1501 3589 1563 3627 ex
1587 3575 1951 3643 mqttalzlatem
1978 3576 2093 3646 qui-

531 3665 656 3717 dem
688 3679 810 3718 cum
843 3663 910 3718 de
970 3664 1244 3733 aliquibus
1273 3665 1488 3719 duobus
1530 3667 1613 3720 vel
1661 3667 1908 3736 pluribus
1949 3666 2094 3721 acci-

530 3755 698 3825 pitur,
733 3755 1038 3824 signiﬁcat;
1077 3756 1326 3810 ordinem
1373 3773 1500 3811 vero
1540 3757 1702 3814 unius
1750 3760 1814 3813 ad
1859 3759 2092 3814 alterum

531 3846 772 3900 minime.
801 3847 856 3900 Si
887 3847 1015 3914 quid
1042 3846 1184 3901 enim
1212 3862 1280 3900 ex
1306 3847 1519 3904 duobus
1546 3849 1662 3904 ﬁeri
1691 3851 1942 3915 dicimus,
1966 3861 2093 3921 puta

530 3937 576 3993 si
615 3936 762 4006 quod
809 3937 1021 4014 pondus
1053 3952 1118 3991 ex
1153 3937 1367 3992 duobus
1400 3940 1656 4005 trahitur,
1697 3940 1950 3994 similiter
1973 3941 2094 4011 qui-

531 4028 656 4082 dem
713 4039 767 4084 ct
805 4030 1086 4098 aequaliter
1115 4045 1306 4084 eorum
1348 4047 1414 4086 ex
1455 4040 1684 4101 utroque
1717 4032 1878 4100 trahi,
1910 4034 2088 4104 quoad

528 4120 639 4174 vim
692 4120 1095 4189 praepositionis
1139 4119 1534 4190 signiﬁcamus.
1584 4121 1732 4177 Ordo
1763 4139 1892 4178 vero
1929 4126 2091 4181 unius

527 4214 592 4268 ad
620 4214 854 4268 alterum
893 4227 1000 4265 non
1048 4211 1175 4266 inde
1201 4223 1447 4281 apparet.
1494 4213 1564 4267 At
1591 4215 1909 4282 prmpositio
1946 4229 2090 4283 pere

528 4315 796 4352 converso
828 4299 1077 4352 ordinem
1114 4298 1337 4368 quidem
1379 4300 1670 4370 signiﬁcat,
1717 4302 2086 4371 aequalitatem

2191 1845 2336 1889 sunt.
2387 1835 2461 1891 ita
2513 1838 2688 1908 magis
2721 1838 2905 1893 ordini
2953 1839 3304 1894 adhaeserunt
3353 1840 3544 1894 Patres
3577 1842 3765 1894 orien-

2196 1931 2370 1996 tales;
2394 1940 2449 1985 et
2475 1930 2602 1986 ideo
2629 1941 2860 1986 utuntur
2889 1947 3004 2000 per,
3029 1946 3149 2000 qua:
3175 1931 3290 1985 sola
3320 1931 3568 1985 ordinem
3599 1929 3767 2000 signi-

2197 2018 2340 2072 licat.
2391 2019 2655 2074 Praeterea
2705 2019 2887 2090 lingua
2933 2021 3120 2076 Graeca
3173 2035 3270 2089 per
3325 2018 3469 2073 lianc
3509 2019 3767 2088 praeposi-

2194 2111 2396 2165 tionem
2452 2127 2517 2165 ex
2569 2113 2925 2181 principalem
2964 2111 3234 2180 signiﬁcat
3268 2127 3511 2177 causam,
3540 2111 3755 2183 qualem

2194 2201 2394 2258 Filium
2422 2215 2564 2266 esse,
2589 2203 2674 2256 vel
2701 2203 2962 2272 Spiritus,
2992 2205 3077 2258 vel
3104 2204 3315 2268 mundi,
3342 2203 3522 2259 utilius
3538 2205 3762 2258 omnino

2193 2293 2481 2348 concedet.
2530 2293 2708 2360 Quare
2759 2295 2974 2365 fugiunt
3033 2295 3285 2353 doctores
3335 2297 3402 2351 de
3465 2297 3602 2352 Filio
3644 2298 3761 2364 ipsa

2196 2399 2259 2437 ea:
2300 2383 2402 2448 uti,
2447 2400 2515 2438 ne
2547 2385 2672 2454 quis
2702 2401 2829 2439 eum
2864 2387 3222 2456 principalem
3260 2402 3477 2442 causam
3513 2397 3758 2456 putaret;

2195 2481 2250 2528 et
2280 2490 2388 2528 non
2423 2475 2596 2528 solum
2630 2476 2745 2544 ipsa
2779 2492 2866 2541 ex,
2911 2493 3098 2532 verum
3145 2479 3307 2532 ctiam
3356 2494 3551 2533 nomen
3584 2495 3762 2534 causa:

2195 2567 2409 2636 fugiunt
2453 2568 2522 2622 de
2571 2568 2708 2622 Filio
2761 2569 2944 2624 dicere
3002 2580 3254 2640 respectu
3312 2571 3376 2625 ad
3428 2582 3757 2639 creaturam,

2193 2675 2505 2730 quanquam
2537 2669 2593 2714 et
2618 2661 2791 2716 Filius
2819 2671 2873 2717 et
2904 2663 3140 2732 Spiritus
3170 2651 3372 2732 passim
3404 2663 3471 2717 ab
3502 2664 3760 2720 omnibus

2197 2749 2448 2805 ﬁdelibus
2477 2765 2641 2806 causa
2682 2750 2877 2806 mundi
2907 2767 3026 2807 esse
3065 2752 3385 2816 credantur,
3421 2762 3472 2807 et
3500 2768 3604 2807 una
3633 2768 3760 2808 cum

2195 2841 2355 2897 Patre
2379 2856 2543 2897 causa
2585 2858 2600 2897 :
2637 2842 2893 2914 timentes
2918 2859 2984 2898 ne
3015 2845 3136 2915 quis
3173 2856 3454 2914 propterea
3485 2843 3763 2913 principa-

2195 2930 2303 2986 lem
2336 2946 2554 2986 causam
2590 2947 2715 2988 eum
2755 2947 2875 2988 esse
2914 2943 3108 3003 putet;
3156 2950 3186 2988 a
3232 2949 3342 3003 quo
3386 2949 3444 2987 ut
3487 2933 3616 2987 falso
3651 2934 3762 2989 sibi

2196 3033 2416 3079 cavent.
2451 3023 2624 3078 Unam
2650 3025 2796 3079 enim
2821 3026 3173 3095 principalem
3201 3035 3254 3082 et
3285 3027 3511 3082 Deitatis
3532 3035 3586 3081 et
3608 3040 3768 3080 crea-

2201 3125 2339 3170 tura:
2386 3130 2602 3170 causam
2640 3117 2838 3171 sciunt
2888 3117 3104 3172 Patrem
3147 3116 3405 3172 videlicet
3453 3116 3647 3171 solum.
3701 3115 3764 3172 Si

2201 3207 2369 3278 igitur
2403 3207 2582 3262 Latini
2622 3223 2746 3263 cum
2781 3208 2985 3263 sanctis
3013 3209 3441 3264 occidentalibus
3471 3224 3532 3263 ex
3562 3234 3567 3240 ~
3599 3209 3766 3267 Patro

2198 3307 2254 3353 ct
2285 3299 2422 3354 Filio
2453 3298 2718 3368 Spiritum
2749 3308 2995 3356 sanctum
3031 3300 3294 3363 dicentes,
3336 3315 3444 3354 non
3487 3300 3768 3370 principa-

2197 3388 2305 3444 lem
2351 3404 2569 3444 causam
2623 3389 2820 3444 Filium
2865 3399 3099 3460 ponunt,
3135 3391 3227 3445 sed
3276 3405 3465 3446 eorum
3505 3393 3768 3459 potentiae

2197 3479 2539 3534 identitatem
2603 3488 2661 3536 et
2705 3481 3068 3550 a'qualitatem
3109 3496 3206 3552 per
3244 3481 3349 3536 boc
3395 3480 3763 3550 proﬁtentur:

2195 3570 2562 3626 Damascenus
2592 3587 2721 3626 vero
2751 3572 3110 3641 principalem
3141 3587 3360 3627 causam
3393 3586 3616 3640 negans,
3641 3590 3770 3642 qua:

2194 3676 2292 3731 per
2314 3678 2377 3716 ea:
2408 3661 2699 3732 signiﬁcari
2739 3663 2899 3729 solet,
2944 3664 3138 3720 habuit
3177 3676 3485 3736 respectum
3511 3668 3576 3721 ad
3613 3667 3772 3720 ordi-

2195 3772 2342 3824 nem,
2371 3767 2428 3812 et
2472 3757 2594 3812 ideo
2628 3759 2801 3813 utitur
2827 3775 2946 3826 per,
2975 3775 3041 3814 ex
3079 3758 3240 3815 Patre
3271 3775 3369 3829 per
3411 3760 3604 3815 Filiqu
3633 3776 3773 3829 pro-

2193 3845 2389 3901 cedere
2412 3845 2676 3918 Spiritum
2698 3863 2970 3916 asserens,
2992 3865 3090 3920 per
3110 3866 3273 3922 quem
3301 3851 3424 3907 Filii
3449 3852 3513 3906 ad
3542 3851 3770 3907 Patrem

2193 3938 2327 3993 ordo
2362 3939 2777 4007 manifestatur,
2825 3940 3195 4012 aequalitatem
3242 3943 3358 3999 sive
3415 3943 3772 4001 identitatezn

2191 4047 2390 4087 corum.
2415 4033 2676 4102 potentiae
2710 4047 2810 4088 nec
2847 4033 2962 4103 ipse
2994 4050 3222 4106 negans,
3266 4036 3542 4106 quomodo
3583 4037 3773 4106 magis

2193 4123 2430 4186 invicem
2472 4139 2710 4179 consona
2753 4125 3054 4181 dicantur?
3086 4126 3203 4196 Ipse
3233 4128 3378 4184 enim
3417 4139 3523 4194 est,
3558 4130 3653 4198 qui
3690 4130 3773 4188 de

2191 4215 2368 4282 Patre,
2403 4218 2520 4287 ipsa
2559 4218 2780 4287 quidem
2824 4227 2909 4274 est
2943 4221 3256 4277 intellectus
3305 4223 3468 4279 Verbi
3505 4224 3770 4295 abyssus.

2190 4307 2352 4362 Verbi
2396 4309 2634 4376 genitor,
2677 4321 2734 4364 et
2777 4325 2874 4378 per
2904 4311 3130 4366 verbum
3162 4313 3400 4380 Spirator
3441 4315 3771 4383 declarativi

525 4405 657 4446 vero
693 4390 939 4446 minime.
979 4390 1035 4445 Si
1070 4391 1202 4460 quid
1228 4391 1376 4446 enim
1406 4407 1472 4447 cx
1511 4392 1696 4462 aliquo
1729 4409 1826 4463 per
1850 4395 2086 4463 aliquem
2114 4405 2168 4466 Ῑ)
2194 4395 2445 4466 Spiritus.
2479 4400 2543 4454 Et
2579 4415 2767 4455 rursus
2797 4417 2810 4454 :
2841 4400 3073 4470 Spiritus
3105 4417 3236 4458 vero
3258 4416 3481 4461 sanctus
3514 4407 3771 4461 declara-

525 4498 648 4537 csse
681 4492 775 4536 aut
829 4481 950 4537 ﬁeri
1001 4483 1237 4547 dicatur,
1283 4483 1568 4538 manifeste
1600 4484 1888 4553 apparebit
1916 4485 2093 4552 illum,

528 4579 595 4627 de
620 4587 731 4643 quo
761 4573 965 4629 dicitur
991 4590 1108 4644 per,
1140 4573 1390 4629 ordinem
1417 4575 1707 4644 quemdam
1742 4575 1806 4628 ad
1840 4575 1990 4629 illum
2027 4575 2096 4629 de

530 4680 640 4729 quo
668 4665 982 4735 praepositio
1010 4680 1073 4719 ea:
1103 4664 1453 4736 praedicatur,
1485 4666 1687 4721 habere
1711 4682 1728 4731 ;
1753 4676 1809 4722 et
1847 4667 1994 4722 hunc
2027 4667 2096 4723 ab

529 4766 595 4806 eo
621 4752 900 4823 accepisse
941 4751 994 4806 id
1028 4753 1176 4822 quod
1219 4768 1314 4822 per
1351 4768 1476 4808 eum
1510 4753 1593 4810 ﬁt.
1629 4754 1940 4824 Equalitas
1965 4771 2096 4812 vero

530 4846 726 4902 horum
783 4845 852 4900 ad
904 4845 1142 4900 invicem
1189 4846 1416 4902 minime
1468 4847 1826 4917 signiﬁcatur.
1873 4847 2097 4905 Minoris

538 4953 774 5006 namque
827 4938 1085 5006 potentias
1133 4953 1352 5008 semper
1401 4947 1458 4992 et
1491 4940 1834 4994 auctoritatis
1867 4955 1948 4995 est
1982 4943 2092 5008 ille,

533 5031 602 5085 de
651 5046 760 5099 quo
810 5032 1127 5101 praepositio
1172 5047 1266 5101 per
1313 5031 1664 5100 praedicatur.
1711 5033 1866 5089 Unde
1920 5039 2092 5092 sancti

530 5119 718 5175 Patres
753 5132 807 5176 et
837 5120 1091 5176 doctores
1134 5136 1258 5176 cum
1305 5123 1623 5184 orientales,
1655 5132 1768 5176 tum
1828 5126 2097 5200 occiden—

527 5213 686 5276 tales,
723 5227 846 5266 cum
871 5212 937 5266 ad
980 5212 1238 5281 potentiae
1267 5213 1653 5283 aequalitatem,
1689 5214 1799 5268 imo
1839 5215 2093 5271 identita-

532 5311 640 5358 tem
670 5303 847 5358 Patris
878 5311 934 5357 et
960 5302 1080 5359 Filii
1119 5303 1441 5374 respiciunt,
1476 5320 1542 5358 ex
1569 5305 1728 5358 Patre
1755 5313 1810 5357 et
1840 5304 1976 5361 Filio
2011 5305 2094 5359 di-

486 5463 492 5467 _
528 5407 662 5449 cunt
703 5393 967 5464 Spiritum
1013 5403 1263 5450 sanctum
1311 5393 1611 5464 procedere
1655 5405 1712 5449 et
1757 5410 1900 5450 esse.
1951 5393 2090 5449 Cum

526 5499 659 5538 vero
683 5486 930 5540 ordinem
961 5501 1150 5540 eorum
1184 5485 1251 5541 ad
1293 5486 1521 5540 invicem
1557 5485 1847 5540 ostendere
1875 5484 2085 5550 volunt,

523 5589 592 5630 ex
639 5575 797 5630 Patre
828 5591 925 5646 per
953 5576 1151 5630 Filium
1191 5591 1316 5632 eum
1360 5577 1678 5647 procedere,
1729 5584 1784 5631 et
1815 5592 1881 5631 ex
1924 5576 2085 5631 Patre

520 5678 620 5732 per
648 5666 866 5736 Filium,
900 5665 1018 5724 sive
1056 5683 1120 5724 ex
1146 5667 1256 5722 Deo
1291 5682 1389 5737 per
1420 5666 1641 5738 Filium,
1671 5681 1793 5722 eum
1828 5680 1947 5723 esse
1987 5669 2085 5724 do-

2198 4487 2304 4540 tiva
2339 4487 2616 4543 absconsa:
2646 4489 2950 4546 divinitatis
2980 4494 3225 4562 potentia
3263 4493 3462 4560 Patris,
3497 4513 3562 4551 ex
3596 4497 3776 4556 Patre

2197 4592 2295 4647 per
2338 4579 2534 4634 Filium
2581 4590 2665 4636 est
2704 4584 3028 4651 procedens.
3068 4585 3224 4650 Quod
3256 4598 3437 4643 autem
3494 4605 3588 4656 per
3621 4591 3778 4649 hanc

2197 4670 2636 4738 praepositionem
2683 4688 2796 4742 per,
2848 4681 2961 4728 tum
3004 4690 3102 4744 per
3132 4677 3301 4743 hunc,
3337 4688 3450 4734 tum
3498 4696 3595 4748 per
3624 4683 3779 4740 alios

2197 4763 2470 4825 doctores,
2501 4762 2673 4818 Filius
2701 4777 2924 4834 quoque
2952 4779 3076 4819 cum
3115 4766 3276 4822 Patre
3305 4783 3471 4823 causa
3510 4771 3780 4828 substan-

2198 4851 2282 4905 tia:
2306 4852 2540 4921 Spiritus
2574 4855 2905 4922 ostenditur,
2937 4855 3072 4911 satis
3104 4857 3159 4912 in
3187 4859 3436 4914 oratione
3463 4861 3538 4915 De
3570 4865 3780 4921 unicae

2195 4958 2225 4996 a
2264 4944 2422 4999 nobis
2451 4945 2739 5014 probatum
2775 4956 2879 5008 est,
2909 4949 3210 5016 prazsertim
3247 4965 3371 5005 cum
3398 4953 3631 5008 addatur
3662 4956 3782 5014 hoc

2198 5035 2421 5090 verbum
2454 5037 2750 5105 procedere,
2780 5039 2926 5110 quod
2957 5038 3147 5104 etiam,
3181 5042 3484 5096 secundum
3523 5053 3776 5112 nostros,

2194 5129 2333 5184 nihil
2375 5129 2521 5185 aliud
2573 5146 2733 5200 quam
2789 5134 2968 5203 ipsum
3019 5148 3141 5192 esse
3191 5139 3480 5206 personale
3526 5139 3785 5208 Spiritus

2192 5217 2368 5274 sancti
2418 5221 2712 5290 signiﬁcat.
2751 5223 2818 5278 Et
2856 5225 2923 5279 ad
2970 5227 3354 5284 auctoritatem
3392 5231 3611 5300 quidem
3660 5232 3782 5287 Da-

2193 5313 2428 5366 masceni
2453 5311 2566 5366 haec
2595 5313 2887 5370 suﬁiciant.

2260 5402 2342 5456 Ad
2371 5402 2462 5457 illa
2493 5418 2626 5458 vero
2652 5407 2822 5460 sancti
2854 5407 3118 5478 Dionysii,
3152 5409 3329 5465 solum
3361 5410 3571 5466 fontem
3612 5412 3786 5467 Divi-

2204 5490 2392 5545 nitatis
2436 5479 2649 5546 l‘atrem
2682 5492 2918 5550 dicentis
2940 5533 2956 5558 ,
2990 5507 3050 5552 ut
3080 5497 3285 5553 clarius
3331 5507 3589 5567 appareat
3662 5513 3783 5556 an-

2189 5578 2496 5635 ctoritateni
2520 5580 2668 5635 illam
2691 5597 2800 5637 non
2821 5583 3024 5641 habere
3047 5586 3197 5641 illum
3217 5588 3575 5653 intellectum,
3597 5605 3780 5657 quem

2191 5669 2371 5725 nostri
2407 5680 2623 5744 putant,
2656 5671 2992 5731 audiendum
3016 5684 3100 5734 est
3129 5676 3306 5744 primo
3335 5678 3456 5736 illos
3481 5679 3778 5744 doctores.
