  <div class='ocr_page' id='page_1' title='image "/cluster/home/n/w/nwhite01/storage/ocr_20150623/161/hvd.32044073502700/326.png"; bbox 0 0 3990 6212; ppageno 0'>
   <div class='ocr_carea' id='block_1_1' title="bbox 320 251 418 314">
    <p class='ocr_par' dir='ltr' id='par_1_1' title="bbox 320 251 418 314">
     <span class='ocr_line' id='line_1_1' title="bbox 320 251 418 314; baseline -0.02 0"><span class='ocrx_word' id='word_1_1' title='bbox 320 251 418 314; x_wconf 71' lang='lat' dir='ltr'><strong>HS</strong></span> 
     </span>
    </p>
   </div>
   <div class='ocr_carea' id='block_1_2' title="bbox 1241 238 2654 304">
    <p class='ocr_par' dir='ltr' id='par_1_2' title="bbox 1241 238 2654 304">
     <span class='ocr_line' id='line_1_2' title="bbox 1241 238 2654 304; baseline -0.004 0"><span class='ocrx_word' id='word_1_2' title='bbox 1241 242 1346 304; x_wconf 89' lang='lat' dir='ltr'><strong>DE</strong></span> <span class='ocrx_word' id='word_1_3' title='bbox 1389 239 1915 303; x_wconf 56' lang='lat' dir='ltr'><strong>PROCESSIONE</strong></span> <span class='ocrx_word' id='word_1_4' title='bbox 1957 239 2323 299; x_wconf 78' lang='lat' dir='ltr'><strong>SPlRlTUS</strong></span> <span class='ocrx_word' id='word_1_5' title='bbox 2361 238 2654 302; x_wconf 77' lang='lat' dir='ltr'><strong>SANCTI.</strong></span> 
     </span>
    </p>
   </div>
   <div class='ocr_carea' id='block_1_3' title="bbox 3467 191 3574 299">
    <p class='ocr_par' dir='ltr' id='par_1_3' title="bbox 3467 191 3574 299">
     <span class='ocr_line' id='line_1_3' title="bbox 3467 191 3574 299; baseline -0.009 0"><span class='ocrx_word' id='word_1_6' title='bbox 3467 191 3574 299; x_wconf 70' lang='lat' dir='ltr'><strong>us</strong></span> 
     </span>
    </p>
   </div>
   <div class='ocr_carea' id='block_1_4' title="bbox 321 353 3578 434">
    <p class='ocr_par' dir='ltr' id='par_1_4' title="bbox 321 353 3578 434">
     <span class='ocr_line' id='line_1_4' title="bbox 321 353 3578 434; baseline -0.002 -15"><span class='ocrx_word' id='word_1_7' title='bbox 321 367 404 434; x_wconf 87' lang='lat' dir='ltr'><strong>qui</strong></span> <span class='ocrx_word' id='word_1_8' title='bbox 455 363 622 419; x_wconf 88' lang='lat' dir='ltr'><strong>etiam</strong></span> <span class='ocrx_word' id='word_1_9' title='bbox 672 361 878 419; x_wconf 86' lang='lat' dir='ltr'><strong>Filium</strong></span> <span class='ocrx_word' id='word_1_10' title='bbox 926 360 1116 416; x_wconf 80' lang='lat' dir='ltr'><strong>dicunt</strong></span> <span class='ocrx_word' id='word_1_11' title='bbox 1151 357 1360 413; x_wconf 81' lang='lat' dir='ltr'><strong>lontem</strong></span> <span class='ocrx_word' id='word_1_12' title='bbox 1413 356 1655 427; x_wconf 88' lang='lat' dir='ltr'><strong>Spiritus</strong></span> <span class='ocrx_word' id='word_1_13' title='bbox 1688 356 1890 422; x_wconf 88' lang='lat' dir='ltr'><strong>sancti,</strong></span> <span class='ocrx_word' id='word_1_14' title='bbox 1924 379 1962 432; x_wconf 66' lang='grc' dir='ltr'><strong>Α</strong></span> <span class='ocrx_word' id='word_1_15' title='bbox 2005 354 2264 411; x_wconf 75' lang='lat' dir='ltr'><strong>invicem.</strong></span> <span class='ocrx_word' id='word_1_16' title='bbox 2297 357 2364 410; x_wconf 87' lang='lat' dir='ltr'><strong>Et</strong></span> <span class='ocrx_word' id='word_1_17' title='bbox 2409 357 2524 412; x_wconf 82' lang='lat' dir='ltr'><strong>haec</strong></span> <span class='ocrx_word' id='word_1_18' title='bbox 2581 354 2807 426; x_wconf 80' lang='lat' dir='ltr'><strong>quidem</strong></span> <span class='ocrx_word' id='word_1_19' title='bbox 2865 367 2990 408; x_wconf 87' lang='lat' dir='ltr'><strong>vera</strong></span> <span class='ocrx_word' id='word_1_20' title='bbox 3045 354 3166 422; x_wconf 87' lang='lat' dir='ltr'><strong>ejus</strong></span> <span class='ocrx_word' id='word_1_21' title='bbox 3223 353 3578 411; x_wconf 84' lang='lat' dir='ltr'><strong>auctoritatis</strong></span> 
     </span>
    </p>
   </div>
   <div class='ocr_carea' id='block_1_5' title="bbox 322 446 1889 523">
    <p class='ocr_par' dir='ltr' id='par_1_5' title="bbox 322 446 1889 523">
     <span class='ocr_line' id='line_1_5' title="bbox 322 446 1889 523; baseline -0.006 -15"><span class='ocrx_word' id='word_1_22' title='bbox 322 472 422 508; x_wconf 83' lang='lat' dir='ltr'><strong>non</strong></span> <span class='ocrx_word' id='word_1_23' title='bbox 456 454 581 509; x_wconf 89' lang='lat' dir='ltr'><strong>dico</strong></span> <span class='ocrx_word' id='word_1_24' title='bbox 621 452 924 523; x_wconf 77' lang='lat' dir='ltr'><strong>gratiarum</strong></span> <span class='ocrx_word' id='word_1_25' title='bbox 973 449 1218 520; x_wconf 81' lang='lat' dir='ltr'><strong>Spiritus</strong></span> <span class='ocrx_word' id='word_1_26' title='bbox 1272 464 1383 502; x_wconf 91' lang='lat' dir='ltr'><strong>non</strong></span> <span class='ocrx_word' id='word_1_27' title='bbox 1437 446 1889 510; x_wconf 83' lang='lat' dir='ltr'><strong>subsistentium,</strong></span> 
     </span>
    </p>
   </div>
   <div class='ocr_carea' id='block_1_6' title="bbox 324 537 1895 610">
    <p class='ocr_par' dir='ltr' id='par_1_6' title="bbox 324 537 1895 610">
     <span class='ocr_line' id='line_1_6' title="bbox 324 537 1895 610; baseline -0.006 -9"><span class='ocrx_word' id='word_1_28' title='bbox 324 551 417 602; x_wconf 84' lang='lat' dir='ltr'><strong>hac</strong></span> <span class='ocrx_word' id='word_1_29' title='bbox 429 547 576 602; x_wconf 86' lang='lat' dir='ltr'><strong>enim</strong></span> <span class='ocrx_word' id='word_1_30' title='bbox 600 545 912 600; x_wconf 82' lang='lat' dir='ltr'><strong>abutuntur</strong></span> <span class='ocrx_word' id='word_1_31' title='bbox 938 543 1006 597; x_wconf 90' lang='lat' dir='ltr'><strong>ad</strong></span> <span class='ocrx_word' id='word_1_32' title='bbox 1038 541 1221 596; x_wconf 77' lang='lat' dir='ltr'><strong>outtiia</strong></span> <span class='ocrx_word' id='word_1_33' title='bbox 1248 537 1634 610; x_wconf 82' lang='lat' dir='ltr'><strong>hujuscemodi</strong></span> <span class='ocrx_word' id='word_1_34' title='bbox 1662 552 1895 606; x_wconf 78' lang='lat' dir='ltr'><strong>respou-</strong></span> 
     </span>
    </p>
   </div>
   <div class='ocr_carea' id='block_1_7' title="bbox 321 629 1894 706">
    <p class='ocr_par' dir='ltr' id='par_1_7' title="bbox 321 629 1894 706">
     <span class='ocr_line' id='line_1_7' title="bbox 321 629 1894 706; baseline -0.006 -12"><span class='ocrx_word' id='word_1_35' title='bbox 321 640 468 695; x_wconf 85' lang='lat' dir='ltr'><strong>sione</strong></span> <span class='ocrx_word' id='word_1_36' title='bbox 497 657 512 694; x_wconf 86' lang='lat'><strong>:</strong></span> <span class='ocrx_word' id='word_1_37' title='bbox 543 637 639 693; x_wconf 86' lang='lat' dir='ltr'><strong>sed</strong></span> <span class='ocrx_word' id='word_1_38' title='bbox 691 637 866 706; x_wconf 79' lang='lat' dir='ltr'><strong>ipsius</strong></span> <span class='ocrx_word' id='word_1_39' title='bbox 901 649 1151 705; x_wconf 66' lang='lat' dir='ltr'><strong>personae</strong></span> <span class='ocrx_word' id='word_1_40' title='bbox 1183 630 1428 702; x_wconf 76' lang='lat' dir='ltr'><strong>Spiritus</strong></span> <span class='ocrx_word' id='word_1_41' title='bbox 1475 629 1676 686; x_wconf 79' lang='lat' dir='ltr'><strong>sancti.</strong></span> <span class='ocrx_word' id='word_1_42' title='bbox 1710 629 1894 684; x_wconf 85' lang='lat' dir='ltr'><strong>Primo</strong></span> 
     </span>
    </p>
   </div>
   <div class='ocr_carea' id='block_1_8' title="bbox 323 722 1894 800">
    <p class='ocr_par' dir='ltr' id='par_1_8' title="bbox 323 722 1894 800">
     <span class='ocr_line' id='line_1_8' title="bbox 323 722 1894 800; baseline -0.005 -16"><span class='ocrx_word' id='word_1_43' title='bbox 323 733 499 800; x_wconf 80' lang='lat' dir='ltr'><strong>itaque</strong></span> <span class='ocrx_word' id='word_1_44' title='bbox 533 729 873 788; x_wconf 84' lang='lat' dir='ltr'><strong>Athanasius</strong></span> <span class='ocrx_word' id='word_1_45' title='bbox 921 727 977 781; x_wconf 91' lang='lat' dir='ltr'><strong>in</strong></span> <span class='ocrx_word' id='word_1_46' title='bbox 1003 741 1106 782; x_wconf 86' lang='lat' dir='ltr'><strong>sua</strong></span> <span class='ocrx_word' id='word_1_47' title='bbox 1153 735 1347 780; x_wconf 79' lang='lat' dir='ltr'><strong>contra</strong></span> <span class='ocrx_word' id='word_1_48' title='bbox 1383 722 1894 779; x_wconf 74' lang='lat' dir='ltr'><strong>Arianosoratione</strong></span> 
     </span>
    </p>
   </div>
   <div class='ocr_carea' id='block_1_9' title="bbox 323 815 1896 885">
    <p class='ocr_par' dir='ltr' id='par_1_9' title="bbox 323 815 1896 885">
     <span class='ocr_line' id='line_1_9' title="bbox 323 815 1896 885; baseline -0.006 -10"><span class='ocrx_word' id='word_1_49' title='bbox 323 821 449 876; x_wconf 89' lang='lat' dir='ltr'><strong>illud</strong></span> <span class='ocrx_word' id='word_1_50' title='bbox 476 821 675 877; x_wconf 85' lang='lat' dir='ltr'><strong>Psalmi</strong></span> <span class='ocrx_word' id='word_1_51' title='bbox 711 837 724 872; x_wconf 90' lang='lat'><strong>:</strong></span> <span class='ocrx_word' id='word_1_52' title='bbox 754 818 1026 884; x_wconf 76' lang='lat' dir='ltr'><strong>Quoniam</strong></span> <span class='ocrx_word' id='word_1_53' title='bbox 1063 821 1206 885; x_wconf 83' lang='lat' dir='ltr'><strong>apud</strong></span> <span class='ocrx_word' id='word_1_54' title='bbox 1235 823 1285 868; x_wconf 84' lang='lat' dir='ltr'><strong>te</strong></span> <span class='ocrx_word' id='word_1_55' title='bbox 1302 825 1378 869; x_wconf 74' lang='lat' dir='ltr'><strong>est</strong></span> <span class='ocrx_word' id='word_1_56' title='bbox 1406 815 1526 884; x_wconf 71' lang='lat' dir='ltr'><strong>fons</strong></span> <span class='ocrx_word' id='word_1_57' title='bbox 1551 815 1695 874; x_wconf 73' lang='lat' dir='ltr'><strong>vim.</strong></span> <span class='ocrx_word' id='word_1_58' title='bbox 1725 827 1896 881; x_wconf 84' lang='lat' dir='ltr'><strong>expo-</strong></span> 
     </span>
    </p>
   </div>
   <div class='ocr_carea' id='block_1_10' title="bbox 323 903 1887 977">
    <p class='ocr_par' dir='ltr' id='par_1_10' title="bbox 323 903 1887 977">
     <span class='ocr_line' id='line_1_10' title="bbox 323 903 1887 977; baseline -0.006 -10"><span class='ocrx_word' id='word_1_59' title='bbox 323 928 477 977; x_wconf 87' lang='lat' dir='ltr'><strong>nens,</strong></span> <span class='ocrx_word' id='word_1_60' title='bbox 525 911 749 968; x_wconf 75' lang='lat' dir='ltr'><strong>Sciebat</strong></span> <span class='ocrx_word' id='word_1_61' title='bbox 773 909 1003 974; x_wconf 82' lang='lat' dir='ltr'><strong>etenitn,</strong></span> <span class='ocrx_word' id='word_1_62' title='bbox 1038 907 1236 976; x_wconf 82' lang='lat' dir='ltr'><strong>inquit,</strong></span> <span class='ocrx_word' id='word_1_63' title='bbox 1271 906 1432 960; x_wconf 86' lang='lat' dir='ltr'><strong>Pater</strong></span> <span class='ocrx_word' id='word_1_64' title='bbox 1455 905 1713 959; x_wconf 84' lang='lat' dir='ltr'><strong>videlicet</strong></span> <span class='ocrx_word' id='word_1_65' title='bbox 1741 903 1887 972; x_wconf 82' lang='lat' dir='ltr'><strong>apud</strong></span> 
     </span>
    </p>
   </div>
   <div class='ocr_carea' id='block_1_11' title="bbox 324 995 1897 1066">
    <p class='ocr_par' dir='ltr' id='par_1_11' title="bbox 324 995 1897 1066">
     <span class='ocr_line' id='line_1_11' title="bbox 324 995 1897 1066; baseline -0.005 -10"><span class='ocrx_word' id='word_1_66' title='bbox 324 1019 378 1058; x_wconf 82' lang='lat' dir='ltr'><strong>se</strong></span> <span class='ocrx_word' id='word_1_67' title='bbox 429 1005 636 1057; x_wconf 82' lang='lat' dir='ltr'><strong>habens</strong></span> <span class='ocrx_word' id='word_1_68' title='bbox 683 999 1144 1056; x_wconf 75' lang='lat' dir='ltr'><strong>Fdiomloutem</strong></span> <span class='ocrx_word' id='word_1_69' title='bbox 1187 999 1437 1066; x_wconf 81' lang='lat' dir='ltr'><strong>Spiritus</strong></span> <span class='ocrx_word' id='word_1_70' title='bbox 1482 996 1682 1051; x_wconf 88' lang='lat' dir='ltr'><strong>sancti.</strong></span> <span class='ocrx_word' id='word_1_71' title='bbox 1734 995 1897 1050; x_wconf 76' lang='lat' dir='ltr'><strong>Patet</strong></span> 
     </span>
    </p>
   </div>
   <div class='ocr_carea' id='block_1_12' title="bbox 326 1086 1891 1162">
    <p class='ocr_par' dir='ltr' id='par_1_12' title="bbox 326 1086 1891 1162">
     <span class='ocr_line' id='line_1_12' title="bbox 326 1086 1891 1162; baseline 0.001 -20"><span class='ocrx_word' id='word_1_72' title='bbox 326 1094 483 1162; x_wconf 76' lang='lat' dir='ltr'><strong>igitur</strong></span> <span class='ocrx_word' id='word_1_73' title='bbox 511 1091 658 1162; x_wconf 90' lang='lat' dir='ltr'><strong>quod</strong></span> <span class='ocrx_word' id='word_1_74' title='bbox 697 1092 870 1161; x_wconf 90' lang='lat' dir='ltr'><strong>ipsam</strong></span> <span class='ocrx_word' id='word_1_75' title='bbox 901 1104 1192 1160; x_wconf 81' lang='lat' dir='ltr'><strong>personam</strong></span> <span class='ocrx_word' id='word_1_76' title='bbox 1230 1088 1478 1158; x_wconf 79' lang='lat' dir='ltr'><strong>Spiritus</strong></span> <span class='ocrx_word' id='word_1_77' title='bbox 1502 1089 1592 1142; x_wconf 90' lang='lat' dir='ltr'><strong>hic</strong></span> <span class='ocrx_word' id='word_1_78' title='bbox 1614 1086 1750 1142; x_wconf 83' lang='lat' dir='ltr'><strong>dicit</strong></span> <span class='ocrx_word' id='word_1_79' title='bbox 1782 1103 1891 1143; x_wconf 88' lang='lat' dir='ltr'><strong>non</strong></span> 
     </span>
    </p>
   </div>
   <div class='ocr_carea' id='block_1_13' title="bbox 323 1180 1894 1253">
    <p class='ocr_par' dir='ltr' id='par_1_13' title="bbox 323 1180 1894 1253">
     <span class='ocr_line' id='line_1_13' title="bbox 323 1180 1894 1253; baseline -0.001 -18"><span class='ocrx_word' id='word_1_80' title='bbox 323 1185 544 1253; x_wconf 73' lang='lat' dir='ltr'><strong>gratiam</strong></span> <span class='ocrx_word' id='word_1_81' title='bbox 577 1199 687 1237; x_wconf 87' lang='lat' dir='ltr'><strong>non</strong></span> <span class='ocrx_word' id='word_1_82' title='bbox 731 1181 1158 1245; x_wconf 71' lang='lat' dir='ltr'><strong>subsistentem;</strong></span> <span class='ocrx_word' id='word_1_83' title='bbox 1190 1180 1462 1234; x_wconf 80' lang='lat' dir='ltr'><strong>habemus</strong></span> <span class='ocrx_word' id='word_1_84' title='bbox 1506 1180 1654 1234; x_wconf 85' lang='lat' dir='ltr'><strong>enim</strong></span> <span class='ocrx_word' id='word_1_85' title='bbox 1694 1195 1726 1232; x_wconf 91' lang='lat' dir='ltr'><strong>a</strong></span> <span class='ocrx_word' id='word_1_86' title='bbox 1768 1195 1894 1234; x_wconf 86' lang='lat' dir='ltr'><strong>san-</strong></span> 
     </span>
    </p>
   </div>
   <div class='ocr_carea' id='block_1_14' title="bbox 322 1264 1895 1342">
    <p class='ocr_par' dir='ltr' id='par_1_14' title="bbox 322 1264 1895 1342">
     <span class='ocr_line' id='line_1_14' title="bbox 322 1264 1895 1342; baseline 0 -19"><span class='ocrx_word' id='word_1_87' title='bbox 322 1286 408 1328; x_wconf 75' lang='lat' dir='ltr'><strong>cto</strong></span> <span class='ocrx_word' id='word_1_88' title='bbox 441 1275 644 1328; x_wconf 76' lang='lat' dir='ltr'><strong>Basilio</strong></span> <span class='ocrx_word' id='word_1_89' title='bbox 683 1273 938 1327; x_wconf 83' lang='lat' dir='ltr'><strong>traditam</strong></span> <span class='ocrx_word' id='word_1_90' title='bbox 981 1272 1248 1342; x_wconf 73' lang='lat' dir='ltr'><strong>regulam,</strong></span> <span class='ocrx_word' id='word_1_91' title='bbox 1296 1264 1442 1340; x_wconf 84' lang='lat' dir='ltr'><strong>quod</strong></span> <span class='ocrx_word' id='word_1_92' title='bbox 1475 1285 1599 1324; x_wconf 90' lang='lat' dir='ltr'><strong>cum</strong></span> <span class='ocrx_word' id='word_1_93' title='bbox 1639 1269 1895 1323; x_wconf 84' lang='lat' dir='ltr'><strong>audimus</strong></span> 
     </span>
    </p>
   </div>
   <div class='ocr_carea' id='block_1_15' title="bbox 319 1358 1892 1429">
    <p class='ocr_par' dir='ltr' id='par_1_15' title="bbox 319 1358 1892 1429">
     <span class='ocr_line' id='line_1_15' title="bbox 319 1358 1892 1429; baseline -0.003 -16"><span class='ocrx_word' id='word_1_94' title='bbox 319 1358 586 1429; x_wconf 87' lang='lat' dir='ltr'><strong>Spiritum</strong></span> <span class='ocrx_word' id='word_1_95' title='bbox 641 1375 767 1414; x_wconf 90' lang='lat' dir='ltr'><strong>eum</strong></span> <span class='ocrx_word' id='word_1_96' title='bbox 802 1359 1082 1413; x_wconf 87' lang='lat' dir='ltr'><strong>additione</strong></span> <span class='ocrx_word' id='word_1_97' title='bbox 1109 1367 1383 1424; x_wconf 84' lang='lat' dir='ltr'><strong>sanctum,</strong></span> <span class='ocrx_word' id='word_1_98' title='bbox 1418 1358 1494 1414; x_wconf 88' lang='lat' dir='ltr'><strong>nil</strong></span> <span class='ocrx_word' id='word_1_99' title='bbox 1529 1358 1681 1414; x_wconf 85' lang='lat' dir='ltr'><strong>aliud</strong></span> <span class='ocrx_word' id='word_1_100' title='bbox 1731 1374 1892 1427; x_wconf 89' lang='lat' dir='ltr'><strong>quam</strong></span> 
     </span>
    </p>
   </div>
   <div class='ocr_carea' id='block_1_16' title="bbox 315 1447 1896 1520">
    <p class='ocr_par' dir='ltr' id='par_1_16' title="bbox 315 1447 1896 1520">
     <span class='ocr_line' id='line_1_16' title="bbox 315 1447 1896 1520; baseline 0 -19"><span class='ocrx_word' id='word_1_101' title='bbox 315 1467 608 1519; x_wconf 73' lang='lat' dir='ltr'><strong>personam</strong></span> <span class='ocrx_word' id='word_1_102' title='bbox 649 1450 896 1520; x_wconf 86' lang='lat' dir='ltr'><strong>Spiritus</strong></span> <span class='ocrx_word' id='word_1_103' title='bbox 929 1450 1236 1518; x_wconf 72' lang='lat' dir='ltr'><strong>intelligere</strong></span> <span class='ocrx_word' id='word_1_104' title='bbox 1278 1448 1569 1504; x_wconf 83' lang='lat' dir='ltr'><strong>debemus.</strong></span> <span class='ocrx_word' id='word_1_105' title='bbox 1597 1447 1737 1503; x_wconf 88' lang='lat' dir='ltr'><strong>Cum</strong></span> <span class='ocrx_word' id='word_1_106' title='bbox 1790 1448 1896 1516; x_wconf 82' lang='lat' dir='ltr'><strong>igi-</strong></span> 
     </span>
    </p>
   </div>
   <div class='ocr_carea' id='block_1_17' title="bbox 319 1539 1891 1609">
    <p class='ocr_par' dir='ltr' id='par_1_17' title="bbox 319 1539 1891 1609">
     <span class='ocr_line' id='line_1_17' title="bbox 319 1539 1891 1609; baseline 0.001 -15"><span class='ocrx_word' id='word_1_107' title='bbox 319 1554 413 1596; x_wconf 84' lang='lat' dir='ltr'><strong>tur</strong></span> <span class='ocrx_word' id='word_1_108' title='bbox 443 1543 532 1596; x_wconf 91' lang='lat' dir='ltr'><strong>hic</strong></span> <span class='ocrx_word' id='word_1_109' title='bbox 576 1542 745 1596; x_wconf 86' lang='lat' dir='ltr'><strong>Filius</strong></span> <span class='ocrx_word' id='word_1_110' title='bbox 777 1541 902 1595; x_wconf 77' lang='lat' dir='ltr'><strong>fons</strong></span> <span class='ocrx_word' id='word_1_111' title='bbox 934 1541 1172 1609; x_wconf 85' lang='lat' dir='ltr'><strong>Spiritus</strong></span> <span class='ocrx_word' id='word_1_112' title='bbox 1219 1555 1344 1593; x_wconf 87' lang='lat' dir='ltr'><strong>cum</strong></span> <span class='ocrx_word' id='word_1_113' title='bbox 1395 1539 1678 1594; x_wconf 79' lang='lat' dir='ltr'><strong>additione</strong></span> <span class='ocrx_word' id='word_1_114' title='bbox 1715 1539 1891 1596; x_wconf 82' lang='lat' dir='ltr'><strong>sancti</strong></span> 
     </span>
    </p>
   </div>
   <div class='ocr_carea' id='block_1_18' title="bbox 311 1630 1889 1702">
    <p class='ocr_par' dir='ltr' id='par_1_18' title="bbox 311 1630 1889 1702">
     <span class='ocr_line' id='line_1_18' title="bbox 311 1630 1889 1702; baseline -0.002 -16"><span class='ocrx_word' id='word_1_115' title='bbox 311 1633 505 1688; x_wconf 85' lang='lat' dir='ltr'><strong>dictus</strong></span> <span class='ocrx_word' id='word_1_116' title='bbox 525 1634 616 1696; x_wconf 85' lang='lat' dir='ltr'><strong>sit,</strong></span> <span class='ocrx_word' id='word_1_117' title='bbox 639 1642 791 1702; x_wconf 91' lang='lat' dir='ltr'><strong>patet</strong></span> <span class='ocrx_word' id='word_1_118' title='bbox 819 1632 964 1701; x_wconf 89' lang='lat' dir='ltr'><strong>quod</strong></span> <span class='ocrx_word' id='word_1_119' title='bbox 997 1647 1254 1701; x_wconf 73' lang='lat' dir='ltr'><strong>persona:</strong></span> <span class='ocrx_word' id='word_1_120' title='bbox 1285 1631 1407 1700; x_wconf 83' lang='lat' dir='ltr'><strong>ejus</strong></span> <span class='ocrx_word' id='word_1_121' title='bbox 1430 1630 1553 1685; x_wconf 77' lang='lat' dir='ltr'><strong>fons</strong></span> <span class='ocrx_word' id='word_1_122' title='bbox 1579 1631 1760 1686; x_wconf 91' lang='lat' dir='ltr'><strong>dictus</strong></span> <span class='ocrx_word' id='word_1_123' title='bbox 1785 1639 1889 1686; x_wconf 70' lang='lat' dir='ltr'><strong>est.</strong></span> 
     </span>
    </p>
   </div>
   <div class='ocr_carea' id='block_1_19' title="bbox 2001 443 3573 522">
    <p class='ocr_par' dir='ltr' id='par_1_19' title="bbox 2001 443 3573 522">
     <span class='ocr_line' id='line_1_19' title="bbox 2001 443 3573 522; baseline 0 -22"><span class='ocrx_word' id='word_1_124' title='bbox 2001 447 2280 516; x_wconf 76' lang='lat' dir='ltr'><strong>expositio</strong></span> <span class='ocrx_word' id='word_1_125' title='bbox 2312 447 2474 502; x_wconf 80' lang='lat' dir='ltr'><strong>simul</strong></span> <span class='ocrx_word' id='word_1_126' title='bbox 2502 458 2559 501; x_wconf 90' lang='lat' dir='ltr'><strong>et</strong></span> <span class='ocrx_word' id='word_1_127' title='bbox 2594 446 2798 501; x_wconf 84' lang='lat' dir='ltr'><strong>solutio</strong></span> <span class='ocrx_word' id='word_1_128' title='bbox 2827 453 2932 500; x_wconf 85' lang='lat' dir='ltr'><strong>est.</strong></span> <span class='ocrx_word' id='word_1_129' title='bbox 2964 443 3122 522; x_wconf 73' lang='lat' dir='ltr'><strong>Quod</strong></span> <span class='ocrx_word' id='word_1_130' title='bbox 3155 444 3200 497; x_wconf 88' lang='lat' dir='ltr'><strong>si</strong></span> <span class='ocrx_word' id='word_1_131' title='bbox 3248 443 3375 512; x_wconf 86' lang='lat' dir='ltr'><strong>quis</strong></span> <span class='ocrx_word' id='word_1_132' title='bbox 3405 446 3573 501; x_wconf 83' lang='lat' dir='ltr'><strong>etiam</strong></span> 
     </span>
    </p>
   </div>
   <div class='ocr_carea' id='block_1_20' title="bbox 2001 535 3577 606">
    <p class='ocr_par' dir='ltr' id='par_1_20' title="bbox 2001 535 3577 606">
     <span class='ocr_line' id='line_1_20' title="bbox 2001 535 3577 606; baseline -0.001 -15"><span class='ocrx_word' id='word_1_133' title='bbox 2001 537 2217 591; x_wconf 86' lang='lat' dir='ltr'><strong>diceret</strong></span> <span class='ocrx_word' id='word_1_134' title='bbox 2250 538 2464 592; x_wconf 84' lang='lat' dir='ltr'><strong>Patrem</strong></span> <span class='ocrx_word' id='word_1_135' title='bbox 2503 537 2681 592; x_wconf 85' lang='lat' dir='ltr'><strong>solum</strong></span> <span class='ocrx_word' id='word_1_136' title='bbox 2707 537 2914 592; x_wconf 79' lang='lat' dir='ltr'><strong>fontem</strong></span> <span class='ocrx_word' id='word_1_137' title='bbox 2948 535 3326 606; x_wconf 72' lang='lat' dir='ltr'><strong>generationis</strong></span> <span class='ocrx_word' id='word_1_138' title='bbox 3349 535 3577 601; x_wconf 59' lang='lat' dir='ltr'><strong>divinae}</strong></span> 
     </span>
    </p>
   </div>
   <div class='ocr_carea' id='block_1_21' title="bbox 2001 625 3578 696">
    <p class='ocr_par' dir='ltr' id='par_1_21' title="bbox 2001 625 3578 696">
     <span class='ocr_line' id='line_1_21' title="bbox 2001 625 3578 696; baseline 0.002 -19"><span class='ocrx_word' id='word_1_139' title='bbox 2001 641 2123 695; x_wconf 72' lang='lat' dir='ltr'><strong>qua:</strong></span> <span class='ocrx_word' id='word_1_140' title='bbox 2155 641 2322 693; x_wconf 80' lang='lat' dir='ltr'><strong>supra</strong></span> <span class='ocrx_word' id='word_1_141' title='bbox 2369 642 2592 680; x_wconf 81' lang='lat' dir='ltr'><strong>omnem</strong></span> <span class='ocrx_word' id='word_1_142' title='bbox 2644 625 3015 680; x_wconf 83' lang='lat' dir='ltr'><strong>substantiam</strong></span> <span class='ocrx_word' id='word_1_143' title='bbox 3049 633 3155 686; x_wconf 86' lang='lat' dir='ltr'><strong>est,</strong></span> <span class='ocrx_word' id='word_1_144' title='bbox 3188 634 3452 694; x_wconf 84' lang='lat' dir='ltr'><strong>tanquam</strong></span> <span class='ocrx_word' id='word_1_145' title='bbox 3483 627 3578 696; x_wconf 86' lang='lat' dir='ltr'><strong>qui</strong></span> 
     </span>
    </p>
   </div>
   <div class='ocr_carea' id='block_1_22' title="bbox 2002 717 3581 788">
    <p class='ocr_par' dir='ltr' id='par_1_22' title="bbox 2002 717 3581 788">
     <span class='ocr_line' id='line_1_22' title="bbox 2002 717 3581 788; baseline 0.001 -16"><span class='ocrx_word' id='word_1_146' title='bbox 2002 718 2152 772; x_wconf 85' lang='lat' dir='ltr'><strong>solus</strong></span> <span class='ocrx_word' id='word_1_147' title='bbox 2190 719 2314 772; x_wconf 84' lang='lat' dir='ltr'><strong>Filii</strong></span> <span class='ocrx_word' id='word_1_148' title='bbox 2371 718 2538 772; x_wconf 87' lang='lat' dir='ltr'><strong>simul</strong></span> <span class='ocrx_word' id='word_1_149' title='bbox 2599 734 2664 772; x_wconf 87' lang='lat' dir='ltr'><strong>ac</strong></span> <span class='ocrx_word' id='word_1_150' title='bbox 2713 718 2956 788; x_wconf 84' lang='lat' dir='ltr'><strong>Spiritus</strong></span> <span class='ocrx_word' id='word_1_151' title='bbox 2991 717 3325 786; x_wconf 81' lang='lat' dir='ltr'><strong>principium</strong></span> <span class='ocrx_word' id='word_1_152' title='bbox 3381 719 3472 779; x_wconf 78' lang='lat' dir='ltr'><strong>sit.</strong></span> <span class='ocrx_word' id='word_1_153' title='bbox 3524 727 3581 773; x_wconf 84' lang='lat' dir='ltr'><strong>et</strong></span> 
     </span>
    </p>
   </div>
   <div class='ocr_carea' id='block_1_23' title="bbox 2003 807 3578 878">
    <p class='ocr_par' dir='ltr' id='par_1_23' title="bbox 2003 807 3578 878">
     <span class='ocr_line' id='line_1_23' title="bbox 2003 807 3578 878; baseline 0.001 -16"><span class='ocrx_word' id='word_1_154' title='bbox 2003 807 2156 863; x_wconf 82' lang='lat' dir='ltr'><strong>solus</strong></span> <span class='ocrx_word' id='word_1_155' title='bbox 2189 807 2314 862; x_wconf 76' lang='lat' dir='ltr'><strong>lotis</strong></span> <span class='ocrx_word' id='word_1_156' title='bbox 2363 824 2470 862; x_wconf 89' lang='lat' dir='ltr'><strong>non</strong></span> <span class='ocrx_word' id='word_1_157' title='bbox 2505 824 2570 862; x_wconf 84' lang='lat' dir='ltr'><strong>ex</strong></span> <span class='ocrx_word' id='word_1_158' title='bbox 2615 810 2766 862; x_wconf 85' lang='lat' dir='ltr'><strong>fon-te</strong></span> <span class='ocrx_word' id='word_1_159' title='bbox 2801 828 2814 864; x_wconf 87' lang='lat'><strong>:</strong></span> <span class='ocrx_word' id='word_1_160' title='bbox 2852 808 3026 863; x_wconf 86' lang='lat' dir='ltr'><strong>Filius</strong></span> <span class='ocrx_word' id='word_1_161' title='bbox 3068 823 3202 861; x_wconf 86' lang='lat' dir='ltr'><strong>vero</strong></span> <span class='ocrx_word' id='word_1_162' title='bbox 3247 810 3319 862; x_wconf 87' lang='lat' dir='ltr'><strong>sit</strong></span> <span class='ocrx_word' id='word_1_163' title='bbox 3350 811 3578 878; x_wconf 80' lang='lat' dir='ltr'><strong>quidem</strong></span> 
     </span>
    </p>
   </div>
   <div class='ocr_carea' id='block_1_24' title="bbox 2005 899 3577 962">
    <p class='ocr_par' dir='ltr' id='par_1_24' title="bbox 2005 899 3577 962">
     <span class='ocr_line' id='line_1_24' title="bbox 2005 899 3577 962; baseline 0.003 -11"><span class='ocrx_word' id='word_1_164' title='bbox 2005 899 2146 960; x_wconf 77' lang='lat' dir='ltr'><strong>fons.</strong></span> <span class='ocrx_word' id='word_1_165' title='bbox 2179 899 2509 954; x_wconf 91' lang='lat' dir='ltr'><strong>doctoribus</strong></span> <span class='ocrx_word' id='word_1_166' title='bbox 2543 901 2617 954; x_wconf 90' lang='lat' dir='ltr'><strong>ita</strong></span> <span class='ocrx_word' id='word_1_167' title='bbox 2650 900 3008 962; x_wconf 81' lang='lat' dir='ltr'><strong>docentibus,</strong></span> <span class='ocrx_word' id='word_1_168' title='bbox 3037 899 3134 953; x_wconf 88' lang='lat' dir='ltr'><strong>sed</strong></span> <span class='ocrx_word' id='word_1_169' title='bbox 3162 901 3283 958; x_wconf 74' lang='lat' dir='ltr'><strong>foris</strong></span> <span class='ocrx_word' id='word_1_170' title='bbox 3311 916 3376 952; x_wconf 73' lang='lat' dir='ltr'><strong>ex</strong></span> <span class='ocrx_word' id='word_1_171' title='bbox 3406 902 3577 956; x_wconf 84' lang='lat' dir='ltr'><strong>lonte.</strong></span> 
     </span>
    </p>
   </div>
   <div class='ocr_carea' id='block_1_25' title="bbox 2001 989 3576 1060">
    <p class='ocr_par' dir='ltr' id='par_1_25' title="bbox 2001 989 3576 1060">
     <span class='ocr_line' id='line_1_25' title="bbox 2001 989 3576 1060; baseline 0.003 -18"><span class='ocrx_word' id='word_1_172' title='bbox 2001 989 2179 1060; x_wconf 78' lang='lat' dir='ltr'><strong>Hujus</strong></span> <span class='ocrx_word' id='word_1_173' title='bbox 2225 1002 2410 1044; x_wconf 87' lang='lat' dir='ltr'><strong>autem</strong></span> <span class='ocrx_word' id='word_1_174' title='bbox 2448 995 2744 1045; x_wconf 68' lang='lat' dir='ltr'><strong>sententia:</strong></span> <span class='ocrx_word' id='word_1_175' title='bbox 2786 1001 2842 1046; x_wconf 87' lang='lat' dir='ltr'><strong>et</strong></span> <span class='ocrx_word' id='word_1_176' title='bbox 2893 991 3088 1045; x_wconf 79' lang='lat' dir='ltr'><strong>beatus</strong></span> <span class='ocrx_word' id='word_1_177' title='bbox 3130 992 3472 1058; x_wconf 78' lang='lat' dir='ltr'><strong>Augustinus</strong></span> <span class='ocrx_word' id='word_1_178' title='bbox 3523 993 3576 1046; x_wconf 93' lang='lat' dir='ltr'><strong>in</strong></span> 
     </span>
    </p>
   </div>
   <div class='ocr_carea' id='block_1_26' title="bbox 2002 1083 3582 1152">
    <p class='ocr_par' dir='ltr' id='par_1_26' title="bbox 2002 1083 3582 1152">
     <span class='ocr_line' id='line_1_26' title="bbox 2002 1083 3582 1152; baseline 0.001 -16"><span class='ocrx_word' id='word_1_179' title='bbox 2002 1096 2199 1152; x_wconf 90' lang='lat' dir='ltr'><strong>quarto</strong></span> <span class='ocrx_word' id='word_1_180' title='bbox 2237 1084 2313 1137; x_wconf 84' lang='lat' dir='ltr'><strong>De</strong></span> <span class='ocrx_word' id='word_1_181' title='bbox 2347 1083 2607 1138; x_wconf 75' lang='lat' dir='ltr'><strong>Trinitale</strong></span> <span class='ocrx_word' id='word_1_182' title='bbox 2636 1092 2752 1148; x_wconf 84' lang='lat' dir='ltr'><strong>est;</strong></span> <span class='ocrx_word' id='word_1_183' title='bbox 2782 1088 2858 1138; x_wconf 85' lang='lat' dir='ltr'><strong>ait</strong></span> <span class='ocrx_word' id='word_1_184' title='bbox 2886 1084 3094 1138; x_wconf 87' lang='lat' dir='ltr'><strong>etenim</strong></span> <span class='ocrx_word' id='word_1_185' title='bbox 3119 1101 3134 1138; x_wconf 90' lang='lat'><strong>:</strong></span> <span class='ocrx_word' id='word_1_186' title='bbox 3179 1083 3243 1137; x_wconf 85' lang='lat' dir='ltr'><strong>Et</strong></span> <span class='ocrx_word' id='word_1_187' title='bbox 3271 1084 3415 1152; x_wconf 86' lang='lat' dir='ltr'><strong>quod</strong></span> <span class='ocrx_word' id='word_1_188' title='bbox 3447 1084 3582 1138; x_wconf 87' lang='lat' dir='ltr'><strong>dicit</strong></span> 
     </span>
    </p>
   </div>
   <div class='ocr_carea' id='block_1_27' title="bbox 2005 1172 3581 1246">
    <p class='ocr_par' dir='ltr' id='par_1_27' title="bbox 2005 1172 3581 1246">
     <span class='ocr_line' id='line_1_27' title="bbox 2005 1172 3581 1246; baseline 0.003 -21"><span class='ocrx_word' id='word_1_189' title='bbox 2005 1172 2269 1230; x_wconf 84' lang='lat' dir='ltr'><strong>Dominus</strong></span> <span class='ocrx_word' id='word_1_190' title='bbox 2305 1191 2322 1231; x_wconf 86' lang='lat'><strong>:</strong></span> <span class='ocrx_word' id='word_1_191' title='bbox 2359 1175 2524 1240; x_wconf 77' lang='lat' dir='ltr'><strong>Quem</strong></span> <span class='ocrx_word' id='word_1_192' title='bbox 2551 1192 2644 1246; x_wconf 75' lang='lat' dir='ltr'><strong>ego</strong></span> <span class='ocrx_word' id='word_1_193' title='bbox 2679 1177 2886 1228; x_wconf 81' lang='lat' dir='ltr'><strong>mittam</strong></span> <span class='ocrx_word' id='word_1_194' title='bbox 2931 1175 3070 1228; x_wconf 70' lang='lat' dir='ltr'><strong>vobis</strong></span> <span class='ocrx_word' id='word_1_195' title='bbox 3097 1193 3128 1228; x_wconf 80' lang='grc' dir='ltr'><em>α</em></span> <span class='ocrx_word' id='word_1_196' title='bbox 3175 1173 3356 1237; x_wconf 82' lang='lat' dir='ltr'><strong>Patre,</strong></span> <span class='ocrx_word' id='word_1_197' title='bbox 3385 1175 3581 1244; x_wconf 88' lang='lat' dir='ltr'><strong>probat</strong></span> 
     </span>
    </p>
   </div>
   <div class='ocr_carea' id='block_1_28' title="bbox 2003 1264 3576 1333">
    <p class='ocr_par' dir='ltr' id='par_1_28' title="bbox 2003 1264 3576 1333">
     <span class='ocr_line' id='line_1_28' title="bbox 2003 1264 3576 1333; baseline 0.001 -14"><span class='ocrx_word' id='word_1_198' title='bbox 2003 1264 2268 1333; x_wconf 74' lang='lat' dir='ltr'><strong>Spiritum</strong></span> <span class='ocrx_word' id='word_1_199' title='bbox 2303 1277 2557 1322; x_wconf 88' lang='lat' dir='ltr'><strong>sanctum</strong></span> <span class='ocrx_word' id='word_1_200' title='bbox 2591 1278 2646 1321; x_wconf 89' lang='lat' dir='ltr'><strong>et</strong></span> <span class='ocrx_word' id='word_1_201' title='bbox 2682 1269 2865 1325; x_wconf 83' lang='lat' dir='ltr'><strong>Patris</strong></span> <span class='ocrx_word' id='word_1_202' title='bbox 2898 1282 3022 1321; x_wconf 80' lang='lat' dir='ltr'><strong>esse</strong></span> <span class='ocrx_word' id='word_1_203' title='bbox 3069 1275 3123 1320; x_wconf 91' lang='lat' dir='ltr'><strong>et</strong></span> <span class='ocrx_word' id='word_1_204' title='bbox 3176 1267 3321 1320; x_wconf 82' lang='lat' dir='ltr'><strong>Filii.</strong></span> <span class='ocrx_word' id='word_1_205' title='bbox 3357 1268 3576 1322; x_wconf 81' lang='lat' dir='ltr'><strong>Etenim</strong></span> 
     </span>
    </p>
   </div>
   <div class='ocr_carea' id='block_1_29' title="bbox 2004 1358 3581 1424">
    <p class='ocr_par' dir='ltr' id='par_1_29' title="bbox 2004 1358 3581 1424">
     <span class='ocr_line' id='line_1_29' title="bbox 2004 1358 3581 1424; baseline 0.001 -12"><span class='ocrx_word' id='word_1_206' title='bbox 2004 1373 2132 1412; x_wconf 86' lang='lat' dir='ltr'><strong>cunt</strong></span> <span class='ocrx_word' id='word_1_207' title='bbox 2155 1358 2386 1416; x_wconf 77' lang='lat' dir='ltr'><strong>dixisset</strong></span> <span class='ocrx_word' id='word_1_208' title='bbox 2421 1360 2825 1424; x_wconf 75' lang='lat' dir='ltr'><strong>:Quemmitm</strong></span> <span class='ocrx_word' id='word_1_209' title='bbox 2861 1360 3046 1421; x_wconf 76' lang='lat' dir='ltr'><strong>Pater,</strong></span> <span class='ocrx_word' id='word_1_210' title='bbox 3087 1359 3304 1414; x_wconf 76' lang='lat' dir='ltr'><strong>addidit</strong></span> <span class='ocrx_word' id='word_1_211' title='bbox 3333 1378 3344 1412; x_wconf 76' lang='grc' dir='ltr'>ε</span> <span class='ocrx_word' id='word_1_212' title='bbox 3376 1359 3442 1412; x_wconf 80' lang='lat' dir='ltr'><strong>In</strong></span> <span class='ocrx_word' id='word_1_213' title='bbox 3488 1377 3581 1413; x_wconf 83' lang='lat' dir='ltr'><strong>no-</strong></span> 
     </span>
    </p>
   </div>
   <div class='ocr_carea' id='block_1_30' title="bbox 2004 1449 3582 1517">
    <p class='ocr_par' dir='ltr' id='par_1_30' title="bbox 2004 1449 3582 1517">
     <span class='ocr_line' id='line_1_30' title="bbox 2004 1449 3582 1517; baseline 0 -14"><span class='ocrx_word' id='word_1_214' title='bbox 2004 1450 2144 1503; x_wconf 81' lang='lat' dir='ltr'><strong>mine</strong></span> <span class='ocrx_word' id='word_1_215' title='bbox 2191 1467 2347 1514; x_wconf 79' lang='lat' dir='ltr'><strong>meo;</strong></span> <span class='ocrx_word' id='word_1_216' title='bbox 2389 1466 2500 1505; x_wconf 92' lang='lat' dir='ltr'><strong>non</strong></span> <span class='ocrx_word' id='word_1_217' title='bbox 2541 1461 2722 1505; x_wconf 90' lang='lat' dir='ltr'><strong>tamen</strong></span> <span class='ocrx_word' id='word_1_218' title='bbox 2757 1450 2895 1505; x_wconf 82' lang='lat' dir='ltr'><strong>dixit</strong></span> <span class='ocrx_word' id='word_1_219' title='bbox 2928 1468 2942 1503; x_wconf 89' lang='lat'>:</span> <span class='ocrx_word' id='word_1_220' title='bbox 2979 1451 3152 1517; x_wconf 82' lang='lat' dir='ltr'><strong>Quem</strong></span> <span class='ocrx_word' id='word_1_221' title='bbox 3203 1451 3386 1504; x_wconf 78' lang='lat' dir='ltr'><strong>mittet</strong></span> <span class='ocrx_word' id='word_1_222' title='bbox 3417 1449 3582 1504; x_wconf 87' lang='lat' dir='ltr'><strong>Pater</strong></span> 
     </span>
    </p>
   </div>
   <div class='ocr_carea' id='block_1_31' title="bbox 2003 1532 3580 1612">
    <p class='ocr_par' dir='ltr' id='par_1_31' title="bbox 2003 1532 3580 1612">
     <span class='ocr_line' id='line_1_31' title="bbox 2003 1532 3580 1612; baseline -0.001 -18"><span class='ocrx_word' id='word_1_223' title='bbox 2003 1556 2033 1594; x_wconf 89' lang='lat' dir='ltr'><strong>a</strong></span> <span class='ocrx_word' id='word_1_224' title='bbox 2065 1555 2172 1603; x_wconf 87' lang='lat' dir='ltr'><strong>mc,</strong></span> <span class='ocrx_word' id='word_1_225' title='bbox 2210 1542 2679 1606; x_wconf 84' lang='lat' dir='ltr'><strong>quemadmodum</strong></span> <span class='ocrx_word' id='word_1_226' title='bbox 2709 1543 2848 1595; x_wconf 73' lang='lat' dir='ltr'><strong>dixit</strong></span> <span class='ocrx_word' id='word_1_227' title='bbox 2885 1561 2897 1596; x_wconf 91' lang='lat'>:</span> <span class='ocrx_word' id='word_1_228' title='bbox 2933 1541 3098 1607; x_wconf 76' lang='lat' dir='ltr'><strong>Quem</strong></span> <span class='ocrx_word' id='word_1_229' title='bbox 3131 1559 3228 1612; x_wconf 84' lang='lat' dir='ltr'><strong>ego</strong></span> <span class='ocrx_word' id='word_1_230' title='bbox 3255 1545 3460 1595; x_wconf 83' lang='lat' dir='ltr'><strong>mittant</strong></span> <span class='ocrx_word' id='word_1_231' title='bbox 3491 1532 3580 1594; x_wconf 52' lang='lat' dir='ltr'><strong>tio-</strong></span> 
     </span>
    </p>
   </div>
   <div class='ocr_carea' id='block_1_32' title="bbox 1995 1630 3578 1701">
    <p class='ocr_par' dir='ltr' id='par_1_32' title="bbox 1995 1630 3578 1701">
     <span class='ocr_line' id='line_1_32' title="bbox 1995 1630 3578 1701; baseline 0.002 -18"><span class='ocrx_word' id='word_1_232' title='bbox 1995 1630 2077 1683; x_wconf 77' lang='lat' dir='ltr'><strong>ibis</strong></span> <span class='ocrx_word' id='word_1_233' title='bbox 2113 1647 2144 1681; x_wconf 85' lang='lat' dir='ltr'><strong>a</strong></span> <span class='ocrx_word' id='word_1_234' title='bbox 2178 1630 2372 1692; x_wconf 80' lang='lat' dir='ltr'><strong>Patre.</strong></span> <span class='ocrx_word' id='word_1_235' title='bbox 2401 1632 2698 1686; x_wconf 88' lang='lat' dir='ltr'><strong>ostendens</strong></span> <span class='ocrx_word' id='word_1_236' title='bbox 2723 1631 2984 1687; x_wconf 85' lang='lat' dir='ltr'><strong>videlicet</strong></span> <span class='ocrx_word' id='word_1_237' title='bbox 3018 1634 3168 1701; x_wconf 90' lang='lat' dir='ltr'><strong>quod</strong></span> <span class='ocrx_word' id='word_1_238' title='bbox 3224 1633 3394 1687; x_wconf 88' lang='lat' dir='ltr'><strong>totius</strong></span> <span class='ocrx_word' id='word_1_239' title='bbox 3436 1632 3578 1686; x_wconf 85' lang='lat' dir='ltr'><strong>divi-</strong></span> 
     </span>
    </p>
   </div>
   <div class='ocr_carea' id='block_1_33' title="bbox 321 1722 3582 1796">
    <p class='ocr_par' dir='ltr' id='par_1_33' title="bbox 321 1722 3582 1796">
     <span class='ocr_line' id='line_1_33' title="bbox 321 1722 3582 1796; baseline -0 -17"><span class='ocrx_word' id='word_1_240' title='bbox 321 1725 528 1779; x_wconf 90' lang='lat' dir='ltr'><strong>Deinde</strong></span> <span class='ocrx_word' id='word_1_241' title='bbox 558 1739 778 1794; x_wconf 90' lang='lat' dir='ltr'><strong>quoque</strong></span> <span class='ocrx_word' id='word_1_242' title='bbox 809 1727 928 1793; x_wconf 85' lang='lat' dir='ltr'><strong>ipse</strong></span> <span class='ocrx_word' id='word_1_243' title='bbox 956 1739 1186 1792; x_wconf 84' lang='lat' dir='ltr'><strong>magnus</strong></span> <span class='ocrx_word' id='word_1_244' title='bbox 1209 1723 1468 1786; x_wconf 77' lang='lat' dir='ltr'><strong>Basilius,</strong></span> <span class='ocrx_word' id='word_1_245' title='bbox 1493 1723 1584 1792; x_wconf 85' lang='lat' dir='ltr'><strong>qui</strong></span> <span class='ocrx_word' id='word_1_246' title='bbox 1617 1724 1762 1779; x_wconf 89' lang='lat' dir='ltr'><strong>hanc</strong></span> <span class='ocrx_word' id='word_1_247' title='bbox 1798 1739 1896 1780; x_wconf 86' lang='lat' dir='ltr'><strong>no-</strong></span> <span class='ocrx_word' id='word_1_248' title='bbox 1931 1737 1974 1796; x_wconf 72' lang='grc' dir='ltr'><strong><em>Β</em></strong></span> <span class='ocrx_word' id='word_1_249' title='bbox 2003 1722 2217 1785; x_wconf 84' lang='lat' dir='ltr'><strong>uitatis,</strong></span> <span class='ocrx_word' id='word_1_250' title='bbox 2249 1723 2333 1777; x_wconf 90' lang='lat' dir='ltr'><strong>vel</strong></span> <span class='ocrx_word' id='word_1_251' title='bbox 2380 1733 2441 1777; x_wconf 90' lang='lat' dir='ltr'><strong>ut</strong></span> <span class='ocrx_word' id='word_1_252' title='bbox 2488 1723 2690 1776; x_wconf 88' lang='lat' dir='ltr'><strong>melius</strong></span> <span class='ocrx_word' id='word_1_253' title='bbox 2723 1723 2984 1789; x_wconf 81' lang='lat' dir='ltr'><strong>dicatur,</strong></span> <span class='ocrx_word' id='word_1_254' title='bbox 3022 1724 3253 1778; x_wconf 82' lang='lat' dir='ltr'><strong>Deitatis</strong></span> <span class='ocrx_word' id='word_1_255' title='bbox 3302 1724 3464 1780; x_wconf 81' lang='lat' dir='ltr'><strong>Pater</strong></span> <span class='ocrx_word' id='word_1_256' title='bbox 3493 1734 3582 1778; x_wconf 87' lang='lat' dir='ltr'><strong>est</strong></span> 
     </span>
    </p>
   </div>
   <div class='ocr_carea' id='block_1_34' title="bbox 311 1814 1894 1886">
    <p class='ocr_par' dir='ltr' id='par_1_34' title="bbox 311 1814 1894 1886">
     <span class='ocr_line' id='line_1_34' title="bbox 311 1814 1894 1886; baseline -0.003 -16"><span class='ocrx_word' id='word_1_257' title='bbox 311 1817 407 1872; x_wconf 80' lang='lat' dir='ltr'><strong>bis</strong></span> <span class='ocrx_word' id='word_1_258' title='bbox 453 1817 680 1871; x_wconf 82' lang='lat' dir='ltr'><strong>tradidit</strong></span> <span class='ocrx_word' id='word_1_259' title='bbox 709 1816 992 1886; x_wconf 81' lang='lat' dir='ltr'><strong>regulam,</strong></span> <span class='ocrx_word' id='word_1_260' title='bbox 1030 1814 1238 1868; x_wconf 84' lang='lat' dir='ltr'><strong>fontem</strong></span> <span class='ocrx_word' id='word_1_261' title='bbox 1290 1814 1531 1884; x_wconf 90' lang='lat' dir='ltr'><strong>Spiritus</strong></span> <span class='ocrx_word' id='word_1_262' title='bbox 1579 1814 1753 1867; x_wconf 82' lang='lat' dir='ltr'><strong>sancti</strong></span> <span class='ocrx_word' id='word_1_263' title='bbox 1807 1814 1894 1867; x_wconf 85' lang='lat' dir='ltr'><strong>Fi-</strong></span> 
     </span>
    </p>
   </div>
   <div class='ocr_carea' id='block_1_35' title="bbox 2007 1814 3582 1892">
    <p class='ocr_par' dir='ltr' id='par_1_35' title="bbox 2007 1814 3582 1892">
     <span class='ocr_line' id='line_1_35' title="bbox 2007 1814 3582 1892; baseline 0.003 -27"><span class='ocrx_word' id='word_1_264' title='bbox 2007 1814 2359 1892; x_wconf 80' lang='lat' dir='ltr'><strong>priucipium.</strong></span> <span class='ocrx_word' id='word_1_265' title='bbox 2396 1815 2507 1868; x_wconf 81' lang='lat' dir='ltr'><strong>Hoc</strong></span> <span class='ocrx_word' id='word_1_266' title='bbox 2540 1814 2861 1868; x_wconf 88' lang='lat' dir='ltr'><strong>beatissimo</strong></span> <span class='ocrx_word' id='word_1_267' title='bbox 2882 1814 3118 1868; x_wconf 83' lang='lat' dir='ltr'><strong>doctore</strong></span> <span class='ocrx_word' id='word_1_268' title='bbox 3176 1830 3340 1883; x_wconf 85' lang='lat' dir='ltr'><strong>quem</strong></span> <span class='ocrx_word' id='word_1_269' title='bbox 3368 1815 3582 1883; x_wconf 82' lang='lat' dir='ltr'><strong>dignio-</strong></span> 
     </span>
    </p>
   </div>
   <div class='ocr_carea' id='block_1_36' title="bbox 310 1887 3668 1977">
    <p class='ocr_par' dir='ltr' id='par_1_36' title="bbox 310 1887 3668 1977">
     <span class='ocr_line' id='line_1_36' title="bbox 310 1887 3668 1977; baseline -0.001 -15"><span class='ocrx_word' id='word_1_270' title='bbox 310 1909 456 1963; x_wconf 71' lang='lat' dir='ltr'><strong>iium</strong></span> <span class='ocrx_word' id='word_1_271' title='bbox 493 1909 760 1972; x_wconf 85' lang='lat' dir='ltr'><strong>nominat,</strong></span> <span class='ocrx_word' id='word_1_272' title='bbox 799 1907 992 1962; x_wconf 81' lang='lat' dir='ltr'><strong>dicens</strong></span> <span class='ocrx_word' id='word_1_273' title='bbox 1025 1923 1038 1960; x_wconf 87' lang='lat'><strong>:</strong></span> <span class='ocrx_word' id='word_1_274' title='bbox 1069 1905 1221 1961; x_wconf 81' lang='lat' dir='ltr'><strong>Fons</strong></span> <span class='ocrx_word' id='word_1_275' title='bbox 1247 1906 1373 1960; x_wconf 65' lang='lat' dir='ltr'><strong>vitae</strong></span> <span class='ocrx_word' id='word_1_276' title='bbox 1405 1907 1598 1969; x_wconf 87' lang='lat' dir='ltr'><strong>Filius,</strong></span> <span class='ocrx_word' id='word_1_277' title='bbox 1642 1906 1720 1960; x_wconf 87' lang='lat' dir='ltr'><strong>ait</strong></span> <span class='ocrx_word' id='word_1_278' title='bbox 1746 1905 1898 1960; x_wconf 82' lang='lat' dir='ltr'><strong>enim</strong></span> <span class='ocrx_word' id='word_1_279' title='bbox 1993 1919 2116 1957; x_wconf 76' lang='lat' dir='ltr'><strong>rem</strong></span> <span class='ocrx_word' id='word_1_280' title='bbox 2149 1887 2467 1974; x_wconf 67' lang='lat' dir='ltr'><strong>quaeremus</strong></span> <span class='ocrx_word' id='word_1_281' title='bbox 2497 1909 2701 1961; x_wconf 88' lang='lat' dir='ltr'><strong>menlis</strong></span> <span class='ocrx_word' id='word_1_282' title='bbox 2725 1906 2974 1977; x_wconf 71' lang='lat' dir='ltr'><strong>Dionysii</strong></span> <span class='ocrx_word' id='word_1_283' title='bbox 3002 1906 3419 1974; x_wconf 82' lang='lat' dir='ltr'><strong>expositorcm?</strong></span> <span class='ocrx_word' id='word_1_284' title='bbox 3447 1905 3583 1972; x_wconf 84' lang='lat' dir='ltr'><strong>Quis</strong></span> <span class='ocrx_word' id='word_1_285' title='bbox 3658 1887 3668 1896; x_wconf 58' lang='grc'><em>’</em></span> 
     </span>
    </p>
   </div>
   <div class='ocr_carea' id='block_1_37' title="bbox 315 1996 1899 2067">
    <p class='ocr_par' dir='ltr' id='par_1_37' title="bbox 315 1996 1899 2067">
     <span class='ocr_line' id='line_1_37' title="bbox 315 1996 1899 2067; baseline -0.003 -13"><span class='ocrx_word' id='word_1_286' title='bbox 315 1999 497 2054; x_wconf 80' lang='lat' dir='ltr'><strong>David</strong></span> <span class='ocrx_word' id='word_1_287' title='bbox 527 2000 591 2052; x_wconf 89' lang='lat' dir='ltr'><strong>ad</strong></span> <span class='ocrx_word' id='word_1_288' title='bbox 626 1999 843 2053; x_wconf 82' lang='lat' dir='ltr'><strong>Patrem</strong></span> <span class='ocrx_word' id='word_1_289' title='bbox 876 2013 892 2052; x_wconf 86' lang='lat'><strong>:</strong></span> <span class='ocrx_word' id='word_1_290' title='bbox 921 1996 1188 2062; x_wconf 81' lang='lat' dir='ltr'><strong>Quoniam</strong></span> <span class='ocrx_word' id='word_1_291' title='bbox 1233 1999 1374 2067; x_wconf 79' lang='lat' dir='ltr'><strong>apud</strong></span> <span class='ocrx_word' id='word_1_292' title='bbox 1409 2007 1459 2050; x_wconf 79' lang='lat' dir='ltr'><strong>te</strong></span> <span class='ocrx_word' id='word_1_293' title='bbox 1491 2008 1564 2052; x_wconf 78' lang='lat' dir='ltr'><strong>est</strong></span> <span class='ocrx_word' id='word_1_294' title='bbox 1604 1998 1722 2067; x_wconf 76' lang='lat' dir='ltr'><strong>[om</strong></span> <span class='ocrx_word' id='word_1_295' title='bbox 1744 1999 1899 2061; x_wconf 64' lang='lat' dir='ltr'><strong>sine;</strong></span> 
     </span>
    </p>
   </div>
   <div class='ocr_carea' id='block_1_38' title="bbox 317 2089 1900 2160">
    <p class='ocr_par' dir='ltr' id='par_1_38' title="bbox 317 2089 1900 2160">
     <span class='ocr_line' id='line_1_38' title="bbox 317 2089 1900 2160; baseline -0.003 -15"><span class='ocrx_word' id='word_1_296' title='bbox 317 2099 374 2145; x_wconf 88' lang='lat' dir='ltr'><strong>et</strong></span> <span class='ocrx_word' id='word_1_297' title='bbox 409 2107 603 2145; x_wconf 87' lang='lat' dir='ltr'><strong>rursus</strong></span> <span class='ocrx_word' id='word_1_298' title='bbox 629 2091 771 2144; x_wconf 90' lang='lat' dir='ltr'><strong>alius</strong></span> <span class='ocrx_word' id='word_1_299' title='bbox 815 2091 1088 2160; x_wconf 87' lang='lat' dir='ltr'><strong>propheta</strong></span> <span class='ocrx_word' id='word_1_300' title='bbox 1125 2091 1256 2143; x_wconf 90' lang='lat' dir='ltr'><strong>dicit</strong></span> <span class='ocrx_word' id='word_1_301' title='bbox 1294 2090 1364 2142; x_wconf 90' lang='lat' dir='ltr'><strong>de</strong></span> <span class='ocrx_word' id='word_1_302' title='bbox 1411 2089 1620 2143; x_wconf 71' lang='lat' dir='ltr'><strong>Judaeis</strong></span> <span class='ocrx_word' id='word_1_303' title='bbox 1655 2110 1666 2141; x_wconf 87' lang='lat'><strong>:</strong></span> <span class='ocrx_word' id='word_1_304' title='bbox 1698 2089 1777 2142; x_wconf 65' lang='lat' dir='ltr'><strong>ille</strong></span> <span class='ocrx_word' id='word_1_305' title='bbox 1811 2089 1900 2141; x_wconf 85' lang='lat' dir='ltr'><strong>de-</strong></span> 
     </span>
    </p>
   </div>
   <div class='ocr_carea' id='block_1_39' title="bbox 313 2181 1932 2253">
    <p class='ocr_par' dir='ltr' id='par_1_39' title="bbox 313 2181 1932 2253">
     <span class='ocr_line' id='line_1_39' title="bbox 313 2181 1932 2253; baseline -0.001 -18"><span class='ocrx_word' id='word_1_306' title='bbox 313 2183 653 2253; x_wconf 76' lang='lat' dir='ltr'><strong>reliqtterunt</strong></span> <span class='ocrx_word' id='word_1_307' title='bbox 685 2182 883 2252; x_wconf 78' lang='lat' dir='ltr'><strong>fontem</strong></span> <span class='ocrx_word' id='word_1_308' title='bbox 913 2197 1065 2248; x_wconf 75' lang='lat' dir='ltr'><strong>aqua?</strong></span> <span class='ocrx_word' id='word_1_309' title='bbox 1097 2182 1336 2234; x_wconf 74' lang='lat' dir='ltr'><strong>viventis.</strong></span> <span class='ocrx_word' id='word_1_310' title='bbox 1366 2181 1522 2249; x_wconf 82' lang='lat' dir='ltr'><strong>Aqua</strong></span> <span class='ocrx_word' id='word_1_311' title='bbox 1555 2197 1684 2234; x_wconf 89' lang='lat' dir='ltr'><strong>vero</strong></span> <span class='ocrx_word' id='word_1_312' title='bbox 1707 2181 1900 2234; x_wconf 87' lang='lat' dir='ltr'><strong>vivens</strong></span> <span class='ocrx_word' id='word_1_313' title='bbox 1930 2201 1932 2204; x_wconf 50' lang='grc' dir='ltr'>ν</span> 
     </span>
    </p>
   </div>
   <div class='ocr_carea' id='block_1_40' title="bbox 311 2271 1899 2343">
    <p class='ocr_par' dir='ltr' id='par_1_40' title="bbox 311 2271 1899 2343">
     <span class='ocr_line' id='line_1_40' title="bbox 311 2271 1899 2343; baseline -0.001 -15"><span class='ocrx_word' id='word_1_314' title='bbox 311 2274 536 2328; x_wconf 82' lang='lat' dir='ltr'><strong>dicitur</strong></span> <span class='ocrx_word' id='word_1_315' title='bbox 568 2273 812 2343; x_wconf 88' lang='lat' dir='ltr'><strong>Spiritus</strong></span> <span class='ocrx_word' id='word_1_316' title='bbox 863 2283 1108 2328; x_wconf 86' lang='lat' dir='ltr'><strong>sanctus.</strong></span> <span class='ocrx_word' id='word_1_317' title='bbox 1144 2271 1210 2326; x_wconf 85' lang='lat' dir='ltr'><strong>Et</strong></span> <span class='ocrx_word' id='word_1_318' title='bbox 1257 2271 1560 2324; x_wconf 85' lang='lat' dir='ltr'><strong>nntandum</strong></span> <span class='ocrx_word' id='word_1_319' title='bbox 1596 2271 1742 2340; x_wconf 89' lang='lat' dir='ltr'><strong>quod</strong></span> <span class='ocrx_word' id='word_1_320' title='bbox 1774 2273 1899 2340; x_wconf 86' lang='lat' dir='ltr'><strong>Spi-</strong></span> 
     </span>
    </p>
   </div>
   <div class='ocr_carea' id='block_1_41' title="bbox 311 2363 1904 2432">
    <p class='ocr_par' dir='ltr' id='par_1_41' title="bbox 311 2363 1904 2432">
     <span class='ocr_line' id='line_1_41' title="bbox 311 2363 1904 2432; baseline -0.001 -14"><span class='ocrx_word' id='word_1_321' title='bbox 311 2367 496 2419; x_wconf 71' lang='lat' dir='ltr'><strong>ritum</strong></span> <span class='ocrx_word' id='word_1_322' title='bbox 527 2374 777 2418; x_wconf 88' lang='lat' dir='ltr'><strong>sanctum</strong></span> <span class='ocrx_word' id='word_1_323' title='bbox 811 2363 964 2428; x_wconf 89' lang='lat' dir='ltr'><strong>dicit,</strong></span> <span class='ocrx_word' id='word_1_324' title='bbox 1001 2363 1319 2431; x_wconf 82' lang='lat' dir='ltr'><strong>signiﬁcans</strong></span> <span class='ocrx_word' id='word_1_325' title='bbox 1363 2364 1534 2432; x_wconf 86' lang='lat' dir='ltr'><strong>ipsam</strong></span> <span class='ocrx_word' id='word_1_326' title='bbox 1564 2365 1683 2431; x_wconf 86' lang='lat' dir='ltr'><strong>ejus</strong></span> <span class='ocrx_word' id='word_1_327' title='bbox 1712 2379 1904 2430; x_wconf 82' lang='lat' dir='ltr'><strong>perso-</strong></span> 
     </span>
    </p>
   </div>
   <div class='ocr_carea' id='block_1_42' title="bbox 321 2453 1902 2523">
    <p class='ocr_par' dir='ltr' id='par_1_42' title="bbox 321 2453 1902 2523">
     <span class='ocr_line' id='line_1_42' title="bbox 321 2453 1902 2523; baseline 0 -16"><span class='ocrx_word' id='word_1_328' title='bbox 321 2471 488 2518; x_wconf 84' lang='lat' dir='ltr'><strong>nam;</strong></span> <span class='ocrx_word' id='word_1_329' title='bbox 527 2468 760 2523; x_wconf 86' lang='lat' dir='ltr'><strong>persona</strong></span> <span class='ocrx_word' id='word_1_330' title='bbox 801 2468 932 2507; x_wconf 88' lang='lat' dir='ltr'><strong>vero</strong></span> <span class='ocrx_word' id='word_1_331' title='bbox 983 2454 1221 2522; x_wconf 84' lang='lat' dir='ltr'><strong>Spiritus</strong></span> <span class='ocrx_word' id='word_1_332' title='bbox 1251 2457 1426 2507; x_wconf 87' lang='lat' dir='ltr'><strong>sancti</strong></span> <span class='ocrx_word' id='word_1_333' title='bbox 1480 2454 1624 2507; x_wconf 88' lang='lat' dir='ltr'><strong>Deus</strong></span> <span class='ocrx_word' id='word_1_334' title='bbox 1669 2465 1778 2516; x_wconf 83' lang='lat' dir='ltr'><strong>est;</strong></span> <span class='ocrx_word' id='word_1_335' title='bbox 1809 2453 1902 2507; x_wconf 77' lang='lat' dir='ltr'><strong>Fi-</strong></span> 
     </span>
    </p>
   </div>
   <div class='ocr_carea' id='block_1_43' title="bbox 321 2543 1906 2614">
    <p class='ocr_par' dir='ltr' id='par_1_43' title="bbox 321 2543 1906 2614">
     <span class='ocr_line' id='line_1_43' title="bbox 321 2543 1906 2614; baseline 0.001 -17"><span class='ocrx_word' id='word_1_336' title='bbox 321 2544 429 2599; x_wconf 86' lang='lat' dir='ltr'><strong>lius</strong></span> <span class='ocrx_word' id='word_1_337' title='bbox 482 2545 809 2614; x_wconf 74' lang='lat' dir='ltr'><strong>igitur-cum</strong></span> <span class='ocrx_word' id='word_1_338' title='bbox 844 2547 918 2599; x_wconf 89' lang='lat' dir='ltr'><strong>sit</strong></span> <span class='ocrx_word' id='word_1_339' title='bbox 963 2543 1086 2598; x_wconf 69' lang='lat' dir='ltr'><strong>fons</strong></span> <span class='ocrx_word' id='word_1_340' title='bbox 1129 2544 1578 2614; x_wconf 86' lang='lat' dir='ltr'><strong>Spiritussancti</strong></span> <span class='ocrx_word' id='word_1_341' title='bbox 1610 2585 1624 2605; x_wconf 87' lang='lat'><strong>.</strong></span> <span class='ocrx_word' id='word_1_342' title='bbox 1653 2545 1780 2600; x_wconf 81' lang='lat' dir='ltr'><strong>{ous</strong></span> <span class='ocrx_word' id='word_1_343' title='bbox 1821 2554 1906 2600; x_wconf 78' lang='lat' dir='ltr'><strong>est</strong></span> 
     </span>
    </p>
   </div>
   <div class='ocr_carea' id='block_1_44' title="bbox 321 2635 1907 2702">
    <p class='ocr_par' dir='ltr' id='par_1_44' title="bbox 321 2635 1907 2702">
     <span class='ocr_line' id='line_1_44' title="bbox 321 2635 1907 2702; baseline -0.004 -10"><span class='ocrx_word' id='word_1_344' title='bbox 321 2637 636 2692; x_wconf 84' lang='lat' dir='ltr'><strong>divinitatis</strong></span> <span class='ocrx_word' id='word_1_345' title='bbox 682 2636 1152 2691; x_wconf 79' lang='lat' dir='ltr'><strong>manifestissime.</strong></span> <span class='ocrx_word' id='word_1_346' title='bbox 1187 2635 1372 2702; x_wconf 87' lang='lat' dir='ltr'><strong>Quare</strong></span> <span class='ocrx_word' id='word_1_347' title='bbox 1403 2651 1527 2690; x_wconf 90' lang='lat' dir='ltr'><strong>cum</strong></span> <span class='ocrx_word' id='word_1_348' title='bbox 1561 2640 1738 2691; x_wconf 87' lang='lat' dir='ltr'><strong>sancti</strong></span> <span class='ocrx_word' id='word_1_349' title='bbox 1773 2637 1907 2692; x_wconf 69' lang='lat' dir='ltr'><strong>Dio~</strong></span> 
     </span>
    </p>
   </div>
   <div class='ocr_carea' id='block_1_45' title="bbox 321 2728 1909 2803">
    <p class='ocr_par' dir='ltr' id='par_1_45' title="bbox 321 2728 1909 2803">
     <span class='ocr_line' id='line_1_45' title="bbox 321 2728 1909 2803; baseline 0 -19"><span class='ocrx_word' id='word_1_350' title='bbox 321 2730 478 2803; x_wconf 83' lang='lat' dir='ltr'><strong>nysii</strong></span> <span class='ocrx_word' id='word_1_351' title='bbox 513 2729 604 2783; x_wconf 90' lang='lat' dir='ltr'><strong>illa</strong></span> <span class='ocrx_word' id='word_1_352' title='bbox 631 2729 956 2796; x_wconf 78' lang='lat' dir='ltr'><strong>auctoritas,</strong></span> <span class='ocrx_word' id='word_1_353' title='bbox 995 2728 1172 2783; x_wconf 90' lang='lat' dir='ltr'><strong>solum</strong></span> <span class='ocrx_word' id='word_1_354' title='bbox 1207 2728 1420 2784; x_wconf 70' lang='lat' dir='ltr'><strong>fontem</strong></span> <span class='ocrx_word' id='word_1_355' title='bbox 1455 2728 1764 2784; x_wconf 67' lang='lat' dir='ltr'><strong>divinitatis</strong></span> <span class='ocrx_word' id='word_1_356' title='bbox 1799 2729 1909 2784; x_wconf 78' lang='lat' dir='ltr'><strong>Pa-</strong></span> 
     </span>
    </p>
   </div>
   <div class='ocr_carea' id='block_1_46' title="bbox 313 2820 1911 2894">
    <p class='ocr_par' dir='ltr' id='par_1_46' title="bbox 313 2820 1911 2894">
     <span class='ocr_line' id='line_1_46' title="bbox 313 2820 1911 2894; baseline -0.001 -18"><span class='ocrx_word' id='word_1_357' title='bbox 313 2832 472 2880; x_wconf 82' lang='lat' dir='ltr'><strong>trem</strong></span> <span class='ocrx_word' id='word_1_358' title='bbox 499 2821 824 2891; x_wconf 87' lang='lat' dir='ltr'><strong>inquieutis,</strong></span> <span class='ocrx_word' id='word_1_359' title='bbox 853 2820 1131 2894; x_wconf 69' lang='lat' dir='ltr'><strong>praedictis</strong></span> <span class='ocrx_word' id='word_1_360' title='bbox 1149 2828 1472 2876; x_wconf 77' lang='lat' dir='ltr'><strong>sanctorum</strong></span> <span class='ocrx_word' id='word_1_361' title='bbox 1485 2820 1911 2875; x_wconf 85' lang='lat' dir='ltr'><strong>auctoritatibus</strong></span> 
     </span>
    </p>
   </div>
   <div class='ocr_carea' id='block_1_47' title="bbox 320 2906 1912 2983">
    <p class='ocr_par' dir='ltr' id='par_1_47' title="bbox 320 2906 1912 2983">
     <span class='ocr_line' id='line_1_47' title="bbox 320 2906 1912 2983; baseline -0.001 -16"><span class='ocrx_word' id='word_1_362' title='bbox 320 2929 430 2969; x_wconf 83' lang='lat' dir='ltr'><strong>non</strong></span> <span class='ocrx_word' id='word_1_363' title='bbox 497 2913 844 2969; x_wconf 89' lang='lat' dir='ltr'><strong>contradicat</strong></span> <span class='ocrx_word' id='word_1_364' title='bbox 891 2911 1072 2983; x_wconf 71' lang='lat' dir='ltr'><strong>(nefas</strong></span> <span class='ocrx_word' id='word_1_365' title='bbox 1118 2906 1397 2966; x_wconf 50' lang='lat' dir='ltr'><strong>est&#39;enim</strong></span> <span class='ocrx_word' id='word_1_366' title='bbox 1449 2912 1615 2966; x_wconf 88' lang='lat' dir='ltr'><strong>etiam</strong></span> <span class='ocrx_word' id='word_1_367' title='bbox 1669 2912 1912 2980; x_wconf 79' lang='lat' dir='ltr'><strong>cogitare</strong></span> 
     </span>
    </p>
   </div>
   <div class='ocr_carea' id='block_1_48' title="bbox 309 3004 1911 3079">
    <p class='ocr_par' dir='ltr' id='par_1_48' title="bbox 309 3004 1911 3079">
     <span class='ocr_line' id='line_1_48' title="bbox 309 3004 1911 3079; baseline -0.002 -15"><span class='ocrx_word' id='word_1_368' title='bbox 309 3009 478 3079; x_wconf 74' lang='lat' dir='ltr'><strong>quod</strong></span> <span class='ocrx_word' id='word_1_369' title='bbox 517 3008 690 3062; x_wconf 85' lang='lat' dir='ltr'><strong>sancti</strong></span> <span class='ocrx_word' id='word_1_370' title='bbox 722 3006 980 3060; x_wconf 88' lang='lat' dir='ltr'><strong>doctores</strong></span> <span class='ocrx_word' id='word_1_371' title='bbox 1013 3005 1249 3060; x_wconf 90' lang='lat' dir='ltr'><strong>invicem</strong></span> <span class='ocrx_word' id='word_1_372' title='bbox 1288 3004 1718 3074; x_wconf 77' lang='lat' dir='ltr'><strong>contradicunt),</strong></span> <span class='ocrx_word' id='word_1_373' title='bbox 1761 3004 1911 3060; x_wconf 81' lang='lat' dir='ltr'><strong>aliud</strong></span> 
     </span>
    </p>
   </div>
   <div class='ocr_carea' id='block_1_49' title="bbox 2001 1997 3582 2068">
    <p class='ocr_par' dir='ltr' id='par_1_49' title="bbox 2001 1997 3582 2068">
     <span class='ocr_line' id='line_1_49' title="bbox 2001 1997 3582 2068; baseline -0.001 -14"><span class='ocrx_word' id='word_1_374' title='bbox 2001 2001 2106 2055; x_wconf 88' lang='lat' dir='ltr'><strong>hoc</strong></span> <span class='ocrx_word' id='word_1_375' title='bbox 2140 1999 2341 2054; x_wconf 89' lang='lat' dir='ltr'><strong>melius</strong></span> <span class='ocrx_word' id='word_1_376' title='bbox 2369 1998 2685 2053; x_wconf 83' lang='lat' dir='ltr'><strong>intellexit?</strong></span> <span class='ocrx_word' id='word_1_377' title='bbox 2720 1997 2772 2052; x_wconf 92' lang='lat' dir='ltr'><strong>iu</strong></span> <span class='ocrx_word' id='word_1_378' title='bbox 2807 2014 2919 2068; x_wconf 90' lang='lat' dir='ltr'><strong>quo</strong></span> <span class='ocrx_word' id='word_1_379' title='bbox 2958 2008 3018 2052; x_wconf 90' lang='lat' dir='ltr'><strong>ut</strong></span> <span class='ocrx_word' id='word_1_380' title='bbox 3048 1998 3144 2051; x_wconf 87' lang='lat' dir='ltr'><strong>illo</strong></span> <span class='ocrx_word' id='word_1_381' title='bbox 3190 1997 3431 2068; x_wconf 86' lang='lat' dir='ltr'><strong>Spiritus</strong></span> <span class='ocrx_word' id='word_1_382' title='bbox 3455 2015 3582 2054; x_wconf 88' lang='lat' dir='ltr'><strong>sau-</strong></span> 
     </span>
    </p>
   </div>
   <div class='ocr_carea' id='block_1_50' title="bbox 1999 2091 3583 2160">
    <p class='ocr_par' dir='ltr' id='par_1_50' title="bbox 1999 2091 3583 2160">
     <span class='ocr_line' id='line_1_50' title="bbox 1999 2091 3583 2160; baseline -0.003 -10"><span class='ocrx_word' id='word_1_383' title='bbox 1999 2106 2120 2150; x_wconf 87' lang='lat' dir='ltr'><strong>ctus</strong></span> <span class='ocrx_word' id='word_1_384' title='bbox 2148 2095 2370 2149; x_wconf 89' lang='lat' dir='ltr'><strong>locutus</strong></span> <span class='ocrx_word' id='word_1_385' title='bbox 2401 2095 2525 2149; x_wconf 85' lang='lat' dir='ltr'><strong>est?</strong></span> <span class='ocrx_word' id='word_1_386' title='bbox 2557 2092 2716 2160; x_wconf 81' lang='lat' dir='ltr'><strong>Quod</strong></span> <span class='ocrx_word' id='word_1_387' title='bbox 2752 2094 2906 2146; x_wconf 80' lang='lat' dir='ltr'><strong>enim</strong></span> <span class='ocrx_word' id='word_1_388' title='bbox 2940 2092 3030 2146; x_wconf 91' lang='lat' dir='ltr'><strong>ille</strong></span> <span class='ocrx_word' id='word_1_389' title='bbox 3077 2091 3216 2144; x_wconf 75' lang='lat' dir='ltr'><strong>dixit</strong></span> <span class='ocrx_word' id='word_1_390' title='bbox 3250 2093 3426 2146; x_wconf 87' lang='lat' dir='ltr'><strong>solum</strong></span> <span class='ocrx_word' id='word_1_391' title='bbox 3461 2091 3583 2146; x_wconf 77' lang='lat' dir='ltr'><strong>{on-</strong></span> 
     </span>
    </p>
   </div>
   <div class='ocr_carea' id='block_1_51' title="bbox 2002 2184 3580 2252">
    <p class='ocr_par' dir='ltr' id='par_1_51' title="bbox 2002 2184 3580 2252">
     <span class='ocr_line' id='line_1_51' title="bbox 2002 2184 3580 2252; baseline -0.003 -11"><span class='ocrx_word' id='word_1_392' title='bbox 2002 2197 2111 2241; x_wconf 90' lang='lat' dir='ltr'><strong>tem</strong></span> <span class='ocrx_word' id='word_1_393' title='bbox 2179 2185 2511 2247; x_wconf 77' lang='lat' dir='ltr'><strong>divinitatis,</strong></span> <span class='ocrx_word' id='word_1_394' title='bbox 2554 2199 2679 2251; x_wconf 70' lang='lat' dir='ltr'><strong>qua:</strong></span> <span class='ocrx_word' id='word_1_395' title='bbox 2729 2198 2900 2252; x_wconf 78' lang='lat' dir='ltr'><strong>super</strong></span> <span class='ocrx_word' id='word_1_396' title='bbox 2951 2198 3168 2236; x_wconf 82' lang='lat' dir='ltr'><strong>onmem</strong></span> <span class='ocrx_word' id='word_1_397' title='bbox 3219 2184 3580 2238; x_wconf 85' lang='lat' dir='ltr'><strong>substantiam</strong></span> 
     </span>
    </p>
   </div>
   <div class='ocr_carea' id='block_1_52' title="bbox 1990 2275 3582 2344">
    <p class='ocr_par' dir='ltr' id='par_1_52' title="bbox 1990 2275 3582 2344">
     <span class='ocr_line' id='line_1_52' title="bbox 1990 2275 3582 2344; baseline -0.003 -12"><span class='ocrx_word' id='word_1_398' title='bbox 1990 2289 2084 2333; x_wconf 24' lang='lat' dir='ltr'><strong>eest</strong></span> <span class='ocrx_word' id='word_1_399' title='bbox 2113 2317 2127 2340; x_wconf 91' lang='lat'><strong>,</strong></span> <span class='ocrx_word' id='word_1_400' title='bbox 2165 2279 2254 2332; x_wconf 86' lang='lat' dir='ltr'><strong>hic</strong></span> <span class='ocrx_word' id='word_1_401' title='bbox 2308 2277 2478 2332; x_wconf 88' lang='lat' dir='ltr'><strong>totius</strong></span> <span class='ocrx_word' id='word_1_402' title='bbox 2519 2275 2755 2330; x_wconf 80' lang='lat' dir='ltr'><strong>Deitatis</strong></span> <span class='ocrx_word' id='word_1_403' title='bbox 2806 2275 3142 2344; x_wconf 81' lang='lat' dir='ltr'><strong>principium</strong></span> <span class='ocrx_word' id='word_1_404' title='bbox 3197 2275 3376 2342; x_wconf 89' lang='lat' dir='ltr'><strong>inquit</strong></span> <span class='ocrx_word' id='word_1_405' title='bbox 3409 2289 3424 2326; x_wconf 89' lang='lat'><strong>:</strong></span> <span class='ocrx_word' id='word_1_406' title='bbox 3455 2290 3582 2328; x_wconf 88' lang='lat' dir='ltr'><strong>eum</strong></span> 
     </span>
    </p>
   </div>
   <div class='ocr_carea' id='block_1_53' title="bbox 2000 2365 3586 2436">
    <p class='ocr_par' dir='ltr' id='par_1_53' title="bbox 2000 2365 3586 2436">
     <span class='ocr_line' id='line_1_53' title="bbox 2000 2365 3586 2436; baseline -0.002 -14"><span class='ocrx_word' id='word_1_407' title='bbox 2000 2368 2170 2425; x_wconf 81' lang='lat' dir='ltr'><strong>Pater</strong></span> <span class='ocrx_word' id='word_1_408' title='bbox 2201 2370 2418 2423; x_wconf 82' lang='lat' dir='ltr'><strong>scilicet</strong></span> <span class='ocrx_word' id='word_1_409' title='bbox 2455 2383 2484 2422; x_wconf 86' lang='lat' dir='ltr'><strong>a</strong></span> <span class='ocrx_word' id='word_1_410' title='bbox 2532 2368 2682 2422; x_wconf 88' lang='lat' dir='ltr'><strong>nullo</strong></span> <span class='ocrx_word' id='word_1_411' title='bbox 2731 2366 3014 2436; x_wconf 85' lang='lat' dir='ltr'><strong>principio</strong></span> <span class='ocrx_word' id='word_1_412' title='bbox 3056 2365 3150 2429; x_wconf 89' lang='lat' dir='ltr'><strong>sit,</strong></span> <span class='ocrx_word' id='word_1_413' title='bbox 3205 2365 3301 2418; x_wconf 89' lang='lat' dir='ltr'><strong>sed</strong></span> <span class='ocrx_word' id='word_1_414' title='bbox 3352 2365 3467 2434; x_wconf 89' lang='lat' dir='ltr'><strong>ipse</strong></span> <span class='ocrx_word' id='word_1_415' title='bbox 3512 2365 3586 2419; x_wconf 95' lang='lat' dir='ltr'><strong>sit</strong></span> 
     </span>
    </p>
   </div>
   <div class='ocr_carea' id='block_1_54' title="bbox 2003 2456 3586 2529">
    <p class='ocr_par' dir='ltr' id='par_1_54' title="bbox 2003 2456 3586 2529">
     <span class='ocr_line' id='line_1_54' title="bbox 2003 2456 3586 2529; baseline -0.003 -13"><span class='ocrx_word' id='word_1_416' title='bbox 2003 2461 2128 2516; x_wconf 86' lang='lat' dir='ltr'><strong>Filii</strong></span> <span class='ocrx_word' id='word_1_417' title='bbox 2177 2470 2234 2514; x_wconf 89' lang='lat' dir='ltr'><strong>et</strong></span> <span class='ocrx_word' id='word_1_418' title='bbox 2284 2459 2530 2529; x_wconf 87' lang='lat' dir='ltr'><strong>Spiritus</strong></span> <span class='ocrx_word' id='word_1_419' title='bbox 2577 2457 2753 2512; x_wconf 89' lang='lat' dir='ltr'><strong>sancti</strong></span> <span class='ocrx_word' id='word_1_420' title='bbox 2817 2456 3175 2527; x_wconf 87' lang='lat' dir='ltr'><strong>principium,</strong></span> <span class='ocrx_word' id='word_1_421' title='bbox 3221 2457 3394 2512; x_wconf 89' lang='lat' dir='ltr'><strong>Filius</strong></span> <span class='ocrx_word' id='word_1_422' title='bbox 3451 2472 3586 2512; x_wconf 88' lang='lat' dir='ltr'><strong>vero</strong></span> 
     </span>
    </p>
   </div>
   <div class='ocr_carea' id='block_1_55' title="bbox 2009 2549 3584 2624">
    <p class='ocr_par' dir='ltr' id='par_1_55' title="bbox 2009 2549 3584 2624">
     <span class='ocr_line' id='line_1_55' title="bbox 2009 2549 3584 2624; baseline -0.001 -19"><span class='ocrx_word' id='word_1_423' title='bbox 2009 2553 2344 2624; x_wconf 88' lang='lat' dir='ltr'><strong>principium</strong></span> <span class='ocrx_word' id='word_1_424' title='bbox 2381 2552 2592 2606; x_wconf 87' lang='lat' dir='ltr'><strong>habens</strong></span> <span class='ocrx_word' id='word_1_425' title='bbox 2614 2552 2858 2614; x_wconf 87' lang='lat' dir='ltr'><strong>Patrem,</strong></span> <span class='ocrx_word' id='word_1_426' title='bbox 2902 2550 3019 2620; x_wconf 88' lang='lat' dir='ltr'><strong>ipse</strong></span> <span class='ocrx_word' id='word_1_427' title='bbox 3051 2550 3215 2604; x_wconf 87' lang='lat' dir='ltr'><strong>etiam</strong></span> <span class='ocrx_word' id='word_1_428' title='bbox 3251 2549 3584 2620; x_wconf 81' lang='lat' dir='ltr'><strong>principium</strong></span> 
     </span>
    </p>
   </div>
   <div class='ocr_carea' id='block_1_56' title="bbox 2008 2640 3586 2713">
    <p class='ocr_par' dir='ltr' id='par_1_56' title="bbox 2008 2640 3586 2713">
     <span class='ocr_line' id='line_1_56' title="bbox 2008 2640 3586 2713; baseline -0.003 -14"><span class='ocrx_word' id='word_1_429' title='bbox 2008 2644 2078 2699; x_wconf 83' lang='lat' dir='ltr'><strong>sit</strong></span> <span class='ocrx_word' id='word_1_430' title='bbox 2112 2643 2355 2713; x_wconf 84' lang='lat' dir='ltr'><strong>Spiritus</strong></span> <span class='ocrx_word' id='word_1_431' title='bbox 2389 2643 2592 2697; x_wconf 86' lang='lat' dir='ltr'><strong>sancti.</strong></span> <span class='ocrx_word' id='word_1_432' title='bbox 2627 2640 2732 2695; x_wconf 78' lang='lat' dir='ltr'><strong>Sed</strong></span> <span class='ocrx_word' id='word_1_433' title='bbox 2783 2657 2851 2696; x_wconf 86' lang='lat' dir='ltr'><strong>ne</strong></span> <span class='ocrx_word' id='word_1_434' title='bbox 2877 2650 2934 2696; x_wconf 86' lang='lat' dir='ltr'><strong>te</strong></span> <span class='ocrx_word' id='word_1_435' title='bbox 2970 2640 3214 2695; x_wconf 68' lang='lat' dir='ltr'><strong>offendat</strong></span> <span class='ocrx_word' id='word_1_436' title='bbox 3257 2655 3452 2695; x_wconf 84' lang='lat' dir='ltr'><strong>rursus</strong></span> <span class='ocrx_word' id='word_1_437' title='bbox 3486 2655 3586 2695; x_wconf 89' lang='lat' dir='ltr'><strong>no-</strong></span> 
     </span>
    </p>
   </div>
   <div class='ocr_carea' id='block_1_57' title="bbox 2013 2733 3587 2802">
    <p class='ocr_par' dir='ltr' id='par_1_57' title="bbox 2013 2733 3587 2802">
     <span class='ocr_line' id='line_1_57' title="bbox 2013 2733 3587 2802; baseline -0.003 -12"><span class='ocrx_word' id='word_1_438' title='bbox 2013 2751 2136 2790; x_wconf 82' lang='lat' dir='ltr'><strong>men</strong></span> <span class='ocrx_word' id='word_1_439' title='bbox 2172 2735 2341 2788; x_wconf 67' lang='lat' dir='ltr'><strong>tot-ius</strong></span> <span class='ocrx_word' id='word_1_440' title='bbox 2368 2734 2621 2796; x_wconf 78' lang='lat' dir='ltr'><strong>Deitatis,</strong></span> <span class='ocrx_word' id='word_1_441' title='bbox 2655 2749 2756 2787; x_wconf 85' lang='lat' dir='ltr'><strong>nec</strong></span> <span class='ocrx_word' id='word_1_442' title='bbox 2789 2748 3037 2802; x_wconf 71' lang='lat' dir='ltr'><strong>oppones</strong></span> <span class='ocrx_word' id='word_1_443' title='bbox 3061 2733 3162 2787; x_wconf 90' lang='lat' dir='ltr'><strong>toti</strong></span> <span class='ocrx_word' id='word_1_444' title='bbox 3201 2742 3436 2802; x_wconf 82' lang='lat' dir='ltr'><strong>partem,</strong></span> <span class='ocrx_word' id='word_1_445' title='bbox 3465 2741 3587 2786; x_wconf 57' lang='lat' dir='ltr'><strong>tau.</strong></span> 
     </span>
    </p>
   </div>
   <div class='ocr_carea' id='block_1_58' title="bbox 2010 2825 3590 2898">
    <p class='ocr_par' dir='ltr' id='par_1_58' title="bbox 2010 2825 3590 2898">
     <span class='ocr_line' id='line_1_58' title="bbox 2010 2825 3590 2898; baseline 0.001 -20"><span class='ocrx_word' id='word_1_446' title='bbox 2010 2843 2176 2898; x_wconf 88' lang='lat' dir='ltr'><strong>quam</strong></span> <span class='ocrx_word' id='word_1_447' title='bbox 2236 2826 2281 2880; x_wconf 90' lang='lat' dir='ltr'><strong>si</strong></span> <span class='ocrx_word' id='word_1_448' title='bbox 2338 2827 2514 2880; x_wconf 79' lang='lat' dir='ltr'><strong>Filius</strong></span> <span class='ocrx_word' id='word_1_449' title='bbox 2552 2825 2728 2894; x_wconf 76' lang='lat' dir='ltr'><strong>partis</strong></span> <span class='ocrx_word' id='word_1_450' title='bbox 2775 2836 2926 2879; x_wconf 89' lang='lat' dir='ltr'><strong>esset</strong></span> <span class='ocrx_word' id='word_1_451' title='bbox 2982 2825 3350 2894; x_wconf 87' lang='lat' dir='ltr'><strong>principium;</strong></span> <span class='ocrx_word' id='word_1_452' title='bbox 3405 2825 3590 2881; x_wconf 81' lang='lat' dir='ltr'><strong>Deitas</strong></span> 
     </span>
    </p>
   </div>
   <div class='ocr_carea' id='block_1_59' title="bbox 2014 2919 3588 2990">
    <p class='ocr_par' dir='ltr' id='par_1_59' title="bbox 2014 2919 3588 2990">
     <span class='ocr_line' id='line_1_59' title="bbox 2014 2919 3588 2990; baseline -0.001 -15"><span class='ocrx_word' id='word_1_453' title='bbox 2014 2925 2160 2975; x_wconf 84' lang='lat' dir='ltr'><strong>enim</strong></span> <span class='ocrx_word' id='word_1_454' title='bbox 2194 2937 2302 2975; x_wconf 89' lang='lat' dir='ltr'><strong>non</strong></span> <span class='ocrx_word' id='word_1_455' title='bbox 2339 2932 2423 2976; x_wconf 85' lang='lat' dir='ltr'><strong>est</strong></span> <span class='ocrx_word' id='word_1_456' title='bbox 2452 2922 2746 2990; x_wconf 84' lang='lat' dir='ltr'><strong>partibilis.</strong></span> <span class='ocrx_word' id='word_1_457' title='bbox 2786 2921 2884 2975; x_wconf 77' lang='lat' dir='ltr'><strong>llic</strong></span> <span class='ocrx_word' id='word_1_458' title='bbox 2918 2936 3051 2976; x_wconf 85' lang='lat' dir='ltr'><strong>vero</strong></span> <span class='ocrx_word' id='word_1_459' title='bbox 3101 2920 3377 2975; x_wconf 75' lang='lat' dir='ltr'><strong>deiectum</strong></span> <span class='ocrx_word' id='word_1_460' title='bbox 3413 2919 3588 2974; x_wconf 84' lang='lat' dir='ltr'><strong>imbe-</strong></span> 
     </span>
    </p>
   </div>
   <div class='ocr_carea' id='block_1_60' title="bbox 2017 3011 3592 3082">
    <p class='ocr_par' dir='ltr' id='par_1_60' title="bbox 2017 3011 3592 3082">
     <span class='ocr_line' id='line_1_60' title="bbox 2017 3011 3592 3082; baseline -0.001 -15"><span class='ocrx_word' id='word_1_461' title='bbox 2017 3013 2262 3067; x_wconf 85' lang='lat' dir='ltr'><strong>cillitatis</strong></span> <span class='ocrx_word' id='word_1_462' title='bbox 2304 3014 2593 3066; x_wconf 89' lang='lat' dir='ltr'><strong>nominum</strong></span> <span class='ocrx_word' id='word_1_463' title='bbox 2625 3024 2732 3078; x_wconf 91' lang='lat' dir='ltr'><strong>est,</strong></span> <span class='ocrx_word' id='word_1_464' title='bbox 2781 3029 2942 3082; x_wconf 86' lang='lat' dir='ltr'><strong>quem</strong></span> <span class='ocrx_word' id='word_1_465' title='bbox 2970 3012 3064 3081; x_wconf 91' lang='lat' dir='ltr'><strong>qui</strong></span> <span class='ocrx_word' id='word_1_466' title='bbox 3093 3011 3160 3067; x_wconf 90' lang='lat' dir='ltr'><strong>ad</strong></span> <span class='ocrx_word' id='word_1_467' title='bbox 3195 3028 3280 3067; x_wconf 80' lang='lat' dir='ltr'><strong>res</strong></span> <span class='ocrx_word' id='word_1_468' title='bbox 3313 3011 3592 3082; x_wconf 60' lang='lat' dir='ltr'><strong>signiﬁca-</strong></span> 
     </span>
    </p>
   </div>
   <div class='ocr_carea' id='block_1_61' title="bbox 310 3086 3592 3174">
    <p class='ocr_par' dir='ltr' id='par_1_61' title="bbox 310 3086 3592 3174">
     <span class='ocr_line' id='line_1_61' title="bbox 310 3086 3592 3174; baseline 0.002 -20"><span class='ocrx_word' id='word_1_469' title='bbox 310 3116 497 3174; x_wconf 75' lang='lat' dir='ltr'><strong>quan‘t</strong></span> <span class='ocrx_word' id='word_1_470' title='bbox 527 3099 723 3170; x_wconf 72' lang='lat' dir='ltr'><strong>vulgus</strong></span> <span class='ocrx_word' id='word_1_471' title='bbox 757 3108 938 3169; x_wconf 54' lang='lat' dir='ltr'><strong>putat,</strong></span> <span class='ocrx_word' id='word_1_472' title='bbox 971 3097 1271 3166; x_wconf 71' lang='lat' dir='ltr'><strong>intelligit;</strong></span> <span class='ocrx_word' id='word_1_473' title='bbox 1303 3111 1405 3151; x_wconf 75' lang='lat' dir='ltr'><strong>nec</strong></span> <span class='ocrx_word' id='word_1_474' title='bbox 1452 3097 1577 3151; x_wconf 75' lang='lat' dir='ltr'><strong>ideo</strong></span> <span class='ocrx_word' id='word_1_475' title='bbox 1613 3097 1746 3152; x_wconf 75' lang='lat' dir='ltr'><strong>dicit</strong></span> <span class='ocrx_word' id='word_1_476' title='bbox 1798 3099 1913 3153; x_wconf 72' lang='lat' dir='ltr'><strong>lnrc</strong></span> <span class='ocrx_word' id='word_1_477' title='bbox 1943 3086 1985 3143; x_wconf 66' lang='grc' dir='ltr'><strong>(ἶ</strong></span> <span class='ocrx_word' id='word_1_478' title='bbox 2017 3113 2105 3160; x_wconf 85' lang='lat' dir='ltr'><strong>tas</strong></span> <span class='ocrx_word' id='word_1_479' title='bbox 2135 3104 2419 3168; x_wconf 76' lang='lat' dir='ltr'><strong>transfert,</strong></span> <span class='ocrx_word' id='word_1_480' title='bbox 2444 3119 2553 3158; x_wconf 91' lang='lat' dir='ltr'><strong>non</strong></span> <span class='ocrx_word' id='word_1_481' title='bbox 2588 3114 2736 3159; x_wconf 83' lang='lat' dir='ltr'><strong>recte</strong></span> <span class='ocrx_word' id='word_1_482' title='bbox 2790 3118 2890 3158; x_wconf 90' lang='lat' dir='ltr'><strong>nec</strong></span> <span class='ocrx_word' id='word_1_483' title='bbox 2923 3105 3010 3174; x_wconf 87' lang='lat' dir='ltr'><strong>pie</strong></span> <span class='ocrx_word' id='word_1_484' title='bbox 3043 3105 3172 3174; x_wconf 79' lang='lat' dir='ltr'><strong>agit.</strong></span> <span class='ocrx_word' id='word_1_485' title='bbox 3203 3104 3280 3159; x_wconf 81' lang='lat' dir='ltr'><strong>Ad</strong></span> <span class='ocrx_word' id='word_1_486' title='bbox 3310 3120 3592 3174; x_wconf 85' lang='lat' dir='ltr'><strong>exponen-</strong></span> 
     </span>
    </p>
   </div>
   <div class='ocr_carea' id='block_1_62' title="bbox 313 3189 1908 3263">
    <p class='ocr_par' dir='ltr' id='par_1_62' title="bbox 313 3189 1908 3263">
     <span class='ocr_line' id='line_1_62' title="bbox 313 3189 1908 3263; baseline 0 -19"><span class='ocrx_word' id='word_1_487' title='bbox 313 3192 409 3246; x_wconf 85' lang='lat' dir='ltr'><strong>ille</strong></span> <span class='ocrx_word' id='word_1_488' title='bbox 445 3193 681 3254; x_wconf 79' lang='lat' dir='ltr'><strong>doctor,</strong></span> <span class='ocrx_word' id='word_1_489' title='bbox 715 3190 872 3260; x_wconf 86' lang='lat' dir='ltr'><strong>quasi</strong></span> <span class='ocrx_word' id='word_1_490' title='bbox 915 3189 1352 3263; x_wconf 77' lang='lat' dir='ltr'><strong>negansFilium</strong></span> <span class='ocrx_word' id='word_1_491' title='bbox 1384 3204 1507 3244; x_wconf 86' lang='lat' dir='ltr'><strong>esse</strong></span> <span class='ocrx_word' id='word_1_492' title='bbox 1537 3189 1746 3244; x_wconf 78' lang='lat' dir='ltr'><strong>fontem</strong></span> <span class='ocrx_word' id='word_1_493' title='bbox 1780 3189 1908 3260; x_wconf 68' lang='grc' dir='ltr'><strong>δρία</strong></span> 
     </span>
    </p>
   </div>
   <div class='ocr_carea' id='block_1_63' title="bbox 317 3282 1911 3354">
    <p class='ocr_par' dir='ltr' id='par_1_63' title="bbox 317 3282 1911 3354">
     <span class='ocr_line' id='line_1_63' title="bbox 317 3282 1911 3354; baseline 0 -18"><span class='ocrx_word' id='word_1_494' title='bbox 317 3284 468 3339; x_wconf 86' lang='lat' dir='ltr'><strong>ritus</strong></span> <span class='ocrx_word' id='word_1_495' title='bbox 501 3283 713 3346; x_wconf 87' lang='lat' dir='ltr'><strong>sancti,</strong></span> <span class='ocrx_word' id='word_1_496' title='bbox 761 3282 856 3336; x_wconf 91' lang='lat' dir='ltr'><strong>sed</strong></span> <span class='ocrx_word' id='word_1_497' title='bbox 893 3283 1008 3352; x_wconf 89' lang='lat' dir='ltr'><strong>ipse</strong></span> <span class='ocrx_word' id='word_1_498' title='bbox 1057 3297 1280 3354; x_wconf 87' lang='lat' dir='ltr'><strong>quoque</strong></span> <span class='ocrx_word' id='word_1_499' title='bbox 1319 3297 1424 3335; x_wconf 86' lang='lat' dir='ltr'><strong>una</strong></span> <span class='ocrx_word' id='word_1_500' title='bbox 1454 3297 1580 3336; x_wconf 91' lang='lat' dir='ltr'><strong>cum</strong></span> <span class='ocrx_word' id='word_1_501' title='bbox 1632 3283 1911 3351; x_wconf 61' lang='lat' dir='ltr'><strong>praadictis</strong></span> 
     </span>
    </p>
   </div>
   <div class='ocr_carea' id='block_1_64' title="bbox 313 3373 1909 3446">
    <p class='ocr_par' dir='ltr' id='par_1_64' title="bbox 313 3373 1909 3446">
     <span class='ocr_line' id='line_1_64' title="bbox 313 3373 1909 3446; baseline -0.002 -17"><span class='ocrx_word' id='word_1_502' title='bbox 313 3377 657 3432; x_wconf 88' lang='lat' dir='ltr'><strong>doctoribus</strong></span> <span class='ocrx_word' id='word_1_503' title='bbox 685 3390 811 3428; x_wconf 86' lang='lat' dir='ltr'><strong>eum</strong></span> <span class='ocrx_word' id='word_1_504' title='bbox 845 3376 1052 3428; x_wconf 79' lang='lat' dir='ltr'><strong>fontem</strong></span> <span class='ocrx_word' id='word_1_505' title='bbox 1089 3389 1210 3428; x_wconf 88' lang='lat' dir='ltr'><strong>esse</strong></span> <span class='ocrx_word' id='word_1_506' title='bbox 1247 3373 1490 3446; x_wconf 84' lang='lat' dir='ltr'><strong>Spiritus</strong></span> <span class='ocrx_word' id='word_1_507' title='bbox 1525 3373 1701 3428; x_wconf 82' lang='lat' dir='ltr'><strong>sancti</strong></span> <span class='ocrx_word' id='word_1_508' title='bbox 1754 3374 1909 3439; x_wconf 84' lang='lat' dir='ltr'><strong>dicit,</strong></span> 
     </span>
    </p>
   </div>
   <div class='ocr_carea' id='block_1_65' title="bbox 316 3465 1914 3536">
    <p class='ocr_par' dir='ltr' id='par_1_65' title="bbox 316 3465 1914 3536">
     <span class='ocr_line' id='line_1_65' title="bbox 316 3465 1914 3536; baseline -0.003 -14"><span class='ocrx_word' id='word_1_509' title='bbox 316 3468 428 3522; x_wconf 85' lang='lat' dir='ltr'><strong>hoc</strong></span> <span class='ocrx_word' id='word_1_510' title='bbox 459 3479 579 3533; x_wconf 82' lang='lat' dir='ltr'><strong>est,</strong></span> <span class='ocrx_word' id='word_1_511' title='bbox 604 3469 723 3536; x_wconf 88' lang='lat' dir='ltr'><strong>ejus</strong></span> <span class='ocrx_word' id='word_1_512' title='bbox 756 3482 1018 3536; x_wconf 69' lang='lat' dir='ltr'><strong>personae.</strong></span> <span class='ocrx_word' id='word_1_513' title='bbox 1050 3465 1146 3519; x_wconf 86' lang='lat' dir='ltr'><strong>llis</strong></span> <span class='ocrx_word' id='word_1_514' title='bbox 1176 3465 1344 3536; x_wconf 77' lang='lat' dir='ltr'><strong>igitur</strong></span> <span class='ocrx_word' id='word_1_515' title='bbox 1370 3465 1662 3519; x_wconf 80' lang='lat' dir='ltr'><strong>declaratis</strong></span> <span class='ocrx_word' id='word_1_516' title='bbox 1683 3480 1914 3534; x_wconf 71' lang='lat' dir='ltr'><strong>respon-</strong></span> 
     </span>
    </p>
   </div>
   <div class='ocr_carea' id='block_1_66' title="bbox 311 3555 1913 3628">
    <p class='ocr_par' dir='ltr' id='par_1_66' title="bbox 311 3555 1913 3628">
     <span class='ocr_line' id='line_1_66' title="bbox 311 3555 1913 3628; baseline -0.005 -13"><span class='ocrx_word' id='word_1_517' title='bbox 311 3563 551 3626; x_wconf 81' lang='lat' dir='ltr'><strong>demus,</strong></span> <span class='ocrx_word' id='word_1_518' title='bbox 584 3558 728 3628; x_wconf 85' lang='lat' dir='ltr'><strong>quod</strong></span> <span class='ocrx_word' id='word_1_519' title='bbox 765 3574 875 3611; x_wconf 90' lang='lat' dir='ltr'><strong>non</strong></span> <span class='ocrx_word' id='word_1_520' title='bbox 908 3555 1282 3610; x_wconf 86' lang='lat' dir='ltr'><strong>omnimodam</strong></span> <span class='ocrx_word' id='word_1_521' title='bbox 1312 3555 1626 3608; x_wconf 88' lang='lat' dir='ltr'><strong>divinarum</strong></span> <span class='ocrx_word' id='word_1_522' title='bbox 1655 3571 1913 3623; x_wconf 87' lang='lat' dir='ltr'><strong>persona-</strong></span> 
     </span>
    </p>
   </div>
   <div class='ocr_carea' id='block_1_67' title="bbox 314 3645 1914 3714">
    <p class='ocr_par' dir='ltr' id='par_1_67' title="bbox 314 3645 1914 3714">
     <span class='ocr_line' id='line_1_67' title="bbox 314 3645 1914 3714; baseline -0.006 -7"><span class='ocrx_word' id='word_1_523' title='bbox 314 3668 449 3708; x_wconf 83' lang='lat' dir='ltr'><strong>rum</strong></span> <span class='ocrx_word' id='word_1_524' title='bbox 491 3652 917 3707; x_wconf 85' lang='lat' dir='ltr'><strong>distinctionem</strong></span> <span class='ocrx_word' id='word_1_525' title='bbox 949 3650 1017 3703; x_wconf 90' lang='lat' dir='ltr'><strong>ab</strong></span> <span class='ocrx_word' id='word_1_526' title='bbox 1051 3649 1288 3702; x_wconf 85' lang='lat' dir='ltr'><strong>invicem</strong></span> <span class='ocrx_word' id='word_1_527' title='bbox 1335 3648 1448 3714; x_wconf 87' lang='lat' dir='ltr'><strong>hic,</strong></span> <span class='ocrx_word' id='word_1_528' title='bbox 1483 3656 1542 3702; x_wconf 85' lang='lat' dir='ltr'><strong>ut</strong></span> <span class='ocrx_word' id='word_1_529' title='bbox 1572 3646 1747 3700; x_wconf 78' lang='lat' dir='ltr'><strong>no..tri</strong></span> <span class='ocrx_word' id='word_1_530' title='bbox 1775 3645 1914 3698; x_wconf 81' lang='lat' dir='ltr'><strong>falso</strong></span> 
     </span>
    </p>
   </div>
   <div class='ocr_carea' id='block_1_68' title="bbox 315 3739 1915 3808">
    <p class='ocr_par' dir='ltr' id='par_1_68' title="bbox 315 3739 1915 3808">
     <span class='ocr_line' id='line_1_68' title="bbox 315 3739 1915 3808; baseline -0.004 -9"><span class='ocrx_word' id='word_1_531' title='bbox 315 3747 704 3808; x_wconf 86' lang='lat' dir='ltr'><strong>arbitrantur,</strong></span> <span class='ocrx_word' id='word_1_532' title='bbox 754 3751 978 3797; x_wconf 88' lang='lat' dir='ltr'><strong>sanctus</strong></span> <span class='ocrx_word' id='word_1_533' title='bbox 1013 3741 1208 3795; x_wconf 87' lang='lat' dir='ltr'><strong>doctor</strong></span> <span class='ocrx_word' id='word_1_534' title='bbox 1242 3741 1462 3794; x_wconf 87' lang='lat' dir='ltr'><strong>tradere</strong></span> <span class='ocrx_word' id='word_1_535' title='bbox 1496 3739 1822 3808; x_wconf 86' lang='lat' dir='ltr'><strong>proposuit;</strong></span> <span class='ocrx_word' id='word_1_536' title='bbox 1859 3747 1915 3792; x_wconf 91' lang='lat' dir='ltr'><strong>et</strong></span> 
     </span>
    </p>
   </div>
   <div class='ocr_carea' id='block_1_69' title="bbox 313 3829 1916 3911">
    <p class='ocr_par' dir='ltr' id='par_1_69' title="bbox 313 3829 1916 3911">
     <span class='ocr_line' id='line_1_69' title="bbox 313 3829 1916 3911; baseline -0.007 -16"><span class='ocrx_word' id='word_1_537' title='bbox 313 3849 479 3911; x_wconf 83' lang='lat' dir='ltr'><strong>patet</strong></span> <span class='ocrx_word' id='word_1_538' title='bbox 513 3839 652 3909; x_wconf 88' lang='lat' dir='ltr'><strong>quia</strong></span> <span class='ocrx_word' id='word_1_539' title='bbox 699 3837 904 3890; x_wconf 89' lang='lat' dir='ltr'><strong>nullam</strong></span> <span class='ocrx_word' id='word_1_540' title='bbox 940 3834 1063 3889; x_wconf 83' lang='lat' dir='ltr'><strong>Filii</strong></span> <span class='ocrx_word' id='word_1_541' title='bbox 1115 3832 1526 3887; x_wconf 85' lang='lat' dir='ltr'><strong>distinctionem</strong></span> <span class='ocrx_word' id='word_1_542' title='bbox 1579 3839 1636 3884; x_wconf 88' lang='lat' dir='ltr'><strong>et</strong></span> <span class='ocrx_word' id='word_1_543' title='bbox 1673 3829 1916 3899; x_wconf 87' lang='lat' dir='ltr'><strong>Spiritus</strong></span> 
     </span>
    </p>
   </div>
   <div class='ocr_carea' id='block_1_70' title="bbox 309 3922 1910 4000">
    <p class='ocr_par' dir='ltr' id='par_1_70' title="bbox 309 3922 1910 4000">
     <span class='ocr_line' id='line_1_70' title="bbox 309 3922 1910 4000; baseline -0.008 -12"><span class='ocrx_word' id='word_1_544' title='bbox 309 3933 505 3988; x_wconf 77' lang='lat' dir='ltr'><strong>sancti</strong></span> <span class='ocrx_word' id='word_1_545' title='bbox 549 3927 802 3984; x_wconf 87' lang='lat' dir='ltr'><strong>tradidit.</strong></span> <span class='ocrx_word' id='word_1_546' title='bbox 835 3925 952 3979; x_wconf 88' lang='lat' dir='ltr'><strong>Non</strong></span> <span class='ocrx_word' id='word_1_547' title='bbox 990 3925 1158 4000; x_wconf 81' lang='lat' dir='ltr'><strong>igitur</strong></span> <span class='ocrx_word' id='word_1_548' title='bbox 1200 3923 1446 3978; x_wconf 88' lang='lat' dir='ltr'><strong>omnium</strong></span> <span class='ocrx_word' id='word_1_549' title='bbox 1500 3922 1668 3977; x_wconf 90' lang='lat' dir='ltr'><strong>trium</strong></span> <span class='ocrx_word' id='word_1_550' title='bbox 1720 3936 1910 3991; x_wconf 88' lang='lat' dir='ltr'><strong>perso-</strong></span> 
     </span>
    </p>
   </div>
   <div class='ocr_carea' id='block_1_71' title="bbox 306 4011 1914 4080">
    <p class='ocr_par' dir='ltr' id='par_1_71' title="bbox 306 4011 1914 4080">
     <span class='ocr_line' id='line_1_71' title="bbox 306 4011 1914 4080; baseline -0.007 -3"><span class='ocrx_word' id='word_1_551' title='bbox 306 4038 525 4077; x_wconf 88' lang='lat' dir='ltr'><strong>narum</strong></span> <span class='ocrx_word' id='word_1_552' title='bbox 561 4019 633 4075; x_wconf 89' lang='lat' dir='ltr'><strong>ab</strong></span> <span class='ocrx_word' id='word_1_553' title='bbox 669 4019 905 4072; x_wconf 83' lang='lat' dir='ltr'><strong>invicem</strong></span> <span class='ocrx_word' id='word_1_554' title='bbox 947 4016 1389 4080; x_wconf 84' lang='lat' dir='ltr'><strong>distinctionem,</strong></span> <span class='ocrx_word' id='word_1_555' title='bbox 1434 4014 1530 4069; x_wconf 92' lang='lat' dir='ltr'><strong>sed</strong></span> <span class='ocrx_word' id='word_1_556' title='bbox 1561 4013 1738 4069; x_wconf 87' lang='lat' dir='ltr'><strong>Patris</strong></span> <span class='ocrx_word' id='word_1_557' title='bbox 1769 4011 1914 4066; x_wconf 81' lang='lat' dir='ltr'><strong>dun-</strong></span> 
     </span>
    </p>
   </div>
   <div class='ocr_carea' id='block_1_72' title="bbox 307 4104 1913 4182">
    <p class='ocr_par' dir='ltr' id='par_1_72' title="bbox 307 4104 1913 4182">
     <span class='ocr_line' id='line_1_72' title="bbox 307 4104 1913 4182; baseline -0.007 -12"><span class='ocrx_word' id='word_1_558' title='bbox 307 4125 473 4170; x_wconf 84' lang='lat' dir='ltr'><strong>taxat</strong></span> <span class='ocrx_word' id='word_1_559' title='bbox 502 4114 581 4169; x_wconf 86' lang='lat' dir='ltr'><strong>ad</strong></span> <span class='ocrx_word' id='word_1_560' title='bbox 613 4113 856 4182; x_wconf 86' lang='lat' dir='ltr'><strong>reliquas</strong></span> <span class='ocrx_word' id='word_1_561' title='bbox 891 4111 1082 4164; x_wconf 89' lang='lat' dir='ltr'><strong>tradit.</strong></span> <span class='ocrx_word' id='word_1_562' title='bbox 1113 4109 1332 4164; x_wconf 85' lang='lat' dir='ltr'><strong>Patrem</strong></span> <span class='ocrx_word' id='word_1_563' title='bbox 1366 4108 1537 4176; x_wconf 76' lang='lat' dir='ltr'><strong>igitur</strong></span> <span class='ocrx_word' id='word_1_564' title='bbox 1574 4106 1626 4160; x_wconf 89' lang='lat' dir='ltr'><strong>in</strong></span> <span class='ocrx_word' id='word_1_565' title='bbox 1656 4114 1814 4175; x_wconf 88' lang='lat' dir='ltr'><strong>parte</strong></span> <span class='ocrx_word' id='word_1_566' title='bbox 1846 4104 1913 4158; x_wconf 87' lang='lat' dir='ltr'><strong>ad</strong></span> 
     </span>
    </p>
   </div>
   <div class='ocr_carea' id='block_1_73' title="bbox 305 4197 1915 4275">
    <p class='ocr_par' dir='ltr' id='par_1_73' title="bbox 305 4197 1915 4275">
     <span class='ocr_line' id='line_1_73' title="bbox 305 4197 1915 4275; baseline -0.008 -10"><span class='ocrx_word' id='word_1_567' title='bbox 305 4208 533 4265; x_wconf 82' lang='lat' dir='ltr'><strong>Filium</strong></span> <span class='ocrx_word' id='word_1_568' title='bbox 566 4220 918 4275; x_wconf 88' lang='lat' dir='ltr'><strong>comparans,</strong></span> <span class='ocrx_word' id='word_1_569' title='bbox 941 4213 996 4258; x_wconf 91' lang='lat' dir='ltr'><strong>et</strong></span> <span class='ocrx_word' id='word_1_570' title='bbox 1023 4217 1215 4256; x_wconf 89' lang='lat' dir='ltr'><strong>eorum</strong></span> <span class='ocrx_word' id='word_1_571' title='bbox 1243 4202 1312 4254; x_wconf 92' lang='lat' dir='ltr'><strong>ab</strong></span> <span class='ocrx_word' id='word_1_572' title='bbox 1339 4200 1580 4254; x_wconf 88' lang='lat' dir='ltr'><strong>invicem</strong></span> <span class='ocrx_word' id='word_1_573' title='bbox 1603 4197 1915 4252; x_wconf 83' lang='lat' dir='ltr'><strong>distinctio-</strong></span> 
     </span>
    </p>
   </div>
   <div class='ocr_carea' id='block_1_74' title="bbox 307 4292 1912 4364">
    <p class='ocr_par' dir='ltr' id='par_1_74' title="bbox 307 4292 1912 4364">
     <span class='ocr_line' id='line_1_74' title="bbox 307 4292 1912 4364; baseline -0.01 -4"><span class='ocrx_word' id='word_1_574' title='bbox 307 4319 444 4360; x_wconf 87' lang='lat' dir='ltr'><strong>nem</strong></span> <span class='ocrx_word' id='word_1_575' title='bbox 488 4301 745 4364; x_wconf 86' lang='lat' dir='ltr'><strong>tradens,</strong></span> <span class='ocrx_word' id='word_1_576' title='bbox 790 4299 969 4353; x_wconf 81' lang='lat' dir='ltr'><strong>solum</strong></span> <span class='ocrx_word' id='word_1_577' title='bbox 1022 4298 1230 4351; x_wconf 81' lang='lat' dir='ltr'><strong>fontem</strong></span> <span class='ocrx_word' id='word_1_578' title='bbox 1265 4296 1487 4350; x_wconf 88' lang='lat' dir='ltr'><strong>Patrem</strong></span> <span class='ocrx_word' id='word_1_579' title='bbox 1521 4295 1621 4358; x_wconf 87' lang='lat' dir='ltr'><strong>ait,</strong></span> <span class='ocrx_word' id='word_1_580' title='bbox 1655 4309 1718 4347; x_wconf 91' lang='lat' dir='ltr'><strong>ac</strong></span> <span class='ocrx_word' id='word_1_581' title='bbox 1749 4295 1793 4346; x_wconf 91' lang='lat' dir='ltr'><strong>si</strong></span> <span class='ocrx_word' id='word_1_582' title='bbox 1828 4292 1912 4347; x_wconf 84' lang='lat' dir='ltr'><strong>di-</strong></span> 
     </span>
    </p>
   </div>
   <div class='ocr_carea' id='block_1_75' title="bbox 2015 3198 3592 3269">
    <p class='ocr_par' dir='ltr' id='par_1_75' title="bbox 2015 3198 3592 3269">
     <span class='ocr_line' id='line_1_75' title="bbox 2015 3198 3592 3269; baseline 0.002 -16"><span class='ocrx_word' id='word_1_583' title='bbox 2015 3200 2140 3253; x_wconf 87' lang='lat' dir='ltr'><strong>dam</strong></span> <span class='ocrx_word' id='word_1_584' title='bbox 2169 3198 2342 3269; x_wconf 75' lang='lat' dir='ltr'><strong>igitur</strong></span> <span class='ocrx_word' id='word_1_585' title='bbox 2373 3199 2761 3253; x_wconf 83' lang='lat' dir='ltr'><strong>auctoritatem</strong></span> <span class='ocrx_word' id='word_1_586' title='bbox 2815 3199 3156 3268; x_wconf 67' lang='lat' dir='ltr'><strong>praedictam,</strong></span> <span class='ocrx_word' id='word_1_587' title='bbox 3201 3208 3257 3252; x_wconf 80' lang='lat' dir='ltr'><strong>et</strong></span> <span class='ocrx_word' id='word_1_588' title='bbox 3287 3202 3592 3268; x_wconf 79' lang='lat' dir='ltr'><strong>appositio-</strong></span> 
     </span>
    </p>
   </div>
   <div class='ocr_carea' id='block_1_76' title="bbox 2016 3289 3590 3346">
    <p class='ocr_par' dir='ltr' id='par_1_76' title="bbox 2016 3289 3590 3346">
     <span class='ocr_line' id='line_1_76' title="bbox 2016 3289 3590 3346; baseline 0.001 -1"><span class='ocrx_word' id='word_1_589' title='bbox 2016 3307 2138 3345; x_wconf 92' lang='lat' dir='ltr'><strong>nem</strong></span> <span class='ocrx_word' id='word_1_590' title='bbox 2200 3290 2331 3344; x_wconf 90' lang='lat' dir='ltr'><strong>inde</strong></span> <span class='ocrx_word' id='word_1_591' title='bbox 2380 3289 2691 3345; x_wconf 87' lang='lat' dir='ltr'><strong>submotam</strong></span> <span class='ocrx_word' id='word_1_592' title='bbox 2748 3289 3068 3343; x_wconf 86' lang='lat' dir='ltr'><strong>solvendam</strong></span> <span class='ocrx_word' id='word_1_593' title='bbox 3131 3290 3232 3343; x_wconf 83' lang='lat' dir='ltr'><strong>etsi</strong></span> <span class='ocrx_word' id='word_1_594' title='bbox 3285 3291 3438 3344; x_wconf 74' lang='lat' dir='ltr'><strong>mulli</strong></span> <span class='ocrx_word' id='word_1_595' title='bbox 3494 3292 3590 3346; x_wconf 90' lang='lat' dir='ltr'><strong>alii</strong></span> 
     </span>
    </p>
   </div>
   <div class='ocr_carea' id='block_1_77' title="bbox 2017 3380 3592 3450">
    <p class='ocr_par' dir='ltr' id='par_1_77' title="bbox 2017 3380 3592 3450">
     <span class='ocr_line' id='line_1_77' title="bbox 2017 3380 3592 3450; baseline -0.001 -12"><span class='ocrx_word' id='word_1_596' title='bbox 2017 3384 2163 3438; x_wconf 91' lang='lat' dir='ltr'><strong>modi</strong></span> <span class='ocrx_word' id='word_1_597' title='bbox 2205 3391 2411 3446; x_wconf 83' lang='lat' dir='ltr'><strong>essent,</strong></span> <span class='ocrx_word' id='word_1_598' title='bbox 2445 3391 2629 3436; x_wconf 84' lang='lat' dir='ltr'><strong>tamen</strong></span> <span class='ocrx_word' id='word_1_599' title='bbox 2665 3397 2789 3450; x_wconf 80' lang='lat' dir='ltr'><strong>quae</strong></span> <span class='ocrx_word' id='word_1_600' title='bbox 2834 3381 2983 3434; x_wconf 85' lang='lat' dir='ltr'><strong>dicta</strong></span> <span class='ocrx_word' id='word_1_601' title='bbox 3012 3388 3160 3439; x_wconf 86' lang='lat' dir='ltr'><strong>sunt.</strong></span> <span class='ocrx_word' id='word_1_602' title='bbox 3193 3380 3264 3433; x_wconf 90' lang='lat' dir='ltr'><strong>ita</strong></span> <span class='ocrx_word' id='word_1_603' title='bbox 3298 3381 3592 3436; x_wconf 84' lang='lat' dir='ltr'><strong>manifesta</strong></span> 
     </span>
    </p>
   </div>
   <div class='ocr_carea' id='block_1_78' title="bbox 2015 3461 3591 3542">
    <p class='ocr_par' dir='ltr' id='par_1_78' title="bbox 2015 3461 3591 3542">
     <span class='ocr_line' id='line_1_78' title="bbox 2015 3461 3591 3542; baseline -0.003 -9"><span class='ocrx_word' id='word_1_604' title='bbox 2015 3487 2072 3533; x_wconf 89' lang='lat' dir='ltr'><strong>ct</strong></span> <span class='ocrx_word' id='word_1_605' title='bbox 2109 3478 2414 3533; x_wconf 87' lang='lat' dir='ltr'><strong>clarissima</strong></span> <span class='ocrx_word' id='word_1_606' title='bbox 2441 3487 2590 3542; x_wconf 90' lang='lat' dir='ltr'><strong>sunt,</strong></span> <span class='ocrx_word' id='word_1_607' title='bbox 2621 3461 2823 3530; x_wconf 31' lang='lat' dir='ltr'><strong>ut&#39;sola</strong></span> <span class='ocrx_word' id='word_1_608' title='bbox 2852 3475 3148 3530; x_wconf 79' lang='lat' dir='ltr'><strong>suliiciaut.</strong></span> <span class='ocrx_word' id='word_1_609' title='bbox 3185 3476 3416 3530; x_wconf 86' lang='lat' dir='ltr'><strong>Probato</strong></span> <span class='ocrx_word' id='word_1_610' title='bbox 3442 3477 3591 3530; x_wconf 90' lang='lat' dir='ltr'><strong>enim</strong></span> 
     </span>
    </p>
   </div>
   <div class='ocr_carea' id='block_1_79' title="bbox 2016 3567 3594 3640">
    <p class='ocr_par' dir='ltr' id='par_1_79' title="bbox 2016 3567 3594 3640">
     <span class='ocr_line' id='line_1_79' title="bbox 2016 3567 3594 3640; baseline 0.001 -17"><span class='ocrx_word' id='word_1_611' title='bbox 2016 3570 2161 3640; x_wconf 86' lang='lat' dir='ltr'><strong>quod</strong></span> <span class='ocrx_word' id='word_1_612' title='bbox 2195 3571 2365 3625; x_wconf 85' lang='lat' dir='ltr'><strong>Filius</strong></span> <span class='ocrx_word' id='word_1_613' title='bbox 2393 3570 2466 3624; x_wconf 90' lang='lat' dir='ltr'><strong>sit</strong></span> <span class='ocrx_word' id='word_1_614' title='bbox 2496 3571 2663 3624; x_wconf 89' lang='lat' dir='ltr'><strong>etiam</strong></span> <span class='ocrx_word' id='word_1_615' title='bbox 2713 3569 2835 3623; x_wconf 80' lang='lat' dir='ltr'><strong>fons</strong></span> <span class='ocrx_word' id='word_1_616' title='bbox 2881 3567 3130 3630; x_wconf 83' lang='lat' dir='ltr'><strong>Deitatis,</strong></span> <span class='ocrx_word' id='word_1_617' title='bbox 3166 3567 3438 3637; x_wconf 90' lang='lat' dir='ltr'><strong>siquidem</strong></span> <span class='ocrx_word' id='word_1_618' title='bbox 3471 3569 3594 3624; x_wconf 83' lang='lat' dir='ltr'><strong>l‘ons</strong></span> 
     </span>
    </p>
   </div>
   <div class='ocr_carea' id='block_1_80' title="bbox 2017 3657 3591 3728">
    <p class='ocr_par' dir='ltr' id='par_1_80' title="bbox 2017 3657 3591 3728">
     <span class='ocr_line' id='line_1_80' title="bbox 2017 3657 3591 3728; baseline -0.001 -15"><span class='ocrx_word' id='word_1_619' title='bbox 2017 3660 2256 3728; x_wconf 81' lang='lat' dir='ltr'><strong>Spiritus</strong></span> <span class='ocrx_word' id='word_1_620' title='bbox 2305 3659 2484 3714; x_wconf 89' lang='lat' dir='ltr'><strong>sancti</strong></span> <span class='ocrx_word' id='word_1_621' title='bbox 2543 3668 2630 3713; x_wconf 91' lang='lat' dir='ltr'><strong>est</strong></span> <span class='ocrx_word' id='word_1_622' title='bbox 2664 3667 2982 3713; x_wconf 87' lang='lat' dir='ltr'><strong>sanctorum</strong></span> <span class='ocrx_word' id='word_1_623' title='bbox 3029 3658 3257 3713; x_wconf 86' lang='lat' dir='ltr'><strong>Patrum</strong></span> <span class='ocrx_word' id='word_1_624' title='bbox 3293 3657 3591 3719; x_wconf 81' lang='lat' dir='ltr'><strong>sententia,</strong></span> 
     </span>
    </p>
   </div>
   <div class='ocr_carea' id='block_1_81' title="bbox 2018 3750 3593 3820">
    <p class='ocr_par' dir='ltr' id='par_1_81' title="bbox 2018 3750 3593 3820">
     <span class='ocr_line' id='line_1_81' title="bbox 2018 3750 3593 3820; baseline -0.002 -14"><span class='ocrx_word' id='word_1_625' title='bbox 2018 3751 2261 3818; x_wconf 74' lang='lat' dir='ltr'><strong>Spiritus</strong></span> <span class='ocrx_word' id='word_1_626' title='bbox 2311 3766 2446 3806; x_wconf 83' lang='lat' dir='ltr'><strong>vero</strong></span> <span class='ocrx_word' id='word_1_627' title='bbox 2501 3760 2725 3806; x_wconf 81' lang='lat' dir='ltr'><strong>sanctus</strong></span> <span class='ocrx_word' id='word_1_628' title='bbox 2771 3752 2915 3804; x_wconf 81' lang='lat' dir='ltr'><strong>Deus</strong></span> <span class='ocrx_word' id='word_1_629' title='bbox 2947 3759 3033 3805; x_wconf 89' lang='lat' dir='ltr'><strong>est</strong></span> <span class='ocrx_word' id='word_1_630' title='bbox 3083 3750 3313 3820; x_wconf 89' lang='lat' dir='ltr'><strong>(quibus</strong></span> <span class='ocrx_word' id='word_1_631' title='bbox 3367 3750 3593 3804; x_wconf 90' lang='lat' dir='ltr'><strong>beatum</strong></span> 
     </span>
    </p>
   </div>
   <div class='ocr_carea' id='block_1_82' title="bbox 2018 3839 3597 3912">
    <p class='ocr_par' dir='ltr' id='par_1_82' title="bbox 2018 3839 3597 3912">
     <span class='ocr_line' id='line_1_82' title="bbox 2018 3839 3597 3912; baseline -0.001 -16"><span class='ocrx_word' id='word_1_632' title='bbox 2018 3841 2340 3912; x_wconf 81' lang='lat' dir='ltr'><strong>Dionysium</strong></span> <span class='ocrx_word' id='word_1_633' title='bbox 2375 3842 2761 3896; x_wconf 87' lang='lat' dir='ltr'><strong>contradicere</strong></span> <span class='ocrx_word' id='word_1_634' title='bbox 2789 3842 2977 3896; x_wconf 86' lang='lat' dir='ltr'><strong>nullus</strong></span> <span class='ocrx_word' id='word_1_635' title='bbox 3009 3840 3252 3895; x_wconf 70' lang='lat' dir='ltr'><strong>fidelium</strong></span> <span class='ocrx_word' id='word_1_636' title='bbox 3285 3839 3480 3911; x_wconf 90' lang='lat' dir='ltr'><strong>dicet),</strong></span> <span class='ocrx_word' id='word_1_637' title='bbox 3509 3855 3597 3895; x_wconf 89' lang='lat' dir='ltr'><strong>re-</strong></span> 
     </span>
    </p>
   </div>
   <div class='ocr_carea' id='block_1_83' title="bbox 2019 3933 3592 4004">
    <p class='ocr_par' dir='ltr' id='par_1_83' title="bbox 2019 3933 3592 4004">
     <span class='ocr_line' id='line_1_83' title="bbox 2019 3933 3592 4004; baseline -0.001 -16"><span class='ocrx_word' id='word_1_638' title='bbox 2019 3943 2128 3988; x_wconf 89' lang='lat' dir='ltr'><strong>stat</strong></span> <span class='ocrx_word' id='word_1_639' title='bbox 2166 3944 2226 3986; x_wconf 92' lang='lat' dir='ltr'><strong>ut</strong></span> <span class='ocrx_word' id='word_1_640' title='bbox 2257 3933 2361 3989; x_wconf 83' lang='lat' dir='ltr'><strong>hoc</strong></span> <span class='ocrx_word' id='word_1_641' title='bbox 2391 3933 2538 4004; x_wconf 88' lang='lat' dir='ltr'><strong>quod</strong></span> <span class='ocrx_word' id='word_1_642' title='bbox 2583 3933 2720 3988; x_wconf 86' lang='lat' dir='ltr'><strong>dicit</strong></span> <span class='ocrx_word' id='word_1_643' title='bbox 2774 3933 3094 4003; x_wconf 84' lang='lat' dir='ltr'><strong>Dionysius,</strong></span> <span class='ocrx_word' id='word_1_644' title='bbox 3146 3934 3325 3988; x_wconf 85' lang='lat' dir='ltr'><strong>solum</strong></span> <span class='ocrx_word' id='word_1_645' title='bbox 3382 3933 3592 3988; x_wconf 75' lang='lat' dir='ltr'><strong>fontem</strong></span> 
     </span>
    </p>
   </div>
   <div class='ocr_carea' id='block_1_84' title="bbox 2019 4025 3592 4095">
    <p class='ocr_par' dir='ltr' id='par_1_84' title="bbox 2019 4025 3592 4095">
     <span class='ocr_line' id='line_1_84' title="bbox 2019 4025 3592 4095; baseline 0 -14"><span class='ocrx_word' id='word_1_646' title='bbox 2019 4026 2250 4081; x_wconf 88' lang='lat' dir='ltr'><strong>Deitatis</strong></span> <span class='ocrx_word' id='word_1_647' title='bbox 2283 4025 2496 4081; x_wconf 86' lang='lat' dir='ltr'><strong>Patrem</strong></span> <span class='ocrx_word' id='word_1_648' title='bbox 2531 4042 2676 4091; x_wconf 88' lang='lat' dir='ltr'><strong>esse,</strong></span> <span class='ocrx_word' id='word_1_649' title='bbox 2705 4026 3008 4081; x_wconf 89' lang='lat' dir='ltr'><strong>secundum</strong></span> <span class='ocrx_word' id='word_1_650' title='bbox 3043 4027 3345 4095; x_wconf 66' lang='lat' dir='ltr'><strong>praedictos</strong></span> <span class='ocrx_word' id='word_1_651' title='bbox 3378 4027 3592 4092; x_wconf 86' lang='lat' dir='ltr'><strong>modos,</strong></span> 
     </span>
    </p>
   </div>
   <div class='ocr_carea' id='block_1_85' title="bbox 2019 4118 3323 4183">
    <p class='ocr_par' dir='ltr' id='par_1_85' title="bbox 2019 4118 3323 4183">
     <span class='ocr_line' id='line_1_85' title="bbox 2019 4118 3323 4183; baseline 0 -10"><span class='ocrx_word' id='word_1_652' title='bbox 2019 4127 2116 4173; x_wconf 91' lang='lat' dir='ltr'><strong>aut</strong></span> <span class='ocrx_word' id='word_1_653' title='bbox 2141 4119 2378 4174; x_wconf 87' lang='lat' dir='ltr'><strong>alterum</strong></span> <span class='ocrx_word' id='word_1_654' title='bbox 2409 4119 2653 4183; x_wconf 84' lang='lat' dir='ltr'><strong>illorum,</strong></span> <span class='ocrx_word' id='word_1_655' title='bbox 2681 4127 2737 4173; x_wconf 91' lang='lat' dir='ltr'><strong>et</strong></span> <span class='ocrx_word' id='word_1_656' title='bbox 2768 4134 2877 4172; x_wconf 88' lang='lat' dir='ltr'><strong>non</strong></span> <span class='ocrx_word' id='word_1_657' title='bbox 2907 4118 3068 4172; x_wconf 88' lang='lat' dir='ltr'><strong>aliter</strong></span> <span class='ocrx_word' id='word_1_658' title='bbox 3099 4118 3323 4173; x_wconf 78' lang='lat' dir='ltr'><strong>dixerit.</strong></span> 
     </span>
    </p>
   </div>
   <div class='ocr_carea' id='block_1_86' title="bbox 2160 4230 3454 4354">
    <p class='ocr_par' dir='ltr' id='par_1_86' title="bbox 2160 4230 3454 4354">
     <span class='ocr_line' id='line_1_86' title="bbox 2160 4230 3454 4354; baseline 0.002 -69"><span class='ocrx_word' id='word_1_659' title='bbox 2160 4230 2348 4286; x_wconf 70' lang='lat' dir='ltr'><strong>Brevis</strong></span> <span class='ocrx_word' id='word_1_660' title='bbox 2378 4231 2634 4307; x_wconf 77' lang='lat' dir='ltr'><strong>Epilogus</strong></span> <span class='ocrx_word' id='word_1_661' title='bbox 2662 4234 2924 4354; x_wconf 62' lang='lat' dir='ltr'><strong>lomninm,</strong></span> <span class='ocrx_word' id='word_1_662' title='bbox 2951 4247 3068 4301; x_wconf 71' lang='lat' dir='ltr'><strong>qua</strong></span> <span class='ocrx_word' id='word_1_663' title='bbox 3089 4233 3230 4286; x_wconf 80' lang='lat' dir='ltr'><strong>dicta</strong></span> <span class='ocrx_word' id='word_1_664' title='bbox 3254 4240 3378 4286; x_wconf 83' lang='lat' dir='ltr'><strong>sunt</strong></span> <span class='ocrx_word' id='word_1_665' title='bbox 3400 4234 3454 4287; x_wconf 86' lang='lat' dir='ltr'><strong>in</strong></span> 
     </span>
     <span class='ocr_line' id='line_1_87' title="bbox 2679 4318 2967 4354; baseline 0.003 -1"><span class='ocrx_word' id='word_1_666' title='bbox 2679 4318 2757 4354; x_wconf 74' lang='lat' dir='ltr'><strong>ioc</strong></span> <span class='ocrx_word' id='word_1_667' title='bbox 2795 4319 2967 4354; x_wconf 78' lang='lat' dir='ltr'><strong>avere.</strong></span> 
     </span>
    </p>
   </div>
   <div class='ocr_carea' id='block_1_87' title="bbox 2679 4318 2967 4372">
    <p class='ocr_par' dir='ltr' id='par_1_87' title="bbox 2679 4318 2967 4372">
     <span class='ocr_line' id='line_1_88' title="bbox 2679 4318 2967 4372; baseline 0.007 -19"><span class='ocrx_word' id='word_1_668' title='bbox 2679 4318 2757 4354; x_wconf 74' lang='lat' dir='ltr'><strong>ioc</strong></span> <span class='ocrx_word' id='word_1_669' title='bbox 2795 4319 2967 4372; x_wconf 81' lang='lat' dir='ltr'><strong>opere.</strong></span> 
     </span>
    </p>
   </div>
   <div class='ocr_carea' id='block_1_88' title="bbox 303 4381 3595 4469">
    <p class='ocr_par' dir='ltr' id='par_1_88' title="bbox 303 4381 3595 4469">
     <span class='ocr_line' id='line_1_89' title="bbox 303 4381 3595 4469; baseline -0.006 -16"><span class='ocrx_word' id='word_1_670' title='bbox 303 4405 473 4453; x_wconf 84' lang='lat' dir='ltr'><strong>ceret</strong></span> <span class='ocrx_word' id='word_1_671' title='bbox 521 4395 748 4448; x_wconf 85' lang='lat' dir='ltr'><strong>Patrem</strong></span> <span class='ocrx_word' id='word_1_672' title='bbox 798 4390 1020 4460; x_wconf 87' lang='lat' dir='ltr'><strong>quidem</strong></span> <span class='ocrx_word' id='word_1_673' title='bbox 1079 4387 1286 4441; x_wconf 81' lang='lat' dir='ltr'><strong>fontem</strong></span> <span class='ocrx_word' id='word_1_674' title='bbox 1337 4381 1460 4439; x_wconf 89' lang='lat' dir='ltr'><strong>Filii</strong></span> <span class='ocrx_word' id='word_1_675' title='bbox 1512 4399 1654 4445; x_wconf 82' lang='lat' dir='ltr'><strong>esse,</strong></span> <span class='ocrx_word' id='word_1_676' title='bbox 1713 4383 1911 4436; x_wconf 90' lang='lat' dir='ltr'><strong>Filium</strong></span> <span class='ocrx_word' id='word_1_677' title='bbox 1951 4415 1993 4469; x_wconf 69' lang='grc' dir='ltr'>ο</span> <span class='ocrx_word' id='word_1_678' title='bbox 2095 4396 2209 4466; x_wconf 63' lang='lat' dir='ltr'><strong>Ego</strong></span> <span class='ocrx_word' id='word_1_679' title='bbox 2240 4394 2461 4465; x_wconf 68' lang='lat' dir='ltr'><strong>quidem</strong></span> <span class='ocrx_word' id='word_1_680' title='bbox 2492 4404 2582 4448; x_wconf 69' lang='lat' dir='ltr'><strong>ma</strong></span> <span class='ocrx_word' id='word_1_681' title='bbox 2613 4395 2809 4463; x_wconf 55' lang='lat' dir='ltr'><strong>gratia,</strong></span> <span class='ocrx_word' id='word_1_682' title='bbox 2853 4391 3281 4446; x_wconf 61' lang='lat' dir='ltr'><strong>clementissime</strong></span> <span class='ocrx_word' id='word_1_683' title='bbox 3310 4393 3414 4458; x_wconf 61' lang='grc' dir='ltr'><strong>νῖν,</strong></span> <span class='ocrx_word' id='word_1_684' title='bbox 3448 4396 3595 4464; x_wconf 71' lang='grc' dir='ltr'><strong>(μιοά</strong></span> 
     </span>
    </p>
   </div>
   <div class='ocr_carea' id='block_1_89' title="bbox 306 4474 1913 4545">
    <p class='ocr_par' dir='ltr' id='par_1_89' title="bbox 306 4474 1913 4545">
     <span class='ocr_line' id='line_1_90' title="bbox 306 4474 1913 4545; baseline -0.01 -3"><span class='ocrx_word' id='word_1_685' title='bbox 306 4505 449 4544; x_wconf 82' lang='lat' dir='ltr'><strong>vero</strong></span> <span class='ocrx_word' id='word_1_686' title='bbox 488 4489 706 4542; x_wconf 79' lang='lat' dir='ltr'><strong>fontem</strong></span> <span class='ocrx_word' id='word_1_687' title='bbox 741 4483 918 4538; x_wconf 84' lang='lat' dir='ltr'><strong>Patris</strong></span> <span class='ocrx_word' id='word_1_688' title='bbox 951 4480 1176 4534; x_wconf 88' lang='lat' dir='ltr'><strong>minime</strong></span> <span class='ocrx_word' id='word_1_689' title='bbox 1209 4492 1351 4533; x_wconf 86' lang='lat' dir='ltr'><strong>esse.</strong></span> <span class='ocrx_word' id='word_1_690' title='bbox 1380 4475 1445 4530; x_wconf 87' lang='lat' dir='ltr'><strong>Et</strong></span> <span class='ocrx_word' id='word_1_691' title='bbox 1476 4475 1622 4545; x_wconf 88' lang='lat' dir='ltr'><strong>quod</strong></span> <span class='ocrx_word' id='word_1_692' title='bbox 1655 4474 1722 4528; x_wconf 82' lang='lat' dir='ltr'><strong>de</strong></span> <span class='ocrx_word' id='word_1_693' title='bbox 1754 4474 1913 4528; x_wconf 86' lang='lat' dir='ltr'><strong>Patre</strong></span> 
     </span>
    </p>
   </div>
   <div class='ocr_carea' id='block_1_90' title="bbox 303 4566 1918 4641">
    <p class='ocr_par' dir='ltr' id='par_1_90' title="bbox 303 4566 1918 4641">
     <span class='ocr_line' id='line_1_91' title="bbox 303 4566 1918 4641; baseline -0.012 -2"><span class='ocrx_word' id='word_1_694' title='bbox 303 4593 361 4638; x_wconf 88' lang='lat' dir='ltr'><strong>et</strong></span> <span class='ocrx_word' id='word_1_695' title='bbox 407 4582 571 4637; x_wconf 81' lang='lat' dir='ltr'><strong>Filio</strong></span> <span class='ocrx_word' id='word_1_696' title='bbox 616 4578 884 4632; x_wconf 89' lang='lat' dir='ltr'><strong>duntaxat</strong></span> <span class='ocrx_word' id='word_1_697' title='bbox 919 4575 1010 4628; x_wconf 93' lang='lat' dir='ltr'><strong>hic</strong></span> <span class='ocrx_word' id='word_1_698' title='bbox 1058 4572 1379 4641; x_wconf 90' lang='lat' dir='ltr'><strong>speculetur</strong></span> <span class='ocrx_word' id='word_1_699' title='bbox 1408 4609 1424 4632; x_wconf 87' lang='lat'><strong>,</strong></span> <span class='ocrx_word' id='word_1_700' title='bbox 1477 4584 1507 4622; x_wconf 90' lang='lat' dir='ltr'><strong>a</strong></span> <span class='ocrx_word' id='word_1_701' title='bbox 1553 4566 1918 4637; x_wconf 87' lang='lat' dir='ltr'><strong>sequentibus</strong></span> 
     </span>
    </p>
   </div>
   <div class='ocr_carea' id='block_1_91' title="bbox 305 4661 1919 4730">
    <p class='ocr_par' dir='ltr' id='par_1_91' title="bbox 305 4661 1919 4730">
     <span class='ocr_line' id='line_1_92' title="bbox 305 4661 1919 4730; baseline -0.011 -3"><span class='ocrx_word' id='word_1_702' title='bbox 305 4671 744 4727; x_wconf 80' lang='lat' dir='ltr'><strong>manifestatur.</strong></span> <span class='ocrx_word' id='word_1_703' title='bbox 773 4665 848 4719; x_wconf 87' lang='lat' dir='ltr'><strong>Ea</strong></span> <span class='ocrx_word' id='word_1_704' title='bbox 873 4664 1105 4726; x_wconf 89' lang='lat' dir='ltr'><strong>etenim,</strong></span> <span class='ocrx_word' id='word_1_705' title='bbox 1154 4661 1360 4730; x_wconf 86' lang='lat' dir='ltr'><strong>inquit,</strong></span> <span class='ocrx_word' id='word_1_706' title='bbox 1394 4674 1517 4728; x_wconf 60' lang='lat' dir='ltr'><strong>quas</strong></span> <span class='ocrx_word' id='word_1_707' title='bbox 1571 4668 1700 4713; x_wconf 90' lang='lat' dir='ltr'><strong>sunt</strong></span> <span class='ocrx_word' id='word_1_708' title='bbox 1749 4671 1919 4727; x_wconf 75' lang='lat' dir='ltr'><strong>gene-</strong></span> 
     </span>
    </p>
   </div>
   <div class='ocr_carea' id='block_1_92' title="bbox 305 4749 1917 4828">
    <p class='ocr_par' dir='ltr' id='par_1_92' title="bbox 305 4749 1917 4828">
     <span class='ocr_line' id='line_1_93' title="bbox 305 4749 1917 4828; baseline -0.014 -6"><span class='ocrx_word' id='word_1_709' title='bbox 305 4764 576 4822; x_wconf 82' lang='lat' dir='ltr'><strong>rationis</strong></span> <span class='ocrx_word' id='word_1_710' title='bbox 607 4760 828 4823; x_wconf 66' lang='lat' dir='ltr'><strong>divinae,</strong></span> <span class='ocrx_word' id='word_1_711' title='bbox 880 4773 1006 4828; x_wconf 69' lang='lat' dir='ltr'><strong>qua:</strong></span> <span class='ocrx_word' id='word_1_712' title='bbox 1054 4769 1224 4824; x_wconf 89' lang='lat' dir='ltr'><strong>super</strong></span> <span class='ocrx_word' id='word_1_713' title='bbox 1277 4768 1496 4807; x_wconf 88' lang='lat' dir='ltr'><strong>omnem</strong></span> <span class='ocrx_word' id='word_1_714' title='bbox 1553 4749 1917 4805; x_wconf 84' lang='lat' dir='ltr'><strong>substantiam</strong></span> 
     </span>
    </p>
   </div>
   <div class='ocr_carea' id='block_1_93' title="bbox 304 4841 1923 4922">
    <p class='ocr_par' dir='ltr' id='par_1_93' title="bbox 304 4841 1923 4922">
     <span class='ocr_line' id='line_1_94' title="bbox 304 4841 1923 4922; baseline -0.014 -7"><span class='ocrx_word' id='word_1_715' title='bbox 304 4868 424 4922; x_wconf 85' lang='lat' dir='ltr'><strong>est,</strong></span> <span class='ocrx_word' id='word_1_716' title='bbox 458 4871 590 4910; x_wconf 89' lang='lat' dir='ltr'><strong>non</strong></span> <span class='ocrx_word' id='word_1_717' title='bbox 625 4859 1029 4908; x_wconf 88' lang='lat' dir='ltr'><strong>convertuntur</strong></span> <span class='ocrx_word' id='word_1_718' title='bbox 1072 4846 1140 4901; x_wconf 90' lang='lat' dir='ltr'><strong>ad</strong></span> <span class='ocrx_word' id='word_1_719' title='bbox 1184 4846 1442 4900; x_wconf 87' lang='lat' dir='ltr'><strong>invicem.</strong></span> <span class='ocrx_word' id='word_1_720' title='bbox 1495 4842 1609 4897; x_wconf 77' lang='lat' dir='ltr'><strong>Hoc</strong></span> <span class='ocrx_word' id='word_1_721' title='bbox 1641 4841 1788 4895; x_wconf 86' lang='lat' dir='ltr'><strong>enim</strong></span> <span class='ocrx_word' id='word_1_722' title='bbox 1825 4855 1923 4894; x_wconf 88' lang='lat' dir='ltr'><strong>no-</strong></span> 
     </span>
    </p>
   </div>
   <div class='ocr_carea' id='block_1_94' title="bbox 249 4931 1922 5018">
    <p class='ocr_par' dir='ltr' id='par_1_94' title="bbox 249 4931 1922 5018">
     <span class='ocr_line' id='line_1_95' title="bbox 249 4931 1922 5018; baseline -0.016 -10"><span class='ocrx_word' id='word_1_723' title='bbox 249 4949 266 4965; x_wconf 80' lang='grc'><em>’</em></span> <span class='ocrx_word' id='word_1_724' title='bbox 307 4965 452 5007; x_wconf 87' lang='lat' dir='ltr'><strong>men</strong></span> <span class='ocrx_word' id='word_1_725' title='bbox 497 4942 888 5018; x_wconf 75' lang='lat' dir='ltr'><strong>generationis</strong></span> <span class='ocrx_word' id='word_1_726' title='bbox 944 4939 1147 4995; x_wconf 69' lang='lat' dir='ltr'><strong>divinae</strong></span> <span class='ocrx_word' id='word_1_727' title='bbox 1175 4937 1393 4993; x_wconf 88' lang='lat' dir='ltr'><strong>Patrem</strong></span> <span class='ocrx_word' id='word_1_728' title='bbox 1432 4945 1484 4990; x_wconf 89' lang='lat' dir='ltr'><strong>et</strong></span> <span class='ocrx_word' id='word_1_729' title='bbox 1529 4933 1730 4988; x_wconf 87' lang='lat' dir='ltr'><strong>Filium</strong></span> <span class='ocrx_word' id='word_1_730' title='bbox 1778 4931 1922 4985; x_wconf 90' lang='lat' dir='ltr'><strong>dun-</strong></span> 
     </span>
    </p>
   </div>
   <div class='ocr_carea' id='block_1_95' title="bbox 307 5025 1920 5106">
    <p class='ocr_par' dir='ltr' id='par_1_95' title="bbox 307 5025 1920 5106">
     <span class='ocr_line' id='line_1_96' title="bbox 307 5025 1920 5106; baseline -0.015 -9"><span class='ocrx_word' id='word_1_731' title='bbox 307 5049 482 5098; x_wconf 80' lang='lat' dir='ltr'><strong>taxat</strong></span> <span class='ocrx_word' id='word_1_732' title='bbox 533 5035 789 5106; x_wconf 88' lang='lat' dir='ltr'><strong>respicit,</strong></span> <span class='ocrx_word' id='word_1_733' title='bbox 835 5047 960 5088; x_wconf 91' lang='lat' dir='ltr'><strong>cum</strong></span> <span class='ocrx_word' id='word_1_734' title='bbox 1018 5031 1111 5086; x_wconf 88' lang='lat' dir='ltr'><strong>ille</strong></span> <span class='ocrx_word' id='word_1_735' title='bbox 1165 5036 1417 5100; x_wconf 78' lang='lat' dir='ltr'><strong>generet,</strong></span> <span class='ocrx_word' id='word_1_736' title='bbox 1467 5025 1560 5080; x_wconf 91' lang='lat' dir='ltr'><strong>hic</strong></span> <span class='ocrx_word' id='word_1_737' title='bbox 1605 5031 1920 5095; x_wconf 80' lang='lat' dir='ltr'><strong>generetur.</strong></span> 
     </span>
    </p>
   </div>
   <div class='ocr_carea' id='block_1_96' title="bbox 306 5115 1922 5194">
    <p class='ocr_par' dir='ltr' id='par_1_96' title="bbox 306 5115 1922 5194">
     <span class='ocr_line' id='line_1_97' title="bbox 306 5115 1922 5194; baseline -0.015 -2"><span class='ocrx_word' id='word_1_738' title='bbox 306 5134 442 5192; x_wconf 74' lang='lat' dir='ltr'><strong>Hoc</strong></span> <span class='ocrx_word' id='word_1_739' title='bbox 494 5139 693 5187; x_wconf 82' lang='lat' dir='ltr'><strong>autem</strong></span> <span class='ocrx_word' id='word_1_740' title='bbox 745 5125 1095 5183; x_wconf 78' lang='lat' dir='ltr'><strong>manifestius</strong></span> <span class='ocrx_word' id='word_1_741' title='bbox 1146 5129 1398 5194; x_wconf 89' lang='lat' dir='ltr'><strong>apparet,</strong></span> <span class='ocrx_word' id='word_1_742' title='bbox 1447 5135 1573 5176; x_wconf 91' lang='lat' dir='ltr'><strong>cum</strong></span> <span class='ocrx_word' id='word_1_743' title='bbox 1618 5115 1922 5187; x_wconf 80' lang='lat' dir='ltr'><strong>subjungit,</strong></span> 
     </span>
    </p>
   </div>
   <div class='ocr_carea' id='block_1_97' title="bbox 307 5213 1925 5286">
    <p class='ocr_par' dir='ltr' id='par_1_97' title="bbox 307 5213 1925 5286">
     <span class='ocr_line' id='line_1_98' title="bbox 307 5213 1925 5286; baseline -0.015 0"><span class='ocrx_word' id='word_1_744' title='bbox 307 5248 450 5286; x_wconf 85' lang='lat' dir='ltr'><strong>cum</strong></span> <span class='ocrx_word' id='word_1_745' title='bbox 488 5226 666 5279; x_wconf 86' lang='lat' dir='ltr'><strong>Pater</strong></span> <span class='ocrx_word' id='word_1_746' title='bbox 711 5236 818 5276; x_wconf 92' lang='lat' dir='ltr'><strong>non</strong></span> <span class='ocrx_word' id='word_1_747' title='bbox 851 5219 923 5274; x_wconf 88' lang='lat' dir='ltr'><strong>sit</strong></span> <span class='ocrx_word' id='word_1_748' title='bbox 950 5216 1147 5280; x_wconf 87' lang='lat' dir='ltr'><strong>Filius,</strong></span> <span class='ocrx_word' id='word_1_749' title='bbox 1181 5229 1283 5270; x_wconf 90' lang='lat' dir='ltr'><strong>nec</strong></span> <span class='ocrx_word' id='word_1_750' title='bbox 1326 5213 1498 5268; x_wconf 91' lang='lat' dir='ltr'><strong>Filius</strong></span> <span class='ocrx_word' id='word_1_751' title='bbox 1529 5213 1691 5266; x_wconf 88' lang='lat' dir='ltr'><strong>Pater</strong></span> <span class='ocrx_word' id='word_1_752' title='bbox 1723 5227 1740 5266; x_wconf 88' lang='lat'><strong>:</strong></span> <span class='ocrx_word' id='word_1_753' title='bbox 1773 5219 1925 5279; x_wconf 88' lang='lat' dir='ltr'><strong>patet</strong></span> 
     </span>
    </p>
   </div>
   <div class='ocr_carea' id='block_1_98' title="bbox 307 5302 1923 5395">
    <p class='ocr_par' dir='ltr' id='par_1_98' title="bbox 307 5302 1923 5395">
     <span class='ocr_line' id='line_1_99' title="bbox 307 5302 1923 5395; baseline -0.015 -16"><span class='ocrx_word' id='word_1_754' title='bbox 307 5324 502 5395; x_wconf 73' lang='lat' dir='ltr'><strong>igitur</strong></span> <span class='ocrx_word' id='word_1_755' title='bbox 538 5313 692 5386; x_wconf 89' lang='lat' dir='ltr'><strong>quod</strong></span> <span class='ocrx_word' id='word_1_756' title='bbox 736 5325 1002 5385; x_wconf 78' lang='lat' dir='ltr'><strong>generare</strong></span> <span class='ocrx_word' id='word_1_757' title='bbox 1047 5319 1105 5364; x_wconf 90' lang='lat' dir='ltr'><strong>et</strong></span> <span class='ocrx_word' id='word_1_758' title='bbox 1151 5309 1324 5377; x_wconf 88' lang='lat' dir='ltr'><strong>ipsam</strong></span> <span class='ocrx_word' id='word_1_759' title='bbox 1374 5305 1762 5375; x_wconf 88' lang='lat' dir='ltr'><strong>paternitatem</strong></span> <span class='ocrx_word' id='word_1_760' title='bbox 1821 5302 1923 5356; x_wconf 92' lang='lat' dir='ltr'><strong>soli</strong></span> 
     </span>
    </p>
   </div>
   <div class='ocr_carea' id='block_1_99' title="bbox 2023 4483 3594 4560">
    <p class='ocr_par' dir='ltr' id='par_1_99' title="bbox 2023 4483 3594 4560">
     <span class='ocr_line' id='line_1_100' title="bbox 2023 4483 3594 4560; baseline -0.001 -16"><span class='ocrx_word' id='word_1_761' title='bbox 2023 4489 2229 4560; x_wconf 88' lang='lat' dir='ltr'><strong>petiisti</strong></span> <span class='ocrx_word' id='word_1_762' title='bbox 2282 4502 2383 4557; x_wconf 93' lang='lat' dir='ltr'><strong>pro</strong></span> <span class='ocrx_word' id='word_1_763' title='bbox 2437 4501 2596 4556; x_wconf 82' lang='lat' dir='ltr'><strong>posse</strong></span> <span class='ocrx_word' id='word_1_764' title='bbox 2640 4485 2932 4554; x_wconf 89' lang='lat' dir='ltr'><strong>complevi.</strong></span> <span class='ocrx_word' id='word_1_765' title='bbox 2983 4483 3114 4550; x_wconf 81' lang='lat' dir='ltr'><strong>Qua:</strong></span> <span class='ocrx_word' id='word_1_766' title='bbox 3169 4485 3316 4540; x_wconf 90' lang='lat' dir='ltr'><strong>enim</strong></span> <span class='ocrx_word' id='word_1_767' title='bbox 3367 4495 3486 4541; x_wconf 89' lang='lat' dir='ltr'><strong>acta</strong></span> <span class='ocrx_word' id='word_1_768' title='bbox 3541 4488 3594 4542; x_wconf 93' lang='lat' dir='ltr'><strong>in</strong></span> 
     </span>
    </p>
   </div>
   <div class='ocr_carea' id='block_1_100' title="bbox 2023 4577 3598 4648">
    <p class='ocr_par' dir='ltr' id='par_1_100' title="bbox 2023 4577 3598 4648">
     <span class='ocr_line' id='line_1_101' title="bbox 2023 4577 3598 4648; baseline -0.001 -12"><span class='ocrx_word' id='word_1_769' title='bbox 2023 4581 2262 4636; x_wconf 89' lang='lat' dir='ltr'><strong>concilio</strong></span> <span class='ocrx_word' id='word_1_770' title='bbox 2291 4581 2518 4634; x_wconf 81' lang='lat' dir='ltr'><strong>luerunt</strong></span> <span class='ocrx_word' id='word_1_771' title='bbox 2547 4593 2612 4632; x_wconf 88' lang='lat' dir='ltr'><strong>ex</strong></span> <span class='ocrx_word' id='word_1_772' title='bbox 2662 4589 2817 4647; x_wconf 89' lang='lat' dir='ltr'><strong>parte</strong></span> <span class='ocrx_word' id='word_1_773' title='bbox 2849 4577 3091 4639; x_wconf 86' lang='lat' dir='ltr'><strong>narravi.</strong></span> <span class='ocrx_word' id='word_1_774' title='bbox 3129 4577 3418 4647; x_wconf 80' lang='lat' dir='ltr'><strong>utriusque</strong></span> <span class='ocrx_word' id='word_1_775' title='bbox 3445 4595 3598 4648; x_wconf 64' lang='lat' dir='ltr'><strong>qua:-</strong></span> 
     </span>
    </p>
   </div>
   <div class='ocr_carea' id='block_1_101' title="bbox 2022 4669 3599 4737">
    <p class='ocr_par' dir='ltr' id='par_1_101' title="bbox 2022 4669 3599 4737">
     <span class='ocr_line' id='line_1_102' title="bbox 2022 4669 3599 4737; baseline -0.001 -11"><span class='ocrx_word' id='word_1_776' title='bbox 2022 4674 2220 4726; x_wconf 88' lang='lat' dir='ltr'><strong>stionis</strong></span> <span class='ocrx_word' id='word_1_777' title='bbox 2251 4672 2497 4726; x_wconf 86' lang='lat' dir='ltr'><strong>rationes</strong></span> <span class='ocrx_word' id='word_1_778' title='bbox 2545 4670 2791 4725; x_wconf 82' lang='lat' dir='ltr'><strong>breviter</strong></span> <span class='ocrx_word' id='word_1_779' title='bbox 2821 4669 3058 4724; x_wconf 88' lang='lat' dir='ltr'><strong>reddidi.</strong></span> <span class='ocrx_word' id='word_1_780' title='bbox 3109 4670 3239 4737; x_wconf 65' lang='lat' dir='ltr'><strong>Qua:</strong></span> <span class='ocrx_word' id='word_1_781' title='bbox 3282 4671 3599 4725; x_wconf 78' lang='lat' dir='ltr'><strong>inferuntur</strong></span> 
     </span>
    </p>
   </div>
   <div class='ocr_carea' id='block_1_102' title="bbox 2024 4763 3600 4820">
    <p class='ocr_par' dir='ltr' id='par_1_102' title="bbox 2024 4763 3600 4820">
     <span class='ocr_line' id='line_1_103' title="bbox 2024 4763 3600 4820; baseline -0.003 0"><span class='ocrx_word' id='word_1_782' title='bbox 2024 4764 2470 4820; x_wconf 83' lang='lat' dir='ltr'><strong>inconvenientia</strong></span> <span class='ocrx_word' id='word_1_783' title='bbox 2513 4773 2706 4818; x_wconf 92' lang='lat' dir='ltr'><strong>contra</strong></span> <span class='ocrx_word' id='word_1_784' title='bbox 2738 4763 3037 4817; x_wconf 85' lang='lat' dir='ltr'><strong>veritatem</strong></span> <span class='ocrx_word' id='word_1_785' title='bbox 3084 4763 3456 4818; x_wconf 86' lang='lat' dir='ltr'><strong>conclusionis</strong></span> <span class='ocrx_word' id='word_1_786' title='bbox 3486 4764 3600 4816; x_wconf 84' lang='lat' dir='ltr'><strong>sive</strong></span> 
     </span>
    </p>
   </div>
   <div class='ocr_carea' id='block_1_103' title="bbox 2025 4854 3601 4919">
    <p class='ocr_par' dir='ltr' id='par_1_103' title="bbox 2025 4854 3601 4919">
     <span class='ocr_line' id='line_1_104' title="bbox 2025 4854 3601 4919; baseline -0.003 -7"><span class='ocrx_word' id='word_1_787' title='bbox 2025 4874 2090 4912; x_wconf 85' lang='lat' dir='ltr'><strong>ex</strong></span> <span class='ocrx_word' id='word_1_788' title='bbox 2131 4856 2441 4911; x_wconf 85' lang='lat' dir='ltr'><strong>rationibus</strong></span> <span class='ocrx_word' id='word_1_789' title='bbox 2481 4855 2946 4919; x_wconf 85' lang='lat' dir='ltr'><strong>adversariorum,</strong></span> <span class='ocrx_word' id='word_1_790' title='bbox 2997 4854 3118 4910; x_wconf 87' lang='lat' dir='ltr'><strong>sive</strong></span> <span class='ocrx_word' id='word_1_791' title='bbox 3157 4871 3223 4909; x_wconf 84' lang='lat' dir='ltr'><strong>ex</strong></span> <span class='ocrx_word' id='word_1_792' title='bbox 3259 4855 3601 4908; x_wconf 86' lang='lat' dir='ltr'><strong>auctoritati-</strong></span> 
     </span>
    </p>
   </div>
   <div class='ocr_carea' id='block_1_104' title="bbox 2025 4945 3663 5014">
    <p class='ocr_par' dir='ltr' id='par_1_104' title="bbox 2025 4945 3663 5014">
     <span class='ocr_line' id='line_1_105' title="bbox 2025 4945 3663 5014; baseline -0.004 -12"><span class='ocrx_word' id='word_1_793' title='bbox 2025 4947 2130 5002; x_wconf 86' lang='lat' dir='ltr'><strong>bus</strong></span> <span class='ocrx_word' id='word_1_794' title='bbox 2163 4946 2451 5001; x_wconf 89' lang='lat' dir='ltr'><strong>doctorum</strong></span> <span class='ocrx_word' id='word_1_795' title='bbox 2500 4946 2665 5000; x_wconf 89' lang='lat' dir='ltr'><strong>solvi.</strong></span> <span class='ocrx_word' id='word_1_796' title='bbox 2698 4946 2763 5000; x_wconf 86' lang='lat' dir='ltr'><strong>Et</strong></span> <span class='ocrx_word' id='word_1_797' title='bbox 2793 4946 3018 5013; x_wconf 84' lang='lat' dir='ltr'><strong>quidem</strong></span> <span class='ocrx_word' id='word_1_798' title='bbox 3055 4953 3112 4998; x_wconf 90' lang='lat' dir='ltr'><strong>ut</strong></span> <span class='ocrx_word' id='word_1_799' title='bbox 3147 4954 3282 5014; x_wconf 87' lang='lat' dir='ltr'><strong>puto</strong></span> <span class='ocrx_word' id='word_1_800' title='bbox 3328 4945 3604 4999; x_wconf 81' lang='lat' dir='ltr'><strong>suﬂicien-</strong></span> <span class='ocrx_word' id='word_1_801' title='bbox 3648 4969 3663 4982; x_wconf 84' lang='lat'><strong>-</strong></span> 
     </span>
    </p>
   </div>
   <div class='ocr_carea' id='block_1_105' title="bbox 2028 5037 3602 5108">
    <p class='ocr_par' dir='ltr' id='par_1_105' title="bbox 2028 5037 3602 5108">
     <span class='ocr_line' id='line_1_106' title="bbox 2028 5037 3602 5108; baseline -0.001 -16"><span class='ocrx_word' id='word_1_802' title='bbox 2028 5047 2130 5092; x_wconf 86' lang='lat' dir='ltr'><strong>ter.</strong></span> <span class='ocrx_word' id='word_1_803' title='bbox 2162 5039 2240 5092; x_wconf 86' lang='lat' dir='ltr'><strong>Ex</strong></span> <span class='ocrx_word' id='word_1_804' title='bbox 2265 5039 2488 5108; x_wconf 88' lang='lat' dir='ltr'><strong>quibus.</strong></span> <span class='ocrx_word' id='word_1_805' title='bbox 2522 5039 2576 5092; x_wconf 92' lang='lat' dir='ltr'><strong>ni</strong></span> <span class='ocrx_word' id='word_1_806' title='bbox 2613 5039 2792 5100; x_wconf 80' lang='lat' dir='ltr'><strong>l&#39;allor,</strong></span> <span class='ocrx_word' id='word_1_807' title='bbox 2831 5038 2957 5093; x_wconf 76' lang='lat' dir='ltr'><strong>ﬁdei</strong></span> <span class='ocrx_word' id='word_1_808' title='bbox 2989 5047 3194 5093; x_wconf 68' lang='lat' dir='ltr'><strong>nostrai</strong></span> <span class='ocrx_word' id='word_1_809' title='bbox 3246 5037 3455 5092; x_wconf 84' lang='lat' dir='ltr'><strong>veritas</strong></span> <span class='ocrx_word' id='word_1_810' title='bbox 3487 5037 3602 5091; x_wconf 82' lang='lat' dir='ltr'><strong>cla-</strong></span> 
     </span>
    </p>
   </div>
   <div class='ocr_carea' id='block_1_106' title="bbox 2029 5128 3600 5200">
    <p class='ocr_par' dir='ltr' id='par_1_106' title="bbox 2029 5128 3600 5200">
     <span class='ocr_line' id='line_1_107' title="bbox 2029 5128 3600 5200; baseline -0.006 -14"><span class='ocrx_word' id='word_1_811' title='bbox 2029 5132 2246 5186; x_wconf 86' lang='lat' dir='ltr'><strong>rissinte</strong></span> <span class='ocrx_word' id='word_1_812' title='bbox 2279 5131 2507 5200; x_wconf 85' lang='lat' dir='ltr'><strong>probata</strong></span> <span class='ocrx_word' id='word_1_813' title='bbox 2559 5139 2665 5184; x_wconf 89' lang='lat' dir='ltr'><strong>est.</strong></span> <span class='ocrx_word' id='word_1_814' title='bbox 2694 5130 2874 5184; x_wconf 84' lang='lat' dir='ltr'><strong>Tuum</strong></span> <span class='ocrx_word' id='word_1_815' title='bbox 2928 5145 3059 5185; x_wconf 86' lang='lat' dir='ltr'><strong>vero</strong></span> <span class='ocrx_word' id='word_1_816' title='bbox 3088 5128 3198 5182; x_wconf 90' lang='lat' dir='ltr'><strong>erit</strong></span> <span class='ocrx_word' id='word_1_817' title='bbox 3238 5136 3292 5182; x_wconf 93' lang='lat' dir='ltr'><strong>et</strong></span> <span class='ocrx_word' id='word_1_818' title='bbox 3337 5130 3600 5193; x_wconf 82' lang='lat' dir='ltr'><strong>aliorum,</strong></span> 
     </span>
    </p>
   </div>
   <div class='ocr_carea' id='block_1_107' title="bbox 2029 5218 3616 5293">
    <p class='ocr_par' dir='ltr' id='par_1_107' title="bbox 2029 5218 3616 5293">
     <span class='ocr_line' id='line_1_108' title="bbox 2029 5218 3616 5293; baseline -0.003 -16"><span class='ocrx_word' id='word_1_819' title='bbox 2029 5237 2265 5293; x_wconf 89' lang='lat' dir='ltr'><strong>quorum</strong></span> <span class='ocrx_word' id='word_1_820' title='bbox 2299 5222 2352 5275; x_wconf 91' lang='lat' dir='ltr'><strong>in</strong></span> <span class='ocrx_word' id='word_1_821' title='bbox 2394 5236 2586 5275; x_wconf 89' lang='lat' dir='ltr'><strong>manus</strong></span> <span class='ocrx_word' id='word_1_822' title='bbox 2619 5221 2724 5274; x_wconf 86' lang='lat' dir='ltr'><strong>hoc</strong></span> <span class='ocrx_word' id='word_1_823' title='bbox 2757 5235 2896 5290; x_wconf 88' lang='lat' dir='ltr'><strong>opus</strong></span> <span class='ocrx_word' id='word_1_824' title='bbox 2936 5219 3229 5289; x_wconf 70' lang='lat' dir='ltr'><strong>legendum</strong></span> <span class='ocrx_word' id='word_1_825' title='bbox 3261 5218 3616 5287; x_wconf 78' lang='lat' dir='ltr'><strong>pervenerit,‘</strong></span> 
     </span>
    </p>
   </div>
   <div class='ocr_carea' id='block_1_108' title="bbox 2029 5303 3604 5381">
    <p class='ocr_par' dir='ltr' id='par_1_108' title="bbox 2029 5303 3604 5381">
     <span class='ocr_line' id='line_1_109' title="bbox 2029 5303 3604 5381; baseline -0.003 -15"><span class='ocrx_word' id='word_1_826' title='bbox 2029 5319 2236 5366; x_wconf 85' lang='lat' dir='ltr'><strong>attente</strong></span> <span class='ocrx_word' id='word_1_827' title='bbox 2273 5311 2480 5380; x_wconf 90' lang='lat' dir='ltr'><strong>absque</strong></span> <span class='ocrx_word' id='word_1_828' title='bbox 2514 5310 2770 5381; x_wconf 89' lang='lat' dir='ltr'><strong>passione</strong></span> <span class='ocrx_word' id='word_1_829' title='bbox 2819 5303 3020 5379; x_wconf 69' lang='lat' dir='ltr'><strong>saepius</strong></span> <span class='ocrx_word' id='word_1_830' title='bbox 3071 5309 3264 5363; x_wconf 89' lang='lat' dir='ltr'><strong>eadem</strong></span> <span class='ocrx_word' id='word_1_831' title='bbox 3316 5308 3500 5376; x_wconf 79' lang='lat' dir='ltr'><strong>legere</strong></span> <span class='ocrx_word' id='word_1_832' title='bbox 3546 5316 3604 5362; x_wconf 87' lang='lat' dir='ltr'><strong>et</strong></span> 
     </span>
    </p>
   </div>
   <div class='ocr_carea' id='block_1_109' title="bbox 307 5394 1926 5470">
    <p class='ocr_par' dir='ltr' id='par_1_109' title="bbox 307 5394 1926 5470">
     <span class='ocr_line' id='line_1_110' title="bbox 307 5394 1926 5470; baseline -0.014 0"><span class='ocrx_word' id='word_1_833' title='bbox 307 5394 478 5470; x_wconf 75' lang='lat' dir='ltr'><strong>Patri</strong></span> <span class='ocrx_word' id='word_1_834' title='bbox 513 5409 802 5470; x_wconf 82' lang='lat' dir='ltr'><strong>tribuens,</strong></span> <span class='ocrx_word' id='word_1_835' title='bbox 838 5404 1018 5461; x_wconf 86' lang='lat' dir='ltr'><strong>solum</strong></span> <span class='ocrx_word' id='word_1_836' title='bbox 1059 5403 1264 5456; x_wconf 87' lang='lat' dir='ltr'><strong>l&#39;ontem</strong></span> <span class='ocrx_word' id='word_1_837' title='bbox 1296 5415 1422 5455; x_wconf 91' lang='lat' dir='ltr'><strong>eum</strong></span> <span class='ocrx_word' id='word_1_838' title='bbox 1469 5402 1548 5453; x_wconf 87' lang='lat' dir='ltr'><strong>ait</strong></span> <span class='ocrx_word' id='word_1_839' title='bbox 1595 5394 1926 5458; x_wconf 89' lang='lat' dir='ltr'><strong>divinitatis,</strong></span> 
     </span>
    </p>
   </div>
   <div class='ocr_carea' id='block_1_110' title="bbox 309 5492 1926 5564">
    <p class='ocr_par' dir='ltr' id='par_1_110' title="bbox 309 5492 1926 5564">
     <span class='ocr_line' id='line_1_111' title="bbox 309 5492 1926 5564; baseline -0.012 -4"><span class='ocrx_word' id='word_1_840' title='bbox 309 5522 383 5564; x_wconf 84' lang='lat' dir='ltr'><strong>ac</strong></span> <span class='ocrx_word' id='word_1_841' title='bbox 437 5503 491 5558; x_wconf 86' lang='lat' dir='ltr'><strong>si</strong></span> <span class='ocrx_word' id='word_1_842' title='bbox 551 5501 812 5554; x_wconf 85' lang='lat' dir='ltr'><strong>diceret:</strong></span> <span class='ocrx_word' id='word_1_843' title='bbox 847 5497 1013 5552; x_wconf 91' lang='lat' dir='ltr'><strong>Solus</strong></span> <span class='ocrx_word' id='word_1_844' title='bbox 1044 5494 1209 5548; x_wconf 85' lang='lat' dir='ltr'><strong>Pater</strong></span> <span class='ocrx_word' id='word_1_845' title='bbox 1235 5532 1250 5558; x_wconf 92' lang='lat'><strong>,</strong></span> <span class='ocrx_word' id='word_1_846' title='bbox 1309 5492 1461 5546; x_wconf 91' lang='lat' dir='ltr'><strong>solus</strong></span> <span class='ocrx_word' id='word_1_847' title='bbox 1497 5503 1771 5561; x_wconf 77' lang='lat' dir='ltr'><strong>generans</strong></span> <span class='ocrx_word' id='word_1_848' title='bbox 1817 5495 1926 5550; x_wconf 90' lang='lat' dir='ltr'><strong>est,</strong></span> 
     </span>
    </p>
   </div>
   <div class='ocr_carea' id='block_1_111' title="bbox 306 5585 1930 5666">
    <p class='ocr_par' dir='ltr' id='par_1_111' title="bbox 306 5585 1930 5666">
     <span class='ocr_line' id='line_1_112' title="bbox 306 5585 1930 5666; baseline -0.012 -11"><span class='ocrx_word' id='word_1_849' title='bbox 306 5614 424 5655; x_wconf 85' lang='lat' dir='ltr'><strong>nec</strong></span> <span class='ocrx_word' id='word_1_850' title='bbox 457 5598 603 5666; x_wconf 80' lang='lat' dir='ltr'><strong>ipse</strong></span> <span class='ocrx_word' id='word_1_851' title='bbox 645 5600 972 5664; x_wconf 81' lang='lat' dir='ltr'><strong>generatus,</strong></span> <span class='ocrx_word' id='word_1_852' title='bbox 1008 5604 1110 5645; x_wconf 92' lang='lat' dir='ltr'><strong>nec</strong></span> <span class='ocrx_word' id='word_1_853' title='bbox 1164 5585 1336 5642; x_wconf 89' lang='lat' dir='ltr'><strong>Filius</strong></span> <span class='ocrx_word' id='word_1_854' title='bbox 1381 5598 1674 5655; x_wconf 77' lang='lat' dir='ltr'><strong>generans.</strong></span> <span class='ocrx_word' id='word_1_855' title='bbox 1707 5597 1832 5636; x_wconf 90' lang='lat' dir='ltr'><strong>cum</strong></span> <span class='ocrx_word' id='word_1_856' title='bbox 1864 5595 1930 5636; x_wconf 89' lang='lat' dir='ltr'><strong>ea</strong></span> 
     </span>
    </p>
   </div>
   <div class='ocr_carea' id='block_1_112' title="bbox 306 5673 1926 5765">
    <p class='ocr_par' dir='ltr' id='par_1_112' title="bbox 306 5673 1926 5765">
     <span class='ocr_line' id='line_1_113' title="bbox 306 5673 1926 5765; baseline -0.012 -17"><span class='ocrx_word' id='word_1_857' title='bbox 306 5707 446 5765; x_wconf 72' lang='lat' dir='ltr'><strong>qua:</strong></span> <span class='ocrx_word' id='word_1_858' title='bbox 481 5695 634 5745; x_wconf 86' lang='lat' dir='ltr'><strong>sunt</strong></span> <span class='ocrx_word' id='word_1_859' title='bbox 659 5683 1030 5757; x_wconf 75' lang='lat' dir='ltr'><strong>generationis</strong></span> <span class='ocrx_word' id='word_1_860' title='bbox 1055 5680 1256 5738; x_wconf 81' lang='lat' dir='ltr'><strong>divinae</strong></span> <span class='ocrx_word' id='word_1_861' title='bbox 1291 5693 1401 5735; x_wconf 91' lang='lat' dir='ltr'><strong>non</strong></span> <span class='ocrx_word' id='word_1_862' title='bbox 1428 5683 1826 5735; x_wconf 85' lang='lat' dir='ltr'><strong>convertantur</strong></span> <span class='ocrx_word' id='word_1_863' title='bbox 1857 5673 1926 5730; x_wconf 89' lang='lat' dir='ltr'><strong>ad</strong></span> 
     </span>
    </p>
   </div>
   <div class='ocr_carea' id='block_1_113' title="bbox 2031 5400 3605 5472">
    <p class='ocr_par' dir='ltr' id='par_1_113' title="bbox 2031 5400 3605 5472">
     <span class='ocr_line' id='line_1_114' title="bbox 2031 5400 3605 5472; baseline -0.002 -16"><span class='ocrx_word' id='word_1_864' title='bbox 2031 5403 2306 5470; x_wconf 77' lang='lat' dir='ltr'><strong>relegere,</strong></span> <span class='ocrx_word' id='word_1_865' title='bbox 2335 5413 2391 5458; x_wconf 90' lang='lat' dir='ltr'><strong>et</strong></span> <span class='ocrx_word' id='word_1_866' title='bbox 2421 5402 2562 5457; x_wconf 87' lang='lat' dir='ltr'><strong>bene</strong></span> <span class='ocrx_word' id='word_1_867' title='bbox 2587 5417 2708 5472; x_wconf 67' lang='lat' dir='ltr'><strong>quae</strong></span> <span class='ocrx_word' id='word_1_868' title='bbox 2759 5402 2814 5455; x_wconf 87' lang='lat' dir='ltr'><strong>in</strong></span> <span class='ocrx_word' id='word_1_869' title='bbox 2859 5415 2927 5455; x_wconf 90' lang='lat' dir='ltr'><strong>eo</strong></span> <span class='ocrx_word' id='word_1_870' title='bbox 2975 5400 3118 5454; x_wconf 84' lang='lat' dir='ltr'><strong>dicta</strong></span> <span class='ocrx_word' id='word_1_871' title='bbox 3171 5409 3301 5454; x_wconf 89' lang='lat' dir='ltr'><strong>sunt</strong></span> <span class='ocrx_word' id='word_1_872' title='bbox 3355 5406 3605 5454; x_wconf 80' lang='lat' dir='ltr'><strong>contem—</strong></span> 
     </span>
    </p>
   </div>
   <div class='ocr_carea' id='block_1_114' title="bbox 2031 5484 3603 5562">
    <p class='ocr_par' dir='ltr' id='par_1_114' title="bbox 2031 5484 3603 5562">
     <span class='ocr_line' id='line_1_115' title="bbox 2031 5484 3603 5562; baseline -0.004 -15"><span class='ocrx_word' id='word_1_873' title='bbox 2031 5493 2202 5562; x_wconf 84' lang='lat' dir='ltr'><strong>plari;</strong></span> <span class='ocrx_word' id='word_1_874' title='bbox 2236 5491 2490 5546; x_wconf 82' lang='lat' dir='ltr'><strong>fortassis</strong></span> <span class='ocrx_word' id='word_1_875' title='bbox 2519 5492 2724 5546; x_wconf 87' lang='lat' dir='ltr'><strong>etenim</strong></span> <span class='ocrx_word' id='word_1_876' title='bbox 2778 5505 2885 5545; x_wconf 83' lang='lat' dir='ltr'><strong>non</strong></span> <span class='ocrx_word' id='word_1_877' title='bbox 2925 5489 3158 5552; x_wconf 88' lang='lat' dir='ltr'><strong>inutilis,</strong></span> <span class='ocrx_word' id='word_1_878' title='bbox 3194 5501 3372 5556; x_wconf 86' lang='lat' dir='ltr'><strong>neque</strong></span> <span class='ocrx_word' id='word_1_879' title='bbox 3424 5484 3603 5540; x_wconf 90' lang='lat' dir='ltr'><strong>labori</strong></span> 
     </span>
    </p>
   </div>
   <div class='ocr_carea' id='block_1_115' title="bbox 2032 5577 3602 5650">
    <p class='ocr_par' dir='ltr' id='par_1_115' title="bbox 2032 5577 3602 5650">
     <span class='ocr_line' id='line_1_116' title="bbox 2032 5577 3602 5650; baseline -0.006 -10"><span class='ocrx_word' id='word_1_880' title='bbox 2032 5594 2225 5641; x_wconf 72' lang='lat' dir='ltr'><strong>nosuo</strong></span> <span class='ocrx_word' id='word_1_881' title='bbox 2283 5583 2682 5640; x_wconf 85' lang='lat' dir='ltr'><strong>inconveniens</strong></span> <span class='ocrx_word' id='word_1_882' title='bbox 2734 5597 2831 5636; x_wconf 88' lang='lat' dir='ltr'><strong>vos</strong></span> <span class='ocrx_word' id='word_1_883' title='bbox 2877 5582 3094 5636; x_wconf 83' lang='lat' dir='ltr'><strong>fructus</strong></span> <span class='ocrx_word' id='word_1_884' title='bbox 3145 5589 3448 5650; x_wconf 85' lang='lat' dir='ltr'><strong>sequetur;</strong></span> <span class='ocrx_word' id='word_1_885' title='bbox 3503 5577 3602 5631; x_wconf 84' lang='lat' dir='ltr'><strong>sed</strong></span> 
     </span>
    </p>
   </div>
   <div class='ocr_carea' id='block_1_116' title="bbox 2033 5665 3606 5747">
    <p class='ocr_par' dir='ltr' id='par_1_116' title="bbox 2033 5665 3606 5747">
     <span class='ocr_line' id='line_1_117' title="bbox 2033 5665 3606 5747; baseline 0.001 -17"><span class='ocrx_word' id='word_1_886' title='bbox 2033 5675 2210 5747; x_wconf 87' lang='lat' dir='ltr'><strong>qualis</strong></span> <span class='ocrx_word' id='word_1_887' title='bbox 2257 5675 2483 5732; x_wconf 82' lang='lat' dir='ltr'><strong>maximi</strong></span> <span class='ocrx_word' id='word_1_888' title='bbox 2527 5676 2930 5733; x_wconf 78' lang='lat' dir='ltr'><strong>existimandus</strong></span> <span class='ocrx_word' id='word_1_889' title='bbox 2981 5683 3084 5730; x_wconf 88' lang='lat' dir='ltr'><strong>est.</strong></span> <span class='ocrx_word' id='word_1_890' title='bbox 3143 5669 3428 5745; x_wconf 73' lang='lat' dir='ltr'><strong>quuidem</strong></span> <span class='ocrx_word' id='word_1_891' title='bbox 3485 5665 3606 5732; x_wconf 82' lang='lat' dir='ltr'><strong>veri</strong></span> 
     </span>
    </p>
   </div>
   <div class='ocr_carea' id='block_1_117' title="bbox 1929 5960 1954 5986">
    <p class='ocr_par' dir='ltr' id='par_1_117' title="bbox 1929 5960 1954 5986">
     <span class='ocr_line' id='line_1_118' title="bbox 1929 5960 1954 5986; baseline 0 0"><span class='ocrx_word' id='word_1_892' title='bbox 1929 5960 1954 5986; x_wconf 65' lang='grc' dir='ltr'><strong><em>θ</em></strong></span> 
     </span>
    </p>
   </div>
  </div>
