3990 6212
354 300 459 365 4Π
644 250 647 253 Α
1329 292 1835 360 BESSARIONIS
1868 296 1925 358 S.

2069 292 2136 353 E.
2175 286 2640 352 CARDINALIS
3494 275 3602 343 4⁸8

356 431 459 471 nec
486 410 804 483 inquirendi
844 408 1186 467 fructuosior
1215 410 1369 467 labor
1398 419 1504 476 est,
1559 424 1664 464 nec
1716 405 1924 462 inventi
2031 404 2255 458 Patrum
2305 399 2665 456 auctoritates
2729 394 2985 451 facillime
3043 400 3339 464 arguentes
3372 407 3396 483 :A
3417 390 3606 445 omnis

355 481 649 576 pretiosior
674 506 908 559 fructus.
941 502 1046 558 Sed
1078 510 1206 557 ante
1246 502 1433 556 omnia
1460 509 1787 557 sanctorum
1821 498 1926 552 Pa-
2035 494 2242 550 etenim
2303 492 2444 548 ratio
2497 491 2583 545 his
2635 486 3026 544 contradicens
3084 481 3437 576 reprobanda
3495 490 3603 576 est,

358 574 503 649 trum
527 602 582 649 et
612 588 899 647 doctorum
924 589 1348 646 occidentalium
1370 590 1750 654 auctoritates,
1789 600 1929 656 quas
2038 594 2297 655 tanquam
2324 582 2548 639 veritati
2584 579 2893 643 contraria,
2927 575 3203 647 siquidem
3238 576 3431 630 Patres
3459 574 3607 628 veri-

357 700 483 739 cum
515 683 605 737 his
636 681 802 738 simul
830 681 903 735 ad
948 688 1001 735 te
1034 682 1216 747 mitto,
1271 681 1538 751 legentes,
1601 687 1811 734 attente
1859 691 1927 732 ex
2036 686 2203 733 tatem
2230 676 2401 731 locuti
2429 682 2581 730 sunt.
2605 673 2687 727 Tu
2715 686 2849 727 vero
2879 686 2985 725 una
3012 684 3139 726 cum
3162 665 3600 724 Occidentalium

358 777 455 832 his
488 775 758 847 colligatis
794 773 1157 843 problematis
1186 774 1350 844 hujus
1391 773 1747 829 clarissimam
1782 771 1929 825 veri-
2033 768 2257 825 Patrum
2290 764 2626 822 testimoniis
2658 763 2827 819 etiam
2857 761 3071 831 aliquas
3102 756 3466 815 Orientalium
3506 770 3609 847 au-

361 879 544 923 tatem.
568 846 634 923 Si
670 869 763 937 qui
803 881 937 922 vero
965 882 1076 921 non
1104 868 1383 933 veritatis,
1419 868 1517 922 sed
1545 863 1931 921 contentionis
2036 861 2322 916 ctoritatcs
2346 874 2378 913 a
2413 857 2574 913 nobis
2591 856 2879 925 accipe.ut
2909 854 3077 909 etiam
3114 852 3252 906 istos
3279 848 3473 905 eadem
3501 846 3611 901 illis

358 956 542 1022 amici,
572 964 664 1009 aut
721 956 858 1010 meis
886 954 1221 1021 rationibus,
1263 964 1363 1010 aut
1410 953 1649 1025 dogmati
1701 952 1932 1007 Latino-
2035 948 2307 1012 dicentes,
2330 947 2723 1017 intelligas;et
2753 958 2862 998 non
2887 941 3066 996 solum
3100 937 3396 997 sententia,
3416 947 3610 989 verum
3655 969 3664 978 .

360 1063 480 1102 rum
534 1046 828 1102 instantiae
877 1046 1143 1125 inferant,
1193 1060 1296 1102 eos
1332 1045 1675 1101 deridentes‘
1706 1054 1771 1100 et
1832 1057 1934 1113 per
2035 1040 2203 1095 etiam
2230 1039 2367 1109 ipsis
2395 1036 2583 1092 verbis
2614 1048 2714 1091 eos
2749 1034 3076 1104 plerumque
3113 1045 3236 1086 esse
3282 1025 3614 1083 concordes.

628 1223 3614 1271 Μ

368 1237 947 1274 π

544 1392 1425 1605 ΕιῐῠδῡΕΜ
1539 1379 2094 1598 CARD.
2203 1435 3454 1594 BESSARIONIS
3588 1489 3601 1500 -

1301 1747 1452 1833 AD
1521 1740 2016 1853 cumcos
2091 1741 2684 1835 EPISTOLA

369 1956 939 2027 EXHOBTANTIS
1008 1955 1160 2017 EOS
1235 1957 1345 2018 AD
1418 1957 1974 2020 OBEDIENTIAM
2050 1957 2637 2019 SACROSANCTIE
2717 1956 3084 2020 ROMANE
3172 1944 3617 2032 ECCLESIE,

1127 2081 1232 2140 ET
1307 2077 1899 2140 SUSCEPTIONEM
1963 2077 2260 2139 SYNODI
2314 2076 2877 2150 FLORENTINJE,
2951 2107 2986 2131 ι.

604 2202 704 2262 ΕΤ
752 2203 856 2263 DE
905 2199 1363 2262 ELECTIONIS
1400 2200 1544 2262 SUA
1578 2199 1657 2259 ΙΝ
1691 2197 2265 2261 PATIUARCHAM
2320 2197 3385 2262 CONSTANTINOPOLITANUM.

1692 2513 2323 2579 ARGUMENTUM.

451 2685 624 2746 Graeci
659 2685 858 2750 nostri,
891 2692 1111 2740 mortuo
1136 2678 1381 2750 Joseplto
1413 2678 1727 2751 patriarcha
1760 2678 2376 2749 Constantinopolitano
2418 2678 2713 2734 Florentiae
2735 2722 2750 2745 ,
2774 2677 3092 2735 noluerunt
3138 2680 3384 2737 alterum
3413 2683 3621 2756 eligere

374 2791 435 2836 et
462 2781 516 2834 in
543 2781 724 2834 loeut’n
752 2764 1395 2857 demortui‘substituere
1415 2811 1432 2838 ,
1471 2787 1635 2842 quem
1667 2771 2025 2827 conﬁrmaret
2052 2785 2303 2826 summus
2339 2770 2583 2842 pontifex
2619 2772 2897 2843 Eugenius
2932 2772 3022 2839 IV,
3051 2776 3198 2844 quod
3230 2777 3478 2834 dicerent
3503 2795 3619 2834 nul

376 2886 504 2928 esse
537 2871 707 2925 moris
747 2884 875 2923 eum
902 2867 1141 2938 eligendi
1175 2875 1331 2922 extra
1361 2863 1920 2935 Constantinopolim.
1951 2865 2167 2931 Quibus
2197 2866 2514 2920 excusando
2545 2879 2605 2919 se
2652 2866 3053 2923 humanissime
3098 2870 3342 2939 pontifex
3391 2888 3624 2945 respou-

375 2964 479 3029 dit,
509 2977 567 3017 se
603 2977 710 3017 non
740 2976 904 3031 posse
946 2960 1223 3030 deponere
1252 2956 1508 3013 Latinum
1555 2956 1921 3026 patriarcham
1976 2956 2277 3021 titularem,
2317 2956 2423 3012 nisi
2454 2956 2630 3013 Graeci
2666 2968 3044 3027 proponerent
3087 2961 3320 3019 alterum
3373 2964 3621 3021 Graecum

376 3059 450 3114 ibi
488 3056 579 3111 ubi
612 3055 996 3111 celebrabatur
1028 3054 1327 3109 concilium
1354 3093 1370 3117 ,
1402 3067 1432 3107 a
1466 3066 1526 3107 se
1555 3050 2019 3107 confirmandum.
2048 3050 2221 3116 Quem
2261 3058 2446 3106 autem
2473 3060 2668 3122 postea
2699 3050 3177 3125 Constantinopoli
3223 3058 3459 3127 primum
3504 3058 3622 3114 cleo

374 3153 577 3223 gerint,
610 3165 721 3206 non
750 3152 890 3206 adeo
917 3159 1155 3207 constat.
1205 3150 1265 3203 In
1319 3147 1554 3203 historia
1610 3146 2031 3217 quam-scripsit
2074 3156 2264 3202 nostra
2293 3146 2831 3227 attate'Theodosius
2856 3149 3173 3221 Zygomalas
3209 3153 3276 3208 ad
3327 3154 3622 3209 Martinum

360 3250 632 3305 ~Crusium
681 3248 1021 3312 haareticum,
1056 3245 1428 3302 fcrtur‘l‘uisse
1475 3243 1773 3315 Gregorius
1803 3243 2258 3313 Protosyngelus.
2315 3252 2378 3300 ut
2417 3245 2730 3301 notavimus
2773 3244 2826 3299 in
2875 3261 2913 3299 ll
2964 3246 3107 3302 libro
3134 3247 3202 3303 de
3255 3249 3633 3306 Sacramentis

377 3356 573 3397 versus
605 3342 790 3396 linem.
823 3339 1188 3395 Doctissimus
1211 3337 1611 3408 Caryophyllus
1640 3336 1695 3390 in
1729 3336 1873 3391 libro
1897 3338 2145 3409 quinque
2183 3338 2447 3409 capitum,
2482 3353 2648 3409 quem
2685 3339 2740 3394 in
2771 3338 3012 3410 linguam
3043 3342 3228 3396 tritam
3260 3351 3318 3398 et
3355 3359 3631 3400 vernacu-

376 3434 485 3488 lam
520 3432 837 3490 Graecorum
871 3433 1058 3498 vertit,
1090 3447 1157 3487 ex
1189 3431 1311 3486 aliis
1338 3429 1623 3485 historicis
1653 3430 1856 3501 colligit
1889 3431 2057 3488 fuisse
2080 3431 2464 3487 Bessarionem
2484 3472 2501 3499 ,
2543 3431 2690 3501 quod
2731 3447 2834 3503 ego
2865 3449 2976 3490 non
3001 3435 3188 3500 credo,
3221 3437 3441 3495 fecisset
3472 3441 3623 3496 enim

377 3527 578 3583 alicubi
613 3542 679 3582 ea
714 3527 783 3582 de
824 3541 885 3582 re
918 3525 1210 3582 Bessarion
1244 3513 1609 3580 mentionem.
1643 3523 1851 3580 Ferunt
1879 3539 2005 3579 eum
2051 3524 2235 3580 facere
2277 3523 2614 3579 mentionem
2639 3525 2708 3579 in
2761 3525 2865 3581 hac
2894 3528 3009 3597 ipsa
3045 3526 3433 3596 epistolaicum
3466 3530 3625 3599 dicit,

376 3640 437 3680 se
465 3624 725 3680 habuisse
757 3625 904 3678 inter
927 3621 1147 3678 Graecos
1181 3635 1428 3676 summos
1461 3621 1725 3676 honores.
1755 3621 1824 3675 At
1857 3620 1963 3675 hoc
1993 3619 2295 3675 verisimile
2320 3628 2406 3675 est
2438 3634 2565 3675 cum
2601 3620 2790 3676 dicere
2820 3632 3048 3692 propter
3079 3624 3384 3680 doctrinam
3406 3636 3462 3682 et
3491 3642 3631 3696 pru-

376 3718 620 3774 dentiam
655 3736 670 3773 :
708 3716 951 3786 alioquitt
984 3715 1150 3770 etiam
1182 3714 1483 3770 itnberbem
1512 3722 1569 3770 et
1590 3714 1855 3784 juvenem
1883 3712 2027 3783 apud
2063 3712 2426 3782 imperatores
2452 3728 2566 3784 prae
2593 3716 2808 3773 caeteris
2832 3718 3066 3788 ephebis
3116 3719 3171 3774 in
3217 3719 3427 3776 honore
3469 3720 3637 3776 babi-

380 3823 494 3869 tutn
527 3812 699 3868 fuisse
729 3817 982 3865 testatur.
1013 3807 1119 3863 Sed
1149 3821 1300 3873 eum,
1332 3807 1528 3872 aiunt,
1571 3807 1890 3863 substitisse
1930 3806 2118 3860 Romae
2148 3805 2483 3861 cardinalem
2514 3817 2785 3863 creatum.
2816 3808 2871 3866 Si
2906 3810 3214 3883 intelligant
3245 3813 3633 3869 Bessarionem

380 3912 503 3974 post
528 3901 823 3957 concilium
851 3915 962 3955 non
991 3898 1162 3955 fuisse
1194 3913 1475 3954 reversum
1504 3899 1558 3952 in
1595 3898 1885 3964 Graeciam,
1937 3896 2137 3953 falsum
2167 3908 2255 3954 est
2276 3937 2291 3961 ,
2329 3905 2389 3951 ut
2420 3908 2639 3954 constat
2669 3915 2735 3955 ex
2764 3902 2993 3972 epistola
3024 3904 3373 3962 Bessarionis
3401 3907 3466 3962 ad
3497 3907 3637 3963 Las-

379 3997 549 4055 carim
586 3996 1128 4066 Philantltropiuum,
1158 3994 1307 4051 circa
1343 3997 1675 4065 prommium
1701 4035 1715 4061 ,
1757 3994 1851 4048 ubi
1883 4009 1955 4063 re]

2069 4005 2236 4048 untur
2262 3994 2376 4049 ltmc
2406 3995 2572 4051 verba
2592 4035 2607 4060 ,
2649 3999 2786 4067 μετὰ
2815 3998 2915 4069 τὴν
2947 4001 3245 4071 γενημένην
3274 4002 3435 4071 ἁγέαν
3465 4004 3639 4058 σύνο-

376 4091 488 4157 δον,
522 4092 617 4144 καὶ
645 4089 747 4160 τὴν
780 4091 859 4154 εἰς
896 4086 1482 4143 Κωνσταντινούπολιν
1521 4087 1682 4159 ἡμῶν
1737 4087 1952 4141 ὲπάνοδε

2067 4095 2181 4158 post
2204 4087 2526 4143 celebratum
2576 4107 2787 4145 sacrant
2836 4092 3138 4161 concilium,
3191 4105 3239 4149 et
3281 4105 3520 4150 nostrum
3575 4098 3641 4152 in

381 4184 890 4256 Constantinopolim
941 4184 1189 4238 reditum.
1234 4182 1291 4237 Si
1326 4190 1510 4236 autem
1564 4181 1876 4252 intelligant
1905 4197 2031 4236 cum
2065 4182 2217 4237 brevi
2248 4183 2563 4240 substitisse
2595 4184 2650 4238 in
2700 4201 2764 4240 ea
2805 4187 2940 4241 urbe
2968 4197 3022 4242 et
3053 4204 3332 4245 reversum
3375 4191 3541 4245 fuisse
3579 4194 3642 4246 in

382 4279 622 4339 Italiam.
650 4277 904 4348 quamvis
932 4292 1041 4332 non
1068 4276 1140 4331 sit
1160 4284 1401 4340 certum,
1432 4284 1615 4340 tamen
1646 4275 1763 4329 ﬁeri
1796 4282 1998 4348 potest,
2029 4285 2084 4329 et
2120 4285 2252 4331 tunc
2285 4275 2480 4332 debuit
2508 4276 2810 4333 historicus
2836 4277 3055 4343 dicere,
3086 4284 3336 4351 quamvis
3365 4282 3649 4339 Constan-

384 4374 611 4443 tinopoli
665 4387 910 4444 praesens
955 4372 1164 4427 electus
1192 4371 1382 4433 fuerit,
1414 4370 1594 4425 noluit
1645 4378 1826 4423 tamen
1865 4378 2178 4439 acceptare.
2231 4371 2550 4426 Secundum
2591 4372 2746 4426 aiunt
2779 4372 2945 4427 fuisse
2989 4372 3429 4446 Metrophanem,
3472 4393 3645 4445 (μυρίη

382 4467 629 4522 mordaci
666 4472 967 4519 scommate
1012 4477 1111 4533 per
1134 4469 1516 4532 contemptum
1548 4461 1825 4516 vocabant
1855 4477 1958 4530 μητ

2079 4461 2224 4528 όνον,
2273 4470 2330 4518 et
2364 4465 2773 4534 φρατριάρχην,
2804 4466 3030 4519 tertium
3076 4464 3398 4537 Gregorium
3449 4480 3654 4540 proto-

383 4557 667 4628 syngelum
699 4597 715 4622 ,
765 4556 858 4625 qui
894 4555 1000 4611 fuit
1030 4571 1061 4611 a
1098 4555 1547 4612 confessionibus
1583 4556 1812 4612 Joannis
1848 4555 2133 4626 Palaeologi
2185 4558 2535 4626 imperatoris
2567 4596 2583 4621 ,
2646 4569 2701 4613 et
2747 4559 2925 4613 tenuit
2974 4559 3157 4615 locum
3197 4560 3545 4618 Alexandrini
3580 4563 3650 4621 in

384 4651 615 4722 synodo.
650 4649 716 4704 Hi
753 4664 948 4705 omnes
974 4650 1202 4704 fuerunt
1224 4665 1290 4704 ex
1318 4649 1576 4705 Patribus
1605 4649 1850 4714 concilii,
1885 4647 1978 4716 qui
2016 4648 2496 4718 sttbscripseraut,
2524 4658 2587 4706 et‘
2612 4662 3041 4720 permanserunt
3069 4664 3387 4709 constantes
3423 4656 3474 4708 in
3502 4671 3653 4709 con-

386 4743 574 4800 cordia
610 4750 666 4798 et
705 4742 909 4797 unione
945 4758 1069 4798 cum
1100 4741 1344 4797 Ecclesia
1380 4741 1646 4796 Romana.
1685 4741 1856 4795 Porro
1901 4740 1970 4794 de
2000 4741 2268 4811 Gregorio
2300 4744 2688 4814 protosyngclo
2727 4747 2844 4798 sive
2879 4744 3047 4800 fuerit
3080 4748 3331 4815 primus,
3373 4749 3488 4802 sive
3523 4757 3657 4802 tcr-

387 4839 516 4901 tius,
558 4837 662 4891 hoc
686 4844 897 4891 eertum
928 4844 1035 4900 est,
1057 4850 1183 4891 eum
1212 4845 1407 4906 sponte
1437 4837 1676 4891 cessisse
1709 4834 2095 4904 patriarchatn
2120 4873 2134 4897 ,
2162 4846 2218 4889 et
2248 4850 2315 4889 eo
2344 4851 2572 4890 munere
2617 4835 2905 4906 dignitatis
2961 4853 3021 4894 se
3067 4840 3374 4907 abdicasse,
3425 4842 3535 4897 imo
3585 4851 3657 4899 ct

387 4935 574 4988 Romae
603 4946 663 4986 se
690 4930 984 4999 recepisse,
1023 4944 1086 4984 ac
1115 4929 1454 4984 inhabitasse
1482 4928 1881 4983 monasterium
1921 4926 1980 4982 S.
2016 4926 2237 4996 Georgii
2270 4926 2325 4980 in
2375 4927 2609 4982 Velabro
2634 4970 2649 4994 ,
2683 4943 2858 4998 prope
2921 4930 3123 4985 Forum
3188 4931 3471 4987 Boarium.
3526 4931 3659 4992 Hoc

348 5048 359 5057 -
390 5033 562 5078 totum
591 5020 821 5090 contigit
850 5028 1099 5090 tempore
1123 5019 1331 5075 Nicolai
1362 5019 1422 5084 V,
1451 5020 1548 5090 qui
1576 5019 1743 5073 etiam
1769 5018 1964 5074 scribit
1996 5016 2064 5070 ad
2100 5016 2519 5072 Constantinum
2560 5026 2901 5086 postremum
2939 5022 3358 5092 imperatorem,
3406 5032 3465 5079 et
3500 5038 3647 5079 eum

391 5114 666 5181 hortatur,
702 5121 763 5168 ut
798 5112 1082 5183 proprium
1108 5111 1503 5188 patriarcham,
1531 5125 1638 5165 non
1672 5119 1730 5165 nt
1764 5111 2062 5180 quemdam
2094 5109 2336 5178 aliquem
2372 5111 2552 5164 tennis
2576 5110 2813 5167 fortunae
2854 5115 3195 5170 sacerdotem
3230 5116 3431 5170 misere
3460 5116 3651 5174 vivere

388 5210 578 5276 sinat,
611 5209 707 5264 sed
766 5220 828 5264 ut
882 5208 1044 5264 decet
1092 5222 1284 5264 verum
1342 5207 1712 5278 patriarcham
1754 5204 2453 5276 Constantinopolitanum,
2513 5222 2863 5276 summopere
2902 5208 3003 5278 ipsi
3052 5208 3496 5264 commendando
3549 5224 3647 5263 ro-

390 5314 502 5376 gat,
534 5312 596 5359 ut
620 5318 748 5360 eum
776 5302 957 5359 redire
986 5302 1054 5358 ad
1092 5316 1253 5357 suum
1288 5303 1550 5357 thronum
1580 5310 1739 5356 curet
1773 5318 1789 5357 :
1820 5301 1986 5371 eique
2027 5316 2251 5357 reverso
2285 5302 2472 5357 cuncti
2526 5301 2795 5358 honorem
2827 5311 2885 5357 et
2912 5305 3287 5362 obedientiam
3319 5307 3637 5366 exhibeant.

389 5398 655 5457 Euntdem
683 5397 868 5453 ferunt
911 5404 1036 5466 post
1064 5395 1275 5451 obitum
1308 5394 1804 5465 θαυματουργῆσιι
1826 5431 1842 5454 .
1871 5393 2112 5449 edidisse
2144 5394 2431 5451 miracula.
2465 5394 2538 5451 De
2570 5395 2764 5453 eodem
2792 5398 3080 5471 Gregorio,
3113 5402 3181 5460 de
3214 5404 3425 5463 lsidoro
3473 5407 3645 5462 etiam

389 5495 771 5551 Rutbenornm
802 5491 1072 5554 antistite,
1105 5499 1160 5544 et
1193 5489 1521 5546 Bessarione
1556 5490 1639 5545 sic
1671 5488 1872 5545 scribit
1898 5486 2032 5543 Pius
2065 5490 2343 5545 secundus
2372 5490 2515 5546 libro
2547 5507 2601 5546 xx
2644 5494 2698 5547 in
2732 5495 2847 5550 suis
2880 5494 3325 5567 Commentariis,
3348 5503 3495 5557 circa
3533 5512 3655 5558 ter-

392 5586 521 5643 tiam
555 5593 765 5656 partem
795 5584 925 5640 libri
955 5601 970 5640 :
1003 5603 1022 5638 (
1069 5584 1226 5640 Hunc
1267 5599 1471 5639 annum
1506 5585 1611 5640 viri
1664 5593 1777 5641 tres
1814 5585 1868 5638 in
1920 5583 2168 5640 Ecclesia
2219 5587 2600 5656 praecellentes
2636 5571 2915 5659 insignem
2957 5594 3260 5649 morientes
3304 5596 3597 5651 reddidere
3623 5614 3649 5653 :

394 5674 609 5746 primus
634 5673 738 5730 fuit
762 5673 1005 5732 lsidorus
1037 5674 1332 5733 cardinalis
1360 5676 1650 5747 episcopus
1678 5673 2027 5745 SztbiQCIISiS,
2058 5677 2151 5747 qui
2198 5677 2294 5735 diu
2321 5688 2482 5734 antea
2520 5694 2825 5751 percussus
2868 5684 3157 5756 apoplexia
3183 5683 3501 5757 perdiderat
3524 5702 3655 5745 ser-
