3990 6212
385 367 500 429 ί53

1535 364 1957 424 ΕΝΟΥΟῌΕΛ
1999 365 2100 423 ΑΙ)
2138 361 2470 422 GRAECOS.

3528 361 3635 424 ΛΜ

385 481 775 542 ἐκλειπόντων,
809 479 896 532 διὰ
925 480 1023 547 τὴν
1075 480 1168 533 τοῦ
1205 481 1398 548 γένους
1429 479 1695 541 δουλείαν,
1736 480 1831 532 καὶ
1860 480 1949 548 τὴν

2074 469 2152 531 ob
2175 477 2354 546 gentis
2397 476 2715 528 servitutem
2745 485 2800 526 ct
2834 471 3206 540 ejuscomitem
3240 480 3633 539 paupertatem,

386 573 526 641 αὐτῇ
560 573 839 640 ἑπομένην
861 589 919 625 τε
953 573 1044 624 κα)⁵
1071 573 1336 626 συνοῦσαν
1367 573 1577 634 πενίαν,
1608 572 1782 635 οὐδεὶς
1809 571 1963 638 λόγος

381 667 606 732 σοφίας,
631 665 860 734 οὐδεμία
891 666 1118 734 ζήτησις
1154 667 1485 735 ἐπιστήμης.
1538 666 1733 735 ’Δρετὴ
1757 665 1814 718 δὲ
1835 668 1962 734 ὅση-

388 772 498 827 περ
530 758 610 819 είς
636 757 697 808 τὺ
727 753 858 826 ἦθος
888 756 1077 820 τείνει,
1129 757 1220 810 καὶ
1251 757 1446 819 καλοὺς
1485 757 1762 822 κάγαθοὺς
1793 755 1951 824 ἀπερ-

385 848 618 915 γάζεται
667 849 794 910 τοὺς
826 849 1218 916 κεκτημένους,
1267 848 1404 916 αὕτη
1469 848 1526 900 δὲ
1587 847 1739 916 μένει
1769 863 1828 898 τε
1869 846 1963 898 καὶ

393 941 626 1008 μείνειεν
659 941 737 1002 είς
767 941 854 993 ἀεὶ
883 942 1035 1010 παρά
1059 957 1122 1008 γε
1165 943 1276 1002 τοῖς
1303 942 1615 1010 ἡμετέροις.
1651 939 1745 1002 Τίς
1779 938 1960 992 τοίνυν

375 1034 538 1092 ,αξτία
565 1033 656 1084 τοῦ
681 1033 754 1085 τά
791 1034 894 1104 ﬁqu
932 1035 1203 1103 χρηστοὺς
1234 1035 1412 1098 ὄντας,
1451 1038 1544 1087 καὶ
1587 1034 1804 1102 σοφίαν,
1864 1033 1959 1084 καὶ

387 1124 584 1192 ἀρχὴν,
617 1125 710 1178 καὶ
743 1127 843 1193 τὴν
873 1124 1186 1193 ἐλευθερίαν
1220 1126 1390 1195 αὐτὴν
1423 1126 1721 1190 ἀπολέσαι;
1756 1125 1816 1177 οὐ
1852 1125 1962 1192 γὰρ

377 1214 454 1284 δὴ
482 1215 619 1284 τύχη
651 1233 734 1276 τε,
771 1218 863 1269 καὶ
890 1217 950 1268 τὸ
978 1218 1306 1285 αὐτόματον,
1361 1216 1472 1269 οὐδ’
1504 1218 1536 1285 ὴ
1588 1216 1819 1276 ᾶστατος
1853 1214 1960 1266 τῶν

387 1307 734 1375 πραγμάτων
771 1308 864 1376 ῥοὴ
889 1346 904 1369 ,
944 1309 1040 1359 καὶ
1071 1309 1132 1360 τὸ
1188 1309 1268 1374 ὠς
1305 1307 1484 1375 ἔτυχε
1533 1307 1632 1377 τὴν
1690 1307 1962 1374 τοσαύτην

383 1399 523 1465 ἡμῖν
582 1399 850 1465 ἐπήνεγκε
902 1400 1236 1468 δυστυχίαν⁹
1287 1401 1336 1452 εί
1396 1401 1588 1469 μήτις
1627 1398 1790 1452 οῐοιτο
1825 1399 1958 1466 μηδὲ

373 1490 706 1543 διοικεῖσθαι
739 1491 806 1543 τά
847 1490 980 1543 ὄντα
1030 1491 1152 1562 θείᾳ
1185 1492 1435 1562 Προνοίᾳ,
1488 1490 1517 1542 ὃ
1581 1490 1676 1543 καὶ
1702 1489 1957 1558 ἐννοῆσαι

383 1581 589 1634 ἄτοπον
604 1616 618 1630 .

459 1761 536 1815 Οὐ
574 1761 681 1831 μὴν
712 1762 834 1815 οὐδὲ
882 1762 941 1815 τὸ
973 1763 1083 1815 τῶν
1115 1761 1407 1831 ἁμαρτιῶν
1447 1761 1637 1832 βάρος,
1675 1761 1770 1814 καὶ
1821 1759 1962 1828 πλῆ-

2073 569 2223 622 nulla
2257 566 2396 620 ratio
2421 566 2653 619 habetur
2687 565 2989 632 sapientiae,
3042 563 3189 615 nulla
3224 563 3488 616 bonarmn
3547 578 3638 615 rar-

2075 661 2213 713 tium
2245 658 2555 728 inquisitio.
2625 654 2814 709 Virtus
2846 669 3009 724 porro
3040 671 3164 723 quae
3193 654 3259 708 ad
3289 670 3472 708 mores
3515 670 3642 722 spe-

2071 759 2202 814 ctat,
2267 766 2498 818 quaeque
2552 750 2751 818 probos
2808 755 2864 801 et
2921 746 3200 809 honestos,
3235 751 3323 798 'ea
3384 745 3642 813 praeditos

2070 842 2256 905 efﬁcit,
2290 843 2400 910 ipsa
2431 851 2580 895 certe
2650 838 2792 908 apud
2855 849 3072 891 nostros
3098 846 3401 905 permanet,
3451 848 3507 891 et
3536 838 3643 891 uti-

2071 949 2197 986 nam
2257 946 2525 1002 perpetuo
2588 943 2924 1001 perseveret.
2964 931 3101 996 Quid
3138 930 3303 996 igitur
3330 945 3506 983 causae
3533 942 3637 994 est,

2070 1041 2169 1079 cur
2235 1027 2420 1095 probi,
2475 1027 2798 1094 optimeque
2836 1025 3032 1077 morati
3104 1034 3157 1077 ct
3193 1023 3548 1092 sapientiam,
3584 1034 3641 1076 et

2070 1119 2384 1188 imperium,
2423 1129 2586 1187 atque
2645 1119 2809 1171 etiam
2861 1118 3036 1186 ipsam
3089 1118 3400 1169 libertatem
3439 1117 3640 1168 amise-

2066 1211 2226 1267 rint?
2277 1211 2396 1266 Non
2427 1211 2572 1264 enim
2615 1210 2858 1278 profecto
2894 1210 3113 1262 fortuna
3151 1217 3205 1262 et
3238 1223 3398 1260 casus
3427 1223 3639 1260 rerum-

2068 1320 2174 1375 que
2212 1305 2480 1359 instabilis
2508 1307 2704 1366 fluxus,
2729 1312 2781 1356 et
2814 1301 2958 1370 quod
2995 1303 3167 1363 aiunt,
3196 1311 3249 1353 nl
3271 1303 3461 1363 evenit,
3497 1302 3638 1354 hanc

2071 1405 2271 1451 tantam
2311 1398 2672 1450 calamitatem
2706 1396 2864 1450 nobis
2889 1394 3121 1448 induxit.
3161 1394 3274 1448 Nisi
3332 1395 3456 1464 quis
3522 1394 3640 1447 exi-

2069 1489 2279 1550 stimet,
2313 1504 2382 1544 ne
2439 1489 2728 1558 gubernari
2787 1490 3006 1557 quidem
3053 1487 3234 1541 divina
3261 1485 3634 1547 Providentia,

2067 1578 2268 1647 qiueiu
2329 1593 2507 1632 rerum
2541 1587 2730 1631 natura
2758 1577 3054 1640 exsistunt,
3100 1575 3247 1645 quod
3286 1574 3366 1630 vel
3397 1575 3635 1644 cogitare

2069 1668 2363 1722 absurdum
2398 1676 2505 1722 est.
3632 1733 3636 1738 ἡ

2139 1761 2300 1830 Atqui
2332 1778 2508 1830 tit-que
2544 1748 2896 1830 peccatorum
2971 1758 3196 1828 ponderi
3253 1771 3317 1812 ac
3386 1755 3635 1812 multitu-

381 1853 479 1915 θος
503 1853 552 1923 (ὃ
580 1871 724 1916 τινες
760 1853 942 1912 καλῶς
973 1854 1175 1924 τρόπον
1211 1853 1370 1906 ἄλλον
1401 1854 1708 1916 ποιοῦντες,
1746 1853 1842 1905 καὶ
1869 1869 1949 1904 τα·

2070 1851 2184 1906 dini
2215 1858 2356 1922 (qua:
2389 1853 2636 1907 nonnulli
2668 1851 2970 1906 secundum
2989 1851 3147 1904 aliam
3171 1853 3444 1902 rationem
3480 1851 3634 1902 recte

385 1945 552 1999 πεινά
578 1947 708 2016 περὶ
752 1946 962 1999 ἑαυτῶν
989 1946 1335 2015 φρονοῦντες,
1380 1945 1463 2008 -ὡς
1491 1946 1572 1998 δεῖ
1604 1946 1783 2017 λέγειν
1831 1945 1955 1997 sua-

373 2038 562 2106 θασι),
584 2037 680 2089 καὶ
709 2036 819 2089 τῶν
851 2037 1140 2106 παρόντων
1172 2037 1305 2106 ἡμῖν
1327 2037 1514 2088 κακῶν
1544 2035 1844 2089 αἰτιᾶσθαι.
1875 2037 1952 2089 Οὐ

385 2132 493 2199 γὰρ
527 2129 727 2199 μᾶλλον
759 2130 919 2198 ἡμεῖς
945 2129 982 2199 ἢ
1021 2130 1090 2182 τὰ
1122 2129 1283 2181 λοιπα
1315 2129 1424 2181 τῶν
1459 2129 1822 2198 Χριστιανῶν,
1852 2128 1955 2181 ὅσα

381 2221 821 2291 εὐδαιμονοῦσιν,
855 2221 1008 2289 ἔθνη,
1047 2224 1168 2284 ταῖς
1219 2222 1376 2281 ἰδίαις
1402 2221 1495 2274 τὸν
1531 2221 1664 2273 Θεὸν
1693 2219 1953 2290 παροργί-

372 2310 552 2378 ζομεν
580 2312 888 2382 ἁμαρτίαις
915 2330 929 2342 ·
962 2313 1178 2382 εἴρηται
1199 2313 1308 2380 γὰρ
1327 2311 1416 2380 δὴ,
1435 2316 1533 2365 καὶ
1557 2312 1772 2379 ἀληθῶς
1799 2314 1954 2380 εῖρη-

384 2419 496 2464 ται,
529 2404 600 2456 τά
620 2404 672 2469 γ’
709 2404 768 2455 ὲν
802 2405 914 2466 τοῖς
949 2403 1105 2472 ἦθεσι
1137 2409 1262 2466 τοὺς
1285 2403 1583 2475 ἡμετέρους
1609 2404 1854 2472 μηδένων
1879 2397 1954 2454 εί-

381 2511 474 2546 nt
510 2493 752 2564 χείρους,
785 2493 900 2547 εστι
927 2493 971 2546 δ’
1007 2486 1085 2547 ὧν
1119 2497 1217 2548 καὶ
1249 2493 1514 2564 βελτίους.

456 2675 800 2746 Εὖλαϐητέον
855 2671 950 2729 οῦν
986 2679 1196 2746 μήποτε
1226 2677 1258 2745 ἠ
1299 2675 1399 2740 τῆς
1447 2675 1708 2742 ἀληθείας
1735 2677 1830 2744 τῆς
1863 2676 1954 2729 πί-

381 2784 558 2830 οτεως
587 2769 854 2837 ἑκτροπὴ,
882 2769 914 2838 ἢ
942 2770 1051 2822 τῶν
1083 2767 1258 2837 ὀρθῶν
1288 2768 1575 2836 δογμάτων
1628 2769 1880 2838 ἀμέλεια,
1920 2771 1952 2837 ἡ

380 2861 494 2914 ἀπὸ
521 2860 624 2930 τῆς
648 2860 939 2927 καθολικῆς
973 2860 1301 2930 Ἑκκλησίας
1325 2859 1587 2928 διαίρεσις
1609 2861 1715 2912 τῶν
1746 2876 1954 2929 συμφο-

374 2951 499 3023 ρῶν
548 2951 756 3004 τούτων
788 2954 920 3021 ἡμῖν
951 2953 1291 3021 ἐχρημάτισε
1358 2956 1559 3020 μήτηρ⁴
1605 2953 1808 3004 Τούτου
1846 2953 1953 3022 γὰρ

378 3041 449 3111 δὴ
476 3041 570 3094 τοῦ
599 3043 776 3094 κακοῦ
803 3037 978 3112 ἧρξαν
1013 3043 1116 3110 μέν
1146 3059 1292 3106 τινες
1322 3041 1432 3093 τῶν
1463 3042 1750 3111 ἡμετέρων
1769 3043 1839 3096 δι’
1880 3045 1954 3096 oi—

377 3137 542 3190 κείαν
581 3132 877 3188 αὐθάδειαν
899 3174 914 3199 ,
957 3134 1130 3205 ἀρχὴν
1184 3135 1397 3196 ἑαυτοῖς
1433 3133 1804 3187 ἀνυπεύθυνον
1835 3136 1954 3188 ἐπι-

376 3227 680 3296 κτώμενοι,
738 3228 1001 3296 μετέσχον
1060 3227 1241 3279 δὲκαὶ
1269 3226 1318 3277 oi
1357 3226 1836 3293 ἑπιγεγενημένοι,
1892 3227 1952 3279 οὐ

369 3315 452 3370 δι’
483 3317 692 3368 οἰκείαν
727 3315 1054 3385 μοχθηρίαν,
1091 3316 1226 3368 ἀλλά
1248 3316 1337 3368 διὰ
1368 3315 1467 3382 τὴν
1491 3316 1601 3366 τῶν
1632 3314 1954 3383 φθασάντων

378 3409 482 3460 καὶ
535 3410 662 3468 τοὺς
714 3408 980 3476 πονηρίαν
1035 3407 1136 3475 τῆς
1195 3407 1374 3476 λώϐης
1432 3407 1848 3474 πεπειραμένοι,
1888 3407 1954 3476 ἣν

375 3495 789 3549 ἀπολούσασθαί
827 3513 980 3558 ποτε,
1036 3498 1128 3548 καὶ
1170 3495 1468 3548 ἀποθέσθαι
1492 3498 1618 3558 τοὺς
1644 3496 1700 3548 εὖ
1730 3513 1792 3564 γε
1823 3515 1954 3565 φρο-

379 3587 612 3649 νοῦντας
639 3588 736 3640 καὶ
765 3587 1044 3656 προσῆκόν
1080 3590 1219 3650 ἐστι,
1260 3587 1354 3639 καὶ
1395 3590 1661 3657 σωτήριον
1691 3589 1830 3657 ἅμα.
1863 3588 1953 3640 Διὸ

375 3681 480 3732 καὶ
507 3679 674 3748 ὑμᾶς,
695 3679 914 3747 ἀδελφοὶ
941 3681 1036 3732 καὶ
1067 3680 1174 3732 υἱοὶ
1207 3681 1262 3732 ἐν
1291 3681 1432 3750 ἀγῐῳ
1463 3681 1737 3750 Πνεύματι
1769 3679 1952 3731 ποθει-

369 3770 617 3834 νότατοι,
649 3770 956 3840 παρακαλῶ
1007 3787 1086 3832 τε,
1111 3772 1206 3823 καὶ
1232 3773 1443 3840 δέομαι,
1481 3772 1567 3824 ἵνα
1601 3775 1748 3842 πάσῃ
1781 3789 1953 3824 σπου-

371 3863 446 3931 δῇ
483 3878 543 3914 τε
574 3863 667 3915 καὶ
725 3862 926 3934 μελέτῃ
954 3863 1165 3924 ἑαυτοῖς
1197 3865 1294 3930 τὴν
1344 3865 1582 3934 ἀρχαίαν
1630 3863 1950 3929 ἀνασώσητε

370 3953 789 4021 εὐγένειαν,τὴν
815 3953 980 4005 παλαι
1013 3955 1142 4006 ποτὲ
1175 3954 1422 4006 εὔκλειαν
1449 3953 1948 4023 ἐπανακαλέσησθε,

372 4044 478 4097 καὶ
503 4047 614 4106 τοῖς
643 4045 890 4114 ἀρχαίοις
916 4045 1258 4107 διδασκάλοις
1289 4045 1448 4114 ἡμῶν
1496 4048 1590 4098 καὶ
1625 4046 1799 4113 ἁγίοις
1837 4046 1948 4096 Πα-

370 4135 576 4203 τράσιν
606 4138 863 4206 ἑπόμενοι
898 4131 994 4208 (ῶν
1020 4139 1055 4208 ἡ
1081 4139 1218 4206 αὐτή
1253 4155 1310 4191 τε
1349 4139 1446 4209 τῆς
1490 4139 1719 4201 πίστεως
1751 4139 1948 4207 ὁμολο-

372 4227 500 4294 γία,
531 4231 564 4297 ἡ
595 4230 734 4299 αὐτὴ
791 4229 891 4297 τῆς
922 4230 1204 4292 εὐσεεείας
1235 4231 1354 4282 ἐστὶ
1383 4229 1719 4292 διδασκαλία,
1764 4233 1830 4298 ἣν
1856 4235 1948 4282 καὶ

371 4319 416 4386 ἡ
449 4315 733 4386 Ῥωμαίων
795 4317 890 4370 νῦν
926 4317 1222 4386 Ἐκκλησία
1273 4318 1527 4386 ὁμολογεῖ
1582 4319 1672 4370 καὶ
1701 4320 1945 4390 κατέχει)

370 4409 507 4467 τοὺς
556 4409 849 4476 νεωτέρους
877 4409 940 4477 δὴ
973 4409 1218 4472 τούτους,
1254 4411 1348 4462 καὶ
1379 4411 1505 4472 τοὺς
1531 4409 1627 4462 τοῦ
1671 4411 1946 4464 ἀπευκτοῦ

2049 1945 2327 2002 facientes
2355 1955 2408 1999 et
2440 1946 2667 2000 humilia
2701 1946 2769 2000 de
2817 1960 2897 2008 se,
2933 1955 2990 1997 ut
3020 1960 3114 2014 par
3142 1952 3248 2004 est,
3309 1941 3632 2004 sentientes,

2054 2037 2680 2109 dicereconsueverunt)
2708 2053 2873 2092 causa
2899 2036 3189 2090 tribuenda
3212 2045 3314 2089 cst.
3342 2034 3458 2089 Non
3486 2036 3635 2088 enint

2047 2130 2228 2200 magis
2278 2145 2376 2186 nos
2431 2146 2597 2200 quam
2649 2140 2860 2185 cetera:
2912 2128 3362 2184 «Christianorum
3413 2137 3634 2198 gentes,

2052 2237 2398 2292 quaecunque
2434 2222 2665 2277 feliciter
2687 2230 2873 2291 agunt,
2915 2221 3154 2290 propriis
3199 2220 3366 2274 Deum
3396 2219 3635 2291 peccatis

2055 2310 2369 2367 irritamus:
2403 2313 2605 2367 dictum
2663 2322 2752 2367 est
2807 2314 2977 2376 enim,
3013 2327 3076 2365 ac
3126 2326 3250 2364 vere
3281 2311 3488 2364 dictum
3523 2320 3632 2372 est,

2055 2403 2201 2471 quod
2230 2412 2437 2471 spectat
2490 2403 2558 2457 ad
2593 2417 2792 2468 mores,
2827 2404 2994 2456 nostri
3053 2417 3160 2457 non
3218 2411 3346 2455 sunt
3395 2402 3633 2456 deterio-

2057 2509 2162 2555 res,
2224 2509 2384 2562 quam
2454 2493 2787 2562 reliquarum
2811 2493 3114 2558 nationum,
3148 2493 3472 2562 quibusdam
3502 2509 3632 2549 vero

2054 2593 2108 2638 et
2139 2584 2450 2652 prmstantio
2459 2599 2563 2640 res.

2123 2674 2296 2744 igitur
2333 2675 2640 2729 cavendum
2671 2684 2757 2728 cst
2790 2691 2855 2728 ne
2886 2677 3027 2728 forte
3052 2688 3085 2726 a
3118 2676 3346 2729 veritate
3381 2675 3503 2729 ﬁdei
3536 2676 3631 2730 de-

2055 2765 2298 2831 clinatio,
2341 2777 2618 2821 rectorqu
2666 2768 2979 2838 dogmatum
3013 2769 3366 2838 negligentia,
3404 2769 3473 2823 ab
3528 2769 3628 2824 Ec-

2055 2859 2220 2912 clesia
2252 2859 2524 2913 catholica
2559 2859 2779 2922 divisio,
2814 2859 3008 2913 harum
3069 2859 3441 2914 calamitatum
3469 2862 3630 2916 nobis

2053 2951 2210 3018 origo
2260 2952 2592 3006 exstiterint.
2633 2951 2804 3024 Hujus
2858 2954 3004 3005 enim
3043 2954 3167 3006 mali
3219 2955 3468 3008 nonnulli
3502 2971 3630 3010 nos-

2046 3048 2268 3096 .trorum
2304 3054 2559 3097 auctores
2590 3043 2814 3097 fuerunt
2836 3043 2906 3098 ob
2925 3047 3295 3114 arrogantiam
3325 3049 3624 3116 propriam,

2059 3135 2153 3203 qui
2179 3135 2280 3190 sibi
2313 3137 2677 3205 principatum
2737 3138 2870 3191 nulli
2896 3139 3200 3210 subjectum
3231 3140 3626 3196 nanciscebano

2063 3233 2171 3290 tur,
2223 3225 2516 3295 participes
2573 3242 2702 3279 vero
2764 3228 2988 3280 fuerunt
3027 3230 3191 3282 etiam
3253 3231 3615 3299 posteri,non

2056 3315 2278 3385 quidem
2339 3317 2410 3370 ob
2446 3319 2722 3387 proprium
2796 3319 3009 3382 vitium,
3045 3321 3140 3373 sed
3179 3307 3424 3391 propter
3469 3326 3626 3378 mali-

2058 3407 2187 3461 tiam
2250 3422 2448 3462 corum
2485 3410 2575 3477 qui
2643 3425 2738 3461 eos
2793 3421 3232 3474 antecesserunt,
3270 3415 3407 3468 hanc
3445 3415 3621 3470 labem
3679 3424 3689 3430 ’

2047 3501 2264 3569 experti
2290 3514 2438 3564 sunt,
2467 3517 2627 3572 quam
2649 3505 2942 3572 prudentes
2967 3503 3188 3560 abluere
3211 3507 3526 3576 aliquando,
3561 3525 3624 3564 ac

2053 3593 2350 3661 deponere,
2390 3602 2444 3648 et
2479 3605 2902 3648 consentaneum
2933 3607 3017 3650 est
3061 3597 3222 3651 simul
3257 3607 3310 3652 et
3365 3600 3618 3656 salutare.

2052 3681 2316 3749 Quocirca
2371 3686 2534 3738 etiam
2576 3703 2670 3741 vos
2710 3687 2905 3742 fratres
2927 3701 2982 3744 et
3035 3689 3171 3745 filios
3203 3693 3254 3744 in
3283 3701 3470 3746 sancto
3497 3693 3622 3762 Spi-

2055 3784 2111 3828 tu
2166 3774 2661 3830 desideratissimos
2720 3794 2870 3849 rogo,
2929 3789 2984 3834 et
3038 3781 3286 3848 obsecro,
3347 3793 3405 3837 ut
3467 3787 3618 3840 omni

2052 3867 2234 3920 studio
2265 3877 2319 3920 et
2346 3885 2476 3922 cura
2511 3870 2792 3940 antiquam
2847 3873 3004 3926 vobis
3059 3874 3399 3930 nobilitatem
3457 3894 3618 3932 recu-

2051 3956 2276 4030 perctis,
2333 3968 2388 4011 et
2415 3958 2703 4028 antiquum
2762 3961 3112 4030 splendorem
3150 3967 3438 4034 revocetis,
3468 3973 3617 4024 auti-

2050 4064 2188 4116 quos
2224 4049 2477 4105 doctores
2511 4061 2731 4106 nostros
2796 4060 2852 4108 et
2918 4064 3139 4109 sanctos
3201 4057 3388 4113 Patres
3443 4063 3615 4116 secuti

2051 4138 2310 4205 (quorum
2345 4140 2535 4194 eadem
2571 4141 2844 4211 professio
2885 4142 3028 4206 fidei,
3065 4144 3254 4198 eadem
3287 4146 3507 4215 pictatis
3532 4163 3618 4204 est

2049 4223 2320 4290 doctrina,
2355 4229 2516 4297 quam
2546 4231 2710 4284 etiam
2745 4246 2890 4285 nunc
2925 4232 3169 4287 Romana
3205 4235 3448 4290 Ecclesia
3486 4254 3615 4306 pro-

2052 4314 2235 4368 fitetur
2284 4327 2338 4372 et
2372 4320 2565 4389 tenet),
2622 4321 2721 4375 ltos
2760 4323 3111 4387 recentiores,
3169 4334 3225 4378 ct
3292 4332 3610 4382 exsecrandt

2049 4407 2380 4470 scltismatis,
2411 4409 2737 4480 dissidiiquc
2793 4413 3162 4468 Ecclesiarum
3231 4418 3321 4472 Dei
3362 4430 3616 4476 auctores

370 4497 489 4548 τῶν
516 4497 607 4550 τοῦ
645 4497 781 4550 Θεοῦ
807 4498 1144 4566 Ἐκκλησιῶν
1182 4500 1474 4568 σχίσματος
1509 4507 1826 4568 γενομένους
1859 4505 1945 4555 αί-

2053 4499 2402 4562 arersemini,
2428 4510 2483 4553 et
2515 4503 2780 4570 synodum
2808 4503 3097 4559 Florentiae
3120 4507 3453 4563 celcbratant
3490 4514 3614 4565 reli-

370 4587 547 4648 τίους,
572 4589 988 4655 ἀποστραφῆτε,
1036 4587 1129 4639 καὶ
1163 4587 1258 4654 τὴν
1303 4591 1358 4637 εν
1385 4587 1692 4657 Φλωρεντίᾳ
1717 4589 1943 4656 γενομέ-

371 4692 480 4744 νην
501 4674 714 4727 σύνοδον
739 4676 976 4736 εὑλαϐῶς
1011 4693 1068 4726 τε
1100 4675 1453 4744 ὑποδέξησθε,
1484 4677 1578 4728 καὶ
1603 4680 1668 4728 τὰ
1702 4679 1817 4728 ἐκεῖ
1848 4677 1940 4729 τοῦ

372 4764 528 4816 θείου
555 4764 866 4834 Πνεῦματος
894 4766 1303 4834 συνεργοῦντος,
1332 4767 1472 4834 ὑπὲρ
1492 4767 1654 4819 αὐτοῦ
1683 4768 1937 4835 δεδογμέ⁸

374 4874 470 4917 να,
500 4856 820 4923 ἀσπάσησθέ
853 4874 908 4906 τε
946 4861 1037 4907 και
1070 4858 1364 4924 πιστεύητε
1409 4859 1501 4909 καὶ
1535 4859 1712 4928 ὑμεῖς.
1749 4859 1942 4910 Πολλοὶ

370 4951 496 5002 uel
525 4951 618 5002 καὶ
649 4950 804 5002 καλοὶ
837 4950 1246 5018 κατεϐλήθησαν
1275 4949 1416 5017 ὑπὲρ
1451 4951 1641 5002 τούτου
1678 4952 1771 5002 τοῦ
1815 4951 1939 5016 διγ-

377 5056 553 5109 ματος
585 5040 749 5108 λόγοι.
807 5042 982 5092 Πολλὰ
1027 5040 1366 5108 ἑκατέρωθεν
1393 5043 1490 5106 τῆς
1515 5042 1715 5102 οίκεξας
1749 5058 1943 5094 συστα-

347 5131 505 5183 τικὰ
532 5132 685 5200 δόξης
720 5133 955 5200 εῖρηται.
988 5131 1153 5193 Τέλος
1186 5131 1402 5199 ἐνίκησε
1455 5133 1608 5201 παρά
1638 5133 1791 5190 πᾶσι,
1849 5135 1940 5184 τὸν

373 5223 600 5291 Πατέρα
626 5223 832 5277 καὶτὸν
871 5223 996 5275 Υίὺν
1039 5225 1168 5292 μίαν
1193 5223 1367 5291 ἀρχὴν
1401 5207 1540 5275 είνᾶι
1568 5223 1660 5274 τοῦ
1686 5224 1938 5294 Πνεῦμα-

366 5332 488 5379 τος,
539 5319 634 5367 καὶ
662 5316 721 5381 ἐξ
767 5319 972 5384 ἀμφοῖν
1003 5316 1136 5367 αὐτὸ
1183 5314 1258 5376 ῶς
1293 5315 1352 5378 ἐξ
1380 5315 1498 5376 ἐνὸς
1547 5317 1937 5383 ἐκπορεύεσθαι

370 5407 706 5477 προὸολέως.
760 5408 960 5460 Πολλαὶ
988 5410 1096 5459 τῶν
1150 5407 1323 5474 ἁγίων
1365 5408 1462 5459 καὶ
1492 5407 1844 5474 διδασκάλων,
1874 5412 1934 5462 οὐ

375 5497 540 5566 μόνον
563 5498 672 5548 τῶν
689 5499 952 5561 Δυτικῶν,
973 5496 1109 5549 ἀλλὰ
1136 5497 1359 5549 καὶτῶν
1380 5498 1741 5550 ’Λνατολικῶν
1766 5515 1820 5549 τε
1845 5501 1936 5551 καὶ

369 5588 658 5657 ἡμετέρων
697 5588 1112 5660 προηνέχθησαν
1145 5591 1442 5659 μαρτυρίαι
1471 5588 1625 5641 τοῦτο
1657 5589 1932 5660 δηλοῦσαι·

373 5680 593 5742 ⁸πολλοῖς
648 5680 913 5733 δέδεικται
965 5681 1264 5750 λογισμοῖς.
1325 5681 1416 5750 Μὴ
1477 5681 1583 5750 γὰρ
1627 5683 1932 5749 ἀτημελῶς,

370 5771 610 5838 ἀδελφοὶ,
631 5771 707 5841 μὴ
733 5774 1045 5841 παρέργως,
1066 5775 1193 5843 περὶ
1212 5775 1269 5826 τὲ
1293 5773 1545 5826 τοσοῦτον
1569 5773 1935 5845 προσηνέχθη-

2046 4590 2194 4657 giosc
2236 4591 2573 4658 suscipiatis.
2605 4593 2667 4646 lit
2700 4611 2821 4663 quas
2856 4597 2930 4650 ibi
2959 4600 3145 4652 divino
3176 4600 3379 4669 Spiritu
3413 4619 3613 4673 coope-

2045 4690 2201 4734 rante
2267 4697 2361 4749 pro
2396 4686 2513 4750 ipso
2569 4688 2776 4740 saucita
2837 4698 2986 4749 sunt,
3054 4692 3473 4759 amplectimini,
3547 4709 3602 4751 ct

2042 4789 2141 4825 vos
2167 4775 2393 4828 credite.
2434 4775 2612 4829 Multic
2641 4779 2711 4830 ibi
2745 4792 2799 4832 ct
2829 4783 3060 4851 egregia:
3096 4799 3192 4851 pro
3227 4785 3330 4839 hoc
3354 4787 3608 4857 dogmate.

2034 4863 2194 4932 jactae
2247 4876 2375 4917 sunt
2409 4872 2561 4934 quasi
2619 4868 2974 4925 fundamenta
3010 4876 3289 4929 rationes:
3340 4879 3510 4931 multa
3539 4895 3606 4933 ex

2044 4968 2276 5024 utraque
2304 4968 2455 5023 parte
2486 4959 2629 5010 dicta
2660 4970 2810 5024 sunt,
2837 4979 2956 5028 qua:
2981 4965 3260 5033 propriam
3287 4969 3603 5036 opinionem

2041 5048 2520 5101 couuuendabant.
2556 5049 2794 5102 'l‘andetu
2827 5055 2952 5106 ticit
2984 5055 3124 5122 apud
3165 5073 3355 5111 oumes
3388 5059 3601 5114 Patrem

2038 5136 2312 5191 etFiliuut
2344 5154 2511 5193 unum
2535 5157 2661 5194 esse
2721 5143 3056 5210 principium
3111 5145 3378 5214 Spiritus,
3438 5160 3494 5204 ct
3534 5168 3598 5203 ex

2038 5229 2301 5281 ambobus
2332 5229 2509 5298 ipsum
2543 5241 2798 5300 tanquam
2830 5234 2899 5286 ab
2947 5249 3053 5288 uno
3083 5238 3416 5304 productore
3476 5256 3604 5309 pro-

2037 5319 2249 5372 cedere.
2289 5319 2452 5374 Multa
2485 5333 2802 5378 sanctorum
2835 5336 2890 5390 et
2917 5326 3205 5380 doctorum
3249 5346 3358 5382 non
3383 5341 3597 5385 tantum

2035 5408 2492 5476 Occidentalium,
2527 5415 2621 5467 sed
2647 5395 2810 5468 etiam
2863 5415 3230 5473 Orientalium
3267 5431 3323 5475 ct
3376 5431 3599 5477 nostro-

2039 5516 2158 5552 rum
2192 5503 2452 5570 producta
2483 5517 2611 5557 sunt
2662 5507 2973 5562 testimonia
3034 5511 3137 5564 hoc
3204 5514 3595 5583 significantia,

1983 5669 1986 5673 _
2034 5595 2222 5646 multis
2248 5606 2522 5649 ostensum
2551 5607 2635 5650 est
2667 5599 3220 5660 considerationibus.
3252 5605 3390 5658 Num
3419 5609 3591 5670 enim,

2035 5682 2253 5749 fratres,
2312 5686 2674 5756 negligenter,
2704 5707 2836 5745 num
2871 5693 3047 5750 obiter
3103 5696 3252 5750 circa
3288 5713 3402 5751 rem
3451 5702 3590 5754 tanti

2035 5775 2292 5844 ponderis
2321 5794 2419 5833 nos
2466 5782 2864 5838 exhibuimus?
2918 5786 3146 5843 Multum
3180 5791 3583 5860 erigitavimus.
