3990 6212
345 215 465 315 ιδι

1502 230 1916 292 ENCYCLICA
1957 232 2062 295 AD
2103 237 2444 304 Gtt/ECOS.

3502 251 3609 318 658

349 330 751 401 δμοουσιότητα
780 334 1124 405 παριστάνει,
1157 336 1188 407 ἢ
1219 339 1279 393 τὸ
1310 337 1370 405 ἐξ
1415 341 1543 394 Υίοῦ
1589 343 1930 412 πέμπεσθαι.

2053 361 2158 401 :um
2184 349 2391 420 Spiritu
2411 351 2807 419 demonstrare,
2834 353 2915 409 vel
2950 370 2977 407 a
3005 353 3142 411 Filio
3172 355 3337 420 mitti,
3360 368 3416 415 et
3451 374 3610 432 quot-

349 423 447 475 καὶ
474 423 576 476 ὅσα
601 424 784 492 ὅμοια,
807 425 1052 496 ἀράχνης
1083 428 1302 498 νήματα
1319 431 1470 496 ὄντα,
1493 433 1586 486 καὶ
1609 435 1771 503 ἡμεῖς
1802 435 1931 487 πυλ-

351 513 511 578 λάκις
540 514 851 586 ἐδείξαμεν.
882 518 1010 572 Εἴτε
1034 520 1142 592 γὰρ
1176 522 1265 576 διὰ
1305 524 1367 576 τὸ
1397 526 1685 595 δμοούσιον
1715 528 1933 596 ἐλέγετο

348 605 580 676 Πνεῦμα
608 609 798 672 αὐτοῦ,
825 610 915 664 διὰ
940 612 1001 664 τὸ
1036 613 1166 668 αὐτὸ
1190 614 1254 686 δὴ
1283 616 1441 670 τοῦτο
1464 619 1561 672 καὶ
1595 622 1625 674 6
1653 619 1780 684 Υίδς
1811 621 1932 675 ἐλέ-

350 716 480 768 γετο
512 701 580 756 ἂν
607 703 703 755 τοῦ
744 703 1083 774 Πνεύματος,
1115 707 1230 761 ἀλλ’
1257 709 1360 764 οὐκ
1395 710 1460 765 ἂν
1488 711 1673 782 εὕροις
1691 714 1931 783 οὐδαμοῦ

348 793 512 845 τοῦτο
533 807 550 826 ·
579 792 686 846 εἴτε
721 793 811 848 διὰ
832 796 892 848 τὸ
917 796 1231 867 πέμπεσθαι
1261 800 1354 853 ὑπ’
1383 802 1572 869 αὑτοῦ,
1605 805 1740 874 πρὸς
1775 807 1932 874 ἡμῶν

349 881 380 933 6
405 880 586 949 λόγος.
621 883 696 936 T6
726 885 836 953 γὰρ
870 887 1112 956 πέμπειν
1157 890 1223 960 δὴ
1269 892 1450 962 τοῦτο,
1485 897 1580 948 καὶ
1635 897 1931 966 πηγάζειν,

352 976 451 1026 καὶ
504 975 832 1041 ἀναϐλύζειν
879 981 1310 1048 προῦποτίθεται
1359 985 1458 1057 τὴν
1506 988 1804 1060 προϐολὴν,
1841 991 1932 1042 καὶ
2005 995 2008 998 ’

349 1065 454 1134 τὴν
477 1068 708 1138 ούσιώδη
739 1071 992 1140 πρόοδον,
1024 1076 1120 1126 καὶ
1149 1075 1415 1133 ἀδύνατον
1451 1079 1697 1146 πέμπειν
1737 1087 1830 1134 τον
1856 1085 1932 1151 μὴ

351 1159 752 1227 προϐάλλοντα,
787 1163 1002 1228 πολλοῖς
1037 1167 1308 1239 πολλαχοῦ
1361 1173 1457 1226 καὶ
1489 1173 1696 1237 ίκανοῖς
1731 1175 1935 1240 ἐδείξα-

354 1266 458 1318 μεν
490 1253 586 1304 καὶ
618 1253 778 1322 ἡμεῖς
803 1255 1006 1322 λόγοις.
1051 1259 1226 1314 Πολλά
1252 1263 1352 1329 μὲν
1371 1261 1464 1315 οὖν
1494 1265 1588 1317 καὶ
1615 1265 1751 1320 ἄλλα
1781 1267 1933 1338 παρὰ

351 1340 465 1392 τῶν
496 1343 782 1415 ἡμετέρων
813 1345 948 1414 πρὸς
981 1350 1080 1419 τὴν
1110 1351 1210 1418 τῆς
1241 1353 1502 1424 ἀληθείας
1534 1351 1739 1427 ταύτης
1788 1361 1930 1412 ἀπο-

353 1436 538 1502 φυγὴν
563 1437 804 1504 λέγεται,
834 1440 987 1495 οὐδὲν
1049 1443 1184 1507 ὅλως
1219 1446 1478 1515 ἰσχύοντα
1498 1464 1512 1479 ·
1560 1450 1742 1520 πολλῷ
1776 1453 1822 1504 δ’
1852 1452 1933 1509 ἔτι

353 1525 532 1580 πλείω
576 1545 635 1581 τε
665 1531 755 1582 καὶ
780 1533 985 1586 καλλίω
1008 1536 1055 1586 oi
1085 1538 1150 1606 τῇ
1181 1537 1414 1610 ἀληθείᾳ
1439 1544 1824 1611 συνιστάμενοι
1849 1545 1936 1598 λέ-

2035 451 2170 507 quot
2198 442 2396 498 similia
2412 485 2426 502 .
2462 461 2677 500 araneae
2697 460 2816 502 esse
2845 447 2932 502 ﬁla
2952 463 3096 518 saepe
3122 465 3222 504 nos
3245 452 3609 514 ostendimus.

2035 529 2162 585 Sive
2181 533 2326 586 enim
2345 534 2620 588 diceretur
2633 535 2868 606 Spiritus
2883 539 3002 606 ejus
3019 549 3241 609 propter
3255 542 3614 599 consubstan-

2037 623 2345 686 tialitatem,
2377 628 2446 680 οι)
2476 628 2580 682 hoc
2605 629 2784 698 ipsum
2804 640 2857 685 et
2881 631 3052 687 Filius
3074 632 3351 689 diceretur
3374 634 3614 706 Spiritus

2033 717 2230 781 sancti,
2255 717 2349 772 sed
2374 735 2638 788 nusquam
2663 722 2767 775 hoc
2797 724 3038 790 reperies
3062 741 3076 789 ;
3098 724 3212 780 sive
3237 727 3381 795 quod
3405 728 3475 782 ab
3495 728 3614 798 ipso

2035 811 2304 871 mittatur,
2357 813 2494 864 ratio
2543 827 2572 866 a
2618 813 2778 867 nobis
2838 823 2946 870 est.
3006 816 3117 871 lloc
3167 819 3313 872 enim
3371 821 3613 884 mittere.

2033 909 2090 955 et
2171 901 2494 969 eﬂundere,
2583 907 2959 974 praasupponit
3056 909 3472 976 productionem
3555 921 3614 966 et

2035 991 2377 1046 essentialem
2413 1007 2752 1062 processum.
2781 995 2847 1049 Et
2880 996 2994 1050 fieri
3027 1013 3133 1051 non
3159 1008 3340 1068 potest
3367 1000 3486 1056 utis
3517 1002 3617 1072 qui

2034 1096 2142 1136 non
2161 1082 2433 1150 producit,
2459 1085 2656 1150 mittat,
2681 1087 2939 1141 multiset
2957 1087 3354 1146 sumcientibus
3379 1094 3615 1148 rationi-

2037 1172 2136 1228 hus
2171 1174 2371 1243 passim
2413 1167 2937 1235 demonstravimus.
2992 1179 3155 1234 Multa
3189 1182 3354 1252 igitur
3381 1184 3618 1240 vitanda:

2038 1281 2201 1320 causa
2256 1267 2420 1338 hujus
2475 1269 2724 1323 veritatis
2761 1286 2788 1324 a
2821 1274 3027 1326 nostris
3083 1274 3224 1328 dicta
3280 1286 3452 1341 sunt;
3521 1279 3618 1332 sed

2036 1360 2259 1414 omnino
2293 1361 2423 1414 nihil
2458 1363 2657 1416 valent.
2687 1363 2853 1419 Multo
2899 1381 3028 1420 vero
3083 1366 3242 1435 plura
3277 1377 3332 1422 et
3365 1369 3615 1434 meliora,

2037 1454 2130 1521 qui
2182 1455 2399 1509 veritati
2426 1458 2863 1523 patrocinantur,
2902 1459 3178 1526 aﬂ'erunt;
3243 1469 3298 1515 et
3320 1461 3503 1516 omnia
3534 1461 3620 1516 di-

2042 1547 2276 1615 ligenter
2301 1552 2576 1612 novimus,
2609 1567 2734 1605 cum
2763 1560 2956 1606 contra
2988 1568 3185 1608 omnes
3218 1554 3458 1608 rationes
3488 1569 3622 1609 con-

349 1635 550 1694 γουσιτ
603 1623 694 1676 καὶ
725 1624 902 1677 πάντα
936 1626 1182 1696 ἀκριϐῶς
1220 1630 1383 1699 ῐσμεν
1437 1633 1574 1701 πρὸς
1623 1637 1750 1699 τοὺς
1780 1638 1936 1691 ἐναν-

2053 1639 2235 1694 Lrarias
2256 1641 2753 1714 disputaveritnus;
2782 1644 2886 1699 hoc
2919 1660 3050 1698 vero
3107 1645 3250 1710 loco,
3285 1647 3356 1700 ob
3393 1646 3620 1716 prolixi-

349 1714 504 1774 τίους
536 1715 793 1777 πολλάκις
822 1719 1231 1789 ἀποδυσάμενοι
1287 1721 1502 1791 λόγους.
1563 1726 1830 1781 Ἐνταῦθα
1878 1729 1936 1782 δέ

2053 1743 2207 1788 tatem
2237 1751 2576 1797 sermonum,
2603 1735 2718 1791 haec
2747 1737 2911 1791 missa
2931 1736 3182 1804 facimus;
3213 1747 3275 1794 et
3290 1739 3358 1792 ad
3389 1737 3616 1808 scripta,

349 1803 531 1857 διὰτὸ
580 1805 755 1875 μῆκος
798 1807 908 1860 τῶν
967 1809 1143 1878 λόγων
1195 1813 1336 1867 αύτά
1393 1817 1709 1884 παρεῶντες
1760 1820 1840 1884 είς
1871 1820 1940 1875 τά

352 1899 485 1963 περὶ
516 1896 706 1977 τούτου
759 1904 1234 1972 συγγεγραμμένα
1265 1906 1400 1975 ἡμῖν
1421 1908 1548 1971 τοὺς
1577 1909 1942 1980 βουλομένους

353 1989 828 2058 παραπέμπομεν.
866 1992 961 2044 Ἐν
1005 1993 1062 2048 δέ
1089 1993 1250 2048 τοῦτο
1303 1997 1433 2066 ύμῖν
1479 2015 1659 2067 φαμεν
1693 2000 1788 2053 νῦν
1843 2003 1940 2055 καὶ

357 2080 506 2148 μάλα
536 2081 892 2154 θαρροῦντες,
925 2086 998 2147 ὡς
1036 2087 1224 2142 ἱκανόν
1267 2091 1385 2142 ἐστι
1447 2091 1610 2145 τοῦτο
1648 2094 1816 2162 μόνον
1851 2091 1938 2162 (εὖ

359 2173 496 2241 iure)
545 2174 681 2244 πρὸς
709 2177 810 2244 τὴν
845 2180 943 2248 τῆς
1004 2179 1264 2248 ἀληθείας
1314 2183 1678 2252 παράστασιν,
1739 2187 1831 2240 τοῦ
1879 2189 1940 2242 τὸ

359 2262 585 2334 Πνεῦμα
613 2266 677 2318 τὺ
701 2265 860 2336 ἅγιον
886 2268 981 2322 καὶ
1008 2269 1068 2334 ἐξ
1104 2271 1235 2324 Υίοῦ
1262 2271 1451 2344 ὥσπερ
1482 2277 1573 2328 καὶ
1611 2280 1674 2329 ἐκ
1707 2277 1800 2331 τοῦ
1831 2279 1942 2332 Πα-

355 2355 488 2423 τρὸς
521 2355 597 2419 ὡς
629 2358 692 2409 ἐκ
723 2359 853 2426 μιᾶς
877 2359 1075 2430 ἀρχῆς,
1103 2364 1199 2414 καὶ
1229 2363 1344 2426 ἐνὸς
1381 2365 1782 2436 ἐκπορεύεσθαι
1807 2387 1940 2440 προ·-

358 2445 585 2510 ϐολέως.
635 2449 747 2502 Καὶ
793 2451 1124 2519 ἐπειράθητε
1163 2455 1230 2506 ἂν
1272 2454 1440 2527 ἔργῳ,
1490 2460 1539 2510 εί
1578 2459 1768 2530 παρὼν
1809 2463 1938 2532 ὑμῖν

357 2537 569 2590 ἐδίδουν
591 2556 648 2592 τε
675 2541 770 2593 καὶ
801 2542 1104 2612 ἐλάμϐανον
1135 2547 1296 2614 λόγον
1316 2564 1328 2578 ο
1360 2543 1502 2602 εἶναί
1527 2567 1586 2603 τε
1613 2553 1707 2604 καὶ
1739 2555 1938 2620 πολλὰς

357 2630 530 2694 ἄλλας
561 2635 867 2703 μαρτυρίας
893 2637 988 2703 τῆς
1020 2637 1172 2701 θείας
1196 2639 1439 2711 Γραφῆς,
1461 2643 1537 2705 ὠς
1566 2645 1648 2708 τὸ,
1688 2647 1799 2699 ’ον
1821 2649 1942 2717 ἐγὼ
1987 2661 1994 2667 ’

357 2725 578 2792 πέμψω
609 2725 751 2795 ὑμῖν
772 2729 931 2796 παρὰ
958 2729 1063 2784 τοῦ
1103 2733 1334 2800 Πατρός
1354 2751 1369 2767 ο
1404 2735 1479 2797 ὼς
1508 2737 1586 2801 τὸ,
1619 2741 1761 2808 Παρ*
1789 2741 1938 2810 ἐμοῦ

355 2819 648 2887 λήψεται,
682 2821 782 2874 καὶ
823 2823 1150 2892 ἀναγγελεῖ
1181 2825 1355 2893 ὑμῖν·
1404 2827 1479 2891 ὡς
1543 2831 1623 2894 τὸ,
1669 2832 1826 2886 Ὅσα
1859 2834 1939 2888 ἂν

355 2913 622 2979 ἀκούσῃ,
645 2914 908 2980 λαλήσει
927 2929 942 2946 ·
974 2916 1069 2969 καὶ
1096 2915 1234 2999 ἄλλα
1263 2919 1446 2986 ὅμοια.
1491 2921 1582 2986 Ἐξ
1602 2917 1676 2974 ὧν
1703 2925 1935 2979 ἑκάστου

2041 1841 2163 1892 qua:
2197 1825 2266 1880 de
2307 1826 2410 1880 hoc
2456 1829 2871 1896 composuimus
2935 1828 3188 1883 volentes
3243 1828 3618 1894 considerare,

2041 1916 2394 1972 remittimus.
2425 1917 2538 1972 Hoc
2559 1935 2728 1973 unum
2759 1935 2892 1974 vero
2927 1935 3074 1974 nunc
3104 1919 3264 1974 vobis
3325 1933 3450 1974 cum
3506 1935 3621 1974 ma-

2040 2025 2148 2080 gna
2177 2005 2377 2066 ﬁducia
2408 2010 2665 2075 dicimus,
2703 2012 2850 2081 quod
2889 2011 3168 2067 suﬁieiens
3222 2021 3308 2066 est
3359 2012 3465 2068 hoc
3531 2026 3621 2067 so-

2040 2104 2356 2165 lum,certo
2404 2105 2614 2168 sciatis,
2667 2104 2733 2158 ad
2790 2105 3078 2160 veritatem
3133 2103 3618 2174 comprobandum,

2041 2195 2187 2264 quod
2241 2193 2484 2266 Spiritus
2509 2206 2732 2250 sanctus
2754 2197 2920 2250 etiam
2951 2212 3018 2250 ex
3045 2196 3206 2259 Filio,
3231 2196 3618 2264 quemadmo-

2041 2287 2170 2343 dum
2201 2296 2254 2341 et
2287 2302 2352 2342 ex
2379 2286 2537 2342 Putre
2573 2303 2585 2340 :
2620 2287 2768 2341 utah
2798 2303 2908 2340 uno
2940 2288 3234 2358 principio,
3274 2297 3332 2341 et
3361 2302 3474 2341 uno
3496 2303 3624 2354 pro-

2041 2378 2280 2432 ductore
2330 2379 2592 2446 procedat
2620 2386 2674 2432 et
2699 2392 2889 2431 revera
2917 2378 2962 2431 si
2993 2392 3241 2447 praesens
3261 2392 3433 2430 essem
3476 2375 3621 2429 ultro

2038 2471 2289 2540 citroque
2342 2475 2476 2524 data.
2516 2477 2573 2523 et
2620 2480 2843 2536 accepta
2900 2469 3108 2524 ratione
3158 2469 3364 2535 experti
3393 2468 3616 2532 essetis,

2039 2562 2207 2617 multa
2235 2562 2339 2616 alia
2355 2569 2608 2615 constare
2639 2561 2949 2616 testimonia
2968 2575 3245 2616 sacrarum
3262 2558 3616 2622 Litterarum,

2042 2665 2102 2710 ut
2125 2654 2256 2708 illud
2303 2670 2316 2703 ι
2344 2645 2514 2717 Quem
2541 2670 2633 2724 ego
2664 2655 2871 2708 mittam
2913 2654 3055 2707 vobis
3079 2670 3111 2707 a
3136 2652 3334 2717 Patre;
3361 2659 3418 2706 et
3440 2652 3573 2706 illud
3600 2667 3617 2706 :

2041 2745 2118 2800 De
2163 2762 2278 2799 meo
2334 2746 2541 2814 accipit,
2600 2753 2649 2797 et
2715 2743 3054 2797 annuntiabit
3114 2742 3285 2806 vobis;
3347 2752 3403 2797 et
3435 2741 3618 2797 illud:

2041 2838 2374 2908 Quaecunque
2397 2837 2594 2898 audiet,
2613 2836 2872 2906 loquetur,
2888 2845 2941 2888 et
2962 2835 3065 2890 alia
3087 2834 3308 2890 similia.
3327 2834 3402 2889 Ex
3420 2833 3622 2904 quibus

2043 2929 2274 3001 singulis
2299 2929 2510 2984 eadem
2537 2927 2660 2982 lidei
2684 2928 2884 2980 veritas
2916 2926 3074 2981 facile
3102 2926 3403 2996 probatur;
3454 2941 3619 2996 quam

356 3007 393 3071 ὴ
421 3005 558 3076 αὑτὴ
593 3007 766 3076 ῥᾷστα
786 3007 884 3076 τῆς
909 3007 1142 3070 πίστεως
1168 3009 1396 3078 ἀλήθεια
1419 3012 1713 3080 δείκνυται,
1738 3019 1805 3088 ἢν
1830 3021 1936 3075 πά-

2053 3023 2168 3078 )lim
2203 3030 2258 3075 et
2285 3020 2446 3074 modo
2476 3019 2748 3073 catholica
2783 3019 3024 3073 Romana
3052 3018 3296 3074 Ecclesia
3363 3019 3526 3073 docet
3561 3028 3620 3075 et

355 3106 453 3156 λαι
487 3120 544 3155 τε
577 3105 672 3156 καὶ
698 3104 845 3174 νῦνὴ
875 3106 1142 3178 καθολξκὴ
1165 3107 1274 3162 τῶν
1305 3108 1598 3180 Ῥωμαίων
1634 3114 1934 3188 Ἐκκλησία

2047 3130 2216 3184 tenet,
2239 3135 2402 3184 quam
2429 3118 2580 3189 prius
2603 3118 2855 3172 universa
2873 3116 3112 3172 Ecclesia
3128 3115 3631 3186 complectebatur.

353 3195 606 3248 διδάσκει
640 3213 722 3260 τε,
763 3200 859 3252 καὶ
882 3199 1122 3269 κατέχει,
1149 3201 1217 3271 ἡν
1241 3203 1337 3273 ὅλη
1369 3205 1688 3278 πρότερονὴ
1732 3210 2027 3283 Ἐκκλησία
2066 3216 2358 3268 ἐπίστευεν

450 3291 612 3344 Ἀλλά
657 3295 825 3363 φαίης
860 3295 961 3360 ἂν,
997 3297 1073 3360 ὡς
1103 3299 1266 3361 αὐτὸς
1298 3302 1326 3352 6
1359 3301 1564 3373 Κύριος
1597 3306 1722 3374 περὶ
1753 3310 1944 3362 τούτου

355 3384 560 3449 λέγων,
592 3383 667 3438 T6
696 3383 956 3452 Πνεῦμα,
984 3389 1174 3457 φησιν,
1207 3389 1238 3442 ὃ
1271 3391 1429 3459 παρὰ
1461 3393 1567 3447 τοῦ
1595 3398 1824 3465 Πατρός
1849 3400 1947 3453 ἐκ·

357 3475 703 3541 πορεύεται,
744 3475 819 3545 μὴ
849 3477 1108 3548 προσθεὶς
1145 3481 1238 3532 καὶ
1278 3482 1490 3536 ἑαυτόν.

442 3565 554 3617 Καὶ
583 3566 636 3618 τί
664 3565 844 3632 τοῦτο,
874 3569 1134 3636 ἀδελφοί;
1167 3571 1227 3623 ού
1263 3573 1372 3643 γὰρ
1403 3573 1468 3644 δὴ
1499 3575 1596 3629 καὶ
1621 3575 1695 3638 ὡς
1729 3578 1829 3631 οὐκ
1865 3579 1953 3631 ἐκ·

362 3657 667 3728 πορεύεται
721 3660 778 3726 ἐξ
827 3660 991 3714 αὐτοῦ
1040 3663 1285 3732 είρηκεν.
1349 3665 1520 3719 Τοῦτο
1568 3668 1675 3734 γάρ
1707 3668 1772 3721 ἂν
1821 3669 1951 3732 ἴσως

367 3751 679 3822 βιαιότερον
706 3747 775 3824 ἦν
796 3769 810 3784 '
848 3754 949 3806 κᾶν
992 3754 1126 3824 μηδὲ
1154 3756 1313 3809 τοῦτο
1342 3758 1546 3823 ἱκανὸν,
1571 3760 1705 3828 πρὸς
1733 3760 1761 3813 ὃ
1793 3761 1951 3828 ὑμεῖς

371 3845 651 3915 βούλεσθε.
677 3846 785 3898 Καὶ
808 3847 914 3915 γὰρ
932 3848 959 3899 6
976 3847 1160 3910 αὐτὸς.
1178 3850 1316 3916 Περὶ
1335 3847 1444 3917 τῆς
1461 3850 1685 3919 ἡμέρας
1707 3851 1952 3920 ἐκείνης

370 3941 478 3993 και
503 3936 613 4006 τῆς
634 3936 788 4004 ὥρας
813 3937 1012 4004 οὐδεὶς
1041 3935 1186 4004 οἵδε,
1215 3941 1404 4008 φησὶν,
1439 3941 1581 3995 οὐδὲ
1613 3944 1668 3996 οι
1701 3943 1944 4013 ἄγγελοι

369 4031 524 4086 οὐδὲ
552 4033 584 4084 ὁ
616 4030 779 4095 Υἱὸς,
805 4032 860 4085 ει
886 4030 972 4098 μὴ
1009 4033 1042 4084 ό
1069 4031 1270 4100 Πατὴρ
1293 4031 1480 4100 μόνος
1503 4035 1640 4085 ικαὶ
1669 4033 1846 4097 αὖθις,
1883 4035 1953 4088 Ἦ

371 4123 493 4193 ἐμὴ
536 4123 899 4177 διδασκαλία
927 4125 1039 4178 οὐκ
1071 4124 1243 4178 ἔστιν
1286 4123 1422 4192 ἐμὴ.
1477 4125 1640 4179 ἀλλὰ
1670 4127 1777 4180 τοῦ
1810 4124 1951 4194 πέμ-

376 4216 612 4285 ψαντός
629 4233 705 4284 με
734 4215 986 4284 Πατρός,
1010 4218 1123 4276 καὶ.
1146 4215 1360 4282 Οὐδεὶς
1391 4215 1543 4286 ἔγνω
1560 4217 1667 4271 τὸν
1707 4221 1865 4284 mir,
1898 4221 1952 4272 ει

370 4311 464 4379 μὴ
497 4311 528 4362 ὀ
563 4309 794 4375 Πατήρ⁸
824 4311 914 4361 καὶ
942 4310 1088 4378 ὅμως
1137 4309 1300 4379 ἡμεῖς
1339 4311 1518 4370 καλῶς
1549 4326 1613 4378 γε
1667 4311 1952 4375 ποιοῦντες

2125 3312 2230 3367 Sed
2265 3311 2512 3382 ohjicies,
2542 3309 2687 3380 quod
2743 3308 3006 3363 Dominus
3047 3308 3132 3364 de.
3167 3309 3270 3363 hoc
3324 3308 3622 3368 disserens.

2053 3403 2307 3472 Spiritus,
2339 3403 2536 3472 inquit,
2567 3402 2658 3471 qui
2699 3419 2731 3454 a
2764 3401 2925 3455 Patre
2984 3400 3240 3471 procedit,
3277 3415 3387 3454 non
3441 3411 3623 3454 autem

2051 3497 2262 3551 addidit
2291 3497 2532 3564 seipsum
2547 3533 2562 3547 .

2123 3587 2189 3640 Et
2228 3586 2409 3654 qualis
2437 3586 2658 3639 esthere
2689 3582 2945 3653 oijctio,
2979 3595 3184 3652 quasso,
3236 3580 3473 3636 fratres?
3505 3581 3624 3636 Non

2051 3677 2194 3731 enim
2224 3676 2362 3730 dixit
2391 3676 2536 3746 quod
2570 3690 2680 3728 non
2713 3675 2967 3745 procedit
3003 3676 3072 3729 ab
3114 3674 3236 3744 ipso
3267 3674 3472 3743 (Filio).
3505 3671 3618 3728 Hoc

2050 3767 2197 3822 enim
2230 3766 2476 3821 fortassis
2500 3767 2881 3820 vehementius
2902 3775 3141 3836 urgeret.
3163 3767 3420 3832 Quamvis
3450 3781 3628 3834 neque

2058 3859 2162 3912 hoc
2194 3858 2472 3912 s-uﬂiceret
2500 3859 2566 3910 ad
2610 3857 2950 3927 probandum
2995 3856 3140 3926 quod
3179 3859 3362 3912 vultis.
3411 3857 3628 3926 Quippe

2056 3951 2203 4004 idem
2237 3950 2376 4004 dixit
2405 3968 2418 4002 :
2455 3951 2531 4003 De
2558 3951 2639 4004 die
2674 3950 2771 4003 illa
2806 3961 2854 4002 et
2913 3951 3045 4003 hora
3090 3965 3240 4003 nemo
3269 3951 3388 4011 scit,
3428 3950 3628 4017 inquit,

2057 4059 2222 4112 neque
2248 4042 2442 4113 angeli,
2475 4059 2643 4112 neque
2675 4041 2871 4108 Filius,
2890 4044 2991 4095 nisi
3017 4041 3160 4096 solus
3193 4041 3381 4096 Pater.
3411 4042 3473 4097 Et
3503 4058 3630 4096 rur-

2057 4151 2186 4188 sus:
2227 4133 2348 4188 Mea
2395 4135 2638 4187 doctrina
2666 4150 2768 4186 nou
2797 4145 2868 4187 est
2894 4149 3031 4195 mea,
3074 4134 3165 4187 sed
3194 4134 3302 4202 qui
3344 4134 3486 4186 misit
3550 4147 3634 4193 mp

2067 4225 2285 4291 Patris;
2307 4235 2362 4281 et
2391 4241 2402 4278 :
2430 4225 2595 4281 Nemo
2614 4227 2756 4281 novit
2783 4225 2998 4290 Filium,
3033 4227 3137 4279 nisi
3167 4225 3352 4288 Pater,
3377 4235 3430 4279 et
3451 4237 3628 4280 tamen

2059 4338 2159 4377 nos
2186 4330 2336 4377 recte
2379 4323 2667 4386 facientes,
2693 4320 3032 4376 contrarium
3065 4319 3358 4374 credimus.
3386 4317 3452 4371 Et
3486 4317 3629 4370 diem

391 4399 691 4451 ..οὑναντίον
743 4397 1094 4468 πιστεύομεν.
1152 4399 1261 4452 Καὶ
1304 4399 1404 4469 τὴν
1455 4401 1668 4470 ἡμέραν
1700 4403 1947 4470 ἐκείνην,

2061 4415 2238 4476 illum,
2274 4423 2328 4468 et
2350 4413 2540 4466 horam
2578 4412 2651 4465 ita
2679 4411 2824 4466 clare
2847 4426 2973 4465 eum
3007 4411 3148 4465 scire
3179 4412 3320 4464 sicut
3363 4419 3418 4463 et
3448 4410 3660 4490 Palem.

383 4492 481 4544 καὶ
507 4491 603 4562 τὴν
634 4490 806 4560 ὥραν,
841 4489 984 4543 οὕτω
1013 4491 1200 4559 σαφῶς
1252 4492 1416 4546 αὐτὸν
1445 4492 1666 4556 εἰδέναι,
1697 4492 1774 4555 ὡς
1812 4495 1908 4546 καὶ
1930 4496 1957 4546 6

385 4584 598 4652 Πατὴρ,
630 4587 722 4638 καὶ
747 4585 940 4637 ἑαυτὸν
983 4583 1184 4654 ὁμοίως
1215 4585 1292 4653 τῷ
1320 4585 1494 4654 Harp!
1515 4583 1828 4652 γινώσκειν,
1866 4584 1959 4636 καὶ

386 4675 484 4746 τὴν
511 4676 861 4729 διδασκαλίαν
909 4677 1072 4730 αὑτοῦ
1107 4681 1308 4740 παντὸς
1352 4676 1556 4746 μᾶλλον
1599 4677 1766 4728 αὐτοῦ
1819 4671 1959 4728 εἶναι

387 4767 672 4835 τιθέμεθα.
696 4769 761 4821 Et
777 4763 870 4822 οὖν
894 4761 968 4822 ὧν
992 4768 1180 4838 σαφῶς
1204 4769 1582 4840 ἀπηρνὴσατο,
1609 4769 1769 4838 ἡμεῖς
1802 4769 1962 4821 ἐπαι-

390 4859 560 4925 νετῶς
592 4861 662 4916 τά
713 4861 933 4916 ἐναντία
981 4863 1336 4933 πιστεύομεν,
1367 4862 1510 4917 διατι
1534 4862 1596 4916 οὐ
1621 4862 1902 4916 κάνταῦθα
1926 4859 1962 4915 ἃ

393 4955 471 5023 μὴ
498 4955 796 5024 ἠρνήσατο,
822 4954 1059 5017 εὐσεϐῶς
1091 4953 1453 5024 πιστεύσομεν
1476 4971 1492 5021 ;

465 5043 574 5100 Καὶ
603 5044 709 5114 μὴν
741 5044 1004 5096 σκεπτέον
1037 5044 1132 5108 καὶ.
1160 5042 1337 5119 τοῦτο,
1375 5043 1742 5112 ἐπηγγείλατο
1775 5043 1805 5095 6
1838 5043 1964 5112 Χρι-

394 5136 540 5200 στὸς,
569 5137 685 5188 ἐστὶ
716 5137 782 5206 τῇ
813 5135 907 5189 τοῦ
930 5136 1136 5206 Πέτρου
1170 5135 1433 5207 ὁμολογίᾳ
1461 5135 1841 5205 οἰκοδομήσειν
1864 5137 1966 5204 τὴν

394 5225 561 5279 αὑτοῦ
599 5226 951 5293 Ἐκκλησίαν,
987 5226 1080 5278 καὶ
1113 5225 1288 5288 πύλας
1339 5225 1490 5296 ᾅδου,
1537 5226 1635 5288 τὰς
1665 5226 1776 5280 τῶν
1816 5229 1967 5298 αἱρε-

395 5313 567 5368 τικῶν
616 5315 821 5385 δηλαδὴ
874 5315 1231 5384 κενοφωνίας,
1264 5315 1338 5384 μὴ
1364 5315 1430 5368 ἄν
1460 5331 1590 5367 ποτε
1621 5316 1968 5384 κατισχύσειν

397 5407 593 5469 αὐτῆς.
617 5408 713 5469 Τίς
746 5405 839 5460 οὖν
869 5407 936 5460 ἂν
961 5408 1044 5476 εἴη
1089 5407 1224 5476 αὓτη
1271 5410 1304 5478 ἡ
1350 5408 1646 5477 Ἐκκλησία
1670 5449 1683 5469 ,
1728 5409 1968 5476 ἀδελφοὶ,

399 5500 684 5568 ζητητέον.
713 5499 824 5569 Τὴν
867 5501 965 5568 μὲν
997 5499 1108 5569 γάρ
1152 5499 1488 5566 ἐπαγγελίαν
1519 5499 1746 5568 βεϐαίαν
1773 5516 1832 5551 τε
1875 5500 1972 5551 καὶ

399 5595 610 5664 ἀψευδῆ
646 5590 785 5647 εἶναι
823 5611 902 5660 τε,
947 5595 1043 5646 καὶ
1075 5593 1350 5646 πιστεύειν
1383 5595 1514 5659 δεῖν,
1551 5593 1724 5657 οὐδεὶς
1763 5593 1828 5646 ἂν
1873 5593 1971 5662 ἀρ-

404 5686 593 5758 νηθείη
624 5688 952 5758 Χριστιανός
1005 5703 1066 5756 γε
1108 5685 1181 5741 ὥν
1209 5701 1222 5714 °
1273 5687 1369 5758 τὴν
1401 5685 1453 5738 δέ
1499 5683 1822 5753 Ἐκκλησίαν
1854 5683 1972 5736 ἴδω-

2060 4519 2116 4562 et
2143 4523 2199 4561 se
2220 4505 2397 4575 ipsum
2433 4519 2594 4559 nosse
2634 4504 2891 4558 similiter
2921 4512 3085 4572 atque
3116 4503 3298 4556 Pater.
3330 4503 3395 4556 Et
3426 4500 3632 4556 doctri-

2060 4613 2186 4653 nam
2235 4597 2356 4667 ejus
2386 4597 2626 4650 maxime
2656 4593 2778 4662 ejus
2799 4609 2919 4648 esse
2941 4595 3196 4648 dicimus.
3231 4593 3286 4646 Si
3341 4593 3514 4663 igitur,
3535 4607 3631 4646 eo-

2062 4705 2183 4744 rum
2215 4704 2334 4758 qua:
2368 4690 2480 4758 ipse
2505 4685 2788 4740 manifeste
2820 4684 3092 4740 inficiatus
3134 4692 3235 4748 est,
3294 4699 3390 4738 nos
3449 4683 3636 4738 lauda-

2064 4785 2249 4842 biliter
2273 4784 2552 4839 contraria
2586 4783 2903 4837 credimus:
2964 4797 3062 4836 cur
3115 4781 3279 4836 etiam
3342 4781 3448 4836 hoc
3485 4780 3632 4845 loco,

2064 4895 2186 4953 qua:
2219 4894 2332 4934 non
2362 4877 2600 4948 negavit,
2626 4876 2714 4946 pie
2738 4889 2848 4930 non
2890 4873 3219 4929 credamus?

2141 5035 2422 5090 Praeterea.
2451 5034 2570 5088 hoc.
2588 5033 2752 5088 etiam
2801 5030 3406 5090 consideraudntmcst.,
3424 5029 3638 5085 Promi-

2068 5127 2142 5182 sit
2170 5127 2427 5182 Christus
2477 5119 3066 5193 superconfessionem
3101 5121 3248 5180 Petri
3280 5119 3632 5175 fundaturum

2069 5219 2373 5275 Ecclesiam
2399 5231 2576 5280 suam,
2608 5224 2666 5269 et
2694 5223 2882 5282 portas
2913 5211 3096 5274 inferi,
3134 5213 3395 5270 nimirum
3419 5211 3639 5267 haereti-

2070 5325 2260 5366 corum
2290 5310 2589 5368 novitates,
2615 5305 3034 5374 ipsi.nunquam
3083 5297 3476 5372 prazvalituras.
3507 5303 3638 5370 Qui:
3660 5313 3684 5320 ‘

2073 5403 2267 5473 igitur,
2292 5404 2511 5459 fratres,
2543 5398 2616 5454 sit
2645 5398 2759 5452 haec
2819 5387 3096 5459 Ecclesia,
3117 5396 3476 5464 quterendum
3512 5405 3600 5450 est
3621 5435 3636 5450 .

2075 5493 2498 5549 Promissionem
2527 5491 2672 5546 enim
2709 5489 2921 5542 firmam
2963 5501 3108 5552 esse,
3169 5480 3507 5556 minimeque
3532 5486 3638 5540 falc

2075 5587 2243 5640 lacem
2298 5594 2555 5654 oportere
2610 5580 2857 5643 credere,
2922 5593 3102 5644 nemo,
3151 5578 3244 5648 qui
3297 5578 3439 5634 inter
3479 5577 3640 5634 Chri-

2077 5677 2284 5733 stianos
2338 5676 2446 5744 sit,
2506 5669 2857 5760 inticiahitur.
2916 5666 3214 5726 Ecclesiam
3253 5733 3257 5736 ν
3299 5679 3430 5738 ergo
3486 5681 3637 5740 quae-
