3990 6212
519 389 627 455 439

1499 401 2004 479 BESSARIONIS
2037 402 2093 464 S.
2128 402 2201 466 Β.
2245 403 2311 463 Ε.
2338 404 2805 466 CAl‘tDll‘IALIS~

3677 403 3783 472 440

523 543 634 582 non
684 526 808 581 ideo
847 526 898 581 in
944 531 1190 584 eamdem
1225 547 1346 586 cum
1393 549 1458 588 eo
1504 535 1863 590 confunditur
1894 524 2081 600 persoo
2109 515 2160 571 Α
2191 516 2414 568 [entiam
2444 515 2538 580 ῗδῖ
2567 517 2712 570 enim
2739 517 2901 570 Pater
2926 530 3034 569 non
3072 525 3236 581 esset,
3266 515 3436 572 Filius
3466 516 3778 589 “spiritus

526 635 667 672 nam.
731 635 853 674 cum
913 623 1120 686 spirare
1181 641 1288 677 non
1369 629 1442 681 sit
1497 631 1790 696 paternalis
1854 647 2103 698 personae

527 713 960 766 constitutivum.
1017 716 1194 780 Quare
1263 718 1436 773 donec
1495 735 1602 773 non
1675 723 1936 789 probetur
1993 725 2105 793 spi-

531 805 683 856 randi
758 806 1053 872 potentiam
1119 812 1417 875 paternaiis
1487 829 1735 880 personae
1793 818 2107 872 constituti-

531 909 652 946 vam
708 909 867 961 cs~e,
927 912 1030 950 nec
1075 898 1325 952 confusio
1383 917 1738 967 personarum
1797 907 1920 959 inde
1981 922 2106 973 pro-

532 985 649 1039 hari
709 987 927 1053 poterit.
971 986 1084 1040 Sed
1135 989 1380 1058 Spirandi
1442 993 1684 1060 potentia
1752 996 2104 1051 constitutiva

531 1093 673 1141 esse,
716 1078 936 1145 probari
983 1094 1089 1132 non
1139 1090 1318 1149 potest
1367 1101 1382 1133 :
1434 1099 1554 1136 cum
1603 1085 1728 1154 quia
1784 1097 2108 1155 sequeretur

532 1168 673 1235 qnol
717 1168 878 1221 Pater
917 1169 1144 1224 haberet
1171 1173 1306 1226 duas
1369 1189 1629 1242 personas
1677 1187 1729 1230 et
1767 1177 1903 1232 duas
1936 1179 2108 1249 hypo—

469 1334 472 1337 _
534 1272 727 1318 stascs.
773 1276 832 1316 ut
873 1264 926 1317 in
965 1265 1234 1334 principio
1281 1269 1564 1334 probatum
1612 1281 1715 1333 est,
1772 1272 1876 1327 hoc
1924 1283 2105 1329 autem

534 1350 928 1408 inconveniens
955 1372 966 1408 :
992 1362 1104 1408 tum
1136 1355 1262 1424 quia
1293 1356 1408 1410 haec
1442 1359 1631 1427 petitio
1655 1361 1908 1430 principii
1937 1373 2105 1419 esset.

537 1443 744 1498 Ponere
793 1460 1027 1513 namque
1083 1448 1380 1515 potentiam
1420 1449 1666 1515 spirandi
1702 1445 2108 1507 constitutivam

535 1547 655 1588 esse
695 1549 942 1604 persona:
985 1537 1180 1598 Patris.
1236 1547 1289 1590 et
1335 1553 1398 1592 ex
1433 1539 1596 1594 Patre
1633 1543 1806 1595 solttm
1844 1542 2109 1612 Spiritum

539 1628 859 1695 procedere,
892 1642 1059 1680 unum
1090 1637 1144 1682 et
1174 1628 1315 1682 idem
1351 1638 1455 1683 est.
1489 1631 1668 1695 Quare
1693 1631 1782 1699 qui
1816 1631 1920 1686 hoc
1955 1631 2110 1699 dicit,

541 1718 676 1783 petit
727 1719 1081 1787 principium.
1119 1719 1255 1772 Cum
1306 1731 1486 1774 autem
1540 1721 1642 1799 hoc
1679 1737 1786 1774 non
1825 1722 2109 1791 probetur,

539 1823 641 1862 nec
673 1808 925 1861 confusio
966 1825 1322 1878 personarum
1358 1811 1627 1880 sequitur,
1668 1828 1975 1882 quanquam
2001 1816 2112 1868 sint

542 1899 636 1969 qui
685 1899 932 1953 credant.
993 1892 1214 1952 Dictum
1260 1913 1344 1955 est
1383 1911 1563 1955 autem
1623 1903 1676 1956 in
1736 1904 2115 1970 superioribus

546 2006 793 2059 quamam
842 2003 1031 2043 eorum
1068 2007 1188 2059 qua:
1235 1991 1301 2045 de
1358 1993 1466 2045 Deo
1500 1993 1780 2056 dicuntur,
1811 1994 2122 2048 communia

550 2093 672 2135 Sttltl
704 2101 716 2146 ;
745 2097 862 2147 qua!
893 2083 1137 2150 propria,
1162 2091 1218 2136 ct
1252 2086 1602 2153 propriorum
1632 2098 1880 2154 quamam
1911 2084 2124 2141 duabus

550 2175 797 2242 personis
842 2175 1059 2242 propria
1091 2192 1104 2237 ;
1144 2191 1264 2243 qua:
1301 2192 1430 2230 vero
1469 2178 1565 2230 nni
1611 2177 1734 2238 soli,
1782 2191 1970 2230 eorum
2006 2192 2126 2246 qua:

552 2260 644 2312 uni
674 2260 771 2312 solt
799 2278 810 2324 ;
836 2275 1088 2329 quaenam
1115 2262 1185 2315 ita
1214 2264 1432 2332 propria
1459 2272 1605 2328 sunt,
1634 2271 1692 2316 ut
1744 2273 1796 2317 et
1819 2264 2127 2332 personalia

550 2349 669 2404 sive
698 2350 1036 2422 hypostatiea
1071 2353 1180 2406 sint
1205 2369 1218 2418 ;
1248 2369 1368 2422 qua:
1398 2368 1526 2408 vero
1560 2353 1630 2407 ita
1667 2356 1905 2424 propria,
1941 2361 2000 2408 ut
2030 2369 2129 2407 no-

553 2443 749 2496 tiones
784 2457 890 2496 non
937 2452 994 2497 ut
1042 2443 1419 2515 hypostatica;
1471 2446 1629 2514 quale
1682 2447 1858 2514 ipsum
1911 2460 2127 2514 quoque

553 2535 765 2600 spirare
813 2534 1020 2589 dictum
1076 2543 1160 2589 est
1209 2550 1350 2590 esse.
1390 2536 1560 2606 Igitur
1589 2551 1656 2590 ex
1702 2537 1771 2591 iis
1818 2551 1938 2606 quae
1982 2550 2130 2590 nunc

557 2626 705 2679 dicta
736 2635 886 2689 sunt,
928 2635 984 2680 et
1020 2640 1088 2681 ex
1120 2626 1188 2681 iis
1226 2641 1346 2696 qua:
1378 2626 1430 2680 in
1479 2626 1854 2695 superioribus
1890 2641 2129 2696 pratsup-

557 2718 734 2784 posita
765 2715 1005 2778 fuerunt,
1043 2715 1208 2786 hujus
1243 2716 1680 2770 incunvenientis
1712 2716 1912 2769 solutio
1953 2723 2123 2784 patet.

557 2803 670 2859 Nec
701 2805 862 2859 habet
883 2807 1152 2875 quispiam
1177 2807 1410 2875 amplius
1438 2819 1697 2860 accusare
1719 2805 1963 2869 Latinos,
1986 2807 2132 2873 quod

557 2894 934 2950 confusionem
987 2895 1338 2950 introducant
1383 2909 1758 2964 personarum.
1811 2895 1882 2949 De
1911 2895 2128 2948 duabus

558 3001 691 3040 vero
721 2988 919 3051 causis,
956 2976 1069 3041 sive
1099 2987 1311 3042 duobus
1343 2985 1645 3056 principiis,
1676 2999 1795 3055 qua!
1824 2985 1876 3040 in
1917 2986 2127 3040 theolo-

559 3078 702 3133 Bfam
731 3077 911 3132 Latini
945 3077 1296 3132 introducere
1327 3077 1543 3146 quidam
1577 3085 1883 3142 autumant,
1914 3077 2127 3146 hocque

563 3170 956 3225 inconveniens
994 3169 1164 3240 magis
1191 3184 1286 3223 eos
1319 3170 1492 3238 sequi.
1535 3184 1695 3237 quam
1730 3169 1978 3221 umbram
2010 3183 2134 3222 cor-
2163 3179 2206 3236 ο

561 3275 694 3330 pora
728 3268 923 3328 putant
956 3277 968 3312 :
1005 3259 1132 3326 quid
1165 3258 1687 3326 dicemus?Nempe
1715 3257 1818 3311 h‘oc
1856 3257 1910 3310 in
1946 3257 2134 3326 primis

563 3352 858 3406 dicendum
883 3359 984 3415 est,
1013 3350 1157 3420 quod
1190 3350 1305 3419 ipsa
1335 3351 1446 3404 sola
1478 3350 1776 3404 auctoritas
1816 3357 2128 3403 sanctorum

565 3443 797 3498 Sufﬁciat
827 3443 1080 3498 fidelibus
1128 3456 1354 3498 necesse
1383 3452 1466 3496 est
1495 3460 1507 3494 :
1536 3441 1627 3511 qui
1661 3449 1951 3508 utrumque
1979 3439 2133 3492 dixe-
2167 3473 2171 3478 -

567 3543 714 3598 runt,
739 3544 792 3589 et
825 3533 971 3602 quod
995 3534 1231 3603 Spiritus
1263 3553 1289 3588 a
1326 3532 1770 3602 Patre‘procc‘tlit
1815 3541 1870 3584 et
1897 3529 2051 3592 Filio,
2083 3541 2138 3584 et

566 3630 714 3701 quod
755 3640 1012 3699 tanquam
1051 3628 1118 3682 ab
1168 3643 1277 3682 uno
1324 3627 1619 3698 principio.
1668 3627 1785 3681 Non
1833 3624 1978 3679 enim
2027 3623 2136 3676 duo

567 3720 833 3789 principia
887 3719 1122 3788 Spiritus
1171 3726 1298 3771 sunt
1373 3719 1532 3772 Pater
1583 3727 1638 3771 et
1711 3713 1899 3777 Filius,
1959 3713 2138 3782 inquit

567 3809 928 3879 Augustinus,
963 3806 1055 3860 sed
1085 3821 1254 3859 unum
1275 3805 1396 3873 ejus
1423 3803 1582 3858 ambo
1610 3801 1942 3872 principium
1969 3806 2094 3852 sunt
2119 3812 2134 3862 ;

569 3898 1030 3970 quemadmodum
1085 3909 1350 3951 creaturae
1402 3909 1510 3948 non
1559 3893 1661 3947 tria
1702 3890 1990 3962 principia,
2042 3887 2138 3942 sed

571 4007 740 4046 unum
775 3999 905 4045 sunt
934 3991 1122 4055 Pater,
1161 3997 1218 4043 et
1248 3987 1441 4051 Filius,
1474 3985 1712 4055 Spiritus
1751 3991 1993 4044 sanctus,
2025 3979 2138 4048 ipsa

574 4083 817 4139 Trinitas
847 4081 1009 4136 Deus.
1043 4081 1214 4146 Quam
1261 4079 1425 4147 igitur
1457 4077 1655 4144 aliquis
1682 4075 1780 4128 hac
1811 4072 2136 4147 apertiorem

574 4183 783 4246 quaerat
830 4174 1186 4236 solutionem,
1248 4183 1411 4237 quam
1475 4166 1716 4234 Spiritus
1772 4171 1992 4217 sanctus
2043 4175 2140 4231 per

574 4271 740 4341 hujus
771 4266 1097 4324 sanctissimi
1131 4263 1305 4318 Patris
1327 4277 1390 4318 os
1441 4270 1494 4316 et
1519 4257 1761 4316 doctoris
1786 4247 2135 4311 locutus‘est.

543 4362 692 4418 -Non
731 4362 875 4416 enim
907 4359 1076 4413 lateat
1099 4372 1198 4411 nos
1227 4356 1370 4426 quod
1401 4353 1547 4409 idem
1586 4349 1972 4407 inconveniens
1997 4347 2138 4402 mul-
2207 4409 2214 4411 _

579 4462 759 4506 torum
788 4447 1042 4503 videlicet
1065 4446 1482 4516 principiorum,
1507 4451 1560 4496 et
1587 4439 1883 4495 multorum
1912 4437 2139 4492 deorum

2207 617 2431 660 sanctus
2463 623 2561 659 nec
2589 606 2810 661 creandi
2845 606 3146 675 potentiam
3188 607 3477 672 haberent,
3527 625 3632 664 nec
3668 626 3776 664 om-

2207 695 2337 750 nino
2360 709 2564 761 essent,
2613 698 2740 751 item
2769 699 3028 766 quoniam
3055 712 3162 752 una
3199 706 3255 753 et.
3305 699 3500 754 eadem
3533 716 3771 762 numero,

2211 795 2264 839 et
2310 789 2588 841 communi
2637 789 2945 855 divinitate,
2997 789 3110 844 sive
3146 789 3329 844 divina
3379 791 3616 845 essentia
3653 806 3777 860 pro-

2208 875 2448 931 deunte:
2484 878 2606 930 ideo
2630 878 2823 931 merito
2848 893 2986 932 imus
3006 880 3146 933 Deus
3163 888 3217 935 et
3236 895 3374 933 unus
3395 879 3623 934 Creator
3637 888 3780 935 sunt.

2279 967 2411 1020 Item
2459 981 2714 1034 quoniam
2754 983 2858 1020 una
2919 978 2975 1022 et
3015 969 3206 1022 eadem
3255 983 3487 1023 numero
3535 971 3772 1038 potentia

2208 1063 2327 1109 erat
2357 1070 2481 1109 cum
2510 1056 2667 1109 Patre
2700 1074 2711 1118 ;
2745 1054 2914 1109 Filius
2973 1067 3026 1111 et
3061 1056 3300 1126 Spiritus
3331 1067 3550 1113 sanctus
3579 1074 3649 1113 ex
3679 1074 3781 1113 una

2210 1154 2265 1200 et
2293 1145 2492 1199 eadem
2529 1158 2759 1198 numero
2787 1152 2848 1197 et
2888 1146 3169 1200 communi
3214 1147 3524 1214 divinitate,
3556 1148 3676 1202 sive
3708 1147 3787 1203 di-

2211 1237 2335 1290 vina
2376 1236 2616 1290 essentia
2649 1235 2955 1304 prodeunte
2989 1252 3004 1290 :
3037 1237 3161 1290 ideo
3210 1237 3406 1292 merito
3437 1253 3577 1293 unus
3622 1239 3788 1304 Dens,

2210 1335 2266 1380 et
2293 1339 2437 1378 unus
2472 1324 2700 1380 Creator
2727 1336 2878 1381 sunt.
2919 1327 3034 1382 [ioc
3065 1327 3208 1382 idem
3253 1330 3422 1398 igitur
3458 1328 3526 1384 de
3569 1344 3792 1399 proces-

2211 1416 2366 1470 sione
2395 1415 2632 1486 Spiritus
2657 1432 2724 1470 ex
2770 1418 2932 1471 Patre
2996 1427 3052 1473 et
3096 1418 3235 1473 Filio
3271 1420 3546 1475 sufﬁciens
3583 1421 3654 1474 sit
3685 1421 3796 1476 illis

2212 1507 2306 1576 qni
2349 1510 2416 1562 de
2447 1509 2549 1563 hoc
2577 1517 2846 1578 quarunt.
2880 1507 3146 1575 Quoniam
3179 1509 3382 1564 etenim
3424 1525 3554 1575 una,
3606 1519 3663 1566 et
3700 1526 3796 1566 ea-

2215 1597 2337 1651 dem
2374 1598 2616 1667 spirandi
2655 1599 2896 1667 potentia
2944 1613 3012 1652 ex
3065 1614 3173 1652 una
3218 1607 3272 1652 et
3318 1600 3512 1653 eadem
3555 1599 3795 1654 essentia

2216 1691 2523 1761 prodeunte
2579 1689 2741 1744 Pater
2785 1699 2840 1745 et
2883 1688 3054 1744 Filius
3085 1689 3349 1756 Spiritum
3399 1701 3648 1744 sanctum
3685 1690 3800 1760 apio

2217 1788 2342 1835 rant
2372 1796 2387 1833 :
2413 1789 2468 1834 et
2488 1781 2748 1848 quoniam
2779 1795 2807 1834 a
2837 1781 2998 1834 Patre
3025 1781 3168 1834 hanc
3201 1780 3443 1850 Spirandi
3482 1781 3788 1849 potentiam

2145 1857 2188 1916 Β
2225 1869 2397 1923 Filius
2448 1871 2635 1934 habet,
2689 1871 2814 1926 ideo
2861 1886 3006 1925 unus
3062 1872 3321 1940 spirator,
3373 1886 3479 1925 una
3522 1887 3688 1926 causa
3738 1880 3798 1928 et

2229 1974 2396 2013 unum
2433 1961 2766 2030 principium
2800 1963 3164 2028 processionis
3197 1962 3435 2031 Spiritus
3458 1962 3618 2016 ambo
3651 1971 3800 2016 sunt.

2231 2051 2353 2106 Haec
2388 2053 2551 2115 igitur
2590 2063 2649 2105 ut
2701 2050 2907 2106 dictum
2944 2062 3029 2107 est
3077 2051 3395 2107 snliicerent
3428 2067 3537 2106 non
3571 2062 3798 2106 conten-

2228 2141 2491 2197 dentibus
2547 2153 2771 2211 prOpter
2831 2143 3121 2197 doctorum
3187 2144 3602 2208 auctoritatem,
3651 2141 3800 2198 idem

2231 2241 2412 2288 tamen
2466 2234 2678 2288 ratione
2729 2248 2945 2304 quoque
2981 2235 3280 2304 probatur;
3330 2249 3454 2288 cum
3498 2236 3646 2288 enim
3694 2233 3807 2287 duo

2231 2325 2362 2390 sint,
2384 2324 2449 2378 ad
2478 2339 2598 2394 qua:
2620 2339 2779 2378 omne
2802 2325 3130 2394 productum
3165 2323 3424 2387 refertur,
3452 2324 3623 2378 forma
3651 2323 3806 2377 vide—

2229 2416 2378 2482 licet,
2427 2417 2726 2470 secundum
2763 2431 2926 2486 quam
2961 2417 3305 2486 producitur,
3365 2425 3421 2469 et
3464 2415 3806 2484 suppositum

2231 2517 2327 2560 ant
2360 2521 2610 2575 persona,
2645 2521 2712 2561 ex
2745 2522 2872 2576 qua,
2945 2508 2988 2562 si
3029 2507 3195 2562 Pater
3229 2517 3282 2562 et
3321 2505 3513 2568 Filius,
3547 2505 3810 2575 quemad-

2233 2597 2461 2652 modum
2516 2600 2622 2651 duo
2671 2611 2800 2652 sunt
2847 2598 3149 2654 secundum
3211 2580 3498 2665 personas,
3541 2597 3585 2651 si
3637 2597 3709 2648 ita
3755 2587 3812 2649 ιε*

2235 2690 2430 2755 forma,
2481 2691 2780 2743 secundum
2835 2705 2996 2759 quam
3050 2689 3395 2760 producunt,
3445 2687 3554 2741 duo
3602 2694 3811 2750 essent,

2237 2787 2370 2833 tunc
2399 2780 2715 2834 necessario
2746 2779 2855 2833 duo
2884 2787 3066 2834 essent
3097 2779 3362 2848 principia
3391 2777 3650 2846 Spiritus,
3685 2792 3810 2831 cum

2235 2885 2367 2925 vero
2413 2872 2530 2925 et-si-
2559 2871 2808 2940 personis
2840 2871 2994 2925 duos
3033 2885 3157 2926 esse
3195 2857 3485 2933 fateamur,
3522 2868 3696 2922 forma
3739 2875 3817 2920 ta-

2239 2980 2389 3030 men,
2424 2979 2529 3033 qua
2549 2965 2867 3034 producunt
2891 2979 3058 3018 unum
3082 2976 3314 3018 numero
3343 2963 3474 3027 sint,
3505 2971 3560 3014 et
3587 2961 3818 3014 omnino

2238 3054 2541 3108 in-distincti
2587 3054 2690 3125 (est
2733 3056 2878 3108 enim
2924 3055 3037 3123 ipsa
3076 3053 3260 3108 divina
3291 3051 3527 3106 essentia
3576 3066 3682 3104 una
3759 3058 3819 3105 et

2239 3146 2430 3202 eadem
2487 3160 2718 3201 numero
2777 3145 3086 3200 communis
3144 3143 3448 3208 ambobus,
3507 3141 3818 3196 secundum

2242 3254 2403 3309 quam
2432 3239 2592 3294 ambo
2624 3237 2884 3308 Spiritum
2915 3235 3270 3306 producunt),
3315 3249 3421 3288 non
3454 3244 3533 3288 est
3572 3247 3817 3287 necesse:

2247 3331 2356 3385 imo
2421 3330 2762 3400 impossibile
2807 3338 2908 3394 est,
2961 3327 3069 3382 duo
3125 3327 3396 3397 principia
3455 3325 3663 3380 dicere.
3722 3324 3824 3378 Est.

2244 3422 2449 3476 etenim
2484 3437 2588 3474 una
2621 3435 2852 3474 numero
2879 3418 3184 3474 cssentialis
3214 3417 3390 3471 activa
3422 3415 3670 3484 spiratio,
3697 3429 3821 3483 quas

2245 3530 2368 3568 cum
2406 3514 2485 3569 eis
2521 3512 2743 3582 prepria
2783 3512 2875 3575 sit,
2911 3527 3016 3563 non
3061 3517 3245 3579 potest
3288 3519 3464 3562 tamen
3506 3521 3627 3560 esse
3671 3520 3819 3560 com-

2245 3605 2428 3660 munis
2475 3603 2702 3673 Spiritui
2753 3615 2964 3667 sancto,
3000 3617 3064 3656 eo
3097 3601 3241 3671 quod
3277 3608 3337 3652 ut
3372 3599 3572 3668 saepius
3613 3597 3820 3651 dictum

2243 3706 2327 3752 est
2362 3696 2658 3766 opponitur
2703 3696 2821 3765 ejus
2853 3693 3195 3764 proprietati.
3228 3691 3420 3747 Omnia
3457 3692 3603 3745 enim
3635 3705 3824 3744 essen-

2251 3790 2397 3844 tialia
2424 3787 2737 3843 communia
2765 3775 2904 3840 Filio
2937 3795 2991 3841 et
3047 3786 3275 3854 Spiritui
3305 3792 3492 3839 sancto
3516 3799 3637 3838 cum
3664 3783 3827 3837 Patre

2244 3892 2396 3949 sunt,
2441 3881 2607 3935 salvis
2655 3889 2834 3934 tamen
2884 3893 3076 3932 eorum
3127 3875 3580 3946 prep:ietatibus.
3627 3872 3826 3928 Omnia

2245 3973 2390 4028 enim
2437 3981 2524 4026 est
2572 3969 2743 4024 Filius
2779 3981 3116 4036 quaecunque
3157 3976 3212 4020 et
3261 3965 3458 4028 Pater,
3509 3962 3742 4016 Basilius
3769 3970 3832 4014 et

2246 4064 2427 4121 caeteri
2445 4063 2697 4119 doctores
2717 4062 2890 4125 aiunt,
2915 4072 3148 4113 manens
3171 4058 3315 4111 in'co
3343 4054 3485 4124 quod
3519 4063 3603 4107 est
3630 4051 3828 4118 Filius,

2247 4156 2510 4211 videlicet
2569 4155 2620 4208 in
2678 4153 2796 4222 ejus
2847 4151 3205 4222 proprietate.
3257 4148 3576 4215 Quanquam
3621 4144 3829 4198 etenim

2247 4245 2473 4316 a'qnalis
2529 4253 2582 4298 et
2626 4242 2820 4297 similis
2862 4241 2937 4295 sit
2985 4239 3156 4302 Patri,
3217 4249 3485 4306 generare
3535 4245 3719 4286 tamen
3769 4246 3832 4286 se

2249 4339 2427 4407 ipsum
2479 4349 2588 4389 non
2629 4341 2830 4403 potest,
2867 4345 2990 4384 cum
3031 4330 3101 4384 sit
3132 4329 3250 4398 ejus
3284 4325 3600 4396 proprietati
3654 4337 3834 4391 oppu-

2215 4471 2217 4473 .
2254 4444 2445 4500 gnans.
2489 4425 2694 4482 Eodem
2746 4424 2906 4477 modo
2943 4421 3182 4490 Spiritus
3210 4433 3447 4487 quoque,
3492 4416 3594 4470 etsi
3645 4413 3831 4468 omnia

579 4541 634 4596 in
665 4539 1027 4610 productione
1058 4537 1222 4592 etiam
1256 4548 1519 4590 creatura:
1551 4541 1894 4600 sequeretur.
1932 4529 1990 4582 Si
2021 4528 2145 4596 quis
2173 4519 2219 4578 D
2247 4519 2554 4576 communia
2582 4516 2745 4569 habet
2769 4528 2892 4567 cum
2923 4511 3082 4566 Patre
3118 4517 3174 4562 et
3220 4506 3378 4571 Filio,
3407 4515 3596 4610 servet
3644 4514 3828 4558 tamen

580 4649 688 4687 non
737 4631 826 4701 pie
865 4630 1259 4692 consideraret,
1299 4627 1444 4698 quod
1490 4641 1518 4678 a
1565 4624 1670 4678 fide
1703 4622 2022 4679 Christiana
2068 4629 2155 4676 est

579 4724 838 4786 alienum,
888 4729 946 4777 et
995 4721 1326 4775 conveniens
1375 4716 1694 4788 gentilibus.
1734 4714 1846 4768 Hoc
1892 4713 2035 4766 enim
2071 4718 2156 4765 est

581 4813 649 4869 de
677 4827 785 4882 quo
815 4811 1047 4865 maxime
1077 4825 1178 4863 nos
1205 4807 1436 4879 gentiles
1461 4818 1806 4866 accusamus,
1833 4800 1980 4872 quod
2011 4800 2153 4854 mul-

583 4914 666 4958 tos
698 4903 953 4957 videlicet
983 4899 1406 4954 introducebant
1455 4897 1608 4958 deos,
1660 4893 1970 4961 multosque
1997 4905 2153 4944 crea-

581 5006 749 5050 tores.
781 4993 916 5049 Cum
949 4991 1114 5061 igitur
1163 5005 1265 5044 nos
1289 4989 1453 5042 etiam
1487 4997 1601 5040 tres
1643 4984 1858 5039 divinas
1901 4995 2160 5052 personas

583 5099 850 5144 creatura'
909 5098 1129 5141 causam
1189 5091 1244 5137 et
1289 5079 1619 5151 principium
1679 5077 2000 5137 credamus,
2061 5088 2162 5128 nos

582 5181 746 5236 etiam
777 5179 882 5234 hoc
912 5175 1305 5232 inconveniens
1337 5178 1685 5241 sequeretur,
1722 5175 1778 5222 et
1809 5165 1978 5219 multa
2013 5163 2162 5216 vide-

587 5287 773 5326 remur
806 5283 1009 5339 ponere
1050 5264 1341 5336 principia,
1377 5262 1685 5328 multasque
1719 5255 2066 5316 divinitates,
2115 5257 2160 5310 si

586 5363 711 5431 quis
741 5370 852 5414 non
878 5367 1023 5414 recte
1052 5355 1336 5424 intelligat.
1372 5351 1478 5406 Sed
1508 5349 1636 5404 audi
1671 5345 1949 5418 quomodo
1988 5342 2161 5398 sancti

587 5453 844 5505 doctores
877 5446 1284 5516 sapientissime
1323 5442 1428 5496 hoc
1457 5443 1698 5495 solvunt.
1731 5436 1865 5491 Nam
1907 5444 1962 5488 et
1991 5433 2036 5486 si
2067 5431 2166 5485 Pa-

593 5551 752 5604 trem,
800 5547 854 5592 et
907 5535 1127 5598 Filium,
1179 5542 1235 5586 et
1289 5530 1554 5597 Spiritum
1600 5536 1850 5582 sanctum
1899 5530 2166 5576 creatura:

589 5644 808 5684 causam
834 5642 953 5681 esse
979 5625 1308 5680 credamus:
1339 5620 1600 5692 quoniam
1635 5626 1815 5671 tamen
1853 5611 1919 5667 ad
1952 5611 2166 5664 Patrem

593 5720 780 5773 omnia
821 5719 1160 5778 referuntur,
1190 5724 1245 5770 et
1277 5714 1404 5782 quia
1443 5711 1512 5765 ab
1544 5726 1611 5765 eo
1652 5707 1858 5762 habent
1901 5713 1956 5758 et
1995 5701 2168 5756 Filius

598 5817 659 5864 et
706 5807 942 5877 Spiritus
976 5817 1198 5864 sanctus
1257 5814 1312 5861 et
1347 5806 1528 5875 ipsum
1557 5816 1697 5869 esse,
1731 5809 1784 5857 et
1813 5796 2036 5857 creandi
2071 5811 2165 5867 ρον

2256 4614 2409 4667 suain
2460 4608 2848 4680 proprietatem
2896 4616 3124 4658 necesse
3169 4609 3254 4655 est
3299 4599 3470 4668 :quia
3519 4597 3730 4666 spirare
3771 4609 3833 4649 se

2257 4703 2433 4774 ipsum
2464 4707 2571 4754 non
2599 4706 2797 4768 potest,
2832 4709 2955 4750 cum
2988 4697 3090 4748 hoc
3123 4700 3400 4761 oppugnet
3423 4689 3543 4756 ejus
3575 4687 3833 4756 proprie-

2257 4795 2376 4850 tati.
2425 4792 2504 4846 Ex
2555 4790 2641 4844 his
2690 4787 2854 4857 igitur
2899 4783 3200 4839 clarissime
3243 4788 3390 4850 patet
3436 4777 3573 4832 falso
3604 4777 3837 4830 Latinos

2258 4883 2525 4946 accusari,
2557 4879 2702 4950 quod
2733 4877 2842 4932 duo
2879 4882 3086 4946 ponant
3120 4873 3174 4926 in
3205 4871 3494 4926 divinitate
3535 4867 3834 4936 principia.

2258 4977 2389 5031 Item
2425 4980 2518 5026 aut
2543 4970 2780 5040 perfecta
2811 4975 2915 5028 est,
2941 4967 3116 5026 aiunt,
3145 4979 3210 5018 ex
3246 4962 3402 5015 Patre
3441 4956 3752 5028 processio.
3779 4963 3835 5008 et

2260 5064 2546 5135 superfluit
2577 5061 2667 5114 illa
2707 5073 2826 5128 qua;
2857 5069 2922 5111 ex
2953 5053 3093 5108 Filio
3122 5059 3228 5115 est,
3265 5059 3360 5104 aut
3404 5049 3449 5102 si
3486 5048 3604 5110 hac
3644 5058 3835 5098 neces-

2260 5134 2399 5210 saria
2437 5163 2540 5218 est,
2583 5149 2905 5219 imperfecte
2937 5153 3014 5199 “ex
3060 5144 3217 5197 Patre
3259 5135 3524 5208 procedit.
3559 5134 3674 5188 lloc
3699 5146 3836 5185 vero

2265 5244 2660 5302 inconveniens
2685 5248 2790 5302 est,
2823 5235 3192 5305 imperfectam
3226 5230 3602 5298 operationem
3646 5224 3832 5276 dicere

2263 5335 2460 5400 Patris,
2485 5341 2542 5388 et
2564 5330 2631 5384 ad
2663 5342 2816 5384 suam
2847 5323 3241 5396 perfectionem
3280 5317 3419 5371 Filio
3450 5315 3712 5383 indigere.
3750 5310 3832 5364 Ad

2265 5443 2387 5500 quae
2422 5423 2844 5494 respondemus,
2892 5417 3017 5471 illos
3049 5414 3143 5484 qui
3183 5413 3298 5467 haec
3341 5411 3554 5471 dicunt,
3595 5404 3719 5458 ideo
3746 5417 3840 5456 ει·-

2268 5496 2408 5583 rare,
2469 5513 2599 5584 quia
2639 5510 2866 5566 omnino
2905 5507 3046 5560 duos
3092 5518 3216 5556 esse
3265 5508 3457 5570 putant
3505 5496 3843 5555 Patrem,ct

2267 5583 2499 5671 Filium,
2541 5613 2596 5659 et
2638 5589 2836 5657 eorum
2877 5597 3251 5666 Operationes,
3288 5587 3543 5645 humanis
3569 5583 3841 5650 exemplis

2271 5702 2622 5760 inhaerentes,
2641 5695 2768 5764 quia
2790 5691 2978 5745 vident
2999 5687 3232 5741 duorum
3257 5682 3538 5736 hominum
3562 5676 3700 5729 duas
3717 5686 3839 5727 esse

2274 5789 2616 5864 operationcs
2665 5798 2912 5849 numero,
2960 5781 3061 5837 etsi
3121 5778 3187 5834 ad
3215 5790 3383 5831 unum
3411 5774 3672 5829 eﬂcctum
3720 5776 3840 5821 ten-
