3990 6212
155 262 252 336 "lii

1105 261 1206 324 DE
1248 259 1772 324 PROCESS‘IONE
1808 257 2167 321 SPIRITUS
2209 257 2505 321 SANCTI.

3305 253 3444 325 1:2

168 383 301 444 dant,
335 388 386 435 el
411 378 700 434 distinctas
738 377 809 433 ab
837 375 1093 445 invicem,
1126 388 1325 448 putant
1350 379 1496 435 idem
1525 378 1746 434 contin-
1772 382 1818 436 Α
1844 375 1992 431 turis
2017 374 2462 431 connumerent?
2485 376 2787 443 prtescrtim
2816 391 2954 432 cum
3005 376 3197 432 nullus
3243 390 3435 433 eorum

164 488 277 546 gere
309 472 476 528 etiam
510 470 565 524 in
600 470 732 525 Deo.
754 468 917 535 Quod
948 469 1405 526 absurdissimum
1446 481 1551 525 est.
1582 470 1750 525 Nam-

164 579 256 635 que
293 563 459 619 Pater
490 571 553 618 et
585 561 758 616 Filius
791 562 1039 630 personis
1098 562 1446 617 solummodo
1474 560 1745 625 distincti,

164 658 213 710 in
240 657 456 709 caeteris
519 667 690 707 unum
735 664 792 707 et
830 653 975 707 idem
1008 663 1147 707 sunt
1190 671 1343 724 :quo
1386 654 1449 708 iit
1476 662 1539 707 ut
1575 645 1743 708 etiam

163 745 399 815 spirandi
430 750 732 815 potentiam
767 757 929 797 unam
1000 753 1057 799 et
1090 746 1339 800 eamdem
1372 760 1605 800 numero
1645 745 1747 799 ha-

163 839 337 899 beant,
365 846 422 890 et
448 833 612 890 simul
650 849 757 888 non
799 848 1076 896 seorsum,
1114 851 1217 890 nec
1252 835 1343 890 hic
1380 836 1559 906 prius,
1596 835 1740 890 alter

163 927 462 1000 posterius,
526 941 630 981 nec
662 927 751 981 hic
786 926 913 992 alia,
946 927 1085 981 alter
1108 927 1213 980 alia
1248 927 1553 997 spiratione
1573 930 1749 997 spirec

165 1020 445 1090 Spiritum,
480 1029 546 1074 nt
594 1019 629 1073 ii
680 1017 778 1086 qui
811 1018 1136 1086 corporales
1174 1018 1239 1095 'i‘n
1278 1020 1540 1073 omnibus
1585 1026 1741 1079 sunt,

163 1119 394 1181 putant;
433 1109 527 1164 sed
559 1109 726 1165 simul
752 1117 824 1163 -et
856 1110 1067 1179 absque
1100 1119 1347 1180 tempore
1383 1125 1492 1164 una
1520 1108 1745 1164 eadem-

162 1217 267 1273 que
311 1216 544 1257 numero
584 1201 885 1270 spiratione
932 1200 1177 1271 perfecte
1229 1201 1417 1265 ambo,
1460 1211 1530 1256 -et
1574 1215 1745 1271 supra

164 1311 380 1353 omnem
415 1295 812 1366 perfectionem
856 1310 983 1349 eum
1014 1294 1253 1364 spirent.
1305 1295 1544 1351 Necesse
1578 1296 1743 1350 enim

164 1394 246 1443 est
275 1385 465 1440 eadem
504 1384 669 1438 toties
712 1383 781 1437 ad
831 1397 930 1439 eos
962 1383 1095 1451 dici,
1124 1385 1219 1455 qui
1253 1387 1421 1441 toties
1451 1386 1745 1441 audientes

164 1490 276 1529 non
307 1472 672 1543 intelligunt;
711 1483 807 1528 aut
851 1473 984 1543 quid
1036 1475 1126 1528 isti
1168 1475 1374 1542 dicent,
1418 1476 1464 1530 si
1488 1476 1614 1545 quis
1648 1489 1746 1530 eos

164 1572 418 1619 econtra
468 1564 790 1634 interroget,
838 1565 883 1620 si
917 1565 1233 1634 perfectam
1285 1568 1517 1623 credunt
1538 1566 1744 1622 vmuudi

163 1672 224 1713 ex
265 1657 430 1713 Patre
461 1657 821 1725 creationem,
854 1674 922 1713 an
958 1661 1114 1714 non?
1153 1660 1210 1716 Si
1239 1662 1385 1716 enim
1418 1661 1741 1735 perfectam,

165 1759 334 1818 quare
368 1743 569 1802 Filium
603 1764 825 1819 quoque
855 1757 914 1805 et
949 1749 1214 1820 Spiritum
1249 1761 1532 1807 creatures
1560 1752 1742 1807 nomi—

168 1839 329 1892 nant?
354 1837 411 1893 Si
441 1853 577 1894 vero
602 1838 1004 1910 imperfectam,
1037 1851 1093 1897 et
1120 1841 1247 1897 ideo
1282 1843 1478 1898 Filium
1526 1854 1586 1900 et
1620 1844 1746 1916 Spi-

166 1930 332 1984 ritum
372 1930 525 1985 Patrl
557 1932 856 1997 associant,
892 1933 1250 1989 considerent
1274 1935 1408 2004 quid
1437 1936 1646 1991 dicant.
1677 1936 1747 1992 At

166 2020 406 2092 perfecta
439 2020 666 2091 quidem
698 2037 766 2077 ex
800 2023 961 2079 Patre
1001 2026 1189 2081 mundi
1219 2027 1449 2093 creatio,
1483 2044 1588 2084 una
1615 2044 1745 2085 vero

168 2116 467 2189 eademque
486 2132 720 2174 numero
745 2116 873 2173 Filii
923 2118 1242 2190 et'Spiritus
1258 2121 1598 2192 Operatioad
1628 2124 1747 2192 ejus

171 2208 506 2263 creationem
548 2219 656 2279 est,
706 2216 906 2265 etnon
938 2210 1051 2265 alia
1090 2211 1303 2277 Patris,
1349 2213 1456 2267 alia
1503 2213 1742 2281 horum;

173 2307 306 2354 tunc
335 2300 479 2354 enim
498 2300 785 2357 baberent
820 2302 1004 2357 locum
1035 2301 1157 2357 ba'c
1187 2303 1420 2374 puerilia
1451 2304 1641 2359 dubia.
1668 2305 1748 2361 ita

168 2391 336 2461 igitur
374 2403 431 2446 et
473 2392 532 2447 in
579 2396 867 2463 proposito
910 2394 1149 2462 perfecta
1197 2394 1447 2465 quidem,
1492 2404 1548 2450 ct
1579 2410 1750 2466 super

167 2497 386 2539 omnem
413 2485 810 2554 perfectionem
841 2495 929 2541 est
958 2485 1196 2556 Spiritus
1229 2501 1296 2543 ex
1329 2489 1491 2543 Patre
1522 2502 1747 2558 proces-

166 2575 253 2631 sio
280 2591 295 2628 :
320 2575 513 2629 eadem
558 2591 688 2633 vero
722 2562 790 2644 ἓει
835 2592 942 2634 una
962 2593 1208 2633 numero
1239 2593 1307 2633 ex
1357 2577 1500 2634 Filio
1528 2594 1748 2649 quoque

174 2665 427 2738 ejusdem
454 2666 690 2736 Spiritus
720 2668 949 2738 spiratio
971 2677 1078 2735 est,
1104 2682 1224 2723 non
1260 2668 1364 2725 alia
1396 2679 1453 2725 et
1485 2670 1611 2736 alia,
1644 2682 1749 2724 nec

164 2756 332 2811 aliter
363 2766 421 2812 et
461 2756 642 2820 aliter.
687 2774 790 2814 nec
825 2760 979 2829 prior
1009 2769 1065 2814 et
1111 2760 1408 2829 posterior,
1447 2761 1544 2816 sed
1583 2761 1750 2817 simul

166 2847 386 2913 eadem,
414 2858 471 2904 et
490 2850 749 2904 similiter
773 2865 898 2905 cum
933 2865 1040 2907 una
1067 2860 1125 2906 et
1157 2851 1348 2905 eadem
1384 2866 1615 2907 numero
1630 2852 1753 2922 spi-

166 2941 327 2996 randi
363 2941 612 3011 potentia
653 2943 919 3012 Spiritum
962 2944 1126 2999 ambo
1171 2944 1402 3013 spirant.
1451 2945 1517 3001 Et
1552 2947 1751 3000 nullus

1848 471 1942 541 qui
1975 486 2123 525 nunc
2160 470 2373 532 vivunt,
2402 469 2605 531 Latini,
2651 484 2754 525 nec
2799 470 2893 539 qui
2951 479 3074 540 post
3106 469 3437 525 divisionem

1852 570 1909 614 et
1934 561 2236 615 infaustum
2272 561 2571 631 inleiisque
2604 561 2738 617 illud
2770 562 3008 618 schisma
3059 561 3301 627 fuerunt,
3337 561 3443 616 hoc

1848 652 2029 722 primo
2076 652 2319 717 dixerit;
2370 654 2466 707 sed
2519 652 2597 706 illi
2645 654 2810 723 prisci
2858 653 3060 718 sancti,
3099 654 3176 709 illi
3226 653 3440 723 antiqui

1848 741 2122 802 doctores.
2157 742 2248 795 illa
2282 742 2588 797 luminaria
2634 759 2847 812 magna,
2875 759 3116 813 quorum
3165 760 3338 800 sonus
3381 746 3438 799 in

1848 849 2068 889 omnem
2102 844 2303 888 terram
2336 836 2524 893 exivit.
2548 844 2605 891 et
2629 835 2795 890 verba
2825 836 2877 888 in
2899 835 3043 891 lines
3069 836 3221 891 orbis
3254 845 3436 899 terrm,

1846 929 2053 996 quique
2086 942 2114 979 a
2156 926 2317 980 nobis
2341 937 2396 979 et
2434 926 2639 981 nostris
2688 933 2751 980 ut
2784 927 3042 996 praecipui
3096 927 3357 983 doctores
3385 937 3451 982 ct

1847 1017 2022 1071 sancti
2044 1017 2250 1070 merito
2280 1017 2645 1083 celebrantur,
2684 1017 2802 1072 hinc
2843 1018 3092 1087 exempla
3125 1026 3182 1073 et
3214 1018 3443 1073 invene—

1848 1107 1980 1169 rint,
2011 1116 2066 1161 et
2093 1108 2356 1161 dixerint.
2392 1107 2732 1176 Augustinus
2759 1107 2987 1171 etenim,
3021 1108 3117 1177 qui
3152 1108 3437 1175 profundi—

1850 1204 1958 1251 tate
1978 1198 2229 1253 scientiae
2258 1213 2455 1254 omnes
2482 1199 2784 1262 antecellit,
2821 1202 3109 1254 sanctitate
3137 1212 3197 1255 et
3222 1201 3449 1257 fervore

1847 1278 2134 1341 charitatis
2165 1288 2218 1340 in
2252 1288 2422 1342 Deum
2446 1289 2580 1345 ouili
2608 1290 2752 1343 cedit
2781 1306 2808 1344 .:
2842 1290 3183 1359 Augustinus
3215 1298 3319 1350 est.
3357 1291 3441 1342 in-

1848 1393 2035 1449 quam,
2066 1378 2159 1447 qui
2197 1380 2312 1435 haec
2345 1380 2552 1435 eisdem
2596 1382 2784 1436 verbis
2817 1381 2955 1437 dicit
2996 1382 3209 1436 Patrem
3236 1392 3299 1437 et
3348 1383 3441 1437 Fi-

1851 1472 1995 1526 lium
2075 1473 2286 1528 scilicet
2337 1474 2675 1543 principium
2727 1491 2852 1531 esse
2942 1475 3180 1545 Spiritus
3241 1477 3440 1531 sancti.

1848 1564 2322 1630 Quemadmodum
2375 1566 2620 1631 Patrem,
2671 1577 2728 1622 ct
2776 1568 3009 1634 Filium,
3050 1579 3115 1623 et
3170 1568 3438 1637 Spiritum

1847 1666 2096 1712 sanctum
2164 1673 2333 1711 unum
2392 1658 2722 1727 principium
2773 1666 3040 1714 creatura:
3098 1660 3435 1715 credendum

1851 1760 1956 1806 est.
1992 1753 2270 1807 Accusent
2298 1753 2345 1806 ii
2394 1751 2493 1822 qui
2518 1751 2685 1806 ‘facile
2718 1760 2917 1806 cuncta
2948 1751 3155 1806 audent
3177 1792 3193 1817 ,
3218 1762 3281 1805 et
3303 1752 3445 1807 bea-.

1854 1848 1968 1894 tum
2023 1841 2404 1905 Athanasium,
2441 1842 2538 1912 qui
2592 1842 2646 1896 in
2701 1842 2928 1912 Dialogo
2971 1841 3279 1897 Orthodoxi
3313 1858 3437 1897 cum

1853 1931 2063 1987 Ariano
2125 1932 2450 1987 dissimilem
2484 1934 2686 1988 Filium
2717 1934 2885 1999 Patri,
2920 1944 2977 1989 et
3004 1933 3268 2003 Spiritum
3298 1935 3443 1989 Filio

1852 2032 1909 2080 et
1935 2022 2081 2079 l‘atri
2110 2034 2369 2094 ponente,
2402 2025 2480 2080 ita
2505 2026 2643 2081 dicit
2674 2043 2690 2080 :
2722 2026 2815 2081 ﬁei
2847 2036 3046 2081 natura
3074 2041 3197 2084 cum
3228 2026 3356 2081 Filii
3383 2037 3443 2081 et

1857 2115 2095 2186 Spiritus
2126 2119 2299 2172 sancti
2344 2133 2509 2172 caiisa
2538 2126 2643 2181 est,
2682 2126 2797 2172 tum
2825 2119 3006 2173 omnis
3040 2127 3345 2183 creaturae;
3383 2127 3443 2172 et
3536 2176 3541 2182 _

1854 2209 2015 2264 simili
2042 2209 2275 2263 audacia
2303 2216 2397 2262 aut
2428 2209 2627 2269 Filium
2655 2220 2708 2263 ct
2736 2208 3003 2278 Spiritum
3031 2224 3155 2264 cum
3186 2221 3440 2265 creatura

1855 2308 2083 2371 ponant,
2112 2308 2205 2354 aut
2234 2306 2546 2353 creaturam
2603 2314 2729 2354 cum
2756 2300 2898 2354 Filio
2928 2309 2982 2353 et
3014 2299 3219 2368 Spiritu
3247 2311 3442 2355 sancto

1857 2402 1917 2447 ut
1948 2393 2117 2446 Deum
2160 2389 2364 2456 colant,
2406 2402 2468 2447 ut
2509 2392 2756 2444 eamdem
2794 2405 3029 2445 numero
3065 2405 3285 2443 causam
3316 2406 3441 2445 esse

1857 2485 1953 2540 Dei
1989 2484 2245 2540 videlicet
2270 2492 2326 2539 ct
2349 2492 2639 2547 creaturae,
2666 2492 2901 2538 sanctus
2928 2482 3125 2537 doctor
3154 2481 3431 2537 docuerit.

1860 2576 1967 2632 Sed
2012 2576 2126 2631 haec
2174 2575 2575 2647 impudentiam
2623 2583 2679 2632 et
2741 2574 3111 2645 ignorantium
3148 2572 3439 2626 hominum

1857 2675 2009 2722 sunt.
2058 2667 2273 2722 Etenim
2331 2683 2455 2722 cum
2514 2666 2993 2735 inconvenientiaj,
3041 2680 3163 2735 quae
3211 2663 3438 2734 quidam

1860 2766 2050 2815 contra
2071 2771 2528 2822 veram_nostram
2554 2760 2965 2815 conclusionem
2990 2760 3105 2814 suis
3130 2757 3441 2813 rationibus

1860 2852 2067 2909 inferre
2098 2853 2301 2920 solent,
2333 2854 2448 2907 haec
2481 2854 2825 2923 potissimum
2860 2852 3008 2918 sint;
3045 2861 3100 2906 et
3130 2852 3197 2905 ad
3239 2851 3354 2906 haec
3391 2850 3438 2904 si

1860 2960 1967 3015 qua
2001 2946 2106 3000 alia
2161 2953 2311 3011 sunt,
2360 2945 2719 2999 referantur:
2761 2952 2928 3014 patet,
2980 2943 3127 3013 quod
3176 2942 3287 2997 illis
3323 2943 3439 2998 Deo

170 3048 365 3090 rursus
394 3034 748 3105 blasphemiae
784 3036 913 3090 hinc
944 3036 1212 3092 rationem
1242 3048 1486 3102 accuset,
1519 3038 1744 3093 audiens
1771 3058 1815 3116 ο
1859 3038 2078 3107 favente
2125 3037 2460 3093 sullicienter
2510 3037 2739 3102 solutis,
2802 3046 2998 3091 caetera
3046 3038 3213 3092 etiam
3269 3036 3435 3090 simul

170 3143 372 3191 nosex
415 3136 671 3183 creatura
713 3136 1028 3199 arguentes.
1066 3129 1134 3184 Et
1175 3129 1302 3184 ideo
1337 3140 1494 3199 putet
1524 3130 1752 3189 Latinos

172 3222 434 3292 Spiritum
469 3230 722 3277 sanctum
750 3224 894 3277 inter
923 3231 1207 3279 creaturas
1240 3236 1487 3293 ponere;
1526 3223 1753 3279 fuerunt

172 3313 480 3379 etenim,‘et
514 3325 663 3380 sunt,
704 3314 799 3384 qui
840 3315 896 3368 in
926 3314 1071 3370 hanc
1100 3308 1265 3370 etiam
1298 3315 1637 3385 proterviam
1695 3324 1752 3370 et

174 3406 437 3460 insaniam
463 3404 826 3471 devenerunt,
857 3415 916 3460 ut
941 3406 1049 3461 hoc
1073 3420 1292 3476 quoque
1325 3405 1539 3459 Latinis
1569 3408 1750 3475 impu-

178 3503 287 3549 tare
318 3496 609 3550 auderent.
636 3494 762 3552 llaec
786 3498 935 3551 enim
971 3505 1068 3550 aut
1094 3498 1414 3563 stultorum,
1448 3504 1543 3551 aut
1574 3496 1748 3569 jocari

176 3581 470 3636 volentium
507 3590 677 3649 sunt;
718 3592 813 3638 aut
840 3584 1059 3639 illorum
1103 3586 1198 3655 qui
1234 3586 1494 3656 ignorant
1524 3597 1747 3641 sanctos

178 3669 360 3726 Patres
387 3666 443 3727 et
468 3671 726 3728 doctores
768 3675 1033 3741 saepius'a
1057 3684 1308 3729 creatura
1345 3684 1402 3730 et
1463 3676 1743 3730 sensibili-

176 3763 277 3818 bus
295 3765 564 3836 exemplis
592 3765 1030 3820 manuducentes
1058 3781 1157 3822 nos
1189 3767 1255 3822 ad
1284 3768 1622 3825 credendum
1657 3783 1747 3824 res

175 3856 576 3913 imellectuales
621 3866 677 3912 et
719 3857 1025 3913 invisibiles
1070 3867 1238 3928 atque
1270 3859 1510 3926 divinas,
1548 3859 1619 3914 ab
1662 3861 1745 3916 eis

174 3961 291 4016 qua:
314 3957 373 4001 et
395 3946 534 4002 exile
566 3947 856 4017 vestigium
887 3948 1084 4003 divinae
1113 3948 1490 4004 similitudinis
1516 3950 1739 4015 habent,

175 4041 263 4094 illa
294 4040 597 4109 probantes
618 4053 717 4108 pro
740 4054 922 4108 posse.
948 4039 1277 4096 Trinitatem
1314 4044 1517 4096 etenim
1550 4057 1743 4110 perso-
1774 4054 1775 4057 ‘

175 4146 369 4185 narum
413 4129 724 4184 Orientales
776 4130 1026 4200 quidem,
1079 4132 1387 4199 intellectu,
1456 4135 1631 4190 verbo
1687 4147 1742 4191 et

176 4225 570 4293 spiritu;item
608 4226 805 4297 oculo,
824 4226 973 4280 fonte
1016 4226 1316 4291 et-lluvio;
1360 4243 1552 4282 rursus
1596 4229 1733 4295 sole,

177 4316 333 4371 radio
370 4324 428 4370 et
472 4315 596 4370 luce
636 4315 1072 4372 :Occidentales
1111 4332 1249 4370 vero
1298 4316 1420 4371 aliis
1467 4318 1743 4373 similibus

180 4408 467 4465 ostendere
491 4415 787 4465 conantur.
813 4406 1071 4472 Quamvis
1094 4408 1523 4478 unumquodque
1540 4422 1739 4461 eorum
1778 4394 1843 4449 D-

178 4499 550 4567 exemplorum
583 4498 687 4552 etsi
747 4498 958 4551 ratione
986 4498 1088 4551 tria
1119 4498 1250 4563 sint,
1289 4515 1396 4553 una
1434 4510 1613 4552 tamen
1652 4497 1742 4564 hy-

183 4593 410 4661 postasis
456 4592 572 4644 sive
604 4590 911 4644 substantia
945 4590 1166 4644 realiter
1198 4602 1301 4645 est.
1345 4592 1533 4645 Patres
1559 4606 1742 4646 tamen

182 4702 285 4739 non
326 4691 594 4754 putarunt
631 4693 921 4752 propterea
957 4684 1294 4752 propositam
1338 4684 1623 4737 veritatem
1662 4685 1749 4739 of-

182 4777 426 4841 fendere,
458 4778 555 4832 sed
584 4785 851 4846 quantum
882 4775 1172 4831 intentioni
1216 4790 1406 4831 eorum
1450 4777 1748 4831 convenie-

183 4869 271 4923 bat
299 4884 365 4925 ex
397 4868 465 4924 iis
483 4869 752 4938 exemplis
771 4868 1126 4938 accipientes,
1157 4868 1457 4937 reliquum,
1485 4882 1744 4938 tanquam

190 4962 422 5016 alienum
462 4977 495 5017 a
526 4963 782 5025 veritate,
828 4960 1187 5031 repellebant.
1223 4960 1290 5015 Et
1317 4975 1479 5014 nemo
1508 4976 1605 5017 eos
1647 4976 1749 5016 nec

191 5056 462 5108 accusavit
485 5070 587 5109 nec
617 5053 922 5119 accusabit,
947 5053 1124 5107 donec
1163 5053 1362 5107 mentis
1388 5067 1612 5122 compos
1642 5064 1744 5120 est,

197 5146 382 5201 talibus
419 5146 567 5216 quod
597 5147 682 5200 usi
714 5146 922 5200 fuerint
944 5144 1230 5215 exemplis.
1255 5146 1551 5214 Quomodo
1580 5149 1750 5217 igitur

202 5236 406 5295 Latinos
442 5250 589 5294 recte
646 5239 772 5310 quis
818 5239 1122 5304 accusabit,
1158 5239 1202 5295 si
1237 5241 1301 5295 ad
1344 5238 1749 5295 oswndendam

203 5341 345 5382 unam
370 5330 728 5397 eamdemque
755 5343 985 5385 numero
1013 5344 1135 5385 esse
1158 5329 1469 5398 spiralivam
1493 5330 1549 5384 in
1588 5329 1752 5385 Patre

199 5426 246 5471 et
262 5418 393 5476 Filio
411 5426 737 5494 potentiam,
759 5431 983 5477 utantur
997 5421 1246 5492 exemplo
1267 5421 1335 5477 ab
1351 5421 1608 5495 omnibus
1624 5437 1757 5478 con-

201 5527 357 5584 cesso,
400 5533 509 5571 una
560 5517 860 5586 eademque
907 5531 1138 5571 numero
1178 5531 1209 5571 a
1235 5515 1503 5570 Trinitate
1542 5518 1751 5571 entiam

202 5607 504 5665 creatione?
541 5617 637 5661 aut
666 5607 942 5678 quomodo
974 5620 1270 5678 pr0pterea
1300 5608 1626 5663 calumniari
1655 5625 1754 5665 eos

199 5699 377 5771 aliquis
410 5700 657 5768 audebit,
677 5699 823 5771 quod
857 5698 1124 5771 Spiritum
1153 5708 1404 5760 sanctum
1439 5715 1565 5758 cum
1599 5717 1752 5760 crea~

1857 3137 2142 3194 corruunt,
2173 3138 2229 3184 et
2256 3142 2379 3198 qua;
2416 3128 2482 3183 ad
2525 3127 2641 3183 haec
2673 3128 2819 3209 dicta
2863 3137 3016 3193 sunt,
3060 3138 3117 3184 et
3150 3128 3216 3182 ad
3249 3129 3435 3183 omnia

1854 3220 2025 3274 etiam
2061 3220 2151 3274 illa
2188 3220 2487 3275 sutiiciunt.

1857 3352 2128 3424 Expositio
2162 3355 2540 3425 auctoritatem
2583 3354 2855 3408 doctorum
2897 3356 3272 3422 quorumdam,
3314 3372 3433 3425 qua:

2156 3421 2365 3477 Latinis
2399 3426 2682 3477 contraria:
2711 3440 2820 3477 esse
2855 3421 3119 3477 videntur.

1919 3513 2193 3570 Caeterum
2242 3523 2411 3569 restat
2457 3515 2808 3569 considerare
2852 3531 2976 3585 quae
3025 3532 3053 3569 a
3106 3518 3432 3586 quihusdam

1850 3606 2275 3661 auctoritatibus
2306 3606 2593 3660 doctorum
2627 3606 2918 3681 oppasitis,
2964 3616 3024 3659 ut
3068 3608 3433 3674 arbitrantur,

1849 3697 2061 3751 Latinis
2083 3707 2136 3750 et
2162 3697 2326 3767 hujus
2349 3697 2622 3767 dogmatis
2646 3680 2864 3752 veritati
2894 3709 3153 3768 arguunt,
3181 3709 3435 3768 putantes

1849 3787 2343 3841 contradictionem
2390 3802 2453 3841 ex
2497 3789 2577 3841 eis
2624 3786 3002 3842 concludere:
3035 3800 3268 3858 quarum
3324 3804 3433 3843 una

1847 3880 2070 3950 quidem
2113 3889 2197 3933 est
2240 3878 2353 3939 illa,
2396 3894 2559 3948 quam
2598 3878 2654 3932 in
2701 3878 3057 3948 Theologicis
3093 3881 3209 3933 suis
3238 3881 3432 3935 beatus

1844 3968 2087 4028 Joannes
2128 3972 2499 4026 Damascenus
2541 3970 2619 4023 ait
2649 3986 2665 4029 :
2704 3968 2977 4039 Spiritum
3011 3970 3136 4025 Filii
3170 3971 3432 4049 dicimus,

1844 4075 1910 4115 ex
1941 4060 2082 4114 Filio
2100 4074 2239 4115 vero
2274 4073 2384 4113 non
2416 4058 2672 4137 dicimus.
2712 4058 2895 4113 Altera
2925 4074 3057 4112 vero
3094 4056 3431 4116 sanctissimi

1846 4151 2092 4220 Dionysii
2120 4148 2481 4220 Areopagitas,
2532 4150 2586 4203 in
2626 4147 2768 4203 libro
2806 4147 2879 4201 De
2900 4148 3093 4202 divinis
3129 4151 3427 4205 nominibus

1844 4240 2075 4296 dicentis
2109 4240 2312 4296 :Soius
2359 4241 2482 4294 fons
2515 4239 2839 4303 divinitatis,
2885 4240 2976 4310 qui
3012 4256 3173 4309 supra
3212 4256 3429 4297 omnem

1845 4332 2214 4387 substantiam
2244 4341 2351 4397 est,
2385 4331 2546 4385 Pater
2602 4340 2707 4386 est.
2753 4331 2886 4385 Nam
2920 4333 3021 4386 etsi
3069 4334 3266 4402 aliqua:
3305 4334 3428 4390 alia:

1847 4425 2219 4494 reperiantur,
2255 4424 2503 4494 eju~dem
2539 4433 2720 4478 tamen
2771 4425 3056 4478 sententia:
3086 4435 3234 4489 sunt,
3268 4435 3323 4479 ct
3363 4426 3429 4480 ad

1848 4516 1964 4570 [nec
1993 4524 2251 4584 tanquam
2301 4514 2585 4584 potissima
2628 4523 2684 4569 et
2723 4528 2846 4583 qum
2883 4515 3141 4569 videntur
3170 4531 3430 4586 expresse

1847 4605 2057 4660 Latinis
2086 4620 2205 4660 esse
2229 4604 2527 4668 contraria,
2554 4604 2893 4658 referuntur.
2926 4604 3001 4657 De
3042 4604 3108 4658 iis
3136 4621 3269 4672 ergo
3294 4607 3420 4660 dua-

1846 4698 1951 4752 bus
1987 4697 2253 4764 duntaxat
2298 4695 2759 4770 considerandum
2813 4704 2916 4750 est.
2963 4695 3045 4749 Ad
3094 4697 3227 4751 illud
3274 4716 3426 4768 urg»,

1847 4786 1994 4861 quod
2025 4787 2265 4843 Joannes
2302 4787 2669 4840 Damascenus
2716 4787 2811 4849 ait,
2858 4785 2986 4839 audi
3024 4803 3185 4855 quam
3222 4790 3433 4858 simpli~

1849 4883 2012 4940 citer,
2043 4894 2204 4948 quam
2233 4879 2402 4950 juste,
2437 4893 2713 4947 quamque
2744 4876 3080 4931 sumcicntcr
3111 4878 3177 4931 ad
3211 4895 3431 4948 persuae

1851 4973 2092 5028 dendum
2143 4986 2243 5040 pro
2308 4969 2517 5023 Latinis
2571 4977 2627 5023 et
2671 4982 2861 5021 eorum
2919 4968 3177 5036 Opinione
3234 4971 3430 5023 conﬁr-

1852 5064 2047 5119 manda
2081 5059 2562 5131 respondebimus.
2600 5058 2822 5112 Nullum
2860 5059 3099 5114 dicimus
3128 5074 3321 5114 nomen
3354 5062 3428 5116 ita

1852 5155 2132 5210 sullicicns
2162 5166 2305 5215 csse,
2335 5160 2392 5204 ut
2416 5165 2584 5204 unum
2610 5150 2787 5203 solum
2817 5151 2986 5218 possit
3011 5153 3236 5218 pnec‘se
3260 5151 3428 5221 signi-

1854 5246 2038 5307 ficare,
2081 5250 2228 5311 quod
2262 5242 2316 5295 in
2347 5242 2549 5295 divinis
2579 5241 2888 5309 exprimere
2923 5242 3196 5307 volumus,
3229 5255 3342 5311 quo
3370 5240 3432 5296 lit

1856 5345 1916 5392 ut
1945 5335 2133 5390 multis
2162 5343 2218 5388 et
2238 5331 2472 5387 diversis
2499 5333 2672 5386 altero
2703 5346 2888 5397 unam,
2919 5333 3091 5385 altero
3112 5331 3273 5386 aliam
3309 5345 3427 5385 rem

1856 5441 1958 5481 nec
2006 5435 2137 5481 tunc
2182 5422 2451 5503 complete
2498 5421 2886 5492 signiﬁcemus.
2936 5422 3071 5476 Cum
3124 5421 3269 5476 enim
3311 5420 3430 5479 haec

1858 5519 2083 5573 nomina
2115 5526 2172 5571 et
2198 5515 2366 5569 verba
2398 5529 2427 5568 a
2464 5515 2629 5569 nobis
2659 5513 2880 5567 inventa
2922 5513 3054 5577 sint,
3095 5520 3153 5568 et
3196 5513 3291 5578 (ιιιί
3331 5528 3429 5568 na-

1860 5620 1979 5665 tura
2024 5624 2285 5680 regtmur,
2325 5616 2381 5661 et
2416 5604 2510 5677 qui
2549 5605 2894 5660 naturalibus
2925 5605 3089 5659 rebus
3122 5620 3186 5660 ea
3218 5603 3429 5675 signiti-

1860 5704 2051 5762 candis
2076 5702 2434 5775 imponimus,
2466 5713 2571 5757 nec
2602 5699 2926 5767 inventuris,
2958 5712 3061 5757 nec
3084 5711 3276 5756 eorum
3303 5695 3435 5768 qulo_
