3990 6212
534 287 637 350 M3

658 254 694 284 ‘
1506 268 2003 334 ssssamoxrs
2045 269 2107 330 s.
2148 272 2220 333 Β.
2252 272 2315 331 E.
2354 267 2819 328 CARDlNAi.iS

3676 270 3781 334 444

534 412 637 461 bus
702 401 1094 470 imponuntur.
1158 402 1410 448 naturam
1486 392 1755 446 excedere
1818 397 2049 459 possunt
2084 408 2096 443 :
2131 396 2175 452 Α
2205 401 2354 445 cent.
2408 389 2550 444 Sunt
2596 399 2778 443 tamen
2837 387 3087 441 nonnulli
3134 398 3486 454 sanctorum,
3537 402 3781 458 quorum

532 497 764 563 ideoque
807 489 1024 543 divinas
1076 500 1162 540 res
1204 482 1474 552 complete
1525 481 1836 551 signiﬁcare
1877 480 2100 536 minime

533 592 779 657 possunt.
814 582 992 644 Quare
1020 575 1495 647 imperfectionem
1541 573 1824 627 nominum
1866 586 1973 625 non
2010 580 2098 624 at-

537 673 881 733 tribuendam
912 684 1033 725 esse
1063 668 1229 722 rebus
1258 665 1483 729 divinis,
1515 665 1696 719 omnis
1724 665 1817 733 qui
1845 672 1994 718 recte
2018 679 2101 717 sa-

534 768 635 836 pit,
679 763 930 819 aﬁirmat.
977 759 1083 814 Sed
1110 773 1237 812 cum
1266 758 1389 812 aliis
1421 756 1732 811 nominibus
1759 756 1975 810 divinas
2017 771 2104 811 res

535 855 847 925 exprimere
892 866 1004 904 non
1058 849 1357 919 possimus,
1423 846 1683 901 utendum
1738 848 1958 915 quidem
2018 846 2105 901 liis

538 943 816 1001 consuetis
846 941 1164 996 nominibus
1193 947 1297 994 est.
1327 938 1600 993 Utendum
1633 946 1812 991 tamen
1847 938 1899 990 in
1933 952 2105 1006 quan-

536 1050 649 1091 tum
695 1038 862 1091 rebus
892 1033 1212 1104 siguillcatis
1241 1034 1604 1097 conveniunt,
1637 1031 2103 1100 imperfectionem

535 1142 746 1187 eorum,
787 1133 842 1180 et
885 1124 929 1179 si
976 1123 1107 1193 quid
1138 1121 1595 1175 inconvenientia:
1635 1135 1821 1175 secum
1862 1128 2103 1190 portant,

536 1218 859 1279 relellemlo,
908 1225 963 1269 et
998 1231 1097 1281 per
1139 1212 1287 1267 aliud
1332 1227 1531 1267 nomen
1566 1211 1837 1265 defectum
1882 1211 2108 1264 alterius

468 1338 471 1349 ι
535 1308 865 1378 supplendo.
900 1308 959 1361 In
986 1307 1286 1375 quaestione
1314 1304 1498 1372 itaque
1529 1302 1826 1372 proposita,
1854 1302 2108 1356 videlicet

542 1401 595 1453 in
630 1398 983 1466 processione
1015 1394 1254 1465 Spiritus
1286 1409 1350 1447 ex
1382 1392 1543 1446 Patre
1576 1402 1631 1458 et
1658 1392 1819 1456 Filio,
1857 1391 1963 1444 duo
1994 1391 2109 1444 haec

537 1490 851 1544 necessario
877 1487 1168 1556 exiguntur
1196 1501 1211 1540 :
1250 1499 1441 1543 unum,
1473 1482 1616 1551 quod
1646 1481 1807 1535 Pater
1855 1489 1911 1535 ct
1936 1479 2107 1534 Filius

534 1581 817 1650 aequaliter
873 1589 1035 1647 atque
1064 1575 1388 1644 simpliciter
1416 1574 1681 1643 Spiritum
1710 1582 1955 1626 sanctum
1988 1569 2103 1639 Spi-

536 1679 680 1731 rent,
706 1686 812 1723 non
840 1684 981 1722 unus
1006 1667 1266 1734 perfecte,
1296 1666 1433 1717 alter
1460 1662 1805 1731 imperfecte;
1835 1661 1937 1714 hoc
1961 1660 2107 1712 enim

2202 481 2369 550 aliqui
2420 480 2645 549 majoris
2690 480 2939 535 fecerunt
2989 481 3263 543 ordinem,
3316 490 3376 534 ut
3424 481 3600 549 maior
3656 497 3789 550 pars

2201 569 2566 624 Orientalium
2610 586 2623 622 :
2658 570 2825 638 aliqui
2857 571 3247 639 a'qualitatem,
3268 570 3381 624 sive
3413 570 3783 636 identitatem,

2204 670 2263 715 ut
2309 661 2528 730 plurimi
2579 660 3033 715 Occidentalium.
3071 662 3141 714 Et
3170 660 3636 728 quemadmodum
3689 681 3783 718 oe-

2202 751 2501 806 cidentales
2528 751 2698 820 pluris
2719 750 2985 807 facientes
3003 751 3370 819 aequalitatem
3396 753 3595 820 saepius
3618 762 3777 807 utun-

2202 849 2293 894 tur
2320 856 2404 904 επ,
2433 841 2502 894 ita
2530 841 2847 906 orientales.
2876 838 2970 908 qui
3016 840 3267 895 ordinem
3304 840 3527 907 majoris
3586 843 3771 895 existi-

2204 940 2375 995 mant,
2413 946 2536 986 cum
2578 932 2778 999 quibus
2827 938 2883 985 et
2922 930 3116 984 beatus
3143 930 3379 984 Joannes
3416 931 3775 986 Damascenus

2204 1033 2674 1085 connumeratur,
2730 1038 2823 1092 per
2876 1031 2936 1076 ut
2991 1022 3288 1090 plurimum
3339 1030 3609 1088 utuntur,
3652 1040 3777 1078 raro

2206 1113 2557 1167 admittentes
2597 1097 3038 1180 praepositionem
3077 1125 3142 1163 ex
3175 1126 3194 1166 :
3231 1126 3339 1166 non
3385 1111 3487 1166 sibi
3541 1112 3776 1166 invicem

2207 1204 2675 1266 contradicentes.
2706 1204 2800 1258 sed
2839 1204 3051 1257 diversa
3081 1202 3386 1272 signiﬁcata
3420 1202 3653 1256 diversis
3684 1218 3782 1257 no-

2207 1293 2446 1347 minibus
2474 1293 2866 1363 exprimentes.
2903 1294 3084 1358 Quare
3126 1294 3194 1347 de
3240 1293 3430 1346 mundi
3472 1294 3779 1361 creatione,

2206 1386 2315 1440 etsi
2347 1384 2556 1454 absque
2614 1385 2723 1439 ulla
2754 1384 3111 1453 ambiguitate
3138 1398 3202 1439 ex
3233 1384 3371 1438 Filio
3401 1384 3564 1437 etiam
3582 1384 3777 1449 piniiia

2208 1478 2475 1547 producta
2511 1477 2623 1532 sint
2658 1486 2829 1548 ‘p‘rout
2856 1493 2923 1531 ex
2955 1478 3137 1542 Patre,
3166 1476 3446 1529 rarissime
3475 1483 3656 1528 tamen
3688 1490 3774 1529 re-

2210 1569 2393 1637 peries
2440 1569 2583 1638 apud
2632 1569 2887 1625 doctores
2934 1569 3239 1638 praesertim
3281 1568 3590 1629 orientales,
3624 1568 3769 1635 quod

2211 1659 2449 1714 mundus
2495 1660 2566 1713 sit
2615 1661 2915 1728 productus
2946 1675 3012 1715 ex
3062 1660 3222 1722 Filio,
3273 1659 3367 1712 sed
3416 1674 3633 1728 semper
3670 1674 3770 1727 per

542 1759 880 1813 contrarium
908 1766 993 1810 est
1022 1755 1147 1808 ﬁtlei
1183 1754 1418 1807 veritati.
1453 1752 1723 1812 Alterura,
1758 1751 1902 1818 quod
1938 1750 2105 1805 Filius
2138 1753 2174 1806 Β
2204 1746 2429 1809 Filium,
2460 1748 2530 1803 ob
2580 1747 2710 1802 illud
2753 1747 2981 1803 Joannis
3010 1765 3025 1802 :
3057 1748 3245 1806 Omnia
3286 1763 3379 1815 per
3420 1748 3593 1816 ipsum
3627 1747 3772 1815 facta
3806 1778 3829 1793 ι

537 1860 595 1903 ut
628 1852 679 1902 in
707 1849 850 1910 aliis,
882 1848 957 1900 ita
983 1849 1146 1898 etiam
1172 1845 1226 1898 in
1257 1844 1517 1913 Spirando
1550 1843 1868 1897 relationem
1926 1851 1980 1895 et
2011 1857 2104 1898 0r-

536 1943 720 1994 dinem
757 1939 956 1992 habeat.
1001 1936 1065 1990 ad
1114 1935 1353 1989 Patrem.
1394 1932 1691 2001 Utrumque
1721 1932 1867 1986 enim
1907 1931 2102 1985 horum

536 2033 725 2086 insunt
759 2028 906 2082 Patri
943 2037 996 2081 et
1032 2026 1189 2080 Filio.
1225 2025 1450 2080 Summa
1508 2026 1707 2078 etenim
1737 2032 1820 2076 est
1850 2023 1905 2077 in
1941 2023 2020 2077 eis
2048 2030 2105 2077 et

538 2121 793 2189 potentiae
814 2117 1120 2187 arqualitas,
1147 2115 1260 2168 imo
1288 2115 1567 2177 identitas,
1594 2126 1649 2168 et
1674 2129 1916 2168 summus
1946 2114 2099 2167 ordo.

538 2211 887 2277 Quwcuuque
924 2208 1070 2261 enim
1118 2207 1290 2260 Filius
1353 2206 1533 2269 habet,
1571 2207 1743 2274 ipsum
1787 2206 1949 2260 etiam
1993 2206 2105 2273 spi-

537 2314 660 2352 rare
699 2296 985 2365 Spiritum,
1023 2296 1188 2348 habet
1221 2312 1248 2348 a
1283 2295 1467 2349 Patre.
1503 2293 1559 2348 Si
1605 2296 1768 2363 igitur
1811 2310 1976 2349 unum
2008 2311 2105 2349 n0-

540 2406 663 2443 men
700 2400 845 2442 esset
889 2388 1183 2448 sulliciens,
1225 2397 1280 2441 et
1318 2401 1585 2439 summam
1619 2386 1876 2455 potentia:
1911 2401 2102 2441 eorum

536 2480 898 2554 identitatem,
925 2490 980 2532 et
1010 2493 1283 2531 summum
1312 2477 1378 2530 ad
1408 2476 1639 2530 invicem
1669 2477 1913 2531 ordinem
1940 2476 2103 2531 simul

535 2570 865 2638 signiﬁcare,
922 2570 1014 2623 illo
1056 2568 1300 2637 profecto
1330 2566 1589 2621 omnibus
1616 2569 1742 2621 aliis
1785 2568 2104 2637 postpositis

539 2660 800 2714 utendum
844 2669 1009 2714 esset.
1049 2658 1207 2725 Nunc
1241 2675 1367 2714 vero
1402 2674 1511 2714 non
1546 2660 1721 2714 solum
1766 2661 2104 2730 impossibile

538 2760 623 2805 est
659 2767 825 2804 ttnnm
864 2751 967 2805 tale
1002 2752 1238 2820 reperire
1267 2766 1467 2805 nomen
1502 2767 1516 2806 :
1548 2761 1603 2806 et
1643 2751 1764 2806 ideo
1795 2752 2103 2806 necessario

541 2862 650 2899 uno
688 2845 908 2899 nomine
952 2846 1183 2898 alterum
1220 2844 1439 2909 borum,
1481 2845 1655 2899 altero
1709 2860 1839 2899 vero
1870 2846 2100 2900 alterum

536 2938 947 3006 exprimendum
984 2946 1090 2999 est,
1141 2951 1331 2990 verum
1378 2937 1543 2990 etiam
1593 2935 1709 2991 inec
1756 2935 1967 2990 diversa
2001 2951 2103 2991 no-

536 3030 682 3084 mina
716 3028 909 3083 adhoc
947 3028 1092 3097 quod
1127 3036 1421 3096 utrumque
1451 3044 1547 3095 per
1594 3043 1650 3082 se
1693 3044 1858 3081 unum
1893 3035 2101 3081 tantum

534 3120 898 3190 signiﬁcatum
930 3118 1312 3189 praedictorqu
1338 3119 1670 3187 signiﬁcant,
1704 3120 1867 3174 etiam
1903 3120 2099 3189 imper-

538 3212 678 3265 fecte
714 3210 845 3264 illud
879 3226 1045 3262 unum
1079 3204 1412 3278 signiﬁcant.
1450 3208 1626 3274 Quare
1658 3225 1757 3263 nos
1799 3220 1946 3264 recte
1975 3211 2100 3278 qui-

537 3302 659 3355 dem
712 3311 767 3355 et
812 3302 900 3369 pie
939 3302 1069 3369 quid
1118 3302 1195 3354 rei
1248 3301 1615 3371 signiﬁcanda:
1646 3305 1933 3356 conveniat
1966 3303 2104 3357 reci-

541 3392 789 3458 pientcs,
850 3391 1159 3460 reliquum,
1212 3381 1440 3461 etquod
1486 3392 1938 3460 ‘imperfectionis
1996 3401 2100 3456 est,

539 3482 872 3550 repellimus.
907 3480 1065 3535 Tales
1089 3492 1216 3535 sunt
1241 3498 1321 3536 eae
1346 3484 1760 3552 praepositiones
1786 3499 1874 3551 ex,
1908 3484 2102 3539 videli-
2133 3539 2141 3547 _

542 3581 629 3625 cct
660 3581 711 3625 et
744 3588 857 3640 per.
889 3572 1208 3640 Przepositio
1243 3587 1475 3641 namque
1511 3589 1572 3627 ea:
1597 3576 1960 3643 azqualstatem
1987 3576 2102 3644 qui-

540 3666 665 3717 dem
697 3680 819 3718 cum
853 3664 919 3718 de
979 3664 1253 3733 aliquibus
1282 3666 1498 3719 dnobus
1539 3667 1622 3720 vel
1670 3666 1918 3735 pluribus
1958 3666 2104 3721 acci-

539 3755 707 3825 pitur,
742 3756 1047 3824 siguiﬁeat;
1086 3757 1335 3810 ordinem
1382 3773 1509 3811 vero
1550 3757 1712 3814 unius
1760 3760 1824 3812 ad
1868 3759 2101 3814 alterum

540 3846 781 3900 minime.
810 3847 865 3900 Si
897 3847 1024 3915 quid
1050 3847 1193 3901 enim
1221 3862 1288 3901 ex
1316 3847 1528 3903 duobus
1556 3849 1671 3904 ﬁeri
1700 3851 1952 3914 dicimus,
1975 3862 2103 3920 puta

540 3937 585 3993 si
625 3936 770 4005 quod
818 3937 1030 4013 pondus
1062 3952 1127 3991 ex
1163 3938 1376 3992 duobus
1410 3939 1665 4004 trahitur,
1707 3939 1959 3994 similiter
1982 3941 2103 4011 qui-

540 4028 665 4082 dem
723 4039 776 4083 et
815 4031 1095 4097 aequaliter
1125 4046 1316 4084 eorum
1358 4047 1424 4085 ex
1464 4040 1693 4100 utroque
1727 4032 1888 4099 tralii,
1920 4035 2097 4103 quoad

538 4120 649 4174 vim
701 4120 1105 4189 praepositionis
1148 4119 1543 4189 signiﬁcamus.
1594 4121 1741 4177 Ordo
1773 4139 1901 4178 vero
1938 4126 2100 4180 unius

537 4214 602 4268 ad
630 4214 862 4267 alterum
902 4227 1009 4265 non
1057 4212 1184 4266 inde
1210 4222 1456 4281 apparet.
1504 4213 1574 4266 At
1602 4214 1918 4282 prmpositio
1956 4231 2047 4283 per
2069 4229 2099 4268 e

538 4314 806 4352 converso
838 4299 1087 4352 ordinem
1123 4299 1347 4368 quidem
1389 4300 1681 4369 signiﬁcat,
1727 4302 2095 4370 aequalitatem

2200 1846 2345 1889 sunt.
2396 1836 2471 1891 lta
2523 1838 2696 1908 magis
2730 1839 2913 1893 ordini
2962 1839 3313 1894 adbmserunt
3361 1840 3552 1893 Patres
3587 1841 3773 1893 orien-

2205 1931 2340 1984 tales
2364 1947 2379 1995 ;
2403 1940 2458 1985 et
2484 1930 2610 1985 ideo
2638 1940 2867 1985 utuntur
2898 1946 3013 2000 per,
3037 1946 3157 1999 qua:
3184 1931 3298 1984 sola
3329 1930 3576 1984 ordinem
3607 1928 3775 1999 signi—

2206 2018 2349 2072 licat.
2400 2020 2664 2073 Praeterea
2713 2020 2896 2090 lingua
2942 2020 3129 2076 Graeca
3182 2035 3279 2088 per
3333 2018 3477 2073 lianc
3517 2018 3775 2088 pra‘posi-

2204 2111 2404 2172 tionem
2462 2127 2525 2165 ea:
2579 2113 2933 2181 principalem
2973 2111 3242 2179 signiﬁcat
3277 2128 3520 2176 causam,
3549 2112 3763 2182 qualem

2203 2202 2403 2257 Filium
2431 2215 2573 2265 esse,
2599 2203 2682 2257 vel
2710 2203 2970 2271 Spiritus,
3000 2205 3085 2257 vel
3113 2204 3324 2269 mundi,
3351 2203 3530 2258 nullus
3547 2205 3770 2258 omnino

2202 2293 2490 2348 concedet.
2539 2293 2716 2360 Quare
2768 2294 2982 2364 fugiunt
3041 2295 3294 2352 doctores
3344 2297 3409 2350 de
3473 2296 3610 2351 Filio
3652 2297 3768 2364 ipsa

2205 2400 2267 2437 ea:
2309 2384 2412 2448 uti,
2456 2400 2524 2437 ne
2556 2385 2680 2454 quis
2712 2400 2837 2438 eum
2872 2386 3231 2455 principalem
3269 2402 3486 2442 causam
3522 2397 3765 2455 putaret;

2204 2482 2259 2528 et
2289 2491 2396 2528 non
2431 2474 2605 2528 solum
2639 2476 2753 2544 ipsa
2788 2492 2874 2540 ex,
2919 2492 3107 2531 verum
3154 2479 3315 2532 etiam
3364 2493 3559 2532 nomen
3593 2494 3770 2534 causa:

2204 2568 2418 2637 fugiunt
2462 2568 2530 2621 de
2581 2568 2717 2621 Filio
2770 2568 2952 2624 dicere
3011 2580 3263 2640 respectu
3321 2572 3384 2625 ad
3436 2581 3765 2639 creaturam,

2202 2675 2514 2729 quanquam
2547 2670 2602 2714 et
2628 2661 2799 2716 Filius
2828 2671 2882 2716 et
2913 2662 3149 2731 Spiritus
3179 2650 3379 2731 passim
3412 2663 3479 2716 ab
3511 2664 3769 2719 omnibus

2206 2749 2457 2805 ﬁdelibus
2486 2765 2650 2805 causa
2690 2750 2885 2805 mundi
2916 2766 3034 2807 esse
3074 2752 3393 2815 credantur,
3430 2761 3481 2806 et
3509 2768 3613 2807 una
3642 2768 3767 2806 cum

2204 2840 2365 2897 Patre
2388 2857 2552 2896 causa
2594 2859 2609 2896 :
2646 2842 2901 2914 timentes
2927 2859 2993 2898 ne
3024 2845 3146 2914 quis
3182 2856 3463 2914 propterea
3494 2843 3769 2913 principa-

2204 2930 2313 2987 lem
2346 2946 2563 2986 causam
2599 2946 2725 2987 eum
2764 2947 2884 2988 esse
2922 2943 3116 3003 putet;
3165 2950 3195 2988 a
3241 2949 3351 3003 quo
3394 2948 3452 2986 ut
3496 2933 3626 2987 falso
3660 2934 3767 2988 sibi

2206 3032 2425 3079 cavent.
2460 3023 2632 3079 Unam
2659 3025 2805 3079 enim
2830 3026 3182 3095 principalem
3209 3034 3262 3080 et
3294 3027 3521 3081 Deitatis
3541 3035 3595 3080 et
3618 3040 3771 3080 crea-

2211 3126 2348 3170 tura:
2396 3130 2612 3169 causam
2650 3117 2846 3171 'sciunt
2897 3117 3112 3171 Patrem
3155 3116 3413 3172 videlicet
3461 3116 3656 3169 solum.
3708 3115 3767 3171 Si

2210 3207 2379 3278 igitur
2412 3206 2592 3261 Latini
2631 3222 2756 3262 eum
2790 3208 2994 3262 sanctis
3022 3208 3449 3264 occidentalibus
3479 3224 3541 3262 ex
3610 3208 3769 3266 Patre

2208 3307 2263 3353 et
2295 3299 2431 3354 Filio
2463 3298 2726 3369 Spiritum
2759 3308 3003 3354 sanctum
3040 3300 3303 3363 dicentes,
3345 3315 3453 3353 non
3496 3300 3771 3370 principa-

2207 3388 2314 3444 lem
2360 3404 2579 3444 causam
2632 3389 2829 3444 Filium
2874 3398 3107 3460 ponunt,
3143 3391 3236 3444 sed
3285 3405 3473 3445 eorum
3514 3393 3771 3459 potentia:

2206 3479 2548 3534 identitatem
2613 3488 2670 3535 et
2714 3481 3076 3550 aequalitatem
3118 3496 3214 3551 per
3254 3480 3357 3535 hoc
3404 3481 3767 3550 proﬁtentur:

2206 3570 2571 3625 Damascenus
2601 3586 2730 3625 vero
2760 3572 3118 3641 principalem
3149 3587 3368 3626 causam
3402 3586 3623 3639 negans,
3648 3590 3773 3641 qua:

2204 3676 2301 3731 per
2324 3678 2387 3716 ea:
2417 3661 2708 3732 signiﬁcari
2748 3663 2907 3729 solet,
2953 3664 3146 3719 babuit
3186 3676 3494 3736 respectum
3521 3668 3586 3721 ad
3622 3667 3775 3719 ordi-

2204 3772 2352 3823 nem,
2381 3767 2437 3812 et
2481 3757 2604 3812 ideo
2638 3759 2810 3812 utitur
2836 3775 2955 3825 per,
2984 3775 3050 3814 ex
3088 3758 3248 3814 Patre
3280 3775 3377 3828 per
3421 3760 3613 3815 Filium
3641 3775 3774 3828 pro-

2203 3845 2398 3901 cedere
2422 3846 2685 3916 Sp'u'itum
2707 3863 2979 3915 asserens,
3001 3865 3099 3920 per
3120 3866 3282 3921 quem
3311 3850 3433 3906 Filii
3458 3852 3522 3906 ad
3552 3851 3772 3906 Patrem

2202 3938 2336 3993 ordo
2372 3939 2785 4006 manifestatur,
2835 3940 3202 4010 aequalitatem
3251 3943 3367 3998 sive
3424 3944 3774 4000 identitatezn

2201 4046 2397 4089 eorum
2424 4033 2685 4101 potentiae
2719 4047 2820 4087 nec
2857 4033 2971 4102 ipse
3004 4049 3231 4104 negans,
3276 4037 3552 4105 quomodo
3592 4037 3773 4105 magis

2203 4123 2440 4186 invicem
2482 4138 2719 4178 consona
2763 4124 3063 4180 dicantur?
3096 4125 3212 4195 Ipse
3242 4128 3387 4183 enim
3427 4139 3533 4194 est,
3567 4130 3659 4197 qui
3697 4130 3773 4186 de

2201 4214 2378 4282 Patre,
2414 4218 2530 4287 ipse
2568 4218 2789 4287 quidem
2834 4227 2918 4273 est
2952 4220 3266 4276 intellectus
3315 4222 3478 4277 Verbi
3515 4224 3770 4295 abyssus.

2200 4306 2362 4362 Verbi
2406 4309 2644 4375 genitor,
2687 4320 2743 4363 et
2786 4325 2883 4378 per
2914 4310 3139 4365 verbum
3171 4312 3409 4379 spirator
3450 4315 3772 4381 declarativi

535 4406 667 4445 vero
703 4390 948 4445 minime.
988 4389 1044 4445 Si
1080 4391 1211 4459 quid
1237 4390 1385 4445 enim
1417 4407 1481 4446 cx
1522 4391 1705 4462 aliquo
1740 4409 1836 4463 per
1860 4395 2095 4463 aliquem
2124 4405 2178 4466 Ῑ)
2204 4396 2454 4466 Spiritus.
2489 4400 2553 4453 Et
2590 4416 2776 4453 rursus
2806 4417 2819 4453 :
2850 4400 3082 4469 Spiritus
3114 4417 3245 4457 vero
3269 4415 3491 4460 sanctus
3524 4406 3771 4460 declara-

536 4498 658 4537 esse
691 4491 784 4536 aut
838 4482 959 4536 ﬁeri
1011 4482 1246 4547 dicatur,
1292 4482 1578 4538 manifeste
1610 4484 1897 4553 apparebit
1926 4485 2102 4552 illum,

538 4578 606 4626 de
630 4587 740 4643 quo
771 4573 975 4628 dicitur
1001 4590 1117 4643 per,
1149 4574 1399 4629 ordinem
1427 4574 1717 4644 quemdam
1752 4575 1816 4628 ad
1850 4575 1999 4629 illum
2037 4574 2105 4629 de

541 4680 649 4728 quo
678 4664 991 4735 praepositio
1020 4680 1083 4719 ea:
1112 4664 1462 4735 praedicatur,
1495 4666 1737 4731 habere;
1762 4676 1818 4721 et
1857 4667 2004 4722 [tunc
2037 4668 2105 4723 ab

539 4766 605 4805 eo
631 4752 910 4822 accepisse
952 4752 1003 4806 id
1038 4753 1185 4822 quod
1229 4768 1323 4823 per
1361 4768 1486 4807 eum
1520 4753 1602 4809 ﬁt.
1639 4754 1950 4824 Aiqualitas
1975 4771 2106 4811 vero

540 4846 735 4901 borum
793 4845 862 4900 ad
914 4845 1151 4900 invicem
1199 4846 1426 4901 minime
1478 4846 1835 4917 signiﬁcatur.
1882 4848 2107 4904 Minoris

548 4952 784 5006 namque
837 4938 1095 5007 potentias
1143 4953 1362 5007 semper
1412 4947 1468 4992 et
1500 4940 1844 4994 auctoritatis
1877 4954 1958 4995 est
1991 4942 2102 5006 ille,

543 5031 611 5084 de
661 5046 769 5099 quo
820 5031 1137 5101 praepositio
1182 5047 1275 5101 per
1323 5031 1673 5100 praedicatur.
1721 5032 1875 5088 Unde
1930 5038 2102 5091 sancti

541 5119 728 5174 Patres
762 5132 817 5175 et
847 5120 1100 5176 doctores
1145 5136 1268 5175 cum
1315 5123 1632 5185 orientales,
1666 5132 1777 5176 tum
1838 5125 2106 5180 occiden-

538 5212 696 5275 tales,
733 5226 856 5265 cum
881 5212 946 5266 ad
989 5213 1248 5281 potentia:
1277 5213 1662 5282 arqualitatem,
1698 5214 1807 5268 imo
1848 5198 2103 5271 identita-

541 5311 651 5359 tem
681 5303 856 5357 Patris
888 5312 943 5356 et
971 5303 1091 5358 Filii
1130 5304 1451 5373 respiciunt,
1487 5319 1551 5356 ex
1579 5304 1737 5357 Patre
1765 5314 1820 5357 et
1849 5304 1986 5360 Filio
2021 5305 2103 5359 di-

498 5464 501 5467 _
539 5407 673 5449 cunt
713 5393 976 5463 Spiritum
1024 5403 1272 5450 sanctum
1320 5393 1620 5464 procedere
1665 5404 1721 5447 et
1767 5410 1909 5448 esse.
1961 5392 2099 5447 Cum

537 5499 670 5538 vero
694 5485 940 5539 ordinem
971 5500 1159 5539 eorum
1194 5484 1260 5540 ad
1303 5486 1531 5539 invicem
1566 5483 1857 5539 ostendere
1884 5483 2095 5549 volunt,

533 5589 602 5629 ex
650 5575 806 5629 Patre
838 5591 935 5645 per
964 5576 1161 5629 Filium
1201 5591 1325 5631 eum
1370 5576 1687 5647 procedere,
1739 5583 1793 5630 et
1825 5591 1891 5630 ex
1934 5575 2095 5630 Patre

529 5679 629 5732 per
658 5666 875 5735 Filium,
910 5665 1027 5722 sive
1066 5682 1131 5723 ex
1157 5666 1266 5721 Deo
1302 5682 1399 5736 per
1430 5666 1650 5737 Filium,
1680 5682 1802 5723 cum
1838 5679 1957 5722 esse
1997 5669 2095 5723 do-

2207 4486 2314 4539 tiva
2349 4487 2626 4542 absconsa:
2656 4489 2959 4545 divinitatis
2990 4493 3235 4561 potentia
3273 4494 3471 4559 Patris,
3506 4513 3571 4550 ex
3606 4496 3775 4554 Patre

2207 4592 2305 4647 per
2349 4578 2544 4633 Filium
2592 4589 2674 4635 est
2713 4583 3037 4650 procedens.
3077 4585 3234 4649 Quod
3266 4597 3446 4643 autem
3504 4604 3598 4655 per
3629 4590 3777 4647 banc

2206 4670 2645 4737 praepositionem
2693 4688 2805 4741 per,
2857 4680 2971 4727 tum
3014 4690 3111 4743 per
3142 4677 3311 4742 hunc,
3346 4687 3459 4731 tum
3506 4695 3604 4746 per
3632 4682 3779 4738 alios

2207 4763 2479 4825 ductores,
2509 4762 2683 4817 Filius
2711 4777 2933 4833 quoque
2962 4779 3085 4818 cum
3125 4766 3286 4823 Patre
3316 4782 3479 4822 causa
3518 4771 3781 4825 substan-

2209 4850 2292 4904 tiae
2316 4852 2549 4920 Spiritus
2584 4854 2915 4921 ostenditur,
2947 4856 3082 4910 satis
3114 4856 3168 4911 in
3197 4859 3445 4914 oratione
3471 4860 3548 4913 De
3581 4863 3781 4919 unione

2205 4957 2235 4996 a
2275 4943 2432 4998 nobis
2461 4945 2748 5013 probatum
2784 4956 2888 5007 est,
2919 4949 3220 5015 prazsertim
3256 4965 3380 5004 cum
3407 4952 3639 5007 addatur
3670 4955 3785 5013 hoc

2208 5035 2430 5089 verbum
2464 5037 2760 5104 procedere,
2789 5038 2935 5108 quod
2966 5038 3157 5103 etiam,
3191 5041 3493 5095 secundum
3532 5054 3779 5111 nostros,

2204 5128 2343 5183 nihil
2385 5129 2531 5185 aliud
2583 5146 2742 5199 quam
2799 5133 2978 5202 ipsum
3029 5147 3150 5191 esse
3202 5140 3489 5205 personale
3535 5138 3789 5207 Spiritus

2203 5217 2377 5274 sancti
2428 5221 2721 5289 signiﬁcat.
2760 5223 2827 5278 Et
2866 5224 2932 5279 ad
2980 5226 3363 5282 auctoritatem
3401 5230 3619 5299 quidem
3669 5231 3787 5285 Da-

2202 5313 2438 5365 masceni
2463 5312 2575 5366 haec
2605 5313 2896 5370 sufﬁciant.

2270 5402 2352 5455 Ad
2381 5402 2472 5457 illa
2503 5418 2635 5458 vero
2662 5407 2831 5460 sancti
2863 5407 3128 5477 Dionysii,
3161 5408 3339 5464 solum
3370 5409 3581 5465 fontem
3622 5412 3795 5465 [livi-

2214 5490 2402 5544 nitatis
2447 5480 2659 5546 [ειη-ειη
2692 5492 2927 5549 dicentis
2949 5533 2964 5558 ,
3000 5506 3059 5551 ut
3089 5497 3295 5552 clarius
3340 5506 3599 5565 appareat
3672 5512 3792 5553 au-

2199 5578 2506 5634 ctoritatem
2530 5580 2677 5635 illam
2701 5597 2807 5636 non
2828 5583 3033 5641 habere
3056 5585 3206 5641 illum
3225 5587 3586 5652 intellectum,
3607 5604 3791 5655 quem

2202 5668 2381 5724 nostri
2416 5680 2633 5742 putant,
2665 5671 3001 5731 audiendum
3025 5683 3108 5731 est
3138 5675 3316 5743 primo
3345 5677 3466 5735 illos
3492 5677 3790 5741 ductores.
