3990 6212
311 247 412 310 “5

1233 240 1340 302 DE
1383 237 1908 300 PROCE$SIONE
1951 237 2316 297 SPlRlTUS
2355 237 2647 300 SANCTI.

3460 191 3568 298 ut

313 364 398 430 qui
449 359 615 416 etiam
666 357 870 416 Filium
919 357 1109 413 dicunt
1145 353 1353 410 fontem
1406 353 1648 424 Spiritus
1681 354 1884 420 sancti,
1917 376 1956 429 Α
1999 352 2257 409 invicem.
2290 354 2357 408 Et
2403 354 2518 410 haec
2575 352 2800 424 quidem
2857 365 2983 406 vera
3038 351 3160 420 ejus
3217 352 3572 410 auctoritatis

314 469 414 506 non
448 451 574 506 dico
615 449 917 520 gratiarum
967 446 1212 517 Spiritus
1265 461 1376 500 non
1430 444 1882 508 subsistentium,

316 544 569 599 laacenim
593 543 905 597 abutuntur
931 541 999 594 ad
1032 539 1214 593 omnia
1242 535 1628 607 lntjnscetnodi
1655 550 1888 604 respon-

312 637 460 692 sione
489 654 505 690 :
536 634 633 690 sed
684 633 860 704 ipsius
894 646 1144 702 personae
1177 627 1420 699 Spiritus
1468 626 1669 683 sancti.
1703 626 1887 681 Primo

314 729 492 797 itaque
525 725 866 786 Athanasius
914 723 970 778 in
994 738 1100 778 sua
1146 733 1340 777 contra
1377 719 1888 776 Arianosoratioue

315 818 441 873 illud
468 819 668 873 Psalmi
704 835 718 868 :
747 815 1019 881 Quoniam
1056 817 1199 882 apud
1227 820 1278 865 te
1295 821 1370 866 est
1400 812 1518 882 {om
1545 812 1688 872 vita.
1718 824 1889 878 expo-

315 925 469 974 nens,
517 908 742 964 Sciebat
767 906 996 971 etenim,
1031 904 1229 972 inquit,
1264 903 1425 958 Pater
1448 902 1705 957 videlicet
1734 900 1880 970 apud

315 1017 370 1054 se
421 1001 630 1054 habens
677 996 877 1052 Filium
928 997 1137 1052 fontem
1181 996 1430 1064 Spiritus
1475 994 1675 1048 sancti.
1725 993 1890 1047 Patet

317 1091 476 1159 igitur
504 1088 651 1158 quod
690 1089 862 1157 ipsam
895 1101 1186 1157 personam
1224 1085 1470 1155 Spiritus
1495 1086 1584 1139 hic
1607 1084 1743 1140 dicit
1775 1101 1884 1140 non

315 1181 538 1250 gratiam
571 1196 680 1234 non
724 1177 1152 1243 subsistentem;
1183 1177 1454 1232 habemus
1499 1177 1646 1231 enim
1686 1191 1718 1230 a
1761 1192 1886 1230 san-

314 1283 400 1325 cto
434 1271 637 1324 Basilio
677 1270 930 1324 traditam
973 1269 1241 1338 regulam,
1289 1261 1435 1337 quod
1467 1282 1592 1321 cum
1631 1265 1888 1320 audimus

310 1355 579 1426 Spiritum
633 1372 760 1410 cum
794 1356 1074 1410 additione
1103 1364 1376 1420 sanctum,
1411 1355 1487 1410 ttil
1521 1355 1674 1410 aliud
1723 1371 1884 1423 quam

305 1463 602 1516 personam
642 1447 888 1516 Spiritus
921 1446 1228 1514 intelligere
1271 1445 1562 1501 debemus.
1590 1443 1730 1500 Cum
1783 1444 1888 1513 igi-

311 1551 404 1592 tur
435 1540 524 1593 hic
567 1539 738 1593 Filius
769 1538 895 1592 fons
927 1537 1166 1607 Spiritus
1212 1551 1337 1590 cum
1388 1535 1671 1591 additione
1707 1537 1885 1592 sancti

303 1629 497 1684 dictus
517 1630 609 1692 sit,
632 1639 783 1699 patet
812 1629 957 1698 quod
991 1644 1246 1698 personte
1279 1627 1400 1696 ejus
1423 1627 1546 1682 fons
1572 1628 1752 1682 dictus
1779 1636 1882 1682 est.

1994 445 2274 514 expositio
2305 445 2468 500 simul
2495 456 2552 499 et
2587 444 2792 498 solutio
2820 451 2925 498 est.
2957 441 3115 509 Quod
3149 442 3192 495 si
3241 441 3368 510 quis
3398 444 3566 499 etiam

1994 534 2210 590 diceret
2243 536 2458 590 Patrem
2496 536 2674 590 solum
2701 535 2907 590 fontem
2941 533 3319 604 generationis
3343 533 3570 599 divinze‘,

1995 639 2116 693 quzc
2148 639 2314 691 supra
2363 640 2586 678 omnem
2638 623 3008 678 substantiam
3042 631 3148 685 est,
3182 633 3445 692 tanquam
3477 625 3570 694 qui

1995 716 2146 770 solut
2183 717 2307 770 Filii
2365 716 2532 770 simul
2592 732 2656 770 ac
2706 716 2949 785 Spiritus
2983 715 3318 784 principium
3374 717 3465 776 sit,
3517 725 3574 771 et

1997 805 2149 861 Solus
2182 805 2306 859 fons
2355 823 2463 860 non
2498 822 2562 860 ex
2609 807 2759 860 fonte
2794 826 2807 862 :
2845 806 3018 860 Filius
3062 821 3195 859 vero
3241 808 3312 860 sit
3343 809 3571 876 quidem

1998 897 2140 958 fons,
2172 897 2501 952 doctoribus
2536 899 2610 952 ita
2643 898 3001 960 ducentibus,
3031 897 3127 952 sed
3155 899 3276 952 fons
3305 914 3368 951 cx
3399 899 3570 954 fonte.

1993 986 2172 1058 Hujus
2218 1000 2403 1042 autem
2439 995 2737 1044 sententia:
2779 999 2834 1044 et
2885 989 3080 1043 beatus
3123 990 3464 1056 Augustinus
3515 991 3570 1044 in

1995 1093 2192 1149 quarto
2231 1081 2305 1134 De
2339 1081 2600 1136 Trinitale
2629 1090 2744 1146 est;
2775 1086 2852 1136 ait
2879 1083 3127 1136 etenim:
3172 1081 3236 1136 Et
3265 1083 3408 1151 quod
3439 1082 3575 1136 dicit

1997 1170 2262 1227 Dominus
2299 1188 2315 1229 :
2351 1172 2517 1238 Quem
2544 1190 2637 1244 ego
2672 1175 2878 1227 mittam
2925 1174 3064 1226 rabie
3090 1191 3122 1227 α
3169 1171 3348 1235 Patre,
3378 1174 3574 1242 probat

1995 1260 2262 1330 Spiritum
2297 1274 2549 1320 sanctum
2585 1276 2639 1319 et
2675 1267 2858 1323 Patris
2891 1281 3014 1320 esse
3061 1274 3116 1318 ct
3169 1265 3314 1319 Filii.
3349 1266 3569 1320 Etenim

1997 1370 2124 1410 cum
2148 1355 2379 1414 dixisset
2414 1374 2427 1412 :
2455 1358 2626 1422 Quem
2647 1359 2818 1410 titillet
2854 1358 3040 1419 Pater,
3080 1357 3296 1412 addidit
3325 1376 3337 1410 :
3369 1357 3434 1410 In
3481 1375 3573 1410 no-

1997 1447 2136 1500 mine
2184 1464 2340 1512 meo;
2382 1463 2493 1504 non
2533 1458 2715 1503 tamen
2749 1449 2888 1502 dixit
2921 1467 2934 1502 :
2971 1449 3144 1514 Quem
3195 1449 3378 1502 mittet
3410 1447 3574 1501 Pater

1995 1553 2026 1590 a
2057 1552 2165 1600 me,
2203 1539 2672 1603 quemadmodum
2702 1541 2840 1592 dixit
2877 1559 2890 1594 :
2926 1539 3090 1604 Quem
3123 1557 3220 1610 ego
3248 1542 3453 1593 mittant
3483 1556 3574 1592 tvo-

1990 1627 2070 1680 ‘bis
2105 1644 2137 1679 a
2170 1627 2365 1688 Patre.
2393 1630 2690 1683 ostendens
2716 1629 2976 1684 videlicet
3010 1632 3160 1699 quod
3217 1631 3387 1685 totius
3428 1630 3570 1685 divi-

314 1721 520 1776 Deinde
550 1736 771 1790 quoque
801 1725 920 1790 ipse
949 1736 1178 1789 magnus
1202 1720 1461 1783 Basilius,
1485 1720 1576 1788 qui
1610 1721 1754 1776 hanc
1791 1736 1888 1778 no-
1923 1734 1966 1793 Β
1997 1719 2210 1782 uitatis,
2241 1721 2326 1774 vel
2373 1730 2434 1775 ut
2480 1721 2682 1774 melius
2716 1720 2935 1774 dicatur
2955 1761 2976 1786 ,
3014 1722 3245 1776 Deitatis
3294 1722 3456 1777 Pater
3485 1732 3574 1777 est

305 1813 400 1868 bis
444 1813 674 1867 tradidit
701 1813 984 1882 regulam,
1023 1811 1231 1865 fontem
1283 1810 1522 1881 Spiritus
1571 1811 1746 1864 sancti
1800 1811 1886 1864 Fi-

1999 1811 2352 1890 princip'rum'.
2389 1812 2500 1866 lioc
2533 1811 2853 1866 beatissimo
2875 1811 3110 1866 doctore
3168 1828 3332 1881 quem
3360 1813 3575 1881 dignio-

305 1905 448 1960 -lium
485 1905 752 1969 nominat,
792 1904 985 1959 dicens
1017 1921 1030 1957 :
1061 1902 1214 1958 Fons
1240 1903 1366 1957 vita:
1397 1903 1591 1966 Filius,
1635 1903 1712 1957 ait
1739 1903 1890 1957 enim
1986 1915 2108 1954 rem
2141 1885 2460 1971 qnmrcmus
2490 1907 2694 1958 mentis
2718 1903 2966 1974 Dionysii
2995 1904 3411 1972 expositorcm?
3439 1903 3574 1970 Quis
3650 1885 3659 1894 ’

305 1995 486 2050 David
519 1997 584 2048 ad
619 1996 836 2050 Patrem
868 2010 884 2048 :
913 1993 1181 2059 Quoniam
1225 1995 1368 2063 apud
1401 2004 1451 2047 te
1483 2005 1556 2048 est
1597 1995 1715 2064 fons
1736 1995 1891 2058 eine;

303 2096 367 2142 et
402 2103 595 2142 rursus
621 2087 764 2142 alius
808 2088 1081 2156 propheta
1117 2087 1249 2140 dicit
1287 2086 1356 2140 de
1405 2086 1612 2140 Judasis
1647 2107 1659 2138 ;
1691 2085 1770 2139 Me
1803 2087 1893 2138 de-

309 2180 645 2250 reliquerunt
677 2179 875 2248 fontem
906 2194 1057 2245 aquw
1089 2178 1329 2232 viventis.
1359 2179 1513 2246 Aqua
1547 2193 1676 2231 vero
1700 2178 1892 2230 vivens

305 2271 528 2325 dicitur
560 2270 804 2339 Spiritus
855 2280 1100 2325 sanctus.
1137 2267 1202 2322 Et
1250 2268 1553 2322 netandum
1588 2269 1734 2336 quod
1767 2270 1892 2338 Spi-

303 2364 488 2416 ritum
519 2371 769 2415 sanctum
804 2360 957 2424 dicit,
993 2359 1312 2428 significans
1355 2361 1526 2429 ipsam
1557 2361 1676 2428 ejus
1706 2376 1896 2426 perso-

308 2467 480 2516 nam;
519 2465 752 2519 persona
793 2465 924 2503 vero
975 2450 1213 2518 Spiritus
1243 2454 1418 2504 sancti
1473 2451 1616 2504 Dens
1660 2461 1770 2514 est;
1802 2450 1894 2504 Fi-

314 2541 423 2596 lius
474 2541 643 2611 igitur
663 2556 801 2596 eum
837 2543 911 2595 sit
954 2540 1077 2595 fons
1120 2542 1570 2611 Spiritusrsancti
1602 2583 1616 2603 ,
1645 2543 1772 2597 fons
1812 2551 1898 2596 est

313 2634 628 2689 divinitatis
674 2633 1144 2688 manifestissime.
1179 2632 1364 2699 Quare
1395 2648 1520 2687 cum
1554 2637 1730 2688 sancti
1765 2634 1899 2688 Dio-

306 2726 470 2800 nysii
505 2727 597 2780 illa
623 2725 949 2790 auctoritas.
986 2725 1164 2780 solum
1199 2725 1412 2781 fontem
1446 2725 1756 2781 diuinitatis
1791 2727 1901 2780 Pa-

305 2829 469 2875 trem
491 2818 816 2888 inquientis,
845 2817 1123 2891 prtedictis
1143 2824 1464 2872 sanctorum
1477 2817 1903 2872 auctoritatibus

314 2926 426 2966 non
487 2909 836 2965 contradicat
883 2908 1064 2980 (nefas
1109 2902 1389 2964 est'enim
1441 2909 1607 2963 etiam
1661 2909 1904 2978 cogitare

307 3004 469 3076 quod
503 3005 682 3059 sancti
714 3003 972 3057 doctores
1006 3003 1241 3057 invicem
1280 3001 1710 3071 contradicunt),
1754 3001 1903 3058 aliud

1993 1998 2099 2052 hoc
2132 1997 2333 2052 melius
2360 1995 2678 2050 intellexit?
2712 1995 2765 2049 in
2799 2011 2911 2065 quo
2950 2006 3010 2050 ut
3040 1996 3136 2049 illo
3182 1995 3422 2065 Spiritus
3447 2012 3574 2051 san-

1992 2103 2113 2148 ctus
2141 2093 2362 2146 locutus
2393 2092 2517 2146 est?
2550 2089 2708 2157 Quod
2745 2092 2898 2144 enim
2932 2090 3022 2144 ille
3070 2089 3208 2142 dixit
3242 2090 3418 2144 solum
3452 2088 3574 2142 fon-

1995 2195 2104 2238 tem
2172 2182 2504 2245 divinitatis,
2548 2197 2671 2248 qua:
2722 2195 2892 2250 super
2943 2195 3160 2234 omnem
3211 2181 3572 2235 substantiam

1982 2286 2077 2330 est
2106 2314 2119 2336 ,
2159 2275 2246 2329 hic
2300 2275 2470 2329 totius
2512 2273 2747 2327 Deitatis
2799 2272 3133 2341 principium
3190 2272 3368 2338 inquit
3400 2286 3416 2324 :
3447 2287 3574 2325 cunt
3633 2289 3636 2292 ’

1996 2365 2162 2421 Pater
2193 2367 2411 2420 scilicet
2447 2381 2477 2420 a
2525 2364 2674 2418 nullo
2725 2363 3006 2433 principio
3048 2361 3141 2426 sit,
3197 2361 3293 2414 scd
3345 2363 3459 2430 ipse
3504 2362 3577 2416 sit

1996 2457 2120 2514 Filii
2169 2467 2226 2512 et
2277 2456 2522 2525 Spiritus
2569 2454 2745 2509 sancti
2810 2453 3167 2524 principium,
3213 2453 3386 2509 Filius
3443 2469 3577 2508 vero

2001 2550 2336 2621 principium
2374 2549 2584 2602 habens
2606 2549 2850 2610 Patrem,
2895 2547 3011 2616 ipse
3043 2547 3207 2600 etiam
3243 2546 3576 2616 principium

2001 2641 2070 2696 sit
2104 2640 2347 2710 Spiritus
2382 2639 2584 2694 sancti.
2619 2637 2724 2692 St-d
2775 2653 2843 2692 ne
2871 2646 2926 2692 te
2962 2636 3206 2692 oﬂ'endat
3248 2653 3444 2692 rursus
3478 2653 3578 2692 no-

2005 2748 2128 2787 men
2165 2733 2333 2786 totius
2360 2731 2613 2793 Deitatis,
2647 2747 2747 2784 nec
2781 2745 3029 2799 oppmtas
3053 2730 3154 2784 toti
3193 2739 3427 2799 partem,
3457 2738 3578 2784 tan-

2002 2841 2168 2895 quam
2227 2823 2273 2877 si
2334 2823 2506 2877 Filius
2543 2823 2719 2891 partis
2762 2833 2918 2876 esset
2975 2822 3341 2891 principium;
3397 2822 3582 2879 Deitas

2006 2922 2153 2972 enim
2186 2935 2294 2973 non
2331 2929 2414 2973 est
2444 2919 2738 2987 partibilis.
2778 2918 2876 2972 llic
2911 2933 3043 2973 vero
3093 2917 3369 2972 defectum
3405 2917 3580 2972 imbe-

2009 3010 2254 3064 ciilitatis
2296 3011 2584 3064 neminum
2617 3021 2724 3075 εει,
2772 3026 2934 3079 quem
2963 3009 3056 3078 qui
3085 3009 3151 3064 ad
3187 3025 3272 3064 res
3305 3009 3584 3080 significa-

308 3113 483 3172 quam
516 3095 715 3166 vulgus
749 3104 930 3166 putat,
962 3094 1263 3162 intelligit;
1295 3109 1397 3148 nec
1444 3093 1569 3148 ideo
1605 3094 1738 3149 dicit
1790 3096 1905 3150 ltn-c
1935 3083 1977 3140 (ἶ
2009 3111 2097 3157 tas
2127 3101 2410 3166 transfert,
2436 3116 2544 3156 non
2579 3111 2727 3157 recte
2783 3116 2882 3155 nec
2915 3103 3002 3172 pie
3035 3102 3163 3172 agit.
3195 3101 3271 3156 Ad
3301 3118 3584 3171 exponen-

307 3189 404 3243 illc
441 3189 672 3251 doctor,
707 3187 864 3257 quasi
908 3202 1118 3260 negans
1136 3186 1344 3240 Filium
1376 3201 1500 3241 esse
1529 3186 1738 3241 fontem
1773 3186 1900 3257 Spi—

309 3280 461 3335 ritus
494 3279 705 3343 sancti,
753 3278 848 3332 sed
885 3279 1000 3349 ipse
1049 3293 1271 3352 quoque
1311 3294 1416 3332 una
1446 3293 1572 3333 cum
1623 3279 1904 3348 prazdictis

303 3373 648 3428 doctoribus
676 3387 802 3425 eum
837 3372 1043 3426 fontem
1081 3385 1202 3426 esse
1239 3370 1482 3444 Spiritus
1516 3370 1693 3424 sancti
1747 3371 1901 3436 dicit,

308 3464 421 3518 hoc
453 3475 571 3529 est,
595 3465 715 3533 ejus
747 3478 1010 3532 personae.
1043 3462 1138 3515 llis
1167 3461 1336 3532 igitttr
1362 3461 1654 3516 declaratis
1675 3477 1906 3531 respuu-

303 3559 544 3621 -demus,
576 3554 720 3624 quod
757 3570 866 3608 non
900 3551 1274 3606 omnintodam
1305 3551 1618 3604 divinarum
1647 3567 1906 3620 persona-

305 3664 442 3704 rum
484 3648 908 3703 distinctionem
941 3646 1009 3699 ab
1042 3645 1280 3700 invicem
1327 3644 1440 3710 hic,
1474 3652 1534 3698 ut
1563 3643 1738 3697 no.tri
1766 3643 1906 3696 falso

307 3743 695 3804 arbitrantur,
746 3748 969 3794 sanctus
1005 3738 1201 3792 doctor
1234 3737 1453 3791 tradere
1488 3736 1815 3804 preposuit;
1851 3745 1908 3789 et

305 3845 473 3907 patet
507 3835 645 3904 quia
691 3833 896 3886 nullam
932 3831 1055 3885 Filii
1107 3829 1518 3883 distinctionem
1570 3835 1627 3880 ct
1665 3826 1908 3896 Spiritus

302 3929 498 3984 sancti
542 3924 794 3980 tradidit.
827 3921 944 3976 Non
982 3921 1150 3996 igitur
1192 3919 1438 3974 omnium
1491 3919 1660 3973 trium
1713 3933 1902 3988 perso-

299 4035 518 4074 narum
555 4015 625 4071 ab
661 4015 897 4069 invicem
939 4012 1380 4076 distinctionem,
1426 4010 1522 4065 sed
1553 4010 1730 4067 Patris
1761 4008 1905 4064 dun-

300 4122 466 4167 taxat
497 4109 574 4165 ad
605 4109 847 4178 reliquas
884 4107 1074 4161 tradit.
1105 4105 1324 4160 Patrem
1358 4104 1528 4172 igitur
1566 4103 1618 4156 in
1649 4110 1807 4172 parte
1838 4101 1906 4155 ad

298 4204 527 4261 Filium
561 4216 910 4272 comparans,
932 4209 988 4254 et
1014 4214 1206 4253 eorum
1234 4198 1304 4251 ab
1331 4196 1572 4250 invicem
1595 4194 1908 4248 distinctio-

299 4316 438 4356 nem
483 4298 736 4361 tradens,
782 4295 961 4350 solum
1014 4294 1221 4347 fontem
1256 4293 1478 4346 Patrem
1513 4292 1612 4356 ait,
1647 4306 1710 4344 ac
1741 4292 1785 4343 si
1820 4289 1905 4343 di-

2007 3197 2132 3250 dam
2161 3195 2334 3267 igitur
2365 3197 2752 3251 auctoritatem
2807 3197 3148 3266 praedictam,
3193 3205 3249 3250 et
3279 3200 3584 3266 Oppositio-

2009 3304 2131 3342 nem
2192 3288 2323 3342 inde
2372 3287 2682 3342 submotam
2738 3287 3059 3341 solvendam
3123 3287 3224 3341 ctsi
3277 3289 3430 3342 multi
3486 3290 3582 3344 alii

2009 3381 2155 3434 modi
2197 3388 2402 3444 essent,
2437 3389 2620 3434 tamen
2657 3395 2780 3448 quae
2825 3379 2975 3432 dicta
3004 3385 3152 3436 sunt.
3185 3378 3257 3431 ita
3289 3378 3584 3434 manifesta

2008 3484 2064 3530 ct
2101 3475 2406 3530 clarissima
2432 3484 2582 3540 sunt,
2613 3459 2814 3528 ut‘sola
2844 3473 3140 3528 sufﬁciant.
3176 3474 3408 3528 l’robato
3435 3476 3582 3528 enim

2009 3567 2153 3637 quod
2187 3568 2357 3622 Filius
2385 3567 2457 3621 sit
2487 3568 2654 3620 etiam
2704 3566 2827 3620 fons
2873 3565 3121 3628 Deitatis,
3158 3565 3430 3636 siquidem
3463 3567 3586 3622 fons

2009 3657 2248 3724 Spiritus
2297 3657 2477 3711 sancti
2534 3665 2622 3710 est
2656 3665 2974 3710 sanctorum
3021 3656 3248 3711 Patrum
3285 3655 3582 3717 sententia,

2010 3748 2253 3815 Spiritus
2303 3763 2438 3804 vero
2493 3757 2716 3802 sanctus
2763 3749 2907 3802 Deus
2939 3757 3024 3803 cst
3075 3748 3305 3818 (quibus
3359 3747 3584 3802 beatum

2009 3839 2332 3908 Dionysium
2367 3839 2753 3894 contradicere
2781 3839 2968 3893 nullus
3000 3838 3243 3893 fidelium
3277 3837 3472 3909 dicet),
3501 3853 3588 3893 rc-

2011 3940 2120 3985 stat
2158 3941 2219 3983 ut
2249 3931 2353 3985 hoc
2382 3930 2529 4001 quod
2575 3930 2712 3984 dicit
2766 3930 3085 4001 Dionysius,
3137 3932 3316 3986 solum
3374 3930 3584 3986 fontem

2010 4023 2242 4078 Deitatis
2275 4022 2489 4078 Patrem
2523 4038 2667 4088 esse,
2696 4023 3000 4078 secundum
3035 4024 3337 4092 praedictos
3370 4025 3584 4090 modos,

2011 4124 2108 4170 aut
2132 4115 2370 4171 alterum
2401 4117 2644 4180 illorum,
2673 4124 2729 4170 ct
2759 4131 2869 4169 non
2898 4115 3060 4170 aliter
3090 4115 3314 4170 dixerit.

2152 4227 2339 4282 Brevi:
2370 4228 2625 4305 Epilogus
2653 4231 2916 4351 fumium,
2942 4244 3060 4298 qua
3081 4230 3222 4283 dicta
3246 4237 3370 4282 sunt
3392 4231 3446 4284 in

2670 4315 2748 4351 IOC
2786 4315 2959 4351 onere.

2670 4315 2748 4352 IOC
2786 4315 2959 4368 opere.

296 4401 468 4449 οετεῑ
517 4391 740 4444 Patrem
789 4386 1012 4457 ‘i‘lidcm
1070 4384 1277 4438 ίοηιθῐη
1327 4378 1451 4436 Filii
1503 4396 1646 4442 9559’
1705 4379 1903 4434 Filium
1943 4411 1985 4466 ι)
2087 4393 2201 4463 Ego
2232 4391 2453 4462 quidem
2483 4401 2573 4445 tua
2605 4393 2800 4460 gratia,
2844 4389 3272 4444 clementissime
3301 4390 3404 4455 vir,
3440 4393 3587 4461 quod

299 4501 443 4540 vero
483 4486 698 4538 fontem
732 4479 909 4534 Patris
942 4477 1167 4531 minime
1200 4489 1342 4530 esse.
1372 4472 1436 4527 Et
1467 4471 1614 4543 quod
1647 4471 1714 4525 de
1745 4471 1905 4524 Patre

296 4589 356 4635 et
402 4578 564 4633 Filio
609 4575 876 4628 duntaxat
911 4571 1002 4624 hic
1050 4568 1370 4638 speculetur
1399 4606 1416 4629 ,
1468 4581 1498 4620 a
1544 4563 1910 4634 sequentibus

297 4668 736 4724 manifestatur.
764 4662 838 4716 Ea
864 4661 1096 4722 etenim,
1145 4657 1352 4727 inquit,
1385 4671 1509 4726 qua:
1562 4665 1692 4710 sunt
1741 4667 1910 4724 gene-

298 4761 569 4819 rationis
599 4757 819 4818 divinae,
871 4770 997 4824 qua}
1046 4766 1216 4821 super
1268 4765 1487 4804 omnem
1543 4746 1909 4803 substantiam

297 4864 418 4918 est,
453 4867 582 4907 non
617 4855 1020 4905 convertuntur
1063 4843 1132 4897 ad
1175 4843 1434 4896 invicem.
1486 4839 1600 4894 Hoc
1633 4837 1780 4892 enim
1816 4852 1914 4891 no-

241 4945 258 4962 '
301 4962 446 5004 men
491 4939 880 5014 generationis
935 4936 1138 4991 divina:
1167 4934 1384 4989 Patrem
1423 4942 1475 4987 et
1520 4930 1721 4985 Filium
1770 4928 1914 4982 dun-

301 5045 477 5095 taxat
527 5031 779 5103 respicit,
826 5044 952 5084 cum
1009 5027 1102 5081 ille
1157 5033 1408 5096 generet,
1459 5022 1551 5077 hic
1597 5028 1911 5091 generetur.

300 5131 436 5189 Hoc
488 5135 684 5184 autem
735 5121 1086 5179 manifestius
1138 5125 1389 5189 apparet,
1439 5131 1564 5172 cum
1609 5112 1913 5184 subjnngit,

2014 4486 2221 4556 petiisti
2275 4499 2375 4554 pro
2429 4498 2588 4552 posse
2632 4482 2924 4552 complevi.
2975 4481 3106 4547 Quae
3160 4483 3308 4536 enim
3357 4493 3478 4538 acta
3532 4485 3586 4539 in

2015 4578 2254 4632 concilio
2283 4577 2510 4630 fuerunt
2539 4590 2603 4629 ex
2653 4585 2808 4644 parte
2840 4575 3082 4636 narravi,
3119 4575 3409 4645 utriusque
3437 4593 3590 4645 quae-

2014 4670 2211 4724 stionis
2243 4669 2488 4722 rationes
2537 4667 2782 4722 breviter
2813 4666 3050 4722 reddidi.
3100 4667 3230 4734 Quae
3273 4669 3590 4723 inferuntur

2016 4760 2462 4816 inconvenientia
2505 4770 2697 4814 contra
2730 4760 3028 4814 veritatem
3075 4760 3447 4816 conclusionis
3479 4762 3592 4814 sive

2016 4871 2082 4908 ex
2123 4853 2433 4908 rationibus
2473 4852 2937 4916 adversariorum,
2989 4851 3110 4907 sive
3149 4869 3214 4906 ex
3251 4852 3593 4906 auctoritati-

2016 4943 2122 4998 bus
2154 4943 2444 4998 doctorum
2492 4943 2656 4997 solvi.
2689 4943 2754 4998 Et
2785 4943 3010 5010 quidem
3045 4951 3104 4996 ut
3139 4951 3274 5012 pto
3319 4942 3596 4996 suilicien-
3639 4966 3654 4980 -

2019 5042 2121 5089 ter.
2154 5036 2232 5089 Ex
2257 5036 2480 5105 quibus.
2514 5037 2568 5089 ni
2604 5036 2784 5098 fallor,
2823 5035 2949 5090 ﬁdei
2981 5045 3185 5091 nostra:
3236 5033 3446 5090 veritas
3479 5034 3594 5088 cla.

2019 5129 2237 5184 rissime
2270 5129 2499 5198 probata
2551 5137 2656 5181 est.
2686 5127 2868 5181 'fuum
2920 5141 3050 5182 vero
3080 5125 3189 5179 erit
3229 5133 3284 5179 et
3329 5127 3592 5190 alterum,

300 5243 444 5282 cum
482 5222 656 5275 Pater
701 5232 809 5272 non
841 5216 914 5270 sit
941 5212 1139 5276 Filius,
1173 5225 1274 5266 nec
1315 5208 1489 5264 Filius
1520 5209 1683 5263 Pater
1714 5223 1731 5263 :
1765 5216 1917 5275 patet

300 5320 497 5391 igitur
533 5309 683 5382 quod
727 5321 993 5380 generare
1038 5314 1096 5360 et
1142 5304 1314 5373 ipsam
1365 5301 1753 5372 paternitatem
1813 5299 1915 5353 soli

299 5410 472 5466 Patri
511 5405 794 5468 tribuens,
829 5401 1010 5457 solum
1050 5399 1254 5453 fontem
1286 5411 1413 5452 eum
1461 5399 1540 5450 ait
1587 5391 1918 5455 divinitatis,

301 5519 376 5560 ac
431 5499 485 5554 si
546 5496 803 5551 diceret:
838 5493 1004 5548 Solus
1036 5491 1200 5545 Pater
1225 5529 1240 5556 ,
1299 5489 1452 5544 solus
1489 5500 1763 5558 generans
1808 5493 1918 5547 est,

299 5609 417 5652 nec
451 5593 593 5662 ipse
635 5596 963 5660 generatus,
998 5600 1101 5640 nec
1155 5583 1327 5639 Filius
1372 5595 1666 5652 generans,
1699 5594 1823 5633 cum
1856 5592 1922 5633 ea

298 5703 440 5761 qua:
475 5691 624 5740 sunt
649 5679 1022 5753 generationis
1046 5675 1247 5734 divinae
1281 5690 1392 5732 non
1418 5680 1818 5733 convertantur
1848 5670 1918 5728 ad

2020 5235 2256 5290 quorum
2291 5220 2344 5272 in
2386 5233 2578 5273 manus
2610 5218 2716 5272 hoc
2748 5233 2888 5288 Opus
2928 5216 3220 5286 legendum
3252 5215 3608 5284 pervenerit,‘

2021 5317 2228 5362 attente
2265 5308 2472 5377 absque
2505 5307 2762 5380 passione
2810 5301 3012 5377 saepius
3062 5306 3256 5360 eadem
3308 5305 3492 5373 legere
3537 5313 3596 5360 et

2023 5399 2298 5467 relegere,
2326 5410 2382 5455 et
2412 5399 2553 5454 bene
2578 5415 2700 5469 quae
2751 5400 2806 5452 in
2851 5413 2918 5452 eo
2966 5397 3109 5452 dicta
3162 5406 3293 5452 sunt
3346 5404 3596 5451 contem-

2023 5490 2193 5559 plari;
2228 5489 2482 5544 fortassis
2511 5490 2716 5544 etenim
2770 5502 2877 5542 non
2917 5486 3148 5549 inutilis,
3185 5499 3363 5554 neque
3415 5481 3594 5538 labori

2023 5591 2216 5638 nostro
2275 5581 2674 5637 inconveniens
2725 5595 2822 5633 vos
2868 5579 3084 5633 fructus
3137 5587 3440 5647 sequetur;
3494 5575 3593 5628 sed

2025 5673 2201 5745 qualis
2248 5673 2475 5730 maximi
2519 5673 2922 5731 existimandus
2971 5679 3074 5727 est.
3134 5667 3420 5742 Stquidem
3475 5662 3597 5728 veri

1920 5957 1946 5983 Ι
