3990 6212
361 306 464 369 4ὶῖ
1337 296 1839 364 BESSARIONIS
1873 301 1930 361 S.
1961 299 2028 359 Ii.
2075 297 2140 356 E.
2180 290 2645 355 CARDINALIS
3501 278 3609 345 ιέ

363 436 465 475 nec
494 415 810 487 inquirendi
850 413 1192 471 fructuosior
1222 415 1375 471 labor
1403 424 1510 480 est,
1565 428 1669 468 nec
1723 409 1928 465 inventi
2037 408 2260 461 Patrum
2311 403 2669 458 auctoritates
2736 398 2991 454 facillime
3050 404 3345 467 arguentes
3379 411 3394 448 :
3425 393 3613 448 omnis

361 485 655 581 pretiosior
681 512 914 563 fructus.
948 507 1052 562 Sed
1085 515 1212 561 ante
1253 507 1438 560 omnia
1470 513 1792 561 sanctorum
1827 503 1930 555 Pa-
2041 498 2248 554 ctenim
2310 495 2449 550 ratio
2502 494 2588 548 his
2641 489 3033 546 contradicens
3091 485 3442 556 reprobanda
3503 493 3610 549 est,

365 577 509 653 trum
534 606 588 651 et
619 596 905 651 doctorum
931 594 1352 650 occidentalium
1376 594 1755 657 auctori-tates,
1795 605 1934 660 quas
2044 597 2302 658 tanquam
2329 586 2553 642 veritati
2589 583 2863 639 contraria
2883 621 2898 645 ,
2934 578 3209 649 siquidem
3246 579 3437 632 Patres
3466 577 3614 630 veri-

364 705 489 744 eum
523 688 611 742 his
643 686 807 742 simul
839 686 908 739 ad
956 693 1006 739 te
1041 687 1221 751 mitto,
1278 686 1543 755 legentes,
1607 691 1816 738 attente
1865 695 1932 735 ex
2042 690 2208 735 tatem
2237 680 2406 734 locuti
2435 687 2586 732 sunt.
2610 676 2692 730 'I‘u
2721 690 2854 729 vero
2886 689 2991 728 una
3019 687 3145 728 cum
3169 668 3608 726 Occidentalium

366 782 462 836 his
495 780 764 852 colligetis
799 778 1163 847 problematis
1193 778 1356 848 hujus
1397 777 1752 833 clarissimam
1788 774 1934 828 veri-
2039 773 2262 828 Patrum
2297 768 2631 825 testimoniis
2666 767 2832 821 etiam
2864 764 3077 834 aliquas
3110 760 3472 817 Orientalium
3513 773 3618 811 au-

368 883 550 928 tatem.
581 872 640 926 Si
676 873 769 941 qui
809 885 942 926 vero
971 887 1082 925 non
1112 872 1389 937 veritatis,
1426 872 1522 926 sed
1553 867 1937 925 contentionis
2043 865 2328 918 ctoritatcs
2354 878 2383 916 a
2419 861 2579 915 nobis
2597 859 2885 928 accipe.ut
2917 857 3083 912 etiam
3121 855 3258 909 istos
3287 852 3479 907 eadem
3509 849 3620 903 iiiis

365 961 548 1026 amici,
580 969 670 1013 aut
728 960 864 1014 meis
894 959 1226 1024 rationibus,
1270 968 1369 1014 aut
1417 958 1655 1029 dogmati
1707 957 1938 1010 Latino-
2042 953 2313 1015 dicentes,
2337 950 2728 1019 intelligasyet
2760 962 2868 1000 non
2893 944 3072 1000 solum
3107 941 3618 1029 sententia.ver‘um
3663 974 3670 980 .

367 1067 486 1105 rum
541 1050 834 1106 instantias
884 1051 1150 1130 inferant,
1205 1065 1302 1106 eos
1339 1027 1680 1105 deridentes“
1714 1059 1776 1103 et
1840 1062 1940 1116 per
2042 1044 2208 1098 etiam
2237 1042 2374 1112 ipsis
2401 1040 2588 1095 verbis
2621 1052 2720 1093 eos
2756 1038 3083 1107 plerumque
3121 1048 3243 1088 esse
3290 1027 3621 1085 concordes.

963 1226 3620 1253 MM.-.
2803 1249 2898 1253 ___
2905 1243 3620 1253 ___—___—

374 1241 953 1278 π

635 1243 3620 1275 W

551 1397 1432 1608 EJUSDEM
1546 1382 2100 1602 CARD.
2211 1439 3460 1596 BESSARIONIS
3595 1492 3607 1502 -

1308 1751 1459 1836 AD
1529 1744 2022 1855 GRIECOS
2099 1745 2692 1837 EPISTOLA

377 1961 946 2030 EXHOBTANTIS
1017 1960 1167 2021 EOS
1244 1962 1352 2022 AD
1426 1961 1981 2023 OBEDIENTIAM
2058 1960 2644 2022 SACBOSANCTJE
2724 1959 3090 2022 ROMANZE
3179 1947 3623 2036 ECCLESIE,

1136 2085 1238 2144 ET
1315 2081 1905 2144 SUSCEPTIONEM
1971 2081 2266 2142 SYNODI
2322 2079 2883 2152 FLORENTINAE,
2959 2110 2993 2134 ο

612 2206 710 2266 ET
759 2207 863 2267 DE
913 2203 1370 2266 ELECTIONE
1407 2205 1550 2266 SUA
1585 2203 1664 2263 IN
1698 2201 2271 2264 PATIIIARCIIAM
2327 2200 3391 2264 CONSTANTINOPOLITANUM.

1700 2517 2330 2582 ARGUMENTUM.

458 2690 630 2750 Graeci
667 2690 865 2754 nostri,
898 2697 1118 2744 mortuo
1145 2683 1388 2754 Josepho
1422 2683 1734 2754 patriarcha
1767 2681 2383 2752 Constantinopolitano
2426 2681 2719 2737 Florentiae
2742 2725 2757 2747 ,
2783 2680 3098 2738 noluerunt
3146 2683 3390 2738 alterum
3422 2687 3628 2758 eligi-re

382 2796 442 2840 et
470 2786 523 2839 in
551 2786 730 2838 locum
761 2778 1438 2856 demortuisubstituere,
1478 2792 1642 2846 quem
1675 2774 2032 2830 contirmaret
2060 2789 2309 2829 summus
2347 2774 2590 2844 pontifex
2627 2775 2903 2845 Eugenius
2940 2775 3029 2841 IV,
3059 2779 3205 2846 quod
3239 2780 3484 2836 dicerent
3512 2797 3626 2836 ntrl

384 2892 511 2932 esse
545 2876 715 2928 moris
756 2888 881 2927 eum
909 2871 1148 2942 eligendi
1183 2879 1338 2926 extra
1369 2867 1927 2938 ConStantinopoIim.
1959 2869 2173 2934 Quibus
2205 2869 2521 2923 excusando
2553 2883 2612 2922 se
2660 2869 3060 2926 humanissime
3105 2873 3347 2942 pontifex
3399 2891 3630 2947 respou-

383 2969 486 3033 dit,
517 2983 575 3022 se
611 2982 719 3021 non
749 2981 910 3035 posse
953 2964 1231 3034 deponere
1260 2961 1515 3016 Latinum
1563 2960 1928 3030 patriarcliam
1983 2961 2284 3024 titularem,
2325 2959 2431 3014 nisi
2462 2960 2638 3015 Graeci
2674 2972 3051 3030 proponerent
3094 2964 3328 3020 alterum
3381 2967 3627 3022 Gr:ecnm

385 3064 458 3118 ibi
496 3061 586 3115 ubi
620 3060 1003 3116 celebrabatur
1035 3059 1334 3113 concilium
1362 3098 1376 3122 ,
1410 3072 1438 3110 a
1473 3071 1534 3111 se
1564 3055 2026 3110 confirmandum.
2055 3054 2228 3120 Quem
2269 3062 2453 3108 autem
2481 3064 2675 3124 postea
2707 3053 3184 3127 Constantinopoli
3231 3061 3467 3129 primum
3513 3061 3628 3115 ele-

383 3157 584 3226 gerint,
618 3171 728 3210 non
759 3157 897 3210 adeo
925 3163 1162 3211 constat.
1213 3155 1272 3208 In
1328 3151 1560 3207 historia
1619 3166 1798 3220 quam
1816 3150 2038 3220 scripsit
2082 3161 2272 3205 nostra
2301 3150 2839 3229 aetate’Tlieodosius
2865 3152 3180 3224 Zygomalas
3216 3156 3282 3210 ad
3335 3157 3626 3212 Ma’rtinum

371 3254 638 3309 Crusium
690 3253 1029 3316 hmreticum,
1064 3250 1435 3306 fertur‘fuisse
1483 3247 1780 3318 Gregorius
1811 3247 2265 3316 Protosyngelus.
2323 3256 2386 3302 ut
2425 3247 2737 3303 notavimus
2781 3247 2833 3301 in
2883 3264 2920 3302 tt
2972 3249 3115 3304 libro
3142 3250 3210 3305 de
3263 3252 3638 3308 Sacramentis

386 3361 580 3401 versus
614 3346 798 3400 linem.
831 3345 1196 3399 Doctissimus
1219 3342 1618 3412 Caryophyllus
1648 3341 1702 3394 in
1737 3341 1880 3395 libro
1905 3342 2152 3412 quinque
2190 3343 2454 3412 capitum,
2491 3357 2656 3412 quem
2693 3342 2748 3396 in
2779 3326 3019 3413 linguam
3051 3345 3234 3399 tritam
3268 3354 3326 3401 et
3364 3363 3635 3402 vernacuo

385 3439 493 3492 lam
529 3437 844 3493 Graecorum
880 3438 1065 3502 vertit,
1098 3452 1165 3491 ex
1197 3436 1318 3490 aliis
1346 3433 1630 3489 historicis
1661 3434 1863 3505 colligit
1898 3435 2064 3490 fuisse
2088 3435 2509 3502 Bessarionem,
2551 3435 2698 3505 quod
2739 3450 2841 3506 ego
2873 3452 2983 3492 non
3009 3438 3195 3502 credo,
3229 3440 3448 3496 fecisset
3481 3443 3628 3498 enini

385 3532 586 3587 alicubi
622 3547 686 3586 ea
723 3531 791 3586 de
833 3545 892 3586 re
927 3530 1218 3586 Bcssarion
1253 3519 1616 3584 mentionem.
1650 3527 1858 3584 Ferunt
1887 3543 2013 3582 eum
2059 3528 2242 3582 facere
2285 3527 2622 3582 tuentionem
2647 3529 2715 3581 in
2769 3529 2873 3583 hac
2902 3531 3016 3599 ipsa
3053 3529 3284 3598 epistola
3318 3549 3440 3588 cum
3474 3534 3630 3600 dicit,

384 3645 444 3684 se
474 3629 732 3684 habuisse
766 3631 912 3682 inter
935 3626 1155 3682 Graecos
1190 3641 1435 3680 summos
1469 3626 1732 3681 honores.
1763 3625 1831 3678 At
1865 3624 1970 3678 hoc
2001 3623 2302 3678 verisimile
2329 3631 2413 3678 est
2447 3638 2572 3678 eum
2609 3623 2798 3678 dicere
2829 3635 3055 3694 propter
3087 3627 3392 3683 doctrinam
3414 3639 3470 3685 et
3500 3645 3638 3699 pru-

385 3723 627 3778 dentiam
664 3740 678 3776 :
717 3721 958 3790 alioquitt
993 3720 1158 3774 etiam
1191 3719 1490 3773 imberbem
1520 3727 1575 3773 et
1599 3718 1863 3788 juvenem
1891 3715 2035 3786 apud
2071 3716 2434 3785 imperatores
2461 3732 2573 3787 prae
2602 3720 2815 3776 cancris
2840 3721 3074 3790 ephebis
3124 3722 3179 3776 in
3225 3723 3435 3779 honore
3478 3723 3642 3778 habi-

389 3829 502 3872 tuttt
536 3817 707 3872 fuisse
738 3822 988 3869 testatur.
1021 3812 1126 3866 Sed
1158 3826 1308 3877 eum,
1340 3812 1535 3876 aiunt,
1579 3811 1897 3866 substitisse
1937 3811 2126 3864 Roma:
2157 3809 2492 3865 cardinalem
2523 3820 2792 3866 creatum.
2824 3811 2878 3868 Si
2914 3813 3222 3885 intelligant
3253 3816 3639 3872 Bessarionem

388 3917 512 3978 post
537 3906 831 3960 concilium
859 3919 969 3958 non
999 3903 1170 3958 fuisse
1203 3918 1482 3957 reversum
1512 3903 1565 3956 in
1602 3902 1892 3967 Graeciam,
1945 3900 2145 3956 falsum
2174 3913 2262 3957 est
2285 3940 2298 3964 ,
2338 3909 2397 3954 ut
2429 3912 2648 3956 constat
2679 3918 2742 3958 ex
2772 3905 3001 3974 cpistola
3033 3907 3380 3964 Bessarionis
3409 3909 3474 3963 ad
3506 3909 3642 3964 Las-

387 4002 556 4060 carim
595 4000 1136 4070 Philanthropinum,
1166 3999 1314 4054 circa
1351 4000 1682 4068 prommium
1709 4039 1723 4064 ,
1764 3997 1858 4051 tibi
1891 4012 1963 4066 re]

2092 4009 2244 4050 tntur
2270 3998 2383 4052 lucc
2415 3999 2580 4054 verba
2601 4039 2615 4062 ,
2657 4002 2793 4069 μετὰ
2823 4001 2922 4072 τὴν
2955 4005 3253 4073 γινομένην
3283 4006 3442 4074 ἁγῖαν
3473 3999 3668 4060 σύνοέ

387 4096 496 4160 δον,
530 4097 626 4148 καὶ
654 4094 754 4164 τὴν
789 4095 867 4158 εἰς
904 4090 1489 4146 Κωνσταντινούπολιν
1530 4091 1689 4162 ἡμῶν
1745 4091 1963 4144 ὲπάνοδε

2075 4099 2188 4160 post
2213 4091 2534 4146 celebratum
2585 4110 2795 4147 sacrant
2844 4095 3146 4163 concilium,
3199 4107 3247 4151 et
3290 4108 3526 4152 nostrum
3584 4101 3645 4153 in

389 4189 898 4260 Constantiiwpolim
950 4189 1196 4241 reditum.
1243 4187 1298 4240 Si
1334 4195 1518 4240 autem
1572 4185 1884 4254 intelligant
1913 4200 2039 4239 eum
2074 4186 2225 4240 brevi
2256 4187 2570 4242 substitisse
2603 4187 2656 4241 in
2708 4204 2771 4243 ea
2813 4191 2949 4243 urbe
2977 4200 3030 4244 et
3062 4207 3340 4246 reversum
3383 4194 3548 4247 fuisse
3587 4197 3646 4247 in

391 4284 630 4343 Italiam.
659 4282 912 4352 quamvis
941 4296 1049 4336 non
1077 4280 1148 4334 sit
1170 4288 1408 4342 certum,
1440 4288 1622 4332 tamen
1655 4279 1771 4332 fieri
1804 4286 2006 4351 potest,
2038 4289 2092 4332 et
2128 4288 2260 4333 tunc
2294 4279 2488 4334 debuit
2517 4280 2817 4336 historicus
2845 4281 3064 4346 dicere,
3094 4287 3344 4354 quamvis
3373 4285 3654 4342 Constan-

393 4379 619 4446 tinopoli
673 4391 918 4448 praesens
964 4376 1172 4430 electus
1201 4375 1390 4436 fuerit,
1422 4374 1601 4429 noluit
1653 4382 1833 4427 tamen
1873 4383 2186 4442 acceptare.
2239 4375 2558 4429 Secundum
2599 4376 2754 4429 aiunt
2788 4375 2954 4430 fuisse
2999 4376 3436 4448 Metrophanem,
3480 4396 3650 4447 qne-u

391 4471 637 4526 mordaci
675 4476 975 4523 scommate
1021 4481 1119 4536 per
1143 4474 1524 4535 contemptum
1557 4465 1832 4520 vocabant
1863 4481 1967 4534 μητ

2081 4465 2232 4532 κόνον,
2281 4475 2338 4520 et
2373 4468 2781 4537 φρατριάρχην,
2813 4469 3038 4522 tertium
3085 4467 3406 4539 Gregorium
3457 4483 3657 4542 protoo

392 4562 674 4633 syngclum
708 4601 723 4626 ,
774 4560 866 4630 qui
903 4560 1009 4615 fuit
1038 4576 1069 4614 a
1108 4559 1555 4615 confessionibus
1591 4560 1820 4615 Joannis
1857 4559 2141 4628 Palzeol03i
2194 4561 2543 4629 inperatoris
2575 4599 2591 4624 ,
2654 4572 2708 4616 et
2756 4562 2934 4615 tenuit
2983 4563 3166 4616 locum
3206 4563 3552 4620 Alexandrini
3588 4567 3654 4622 in

393 4655 623 4727 synodo.
659 4655 724 4708 IIi
762 4669 956 4710 omnes
983 4655 1210 4709 fuerunt
1234 4670 1299 4707 ex
1327 4653 1584 4708 I’atribus
1613 4653 1857 4716 concilii,
1893 4650 1986 4720 qui
2025 4651 2504 4721 snbscripscrant,
2533 4661 2595 4708 et‘
2620 4665 3049 4722 permanserunt
3079 4668 3394 4712 constantes
3431 4658 3482 4710 in
3510 4674 3655 4711 con-

394 4749 582 4805 cordia
618 4755 674 4803 et
713 4748 918 4802 unione
953 4763 1077 4802 cum
1109 4747 1352 4801 Ecclesia
1389 4745 1654 4800 Romana.
1694 4745 1864 4798 Porro
1909 4744 1978 4798 de
2009 4744 2276 4814 Gregorio
2309 4747 2696 4816 protosyngelo
2736 4751 2852 4800 sive
2888 4747 3054 4802 fuerit
3089 4751 3340 4818 primus,
3382 4753 3496 4804 sive
3531 4760 3660 4804 ter-

396 4845 525 4906 tius,
567 4843 670 4895 hoc
695 4850 904 4896 certum
937 4850 1042 4904 est,
1065 4855 1192 4895 eum
1221 4850 1415 4910 sponte
1445 4841 1684 4895 cessisse
1719 4838 2103 4908 patriarehatn
2129 4877 2142 4899 ,
2172 4849 2226 4891 et
2257 4853 2323 4892 eo
2353 4855 2580 4892 munere
2626 4838 2914 4908 dignitatis
2970 4856 3030 4896 se
3077 4844 3382 4908 abdicasse,
3434 4845 3542 4898 imo
3593 4853 3659 4899 et

397 4939 582 4992 Romae
613 4951 671 4990 se
699 4935 992 5004 recepisse.
1032 4949 1095 4987 ac
1124 4933 1462 4987 inhabitasse
1491 4932 1888 4986 monasterium
1929 4930 1988 4984 S.
2025 4929 2245 4998 Georgii
2279 4930 2332 4983 in
2384 4931 2617 4984 Velabro
2643 4973 2657 4997 ,
2693 4947 2866 5000 prope
2930 4933 3132 4987 Forum
3198 4934 3479 4988 Boarium.
3534 4933 3662 4992 Hoc

359 5055 366 5060 -
399 5039 571 5082 totum
601 5026 830 5093 contigit
860 5033 1107 5094 tempore
1132 5023 1340 5079 Nicolai
1372 5023 1430 5087 ν,
1460 5025 1556 5093 qui
1585 5024 1750 5077 etiam
1777 5021 1972 5077 scribit
2005 5019 2072 5072 ad
2109 5020 2528 5074 Coastantinum
2568 5030 2909 5089 postremum
2948 5025 3366 5094 imperatorem,
3417 5035 3474 5081 et
3509 5041 3650 5080 eum

401 5119 674 5184 hortatur,
711 5126 772 5171 ut
806 5117 1090 5187 proprium
1117 5115 1511 5191 patriarcbam,
1540 5129 1646 5168 non
1681 5124 1737 5168 ut
1772 5115 2070 5183 quemdam
2103 5112 2345 5180 aliquem
2380 5115 2560 5166 tenuis
2585 5113 2822 5169 fortuna:
2863 5119 3204 5172 sacerdotem
3240 5120 3439 5172 misere
3470 5119 3654 5174 vivere

398 5215 587 5280 sinat,
620 5215 716 5269 sed
776 5224 837 5267 ut
891 5212 1052 5268 decet
1101 5227 1292 5267 verum
1351 5210 1720 5281 patriarcltam
1763 5207 2462 5278 Constantinopolitanum,
2521 5225 2872 5278 summopere
2911 5211 3012 5280 ipsi
3062 5211 3503 5267 commendando
3559 5226 3651 5265 ro—

399 5319 510 5380 gat,
544 5318 604 5364 ut
630 5323 757 5364 eum
786 5306 966 5362 redire
995 5307 1063 5362 ad
1101 5321 1261 5361 suum
1297 5307 1558 5361 thronum
1590 5314 1746 5360 curet
1782 5322 1797 5359 :
1829 5304 1994 5375 eique
2036 5320 2260 5359 reverso
2294 5305 2481 5360 cuncti
2535 5305 2803 5361 honorem
2837 5314 2892 5359 et
2921 5308 3296 5364 obedientiam
3328 5310 3642 5367 exhibeant.

399 5403 664 5460 Eumdem
692 5402 876 5457 ferunt
921 5408 1044 5469 post
1074 5400 1283 5454 obitum
1317 5399 1812 5469 θαυματουργῆσιι
1834 5435 1850 5457 ,
1879 5397 2120 5452 edidisse
2153 5398 2440 5453 miracula.
2475 5397 2546 5453 De
2579 5399 2772 5455 eodem
2801 5402 3089 5474 Gregorio,
3123 5405 3190 5461 de
3224 5408 3434 5464 Isidoro
3482 5410 3652 5464 etiam

399 5499 780 5555 Ruthenorum
811 5495 1081 5558 antistite,
1114 5503 1169 5548 et
1203 5494 1530 5549 Bessarione
1566 5494 1646 5548 sic
1681 5491 1880 5548 scribit
1907 5489 2040 5546 Pius
2073 5493 2352 5547 secundus
2382 5493 2524 5548 libro
2556 5510 2608 5548 ιι
2653 5497 2706 5549 in
2741 5497 2856 5552 suis
2889 5499 3334 5568 Commentariis,
3357 5506 3503 5558 circa
3541 5514 3660 5559 ter-

402 5591 530 5646 tiam
565 5597 774 5660 partem
805 5589 933 5643 libri
963 5605 978 5643 :
1012 5607 1030 5642 ‹
1078 5588 1235 5644 Hunc
1276 5603 1479 5642 annum
1515 5588 1620 5642 viri
1673 5596 1786 5642 tres
1823 5587 1876 5640 in
1930 5587 2176 5643 Ecclesia
2228 5590 2609 5659 prmcellentes
2647 5575 2922 5660 insignem
2967 5597 3268 5652 morientes
3314 5599 3602 5652 reddidere
3633 5617 3654 5655 :

404 5679 618 5749 primus
644 5679 747 5734 fuit
773 5678 1013 5736 Isidorus
1047 5677 1341 5736 cardinalis
1370 5679 1658 5749 episcopus
1687 5677 2036 5748 Sabiucusis,
2067 5679 2160 5750 qui
2207 5680 2303 5736 diu
2331 5691 2490 5737 antea
2529 5697 2834 5753 percussus
2878 5688 3166 5758 ap0plcxia
3193 5688 3508 5760 perdiderat
3532 5705 3660 5746 sen-
