  <div class='ocr_page' id='page_1' title='image "/cluster/home/n/w/nwhite01/storage/ocr_20150623/161/hvd.32044073502700/338.png"; bbox 0 0 3990 6212; ppageno 0'>
   <div class='ocr_carea' id='block_1_1' title="bbox 403 202 3636 274">
    <p class='ocr_par' dir='ltr' id='par_1_1' title="bbox 403 202 3636 274">
     <span class='ocr_line' id='line_1_1' title="bbox 403 202 3636 274; baseline -0.002 -2"><span class='ocrx_word' id='word_1_1' title='bbox 403 208 511 274; x_wconf 67' lang='grc'><strong>449</strong></span> <span class='ocrx_word' id='word_1_2' title='bbox 1552 207 1967 271; x_wconf 60' lang='lat' dir='ltr'><strong>ENCYCLICA</strong></span> <span class='ocrx_word' id='word_1_3' title='bbox 2012 209 2113 270; x_wconf 85' lang='lat' dir='ltr'><strong>AD</strong></span> <span class='ocrx_word' id='word_1_4' title='bbox 2148 207 2485 270; x_wconf 62' lang='lat' dir='ltr'><strong>GRAECOS.</strong></span> <span class='ocrx_word' id='word_1_5' title='bbox 3529 202 3636 266; x_wconf 65' lang='lat'><strong>450</strong></span> 
     </span>
    </p>
   </div>
   <div class='ocr_carea' id='block_1_2' title="bbox 410 323 3638 398">
    <p class='ocr_par' dir='ltr' id='par_1_2' title="bbox 410 323 3638 398">
     <span class='ocr_line' id='line_1_2' title="bbox 410 323 3638 398; baseline 0 -16"><span class='ocrx_word' id='word_1_6' title='bbox 410 325 592 382; x_wconf 81' lang='lat' dir='ltr'><strong>monis</strong></span> <span class='ocrx_word' id='word_1_7' title='bbox 627 339 808 381; x_wconf 90' lang='lat' dir='ltr'><strong>usum.</strong></span> <span class='ocrx_word' id='word_1_8' title='bbox 845 323 1117 381; x_wconf 79' lang='lat' dir='ltr'><strong>Ruthenis</strong></span> <span class='ocrx_word' id='word_1_9' title='bbox 1143 324 1232 380; x_wconf 93' lang='lat' dir='ltr'><strong>hic</strong></span> <span class='ocrx_word' id='word_1_10' title='bbox 1271 323 1567 395; x_wconf 65' lang='lat' dir='ltr'><strong>praefuerat</strong></span> <span class='ocrx_word' id='word_1_11' title='bbox 1605 329 1886 398; x_wconf 87' lang='lat' dir='ltr'><strong>quondam</strong></span> <span class='ocrx_word' id='word_1_12' title='bbox 1921 327 2165 398; x_wconf 73' lang='lat' dir='ltr'><strong>pontifex</strong></span> <span class='ocrx_word' id='word_1_13' title='bbox 2193 327 2512 383; x_wconf 73' lang='lat' dir='ltr'><strong>borealibus</strong></span> <span class='ocrx_word' id='word_1_14' title='bbox 2546 327 2764 396; x_wconf 86' lang='lat' dir='ltr'><strong>populis</strong></span> <span class='ocrx_word' id='word_1_15' title='bbox 2793 324 3168 380; x_wconf 73' lang='lat' dir='ltr'><strong>Cmcanicum</strong></span> <span class='ocrx_word' id='word_1_16' title='bbox 3211 323 3376 378; x_wconf 93' lang='lat' dir='ltr'><strong>ritum</strong></span> <span class='ocrx_word' id='word_1_17' title='bbox 3415 339 3638 382; x_wconf 80' lang='lat' dir='ltr'><strong>servan-</strong></span> 
     </span>
    </p>
   </div>
   <div class='ocr_carea' id='block_1_3' title="bbox 407 419 3641 494">
    <p class='ocr_par' dir='ltr' id='par_1_3' title="bbox 407 419 3641 494">
     <span class='ocr_line' id='line_1_3' title="bbox 407 419 3641 494; baseline -0.001 -17"><span class='ocrx_word' id='word_1_18' title='bbox 407 424 578 478; x_wconf 90' lang='lat' dir='ltr'><strong>tibus.</strong></span> <span class='ocrx_word' id='word_1_19' title='bbox 613 419 748 476; x_wconf 88' lang='lat' dir='ltr'><strong>Cum</strong></span> <span class='ocrx_word' id='word_1_20' title='bbox 776 430 934 490; x_wconf 86' lang='lat' dir='ltr'><strong>capta</strong></span> <span class='ocrx_word' id='word_1_21' title='bbox 966 429 1050 477; x_wconf 89' lang='lat' dir='ltr'><strong>est</strong></span> <span class='ocrx_word' id='word_1_22' title='bbox 1078 420 1646 493; x_wconf 82' lang='lat' dir='ltr'><strong>Constantinopolisa</strong></span> <span class='ocrx_word' id='word_1_23' title='bbox 1668 422 1886 490; x_wconf 84' lang='lat' dir='ltr'><strong>Turcis,</strong></span> <span class='ocrx_word' id='word_1_24' title='bbox 1934 425 2173 494; x_wconf 87' lang='lat' dir='ltr'><strong>legatum</strong></span> <span class='ocrx_word' id='word_1_25' title='bbox 2206 424 2320 479; x_wconf 92' lang='lat' dir='ltr'><strong>illic</strong></span> <span class='ocrx_word' id='word_1_26' title='bbox 2352 423 2548 494; x_wconf 83' lang='lat' dir='ltr'><strong>agebat</strong></span> <span class='ocrx_word' id='word_1_27' title='bbox 2599 422 2912 491; x_wconf 72' lang='lat' dir='ltr'><strong>apostolicae</strong></span> <span class='ocrx_word' id='word_1_28' title='bbox 2959 421 3128 486; x_wconf 86' lang='lat' dir='ltr'><strong>sedis,</strong></span> <span class='ocrx_word' id='word_1_29' title='bbox 3157 422 3270 492; x_wconf 86' lang='lat' dir='ltr'><strong>jam</strong></span> <span class='ocrx_word' id='word_1_30' title='bbox 3317 421 3528 491; x_wconf 84' lang='lat' dir='ltr'><strong>pridem</strong></span> <span class='ocrx_word' id='word_1_31' title='bbox 3573 425 3641 476; x_wconf 84' lang='lat' dir='ltr'><strong>ah</strong></span> 
     </span>
    </p>
   </div>
   <div class='ocr_carea' id='block_1_4' title="bbox 408 516 3642 590">
    <p class='ocr_par' dir='ltr' id='par_1_4' title="bbox 408 516 3642 590">
     <span class='ocr_line' id='line_1_4' title="bbox 408 516 3642 590; baseline -0.002 -15"><span class='ocrx_word' id='word_1_32' title='bbox 408 518 654 588; x_wconf 82' lang='lat' dir='ltr'><strong>Eugenio</strong></span> <span class='ocrx_word' id='word_1_33' title='bbox 681 516 941 587; x_wconf 84' lang='lat' dir='ltr'><strong>pontifice</strong></span> <span class='ocrx_word' id='word_1_34' title='bbox 977 517 1220 572; x_wconf 81' lang='lat' dir='ltr'><strong>maxime</strong></span> <span class='ocrx_word' id='word_1_35' title='bbox 1249 518 1619 574; x_wconf 87' lang='lat' dir='ltr'><strong>cardinalatus</strong></span> <span class='ocrx_word' id='word_1_36' title='bbox 1650 519 1916 590; x_wconf 71' lang='lat' dir='ltr'><strong>dignitate</strong></span> <span class='ocrx_word' id='word_1_37' title='bbox 1947 519 2206 575; x_wconf 85' lang='lat' dir='ltr'><strong>donatus.</strong></span> <span class='ocrx_word' id='word_1_38' title='bbox 2238 519 2294 572; x_wconf 94' lang='lat' dir='ltr'><strong>ln</strong></span> <span class='ocrx_word' id='word_1_39' title='bbox 2325 518 2474 574; x_wconf 64' lang='lat' dir='ltr'><strong>caede</strong></span> <span class='ocrx_word' id='word_1_40' title='bbox 2508 517 2976 579; x_wconf 80' lang='lat' dir='ltr'><strong>Christianorum,</strong></span> <span class='ocrx_word' id='word_1_41' title='bbox 3000 532 3123 586; x_wconf 72' lang='lat' dir='ltr'><strong>qua:</strong></span> <span class='ocrx_word' id='word_1_42' title='bbox 3149 518 3346 587; x_wconf 88' lang='lat' dir='ltr'><strong>ingens</strong></span> <span class='ocrx_word' id='word_1_43' title='bbox 3379 516 3456 572; x_wconf 87' lang='lat' dir='ltr'><strong>ibi</strong></span> <span class='ocrx_word' id='word_1_44' title='bbox 3499 517 3642 572; x_wconf 87' lang='lat' dir='ltr'><strong>facta</strong></span> 
     </span>
    </p>
   </div>
   <div class='ocr_carea' id='block_1_5' title="bbox 406 608 3642 680">
    <p class='ocr_par' dir='ltr' id='par_1_5' title="bbox 406 608 3642 680">
     <span class='ocr_line' id='line_1_5' title="bbox 406 608 3642 680; baseline -0.001 -14"><span class='ocrx_word' id='word_1_45' title='bbox 406 619 515 674; x_wconf 89' lang='lat' dir='ltr'><strong>est,</strong></span> <span class='ocrx_word' id='word_1_46' title='bbox 540 609 744 680; x_wconf 73' lang='lat' dir='ltr'><strong>iacenti</strong></span> <span class='ocrx_word' id='word_1_47' title='bbox 774 608 1060 664; x_wconf 82' lang='lat' dir='ltr'><strong>cadaveris</strong></span> <span class='ocrx_word' id='word_1_48' title='bbox 1087 609 1348 675; x_wconf 83' lang='lat' dir='ltr'><strong>hominis,</strong></span> <span class='ocrx_word' id='word_1_49' title='bbox 1381 611 1477 680; x_wconf 85' lang='lat' dir='ltr'><strong>qui</strong></span> <span class='ocrx_word' id='word_1_50' title='bbox 1507 611 1614 666; x_wconf 89' lang='lat' dir='ltr'><strong>sibi</strong></span> <span class='ocrx_word' id='word_1_51' title='bbox 1643 611 1841 668; x_wconf 89' lang='lat' dir='ltr'><strong>fuisset</strong></span> <span class='ocrx_word' id='word_1_52' title='bbox 1871 612 2092 676; x_wconf 87' lang='lat' dir='ltr'><strong>similis,</strong></span> <span class='ocrx_word' id='word_1_53' title='bbox 2124 612 2455 667; x_wconf 83' lang='lat' dir='ltr'><strong>vestimenta</strong></span> <span class='ocrx_word' id='word_1_54' title='bbox 2491 609 2800 674; x_wconf 77' lang='lat' dir='ltr'><strong>subtraxit,</strong></span> <span class='ocrx_word' id='word_1_55' title='bbox 2857 619 2914 664; x_wconf 87' lang='lat' dir='ltr'><strong>et</strong></span> <span class='ocrx_word' id='word_1_56' title='bbox 2941 623 3067 664; x_wconf 93' lang='lat' dir='ltr'><strong>cum</strong></span> <span class='ocrx_word' id='word_1_57' title='bbox 3119 609 3236 664; x_wconf 89' lang='lat' dir='ltr'><strong>suis</strong></span> <span class='ocrx_word' id='word_1_58' title='bbox 3288 609 3642 679; x_wconf 80' lang='lat' dir='ltr'><strong>permutavit,</strong></span> 
     </span>
    </p>
   </div>
   <div class='ocr_carea' id='block_1_6' title="bbox 409 700 3634 776">
    <p class='ocr_par' dir='ltr' id='par_1_6' title="bbox 409 700 3634 776">
     <span class='ocr_line' id='line_1_6' title="bbox 409 700 3634 776; baseline -0.001 -18"><span class='ocrx_word' id='word_1_59' title='bbox 409 702 627 758; x_wconf 86' lang='lat' dir='ltr'><strong>euculla</strong></span> <span class='ocrx_word' id='word_1_60' title='bbox 660 711 716 756; x_wconf 89' lang='lat' dir='ltr'><strong>et</strong></span> <span class='ocrx_word' id='word_1_61' title='bbox 754 700 979 757; x_wconf 89' lang='lat' dir='ltr'><strong>rubenti</strong></span> <span class='ocrx_word' id='word_1_62' title='bbox 1016 701 1162 772; x_wconf 89' lang='lat' dir='ltr'><strong>pileo</strong></span> <span class='ocrx_word' id='word_1_63' title='bbox 1187 719 1354 774; x_wconf 83' lang='lat' dir='ltr'><strong>supra</strong></span> <span class='ocrx_word' id='word_1_64' title='bbox 1387 713 1668 760; x_wconf 91' lang='lat' dir='ltr'><strong>mortuum</strong></span> <span class='ocrx_word' id='word_1_65' title='bbox 1693 705 1963 770; x_wconf 83' lang='lat' dir='ltr'><strong>dimissis,</strong></span> <span class='ocrx_word' id='word_1_66' title='bbox 2000 707 2118 776; x_wconf 88' lang='lat' dir='ltr'><strong>ipse</strong></span> <span class='ocrx_word' id='word_1_67' title='bbox 2154 715 2414 774; x_wconf 78' lang='lat' dir='ltr'><strong>tanquam</strong></span> <span class='ocrx_word' id='word_1_68' title='bbox 2454 718 2598 758; x_wconf 85' lang='lat' dir='ltr'><strong>unus</strong></span> <span class='ocrx_word' id='word_1_69' title='bbox 2629 701 2698 756; x_wconf 84' lang='lat' dir='ltr'><strong>de</strong></span> <span class='ocrx_word' id='word_1_70' title='bbox 2737 701 2894 771; x_wconf 87' lang='lat' dir='ltr'><strong>plebe</strong></span> <span class='ocrx_word' id='word_1_71' title='bbox 2919 709 3113 771; x_wconf 88' lang='lat' dir='ltr'><strong>captus</strong></span> <span class='ocrx_word' id='word_1_72' title='bbox 3144 717 3314 772; x_wconf 78' lang='lat' dir='ltr'><strong>parvo</strong></span> <span class='ocrx_word' id='word_1_73' title='bbox 3346 701 3526 771; x_wconf 89' lang='lat' dir='ltr'><strong>pretio</strong></span> <span class='ocrx_word' id='word_1_74' title='bbox 3563 716 3634 756; x_wconf 84' lang='lat' dir='ltr'><strong>re-</strong></span> 
     </span>
    </p>
   </div>
   <div class='ocr_carea' id='block_1_7' title="bbox 409 791 3641 872">
    <p class='ocr_par' dir='ltr' id='par_1_7' title="bbox 409 791 3641 872">
     <span class='ocr_line' id='line_1_7' title="bbox 409 791 3641 872; baseline -0.002 -18"><span class='ocrx_word' id='word_1_75' title='bbox 409 799 668 870; x_wconf 79' lang='lat' dir='ltr'><strong>demptus</strong></span> <span class='ocrx_word' id='word_1_76' title='bbox 695 809 810 862; x_wconf 89' lang='lat' dir='ltr'><strong>est;</strong></span> <span class='ocrx_word' id='word_1_77' title='bbox 837 797 1120 860; x_wconf 78' lang='lat' dir='ltr'><strong>cadaveri,</strong></span> <span class='ocrx_word' id='word_1_78' title='bbox 1158 814 1325 870; x_wconf 83' lang='lat' dir='ltr'><strong>super</strong></span> <span class='ocrx_word' id='word_1_79' title='bbox 1349 815 1460 869; x_wconf 90' lang='lat' dir='ltr'><strong>quo</strong></span> <span class='ocrx_word' id='word_1_80' title='bbox 1490 801 1706 870; x_wconf 77' lang='lat' dir='ltr'><strong>insigne</strong></span> <span class='ocrx_word' id='word_1_81' title='bbox 1733 801 2104 857; x_wconf 85' lang='lat' dir='ltr'><strong>cardinalatus</strong></span> <span class='ocrx_word' id='word_1_82' title='bbox 2151 811 2429 872; x_wconf 89' lang='lat' dir='ltr'><strong>repertum</strong></span> <span class='ocrx_word' id='word_1_83' title='bbox 2452 841 2468 866; x_wconf 97' lang='lat'><strong>,</strong></span> <span class='ocrx_word' id='word_1_84' title='bbox 2509 807 2674 870; x_wconf 92' lang='lat' dir='ltr'><strong>caput</strong></span> <span class='ocrx_word' id='word_1_85' title='bbox 2718 797 3023 853; x_wconf 85' lang='lat' dir='ltr'><strong>abscissum</strong></span> <span class='ocrx_word' id='word_1_86' title='bbox 3066 806 3176 858; x_wconf 89' lang='lat' dir='ltr'><strong>est,</strong></span> <span class='ocrx_word' id='word_1_87' title='bbox 3221 805 3278 850; x_wconf 92' lang='lat' dir='ltr'><strong>et</strong></span> <span class='ocrx_word' id='word_1_88' title='bbox 3312 795 3482 850; x_wconf 69' lang='lat' dir='ltr'><strong>basta:</strong></span> <span class='ocrx_word' id='word_1_89' title='bbox 3532 791 3641 849; x_wconf 85' lang='lat' dir='ltr'><strong>suf-</strong></span> 
     </span>
    </p>
   </div>
   <div class='ocr_carea' id='block_1_8' title="bbox 414 885 3646 962">
    <p class='ocr_par' dir='ltr' id='par_1_8' title="bbox 414 885 3646 962">
     <span class='ocr_line' id='line_1_8' title="bbox 414 885 3646 962; baseline -0.002 -16"><span class='ocrx_word' id='word_1_90' title='bbox 414 891 583 946; x_wconf 77' lang='lat' dir='ltr'><strong>fixum</strong></span> <span class='ocrx_word' id='word_1_91' title='bbox 610 905 735 944; x_wconf 92' lang='lat' dir='ltr'><strong>cum</strong></span> <span class='ocrx_word' id='word_1_92' title='bbox 765 890 912 960; x_wconf 84' lang='lat' dir='ltr'><strong>pileo</strong></span> <span class='ocrx_word' id='word_1_93' title='bbox 945 905 1043 959; x_wconf 87' lang='lat' dir='ltr'><strong>per</strong></span> <span class='ocrx_word' id='word_1_94' title='bbox 1076 891 1268 945; x_wconf 83' lang='lat' dir='ltr'><strong>urbem</strong></span> <span class='ocrx_word' id='word_1_95' title='bbox 1300 900 1590 960; x_wconf 83' lang='lat' dir='ltr'><strong>castraque</strong></span> <span class='ocrx_word' id='word_1_96' title='bbox 1619 890 1920 946; x_wconf 85' lang='lat' dir='ltr'><strong>Turcarum</strong></span> <span class='ocrx_word' id='word_1_97' title='bbox 1965 907 2062 960; x_wconf 91' lang='lat' dir='ltr'><strong>per</strong></span> <span class='ocrx_word' id='word_1_98' title='bbox 2120 890 2473 962; x_wconf 76' lang='lat' dir='ltr'><strong>ignominiam</strong></span> <span class='ocrx_word' id='word_1_99' title='bbox 2501 898 2986 958; x_wconf 90' lang='lat' dir='ltr'><strong>contemptumque</strong></span> <span class='ocrx_word' id='word_1_100' title='bbox 3019 885 3166 941; x_wconf 83' lang='lat' dir='ltr'><strong>sedis</strong></span> <span class='ocrx_word' id='word_1_101' title='bbox 3201 885 3519 954; x_wconf 65' lang='lat' dir='ltr'><strong>apostolica</strong></span> <span class='ocrx_word' id='word_1_102' title='bbox 3549 901 3646 940; x_wconf 83' lang='lat' dir='ltr'><strong>ve-</strong></span> 
     </span>
    </p>
   </div>
   <div class='ocr_carea' id='block_1_9' title="bbox 409 981 3646 1056">
    <p class='ocr_par' dir='ltr' id='par_1_9' title="bbox 409 981 3646 1056">
     <span class='ocr_line' id='line_1_9' title="bbox 409 981 3646 1056; baseline -0.001 -17"><span class='ocrx_word' id='word_1_103' title='bbox 409 993 638 1046; x_wconf 85' lang='lat' dir='ltr'><strong>ctatum.</strong></span> <span class='ocrx_word' id='word_1_104' title='bbox 665 985 984 1040; x_wconf 86' lang='lat' dir='ltr'><strong>clamitante</strong></span> <span class='ocrx_word' id='word_1_105' title='bbox 1017 999 1291 1055; x_wconf 65' lang='lat' dir='ltr'><strong>praecone,</strong></span> <span class='ocrx_word' id='word_1_106' title='bbox 1325 1001 1449 1042; x_wconf 84' lang='lat' dir='ltr'><strong>esse</strong></span> <span class='ocrx_word' id='word_1_107' title='bbox 1477 987 1722 1041; x_wconf 84' lang='lat' dir='ltr'><strong>Rutheni</strong></span> <span class='ocrx_word' id='word_1_108' title='bbox 1755 987 2060 1042; x_wconf 86' lang='lat' dir='ltr'><strong>cardinalis</strong></span> <span class='ocrx_word' id='word_1_109' title='bbox 2091 987 2377 1042; x_wconf 75' lang='lat' dir='ltr'><strong>verticem.</strong></span> <span class='ocrx_word' id='word_1_110' title='bbox 2421 986 2543 1056; x_wconf 85' lang='lat' dir='ltr'><strong>ipse</strong></span> <span class='ocrx_word' id='word_1_111' title='bbox 2568 999 2704 1041; x_wconf 81' lang='lat' dir='ltr'><strong>vero</strong></span> <span class='ocrx_word' id='word_1_112' title='bbox 2737 983 2900 1054; x_wconf 90' lang='lat' dir='ltr'><strong>paulo</strong></span> <span class='ocrx_word' id='word_1_113' title='bbox 2929 993 3051 1051; x_wconf 89' lang='lat' dir='ltr'><strong>post</strong></span> <span class='ocrx_word' id='word_1_114' title='bbox 3081 981 3148 1036; x_wconf 93' lang='lat' dir='ltr'><strong>ad</strong></span> <span class='ocrx_word' id='word_1_115' title='bbox 3189 981 3476 1036; x_wconf 86' lang='lat' dir='ltr'><strong>Nicolaum</strong></span> <span class='ocrx_word' id='word_1_116' title='bbox 3514 997 3646 1051; x_wconf 82' lang='lat' dir='ltr'><strong>pon-</strong></span> 
     </span>
    </p>
   </div>
   <div class='ocr_carea' id='block_1_10' title="bbox 411 1071 3648 1147">
    <p class='ocr_par' dir='ltr' id='par_1_10' title="bbox 411 1071 3648 1147">
     <span class='ocr_line' id='line_1_10' title="bbox 411 1071 3648 1147; baseline -0.002 -15"><span class='ocrx_word' id='word_1_117' title='bbox 411 1078 609 1132; x_wconf 88' lang='lat' dir='ltr'><strong>tificem</strong></span> <span class='ocrx_word' id='word_1_118' title='bbox 653 1077 839 1140; x_wconf 87' lang='lat' dir='ltr'><strong>rediit,</strong></span> <span class='ocrx_word' id='word_1_119' title='bbox 873 1091 1034 1146; x_wconf 82' lang='lat' dir='ltr'><strong>quem</strong></span> <span class='ocrx_word' id='word_1_120' title='bbox 1062 1076 1274 1146; x_wconf 89' lang='lat' dir='ltr'><strong>aliquot</strong></span> <span class='ocrx_word' id='word_1_121' title='bbox 1305 1075 1470 1131; x_wconf 84' lang='lat' dir='ltr'><strong>annis</strong></span> <span class='ocrx_word' id='word_1_122' title='bbox 1499 1087 1688 1147; x_wconf 86' lang='lat' dir='ltr'><strong>postea</strong></span> <span class='ocrx_word' id='word_1_123' title='bbox 1721 1077 1980 1131; x_wconf 86' lang='lat' dir='ltr'><strong>defuncto</strong></span> <span class='ocrx_word' id='word_1_124' title='bbox 2026 1075 2292 1147; x_wconf 75' lang='lat' dir='ltr'><strong>Gregorio</strong></span> <span class='ocrx_word' id='word_1_125' title='bbox 2324 1073 2638 1145; x_wconf 87' lang='lat' dir='ltr'><strong>patriarcha</strong></span> <span class='ocrx_word' id='word_1_126' title='bbox 2695 1071 3326 1142; x_wconf 85' lang='lat' dir='ltr'><strong>Constantinopolitano,</strong></span> <span class='ocrx_word' id='word_1_127' title='bbox 3375 1072 3469 1142; x_wconf 86' lang='lat' dir='ltr'><strong>qui</strong></span> <span class='ocrx_word' id='word_1_128' title='bbox 3504 1087 3648 1126; x_wconf 87' lang='lat' dir='ltr'><strong>anno</strong></span> 
     </span>
    </p>
   </div>
   <div class='ocr_carea' id='block_1_11' title="bbox 409 1164 3648 1239">
    <p class='ocr_par' dir='ltr' id='par_1_11' title="bbox 409 1164 3648 1239">
     <span class='ocr_line' id='line_1_11' title="bbox 409 1164 3648 1239; baseline -0.002 -16"><span class='ocrx_word' id='word_1_129' title='bbox 409 1184 520 1239; x_wconf 92' lang='lat' dir='ltr'><strong>quo</strong></span> <span class='ocrx_word' id='word_1_130' title='bbox 551 1169 826 1223; x_wconf 71' lang='lat' dir='ltr'><strong>Mantuam</strong></span> <span class='ocrx_word' id='word_1_131' title='bbox 860 1169 997 1223; x_wconf 88' lang='lat' dir='ltr'><strong>itum</strong></span> <span class='ocrx_word' id='word_1_132' title='bbox 1029 1177 1136 1234; x_wconf 87' lang='lat' dir='ltr'><strong>est,</strong></span> <span class='ocrx_word' id='word_1_133' title='bbox 1175 1183 1287 1222; x_wconf 92' lang='lat' dir='ltr'><strong>non</strong></span> <span class='ocrx_word' id='word_1_134' title='bbox 1319 1167 1441 1223; x_wconf 89' lang='lat' dir='ltr'><strong>sine</strong></span> <span class='ocrx_word' id='word_1_135' title='bbox 1471 1169 1784 1224; x_wconf 77' lang='lat' dir='ltr'><strong>sanctitatis</strong></span> <span class='ocrx_word' id='word_1_136' title='bbox 1813 1167 2075 1231; x_wconf 80' lang='lat' dir='ltr'><strong>Opinione</strong></span> <span class='ocrx_word' id='word_1_137' title='bbox 2097 1210 2112 1235; x_wconf 92' lang='lat'><strong>,</strong></span> <span class='ocrx_word' id='word_1_138' title='bbox 2139 1169 2324 1224; x_wconf 81' lang='lat' dir='ltr'><strong>Romae</strong></span> <span class='ocrx_word' id='word_1_139' title='bbox 2353 1168 2510 1232; x_wconf 90' lang='lat' dir='ltr'><strong>obiit,</strong></span> <span class='ocrx_word' id='word_1_140' title='bbox 2543 1165 2672 1222; x_wconf 82' lang='lat' dir='ltr'><strong>Pius</strong></span> <span class='ocrx_word' id='word_1_141' title='bbox 2699 1165 2948 1235; x_wconf 77' lang='lat' dir='ltr'><strong>pontifex</strong></span> <span class='ocrx_word' id='word_1_142' title='bbox 2987 1164 3054 1220; x_wconf 90' lang='lat' dir='ltr'><strong>ad</strong></span> <span class='ocrx_word' id='word_1_143' title='bbox 3088 1164 3496 1234; x_wconf 85' lang='lat' dir='ltr'><strong>patriarchatus</strong></span> <span class='ocrx_word' id='word_1_144' title='bbox 3529 1165 3648 1219; x_wconf 85' lang='lat' dir='ltr'><strong>cul-</strong></span> 
     </span>
    </p>
   </div>
   <div class='ocr_carea' id='block_1_12' title="bbox 413 1255 3647 1328">
    <p class='ocr_par' dir='ltr' id='par_1_12' title="bbox 413 1255 3647 1328">
     <span class='ocr_line' id='line_1_12' title="bbox 413 1255 3647 1328; baseline -0.002 -14"><span class='ocrx_word' id='word_1_145' title='bbox 413 1275 536 1314; x_wconf 87' lang='lat' dir='ltr'><strong>men</strong></span> <span class='ocrx_word' id='word_1_146' title='bbox 565 1259 782 1324; x_wconf 75' lang='lat' dir='ltr'><strong>evexit;</strong></span> <span class='ocrx_word' id='word_1_147' title='bbox 819 1260 984 1328; x_wconf 88' lang='lat' dir='ltr'><strong>eique</strong></span> <span class='ocrx_word' id='word_1_148' title='bbox 1018 1258 1146 1314; x_wconf 84' lang='lat' dir='ltr'><strong>fatis</strong></span> <span class='ocrx_word' id='word_1_149' title='bbox 1191 1257 1404 1326; x_wconf 87' lang='lat' dir='ltr'><strong>functo,</strong></span> <span class='ocrx_word' id='word_1_150' title='bbox 1433 1257 1812 1314; x_wconf 86' lang='lat' dir='ltr'><strong>Bessarionem</strong></span> <span class='ocrx_word' id='word_1_151' title='bbox 1845 1257 2181 1314; x_wconf 88' lang='lat' dir='ltr'><strong>cardinalem</strong></span> <span class='ocrx_word' id='word_1_152' title='bbox 2209 1257 2602 1322; x_wconf 88' lang='lat' dir='ltr'><strong>Tusculanum,</strong></span> <span class='ocrx_word' id='word_1_153' title='bbox 2637 1258 2817 1312; x_wconf 81' lang='lat' dir='ltr'><strong>virum</strong></span> <span class='ocrx_word' id='word_1_154' title='bbox 2861 1257 3248 1312; x_wconf 87' lang='lat' dir='ltr'><strong>doctissimum</strong></span> <span class='ocrx_word' id='word_1_155' title='bbox 3271 1296 3286 1320; x_wconf 89' lang='lat'><strong>,</strong></span> <span class='ocrx_word' id='word_1_156' title='bbox 3339 1255 3647 1317; x_wconf 84' lang='lat' dir='ltr'><strong>substituit,</strong></span> 
     </span>
    </p>
   </div>
   <div class='ocr_carea' id='block_1_13' title="bbox 411 1347 3649 1422">
    <p class='ocr_par' dir='ltr' id='par_1_13' title="bbox 411 1347 3649 1422">
     <span class='ocr_line' id='line_1_13' title="bbox 411 1347 3649 1422; baseline -0.002 -14"><span class='ocrx_word' id='word_1_157' title='bbox 411 1353 638 1408; x_wconf 87' lang='lat' dir='ltr'><strong>natione</strong></span> <span class='ocrx_word' id='word_1_158' title='bbox 666 1351 940 1416; x_wconf 72' lang='lat' dir='ltr'><strong>Graecum,</strong></span> <span class='ocrx_word' id='word_1_159' title='bbox 974 1366 1172 1422; x_wconf 85' lang='lat' dir='ltr'><strong>genere</strong></span> <span class='ocrx_word' id='word_1_160' title='bbox 1215 1349 1708 1420; x_wconf 83' lang='lat' dir='ltr'><strong>Trapezuntinum.</strong></span> <span class='ocrx_word' id='word_1_161' title='bbox 1748 1369 1767 1402; x_wconf 76' lang='grc' dir='ltr'><strong><em>ι</em></strong></span> <span class='ocrx_word' id='word_1_162' title='bbox 1805 1349 1897 1405; x_wconf 91' lang='lat' dir='ltr'><strong>Sic</strong></span> <span class='ocrx_word' id='word_1_163' title='bbox 1947 1351 2076 1406; x_wconf 85' lang='lat' dir='ltr'><strong>Pius</strong></span> <span class='ocrx_word' id='word_1_164' title='bbox 2109 1351 2407 1415; x_wconf 80' lang='lat' dir='ltr'><strong>secundus,</strong></span> <span class='ocrx_word' id='word_1_165' title='bbox 2436 1351 2531 1420; x_wconf 88' lang='lat' dir='ltr'><strong>qui</strong></span> <span class='ocrx_word' id='word_1_166' title='bbox 2560 1349 2761 1405; x_wconf 85' lang='lat' dir='ltr'><strong>deinde</strong></span> <span class='ocrx_word' id='word_1_167' title='bbox 2790 1353 3148 1420; x_wconf 79' lang='lat' dir='ltr'><strong>prosequitur</strong></span> <span class='ocrx_word' id='word_1_168' title='bbox 3178 1349 3232 1403; x_wconf 92' lang='lat' dir='ltr'><strong>in</strong></span> <span class='ocrx_word' id='word_1_169' title='bbox 3270 1363 3368 1404; x_wconf 88' lang='lat' dir='ltr'><strong>sua</strong></span> <span class='ocrx_word' id='word_1_170' title='bbox 3415 1347 3649 1402; x_wconf 87' lang='lat' dir='ltr'><strong>historia</strong></span> 
     </span>
    </p>
   </div>
   <div class='ocr_carea' id='block_1_14' title="bbox 413 1442 3650 1517">
    <p class='ocr_par' dir='ltr' id='par_1_14' title="bbox 413 1442 3650 1517">
     <span class='ocr_line' id='line_1_14' title="bbox 413 1442 3650 1517; baseline -0.003 -14"><span class='ocrx_word' id='word_1_171' title='bbox 413 1448 700 1503; x_wconf 87' lang='lat' dir='ltr'><strong>declarare</strong></span> <span class='ocrx_word' id='word_1_172' title='bbox 731 1445 956 1517; x_wconf 89' lang='lat' dir='ltr'><strong>quinam</strong></span> <span class='ocrx_word' id='word_1_173' title='bbox 987 1446 1099 1500; x_wconf 88' lang='lat' dir='ltr'><strong>sint</strong></span> <span class='ocrx_word' id='word_1_174' title='bbox 1135 1445 1213 1499; x_wconf 90' lang='lat' dir='ltr'><strong>illi</strong></span> <span class='ocrx_word' id='word_1_175' title='bbox 1246 1444 1338 1498; x_wconf 85' lang='lat' dir='ltr'><strong>alii</strong></span> <span class='ocrx_word' id='word_1_176' title='bbox 1369 1444 1481 1500; x_wconf 91' lang='lat' dir='ltr'><strong>duo</strong></span> <span class='ocrx_word' id='word_1_177' title='bbox 1515 1444 1618 1498; x_wconf 83' lang='lat' dir='ltr'><strong>viri</strong></span> <span class='ocrx_word' id='word_1_178' title='bbox 1654 1443 2032 1512; x_wconf 67' lang='lat' dir='ltr'><strong>praet-clientes</strong></span> <span class='ocrx_word' id='word_1_179' title='bbox 2058 1444 2112 1499; x_wconf 91' lang='lat' dir='ltr'><strong>in</strong></span> <span class='ocrx_word' id='word_1_180' title='bbox 2143 1442 2386 1499; x_wconf 76' lang='lat' dir='ltr'><strong>Ecclesia</strong></span> <span class='ocrx_word' id='word_1_181' title='bbox 2418 1443 2532 1510; x_wconf 88' lang='lat' dir='ltr'><strong>Dei,</strong></span> <span class='ocrx_word' id='word_1_182' title='bbox 2571 1443 2664 1512; x_wconf 92' lang='lat' dir='ltr'><strong>qui</strong></span> <span class='ocrx_word' id='word_1_183' title='bbox 2701 1444 2868 1498; x_wconf 75' lang='lat' dir='ltr'><strong>vitam</strong></span> <span class='ocrx_word' id='word_1_184' title='bbox 2899 1457 3022 1498; x_wconf 91' lang='lat' dir='ltr'><strong>cum</strong></span> <span class='ocrx_word' id='word_1_185' title='bbox 3056 1450 3230 1498; x_wconf 90' lang='lat' dir='ltr'><strong>morte</strong></span> <span class='ocrx_word' id='word_1_186' title='bbox 3277 1450 3650 1498; x_wconf 80' lang='lat' dir='ltr'><strong>commutave-</strong></span> 
     </span>
    </p>
   </div>
   <div class='ocr_carea' id='block_1_15' title="bbox 416 1540 551 1593">
    <p class='ocr_par' dir='ltr' id='par_1_15' title="bbox 416 1540 551 1593">
     <span class='ocr_line' id='line_1_15' title="bbox 416 1540 551 1593; baseline 0.007 -1"><span class='ocrx_word' id='word_1_187' title='bbox 416 1540 551 1593; x_wconf 70' lang='lat' dir='ltr'><strong>rint.</strong></span> 
     </span>
    </p>
   </div>
   <div class='ocr_carea' id='block_1_16' title="bbox 486 1626 3652 1702">
    <p class='ocr_par' dir='ltr' id='par_1_16' title="bbox 486 1626 3652 1702">
     <span class='ocr_line' id='line_1_16' title="bbox 486 1626 3652 1702; baseline 0 -17"><span class='ocrx_word' id='word_1_188' title='bbox 486 1629 796 1685; x_wconf 69' lang='lat' dir='ltr'><strong>Cartlinalis</strong></span> <span class='ocrx_word' id='word_1_189' title='bbox 827 1629 1012 1699; x_wconf 87' lang='lat' dir='ltr'><strong>itaque</strong></span> <span class='ocrx_word' id='word_1_190' title='bbox 1049 1629 1337 1684; x_wconf 85' lang='lat' dir='ltr'><strong>Bessarion</strong></span> <span class='ocrx_word' id='word_1_191' title='bbox 1372 1643 1402 1683; x_wconf 90' lang='lat' dir='ltr'><strong>a</strong></span> <span class='ocrx_word' id='word_1_192' title='bbox 1432 1628 1530 1684; x_wconf 85' lang='lat' dir='ltr'><strong>Pio</strong></span> <span class='ocrx_word' id='word_1_193' title='bbox 1574 1629 1818 1684; x_wconf 84' lang='lat' dir='ltr'><strong>secundo</strong></span> <span class='ocrx_word' id='word_1_194' title='bbox 1847 1637 1971 1699; x_wconf 88' lang='lat' dir='ltr'><strong>post</strong></span> <span class='ocrx_word' id='word_1_195' title='bbox 2017 1629 2231 1685; x_wconf 92' lang='lat' dir='ltr'><strong>obitum</strong></span> <span class='ocrx_word' id='word_1_196' title='bbox 2281 1628 2478 1684; x_wconf 86' lang='lat' dir='ltr'><strong>lsidori</strong></span> <span class='ocrx_word' id='word_1_197' title='bbox 2515 1638 2738 1684; x_wconf 88' lang='lat' dir='ltr'><strong>creatus</strong></span> <span class='ocrx_word' id='word_1_198' title='bbox 2785 1626 3100 1698; x_wconf 87' lang='lat' dir='ltr'><strong>patriarcha</strong></span> <span class='ocrx_word' id='word_1_199' title='bbox 3141 1628 3652 1702; x_wconf 86' lang='lat' dir='ltr'><strong>Constantinopoli-</strong></span> 
     </span>
    </p>
   </div>
   <div class='ocr_carea' id='block_1_17' title="bbox 413 1719 3470 1792">
    <p class='ocr_par' dir='ltr' id='par_1_17' title="bbox 413 1719 3470 1792">
     <span class='ocr_line' id='line_1_17' title="bbox 413 1719 3470 1792; baseline -0.001 -12"><span class='ocrx_word' id='word_1_200' title='bbox 413 1733 579 1780; x_wconf 89' lang='lat' dir='ltr'><strong>tanus</strong></span> <span class='ocrx_word' id='word_1_201' title='bbox 612 1722 872 1787; x_wconf 83' lang='lat' dir='ltr'><strong>titularis,</strong></span> <span class='ocrx_word' id='word_1_202' title='bbox 910 1729 1232 1790; x_wconf 64' lang='lat' dir='ltr'><strong>praesentem</strong></span> <span class='ocrx_word' id='word_1_203' title='bbox 1264 1721 1399 1776; x_wconf 88' lang='lat' dir='ltr'><strong>satis</strong></span> <span class='ocrx_word' id='word_1_204' title='bbox 1429 1736 1675 1790; x_wconf 82' lang='lat' dir='ltr'><strong>gravem,</strong></span> <span class='ocrx_word' id='word_1_205' title='bbox 1705 1721 2041 1792; x_wconf 88' lang='lat' dir='ltr'><strong>patbeticam</strong></span> <span class='ocrx_word' id='word_1_206' title='bbox 2071 1731 2129 1776; x_wconf 92' lang='lat' dir='ltr'><strong>et</strong></span> <span class='ocrx_word' id='word_1_207' title='bbox 2176 1722 2483 1792; x_wconf 87' lang='lat' dir='ltr'><strong>elegantem</strong></span> <span class='ocrx_word' id='word_1_208' title='bbox 2525 1720 2593 1776; x_wconf 90' lang='lat' dir='ltr'><strong>ad</strong></span> <span class='ocrx_word' id='word_1_209' title='bbox 2621 1719 2842 1777; x_wconf 69' lang='lat' dir='ltr'><strong>Graecos</strong></span> <span class='ocrx_word' id='word_1_210' title='bbox 2883 1723 3129 1776; x_wconf 77' lang='lat' dir='ltr'><strong>exaravit</strong></span> <span class='ocrx_word' id='word_1_211' title='bbox 3155 1722 3470 1792; x_wconf 86' lang='lat' dir='ltr'><strong>epistolam.</strong></span> 
     </span>
    </p>
   </div>
   <div class='ocr_carea' id='block_1_18' title="bbox 1101 2035 2982 2174">
    <p class='ocr_par' dir='ltr' id='par_1_18' title="bbox 1101 2035 2982 2174">
     <span class='ocr_line' id='line_1_18' title="bbox 1101 2035 2982 2174; baseline -0.002 -5"><span class='ocrx_word' id='word_1_212' title='bbox 1101 2035 1983 2171; x_wconf 87' lang='grc' dir='ltr'><strong>ΕΠΙΣΤΟΛΗ</strong></span> <span class='ocrx_word' id='word_1_213' title='bbox 2057 2038 2982 2174; x_wconf 83' lang='grc' dir='ltr'><strong>ΚΑΘΟΛΙΚΗ</strong></span> 
     </span>
    </p>
   </div>
   <div class='ocr_carea' id='block_1_19' title="bbox 1474 2272 2582 2330">
    <p class='ocr_par' dir='ltr' id='par_1_19' title="bbox 1474 2272 2582 2330">
     <span class='ocr_line' id='line_1_19' title="bbox 1474 2272 2582 2330; baseline 0.004 -5"><span class='ocrx_word' id='word_1_214' title='bbox 1474 2272 1614 2330; x_wconf 83' lang='grc' dir='ltr'><strong>ΊὈΥ</strong></span> <span class='ocrx_word' id='word_1_215' title='bbox 1653 2273 2060 2330; x_wconf 76' lang='grc' dir='ltr'><strong>ΣΟΦΩΤΛΤΟΥ</strong></span> <span class='ocrx_word' id='word_1_216' title='bbox 2100 2275 2582 2330; x_wconf 77' lang='grc' dir='ltr'><strong>ΚΔΡΔΙΝᾹΛΕΩΣ</strong></span> 
     </span>
    </p>
   </div>
   <div class='ocr_carea' id='block_1_20' title="bbox 809 2445 3374 2732">
    <p class='ocr_par' dir='ltr' id='par_1_20' title="bbox 809 2445 3374 2732">
     <span class='ocr_line' id='line_1_20' title="bbox 809 2445 3374 2732; baseline -0.001 -111"><span class='ocrx_word' id='word_1_217' title='bbox 809 2451 1564 2626; x_wconf 84' lang='grc' dir='ltr'>ΚΥΡΟΥ</span> <span class='ocrx_word' id='word_1_218' title='bbox 1647 2445 3264 2624; x_wconf 82' lang='grc' dir='ltr'><strong>ΒΗΣΣΑΡΙΩΝΟΣ</strong></span> <span class='ocrx_word' id='word_1_219' title='bbox 3364 2703 3374 2732; x_wconf 20' lang='grc' dir='ltr'><strong>Χ</strong></span> 
     </span>
    </p>
   </div>
   <div class='ocr_carea' id='block_1_21' title="bbox 974 2746 3095 3104">
    <p class='ocr_par' dir='ltr' id='par_1_21' title="bbox 974 2892 3095 3104">
     <span class='ocr_line' id='line_1_21' title="bbox 974 2892 3095 3104; baseline -0.001 -54"><span class='ocrx_word' id='word_1_220' title='bbox 974 2899 1916 3055; x_wconf 87' lang='lat' dir='ltr'><strong>EPISTOLA</strong></span> <span class='ocrx_word' id='word_1_221' title='bbox 2009 2892 3095 3104; x_wconf 82' lang='lat' dir='ltr'><strong>GENERALIS</strong></span> 
     </span>
    </p>
   </div>
   <div class='ocr_carea' id='block_1_22' title="bbox 1554 3172 2516 3233">
    <p class='ocr_par' dir='ltr' id='par_1_22' title="bbox 1554 3172 2516 3233">
     <span class='ocr_line' id='line_1_22' title="bbox 1554 3172 2516 3233; baseline -0.002 0"><span class='ocrx_word' id='word_1_222' title='bbox 1554 3174 2056 3233; x_wconf 74' lang='lat' dir='ltr'><strong>SAPIENTISSIM!</strong></span> <span class='ocrx_word' id='word_1_223' title='bbox 2097 3172 2516 3233; x_wconf 79' lang='lat' dir='ltr'><strong>CARDINALIS</strong></span> 
     </span>
    </p>
   </div>
   <div class='ocr_carea' id='block_1_23' title="bbox 1337 3365 2769 3548">
    <p class='ocr_par' dir='ltr' id='par_1_23' title="bbox 1337 3365 2769 3548">
     <span class='ocr_line' id='line_1_23' title="bbox 1337 3365 2769 3548; baseline -0.001 -2"><span class='ocrx_word' id='word_1_224' title='bbox 1337 3365 2543 3548; x_wconf 80' lang='lat' dir='ltr'><strong>BESSABION</strong></span> <span class='ocrx_word' id='word_1_225' title='bbox 2557 3370 2748 3545; x_wconf 88' lang='lat' dir='ltr'><strong>IS</strong></span> 
     </span>
    </p>
   </div>
   <div class='ocr_carea' id='block_1_24' title="bbox 417 3782 1993 3888">
    <p class='ocr_par' dir='ltr' id='par_1_24' title="bbox 417 3815 1977 3888">
     <span class='ocr_line' id='line_1_24' title="bbox 417 3815 1977 3888; baseline -0.003 -11"><span class='ocrx_word' id='word_1_226' title='bbox 417 3819 822 3886; x_wconf 77' lang='grc' dir='ltr'><strong>ΒΠΣΣᾹΡΙΩΝ,</strong></span> <span class='ocrx_word' id='word_1_227' title='bbox 857 3820 986 3888; x_wconf 73' lang='grc' dir='ltr'><strong>ὲλέῳ</strong></span> <span class='ocrx_word' id='word_1_228' title='bbox 1019 3815 1155 3871; x_wconf 80' lang='grc' dir='ltr'>Θεοῦ</span> <span class='ocrx_word' id='word_1_229' title='bbox 1190 3815 1290 3888; x_wconf 80' lang='grc' dir='ltr'><strong>τῆς</strong></span> <span class='ocrx_word' id='word_1_230' title='bbox 1329 3816 1482 3886; x_wconf 68' lang='grc' dir='ltr'>ἱερᾶς</span> <span class='ocrx_word' id='word_1_231' title='bbox 1528 3815 1818 3885; x_wconf 78' lang='grc' dir='ltr'><strong>Ῥωμαίων</strong></span> <span class='ocrx_word' id='word_1_232' title='bbox 1852 3818 1977 3872; x_wconf 71' lang='grc' dir='ltr'><strong>Ἰζκο</strong></span> 
     </span>
    </p>
   </div>
   <div class='ocr_carea' id='block_1_25' title="bbox 2085 3782 3661 3888">
    <p class='ocr_par' dir='ltr' id='par_1_25' title="bbox 2085 3782 3661 3880">
     <span class='ocr_line' id='line_1_25' title="bbox 2085 3782 3661 3880; baseline 0.005 -11"><span class='ocrx_word' id='word_1_233' title='bbox 2085 3814 2481 3880; x_wconf 66' lang='lat' dir='ltr'><strong>BESSARION,</strong></span> <span class='ocrx_word' id='word_1_234' title='bbox 2527 3782 2872 3871; x_wconf 77' lang='lat' dir='ltr'><strong>miseratione</strong></span> <span class='ocrx_word' id='word_1_235' title='bbox 2913 3816 3096 3872; x_wconf 79' lang='lat' dir='ltr'><strong>divina</strong></span> <span class='ocrx_word' id='word_1_236' title='bbox 3157 3831 3518 3876; x_wconf 74' lang='lat' dir='ltr'><strong>sacrosancta:</strong></span> <span class='ocrx_word' id='word_1_237' title='bbox 3550 3821 3661 3876; x_wconf 71' lang='lat' dir='ltr'><strong>fio~</strong></span> 
     </span>
    </p>
   </div>
   <div class='ocr_carea' id='block_1_26' title="bbox 490 3909 2066 3986">
    <p class='ocr_par' dir='ltr' id='par_1_26' title="bbox 490 3911 1984 3986">
     <span class='ocr_line' id='line_1_26' title="bbox 490 3911 1984 3986; baseline -0.002 -18"><span class='ocrx_word' id='word_1_238' title='bbox 490 3916 716 3986; x_wconf 74' lang='grc' dir='ltr'><strong>κλησεας</strong></span> <span class='ocrx_word' id='word_1_239' title='bbox 776 3911 1127 3983; x_wconf 55' lang='grc' dir='ltr'><strong>καρδινῶκις,</strong></span> <span class='ocrx_word' id='word_1_240' title='bbox 1191 3911 1285 3964; x_wconf 70' lang='grc' dir='ltr'><strong>καὶ</strong></span> <span class='ocrx_word' id='word_1_241' title='bbox 1357 3911 1984 3976; x_wconf 78' lang='grc' dir='ltr'>Κωνσταντινουπό).εως</span> 
     </span>
    </p>
   </div>
   <div class='ocr_carea' id='block_1_27' title="bbox 2083 3909 3659 3986">
    <p class='ocr_par' dir='ltr' id='par_1_27' title="bbox 2163 3909 3659 3983">
     <span class='ocr_line' id='line_1_27' title="bbox 2163 3909 3659 3983; baseline 0.005 -22"><span class='ocrx_word' id='word_1_242' title='bbox 2163 3923 2336 3962; x_wconf 68' lang='lat' dir='ltr'><strong>mante</strong></span> <span class='ocrx_word' id='word_1_243' title='bbox 2371 3909 2628 3964; x_wconf 67' lang='lat' dir='ltr'><strong>Ecclesiae</strong></span> <span class='ocrx_word' id='word_1_244' title='bbox 2665 3909 2983 3972; x_wconf 84' lang='lat' dir='ltr'><strong>cardinalis,</strong></span> <span class='ocrx_word' id='word_1_245' title='bbox 3037 3919 3098 3965; x_wconf 92' lang='lat' dir='ltr'><strong>et</strong></span> <span class='ocrx_word' id='word_1_246' title='bbox 3161 3911 3659 3983; x_wconf 66' lang='lat' dir='ltr'><strong>Constantinpoli.</strong></span> 
     </span>
    </p>
   </div>
   <div class='ocr_carea' id='block_1_28' title="bbox 488 4001 2064 4073">
    <p class='ocr_par' dir='ltr' id='par_1_28' title="bbox 488 4001 1984 4073">
     <span class='ocr_line' id='line_1_28' title="bbox 488 4001 1984 4073; baseline 0 -18"><span class='ocrx_word' id='word_1_247' title='bbox 488 4007 614 4066; x_wconf 79' lang='grc' dir='ltr'>νέας</span> <span class='ocrx_word' id='word_1_248' title='bbox 665 4003 883 4073; x_wconf 82' lang='grc' dir='ltr'><strong>Ῥώμης</strong></span> <span class='ocrx_word' id='word_1_249' title='bbox 936 4001 1314 4070; x_wconf 76' lang='grc' dir='ltr'>οἰκουμενικὸς</span> <span class='ocrx_word' id='word_1_250' title='bbox 1349 4001 1697 4070; x_wconf 80' lang='grc' dir='ltr'><strong>πατριάρχης</strong></span> <span class='ocrx_word' id='word_1_251' title='bbox 1733 4001 1834 4071; x_wconf 81' lang='grc' dir='ltr'><strong>(Ι),</strong></span> <span class='ocrx_word' id='word_1_252' title='bbox 1870 4005 1984 4067; x_wconf 77' lang='grc' dir='ltr'>τοῖς</span> 
     </span>
    </p>
   </div>
   <div class='ocr_carea' id='block_1_29' title="bbox 2084 4001 3660 4073">
    <p class='ocr_par' dir='ltr' id='par_1_29' title="bbox 2164 4001 3660 4073">
     <span class='ocr_line' id='line_1_29' title="bbox 2164 4001 3660 4073; baseline 0.003 -17"><span class='ocrx_word' id='word_1_253' title='bbox 2164 4010 2304 4056; x_wconf 69' lang='lat' dir='ltr'><strong>tante</strong></span> <span class='ocrx_word' id='word_1_254' title='bbox 2332 4017 2485 4056; x_wconf 66' lang='lat' dir='ltr'><strong>norm</strong></span> <span class='ocrx_word' id='word_1_255' title='bbox 2516 4001 2703 4056; x_wconf 68' lang='lat' dir='ltr'><strong>Romae</strong></span> <span class='ocrx_word' id='word_1_256' title='bbox 2766 4003 3140 4059; x_wconf 74' lang='lat' dir='ltr'><strong>meumenicus</strong></span> <span class='ocrx_word' id='word_1_257' title='bbox 3198 4005 3531 4073; x_wconf 80' lang='lat' dir='ltr'><strong>patriarcha,</strong></span> <span class='ocrx_word' id='word_1_258' title='bbox 3596 4007 3660 4060; x_wconf 85' lang='lat' dir='ltr'><strong>iis</strong></span> 
     </span>
    </p>
   </div>
   <div class='ocr_carea' id='block_1_30' title="bbox 489 4092 2065 4168">
    <p class='ocr_par' dir='ltr' id='par_1_30' title="bbox 489 4092 1961 4166">
     <span class='ocr_line' id='line_1_30' title="bbox 489 4092 1961 4166; baseline -0.002 -17"><span class='ocrx_word' id='word_1_259' title='bbox 489 4097 566 4166; x_wconf 84' lang='grc' dir='ltr'><strong>τῷ</strong></span> <span class='ocrx_word' id='word_1_260' title='bbox 591 4092 974 4164; x_wconf 80' lang='grc' dir='ltr'><strong>πατριαρχικῷ</strong></span> <span class='ocrx_word' id='word_1_261' title='bbox 995 4094 1091 4162; x_wconf 81' lang='grc' dir='ltr'><strong>τῆς</strong></span> <span class='ocrx_word' id='word_1_262' title='bbox 1126 4093 1752 4157; x_wconf 80' lang='grc' dir='ltr'><strong>Κωνσταντινουπό).εως</strong></span> <span class='ocrx_word' id='word_1_263' title='bbox 1787 4094 1961 4163; x_wconf 80' lang='grc' dir='ltr'>Θρόνῳ</span> 
     </span>
    </p>
   </div>
   <div class='ocr_carea' id='block_1_31' title="bbox 2084 4092 3660 4168">
    <p class='ocr_par' dir='ltr' id='par_1_31' title="bbox 2159 4092 3660 4168">
     <span class='ocr_line' id='line_1_31' title="bbox 2159 4092 3660 4168; baseline 0.007 -25"><span class='ocrx_word' id='word_1_264' title='bbox 2159 4096 2250 4163; x_wconf 88' lang='lat' dir='ltr'><strong>qui</strong></span> <span class='ocrx_word' id='word_1_265' title='bbox 2271 4094 2618 4164; x_wconf 87' lang='lat' dir='ltr'><strong>patriarchali</strong></span> <span class='ocrx_word' id='word_1_266' title='bbox 2639 4092 3253 4164; x_wconf 57' lang='lat' dir='ltr'><strong>Constantinopolitanae</strong></span> <span class='ocrx_word' id='word_1_267' title='bbox 3280 4097 3394 4152; x_wconf 89' lang='lat' dir='ltr'><strong>sedi</strong></span> <span class='ocrx_word' id='word_1_268' title='bbox 3419 4113 3660 4168; x_wconf 85' lang='lat' dir='ltr'><strong>quacun-</strong></span> 
     </span>
    </p>
   </div>
   <div class='ocr_carea' id='block_1_32' title="bbox 489 4183 2065 4258">
    <p class='ocr_par' dir='ltr' id='par_1_32' title="bbox 489 4183 1985 4256">
     <span class='ocr_line' id='line_1_32' title="bbox 489 4183 1985 4256; baseline -0.001 -16"><span class='ocrx_word' id='word_1_269' title='bbox 489 4187 814 4254; x_wconf 64' lang='grc' dir='ltr'>ὁποιδήποτε</span> <span class='ocrx_word' id='word_1_270' title='bbox 870 4184 1256 4253; x_wconf 78' lang='grc' dir='ltr'><strong>ὑποκειμένοις</strong></span> <span class='ocrx_word' id='word_1_271' title='bbox 1321 4183 1695 4253; x_wconf 81' lang='grc' dir='ltr'>ἀρχιερεῦσιν,</span> <span class='ocrx_word' id='word_1_272' title='bbox 1771 4185 1985 4256; x_wconf 56' lang='lat' dir='ltr'><strong>[spopo-</strong></span> 
     </span>
    </p>
   </div>
   <div class='ocr_carea' id='block_1_33' title="bbox 2079 4183 3655 4258">
    <p class='ocr_par' dir='ltr' id='par_1_33' title="bbox 2159 4184 3655 4258">
     <span class='ocr_line' id='line_1_33' title="bbox 2159 4184 3655 4258; baseline 0.007 -22"><span class='ocrx_word' id='word_1_273' title='bbox 2159 4199 2268 4251; x_wconf 90' lang='lat' dir='ltr'><strong>que</strong></span> <span class='ocrx_word' id='word_1_274' title='bbox 2309 4186 2518 4240; x_wconf 78' lang='lat' dir='ltr'><strong>ratione</strong></span> <span class='ocrx_word' id='word_1_275' title='bbox 2563 4195 2618 4239; x_wconf 87' lang='lat' dir='ltr'><strong>et</strong></span> <span class='ocrx_word' id='word_1_276' title='bbox 2655 4184 2970 4254; x_wconf 90' lang='lat' dir='ltr'><strong>ubicunque</strong></span> <span class='ocrx_word' id='word_1_277' title='bbox 3000 4185 3254 4252; x_wconf 87' lang='lat' dir='ltr'><strong>subsunt,</strong></span> <span class='ocrx_word' id='word_1_278' title='bbox 3280 4187 3655 4258; x_wconf 78' lang='lat' dir='ltr'><strong>pontificibus,</strong></span> 
     </span>
    </p>
   </div>
   <div class='ocr_carea' id='block_1_34' title="bbox 491 4274 2067 4347">
    <p class='ocr_par' dir='ltr' id='par_1_34' title="bbox 491 4274 1984 4347">
     <span class='ocr_line' id='line_1_34' title="bbox 491 4274 1984 4347; baseline 0.005 -23"><span class='ocrx_word' id='word_1_279' title='bbox 491 4280 696 4344; x_wconf 74' lang='grc' dir='ltr'>νὰχοις,</span> <span class='ocrx_word' id='word_1_280' title='bbox 748 4274 976 4342; x_wconf 73' lang='grc' dir='ltr'><strong>ἱερεῦσι,</strong></span> <span class='ocrx_word' id='word_1_281' title='bbox 1019 4277 1272 4344; x_wconf 71' lang='grc' dir='ltr'>μοναχοίς</span> <span class='ocrx_word' id='word_1_282' title='bbox 1326 4291 1409 4338; x_wconf 83' lang='grc' dir='ltr'><strong>τε,</strong></span> <span class='ocrx_word' id='word_1_283' title='bbox 1445 4276 1540 4328; x_wconf 74' lang='grc' dir='ltr'><strong>καὶ</strong></span> <span class='ocrx_word' id='word_1_284' title='bbox 1573 4276 1802 4339; x_wconf 80' lang='grc' dir='ltr'>λαῖκοίς,</span> <span class='ocrx_word' id='word_1_285' title='bbox 1843 4279 1984 4347; x_wconf 76' lang='grc' dir='ltr'><strong>ἠγα-</strong></span> 
     </span>
    </p>
   </div>
   <div class='ocr_carea' id='block_1_35' title="bbox 2080 4274 3656 4347">
    <p class='ocr_par' dir='ltr' id='par_1_35' title="bbox 2162 4274 3656 4340">
     <span class='ocr_line' id='line_1_35' title="bbox 2162 4274 3656 4340; baseline 0.004 -14"><span class='ocrx_word' id='word_1_286' title='bbox 2162 4275 2392 4328; x_wconf 88' lang='lat' dir='ltr'><strong>sacratis</strong></span> <span class='ocrx_word' id='word_1_287' title='bbox 2416 4275 2726 4338; x_wconf 76' lang='lat' dir='ltr'><strong>monachis,</strong></span> <span class='ocrx_word' id='word_1_288' title='bbox 2792 4274 3198 4338; x_wconf 85' lang='lat' dir='ltr'><strong>sacerdotibus,</strong></span> <span class='ocrx_word' id='word_1_289' title='bbox 3255 4279 3559 4340; x_wconf 85' lang='lat' dir='ltr'><strong>monachis,</strong></span> <span class='ocrx_word' id='word_1_290' title='bbox 3599 4289 3656 4332; x_wconf 87' lang='lat' dir='ltr'><strong>et</strong></span> 
     </span>
    </p>
   </div>
   <div class='ocr_carea' id='block_1_36' title="bbox 493 4365 2069 4440">
    <p class='ocr_par' dir='ltr' id='par_1_36' title="bbox 493 4365 1981 4440">
     <span class='ocr_line' id='line_1_36' title="bbox 493 4365 1981 4440; baseline 0.001 -21"><span class='ocrx_word' id='word_1_291' title='bbox 493 4368 754 4436; x_wconf 78' lang='grc' dir='ltr'>πημένοις</span> <span class='ocrx_word' id='word_1_292' title='bbox 783 4368 841 4418; x_wconf 74' lang='grc' dir='ltr'>ἐν</span> <span class='ocrx_word' id='word_1_293' title='bbox 875 4365 1148 4430; x_wconf 79' lang='grc' dir='ltr'><strong>Πνεύματι</strong></span> <span class='ocrx_word' id='word_1_294' title='bbox 1199 4366 1447 4436; x_wconf 73' lang='grc' dir='ltr'><strong>ἀδελφοῖς</strong></span> <span class='ocrx_word' id='word_1_295' title='bbox 1478 4368 1574 4420; x_wconf 71' lang='grc' dir='ltr'><strong>καὶ</strong></span> <span class='ocrx_word' id='word_1_296' title='bbox 1610 4371 1768 4432; x_wconf 69' lang='grc' dir='ltr'>νιοίς,</span> <span class='ocrx_word' id='word_1_297' title='bbox 1797 4373 1981 4440; x_wconf 75' lang='grc' dir='ltr'><strong>χάριν,</strong></span> 
     </span>
    </p>
   </div>
   <div class='ocr_carea' id='block_1_37' title="bbox 2083 4365 3659 4440">
    <p class='ocr_par' dir='ltr' id='par_1_37' title="bbox 2165 4365 3659 4437">
     <span class='ocr_line' id='line_1_37' title="bbox 2165 4365 3659 4437; baseline 0.003 -17"><span class='ocrx_word' id='word_1_298' title='bbox 2165 4367 2548 4428; x_wconf 70' lang='lat' dir='ltr'><strong>Saecularibus,</strong></span> <span class='ocrx_word' id='word_1_299' title='bbox 2574 4365 2795 4421; x_wconf 79' lang='lat' dir='ltr'><strong>dilectis</strong></span> <span class='ocrx_word' id='word_1_300' title='bbox 2819 4367 2872 4420; x_wconf 93' lang='lat' dir='ltr'><strong>iu</strong></span> <span class='ocrx_word' id='word_1_301' title='bbox 2903 4369 3110 4437; x_wconf 82' lang='lat' dir='ltr'><strong>Spiritu</strong></span> <span class='ocrx_word' id='word_1_302' title='bbox 3141 4367 3400 4423; x_wconf 80' lang='lat' dir='ltr'><strong>fratribus</strong></span> <span class='ocrx_word' id='word_1_303' title='bbox 3429 4385 3494 4425; x_wconf 90' lang='lat' dir='ltr'><strong>ac</strong></span> <span class='ocrx_word' id='word_1_304' title='bbox 3516 4371 3659 4435; x_wconf 86' lang='lat' dir='ltr'><strong>filiis,</strong></span> 
     </span>
    </p>
   </div>
   <div class='ocr_carea' id='block_1_38' title="bbox 489 4456 2065 4530">
    <p class='ocr_par' dir='ltr' id='par_1_38' title="bbox 489 4457 1984 4529">
     <span class='ocr_line' id='line_1_38' title="bbox 489 4457 1984 4529; baseline 0.001 -18"><span class='ocrx_word' id='word_1_305' title='bbox 489 4461 736 4528; x_wconf 74' lang='grc' dir='ltr'>εἰρήνην,</span> <span class='ocrx_word' id='word_1_306' title='bbox 772 4459 869 4511; x_wconf 77' lang='grc' dir='ltr'><strong>καὶ</strong></span> <span class='ocrx_word' id='word_1_307' title='bbox 926 4457 1174 4524; x_wconf 79' lang='grc' dir='ltr'><strong>εὐλογίαν</strong></span> <span class='ocrx_word' id='word_1_308' title='bbox 1226 4458 1334 4510; x_wconf 82' lang='grc' dir='ltr'><strong>ἀπὸ</strong></span> <span class='ocrx_word' id='word_1_309' title='bbox 1366 4457 1503 4510; x_wconf 77' lang='grc' dir='ltr'>Θεοῦ</span> <span class='ocrx_word' id='word_1_310' title='bbox 1533 4462 1984 4529; x_wconf 77' lang='grc' dir='ltr'>παντοκράτορος</span> 
     </span>
    </p>
   </div>
   <div class='ocr_carea' id='block_1_39' title="bbox 2084 4456 3660 4530">
    <p class='ocr_par' dir='ltr' id='par_1_39' title="bbox 2161 4456 3660 4530">
     <span class='ocr_line' id='line_1_39' title="bbox 2161 4456 3660 4530; baseline 0.005 -22"><span class='ocrx_word' id='word_1_311' title='bbox 2161 4457 2411 4524; x_wconf 81' lang='lat' dir='ltr'><strong>gratiam,</strong></span> <span class='ocrx_word' id='word_1_312' title='bbox 2447 4471 2631 4526; x_wconf 87' lang='lat' dir='ltr'><strong>pacem</strong></span> <span class='ocrx_word' id='word_1_313' title='bbox 2660 4465 2716 4510; x_wconf 88' lang='lat' dir='ltr'><strong>et</strong></span> <span class='ocrx_word' id='word_1_314' title='bbox 2743 4456 3179 4512; x_wconf 87' lang='lat' dir='ltr'><strong>benedictionem</strong></span> <span class='ocrx_word' id='word_1_315' title='bbox 3215 4460 3283 4514; x_wconf 88' lang='lat' dir='ltr'><strong>ab</strong></span> <span class='ocrx_word' id='word_1_316' title='bbox 3299 4460 3660 4530; x_wconf 86' lang='lat' dir='ltr'><strong>omnipotenti</strong></span> 
     </span>
    </p>
   </div>
   <div class='ocr_carea' id='block_1_40' title="bbox 491 4545 2067 4622">
    <p class='ocr_par' dir='ltr' id='par_1_40' title="bbox 491 4548 1981 4620">
     <span class='ocr_line' id='line_1_40' title="bbox 491 4548 1981 4620; baseline 0.001 -19"><span class='ocrx_word' id='word_1_317' title='bbox 491 4549 835 4620; x_wconf 66' lang='grc' dir='ltr'>βουλομένοις</span> <span class='ocrx_word' id='word_1_318' title='bbox 891 4564 950 4600; x_wconf 80' lang='grc' dir='ltr'>τε</span> <span class='ocrx_word' id='word_1_319' title='bbox 1005 4549 1099 4599; x_wconf 71' lang='grc' dir='ltr'><strong>καὶ</strong></span> <span class='ocrx_word' id='word_1_320' title='bbox 1146 4548 1515 4616; x_wconf 72' lang='grc' dir='ltr'><strong>ιπιουμοῦσι,</strong></span> <span class='ocrx_word' id='word_1_321' title='bbox 1580 4550 1677 4602; x_wconf 78' lang='grc' dir='ltr'><strong>καὶ</strong></span> <span class='ocrx_word' id='word_1_322' title='bbox 1722 4551 1790 4602; x_wconf 76' lang='grc' dir='ltr'><strong>τὰ</strong></span> <span class='ocrx_word' id='word_1_323' title='bbox 1847 4553 1981 4620; x_wconf 66' lang='grc' dir='ltr'>πρδς</span> 
     </span>
    </p>
   </div>
   <div class='ocr_carea' id='block_1_41' title="bbox 2087 4545 3663 4622">
    <p class='ocr_par' dir='ltr' id='par_1_41' title="bbox 2164 4545 3663 4622">
     <span class='ocr_line' id='line_1_41' title="bbox 2164 4545 3663 4622; baseline 0.005 -23"><span class='ocrx_word' id='word_1_324' title='bbox 2164 4547 2272 4599; x_wconf 87' lang='lat' dir='ltr'><strong>Deo</strong></span> <span class='ocrx_word' id='word_1_325' title='bbox 2301 4545 2606 4600; x_wconf 79' lang='lat' dir='ltr'><strong>volentibus</strong></span> <span class='ocrx_word' id='word_1_326' title='bbox 2630 4556 2686 4600; x_wconf 90' lang='lat' dir='ltr'><strong>et</strong></span> <span class='ocrx_word' id='word_1_327' title='bbox 2717 4547 3053 4617; x_wconf 83' lang='lat' dir='ltr'><strong>optantibus,</strong></span> <span class='ocrx_word' id='word_1_328' title='bbox 3097 4549 3375 4610; x_wconf 86' lang='lat' dir='ltr'><strong>omnibus.</strong></span> <span class='ocrx_word' id='word_1_329' title='bbox 3403 4553 3663 4622; x_wconf 89' lang='lat' dir='ltr'><strong>omniquo</strong></span> 
     </span>
    </p>
   </div>
   <div class='ocr_carea' id='block_1_42' title="bbox 486 4638 2062 4710">
    <p class='ocr_par' dir='ltr' id='par_1_42' title="bbox 486 4640 1911 4710">
     <span class='ocr_line' id='line_1_42' title="bbox 486 4640 1911 4710; baseline 0 -16"><span class='ocrx_word' id='word_1_330' title='bbox 486 4643 670 4694; x_wconf 64' lang='grc' dir='ltr'>ἐκεῖνα</span> <span class='ocrx_word' id='word_1_331' title='bbox 702 4640 958 4709; x_wconf 76' lang='grc' dir='ltr'><strong>φέροντα,</strong></span> <span class='ocrx_word' id='word_1_332' title='bbox 989 4641 1138 4709; x_wconf 69' lang='grc' dir='ltr'><strong>πάσῃ</strong></span> <span class='ocrx_word' id='word_1_333' title='bbox 1165 4641 1370 4710; x_wconf 81' lang='grc' dir='ltr'>σπουδῇ</span> <span class='ocrx_word' id='word_1_334' title='bbox 1400 4641 1911 4710; x_wconf 74' lang='grc' dir='ltr'><strong>διαπραττομένοις.</strong></span> 
     </span>
    </p>
   </div>
   <div class='ocr_carea' id='block_1_43' title="bbox 1748 4638 3324 4710">
    <p class='ocr_par' dir='ltr' id='par_1_43' title="bbox 1750 4638 3324 4708">
     <span class='ocr_line' id='line_1_43' title="bbox 1750 4638 3324 4708; baseline 0.002 -15"><span class='ocrx_word' id='word_1_335' title='bbox 1750 4641 1911 4704; x_wconf 74' lang='grc' dir='ltr'>ένοις.</span> <span class='ocrx_word' id='word_1_336' title='bbox 2163 4638 2348 4692; x_wconf 83' lang='lat' dir='ltr'><strong>studio</strong></span> <span class='ocrx_word' id='word_1_337' title='bbox 2379 4639 2708 4693; x_wconf 88' lang='lat' dir='ltr'><strong>conantibus</strong></span> <span class='ocrx_word' id='word_1_338' title='bbox 2741 4648 2800 4694; x_wconf 94' lang='lat' dir='ltr'><strong>ut</strong></span> <span class='ocrx_word' id='word_1_339' title='bbox 2835 4653 2898 4692; x_wconf 88' lang='lat' dir='ltr'><strong>ea</strong></span> <span class='ocrx_word' id='word_1_340' title='bbox 2931 4639 3324 4708; x_wconf 85' lang='lat' dir='ltr'><strong>adipiscantur.</strong></span> 
     </span>
    </p>
   </div>
   <div class='ocr_carea' id='block_1_44' title="bbox 501 4748 2077 4821">
    <p class='ocr_par' dir='ltr' id='par_1_44' title="bbox 501 4748 1984 4821">
     <span class='ocr_line' id='line_1_44' title="bbox 501 4748 1984 4821; baseline -0.001 -14"><span class='ocrx_word' id='word_1_341' title='bbox 501 4753 830 4821; x_wconf 77' lang='grc' dir='ltr'><strong>Ἐϐουλόμην</strong></span> <span class='ocrx_word' id='word_1_342' title='bbox 864 4751 962 4820; x_wconf 73' lang='grc' dir='ltr'>μὲν</span> <span class='ocrx_word' id='word_1_343' title='bbox 990 4751 1078 4816; x_wconf 83' lang='grc' dir='ltr'><strong>ἂν,</strong></span> <span class='ocrx_word' id='word_1_344' title='bbox 1109 4753 1166 4803; x_wconf 77' lang='grc' dir='ltr'>ὲν</span> <span class='ocrx_word' id='word_1_345' title='bbox 1214 4748 1333 4819; x_wconf 78' lang='grc' dir='ltr'>Θεῷ</span> <span class='ocrx_word' id='word_1_346' title='bbox 1374 4753 1727 4821; x_wconf 70' lang='grc' dir='ltr'><strong>ἠγαπημένοι</strong></span> <span class='ocrx_word' id='word_1_347' title='bbox 1764 4751 1984 4819; x_wconf 73' lang='grc' dir='ltr'>ἀδελφοί</span> 
     </span>
    </p>
   </div>
   <div class='ocr_carea' id='block_1_45' title="bbox 2087 4748 3663 4821">
    <p class='ocr_par' dir='ltr' id='par_1_45' title="bbox 2168 4752 3663 4818">
     <span class='ocr_line' id='line_1_45' title="bbox 2168 4752 3663 4818; baseline 0.007 -13"><span class='ocrx_word' id='word_1_348' title='bbox 2168 4753 2425 4806; x_wconf 77' lang='lat' dir='ltr'><strong>Volebam</strong></span> <span class='ocrx_word' id='word_1_349' title='bbox 2464 4767 2619 4818; x_wconf 87' lang='lat' dir='ltr'><strong>sane,</strong></span> <span class='ocrx_word' id='word_1_350' title='bbox 2656 4752 2711 4805; x_wconf 94' lang='lat' dir='ltr'><strong>in</strong></span> <span class='ocrx_word' id='word_1_351' title='bbox 2753 4752 2862 4807; x_wconf 88' lang='lat' dir='ltr'><strong>Deo</strong></span> <span class='ocrx_word' id='word_1_352' title='bbox 2914 4754 3226 4809; x_wconf 85' lang='lat' dir='ltr'><strong>charissimi</strong></span> <span class='ocrx_word' id='word_1_353' title='bbox 3262 4756 3461 4815; x_wconf 81' lang='lat' dir='ltr'><strong>fratres</strong></span> <span class='ocrx_word' id='word_1_354' title='bbox 3517 4770 3574 4815; x_wconf 91' lang='lat' dir='ltr'><strong>et</strong></span> <span class='ocrx_word' id='word_1_355' title='bbox 3603 4764 3663 4816; x_wconf 82' lang='lat' dir='ltr'><strong>ii-</strong></span> 
     </span>
    </p>
   </div>
   <div class='ocr_carea' id='block_1_46' title="bbox 413 4843 1989 4928">
    <p class='ocr_par' dir='ltr' id='par_1_46' title="bbox 413 4843 1984 4915">
     <span class='ocr_line' id='line_1_46' title="bbox 413 4843 1984 4915; baseline -0.003 -12"><span class='ocrx_word' id='word_1_356' title='bbox 413 4864 475 4903; x_wconf 75' lang='grc' dir='ltr'>τε</span> <span class='ocrx_word' id='word_1_357' title='bbox 508 4847 604 4902; x_wconf 74' lang='grc' dir='ltr'><strong>καὶ</strong></span> <span class='ocrx_word' id='word_1_358' title='bbox 625 4848 746 4912; x_wconf 73' lang='grc' dir='ltr'>υἱοὶ,</span> <span class='ocrx_word' id='word_1_359' title='bbox 784 4845 946 4907; x_wconf 74' lang='grc' dir='ltr'>αὐτὸς</span> <span class='ocrx_word' id='word_1_360' title='bbox 996 4845 1128 4915; x_wconf 77' lang='grc' dir='ltr'>ἡμῖν</span> <span class='ocrx_word' id='word_1_361' title='bbox 1183 4843 1395 4915; x_wconf 76' lang='grc' dir='ltr'>παρὼν,</span> <span class='ocrx_word' id='word_1_362' title='bbox 1428 4845 1594 4907; x_wconf 76' lang='grc' dir='ltr'><strong>αὐτὸς</strong></span> <span class='ocrx_word' id='word_1_363' title='bbox 1643 4846 1773 4915; x_wconf 83' lang='grc' dir='ltr'><strong>ὑμῖν</strong></span> <span class='ocrx_word' id='word_1_364' title='bbox 1803 4847 1984 4899; x_wconf 79' lang='grc' dir='ltr'>διαλε-</span> 
     </span>
    </p>
   </div>
   <div class='ocr_carea' id='block_1_47' title="bbox 2085 4843 3661 4928">
    <p class='ocr_par' dir='ltr' id='par_1_47' title="bbox 2105 4843 3661 4928">
     <span class='ocr_line' id='line_1_47' title="bbox 2105 4843 3661 4928; baseline 0.004 -28"><span class='ocrx_word' id='word_1_365' title='bbox 2105 4847 2184 4911; x_wconf 92' lang='lat' dir='ltr'><strong>lii,</strong></span> <span class='ocrx_word' id='word_1_366' title='bbox 2223 4847 2339 4914; x_wconf 87' lang='lat' dir='ltr'><strong>ipse</strong></span> <span class='ocrx_word' id='word_1_367' title='bbox 2376 4843 2533 4898; x_wconf 76' lang='lat' dir='ltr'><strong>vobis</strong></span> <span class='ocrx_word' id='word_1_368' title='bbox 2594 4857 2854 4914; x_wconf 67' lang='lat' dir='ltr'><strong>pta-sens,</strong></span> <span class='ocrx_word' id='word_1_369' title='bbox 2893 4845 3008 4915; x_wconf 88' lang='lat' dir='ltr'><strong>ipse</strong></span> <span class='ocrx_word' id='word_1_370' title='bbox 3027 4915 3038 4928; x_wconf 20' lang='grc' dir='ltr'><em>Δ</em></span> <span class='ocrx_word' id='word_1_371' title='bbox 3056 4846 3339 4904; x_wconf 73' lang='lat' dir='ltr'><strong>vobiscum</strong></span> <span class='ocrx_word' id='word_1_372' title='bbox 3384 4853 3661 4912; x_wconf 83' lang='lat' dir='ltr'><strong>disserens</strong></span> 
     </span>
    </p>
   </div>
   <div class='ocr_carea' id='block_1_48' title="bbox 1693 4987 2393 5050">
    <p class='ocr_par' dir='ltr' id='par_1_48' title="bbox 1693 4987 2393 5050">
     <span class='ocr_line' id='line_1_48' title="bbox 1693 4987 2393 5050; baseline -0.006 -2"><span class='ocrx_word' id='word_1_373' title='bbox 1693 4988 1854 5049; x_wconf 85' lang='lat' dir='ltr'><strong>Petri</strong></span> <span class='ocrx_word' id='word_1_374' title='bbox 1897 4987 2153 5050; x_wconf 79' lang='lat' dir='ltr'><strong>Arcudii</strong></span> <span class='ocrx_word' id='word_1_375' title='bbox 2205 4993 2393 5047; x_wconf 64' lang='lat' dir='ltr'><strong>notae.</strong></span> 
     </span>
    </p>
   </div>
   <div class='ocr_carea' id='block_1_49' title="bbox 491 5107 3661 5188">
    <p class='ocr_par' dir='ltr' id='par_1_49' title="bbox 491 5107 3661 5188">
     <span class='ocr_line' id='line_1_49' title="bbox 491 5107 3661 5188; baseline 0.005 -25"><span class='ocrx_word' id='word_1_376' title='bbox 491 5113 566 5188; x_wconf 84' lang='lat' dir='ltr'><strong>(l)</strong></span> <span class='ocrx_word' id='word_1_377' title='bbox 601 5111 1046 5188; x_wconf 37' lang='lat' dir='ltr'><strong>augt-perm);</strong></span> <span class='ocrx_word' id='word_1_378' title='bbox 1075 5107 1973 5188; x_wconf 23' lang='lat' dir='ltr'><strong>qutptdpmda).Mirandumqui</strong></span> <span class='ocrx_word' id='word_1_379' title='bbox 2010 5126 2050 5179; x_wconf 81' lang='grc' dir='ltr'><strong><em>Β</em></strong></span> <span class='ocrx_word' id='word_1_380' title='bbox 2078 5115 2288 5188; x_wconf 64' lang='lat' dir='ltr'><strong>Joanne</strong></span> <span class='ocrx_word' id='word_1_381' title='bbox 2331 5121 2391 5188; x_wconf 85' lang='lat' dir='ltr'><strong>e_t_</strong></span> <span class='ocrx_word' id='word_1_382' title='bbox 2431 5127 2557 5188; x_wconf 81' lang='lat' dir='ltr'><strong>cum</strong></span> <span class='ocrx_word' id='word_1_383' title='bbox 2593 5112 2825 5188; x_wconf 82' lang='lat' dir='ltr'><strong>C_yriaco</strong></span> <span class='ocrx_word' id='word_1_384' title='bbox 2877 5130 3199 5171; x_wconf 84' lang='lat' dir='ltr'><strong>successore</strong></span> <span class='ocrx_word' id='word_1_385' title='bbox 3225 5119 3380 5188; x_wconf 85' lang='lat' dir='ltr'><strong>ejus,</strong></span> <span class='ocrx_word' id='word_1_386' title='bbox 3436 5123 3539 5176; x_wconf 86' lang='lat' dir='ltr'><strong>nisi</strong></span> <span class='ocrx_word' id='word_1_387' title='bbox 3591 5124 3661 5179; x_wconf 89' lang='lat' dir='ltr'><strong>ab</strong></span> 
     </span>
    </p>
   </div>
   <div class='ocr_carea' id='block_1_50' title="bbox 414 5181 3662 5260">
    <p class='ocr_par' dir='ltr' id='par_1_50' title="bbox 414 5181 3662 5260">
     <span class='ocr_line' id='line_1_50' title="bbox 414 5181 3662 5260; baseline 0.004 -27"><span class='ocrx_word' id='word_1_388' title='bbox 414 5183 543 5260; x_wconf 59' lang='lat' dir='ltr'><strong>fieri</strong></span> <span class='ocrx_word' id='word_1_389' title='bbox 578 5181 777 5260; x_wconf 79' lang='lat' dir='ltr'><strong>potuit,</strong></span> <span class='ocrx_word' id='word_1_390' title='bbox 840 5192 900 5234; x_wconf 91' lang='lat' dir='ltr'><strong>ut</strong></span> <span class='ocrx_word' id='word_1_391' title='bbox 943 5182 1268 5260; x_wconf 69' lang='lat' dir='ltr'><strong>catholicus,</strong></span> <span class='ocrx_word' id='word_1_392' title='bbox 1295 5194 1354 5260; x_wconf 89' lang='lat' dir='ltr'><strong>_et</strong></span> <span class='ocrx_word' id='word_1_393' title='bbox 1391 5185 1694 5260; x_wconf 48' lang='lat' dir='ltr'><strong>Romanis,</strong></span> <span class='ocrx_word' id='word_1_394' title='bbox 1744 5185 1854 5260; x_wconf 84' lang='lat' dir='ltr'><strong>hoc_</strong></span> <span class='ocrx_word' id='word_1_395' title='bbox 1896 5181 1980 5260; x_wconf 77' lang='lat' dir='ltr'><strong>est</strong></span> <span class='ocrx_word' id='word_1_396' title='bbox 2082 5186 2184 5260; x_wconf 79' lang='lat' dir='ltr'><strong>hac</strong></span> <span class='ocrx_word' id='word_1_397' title='bbox 2215 5183 2582 5260; x_wconf 83' lang='lat' dir='ltr'><strong>appellatione</strong></span> <span class='ocrx_word' id='word_1_398' title='bbox 2610 5181 2974 5260; x_wconf 69' lang='lat' dir='ltr'><strong>desistet-ent,</strong></span> <span class='ocrx_word' id='word_1_399' title='bbox 3004 5196 3064 5260; x_wconf 83' lang='lat' dir='ltr'><strong>ut</strong></span> <span class='ocrx_word' id='word_1_400' title='bbox 3091 5181 3304 5260; x_wconf 73' lang='lat' dir='ltr'><strong>constat</strong></span> <span class='ocrx_word' id='word_1_401' title='bbox 3331 5181 3399 5245; x_wconf 67' lang='lat' dir='ltr'><strong>es</strong></span> <span class='ocrx_word' id='word_1_402' title='bbox 3428 5196 3662 5260; x_wconf 82' lang='lat' dir='ltr'><strong>cpistola</strong></span> 
     </span>
    </p>
   </div>
   <div class='ocr_carea' id='block_1_51' title="bbox 413 5251 3662 5323">
    <p class='ocr_par' dir='ltr' id='par_1_51' title="bbox 413 5251 3662 5323">
     <span class='ocr_line' id='line_1_51' title="bbox 413 5251 3662 5323; baseline 0.003 -16"><span class='ocrx_word' id='word_1_403' title='bbox 413 5252 760 5313; x_wconf 70' lang='lat' dir='ltr'><strong>Christianae,</strong></span> <span class='ocrx_word' id='word_1_404' title='bbox 813 5262 866 5304; x_wconf 92' lang='lat' dir='ltr'><strong>et</strong></span> <span class='ocrx_word' id='word_1_405' title='bbox 896 5267 1039 5323; x_wconf 63' lang='lat' dir='ltr'><strong>vera;</strong></span> <span class='ocrx_word' id='word_1_406' title='bbox 1073 5251 1197 5305; x_wconf 89' lang='lat' dir='ltr'><strong>fidei</strong></span> <span class='ocrx_word' id='word_1_407' title='bbox 1229 5253 1655 5323; x_wconf 78' lang='lat' dir='ltr'><strong>zelantissimus,</strong></span> <span class='ocrx_word' id='word_1_408' title='bbox 1683 5253 1786 5305; x_wconf 93' lang='lat' dir='ltr'><strong>hoc</strong></span> <span class='ocrx_word' id='word_1_409' title='bbox 1819 5253 1979 5306; x_wconf 93' lang='lat' dir='ltr'><strong>titulo</strong></span> <span class='ocrx_word' id='word_1_410' title='bbox 2083 5251 2386 5323; x_wconf 83' lang='lat' dir='ltr'><strong>tricesima,</strong></span> <span class='ocrx_word' id='word_1_411' title='bbox 2417 5262 2470 5304; x_wconf 73' lang='lat' dir='ltr'><strong>ut</strong></span> <span class='ocrx_word' id='word_1_412' title='bbox 2509 5253 2784 5307; x_wconf 85' lang='lat' dir='ltr'><strong>tricesima</strong></span> <span class='ocrx_word' id='word_1_413' title='bbox 2816 5256 2992 5323; x_wconf 91' lang='lat' dir='ltr'><strong>prima</strong></span> <span class='ocrx_word' id='word_1_414' title='bbox 3049 5257 3170 5311; x_wconf 89' lang='lat' dir='ltr'><strong>libri</strong></span> <span class='ocrx_word' id='word_1_415' title='bbox 3227 5261 3388 5320; x_wconf 77' lang='lat' dir='ltr'><strong>sexti,</strong></span> <span class='ocrx_word' id='word_1_416' title='bbox 3418 5251 3480 5315; x_wconf 69' lang='lat' dir='ltr'><strong>et</strong></span> <span class='ocrx_word' id='word_1_417' title='bbox 3530 5265 3662 5318; x_wconf 89' lang='lat' dir='ltr'><strong>alibi</strong></span> 
     </span>
    </p>
   </div>
   <div class='ocr_carea' id='block_1_52' title="bbox 415 5319 3664 5395">
    <p class='ocr_par' dir='ltr' id='par_1_52' title="bbox 415 5319 3664 5395">
     <span class='ocr_line' id='line_1_52' title="bbox 415 5319 3664 5395; baseline 0.005 -22"><span class='ocrx_word' id='word_1_418' title='bbox 415 5324 803 5395; x_wconf 72' lang='lat' dir='ltr'><strong>seprnaverit.</strong></span> <span class='ocrx_word' id='word_1_419' title='bbox 838 5336 961 5374; x_wconf 92' lang='lat' dir='ltr'><strong>cum</strong></span> <span class='ocrx_word' id='word_1_420' title='bbox 999 5321 1296 5395; x_wconf 76' lang='lat' dir='ltr'><strong>Gregorius</strong></span> <span class='ocrx_word' id='word_1_421' title='bbox 1327 5322 1550 5395; x_wconf 81' lang='lat' dir='ltr'><strong>Magnus</strong></span> <span class='ocrx_word' id='word_1_422' title='bbox 1581 5319 1845 5395; x_wconf 79' lang='lat' dir='ltr'><strong>Joannem</strong></span> <span class='ocrx_word' id='word_1_423' title='bbox 1884 5337 1981 5390; x_wconf 84' lang='lat' dir='ltr'><strong>pa-</strong></span> <span class='ocrx_word' id='word_1_424' title='bbox 2084 5323 2306 5395; x_wconf 67' lang='lat' dir='ltr'><strong>passim.</strong></span> <span class='ocrx_word' id='word_1_425' title='bbox 2353 5322 2646 5395; x_wconf 66' lang='lat' dir='ltr'><strong>Praeterea</strong></span> <span class='ocrx_word' id='word_1_426' title='bbox 2705 5319 2982 5378; x_wconf 73' lang='lat' dir='ltr'><strong>Adrianus</strong></span> <span class='ocrx_word' id='word_1_427' title='bbox 3039 5327 3249 5395; x_wconf 89' lang='lat' dir='ltr'><strong>primus</strong></span> <span class='ocrx_word' id='word_1_428' title='bbox 3291 5319 3540 5385; x_wconf 85' lang='lat' dir='ltr'><strong>scribens</strong></span> <span class='ocrx_word' id='word_1_429' title='bbox 3593 5336 3664 5388; x_wconf 82' lang='lat' dir='ltr'><strong>ad</strong></span> 
     </span>
    </p>
   </div>
   <div class='ocr_carea' id='block_1_53' title="bbox 412 5391 3666 5469">
    <p class='ocr_par' dir='ltr' id='par_1_53' title="bbox 412 5391 3666 5469">
     <span class='ocr_line' id='line_1_53' title="bbox 412 5391 3666 5469; baseline 0.003 -25"><span class='ocrx_word' id='word_1_430' title='bbox 412 5391 709 5469; x_wconf 76' lang='lat' dir='ltr'><strong>triarcbaut</strong></span> <span class='ocrx_word' id='word_1_431' title='bbox 749 5391 1411 5460; x_wconf 78' lang='lat' dir='ltr'><strong>Constantinopolitanum</strong></span> <span class='ocrx_word' id='word_1_432' title='bbox 1457 5393 1692 5469; x_wconf 85' lang='lat' dir='ltr'><strong>primum</strong></span> <span class='ocrx_word' id='word_1_433' title='bbox 1731 5394 1849 5469; x_wconf 72' lang='lat' dir='ltr'><strong>hoc</strong></span> <span class='ocrx_word' id='word_1_434' title='bbox 1881 5407 1980 5444; x_wconf 91' lang='lat' dir='ltr'><strong>no-</strong></span> <span class='ocrx_word' id='word_1_435' title='bbox 2081 5392 2582 5469; x_wconf 36' lang='lat' dir='ltr'><strong>Constantiuum‘et</strong></span> <span class='ocrx_word' id='word_1_436' title='bbox 2613 5391 3221 5469; x_wconf 74' lang='lat' dir='ltr'><strong>lrenem_imperatores</strong></span> <span class='ocrx_word' id='word_1_437' title='bbox 3255 5412 3409 5469; x_wconf 75' lang='lat' dir='ltr'><strong>rogat</strong></span> <span class='ocrx_word' id='word_1_438' title='bbox 3461 5419 3558 5457; x_wconf 84' lang='lat' dir='ltr'><strong>eos</strong></span> <span class='ocrx_word' id='word_1_439' title='bbox 3597 5422 3666 5458; x_wconf 65' lang='lat' dir='ltr'><strong>me</strong></span> 
     </span>
    </p>
   </div>
   <div class='ocr_carea' id='block_1_54' title="bbox 413 5462 3666 5542">
    <p class='ocr_par' dir='ltr' id='par_1_54' title="bbox 413 5462 3666 5542">
     <span class='ocr_line' id='line_1_54' title="bbox 413 5462 3666 5542; baseline 0.005 -32"><span class='ocrx_word' id='word_1_440' title='bbox 413 5477 541 5542; x_wconf 54' lang='lat' dir='ltr'><strong>sucu</strong></span> <span class='ocrx_word' id='word_1_441' title='bbox 576 5462 676 5513; x_wconf 85' lang='lat' dir='ltr'><strong>sibi</strong></span> <span class='ocrx_word' id='word_1_442' title='bbox 715 5471 1068 5542; x_wconf 69' lang='lat' dir='ltr'><strong>usurpantem</strong></span> <span class='ocrx_word' id='word_1_443' title='bbox 1096 5469 1391 5524; x_wconf 77' lang='lat' dir='ltr'><strong>monuerit,</strong></span> <span class='ocrx_word' id='word_1_444' title='bbox 1433 5473 1494 5542; x_wconf 85' lang='lat' dir='ltr'><strong>ut</strong></span> <span class='ocrx_word' id='word_1_445' title='bbox 1535 5463 1605 5513; x_wconf 87' lang='lat' dir='ltr'><strong>ab</strong></span> <span class='ocrx_word' id='word_1_446' title='bbox 1635 5462 1786 5514; x_wconf 81' lang='lat' dir='ltr'><strong>stulti</strong></span> <span class='ocrx_word' id='word_1_447' title='bbox 1821 5477 1983 5541; x_wconf 76' lang='lat' dir='ltr'><strong>voca-</strong></span> <span class='ocrx_word' id='word_1_448' title='bbox 2083 5462 2341 5542; x_wconf 46' lang='lat' dir='ltr'><strong>deinceps</strong></span> <span class='ocrx_word' id='word_1_449' title='bbox 2360 5462 2678 5542; x_wconf 69' lang='lat' dir='ltr'><strong>permittant</strong></span> <span class='ocrx_word' id='word_1_450' title='bbox 2706 5464 3028 5542; x_wconf 63' lang='lat' dir='ltr'><strong>patriarcha;</strong></span> <span class='ocrx_word' id='word_1_451' title='bbox 3046 5462 3666 5542; x_wconf 64' lang='lat' dir='ltr'><strong>Constantinopolitano</strong></span> 
     </span>
    </p>
   </div>
   <div class='ocr_carea' id='block_1_55' title="bbox 411 5528 3664 5604">
    <p class='ocr_par' dir='ltr' id='par_1_55' title="bbox 411 5528 3664 5604">
     <span class='ocr_line' id='line_1_55' title="bbox 411 5528 3664 5604; baseline 0.005 -21"><span class='ocrx_word' id='word_1_452' title='bbox 411 5528 532 5604; x_wconf 84' lang='lat' dir='ltr'><strong>buli</strong></span> <span class='ocrx_word' id='word_1_453' title='bbox 593 5545 652 5584; x_wconf 90' lang='lat' dir='ltr'><strong>se</strong></span> <span class='ocrx_word' id='word_1_454' title='bbox 681 5531 1043 5599; x_wconf 84' lang='lat' dir='ltr'><strong>appellatione</strong></span> <span class='ocrx_word' id='word_1_455' title='bbox 1079 5540 1555 5604; x_wconf 76' lang='lat' dir='ltr'><strong>compesceret,_et</strong></span> <span class='ocrx_word' id='word_1_456' title='bbox 1584 5545 1741 5604; x_wconf 83' lang='lat' dir='ltr'><strong>suum</strong></span> <span class='ocrx_word' id='word_1_457' title='bbox 1770 5532 1982 5600; x_wconf 83' lang='lat' dir='ltr'><strong>apocri-</strong></span> <span class='ocrx_word' id='word_1_458' title='bbox 2085 5530 2333 5604; x_wconf 79' lang='lat' dir='ltr'><strong>Tarasio,</strong></span> <span class='ocrx_word' id='word_1_459' title='bbox 2368 5533 2618 5604; x_wconf 83' lang='lat' dir='ltr'><strong>scribere</strong></span> <span class='ocrx_word' id='word_1_460' title='bbox 2647 5528 2718 5604; x_wconf 25' lang='lat' dir='ltr'><strong>sei</strong></span> <span class='ocrx_word' id='word_1_461' title='bbox 2757 5535 3122 5590; x_wconf 86' lang='lat' dir='ltr'><strong>universalcm</strong></span> <span class='ocrx_word' id='word_1_462' title='bbox 3150 5577 3165 5600; x_wconf 93' lang='lat'><strong>,</strong></span> <span class='ocrx_word' id='word_1_463' title='bbox 3194 5541 3340 5604; x_wconf 86' lang='lat' dir='ltr'><strong>quod</strong></span> <span class='ocrx_word' id='word_1_464' title='bbox 3373 5528 3664 5603; x_wconf 13' lang='lat' dir='ltr'><strong>fe&#39;ceratiin</strong></span> 
     </span>
    </p>
   </div>
   <div class='ocr_carea' id='block_1_56' title="bbox 416 5601 3654 5681">
    <p class='ocr_par' dir='ltr' id='par_1_56' title="bbox 416 5601 3654 5681">
     <span class='ocr_line' id='line_1_56' title="bbox 416 5601 3654 5681; baseline 0.006 -29"><span class='ocrx_word' id='word_1_465' title='bbox 416 5601 622 5654; x_wconf 86' lang='lat' dir='ltr'><strong>sarium</strong></span> <span class='ocrx_word' id='word_1_466' title='bbox 690 5610 924 5654; x_wconf 79' lang='lat' dir='ltr'><strong>\etuerzt</strong></span> <span class='ocrx_word' id='word_1_467' title='bbox 1001 5603 1408 5654; x_wconf 88' lang='lat' dir='ltr'><strong>communicare</strong></span> <span class='ocrx_word' id='word_1_468' title='bbox 1472 5601 1528 5654; x_wconf 89' lang='lat' dir='ltr'><strong>in</strong></span> <span class='ocrx_word' id='word_1_469' title='bbox 1607 5601 1778 5655; x_wconf 80' lang='lat' dir='ltr'><strong>sacris</strong></span> <span class='ocrx_word' id='word_1_470' title='bbox 1855 5614 1980 5654; x_wconf 89' lang='lat' dir='ltr'><strong>cum</strong></span> <span class='ocrx_word' id='word_1_471' title='bbox 2087 5601 2423 5670; x_wconf 76' lang='lat' dir='ltr'><strong>professione</strong></span> <span class='ocrx_word' id='word_1_472' title='bbox 2457 5616 2570 5656; x_wconf 71' lang='lat' dir='ltr'><strong>suae</strong></span> <span class='ocrx_word' id='word_1_473' title='bbox 2594 5602 2740 5668; x_wconf 85' lang='lat' dir='ltr'><strong>fidei,</strong></span> <span class='ocrx_word' id='word_1_474' title='bbox 2779 5619 2940 5674; x_wconf 84' lang='lat' dir='ltr'><strong>quam</strong></span> <span class='ocrx_word' id='word_1_475' title='bbox 2973 5601 3281 5666; x_wconf 80' lang='lat' dir='ltr'><strong>miseratad</strong></span> <span class='ocrx_word' id='word_1_476' title='bbox 3314 5614 3654 5681; x_wconf 77' lang='lat' dir='ltr'><strong>pontificem.</strong></span> 
     </span>
    </p>
   </div>
   <div class='ocr_carea' id='block_1_57' title="bbox 530 5693 2539 5762">
    <p class='ocr_par' dir='ltr' id='par_1_57' title="bbox 530 5693 2539 5762">
     <span class='ocr_line' id='line_1_57' title="bbox 530 5693 2539 5762; baseline 0.005 -18"><span class='ocrx_word' id='word_1_477' title='bbox 530 5693 606 5758; x_wconf 80' lang='grc' dir='ltr'><strong>(α)</strong></span> <span class='ocrx_word' id='word_1_478' title='bbox 644 5693 769 5747; x_wconf 79' lang='lat' dir='ltr'><strong>Yidc</strong></span> <span class='ocrx_word' id='word_1_479' title='bbox 794 5695 1048 5756; x_wconf 77' lang='lat' dir='ltr'><strong>Aloysium</strong></span> <span class='ocrx_word' id='word_1_480' title='bbox 1069 5694 1366 5747; x_wconf 84' lang='lat' dir='ltr'><strong>Bandiuium</strong></span> <span class='ocrx_word' id='word_1_481' title='bbox 1397 5695 1450 5748; x_wconf 84' lang='lat' dir='ltr'><strong>in</strong></span> <span class='ocrx_word' id='word_1_482' title='bbox 1487 5695 1876 5758; x_wconf 82' lang='lat' dir='ltr'><strong>Commentario,</strong></span> <span class='ocrx_word' id='word_1_483' title='bbox 1909 5711 2056 5762; x_wconf 82' lang='lat' dir='ltr'><strong>supra</strong></span> <span class='ocrx_word' id='word_1_484' title='bbox 2086 5702 2183 5752; x_wconf 87' lang='lat' dir='ltr'><strong>col.</strong></span> <span class='ocrx_word' id='word_1_485' title='bbox 2214 5715 2377 5753; x_wconf 76' lang='lat' dir='ltr'><strong>nm.</strong></span> <span class='ocrx_word' id='word_1_486' title='bbox 2410 5703 2539 5754; x_wconf 78' lang='lat' dir='ltr'><strong>Eutr.</strong></span> 
     </span>
    </p>
   </div>
   <div class='ocr_carea' id='block_1_58' title="bbox 755 5783 3286 5867">
    <p class='ocr_par' dir='ltr' id='par_1_58' title="bbox 755 5783 3286 5867">
     <span class='ocr_line' id='line_1_58' title="bbox 755 5783 3286 5867; baseline 0.009 -25"><span class='ocrx_word' id='word_1_487' title='bbox 755 5785 1022 5845; x_wconf 71' lang='lat' dir='ltr'><strong>Ps&#39;tnoL.</strong></span> <span class='ocrx_word' id='word_1_488' title='bbox 1069 5783 1185 5848; x_wconf 79' lang='lat' dir='ltr'><strong>Gn.</strong></span> <span class='ocrx_word' id='word_1_489' title='bbox 1233 5784 1442 5849; x_wconf 79' lang='lat' dir='ltr'><strong>CLXI.</strong></span> <span class='ocrx_word' id='word_1_490' title='bbox 3207 5801 3286 5867; x_wconf 78' lang='grc'><strong>15</strong></span> 
     </span>
    </p>
   </div>
  </div>
