3990 6212
378 199 485 265 457

370 406 466 459 καὶ
493 407 596 460 ὅσα
622 407 805 476 ὅμοια,
827 410 1072 482 ἀράχνης
1103 414 1323 484 νήματα
1339 417 1490 483 ὄντα,
1513 420 1606 472 καὶ
1630 423 1791 490 ἡμεῖς
1823 422 1952 474 πυλ-

370 497 530 562 λάκις
560 498 870 570 ἐδείξαμεν.
901 502 1030 558 Εῖτε
1054 505 1162 577 γὰρ
1196 508 1285 562 διὰ
1325 510 1387 563 τὸ
1417 513 1705 581 ὁμοούσιον
1735 515 1953 584 ἐλέγετο

369 589 600 660 Πνεῦμα
629 594 818 657 αὐτοῦ,
846 595 935 649 διὰ
961 597 1020 649 τὸ
1055 599 1186 652 αὐτὸ
1209 600 1273 672 δὴ
1303 602 1460 656 τοῦτο
1484 605 1581 658 καὶ
1615 609 1644 660 6
1672 607 1800 671 Υίδς
1831 608 1952 662 ἐλέ-

370 700 500 752 γετο
532 685 600 740 ἂν
628 688 723 740 τοῦ
765 688 1103 759 Πνεύματος,
1134 693 1250 747 ἀλλ’
1277 695 1379 750 ούκ
1414 697 1479 751 ἂν
1507 697 1692 768 εὕροις
1711 701 1950 770 οὐδαμοῦ

367 776 532 830 τοῦτο
553 792 570 810 ο
599 776 706 831 εἴτε
741 778 831 834 διὰ
852 781 912 833 τὸ
936 781 1250 852 πέμπεσθαι
1280 787 1373 840 ὑπ’
1403 789 1592 856 αὑτοῦ,
1624 792 1760 862 πρὸς
1795 794 1952 862 ἡμῶν

369 866 398 917 6
425 864 607 933 λόγος.
641 868 715 920 Τὸ
745 870 855 938 γὰρ
890 872 1132 941 πέμπειν
1177 876 1242 946 δὴ
1288 879 1469 948 τοῦτο,
1504 884 1600 935 καὶ
1655 883 1949 953 πηγάζειν,

370 960 469 1011 καὶ
523 959 852 1026 ἁναϐλύζειν
898 967 1330 1033 προῦποτίθεται
1378 971 1478 1043 τὴν
1525 975 1824 1047 προϐολὴν,
1860 979 1952 1030 καὶ
2024 983 2027 985 ’

369 1049 472 1118 τὴν
495 1052 727 1123 οὐσιώδη
757 1055 1012 1125 πρόοδον,
1043 1062 1139 1112 καὶ
1167 1061 1434 1119 ἀδύνατον
1469 1065 1716 1132 πέμπειν
1756 1073 1848 1120 τὸν
1875 1072 1950 1138 μὴ

370 1144 771 1211 προϐάλλοντα,
805 1148 1021 1213 πολλοῖς
1056 1152 1327 1224 πολλαχοῦ
1380 1160 1475 1212 καὶ
1508 1159 1715 1224 ἱκανοῖς
1750 1161 1953 1228 ἐδείξα-

372 1250 477 1325 μεν
508 1237 605 1289 καὶ
636 1238 796 1306 ἡμεῖς
823 1240 1025 1308 λόγοις.
1069 1244 1245 1299 Πολλὰ
1271 1249 1370 1314 μέν
1390 1247 1483 1301 οὖν
1513 1252 1606 1303 καὶ
1633 1251 1770 1306 ἄλλα
1799 1254 1951 1325 παρὰ

369 1324 483 1377 τῶν
513 1328 800 1400 ἡμετέρων
831 1331 967 1399 πρὸς
1000 1335 1099 1404 τὴν
1128 1337 1228 1403 τῆς
1259 1339 1520 1409 ἀληθείας
1552 1337 1757 1414 ταύτης
1806 1324 1948 1400 ἀπο-

370 1420 554 1487 φυγὴν
580 1422 822 1489 λέγεται,
852 1426 1006 1480 οὐδὲν
1067 1428 1203 1493 ὅλως
1237 1431 1496 1501 ἰσχύοντα
1516 1450 1530 1465 ο
1579 1436 1761 1507 πολλῷ
1793 1439 1840 1491 δ’
1870 1439 1951 1496 ἔτι

369 1510 548 1564 πλείω
593 1530 653 1566 τε
683 1516 772 1566 καὶ
797 1518 1004 1570 καλλίω
1026 1521 1074 1572 ol
1103 1524 1168 1592 τῇ
1198 1523 1432 1596 ἀληθείᾳ
1456 1530 1842 1597 συνιστάμενοι
1866 1532 1954 1584 λέ-

365 1619 566 1678 γουσιτ
620 1608 713 1660 καὶ
743 1608 919 1662 πάντα
954 1611 1200 1681 ἀκριϐῶς
1237 1615 1401 1685 ίσμεν
1455 1619 1592 1688 πρὸς
1640 1623 1768 1686 τοὺς
1798 1625 1954 1678 ἐναν-

1521 215 1937 280 ENCYCLICA
1978 219 2083 282 AD
2124 224 2464 292 GllIECOS.

364 294 771 386 Δὁμοουσιότητα
800 319 1144 390 παριστάνει,
1177 322 1208 393 ἢ
1240 324 1299 379 τὸ
1330 324 1390 391 ἐξ
1435 327 1563 381 Υίοῦ
1609 330 1950 399 πέμπεσθαι.

2064 348 2178 389 cum
2204 336 2411 407 Spiritu
2431 339 2827 408 demonstrare,
2853 343 2935 398 vel
2970 359 2998 396 a
3025 342 3162 400 Filio
3193 345 3356 410 mitti,
3381 359 3435 405 et
3471 365 3630 422 quot-

3524 241 3630 308 458

2055 438 2190 495 quot
2218 430 2446 490 similia.
2482 449 2697 488 araneae
2717 449 2836 490 esse
2865 436 2951 491 fila
2971 453 3115 508 saepe
3142 455 3242 494 nos
3265 442 3629 505 ostendimus.

2056 516 2182 573 Sive
2201 521 2346 574 enim
2365 522 2640 577 diceretur
2653 524 2888 595 Spiritus
2902 528 3022 595 ejus
3038 539 3262 598 propter
3275 532 3634 589 consubstan-

2057 610 2364 674 tialitatem,
2397 616 2466 668 oh
2495 616 2600 670 hoc
2624 617 2803 687 ipsum
2824 629 2876 674 et
2900 621 3071 676 Filius
3094 622 3371 679 diceretur
3393 624 3634 695 Spiritus

2053 705 2250 769 sancti,
2274 706 2369 760 sed
2394 723 2658 776 nusquam
2682 711 2786 764 hoc
2816 713 3058 778 reperies
3081 730 3096 777 ;
3118 713 3232 769 sive
3256 717 3401 785 quod
3425 718 3494 772 ab
3514 718 3634 788 ipso

2054 799 2323 859 mittatur,
2376 801 2514 853 ratio
2563 815 2592 854 a
2637 801 2796 856 nohis
2857 813 2964 858 est.
3025 805 3136 860 lloc
3187 809 3332 862 enim
3390 810 3632 875 mittere,

2052 897 2110 942 et
2190 889 2513 956 ellundere,
2603 896 2978 963 praesupponit
3075 899 3490 966 productionem
3573 910 3632 957 et

2053 979 2396 1033 essentialem
2432 995 2770 1050 processum.
2800 983 2866 1038 Et
2899 985 3012 1039 fieri
3046 1002 3152 1040 non
3179 998 3359 1057 potest
3385 989 3506 1046 utis
3535 992 3635 1062 qui

2053 1084 2160 1123 non
2179 1070 2452 1138 producit,
2478 1073 2675 1137 mittat,
2699 1075 2888 1129 multis
2902 1087 2958 1130 et
2976 1076 3373 1136 sufﬁcientibus
3398 1084 3634 1138 rationi-

2055 1159 2154 1215 bus
2189 1162 2390 1231 passim
2431 1155 2956 1224 demonstravimus.
3010 1169 3174 1224 Multa
3207 1172 3372 1242 igitur
3399 1173 3636 1230 vitandae

2056 1269 2219 1308 causa
2274 1254 2438 1326 hujus
2494 1258 2743 1312 veritatis
2779 1274 2806 1313 a
2839 1264 3046 1316 nostris
3101 1264 3242 1318 dicta
3299 1276 3470 1330 sunt;
3539 1269 3636 1322 sed

2054 1348 2277 1401 omnino
2311 1349 2441 1403 nihil
2476 1351 2675 1404 valent.
2705 1352 2872 1408 Multo
2917 1370 3046 1409 vero
3101 1355 3260 1425 plura
3295 1367 3350 1412 et
3383 1358 3633 1424 meliora,

2055 1442 2147 1521 qui
2200 1443 2417 1497 veritati
2444 1447 2881 1511 patrocinantur,
2920 1448 3197 1516 afferunt;
3261 1458 3316 1504 et
3339 1451 3520 1506 omnia
3552 1451 3638 1506 di-

2059 1534 2294 1602 ligenter
2319 1538 2594 1600 novimus,
2627 1555 2752 1594 cum
2781 1549 2974 1596 contra
3005 1557 3203 1598 omnes
3235 1543 3475 1598 rationes
3505 1559 3640 1598 con-

1987 1673 2028 1726 Β
2058 1626 2252 1681 trarias
2273 1628 2770 1702 disputaverimus;
2800 1633 2903 1688 hoc
2936 1649 3067 1688 vero
3124 1635 3267 1700 loco,
3303 1636 3373 1690 ob
3410 1636 3638 1705 prolixi-

365 1697 520 1759 τίυυς
551 1700 811 1762 πολλάκις
839 1703 1249 1774 ἀποδυσάμενοι
1305 1707 1519 1777 λόγους.
1580 1712 1848 1768 Ἐνταῦθα
1895 1717 1953 1770 δέ

2064 1731 2224 1776 tatem
2253 1739 2593 1786 sermonum,
2620 1723 2736 1780 haec
2764 1725 2928 1780 missa
2949 1725 3200 1793 facimus;
3229 1728 3374 1783 etad
3407 1727 3634 1798 scripta,

364 1787 546 1841 διὰτὸ
596 1789 772 1860 μῆκος
815 1793 926 1846 τῶν
985 1795 1160 1863 λόγων
1213 1799 1353 1853 αὐτὰ
1409 1803 1726 1870 παρεῶντες
1778 1807 1858 1871 είς
1889 1807 1957 1862 τὰ

367 1883 502 1946 περὶ
532 1880 723 1960 τούτου
777 1889 1251 1957 συγγεγραμμένα
1283 1893 1416 1961 ἡμῖν
1438 1894 1565 1957 τοὺς
1593 1895 1959 1966 βουλομένους

367 1973 844 2042 παραπέμπομεν.
883 1977 978 2030 "Ev
1023 1978 1079 2032 δὲ
1107 1978 1267 2033 τοῦτο
1320 1983 1450 2051 ὑμῖν
1496 2001 1676 2053 φαμεν
1709 1986 1806 2040 νῦν
1860 1989 1956 2042 καὶ

372 2064 522 2132 μάλα
553 2065 909 2138 θαρροῦντες,
942 2071 1016 2132 ὡς
1053 2072 1241 2127 ἱκανόν
1284 2076 1402 2128 ἐστι
1463 2077 1627 2131 τοῦτο
1665 2080 1833 2148 μόνον
1869 2078 1955 2147 (εὖ

373 2156 512 2225 ἴστε)
561 2158 697 2228 πρὸς
725 2161 827 2228 τὴν
861 2165 961 2232 τῆς
1021 2164 1281 2234 ἀληθείας
1330 2169 1694 2238 παράστασιν,
1754 2173 1848 2226 τοῦ
1895 2175 1956 2228 τὸ

371 2247 601 2317 Πνεῦμα
629 2250 692 2303 τὺ
716 2250 876 2320 ἅγιον
903 2253 998 2306 καὶ
1025 2254 1086 2319 ἐξ
1120 2255 1252 2310 Υίοῦ
1279 2257 1467 2329 ὥσπερ
1499 2263 1590 2314 καὶ
1629 2267 1690 2315 ἐκ
1723 2263 1816 2317 τοῦ
1847 2266 1958 2318 Πα-

367 2339 503 2408 τρδς
537 2339 613 2403 ὡς
644 2342 708 2393 ἐκ
740 2343 868 2411 μιᾶς
893 2343 1092 2414 ἀρχῆς,
1119 2349 1216 2400 καὶ
1245 2349 1361 2412 ἐνδς
1397 2351 1799 2421 ἐκπορεύεσθαι
1823 2374 1956 2426 προ-

371 2429 600 2494 ϐολέως.
649 2433 762 2486 Kal
809 2436 1141 2504 ἐπειράθητε
1179 2440 1247 2492 ἂν
1288 2440 1456 2512 ἔργῳ,
1506 2446 1556 2496 εί
1594 2446 1784 2516 παρὼν
1824 2450 1954 2518 ὑμῖν

370 2522 584 2575 ἐδίδουν
607 2541 664 2576 τε
692 2526 786 2578 καὶ
817 2527 1120 2597 ἐλάμϐανον
1151 2532 1312 2599 λόγον
1332 2549 1344 2564 ο
1376 2529 1518 2589 εἶναί
1543 2554 1602 2590 τε
1630 2539 1722 2591 καὶ
1754 2542 1954 2607 πολλὰς

371 2614 545 2678 ἄλλας
577 2619 883 2688 μαρτυρίας
909 2622 1004 2688 τῆς
1036 2622 1187 2686 θείας
1213 2625 1454 2696 Γραφῆς,
1477 2629 1552 2691 ὡς
1582 2631 1664 2694 τὸ,
1703 2633 1815 2686 ’ον
1837 2636 1956 2705 ἐγὼ
2003 2649 2011 2654 ’

371 2709 593 2776 πέμψω
625 2709 767 2780 ὑμῖν
787 2715 947 2780 παρὰ
974 2713 1080 2770 τοῦ
1118 2709 1350 2785 Πατρός
1370 2737 1384 2752 ·
1419 2721 1494 2783 ὡς
1524 2723 1602 2787 τὸ,
1633 2728 1776 2794 Παρ“
1805 2728 1953 2797 ἐμοῦ

372 2803 663 2871 λήψεται,
697 2805 797 2859 καὶ
839 2809 1164 2877 ἀναγγελεῖ
1196 2811 1371 2878 ὑμῖν·
1419 2813 1495 2878 ὡς
1557 2817 1639 2880 τὸ,
1684 2818 1842 2873 ’Ὅσα
1875 2821 1954 2876 ἂν

374 2897 638 2963 ἀκούσῃ,
660 2899 924 2966 λαλήσει
942 2914 958 2930 ο
989 2902 1084 2954 καὶ
1111 2901 1249 2984 ἄλλα
1278 2905 1460 2972 ὅμοια.
1506 2907 1597 2972 Ἐξ
1617 2903 1691 2961 ὧν
1718 2912 1951 2966 ἑκάστου

2057 1829 2180 1879 qua:
2214 1813 2283 1868 de
2323 1814 2427 1868 hoc
2473 1817 2888 1884 composuimus
2951 1817 3204 1872 volentes
3260 1817 3635 1884 considerare,

2058 1904 2411 1960 remittimus.
2441 1905 2555 1960 Hoc
2576 1923 2744 1961 unum
2776 1923 2908 1964 vero
2943 1923 3091 1963 nunc
3121 1908 3280 1963 vobis
3342 1923 3467 1964 cum
3523 1925 3638 1964 ma-

2056 2013 2164 2067 gna
2194 1993 2394 2053 ﬁducia
2425 1998 2682 2064 dicimus,
2719 2001 2866 2070 quod
2905 1999 3185 2056 sufﬁciens
3238 2010 3324 2056 est
3375 2001 3482 2057 hoc
3547 2016 3638 2056 so-

2057 2091 2193 2152 lum,
2217 2101 2373 2146 certo
2421 2093 2630 2157 sciatis,
2684 2093 2750 2147 ad
2806 2095 3094 2148 veritatem
3149 2093 3634 2163 comprehendam,

2057 2182 2204 2250 quod
2257 2181 2501 2253 Spiritus
2525 2194 2748 2239 sanctus
2771 2186 2936 2239 etiam
2967 2201 3033 2240 ex
3061 2186 3221 2248 Ftlio,
3247 2186 3635 2254 ~quemadmo~

2057 2274 2186 2329 dum
2217 2284 2271 2328 et
2304 2290 2368 2329 ex
2395 2274 2553 2330 Patre
2589 2291 2602 2329 :
2637 2276 2784 2330 utab
2814 2291 2923 2330 uno
2955 2277 3250 2347 principio,
3290 2287 3347 2331 et
3377 2292 3490 2331 uno
3511 2293 3639 2345 pro-

2057 2365 2296 2420 ductore
2346 2368 2609 2435 procedat
2637 2375 2690 2421 et
2715 2381 2904 2420 revera
2933 2367 2978 2420 si
3008 2382 3250 2436 praesens
3277 2382 3449 2420 essem
3491 2365 3636 2419 ultro

2013 2459 2305 2527 citroque
2358 2463 2493 2512 data.
2532 2466 2589 2512 et
2636 2469 2859 2526 accepta
2916 2459 3123 2514 ratione
3175 2459 3379 2525 experti
3409 2458 3632 2522 essetis,

2055 2550 2223 2604 multa
2251 2550 2355 2604 alia
2371 2557 2624 2604 constare
2655 2550 2965 2606 testimonia
2983 2564 3260 2606 sacrarum
3277 2548 3602 2604 Litterarum
3615 2589 3632 2612 ,

2059 2653 2117 2698 ut
2141 2642 2271 2696 illud
2319 2659 2332 2691 :
2360 2633 2530 2705 Quem
2557 2659 2648 2714 ego
2679 2644 2886 2697 mittant
2929 2644 3070 2697 vobis
3095 2660 3127 2696 a
3152 2642 3350 2708 Patre;
3377 2649 3434 2696 et
3455 2643 3587 2697 illud
3615 2657 3632 2696 :

2056 2733 2134 2787 De
2179 2750 2293 2788 meo
2349 2734 2557 2802 accipit,
2615 2742 2664 2786 et
2730 2733 3069 2786 annuutiabit
3129 2732 3300 2796 vobis;
3362 2742 3419 2787 et
3451 2731 3632 2788 illud:

2057 2825 2390 2896 Quaecunque
2412 2825 2610 2887 audiet,
2628 2825 2888 2894 loquetur,
2903 2835 2956 2877 et
2976 2825 3080 2879 alia
3103 2823 3323 2879 similia.
3342 2823 3416 2879 Ex
3435 2823 3637 2894 quibus

2058 2917 2289 2988 singulis
2314 2917 2525 2972 eadem
2552 2916 2675 2970 lidei
2699 2917 2898 2970 veritas
2931 2916 3089 2970 facile
3117 2915 3418 2985 probatur;
3469 2931 3635 2986 quam

377 2990 410 3055 ἡ
435 2990 573 3062 αὐτὴ
607 2992 781 3061 ῥᾷστα
801 2993 898 3062 τῆς
925 2992 1158 3056 πίστεως
1183 2995 1410 3064 ἀλήθεια
1434 2999 1728 3067 δείκνυται,
1753 3007 1820 3076 ἢν
1845 3009 1952 3062 πά-

2064 3011 2184 3066 olim
2217 3018 2272 3062 ct
2299 3008 2462 3062 modo
2491 3008 2762 3062 catholica
2798 3008 3038 3062 Romana
3065 3007 3310 3063 Ecclesia
3377 3009 3541 3064 docet
3575 3018 3634 3065 et

377 3089 467 3140 λαι
500 3105 558 3141 τε
591 3090 687 3141 καὶ
713 3089 860 3159 νῦνῆ
890 3091 1156 3164 καθολεκὴ
1179 3091 1288 3147 τῶν
1320 3095 1612 3166 Ῥωμαίων
1649 3100 1949 3175 Ἐκκλησία

2063 3118 2232 3172 tenet,
2255 3122 2416 3172 quam
2443 3107 2595 3177 prius
2618 3107 2870 3161 universa
2886 3105 3127 3161 Ecclesia
3142 3105 3644 3176 complectebatur.

377 3180 620 3232 διδάσκει
654 3198 736 3245 τε,
778 3185 874 3237 καὶ
897 3186 1136 3255 κατέχει,
1163 3187 1232 3256 ἢν
1257 3189 1352 3260 ὅλη
1384 3191 1703 3265 πρότερονή
1747 3197 2041 3270 Ἐκκλησία
2081 3203 2373 3256 ἐπίστευεν

461 3277 626 3329 Ἀλλὰ
670 3280 840 3348 φαίης
874 3280 975 3346 ἂν,
1011 3283 1088 3345 ὡς
1117 3284 1281 3346 αὐτὸς
1313 3287 1340 3338 6
1373 3287 1578 3359 Κύριος
1611 3293 1736 3361 περὶ
1767 3297 1958 3349 τούτου

379 3367 572 3434 λέγων,
605 3368 680 3422 Τὸ
709 3368 970 3437 Πνεῦμα,
998 3374 1188 3443 φησιν,
1221 3375 1252 3428 ὃ
1285 3377 1443 3444 παρὰ
1475 3379 1582 3433 τοῦ
1610 3384 1839 3451 Πατρός
1864 3387 1962 3440 ἐκ·

379 3460 716 3526 πορεύεται.
758 3460 832 3530 μὴ
863 3462 1122 3532 προσθεὶς
1159 3466 1252 3517 καὶ
1292 3468 1504 3523 ἑαυτόν.

451 3550 565 3602 Καὶ
595 3551 649 3602 τί
677 3550 857 3617 τοῦτο,
887 3554 1110 3622 ἀδελφοί
1133 3574 1152 3622 ;~
1181 3557 1241 3609 οὐ
1276 3559 1386 3628 γὰρ
1417 3559 1482 3630 δὴ
1513 3562 1610 3615 καὶ
1635 3562 1709 3626 ὡς
1743 3565 1843 3618 οὐκ
1880 3566 1968 3618 ἐκ·

382 3643 680 3714 πορεύεται
733 3644 792 3711 ἐξ
840 3645 1004 3700 αὐτοῦ
1053 3649 1299 3718 εῖρηκεν.
1362 3651 1534 3706 Τοῦτο
1581 3655 1688 3721 γάρ
1720 3655 1786 3709 ἂν
1835 3656 1965 3718 ίσως

384 3737 692 3807 βιαιότερον
719 3733 788 3809 ἦν
808 3754 824 3769 ·
860 3740 962 3792 κᾶν
1005 3740 1140 3810 μηδὲ
1167 3741 1326 3794 τοῦτο
1356 3744 1559 3809 ἱκανὸν,
1585 3747 1719 3815 πρὸς
1747 3747 1775 3800 6
1806 3747 1966 3816 ὑμεῖς

387 3830 663 3899 βούλεσθε.
690 3831 797 3884 Kal
820 3833 926 3900 γὰρ
945 3833 972 3884 6
989 3833 1173 3896 αὐτὸς,
1191 3835 1329 3901 Περὶ
1348 3833 1458 3904 τῆς
1473 3837 1698 3905 ἡμέρας
1720 3838 1966 3907 ἐκεινης

386 3929 486 3978 καὶ
511 3921 625 3991 τῆς
647 3922 801 3990 ὥρας
826 3923 1025 3990 οὐδεὶς
1054 3921 1198 3991 οἵδε,
1228 3927 1416 3994 φησὶν,
1451 3927 1594 3982 οὐδὲ
1626 3931 1681 3982 οἱ
1715 3930 1957 4000 ἄγγελοι

386 4017 531 4070 οὐδὲ
562 4018 596 4069 ό
628 4016 792 4080 Υἱὸς,
817 4018 869 4070 εί
898 4016 984 4084 μὴ
1021 4019 1054 4069 ὀ
1082 4017 1283 4086 Πατὴρ
1306 4017 1493 4086 μόνος
1516 4023 1654 4072 ’καὶ
1683 4020 1860 4084 αὖθις,
1895 4021 1966 4075 Ἥ

387 4109 500 4178 ἐμὴ
545 4108 911 4162 διδασκαλία
939 4110 1051 4163 οὐκ
1083 4110 1254 4163 ἔστιν
1299 4109 1435 4178 ἐμὴ,
1489 4112 1654 4165 om
1684 4113 1790 4167 τοῦ
1823 4111 1964 4182 πέμ·

392 4201 624 4268 ψαντός
641 4218 718 4269 με
746 4201 998 4270 Πατρὸς,
1021 4205 1136 4262 καὶ,
1159 4201 1372 4268 Οὐδεὶς
1403 4202 1555 4272 ἔγνω
1573 4204 1680 4257 τὸν
1719 4207 1878 4272 mir,
1911 4208 1965 4259 ει

387 4296 472 4363 μὴ
503 4297 536 4348 ὁ
572 4294 806 4360 Πατήρ·
836 4296 926 4346 καὶ
953 4296 1100 4363 ὅμως
1148 4295 1312 4365 ἡμεῖς
1351 4297 1531 4357 καλῶς
1561 4313 1626 4364 γε
1680 4298 1965 4362 ποιοῦντες

2139 3300 2245 3355 Sed
2279 3298 2526 3370 objicies,
2556 3297 2702 3368 quod
2758 3297 3020 3352 Dominus
3061 3297 3148 3354 de-
3181 3298 3284 3354 hoc
3338 3298 3635 3359 disserens.

2067 3391 2321 3459 Spiritus,
2353 3391 2551 3459 inquit,
2581 3391 2672 3459 qui
2713 3407 2745 3443 a
2778 3389 2939 3444 Patre
2998 3390 3254 3460 procedit,
3290 3405 3401 3444 non
3455 3401 3637 3445 autem

2066 3484 2276 3538 addidit
2305 3485 2575 3552 seipsum.

2137 3575 2203 3628 Et
2242 3573 2422 3642 qualis
2451 3575 2672 3627 est-haec
2702 3570 2958 3642 Objl‘CliO,
2993 3585 3198 3642 quaeso,
3249 3570 3487 3626 fratres?
3519 3572 3638 3627 Non

2065 3665 2208 3718 enim
2238 3663 2376 3718 dixit
2405 3663 2549 3733 quod
2584 3679 2694 3716 non
2726 3663 2980 3733 procedit
3018 3665 3085 3719 ah
3128 3663 3249 3734 ipso
3280 3664 3486 3733 (Filio).
3518 3662 3632 3719 Hoc

2065 3755 2211 3809 enim
2244 3754 2490 3809 fortassis
2513 3755 2894 3809 vehementius
2916 3765 3154 3825 urgeret.
3176 3757 3433 3822 Quamvis
3463 3771 3641 3823 neque

2072 3847 2176 3899 hoc
2208 3846 2485 3900 sulllceret
2513 3847 2578 3899 ad
2623 3845 2963 3916 probandum
3007 3845 3153 3914 quod
3192 3848 3376 3901 vultis.
3425 3847 3642 3917 Quippe

2070 3939 2216 3992 idem
2252 3938 2390 3992 dixit
2419 3956 2431 3990 :
2469 3939 2544 3991 De
2571 3939 2652 3992 die
2686 3938 2784 3991 illa
2819 3949 2866 3991 et
2925 3941 3058 3992 hora
3102 3955 3252 3992 nemo
3281 3941 3401 4000 scit.
3442 3940 3642 4007 inquit,

2070 4047 2235 4100 neque
2262 4030 2455 4100 angeli,
2489 4047 2655 4101 neque
2689 4030 3004 4098 Filius,nisi
3029 4031 3173 4085 solus
3207 4031 3392 4086 Pater.
3424 4032 3486 4087 Et
3517 4048 3643 4086 rur—

2071 4137 2199 4176 sus:
2239 4121 2362 4176 Mea
2408 4124 2650 4176 doctrina
2678 4139 2779 4175 non
2809 4134 2880 4176 est
2907 4139 3043 4184 mea,
3087 4123 3177 4176 sed
3207 4123 3315 4192 qui
3358 4124 3500 4177 misit
3563 4138 3646 4184 ηιμ

2079 4213 2298 4280 Patris;
2320 4223 2376 4269 et
2404 4230 2414 4265 :
2443 4213 2608 4269 Nemo
2628 4217 2768 4269 novit
2795 4214 3011 4278 Filium,
3045 4216 3149 4268 nisi
3179 4214 3365 4279 Pater,
3390 4224 3443 4269 et
3465 4226 3640 4271 tatneu

2072 4325 2172 4364 nos
2197 4318 2350 4365 recte
2391 4311 2679 4374 facientes,
2705 4308 3044 4364 contrarium
3077 4309 3371 4362 credimus.
3398 4307 3465 4361 Et
3499 4307 3641 4360 diem

402 4384 703 4436 ιούναντίον
755 4383 1106 4453 πιστεύομεν.
1165 4385 1273 4438 Kal
1316 4385 1420 4455 τὴν
1467 4388 1681 4456 ἡμέραν
1712 4389 1961 4458 ἐκείνην,

2073 4402 2250 4464 illum,
2287 4411 2341 4456 et
2363 4401 2552 4454 horam
2589 4400 2662 4453 ita
2691 4399 2836 4454 clare
2859 4415 2984 4453 eum
3019 4400 3160 4455 scire.
3191 4402 3333 4454 sicut
3375 4410 3430 4454 et
3460 4399 3672 4481 Palem.

395 4477 488 4529 καὶ
514 4477 614 4547 τὴν
645 4475 818 4544 ὥραν,
852 4474 996 4528 οὕτω
1025 4476 1212 4545 σαφῶς
1263 4478 1428 4531 αὑτὸν
1457 4479 1678 4542 εἰδέναι,
1709 4479 1786 4542 ὡς
1825 4481 1920 4533 καὶ
1942 4483 1970 4534 6

397 4569 609 4637 Πατὴρ,
641 4572 734 4622 καὶ
759 4570 950 4622 ἑαυτὸν
993 4568 1195 4639 ὁμοίως
1225 4570 1304 4639 τῷ
1333 4571 1506 4640 Πατρὶ
1528 4569 1840 4638 γινώσκειν,
1878 4571 1972 4624 καὶ

398 4661 491 4730 τὴν
519 4661 872 4714 διδασκαλίαν
919 4663 1083 4716 αὐτοῦ
1119 4666 1320 4726 παντὸς
1364 4662 1567 4732 μᾶλλον
1611 4663 1778 4715 αὑτοῦ
1831 4658 1971 4716 εἶναι

399 4752 683 4820 τιθέμεθα.
709 4752 772 4805 El
789 4748 881 4806 οῦν
905 4746 978 4807 ὧν
1003 4753 1191 4823 σαφῶς
1216 4755 1594 4826 ἀπηρνήσατο,
1621 4755 1780 4825 ἡμεῖς
1814 4756 1973 4808 ἐπαι-

401 4845 570 4909 νετῶς
603 4846 673 4899 τὰ
724 4846 943 4901 ἐναντία
991 4849 1347 4919 πιστεύομεν,
1378 4848 1522 4903 διατι
1545 4849 1608 4902 οὐ
1632 4849 1914 4904 κάνταῦθα
1938 4847 1974 4903 ἃ.

404 4939 480 5008 μὴ
506 4939 806 5009 ἠρνήσατο,
832 4939 1069 5002 εὐσεϐῶς
1101 4939 1464 5010 πιστεύσομεν
1487 4957 1503 5008 ;

473 5028 584 5086 Καὶ
613 5029 719 5098 μὴν
750 5029 1014 5081 σκεπτέον
1047 5030 1142 5094 κα).
1171 5028 1348 5104 τοῦτο,
1386 5030 1753 5099 ἐπηγγείλατο
1787 5031 1816 5082 6
1849 5031 1975 5099 Χρι-

404 5121 550 5186 στὸς,
579 5121 696 5173 ἐστὶ
726 5123 792 5192 τῇ
823 5120 918 5174 τοῦ
941 5121 1147 5192 Πέτρου
1181 5121 1444 5194 ὁμολογίᾳ
1473 5123 1852 5193 οἰκοδομήσειν
1874 5125 1976 5191 τὴν

403 5209 569 5264 αὑτοῦ
609 5211 961 5278 Ἐκκλησίαν,
998 5211 1090 5263 καὶ
1124 5211 1298 5275 πύλας
1350 5212 1501 5283 ᾅδου,
1547 5213 1646 5276 τὰς
1676 5213 1787 5266 τῶν
1827 5215 1977 5284 αἱρε-

404 5299 576 5353 τικῶν
626 5300 831 5371 δηλαδὴ
884 5301 1242 5369 κενοφωνίας,
1275 5301 1349 5371 μὴ
1375 5301 1441 5354 ἄν
1470 5318 1600 5354 ποτε
1632 5303 1978 5372 κατισχύσειν

405 5392 602 5454 αὐτῆς.
626 5393 722 5454 Τίς
755 5390 848 5445 οὖν
879 5392 946 5445 ἂν
971 5393 1054 5462 είη
1099 5393 1235 5463 αὕτη
1282 5396 1314 5464 ἡ
1361 5395 1657 5464 Ἐκκλησία
1680 5435 1694 5457 ,
1738 5396 1978 5463 ἀδελφοὶ,

2073 4506 2128 4549 et
2155 4510 2212 4549 se
2232 4493 2409 4563 ipsum
2445 4507 2606 4547 nosse
2645 4492 2902 4546 similiter
2932 4500 3097 4561 atque
3128 4493 3310 4545 Pater.
3342 4492 3406 4546 Et
3438 4490 3644 4546 doctri-

2072 4601 2198 4640 nam
2247 4585 2367 4655 ejus
2397 4584 2637 4638 maxime
2667 4581 2790 4650 ejus
2811 4597 2930 4636 esse
2953 4583 3207 4637 dicimus.
3243 4583 3298 4636 Si
3353 4583 3527 4653 igitur,
3547 4597 3644 4636 eo-

2074 4693 2195 4731 rum
2227 4692 2346 4746 quee
2379 4677 2492 4745 ipse
2517 4673 2799 4728 manifeste
2831 4672 3103 4728 inficiatus
3145 4681 3246 4738 est,
3305 4689 3402 4728 nos
3460 4672 3647 4728 lauda—

2076 4773 2260 4830 biliter
2284 4772 2564 4827 contraria
2596 4771 2915 4826 credimus:
2975 4786 3073 4824 cur
3126 4770 3290 4824 etiam
3353 4771 3459 4825 hoc
3497 4770 3643 4835 loco,

2076 4883 2197 4940 qua:
2231 4882 2342 4921 non
2373 4865 2610 4936 negavit.
2637 4865 2724 4934 pie
2748 4878 2858 4918 non
2900 4863 3230 4918 credamus?

2151 5023 2433 5078 Praeterea.
2461 5022 2566 5076 hoc
2599 5021 2762 5076 etiam
2811 5018 3648 5079 consideraudntmcst.Promi-

2079 5115 2152 5170 sit
2181 5114 2437 5169 Christus
2487 5108 3076 5181 superconfessiouem
3111 5109 3258 5170 Petri
3290 5109 3643 5165 fundaturum

2080 5207 2383 5262 Ecclesiam
2409 5219 2586 5268 suam,
2619 5212 2676 5257 et
2705 5211 2892 5271 portas
2923 5201 3106 5264 inferi,
3144 5202 3406 5259 nimirum
3430 5200 3649 5257 htereti-

2080 5313 2270 5353 corum
2299 5297 2599 5356 novitates,
2625 5293 2743 5362 ipsi
2762 5308 3044 5361 nunquam
3093 5287 3486 5361 praavalituras.
3517 5293 3648 5360 Qu'e
3671 5303 3694 5310 ‘

2083 5390 2276 5460 igitur,
2301 5391 2520 5447 fratres,
2553 5386 2626 5442 sit
2655 5386 2769 5441 haec
2829 5377 3104 5448 Ecclesia,
3126 5385 3486 5454 quaerendum
3521 5395 3646 5441 est.

407 5485 693 5553 ζητητέον.
721 5484 834 5555 Τὴν
877 5487 974 5554 μὲν
1007 5485 1118 5556 γὰρ
1162 5485 1498 5553 ἐπαγγελίαν
1529 5485 1756 5554 βεϐαίαν
1783 5503 1842 5538 τε
1885 5487 1961 5538 κα“

2085 5481 2507 5536 Promissionem
2536 5479 2682 5534 enim
2719 5477 2930 5530 firmam
2973 5490 3118 5542 esse,
3179 5468 3517 5546 minimeque
3543 5476 3647 5531 falt-

406 5580 618 5649 ἀψευδῆ
655 5575 794 5632 είναί
833 5597 912 5645 τε,
957 5581 1053 5632 καὶ⁸
1085 5580 1360 5632 πιστεύειν
1393 5581 1524 5646 δεῖν,
1560 5580 1734 5643 οὐδεὶς
1773 5579 1838 5632 ἂν
1882 5581 1980 5650 ἀρ-

411 5672 600 5743 metu,
632 5674 962 5744 Χριστιανός
1014 5689 1075 5742 γε
1118 5671 1191 5727 ὧν
1219 5687 1232 5699 '
1283 5673 1380 5744 τὴν
1410 5672 1463 5724 δέ
1509 5670 1831 5740 Ἐκκλησίαν
1863 5671 1980 5724 €60)-

2083 5574 2252 5628 lacem
2307 5582 2564 5641 oportere
2619 5568 2867 5632 credere,
2931 5581 3111 5632 nemo,
3160 5567 3254 5638 qui
3306 5568 3448 5623 inter
3489 5567 3648 5625 Clari-

2087 5665 2292 5721 stiauos
2347 5664 2454 5733 sit,
2515 5657 2866 5748 inliciahitur.
2925 5655 3223 5714 Ecclesiam
3263 5723 3266 5726 ,
3309 5669 3440 5728 ergo
3495 5671 3646 5729 quee-
