3990 6212
418 369 527 434 459

1370 370 1872 436 BESSARIONIS
1912 379 1971 440 S.
2019 380 2084 440 Β.
2131 381 2200 442 E.
2244 379 2715 441 CARDlNAlJS

3553 370 3662 437 £60

421 500 544 540 nam
597 485 688 538 sit.
751 482 1057 538 videamus.
1127 482 1220 538 Vel
1285 485 1431 538 enim
1494 487 1844 552 Latinorum,
1906 487 1988 542 vel

2099 511 2198 560 μεν
2227 493 2309 556 τίς
2343 493 2470 546 ποτέ
2506 495 2674 546 ἐστιν.
2709 491 2776 542 Ἣ
2827 490 2934 561 γὰρ
2969 491 3002 558 ὴ
3039 487 3308 551 Λατίνων,
3341 487 3372 556 ἢ
3428 487 3462 555 ἡ
3496 485 3661 554 Γραι-

417 578 732 632 Graecorum
810 591 872 629 ea
958 585 1125 632 esset.
1211 577 1329 632 Alia
1410 581 1556 634 enim
1640 592 1836 650 prattcr
1890 581 1988 638 has

415 684 527 723 non
570 677 737 723 esset.
800 666 1081 736 Siquidem
1135 685 1324 725 omnes
1367 671 1487 726 alia:
1541 674 1989 742 congregationes
2038 690 2041 694 ·

417 760 712 829 illegitimaa
766 760 1012 828 quasdam
1064 770 1211 826 sunt,
1281 761 1546 817 haresum
1612 766 1804 834 plenae,
1858 766 1986 820 olim

416 851 692 921 quondam
747 866 776 904 a
827 850 923 906 SS.
981 852 1254 915 Patribus,
1303 863 1357 908 et
1423 857 1762 922 doctoribus,
1825 865 1989 926 atque

415 941 662 997 conciliis
733 943 1134 996 universalihns
1213 945 1694 1000 condetnnatarum
1761 961 1823 1000 ac
1894 963 1987 1002 re-

415 1035 795 1103 probatarum.
859 1036 912 1090 Si
997 1036 1160 1105 igitur
1221 1037 1528 1093 Grecorum
1582 1039 1787 1094 dixeris
1847 1040 1988 1096 hanc

417 1143 538 1182 esse
578 1145 590 1180 :
627 1127 680 1181 in
717 1138 1004 1198 angustum
1032 1128 1346 1194 admodum,
1377 1128 1486 1183 imo
1545 1147 1676 1186 vero
1719 1131 1786 1185 ad
1843 1131 1990 1184 nihi-

414 1217 530 1272 lum
588 1219 890 1274 Eeclcsiam
931 1219 1237 1274 concludis.
1279 1219 1410 1285 ane
1458 1236 1590 1276 sane
1633 1225 1686 1290 (ο
1720 1221 1987 1289 malum!)

416 1310 665 1378 quotidie
703 1311 891 1377 ell‘l'uit,
949 1320 1004 1366 et
1058 1311 1124 1366 ad
1173 1312 1404 1366 nihilum
1459 1315 1660 1376 evadit,
1698 1329 1765 1368 ne
1786 1314 1986 1377 dicam,

417 1401 628 1454 evasit:
664 1402 846 1454 omnia
899 1400 1045 1454 enim
1101 1401 1254 1472 impii
1282 1414 1642 1472 occuparunt,
1672 1405 1856 1458 omnia
1911 1405 1984 1459 ita

418 1491 644 1546 Barbari
707 1493 998 1556 vicerunt,
1069 1505 1129 1547 ut
1203 1495 1257 1548 in
1310 1505 1624 1563 posterum,
1682 1498 1725 1550 si
1786 1498 1988 1552 malum

419 1579 494 1635 ita
561 1584 946 1653 progreditur,
1014 1585 1278 1639 citissime
1353 1584 1632 1640 defectura
1686 1588 1799 1641 sint
1865 1603 1992 1642 nos-

422 1682 536 1728 tros
595 1675 687 1729 vel
747 1675 862 1744 ipsa
916 1676 1098 1746 lingua
1141 1677 1346 1739 Grzeca.
1373 1693 1562 1732 omnes
1630 1679 1776 1739 libri,
1809 1680 1991 1734 omnia

421 1761 841 1824 commentaria,
876 1776 982 1815 non
1013 1764 1188 1817 solum
1226 1765 1483 1819 Ecclesiae
1535 1767 1846 1829 doctorum,
1892 1769 1988 1822 sed

420 1849 584 1902 etiam
615 1851 729 1919 ipsa
757 1850 956 1904 divime
981 1852 1300 1922 Scriptum,
1325 1863 1379 1908 ct
1410 1855 1588 1925 ipsum
1620 1856 1744 1912 dico
1771 1855 1987 1912 saerum

427 1939 812 2010 Evangelinm:
865 1943 949 1996 vel
1005 1944 1255 2010 nescitis,
1317 1954 1464 2015 quod
1525 1963 1717 2003 omnes
1772 1949 1866 2018 qui
1923 1949 1988 2004 ad

422 2031 703 2086 Orientem
727 2041 878 2094 sunt.
906 2034 948 2087 si
980 2043 1158 2089 tamen
1185 2036 1407 2105 quidem
1434 2049 1818 2094 remanserunt
1835 2041 1992 2096 Chri-

421 2121 612 2185 stiani,
637 2133 800 2191 atque
823 2123 888 2177 ad
921 2123 1271 2180 Occidentem
1295 2127 1386 2195 qui
1409 2127 1723 2184 Crtecorum
1751 2147 1990 2202 Sequun-

423 2225 512 2266 tur
545 2214 866 2278 Ecelesiam,
904 2215 978 2269 illi
1013 2217 1234 2286 quidem
1259 2227 1386 2272 ante
1421 2230 1645 2275 centum
1702 2238 1900 2290 annos,
1933 2225 1988 2279 hi

418 2319 552 2358 vero
588 2315 714 2360 ante
785 2308 1178 2377 quinquaginta
1210 2311 1512 2379 etamplius
1539 2329 1730 2375 annos,
1771 2328 1993 2387 excepta

417 2397 536 2466 ipsa
561 2397 1033 2466 Constantinopoli
1091 2409 1147 2453 et
1213 2401 1407 2455 insulis
1452 2403 1990 2476 circumjacenttbus,

418 2502 490 2542 ne
509 2487 577 2541 de
609 2489 832 2541 nomine
879 2489 1099 2557 quidem
1145 2501 1414 2546 noverant
1472 2495 1714 2549 divinant
1741 2497 1990 2570 Scriptu-

415 2594 557 2643 ram,
578 2593 677 2632 nec
694 2595 1016 2634 enumerare
1065 2591 1338 2651 poterant,
1375 2597 1510 2654 quot
1531 2595 1586 2642 et
1617 2591 1797 2657 qualia
1827 2591 1990 2646 bihlia

415 2671 565 2726 illius
587 2685 790 2729 essent.
813 2676 1000 2745 Neque
1014 2677 1240 2732 omnino
1266 2679 1407 2734 ultro
1425 2680 1670 2750 citroque
1694 2685 1920 2742 reddere
1938 2699 1994 2743 et

310 2785 332 2840 ,ι
414 2763 633 2831 exigere
681 2765 946 2818 rationem
979 2764 1046 2818 de
1101 2781 1219 2836 spe,
1256 2783 1378 2837 qua:
1416 2770 1469 2823 in
1500 2771 1662 2826 nobis
1711 2783 1814 2839 est,
1847 2777 2002 2830 vale-'

415 2854 589 2907 bant:
625 2869 804 2923 neque
868 2857 1084 2924 penitus
1131 2859 1511 2929 intelligebant
1559 2863 1766 2932 aliquid
1798 2881 1991 2922 eorum

414 2959 540 3012 qua:
571 2945 828 3015 leguntur
853 2947 906 3000 in
938 2963 1092 3002 sacro
1127 2947 1454 3020 Evangelio:
1481 2969 1587 3009 nec
1629 2956 1756 3024 ipsi,
1791 2959 1882 3026 qni
1914 2960 1994 3014 le-

413 3045 568 3106 gunt,
601 3037 935 3103 sacerdotes,
965 3041 1056 3109 qui
1112 3057 1289 3111 neque
1340 3043 1644 3114 integrum.
1695 3048 1792 3101 sed
1838 3049 1987 3119 frag-

2091 587 2202 641 κῶν
2237 587 2321 656 εἴη
2341 586 2406 640 ἂν
2440 585 2602 649 αὕτη,
2633 583 2768 647 ἄλλη
2801 583 2911 654 γὰρ
2942 583 3094 650 παρὰ
3130 580 3338 642 ταύτας
3361 578 3461 630 οὒκ
3490 576 3660 641 ἔστιν,

2089 680 2143 731 εἷ
2163 697 2225 748 γε
2251 680 2420 732 πᾶσαι
2451 679 2507 734 αἱ
2536 677 2691 732 ἄλλαι
2719 671 3188 746 παρασυναγωγαί
3210 689 3354 734 τινες
3391 671 3486 722 καὶ
3517 669 3657 733 πλή-

2093 788 2206 840 ρεις
2247 772 2386 823 εἰσὶν
2434 770 2735 838 αἱρέσεων,
2796 769 2965 820 πάλαι
3001 765 3128 818 ποτὲ
3189 763 3294 816 ὑπὸ
3344 759 3452 814 τῶν
3484 759 3660 828 ἁγίων

2090 867 2234 918 Πατέ
2245 884 2354 936 ρων
2378 865 2471 918 καὶ
2499 863 2856 928 διδασκάλων,
2880 860 2975 912 καὶ
3004 858 3238 912 συνόδων
3264 855 3372 907 τῶν
3399 855 3658 922 οἰκούμε-

2091 958 2274 1022 νικῶν,
2307 956 2794 1024 κατακεκριμένων
2832 969 2891 1004 τε
2923 951 3014 1004 καὶ
3044 945 3652 1014 ἀποδεδοκιμασμένων.

2089 1051 2153 1103 Εἰ
2188 1050 2287 1117 μὲν
2315 1048 2407 1101 οὖν
2433 1047 2531 1116 τὴν
2560 1045 2813 1116 Γραικῶν
2840 1042 3014 1103 εἴποις
3047 1043 3113 1094 ἂν
3140 1035 3280 1092 εἶναι
3327 1035 3552 1104 ταύτην,
3577 1035 3660 1092 είς

2091 1140 2277 1194 στενὸν
2304 1138 2497 1207 κομιδῆ
2529 1139 2626 1206 τὴν
2661 1135 2988 1204 Ἐκκλησίαν
3016 1130 3344 1210 συγκλείεις.
3370 1127 3569 1194 μᾶλλον
3597 1125 3658 1177 δὲ

2088 1231 2168 1292 εἰς
2199 1230 2259 1282 τὸ
2292 1230 2478 1299 μηδὲν,
2509 1229 2609 1298 ἦγε
2643 1226 2764 1296 (φεῦ
2796 1225 2887 1278 τοῦ
2923 1222 3096 1276 κακοῦ
3115 1223 3154 1280 ί)
3188 1219 3423 1287 ἀπορῤεῖ
3455 1216 3662 1283 ὁσημέ-

2091 1338 2207 1392 ραι,
2257 1322 2352 1374 καὶ
2385 1324 2463 1382 είς
2485 1321 2546 1372 τδ
2589 1319 2754 1390 μηδὲν
2779 1317 3040 1386 καταντᾷ,
3071 1314 3158 1368 ἵνα
3184 1311 3257 1382 μὴ
3289 1311 3426 1363 εῐπω
3445 1307 3660 1374 ’κατήν-

2087 1432 2242 1481 τησε.
2267 1413 2493 1468 Πάντων
2521 1412 2630 1481 γὰρ
2657 1411 2706 1462 οί
2727 1409 2939 1470 ἀσεϐεῖς
2965 1405 3316 1458 ἐπελάϐοντο.
3355 1400 3590 1462 Πάντων,
3607 1396 3660 1448 οἱ

2089 1505 2363 1573 Βάρσαροι
2381 1500 2553 1563 οὕτως
2571 1498 2968 1569 ἐπεκράτησαν,
2991 1495 3066 1557 ὡς
3093 1492 3188 1546 τοῦ
3210 1490 3401 1544 λοιποῦ
3425 1488 3516 1542 καὶ
3541 1505 3662 1556 φω-

2082 1593 2186 1662 ’νὴν
2211 1592 2379 1662 αὐτὴν
2408 1590 2508 1662 τὴν
2543 1587 2883 1657 Ἑλληνικὴν,
2926 1585 3108 1655 βιϐλία
3135 1582 3332 1642 πάντα,
3367 1577 3658 1647 συγγράμ-

2093 1701 2242 1753 ματα
2272 1683 2473 1745 πάντα,
2529 1682 2592 1734 οὗ
2636 1680 2746 1735 τῶν
2778 1680 2942 1748 ίερῶν
2996 1677 3094 1746 τῆς
3137 1673 3462 1742 Ἐκκλησίας
3497 1671 3670 1739 μόνον’

2092 1775 2447 1838 διδασκάλων,
2483 1773 2618 1825 ἀλλὰ
2653 1772 2747 1824 καὶ
2777 1772 2916 1824 αὐτὰ
2949 1770 3050 1838 τῆς
3076 1767 3228 1830 θείας
3270 1762 3517 1833 Γραφῆς.
3563 1762 3663 1816 καὶ

2023 1826 2065 1882 Β
2264 1826 2408 1930 λέγω
2435 1826 2501 1917 τὸ
2553 1863 2699 1933 ἱερὸν
2729 1826 3084 1928 scamnis»,
3121 1826 3336 1926 Téitct"
3367 1826 3666 1910 dirimit!-

2091 1955 2260 2024 ψοντα
2293 1956 2417 2018 τοὺς
2451 1953 2777 2023 ἡμετέρους,
2810 1952 2859 2003 εί
2893 1951 2954 2004 τὸ
2987 1949 3157 2003 κακὸν
3181 1946 3326 2002 οὕτω
3352 1943 3659 2020 προϐαίνει.

2098 2047 2170 2102 Ἦ
2198 2047 2298 2100 οὐκ
2328 2045 2504 2099 οἴδατε
2525 2045 2599 2106 ὡς
2627 2043 2676 2098 οί
2703 2045 2760 2096 ὲν
2785 2042 3046 2111 Ἀνατολῇ
3074 2041 3295 2100 πάντες,
3321 2038 3374 2090 εί
3392 2051 3537 2098 τινες
3561 2035 3661 2087 καὶ

2092 2137 2414 2208 ἐλείφθησαν
2457 2138 2790 2207 Χριστιανοὶ,
2848 2135 2896 2188 oi
2929 2136 2984 2187 ὲν
3013 2133 3254 2200 Δυσμαῖς
3301 2132 3366 2200 τῇ
3409 2125 3660 2197 Γραικῶν

2092 2231 2350 2298 ἑπόμενοι
2401 2230 2723 2299 Ἐκκλησία,
2765 2228 2814 2279 oi
2848 2226 2946 2294 μὲν
2998 2226 3092 2278 καὶ
3131 2222 3237 2292 πρὸ
3268 2219 3484 2280 ὲκατδν,
3521 2217 3574 2270 oi
3601 2215 3662 2269 δὲ

2093 2321 2200 2390 πρὺ
2229 2323 2582 2390 πεντήκοντα,
2605 2319 2700 2372 καὶ
2727 2320 2805 2370 ἑτι
2837 2317 2973 2370 ἑτῶν
3005 2314 3283 2373 πλειόνων,
3326 2310 3463 2377 πλὴν
3490 2306 3665 2375 αὐτῆς

2092 2411 2724 2472 Κωνσταντινουπόλεως
2774 2409 2869 2460 καὶ
2928 2405 3036 2458 τῶν
3083 2404 3211 2472 περὶ
3255 2401 3428 2468 αὐτὴν
3454 2395 3668 2466 νήσων,

2093 2504 2212 2557 οὐδὲ
2243 2505 2298 2567 ἐξ
2342 2504 2606 2566 ὀνόματος
2645 2501 2868 2571 ᾔδεισαν
2916 2496 3014 2568 τὴν
3047 2496 3200 2548 θείαν
3265 2491 3507 2560 Γραφὴν,
3553 2487 3664 2541 οὐδ

2093 2595 2398 2664 ἀριθμῆσαι
2455 2594 2717 2663 ἠδύναντο
2765 2593 2864 2643 ὅσα
2907 2589 3001 2642 καὶ
3043 2581 3130 2640 οἷα
3173 2585 3380 2650 ταύτης
3440 2579 3665 2650 βιϐλία’

2093 2688 2213 2740 οὐδὲ
2255 2687 2389 2749 ὅλως
2431 2686 2629 2739 διδόναι
2673 2701 2732 2736 τε
2763 2683 2857 2736 καὶ
2887 2681 3075 2735 λαϐεῖν
3117 2679 3274 2746 λόγον
3310 2674 3438 2745 περὶ
3471 2673 3571 2740 τῆς
3599 2674 3662 2724 ὲν

2092 2781 2222 2849 ἡμῖν
2243 2779 2451 2842 ἐλπίδος
2481 2779 2767 2848 ¹Ιγδύναντο,
2793 2775 2912 2829 οὐδὲ
2933 2773 3182 2827 συνίεσαν
3212 2770 3347 2830 ὅλως
3379 2766 3530 2820 οὐδὲν
3551 2765 3666 2817 τῶν

2092 2874 2150 2924 ἐν
2181 2871 2256 2940 τῷ
2281 2871 2410 2940 θείῳ
2433 2869 2756 2939 Εὑαγγελὲῳ
2790 2863 3339 2932 ἀναγινωσκομένων,
3368 2860 3478 2912 οὐδ’
3505 2855 3666 2908 αὐτοὶ

2091 2962 2146 3016 οἴ
2177 2979 2240 3031 γε
2288 2959 2752 3030 ἀναγινώσκοντες
2805 2959 2989 3027 ἱερεῖς,
3024 2956 3140 3022 οἵγε
3190 2953 3312 3006 οὐδὲ
3366 2949 3667 3017 ὁλόκληρον

2093 3055 2246 3118 αὐτὸ,
2272 3055 2408 3107 ἀλλὰ
2432 3052 2670 3123 τεμάχιά
2697 3068 2835 3113 τινα,
2883 3049 2954 3102 τὰ
2983 3050 3070 3101 ἐπ’
3114 3045 3440 3113 Ἑκκλησίας
3471 3044 3670 3109 ἀνατι-

413 3136 597 3181 menta
652 3128 922 3196 quadam,
977 3146 1100 3200 qua:
1154 3131 1207 3184 in
1252 3132 1498 3188 Ecclesia
1557 3135 1857 3206 leguntur,
1897 3140 1987 3193 vix

2095 3149 2434 3214 νωσκόμενα,
2475 3145 2627 3214 μόλις
2660 3146 2790 3196 ποτὲ
2829 3139 3007 3212 εἷχονυ
3038 3141 3134 3194 καὶ
3157 3139 3351 3206 ὥσπερ
3377 3134 3666 3204 ψιττακὸς,

414 3219 714 3288 aliquando
746 3220 1057 3274 habebant:
1086 3223 1318 3292 etquasi
1353 3225 1633 3292 psittacus,
1666 3227 1752 3282 vel
1779 3228 1989 3283 anima-

412 3309 490 3366 lia
514 3314 781 3380 quaedam,
807 3327 928 3382 qua:
945 3313 1228 3369 imitantur
1243 3329 1428 3370 vocem
1457 3315 1772 3382 humanam,
1799 3335 1989 3374 vocem

413 3405 637 3472 quidem
669 3404 917 3458 Graecam
941 3405 1290 3470 emittebant,
1319 3415 1375 3461 et
1422 3417 1633 3486 tantum
1692 3426 1814 3479 qua:
1845 3411 1994 3468 intus

413 3507 561 3557 aunt,
593 3496 797 3566 legunt,
831 3513 1006 3566 eaque
1041 3513 1146 3551 non
1168 3507 1332 3564 recte,
1361 3499 1584 3562 omnino
1610 3517 1738 3557 vero
1764 3518 1883 3572 quae
1905 3505 1992 3560 di-

414 3599 615 3645 cuntur
630 3605 740 3643 non
766 3589 1098 3657 intelligunt.
1117 3589 1274 3643 Nunc
1292 3605 1421 3644 vero
1444 3591 1571 3660 (heu
1594 3594 1726 3646 tnihi
1745 3595 1781 3658 l)
1802 3605 1857 3648 et
1879 3596 1992 3666 ipsa

416 3691 574 3751 capta
622 3689 680 3736 et
725 3681 1002 3734 destructa
1029 3678 1528 3750 Constantinopoli,
1576 3684 1756 3752 qualis
1784 3694 1867 3740 est
1909 3687 1992 3742 vel

419 3773 528 3828 erit
561 3771 806 3826 Ecclesia
833 3771 922 3825 cui
975 3782 1143 3840 porta
1185 3770 1341 3825 inferi
1406 3788 1513 3827 non
1569 3777 1993 3845 pratvalebunt?

417 3863 524 3920 Cui
558 3862 850 3932 promissio
903 3862 1018 3916 haec
1066 3860 1362 3918 Salvatoris
1399 3866 1750 3921 servabitur?
1784 3868 1994 3939 Agnos-

419 3957 530 4012 cite
561 3962 792 4009 matrem
817 3969 881 4008 ac
905 3954 1244 4024 magistram.
1277 3955 1587 4011 Percurrite
1618 3959 1921 4028 volumina;
1945 3964 1992 4019 si

419 4057 681 4103 accurate
735 4048 1169 4117 perpenderitis,
1206 4047 1506 4104 Ecclesiam
1539 4051 1841 4107 Romanam
1905 4071 1992 4110 re-

417 4141 646 4211 perietis
697 4155 861 4210 supra
915 4155 1110 4194 omnes
1175 4139 1363 4194 statim
1423 4141 1493 4195 ab
1553 4141 1710 4198 initio
1785 4145 1990 4202 habere

422 4236 826 4305 principatum,
857 4243 915 4286 et
943 4231 1081 4286 adeo
1132 4234 1404 4288 universa:
1441 4235 1704 4290 Ecclesiae
1731 4252 1989 4306 praeesse,

420 4343 481 4387 ut
543 4329 661 4385 sine
691 4343 760 4383 ea
806 4327 944 4381 nihil
996 4326 1224 4380 omnino
1276 4326 1780 4382 ecclesiasticarum
1837 4346 1990 4398 qure-

418 4425 659 4480 stionum
693 4435 757 4474 ac
787 4419 1104 4488 dogmatum
1139 4417 1441 4486 aliquando
1492 4419 1811 4474 conclusum
1863 4437 1990 4477 cre-

2096 3239 2128 3308 ῆ
2163 3237 2285 3290 τινὰ
2313 3237 2421 3290 τῶν
2452 3236 2705 3306 μιμηλῶν
2733 3233 2884 3294 ζώων
2913 3233 3094 3301 φωνὴν
3127 3229 3225 3298 μὲν
3254 3227 3505 3294 ἀφιέντες
3543 3224 3668 3276 Ἐλ-

2095 3328 2342 3398 ληνικὴν,
2377 3330 2470 3380 καὶ
2521 3330 2588 3380 τὰ
2619 3326 2919 3394 ὲγκείμενα
2969 3323 3131 3391 μόνον
3167 3320 3671 3386 ἀναγινώσκοντες,

2093 3419 2214 3471 οὐδὲ
2269 3420 2454 3470 ἐκεῖνα
2511 3417 2710 3488 ὀρθῶς,
2763 3413 2883 3482 μηδ’
2922 3413 3059 3475 ὅλως
3105 3411 3161 3464 δὲ
3197 3411 3305 3462 τῶν
3350 3405 3670 3474 λεγομένων

2079 3510 2400 3572 ἀκούοντες.
2430 3507 2544 3562 Νῦν
2571 3508 2627 3561 δὲ
2661 3508 2752 3560 καὶ
2796 3505 2966 3574 αὐτῆς
3000 3503 3222 3573 (οίμοιέ)
3254 3501 3352 3569 τῆς
3381 3500 3669 3552 Κωνσταν-

2093 3602 2450 3661 τινουπὸλεως
2473 3600 2708 3669 ἀλούσης
2766 3599 2862 3652 καὶ
2901 3593 3266 3662 ἀπολομένης,
3297 3591 3426 3642 ποία
3455 3588 3603 3640 ἐστὶν
3625 3585 3663 3648 ἢ

2094 3693 2247 3747 ἔσται
2281 3695 2314 3762 ἡ
2361 3690 2653 3760 Ἐκκλησία
2704 3684 2773 3759 ἧς
2834 3686 2998 3740 πύλαι
3043 3684 3171 3756 ᾅδου
3199 3682 3258 3734 οὒ
3305 3675 3669 3746 κατισχύσου-

2095 3800 2212 3848 σιν;
2249 3783 2366 3835 Τίνι
2391 3783 2424 3850 ή
2452 3780 2754 3847 ἐπαγγελία
2778 3775 2914 3846 αὓτη
2941 3772 3340 3844 φυλαχθήσεται
3361 3767 3452 3820 τςῦ
3475 3765 3668 3832 Σωτῆ-

2094 3893 2213 3948 ρος;
2241 3874 2568 3940 Ἐπίγνωτε,
2589 3870 2828 3938 ἀδελφοὶ,
2855 3869 2954 3936 τὴν
2990 3864 3100 3917 τῶν
3136 3858 3473 3928 Ἑκκλησιῶν
3492 3871 3668 3924 κεῖραι

2093 3970 2214 4039 λὴν,
2235 3970 2333 4034 τὴν
2349 3966 2440 4019 τοῦ
2455 3966 2659 4035 Πέτρου
2685 3961 2972 4031 καθέδραν.
2992 3957 3291 4025 Ἐπίγνωτε
3328 3952 3424 4022 τὴν
3447 3949 3665 4039 μητέρα.

2091 4037 2156 4113 τε.
2184 4061 2276 4114 καὶ
2297 4057 2635 4112 διδάσκαλον.
2651 4054 2886 4107 Ἐπὶοιτε
2909 4047 3335 4116 συγγράμματα,
3356 4043 3402 4094 εί
3418 4037 3666 4107 ἀκριϐῶς

2095 4151 2404 4220 σχοποίητε,
2449 4148 2541 4201 καὶ
2584 4148 2683 4214 τὴν
2752 4141 3066 4211 Ῥωμαϊκὴν
3128 4137 3452 4203 Ἐκκλησίαν
3499 4132 3668 4200 εὑρή-

2095 4262 2214 4300 σετε
2239 4243 2378 4297 κατὰ
2401 4243 2619 4294 πάντων
2644 4237 2800 4298 εὐθὺς
2837 4234 3070 4304 ὲξαρχῆς
3109 4229 3237 4300 σχτιῦ
3248 4245 3343 4280 σαν
3363 4227 3422 4278 τδ
3439 4224 3669 4292 κράτος,

2095 4335 2190 4390 καὶ
2217 4333 2359 4386 οὓτω
2387 4333 2563 4399 πάσης
2594 4328 2902 4400 ἡγουμένην
2929 4327 3026 4392 τῆς
3055 4320 3398 4390 Ἐκκλησίας,
3430 4317 3502 4378 ὡς
3529 4316 3664 4368 ἄνευ

2096 4425 2264 4494 αὐτῆς
2299 4423 2464 4494 μηδὲν
2507 4421 2643 4482 ὅλως
2672 4420 2780 4471 τῶν
2837 4412 3302 4486 ἐκκλησιαστικῶν
3331 4409 3667 4478 ζητημάτων

418 4516 707 4582 ditumque
741 4512 834 4566 sit.
859 4510 982 4565 limo
1000 4509 1091 4565 illa
1111 4522 1298 4579 revera
1326 4519 1431 4572 est,
1451 4524 1618 4578 super
1635 4513 1810 4580 quam‘
1827 4513 1988 4568 Chri-

2092 4535 2151 4570 τε
2184 4516 2275 4568 καὶ
2306 4515 2591 4582 δογμάτων
2631 4507 3081 4582 συμπερανθῆναι
3133 4522 3260 4558 ποτε
3305 4503 3400 4555 καὶ
3439 4516 3670 4553 suassu-

419 4617 540 4662 stns
587 4602 886 4659 :edilicavit
940 4616 1096 4656 suam
1127 4600 1456 4656 Ecclesiam.
1494 4599 1727 4656 llaecilla
1745 4613 1848 4662 est.
1873 4621 1994 4673 quae

423 4695 570 4751 Petri
624 4693 786 4748 ﬁdem
821 4699 969 4746 tenet
999 4703 1056 4748 et
1084 4701 1398 4754 conservat,
1435 4689 1673 4759 aliisque
1706 4693 1990 4760 praedicat.

419 4787 524 4854 Qui
543 4801 662 4841 eam
681 4794 990 4854 sequuntur
1010 4799 1196 4846 unam,
1212 4798 1335 4837 cum
1355 4782 1726 4838 ea-ecclesiam
1764 4783 1992 4838 faciunt.

419 4878 526 4944 Qui
567 4879 634 4931 ah
658 4893 720 4930 ea
753 4875 970 4931 discissi
1001 4884 1152 4935 sunt,
1186 4883 1242 4926 et
1272 4888 1299 4926 a
1333 4889 1434 4926 sua
1470 4875 1859 4930 communione
1885 4876 1998 4930 dis-

416 4969 617 5039 juncti.
644 4968 874 5022 salutem
910 4967 1174 5034 consequi
1201 4980 1307 5018 non
1333 4975 1583 5033 possunt.
1613 4965 1824 5034 Quippe
1841 4976 1994 5020 extra

421 5063 630 5117 ChriSti
675 5061 857 5115 aulam
892 5058 1043 5114 salus
1077 5073 1185 5112 non
1221 5066 1323 5111 est.
1356 5056 1411 5110 In
1447 5058 1610 5125 lupos
1637 5067 1692 5113 et
1745 5069 1996 5128 raptores

424 5163 591 5226 atque
624 5156 867 5209 latrones
897 5151 1143 5206 incidere
1177 5164 1406 5206 necesse
1434 5160 1519 5204 est
1556 5166 1654 5205 eos
1685 5151 1776 5220 qui
1804 5167 1992 5206 vocem

425 5248 670 5302 l’astoris
700 5263 807 5300 non
841 5244 1095 5300 audiunt.
1140 5243 1293 5308 Quod
1327 5257 1392 5296 ne
1417 5242 1614 5311 aliquis
1649 5243 1998 5298 Christianus

426 5340 668 5410 patiatur
715 5337 981 5407 (patiatur
1014 5349 1144 5389 vero
1184 5347 1252 5386 ne
1288 5348 1430 5388 unus
1471 5334 1694 5403 quidem
1731 5337 1994 5405 unquam)

427 5436 520 5487 illa
557 5433 692 5487 fides
721 5430 994 5486 credenda
1022 5439 1109 5483 est
1130 5437 1294 5497 atque
1319 5427 1584 5492 docenda,
1615 5445 1778 5498 quam
1807 5430 1997 5484 catho-

427 5528 534 5580 lica
570 5527 685 5578 haec
712 5523 956 5578 Ecclesia
987 5523 1284 5576 confitetur
1327 5529 1382 5575 et
1417 5522 1570 5575 colit.
1625 5521 1776 5575 Hanc
1813 5531 1872 5575 ut
1903 5537 2006 5577 vos

428 5634 622 5672 omnes
677 5617 932 5684 religiose
988 5615 1300 5680 excipiatis,
1356 5623 1412 5668 et
1465 5629 1590 5668 cum
1637 5631 1699 5669 ea
1745 5616 2001 5671 sentiatis

431 5709 719 5770 adhortor,
749 5707 1028 5775 Deumque
1045 5707 1256 5775 precari
1277 5721 1386 5760 non
1405 5704 1676 5760 desinam.
1703 5708 1835 5762 Volo
1853 5709 1999 5763 enim

433 5813 533 5854 vos
553 5811 673 5852 esse
702 5797 847 5851 sicut
874 5806 1075 5866 etcgo:
1110 5814 1218 5852 non
1245 5813 1474 5868 parvum
1502 5799 1765 5868 quiddam
1791 5802 1997 5857 bonum

2097 4609 2274 4678 θῆναι.
2326 4605 2472 4672 Αὕτη
2501 4607 2646 4657 ἐστὶν
2675 4602 2857 4671 ἐκείνη
2892 4599 2965 4669 τῷ
2993 4600 3127 4661 δντι,
3174 4589 3318 4668 ἔφ’ᾖ
3353 4598 3379 4647 ὁ
3425 4591 3665 4661 Χριστὸς

2095 4700 2194 4767 τὴν
2224 4697 2414 4750 ἑαυτοῦ
2446 4695 2796 4766 ᾠκοδόμησεν
2857 4691 3207 4760 Ἐκκλησίαν.
3253 4687 3400 4754 Αὖτη
3431 4685 3580 4738 ἐστὶν

2094 4791 2194 4858 τὴν
2260 4791 2466 4859 Πέτρου
2517 4788 2699 4839 πίστιν
2747 4785 3053 4854 κατέχουσὰ
3094 4799 3154 4834 τε
3202 4781 3292 4834 καὶ
3346 4779 3666 4846 συνέχουσα,

2097 4884 2189 4936 καὶ
2225 4885 2336 4943 τοῖς
2354 4882 2532 4940 ἄλλοις
2562 4879 2929 4948 κηρύττουσα.
2955 4875 3020 4928 Οἱ
3052 4874 3226 4944 ταύτῃ
3250 4873 3506 4940 ἑπόμενοι
3537 4869 3674 4936 μίαν

2100 4973 2218 5045 μετ’
2249 4975 2417 5042 αὐτῆς
2479 4971 2825 5040 Ἐκκλησίαν
2865 4967 3124 5020 ποιοῦσιν.
3198 4966 3259 5016 Οί
3289 4964 3490 5030 ταύτης
3532 4964 3670 5013 ἁπε-

2102 5065 2407 5135 σχισμὲνοι,
2444 5064 2537 5116 καὶ
2565 5063 2669 5132 τῆς,
2701 5060 2816 5128 μετ’
2861 5060 3026 5128 αὐτῆς
3056 5058 3304 5126 summa;
3336 5053 3672 5124 διερρηγμέ-

2098 5176 2198 5221 νοι,
2228 5156 2500 5226 σωτηρίας
2527 5157 2708 5224 τυχεῖν
2732 5155 2834 5206 οὐκ
2865 5153 2928 5205 ἂν
2960 5153 3229 5204 δύναιντο.
3263 5149 3407 5212 Ἔξω
3438 5151 3542 5214 γὰρ
3570 5146 3670 5214 τῆς

2099 5250 2268 5318 αὐλῆς
2297 5249 2390 5302 τοῦ
2427 5247 2664 5317 Χριστοῦ
2721 5246 2963 5315 σωτηρία
3000 5246 3100 5297 οὐκ
3135 5243 3301 5294 ἔστιν.
3346 5239 3544 5300 Λύκοις
3573 5237 3670 5287 καὶ

2102 5342 2329 5412 ἅρπαξι,
2355 5342 2449 5393 καὶ
2495 5339 2719 5410 λῃσταῖς
2751 5336 3121 5406 ἐντυγχαίνειν
3149 5336 3364 5401 ἀνάγκη
3413 5331 3534 5390 τοὺς
3567 5328 3670 5396 τῆς

2103 5435 2357 5502 ποιμένος
2389 5431 2570 5500 φωνῆς
2606 5431 2678 5498 μὴ
2703 5428 3018 5489 ἀκούοντας,
3052 5427 3186 5494 ὅπερ
3223 5424 3310 5475 ἶνα
3344 5424 3504 5491 μήτις
3535 5420 3671 5486 Χρι-

2102 5524 2316 5586 στιανὸς
2365 5522 2515 5594 παθη
2549 5521 2734 5590 (πάθοι
2760 5520 2815 5572 δὲ
2857 5519 3123 5588 μηδέποτε
3159 5516 3294 5585 μηδὲ
3321 5510 3422 5580 ah)
3453 5511 3675 5579 ἐκείνην

2104 5617 2420 5670 πιστευτέον
2447 5633 2503 5666 τε
2563 5615 2654 5663 καὶ
2685 5612 2958 5664 διδακτέον
2991 5610 3089 5678 τὴν
3120 5610 3320 5668 πίστιν,
3349 5607 3414 5676 ἢν
3509 5603 3650 5655 καθο

2103 5709 2228 5778 λικὴ
2256 5707 2394 5776 αὕτη
2432 5706 2725 5774 Ἐκκλησία
2745 5703 2997 5772 ὁμολογεῖ
3024 5719 3081 5753 τε
3131 5701 3228 5753 καὶ
3257 5701 3495 5752 σέϐεται.
3524 5694 3678 5747 Tati-

2107 5818 2202 5871 την
2252 5801 2348 5854 καὶ
2399 5800 2541 5869 ὑμᾶς
2569 5799 2773 5859 πάντας
2805 5794 3050 5857 εὐλαδῶς
3084 5790 3440 5857 ὑποδέξασθαί
3471 5805 3528 5842 τε
3570 5790 3676 5843 καὶ
