3990 6212
363 235 459 300 ιδι

1490 246 1897 308 ENCYCUCA
1939 249 2037 308 AD
2073 250 2400 316 GRAECOS.

3473 259 3579 324 4ῖὲ

361 351 576 418 φρονεῖν
601 350 740 418 ὑμᾶς
762 369 817 404 τε
849 354 1167 424 παρακαλῶ,
1216 358 1301 409 x1"
1330 359 1421 411 τοῦ
1457 360 1590 412 Θεοῦ
1625 362 1828 413 δεῖσθαι
1857 360 1918 412 οὐ

2024 381 2122 420 nee
2148 366 2558 436 despiciendum
2583 367 2736 424 vobis
2753 367 2938 423 volens
2956 379 3010 422 et
3028 369 3347 438 deprecans,
3371 372 3416 425 si
3435 375 3580 442 quod

360 443 663 511 παύσομαι.
693 445 842 498 Θέλω
873 448 981 518 γὰρ
1013 448 1216 512 πάντας
1246 445 1382 504 εἶναι
1425 452 1500 515 ὠς
1527 451 1700 518 κάγὼ,
1738 454 1796 504 οὗ
1829 471 1916 519 μι-

356 534 488 602 κρόν
513 553 565 587 τι
598 535 757 588 τοῦτο
786 535 958 590 θέλων
991 557 1072 600 τε,
1124 544 1215 594 καὶ
1269 544 1558 611 εὐχόμενος
1589 545 1736 614 ὑμῖν.
1795 544 1916 596 Οὐδ’

355 626 847 698 εὐκαταφρόνητον,
877 632 1112 700 ἀδελφοὶ,
1152 635 1372 702 ἀγαθὸν,
1405 639 1452 688 εί
1494 637 1631 706 ὅπερ
1676 637 1916 706 ἐμαυτῷ,

354 718 511 786 τοῦτο
537 722 632 771 καὶ
665 722 794 788 ὑμῖν
819 723 1070 791 ἐπιθυμῶ
1117 727 1320 792 ἀγαθόν
1341 745 1353 757 ο
1389 729 1608 796 μείζονα
1635 730 1742 796 γὰρ
1776 729 1916 796 ἀγά-

354 827 463 880 πην
491 811 591 864 οὐκ
615 812 682 865 ἂν
709 813 825 884 ἔχοι
855 833 941 878 τις
972 818 1050 886 τῷ
1082 818 1304 887 πλησίον
1330 820 1682 886 ἐνδείξασθαι,
1711 820 1741 888 ἢ
1776 821 1918 889 ἅπερ

353 904 530 972 ἐαυτῷ
566 905 800 975 κάκείνῳ
824 908 1113 977 εὐχόμενος
1141 912 1372 978 τάγαθά.
1417 912 1770 980 Ἀγαπήσεις
1791 912 1916 981 γὰρ,

353 995 510 1062 φησὶ,
564 997 671 1049 τὸν
731 1000 1002 1063 πλησίον
1034 1016 1148 1054 σου
1170 1001 1522 1065 ὠς,ἐαυτόν.
1565 1003 1674 1054 Καὶ
1727 1002 1916 1068 τούτου

357 1085 540 1152 μεῖξον
585 1087 684 1139 οὐκ
729 1089 954 1141 ἀπαιτεῖ
1005 1091 1132 1159 παρ’
1191 1092 1346 1159 ἡμῶν
1376 1094 1404 1144 ὀ
1453 1091 1608 1157 Θεὸς,
1652 1093 1726 1155 ὡς
1761 1093 1918 1145 τοῦτο

351 1176 453 1242 τῆς
510 1176 684 1242 ἄκρας
742 1179 963 1246 ἀγάπης
1027 1180 1086 1232 ὃν
1151 1169 1369 1249 δεῖγμα.
1439 1183 1576 1235 Οὐδὲ
1643 1183 1750 1252 γὰρ
1808 1185 1918 1236 οὐδ’

353 1265 547 1334 ἀγνοίᾳ
591 1284 649 1319 τε
709 1269 805 1321 καὶ
855 1270 1065 1340 ἀμαθίᾳ
1122 1273 1306 1345 φαίητ’
1335 1272 1400 1326 ἂν
1435 1266 1611 1344 ἡμᾶς’
1641 1278 1740 1343 τῆς
1789 1276 1918 1342 ἀλη-

352 1357 503 1418 θείας
551 1357 881 1427 ἀποτυχεῖν,
941 1362 1138 1424 εἰδότες
1199 1365 1260 1415 ἐκ
1316 1364 1525 1416 παίδων
1586 1381 1646 1416 τε
1691 1367 1786 1417 καὶ
1834 1365 1919 1419 διά

352 1445 530 1511 λόγων
596 1447 867 1514 ἠγμένους
932 1452 1024 1504 καὶ
1087 1452 1148 1506 τό
1184 1470 1246 1512 γε
1295 1455 1427 1524 παρ’
1480 1457 1613 1525 ἡμῖν
1656 1455 1813 1509 τοῦτο
1858 1461 1920 1509 τὸ

353 1535 526 1604 μέρος
571 1536 779 1599 οὐδενὸς
833 1539 991 1602 ὄντας
1039 1541 1360 1612 δευτέρους,
1413 1549 1616 1618 πολλήν
1657 1568 1716 1603 τε
1792 1555 1919 1621 περὶ

352 1624 516 1676 τοῦτο
597 1625 659 1677 τὸ
714 1627 888 1696 δόγμα
954 1631 1458 1702 καταϐαλλομὲνους
1509 1639 1764 1710 σπουδὴν,
1825 1643 1916 1694 καὶ

354 1716 462 1784 τὴν
498 1715 777 1785 ἀληθειαν,
806 1718 883 1779 ὡς
912 1719 1053 1789 ἐνὸν,
1106 1698 1551 1791 ἀνιχνεύσαντας.
1585 1698 1782 1782 liabet
1814 1733 1915 1799 γάρ
1947 1698 1990 1757 Β

353 1807 488 1860 ἄλλο
525 1810 671 1871 εἰκὸς
711 1809 925 1863 ἑλέσθαι
963 1811 1290 1882 βουληθῆναι
1344 1815 1630 1884 ἄνθρωπον
1680 1820 1742 1874 ἐκ
1795 1822 1917 1874 νέου

352 1898 443 1951 διὰ
479 1901 829 1970 μετριότητός
859 1919 916 1954 τε
963 1907 1054 1956 καὶ
1093 1905 1476 1969 ταπεινώσεως
1518 1909 1778 1978 ἠγμένον,
1828 1913 1918 1963 καὶ

352 1993 414 2044 ὲν
446 1991 693 2060 ὑποταγῇ
729 1994 822 2044 καὶ
873 1995 1100 2064 ἀρνήσει
1153 1997 1246 2049 τοῦ
1284 1998 1416 2050 ἰδίου
1466 1999 1768 2069 θελήματος
1821 2004 1918 2072 ζή-

355 2099 548 2148 σαντα,
590 2084 664 2145 ὡς
689 2084 826 2149 ἐνὸν,
858 2087 954 2138 σὺν
999 2085 1146 2157 sua;
1181 2085 1439 2158 (εἰρήσθω
1462 2090 1517 2142 δὲ
1552 2091 1679 2144 ἄνευ
1709 2094 1922 2162 καυχή-

353 2175 517 2238 σεως)
579 2173 750 2226 πολλὰ
798 2177 928 2245 περὶ
978 2177 1077 2246 τῆς
1131 2178 1226 2232 τοῦ
1269 2180 1474 2250 κόσμου
1525 2173 1956 2254 ματαιότητος,¹

353 2262 533 2315 πολλὰ
567 2265 694 2334 περὶ
727 2265 872 2334 ὴθῶν
904 2267 1262 2336 βελτιώσεως.
1297 2272 1465 2324 πολλά
1497 2274 1624 2343 περὶ
1657 2273 1762 2326 τῶν
1788 2277 1920 2328 ἀπο-

355 2353 630 2422 κειμένων
683 2356 933 2425 βασάνων
976 2360 1008 2432 ἢ
1045 2361 1288 2429 ἀμοιὸὦν
1339 2364 1689 2432 ἀνεγνωκότα
1719 2384 1797 2432 τε,
1827 2370 1922 2422 καὶ

350 2448 424 2513 τῇ
480 2445 625 2516 ψυχῇ
661 2449 1038 2520 ἀποθέμενον;
1071 2451 1108 2523 ἦ
1159 2455 1273 2518 τοῖς
1319 2457 1502 2526 ὀρθοῖς
1553 2459 1789 2526 δόγμασι
1821 2460 1921 2530 τὴν

358 2534 542 2604 ψυχὴν
591 2537 901 2605 βελτιῶσαι,
957 2543 1053 2596 καὶ
1091 2541 1189 2613 τὴν
1219 2547 1277 2596 ἐν
1307 2549 1370 2616 τῇ
1403 2547 1583 2600 πίστει
1624 2550 1801 2620 άληθῆ
1825 2551 1918 2604 εὖ·

360 2642 513 2695 ρεσιν
565 2627 955 2694 ἀσπάσασθαι;
985 2630 1052 2702 ἥν
1080 2631 1142 2701 δὴ
1178 2634 1435 2689 τοσοῦτον
1488 2640 1688 2704 μᾶλλον
1715 2641 1748 2706 ἦ
1787 2643 1924 2711 πρό-

353 2733 518 2786 τερον
553 2721 678 2788 περὶ
711 2721 969 2774 πλείστου
1001 2741 1058 2776 τε
1115 2727 1210 2778 καὶ
1240 2726 1331 2779 τοῦ
1391 2729 1592 2793 παντὸς
1635 2732 1918 2802 ποιοῦμαι,

353 2813 470 2880 ὅσῳ
502 2811 601 2880 ἤδη
627 2813 722 2865 τοῦ
752 2815 936 2884 γήρως
968 2818 1291 2882 ἐπιστάντος
1337 2819 1462 2873 ἀλλε
1475 2822 1738 2892 πάλληλοι
1774 2826 1918 2878 νόσοι

355 2897 615 2953 ἐπιοῦσαι
667 2901 950 2967 ᾇπειλοῦσί
1007 2923 1097 2965 μοι
1155 2907 1388 2962 Θάνατον
1450 2913 1764 2982 ὁσημέραι,
1823 2916 1919 2969 καὶ

355 2989 591 3044 ἀϐίωτον
617 2993 829 3047 ποιοῦσι
853 2997 944 3048 τὸν
977 2999 1111 3065 βίον.
1142 2997 1540 3070 ΟἶδαΙπάντως.
1577 3006 1796 3074 ἀδελφοὶ
1823 3010 1916 3060 καὶ

357 3082 618 3152 πατέρες,
644 3081 760 3138 οἶδα
782 3088 877 3139 καί
913 3105 980 3156 με
1014 3087 1238 3160 λέληθεν
1271 3079 1559 3163 οὐδαμῶςέ
1593 3099 1692 3152 οὐκ
1723 3097 1804 3152 ἔτι
1829 3116 1919 3166 μοι

357 3175 451 3226 ἐπὶ
491 3176 625 3227 πολὺ
685 3176 928 3247 βιωτέον,
974 3184 1068 3233 καὶ
1107 3182 1182 3246 ὡς
1222 3186 1411 3256 καιρὸς
1461 3188 1562 3257 ήδη
1625 3190 1924 3258 ἐφέστηκεν

358 3266 708 3332 ἀναλύσεως·
743 3271 832 3323 ὅτε
885 3274 1048 3337 (καθά
1091 3291 1153 3342 γε
1198 3278 1247 3328 oi
1279 3277 1484 3331 τούτων
1525 3283 1922 3351 πεπειραμένοι

360 3360 546 3426 φασὶν)
573 3359 748 3413 ἔπεισι
795 3365 909 3426 τοῖς
942 3365 1250 3434 ἀνθρώποις
1297 3369 1357 3420 οὐ
1391 3371 1586 3440 μικρὸν
1623 3373 1760 3438 δέος,
1798 3375 1924 3442 περὶ

357 3445 433 3502 ὧν
489 3449 548 3500 οὗ
588 3453 732 3504 πάνυ
779 3469 832 3505 τι
887 3455 1151 3524 πρότερον
1211 3457 1503 3523 ἐδεδίεσαν,
1558 3463 1923 3533 ἐφιστάμενον

357 3544 462 3613 ἥδη
492 3545 583 3596 τὸν
610 3544 802 3611 καιρὸν
847 3544 1103 3612 βλέπουσι
1151 3547 1244 3599 τοῦ
1279 3549 1440 3617 λόγον
1472 3551 1763 3606 ἀποδοῦναι
1813 3556 1923 3609 τῶν

361 3636 711 3704 βεϐιωμένων
743 3639 946 3699 αὐτοῖς.
989 3639 1118 3704 Ἐμέ
1141 3639 1196 3692 δὲ
1223 3642 1370 3709 ὅμως
1395 3644 1502 3713 ὅσῳ
1549 3646 1748 3712 μᾶλλον
1782 3664 1922 3714 γειτ-

357 3730 535 3792 νιάῖει
568 3731 595 3781 ὀ
620 3729 871 3791 θάνατος,
903 3731 1143 3801 τοσούτῳ
1176 3733 1338 3786 πλέον
1366 3736 1778 3804 παραμυθεῖται
1824 3739 1924 3808 τῆς

360 3824 599 3886 πίστεως
623 3825 682 3876 τὲ
719 3822 1006 3892 ἀκρεφνές,
1035 3823 1323 3887 ἐλπίζοντα
1375 3827 1436 3880 τὸ
1470 3828 1527 3894 ἐξ
1555 3828 1734 3898 ἔργων
1759 3830 1927 3883 ἐλλεῖ-

361 3935 464 3968 πον
487 3919 550 3985 τῇ
584 3915 824 3985 σωτηρίᾳ
856 3915 1428 3986 ἀναπληρωθήσεσθαι
1479 3923 1544 3989 τῇ
1577 3920 1682 3974 τῶν
1715 3923 1923 3989 δογμά-

359 4026 469 4060 των
494 4007 602 4060 τῶν
623 4006 796 4075 ὀρθῶν
825 4006 973 4079 δόξῃ,
1002 4000 1077 4059 ὧν
1121 4007 1283 4061 ἕνεκα
1321 4011 1411 4062 καὶ
1460 4013 1626 4080 τιμάς
1658 4013 1922 4081 παριδὼν,

361 4101 415 4152 εἴ
447 4117 590 4158 τινας
629 4093 774 4167 εἶχον
805 4099 933 4166 παρ’
962 4098 1093 4167 ὑμῖν
1141 4094 1310 4169 (εἶχον
1344 4100 1400 4154 δὲ
1438 4102 1498 4154 οὐ
1549 4105 1769 4173 μικράς.
1801 4105 1926 4158 οῦδὲ

360 4190 572 4257 ὀλίγας)
604 4190 739 4251 ὅλως
767 4189 972 4258 ταύτης
1000 4190 1266 4260 ἐγενόμην
1293 4191 1392 4259 τῆς
1433 4190 1711 4259 ἀληθείας.
1747 4192 1925 4247 Είδόσι

360 4288 472 4352 γὰρ
504 4283 668 4349 λέγω,
698 4283 792 4334 καὶ
821 4281 953 4347 παρ’
980 4281 1200 4334 εἰδότων
1234 4281 1502 4335 ἀκούσασί
1522 4299 1603 4345 τε,
1637 4286 1727 4337 καί
1763 4287 1924 4337 ἀκου-

2027 457 2157 511 mibi
2233 459 2389 526 ipse.
2441 459 2544 513 lioe
2599 461 2762 513 etiam
2821 460 2977 514 vobis
3038 471 3166 528 opto
3236 461 3587 516 bonum.Et-

2027 552 2172 604 enim
2219 551 2478 622 majorem
2509 551 2829 606 eliaritatem
2859 551 3157 608 ostendere
3195 552 3444 622 proximo
3473 567 3584 608 non

2027 642 2253 696 haberet
2285 643 2505 711 aliquis,
2532 658 2692 710 quam
2727 642 2770 695 si
2804 657 2923 712 qua:
2948 641 3076 704 sibi,
3104 642 3217 697 hac
3248 654 3302 696 et
3329 643 3404 696 illi
3457 658 3584 711 pre-

2027 745 2183 788 cetur
2216 733 2379 789 bona.
2413 732 2606 802 Diliges
2636 735 2804 796 enim,
2853 732 3052 801 inquit,
3083 734 3382 799 proximum
3412 743 3584 796 luunt,

2025 825 2159 877 sicut
2191 822 2431 889 teipsum,
2472 832 2526 876 et
2571 822 2675 876 hoc
2714 823 2892 890 majus
2923 836 2951 874 a
2980 822 3134 876 nobis
3157 820 3300 873 Deus
3334 835 3444 872 non
3473 821 3590 872 exi-

2025 917 2124 984 git,
2164 913 2319 983 quasi
2353 914 2460 967 hoc
2485 929 2711 968 summa:
2733 912 3047 967 dilectionis
3077 912 3150 965 sit
3172 911 3452 964 indicium.
3479 911 3587 964 Ne-

2025 1019 2131 1069 que
2163 1003 2308 1058 enim
2342 1003 2682 1072 ignoratione
2711 1011 2766 1056 et
2801 1001 3014 1056 inscitia
3042 1002 3236 1057 dicetis
3262 1015 3361 1057 nos
3391 1001 3588 1059 verita-

2028 1105 2133 1149 Iem
2195 1111 2297 1149 non
2334 1108 2642 1157 assecntos;
2690 1111 2814 1149 eum
2859 1095 3060 1150 sciatis
3095 1110 3195 1148 nos
3249 1095 3316 1150 ab
3361 1097 3587 1150 ineunte

2023 1196 2180 1242 aetate
2211 1187 2406 1242 studiis
2430 1188 2688 1248 imbutos,
2720 1197 2774 1242 et
2805 1187 2951 1256 quod
2986 1195 3196 1255 spectat
3219 1187 3284 1241 ad
3301 1187 3443 1242 lianc
3466 1201 3590 1256 par-

2025 1291 2154 1341 tem,
2207 1297 2374 1349 penes
2402 1296 2499 1335 vos
2551 1279 2685 1335 nulli
2725 1297 2844 1335 esse
2896 1282 3167 1336 secundos
3199 1299 3216 1337 :
3253 1291 3306 1337 et
3355 1283 3584 1337 multum

2024 1371 2186 1424 studii
2215 1371 2356 1425 circa
2379 1370 2480 1424 boe
2496 1371 2688 1439 dogma
2715 1371 3055 1434 adhibuisse,
3074 1382 3130 1426 et
3161 1388 3376 1434 verum,
3401 1387 3576 1442 quan-

2025 1470 2140 1514 tum
2176 1460 2292 1515 ﬂeri
2329 1463 2529 1530 potuit,
2555 1463 2932 1531 investigasse,
2960 1475 3015 1518 et
3041 1463 3302 1532 quidnam
3332 1465 3477 1517 aliud
3495 1479 3590 1516 ve-

2025 1551 2253 1606 risimile
2298 1560 2380 1606 est
2413 1552 2687 1606 hominem
2719 1554 2921 1622 eligere
2954 1555 3195 1610 voluisse
3232 1571 3260 1608 a
3293 1555 3587 1624 juventnte

2026 1642 2290 1706 modeste,
2315 1652 2366 1696 et
2389 1641 2669 1697 humiliter
2703 1643 2994 1698 educatum
3018 1652 3074 1698 et
3101 1645 3435 1711 institutum,
3463 1647 3588 1715 qui-

2019 1747 2126 1800 que
2155 1732 2258 1786 sub
2292 1732 2626 1798 obedienlia,
2649 1742 2706 1788 et
2731 1734 3090 1802 abnegatione
3120 1751 3232 1790 suae
3255 1738 3577 1804 voluntatis,

2019 1839 2120 1892 pro
2154 1822 2322 1894 virili,
2364 1822 2475 1878 Deo
2496 1825 2741 1893 iuvante.
2778 1823 2944 1878 vitam
2969 1825 3143 1880 vixit?
3174 1827 3268 1895 qui
3302 1829 3465 1893 (absit
3491 1843 3588 1882 au-

2021 1922 2126 1967 tem
2174 1913 2459 1984 iactantia)
2509 1915 2676 1968 multa
2707 1913 2774 1967 de
2805 1915 3048 1970 vanitate
3071 1915 3283 1982 mundi,
3320 1918 3489 1972 multa
3518 1919 3588 1974 de

2020 2003 2266 2074 profectu
2305 2020 2541 2066 morum.
2603 2005 2772 2060 multa
2803 2005 2870 2060 de
2899 2006 3234 2061 cruciatibus
3266 2016 3321 2060 et
3346 2008 3586 2075 praemiis

2019 2089 2141 2164 quas
2171 2105 2548 2160 reservantur,
2582 2097 2734 2165 legit,
2764 2106 2820 2151 et
2854 2098 2906 2150 in
2941 2097 3126 2151 animo
3159 2099 3490 2162 recondidit,
3527 2108 3588 2152 ut

2019 2185 2262 2239 animum
2285 2185 2450 2240 rectis
2462 2184 2813 2254 dogmatibus
2838 2189 3276 2256 praestantiorem
3305 2188 3584 2251 redderet,

2018 2269 2076 2330 et
2115 2289 2296 2329 veram
2357 2275 2833 2345 investigationem
2876 2276 2929 2328 in
2981 2275 3086 2330 ﬁde
3143 2277 3583 2344 amplecteretur.

2019 2365 2200 2432 Quam
2219 2365 2464 2434 profecto
2492 2379 2560 2419 eo
2587 2366 2760 2433 magis
2784 2378 2932 2418 nunc
2960 2379 3120 2433 quam
3152 2365 3307 2433 prius
3338 2366 3510 2434 pluris
3529 2373 3584 2421 et

2021 2453 2241 2508 maximi
2271 2453 2432 2517 facio,
2471 2468 2581 2523 quo
2605 2455 2715 2523 jam
2739 2463 3028 2509 senectute
3059 2453 3298 2508 instante
3331 2454 3584 2510 continui

2021 2545 2199 2600 morbi
2227 2545 2542 2615 ingruentes
2575 2543 2824 2613 quotidie
2849 2544 2981 2598 mihi
3016 2553 3246 2598 mortem
3281 2545 3583 2611 minantur,

2017 2645 2080 2690 et
2115 2635 2280 2689 vitam
2312 2634 2564 2690 acerbam
2586 2633 2792 2690 faciunt
2832 2652 2846 2689 :
2873 2635 3096 2690 omnino
3129 2636 3266 2702 scio,
3298 2635 3496 2691 fratres
3528 2645 3586 2691 et

2021 2736 2229 2796 patres,
2257 2727 2371 2781 seio
2400 2734 2455 2780 et
2487 2741 2578 2782 me
2610 2727 2835 2781 minime
2864 2727 3017 2792 latet,
3049 2742 3156 2782 non
3189 2728 3424 2798 amplius
3445 2727 3584 2783 mul-

2023 2828 2134 2873 tum
2167 2818 2302 2873 mihi
2332 2833 2450 2873 esse
2497 2819 2815 2883 vivendum,
2853 2828 2909 2874 et
2939 2821 3084 2890 quod
3119 2829 3337 2890 tempus
3359 2821 3472 2892 jam
3500 2821 3581 2876 in-

2021 2920 2129 2967 stat
2158 2910 2534 2974 resolutionis,
2571 2910 2790 2980 quando
2824 2912 2906 2977 (ut
2931 2912 3126 2966 barum
3152 2929 3334 2968 rerum
3372 2914 3582 2983 experti

2019 3001 2194 3069 aiunt)
2231 2999 2452 3053 advenit
2497 2999 2814 3053 horninibus
2862 3015 2970 3054 non
3007 3016 3210 3069 parvus
3267 3013 3469 3068 metus,
3513 3002 3583 3059 de

2022 3092 2223 3161 quibus
2265 3107 2372 3145 non
2407 3090 2564 3145 valde
2605 3091 2898 3145 admodum
2945 3094 3098 3161 prius
3140 3095 3440 3150 timebant:
3482 3097 3584 3150 adv

2023 3190 2244 3235 ventare
2287 3182 2396 3250 jam
2438 3190 2655 3251 tempus
2697 3183 2972 3251 aspiciunt
3003 3184 3269 3240 reddendi
3315 3187 3583 3242 rationem

2023 3282 2156 3329 acta:
2179 3273 2320 3329 vitae.
2353 3273 2435 3328 Me
2463 3289 2593 3328 vero
2626 3282 2806 3328 tamen
2841 3290 2952 3340 quo
2981 3277 3151 3344 magis
3185 3281 3586 3349 appropinquat

2023 3379 2192 3426 mors,
2227 3380 2294 3418 eo
2318 3365 2551 3433 amplius
2589 3365 2904 3419 consolatur
2937 3365 3060 3420 ﬁdei
3091 3367 3316 3429 candor,
3359 3385 3583 3438 speran-

2025 3462 2155 3517 tem,
2182 3455 2326 3521 quod
2359 3471 2424 3510 ex
2460 3455 2723 3524 operibus
2755 3455 2912 3510 deest
2940 3455 3006 3510 ad
3043 3457 3298 3520 salutem,
3329 3473 3588 3526 compen-

2025 3555 2203 3602 salum
2247 3547 2312 3601 iri
2349 3547 2607 3616 opinione
2644 3557 2922 3602 rectorum
2955 3548 3288 3618 dogmatum.
3342 3548 3584 3615 Quorum

2023 3653 2186 3694 causa
2241 3637 2408 3691 etiam
2441 3638 2677 3692 honores
2707 3649 3090 3702 contemnens,
3123 3638 3169 3692 si
3203 3653 3344 3708 quos
3368 3655 3589 3694 assecu-

2027 3738 2114 3784 tus
2167 3728 2310 3797 apud
2356 3743 2451 3783 vos
2501 3744 2650 3783 erant
2687 3727 2993 3797 (assecutus
3043 3742 3227 3784 autem
3272 3746 3422 3785 eram
3473 3746 3586 3784 non

2025 3819 2251 3889 paucos)
2282 3828 2427 3874 totus
2456 3829 2682 3874 secutus
2712 3835 2834 3874 sum
2860 3823 3001 3874 hanc
3033 3822 3340 3876 veritatem.
3390 3821 3588 3875 Scien-

2029 3911 2176 3965 tibus
2227 3911 2373 3966 enim
2418 3911 2634 3980 loquor,
2669 3920 2724 3966 et
2753 3927 2780 3963 a
2821 3912 3124 3967 scientibus
3167 3913 3478 3972 audivistis.
3531 3924 3588 3968 et

2024 4003 2269 4060 audituri
2293 4007 2452 4068 estis.
2481 4004 2527 4058 si
2559 4005 2866 4061 volueritis.
2905 4004 3057 4070 Quod
3079 4005 3268 4074 juveni
3298 4006 3500 4071 adhuc,
3533 4016 3591 4061 et

2025 4095 2268 4150 nondum
2306 4096 2624 4165 pubescenti
2657 4095 2925 4150 maximus
2946 4096 3119 4150 honor
3146 4096 3365 4152 habitus
3387 4106 3491 4160 est,
3519 4097 3590 4150 ab

2028 4185 2096 4240 iis
2134 4186 2298 4239 etiam
2330 4185 2425 4254 qui
2461 4201 2547 4240 me
2576 4201 2852 4254 nunquam
2888 4186 3161 4250 viderant,
3181 4196 3234 4242 et
3263 4196 3450 4240 notum
3471 4193 3590 4240 erat

2028 4293 2229 4332 nomen
2261 4293 2444 4332 meum
2477 4278 2733 4334 omnibus
2783 4279 3096 4346 ubicunque
3133 4278 3314 4346 lingua
3363 4278 3589 4334 Graeco-

360 4374 612 4442 σομὲ-ιοις
637 4374 703 4426 ἄν
748 4390 802 4424 τι
839 4371 1141 4440 βούλοισθε,
1173 4373 1247 4436 ὡς
1283 4374 1399 4425 νέον
1444 4391 1502 4427 τε
1542 4375 1620 4426 ἔτι
1647 4376 1740 4428 καὶ
1772 4375 1922 4430 οὔπω

2029 4385 2151 4422 rum
2181 4369 2424 4423 auditur.
2453 4369 2692 4425 Necdum
2748 4369 3066 4426 vicesimum
3096 4380 3349 4439 quartum
3382 4384 3587 4424 annuat

360 4464 657 4531 γενειῶντα
707 4463 793 4515 διὰ
845 4464 1108 4531 πλείστης
1145 4465 1309 4530 ἠγετέ
1344 4481 1409 4534 με
1437 4468 1624 4534 τιμῆς,
1659 4469 1753 4518 καὶ
1775 4468 1929 4520 αὐτοὶ

2031 4460 2279 4529 agebam,
2320 4460 2664 4530 ducibusque
2713 4469 2768 4515 et
2817 4461 3179 4531 principibus,
3229 4468 3286 4515 et
3332 4459 3592 4514 omnibus

359 4557 409 4607 οἱ
449 4553 524 4622 μὴ
577 4554 713 4614 ὅλως
771 4552 991 4614 ίόὀντες.
1063 4552 1344 4622 Γνώριμον
1398 4549 1465 4624 ἦν
1523 4555 1727 4624 τούμὸν
1756 4555 1922 4625 ὄνομα

2031 4551 2188 4605 vobis
2225 4551 2572 4605 venerandus
2604 4566 2777 4617 eram,
2800 4551 3220 4619 imperatoribus
3271 4549 3590 4619 acceptissi-

361 4645 500 4696 πᾶσι
527 4645 639 4704 τοῖς
667 4643 978 4711 ὀπηδὴποτε
1037 4641 1220 4709 φωνῆς
1262 4642 1585 4713 Ἑλληνικῆς
1635 4646 1924 4698 ἐπαΐουσι·

359 4736 459 4787 καὶ
491 4736 656 4801 μήπω
677 4735 909 4798 τέτταρα
934 4735 1024 4785 καὶ
1045 4737 1248 4787 εῐκοσιν
1267 4734 1362 4804 ἔτη
1393 4735 1706 4805 γενόμενος,
1731 4737 1927 4801 αίδοῖος

357 4827 618 4898 ἡγεμόσι,
681 4827 776 4878 καὶ
830 4826 1194 4893 ἄρχουσικαὶ
1247 4828 1414 4880 πᾶσιν
1475 4828 1602 4898 ὑμῖν
1657 4829 1924 4899 ὑπῆρχον.

359 4919 748 4980 Ποθεινότανος
791 4916 1128 4986 βασιλεῦσιν,
1168 4919 1216 4970 οἵ
1245 4919 1306 4970 οὐ
1339 4918 1446 4971 τῶν
1492 4919 1798 4990 ἡλικιωτῶν
1831 4922 1926 4990 μό-

357 5030 471 5073 νον,
511 5012 604 5063 καὶ
659 5010 768 5062 τῶν
802 5011 1242 5079 προϐεϐηκότων,
1290 5012 1429 5064 ἀλλὰ
1476 5014 1710 5066 καὶτῶν
1767 5014 1927 5077 ἀξιώ-

360 5120 512 5173 ματα
541 5103 1027 5172 περιϐεϐλημένων
1058 5104 1205 5171 ἡμᾶς
1238 5105 1579 5172 προετίθουν,
1625 5106 1716 5157 καὶ
1765 5104 1926 5168 ἀξιώ-

361 5196 499 5263 μασί
529 5212 588 5247 τε
620 5195 970 5264 καιάρχαῖς,
1000 5199 1120 5255 ταῖς
1152 5195 1294 5264 ὑπὲρ
1324 5196 1423 5264 τὴν
1474 5195 1692 5265 ἠλικίαν
1725 5197 1810 5265 (οὐ
1856 5198 1925 5249 δι’

357 5287 500 5356 ἐμὴν
526 5287 746 5356 ἀρετὴν,
774 5287 907 5338 ἀλλά
926 5287 994 5338 δι’
1017 5285 1153 5338 ίδίαν
1181 5287 1606 5354 καλοκάγαθίαν)
1629 5289 1920 5357 ἐκόσμουν.

357 5379 555 5431 Καίτοι
589 5379 682 5430 καὶ
712 5381 758 5429 εἰ
795 5378 936 5446 μέγα
967 5377 1065 5430 νῦν
1109 5379 1166 5428 ἐν
1187 5382 1251 5446 τῇ
1281 5377 1372 5430 τοῦ
1415 5379 1649 5448 Χριστοῦ
1695 5381 1926 5447 Ἐκκληο

360 5470 453 5538 σία
486 5470 808 5538 περίκειμαι
848 5473 1052 5540 σχῆμα,
1095 5470 1142 5520 εί
1195 5470 1446 5538 λαμπρὸν
1495 5472 1713 5539 ἀξίωμα
1759 5487 1918 5539 περι-

359 5561 654 5629 ϐέϐλημαι,
693 5563 784 5614 καὶ
809 5563 885 5630 τῷ
915 5562 1028 5615 ὀντι
1067 5560 1308 5630 μεγάλας
1334 5562 1498 5631 τιμὰς
1527 5563 1619 5614 καὶ
1651 5562 1927 5632 ὑπερδαλ-

359 5651 558 5716 λούσας
590 5653 928 5722 καρποῦμαι,
967 5655 1056 5706 καὶ
1091 5656 1210 5707 ὅσαι
1247 5655 1384 5724 ὑπὲρ
1411 5655 1528 5723 ἐμὲ,
1567 5654 1698 5707 ἀλλὰ
1729 5657 1918 5725 πρῶτα

2034 4657 2156 4696 mus
2182 4659 2196 4696 :
2225 4644 2318 4710 qui
2355 4659 2463 4696 non
2490 4643 2666 4698 solum
2698 4642 3000 4711 a‘qualibus
3029 4653 3084 4697 et
3103 4652 3261 4698 aetate
3292 4642 3588 4710 provectis.

2031 4733 2124 4788 sed
2176 4734 2343 4787 etiam
2392 4735 2459 4788 iis
2487 4735 2582 4803 qni
2617 4735 2669 4788 in
2709 4734 3068 4804 dignitatibus
3097 4735 3380 4789 constituti
3409 4743 3590 4792 erant.

2031 4842 2131 4880 nos
2171 4827 2553 4896 praferebant,
2590 4835 2644 4880 et
2679 4825 3042 4895 dignitatibus
3087 4841 3150 4881 ac
3205 4826 3588 4895 potestatibus.

2029 4935 2150 4988 qua:
2182 4930 2395 4974 aetatem
2439 4920 2792 4988 superabant,
2823 4935 2929 4974 non
2957 4927 3178 4988 propter
3217 4933 3390 4971 meam
3419 4918 3592 4971 virtu-

2033 5023 2164 5075 tem,
2193 5011 2286 5065 sed
2316 5012 2588 5080 propriam
2619 5012 2944 5075 bonitatem,
2977 5010 3266 5064 ornabant.
3300 5008 3365 5063 Et
3397 5024 3589 5079 quam-

2029 5104 2112 5157 vis
2145 5103 2306 5157 modo
2332 5118 2587 5172 magnum
2619 5102 2674 5156 in
2704 5101 2943 5158 Ecclesia
2975 5103 3070 5156 Dei
3097 5102 3346 5170 habitum
3377 5115 3586 5170 geram,

2027 5195 2277 5264 quamvis
2302 5193 2642 5263 splendidam
2665 5194 2984 5264 dignitatem
3008 5195 3305 5257 obtineam,
3324 5203 3378 5247 et
3401 5208 3586 5248 revera

2028 5287 2238 5358 magnis
2290 5287 2592 5341 honoribus
2639 5296 2695 5341 et
2743 5287 3138 5341 excellentibus
3185 5285 3357 5347 fruar,
3391 5293 3447 5340 et
3492 5284 3587 5352 qui

2028 5395 2209 5434 meum
2260 5379 2515 5433 meritum
2564 5388 2859 5448 superant;
2925 5378 3020 5432 sed
3076 5378 3310 5446 primum
3363 5375 3584 5444 quidem

2028 5479 2215 5540 postea
2263 5478 2641 5534 accesserunt,
2699 5483 2877 5538 neque
2925 5467 3151 5537 sperati,
3182 5477 3242 5519 ut
3291 5466 3430 5520 Deus
3460 5462 3584 5516 scit.

2028 5561 2230 5616 Deinde
2257 5561 2526 5624 fortassis,
2564 5560 2763 5614 dixerit
2808 5560 3029 5626 aliquis,
3065 5560 3299 5630 iuniores
3323 5556 3462 5626 apud
3491 5569 3587 5608 vos

2025 5637 2320 5710 exstitisse.
2383 5651 2662 5722 Siquidem
2723 5652 2796 5708 ibi
2839 5650 2982 5720 apud
3045 5666 3138 5705 vos
3214 5649 3394 5704 statim
3444 5644 3587 5700 inter
