3990 6212
359 421 467 484 463

1319 415 1827 477 BESSARlONIS
1875 415 1931 476 S.
1974 414 2051 475 R.
2089 414 2156 475 E.
2197 409 2666 474 CARDINALIS

3509 401 3614 465 4M

359 538 568 609 primos
631 533 824 591 ordine
882 531 1140 597 locabar,
1201 531 1292 586 hic
1349 544 1480 584 vero
1542 528 1794 599 plurimis
1843 544 1937 583 ex-

2049 527 2148 598 μὲν
2172 527 2498 594 ἐπεγένοντο
2561 522 2702 593 μετά
2732 520 2926 586 ταῦτα,
2964 519 3088 574 οὐδὲ
3129 518 3507 587 ἑλπιζόμεηιι,
3541 521 3613 582 ὡς

359 625 720 690 sistentibus,
789 623 900 678 imo
950 636 1084 676 vero
1153 635 1442 675 numerum
1505 619 1935 683 excedentibus,

357 717 454 788 qui
519 725 574 795 et
625 716 897 786 sapientia
967 713 1370 784 prudentiaque
1421 721 1477 768 et
1527 711 1679 766 omni
1735 713 1937 766 virtute

358 810 614 872 vincunt,
646 809 736 863 vix
763 824 886 863 sum
921 823 1064 862 unus
1085 808 1153 863 de
1192 807 1403 862 multis.
1437 805 1584 860 Dixit
1611 815 1794 861 autem
1819 806 1939 876 qui-

357 901 483 955 dam
514 915 581 954 ex
627 899 789 955 valde
820 899 1149 963 ambitiosis,
1191 897 1239 954 si
1271 896 1595 952 memoriam
1625 897 1845 958 tenetis,
1881 896 1934 949 in

356 991 622 1062 oppidulo
651 991 802 1046 tenui
851 1005 919 1045 ac
954 989 1132 1045 sterili
1171 988 1332 1042 malle
1363 987 1576 1056 primus
1598 1001 1741 1049 esse,
1766 998 1931 1055 quam

355 1082 541 1136 [tonum
593 1081 649 1135 in
684 1081 923 1136 maxima
959 1090 1017 1134 et
1065 1077 1444 1136 illustrissima
1477 1075 1615 1131 urbe
1663 1073 1935 1131 secundas

354 1181 538 1242 partes
583 1181 797 1226 tenere.
821 1169 1034 1224 Habere
1077 1168 1224 1224 enim
1270 1165 1564 1238 quamdam
1601 1165 1934 1236 voluptatem

352 1265 676 1334 primatum,
702 1263 956 1332 quamvis
977 1262 1124 1317 inter
1151 1259 1413 1315 minimos
1443 1261 1535 1315 sit.

2040 619 2070 670 ό
2100 618 2232 681 Θεὸς
2265 615 2444 672 οἶδενο
2478 615 2650 668 ἔπειτ’
2682 613 2814 676 ἴσως
2839 613 2984 666 εῐποι
3017 629 3103 674 τις
3143 610 3230 676 ἂν,
3267 613 3471 680 τρόπον
3495 613 3616 666 τινὰ

2044 710 2263 778 μείζους
2288 710 2388 772 τὰς
2432 709 2565 780 παρ’
2599 707 2754 776 ὑμῶν
2782 703 3114 774 γεγενῆσθαι
3136 719 3148 732 ·
3191 704 3307 770 εῐγε
3361 703 3482 755 ἐκεῖ
3515 701 3615 771 μὶν

2039 801 2136 854 καὶ
2162 801 2293 871 παρ’
2323 795 2465 870 ὑμῖν
2483 801 2542 852 ὲν
2574 801 2688 862 τοῖς
2707 795 2950 868 πρώτοις
2979 793 3142 857 εὐθὺς
3174 793 3503 862 ὲταττόμην,
3531 795 3615 845 ὲνο

2037 893 2214 947 ταῦθα
2248 893 2305 946 δὲ
2357 892 2594 958 πολλῶν,
2647 891 2849 962 μᾶλλον
2903 889 2962 942 δὲ
3009 886 3251 958 ἀριθμοῦ
3287 886 3663 956 κρειττόνων·

2041 984 2210 1038 ὅντων
2239 983 2349 1038 τῶν
2381 984 2548 1056 σοφίᾳ
2579 1001 2637 1037 τε
2666 985 2762 1037 καὶ
2790 981 3054 1052 φρονήσει
3097 981 3194 1034 καὶ
3224 981 3287 1050 τῇ
3319 979 3416 1050 ὅλῃ
3443 979 3614 1048 ἀρετῇ

2042 1074 2349 1140 νικώντων,
2395 1077 2554 1146 μόλις
2598 1075 2717 1145 εἰμὶ
2750 1073 3070 1137 πολλοστός.
3105 1072 3253 1140 Ἔφη
3299 1070 3357 1124 δὲ
3405 1068 3502 1124 καί
3529 1086 3616 1132 τις

2043 1167 2152 1220 τῶν
2199 1167 2342 1222 πάνυ
2397 1167 2699 1237 φιλοτίμων
2749 1167 2798 1220 ei
2853 1163 3156 1236 μέμνησθε,
3205 1161 3491 1233 βούλεσθαι
3547 1161 3619 1214 ἃν

2050 1256 2252 1326 μᾶλλον
2289 1261 2346 1310 ἐν
2399 1257 2656 1330 πολιχνίῳ
2711 1257 2904 1327 λυπρῷ
2956 1255 3181 1326 πρῶτος
3227 1247 3454 1323 εἶναι,ῆ
3496 1251 3616 1305 dsu-

351 1360 542 1428 τερεία
591 1359 650 1411 ὲν
683 1359 752 1428 τῇ
793 1357 1026 1428 μεγίστῃ
1072 1372 1131 1409 τε
1177 1355 1273 1410 καὶ
1319 1351 1690 1424 λαμπροτάτῃ
1740 1350 1930 1422 Ῥώμῃ
1970 1351 2244 1421 κατέχειν.
2282 1351 2469 1424 Ἐχειν
2506 1341 2614 1424 γάρ
2675 1367 2822 1414 τινα,
2860 1347 2961 1404 κᾶν
2995 1349 3054 1402 ὲν
3081 1345 3386 1418 ἐλαχίστοις
3490 1345 3617 1415 ἡδοο

355 1453 450 1522 γὴν
483 1452 545 1505 τὸ
577 1456 868 1522 πρωτεῖον.

423 1544 697 1600 Caeterum
734 1556 789 1599 et
816 1560 938 1614 quae
958 1544 1102 1615 apud
1145 1558 1245 1598 vos
1275 1542 1442 1598 habui
1468 1542 1680 1597 minimi
1713 1541 1842 1606 feci,
1870 1551 1924 1596 et

353 1636 645 1706 prsesentia
682 1637 846 1690 modo
866 1636 1060 1705 (Deum
1086 1639 1278 1702 testor)
1303 1642 1360 1688 ut
1379 1644 1622 1688 stercora
1647 1633 1930 1697 ducerem,

351 1735 407 1779 et
428 1725 660 1795 abjectis
677 1725 956 1785 ontnibus,
975 1725 1228 1794 quamvis
1246 1724 1420 1777 multo
1446 1722 1600 1792 plura
1623 1721 1709 1775 bis
1726 1727 1930 1784 essent,

353 1833 422 1870 ne
450 1827 610 1882 retro
633 1817 856 1886 quidem
903 1817 1201 1886 aspiciens,
1233 1815 1304 1870 ad
1342 1831 1440 1870 vos
1475 1831 1561 1868 me
1599 1814 1928 1878 conferrem,

2142 1535 2298 1590 Ἀλλὰ
2320 1537 2412 1588 καὶ
2437 1536 2507 1590 τὰ
2539 1533 2670 1606 παρ’
2700 1534 2827 1605 ύμῖν
2859 1531 2928 1586 δι’
2961 1532 3249 1602 ἐλαχίστου
3282 1530 3612 1600 πεποίημαιο

2039 1628 2286 1698 ἀδελφοὶ,
2329 1628 2425 1681 καὶ
2473 1627 2540 1679 τά
2576 1643 2638 1694 γε
2685 1625 2781 1679 νῦν
2837 1625 3106 1694 παρόντα,
3139 1623 3496 1695 μαρτύρομαι
3524 1622 3619 1676 τὸν

2041 1717 2198 1780 Θεθιν.
2252 1717 2328 1783 ὡς
2379 1717 2626 1772 σκύϐαλα
2682 1717 2748 1771 ἂν
2794 1716 3113 1787 ἡγησάμην,
3170 1716 3263 1768 καὶ
3314 1714 3496 1768 πάντα
3549 1711 3619 1766 ἂν

2041 1810 2377 1884 ἀπορρίψας,
2407 1813 2456 1863 εί
2485 1808 2875 1864 πολλαπλασίω
2921 1809 3130 1862 τούτων
3179 1803 3343 1879 ἦσαν,
3400 1805 3615 1875 ἀμετα·

355 1907 463 1961 nisi
495 1907 629 1960 mihi
661 1907 922 1962 conscius
952 1922 1156 1972 essent,
1192 1908 1337 1978 quod
1374 1907 1634 1978 elegerint
1659 1916 1918 1976 praestan-

2049 1907 2260 1974 rtpsmi
2288 1903 2423 1974 πρὸς
2455 1903 2596 1973 ὑμᾶς
2621 1901 2872 1973 ᾠχόμην,
2907 1903 2954 1954 εί
2997 1903 3070 1971 μὴ
3108 1899 3358 1971 συνῄδειν
3384 1895 3618 1967 ἐμαυτῷ

355 1997 497 2053 tiora
550 1998 743 2069 magis,
799 2007 857 2054 et
911 1997 1220 2061 salutifera,
1280 1997 1384 2051 nisi
1430 1997 1564 2052 mihi
1614 2012 1935 2065 persuasum

350 2097 525 2148 esset,
581 2086 904 2140 catholicam
958 2095 1206 2140 sanctam
1270 2083 1575 2138 Romanam
1631 2071 1935 2140 Ecclesiam

354 2179 577 2242 «locere,
612 2187 668 2231 et
700 2176 952 2238 credere,
982 2192 1106 2247 quae
1135 2176 1202 2230 ad
1233 2175 1400 2230 vitam
1423 2184 1682 2231 a'ternam
1701 2176 1934 2232 ducunt.

351 2267 408 2323 Si
440 2269 610 2340 igitur
641 2267 709 2323 ad
745 2284 811 2322 ea
841 2283 936 2322 vos
968 2267 1164 2322 bortor
1191 2277 1246 2322 et
1269 2267 1525 2331 obsecro,
1551 2281 1672 2337 qua:
1702 2268 1938 2338 prppria:

351 2365 514 2420 saluti
547 2364 798 2420 subsidia
823 2379 948 2420 esse
980 2363 1261 2428 existimo,
1297 2372 1456 2434 grato
1480 2362 1686 2427 animo,
1709 2370 1758 2416 et
1779 2377 1938 2431 aequo

349 2457 541 2513 audire
599 2455 840 2522 debetis,
889 2465 948 2511 et
1003 2470 1126 2526 quae
1176 2454 1442 2510 dicuntur
1491 2454 1734 2510 libenter
1791 2454 1940 2510 exci‘

351 2565 506 2619 pere.

423 2640 530 2696 Sed
564 2639 908 2707 scandalum,
939 2637 1196 2710 inquitis,
1231 2637 1392 2694 nobis
1424 2645 1530 2702 est,
1560 2653 1685 2708 qua:
1729 2652 1760 2691 a
1790 2635 1936 2691 Lati-

352 2735 444 2787 nis
479 2733 625 2788 facta
660 2743 747 2788 est
787 2734 853 2789 ad
890 2733 1217 2805 Symbolum
1243 2732 1477 2788 additio.

425 2823 483 2880 Si
509 2833 657 2880 recte
673 2824 1049 2889 considerare,
1072 2824 1292 2889 fratres,
1314 2823 1624 2887 volueritis,
1651 2837 1760 2878 non
1785 2820 1935 2876 addi-

353 2914 456 2979 tio,
497 2915 591 2971 sed
623 2915 924 2982 explicatio
954 2926 1010 2971 et
1040 2916 1358 2986 explanatio
1414 2925 1498 2970 est
1529 2914 1675 2985 quod
1705 2914 1932 2969 dicitur.

353 3005 568 3075 Quippe
603 3005 818 3060 additio
851 3013 938 3061 est
981 3005 1147 3060 etiam
1185 3004 1493 3062 secundum
1539 3005 1689 3076 ipsos
1717 3012 1938 3058 nostros

354 3097 614 3153 doctores
641 3086 1325 3155 contrariorum'doctrina
1354 3097 1694 3168 dogmatum.
1713 3096 1782 3150 At
1802 3110 1936 3152 vero

2039 1994 2282 2064 ἑλομένῳ
2309 1995 2378 2048 τὰ
2409 1993 2642 2064 κρείττω
2675 2010 2738 2046 τε
2782 1992 2876 2045 καὶ
2908 1989 3411 2059 σωτηριωδέστερα,
3439 1987 3488 2040 εί
3531 1985 3606 2056 μὴ

2037 2086 2109 2140 τὰ
2141 2087 2278 2157 πρὸς
2304 2085 2451 2157 ζωήν
2474 2103 2534 2139 τε
2584 2084 2684 2156 τὴν
2715 2082 2934 2138 αίώνιον
2971 2085 3208 2154 φέροντα
3250 2079 3616 2133 διδάσκουσάν

2037 2196 2100 2233 τε
2130 2181 2224 2234 καὶ⁸
2253 2179 2630 2233 πιστεύουσαν
2663 2177 3012 2248 ἐπεπείσμην
3055 2175 3160 2245 τὴν
3184 2171 3482 2243 καθολικὴν
3513 2172 3612 2225 καὶ

2041 2270 2204 2338 ἁγίαν
2239 2269 2572 2340 Ἐκκλησίαν
2611 2268 2926 2337 Ῥωμαίων.
2952 2266 3015 2320 El
3044 2261 3137 2319 οὖν
3161 2266 3239 2326 είς
3268 2265 3455 2316 ἐκεῖνα
3473 2263 3623 2333 ὑμᾶς

2039 2363 2340 2437 προτρέπω
2371 2380 2431 2416 τε
2460 2362 2556 2416 καὶ
2592 2360 2922 2432 παρακαλῶ,
2957 2358 2995 2415 ἃ
3030 2358 3128 2430 τῆς
3168 2357 3305 2420 ιδίας
3339 2358 3622 2427 σωτηρίας

2039 2457 2227 2519 ἐφόδια
2257 2450 2398 2509 εἶναι
2427 2455 2655 2525 νομίζω,
2688 2451 3052 2522 εὐγνωμόνως
3087 2468 3147 2503 τε
3205 2449 3431 2505 ἀκούειν
3471 2448 3622 2518 ὀφεί-

2037 2549 2182 2612 λετε,
2213 2549 2308 2601 καὶ
2333 2545 2570 2617 ἄσμενοι
2596 2545 2666 2600 τὰ
2693 2544 2972 2615 λεγόμενα
3017 2541 3400 2607 ὑποδέξασθαι.

2121 2639 2282 2692 Ἀλλὰ
2323 2638 2465 2708 μέγα
2493 2639 2628 2708 ἡμῖν
2674 2635 2859 2707 (φατὲ)
2891 2634 3190 2690 σκάνδαλον
3233 2635 3267 2703 ἡ
3319 2633 3474 2706 παρὰ
3508 2632 3621 2687 Λα-

2036 2729 2200 2783 τίνων
2231 2732 2289 2782 ὲν
2315 2728 2392 2800 τῷ
2434 2729 2564 2800 θείῳ
2597 2729 2856 2801 συμϐόλῳ
2890 2728 3167 2798 γενομένη
3197 2726 3508 2796 προσθήκη.

2111 2822 2174 2878 Εί
2201 2823 2377 2894 ὀρθῶς
2411 2826 2634 2878 σκοπεῖν
2659 2823 2919 2889 ἐθέλοιτε,
2945 2821 3188 2890 ἀδελφοὶ,
3209 2819 3270 2873 οὐ
3303 2818 3620 2891 προσθήκη,

2037 2918 2174 2971 ἀλλὰ
2204 2917 2502 2983 ἁνάπτυξίς
2523 2933 2581 2970 τε
2604 2917 2701 2970 καὶ
2723 2916 3056 2987 ἐπεξήγησίς
3074 2917 3190 2968 ἐστι
3212 2914 3272 2966 τὸ
3292 2911 3617 2981 λεγόμενονο

2038 3012 2326 3082 προσθήκη
2361 3012 2469 3083 γάρ
2500 3013 2618 3065 ἐστι
2644 3012 2740 3066 καὶ
2772 3011 2896 3064 κατ’
2922 3011 3121 3072 αὐτοὺς
3148 3007 3277 3071 τοὺς
3308 3005 3620 3076 ἡμετέρους

2037 3102 2449 3174 διδασκάλουςη
2479 3104 2587 3157 τῶν
2641 3104 2898 3158 ἐναντίων
2953 3105 3240 3173 δογμάτων
3274 3100 3619 3162 διδασκαλία,

357 3190 679 3246 eorumdem
725 3200 783 3246 et
829 3191 1096 3246 similium
1148 3190 1444 3246 illustratio
1483 3187 1778 3258 explicatio
1827 3197 1933 3257 est,

2049 3195 2155 3266 ἡδὲ
2189 3195 2298 3249 τῶν
2339 3194 2521 3248 αὐτῶν
2557 3211 2618 3248 τε
2661 3196 2756 3261 καὶ
2809 3196 3011 3260 ὁμοίων
3033 3195 3359 3264 διασάφησις
3375 3195 3628 3249 ἀνάπτυ-

355 3296 467 3336 non
508 3281 744 3337 additio.
803 3283 1053 3348 Quod~si
1095 3299 1125 3338 a
1151 3283 1388 3338 veritate
1425 3291 1556 3347 stat,
1585 3293 1643 3338 et
1683 3282 1929 3353 opinioni

354 3372 642 3429 ductorum
671 3377 954 3441 convenit,
982 3376 1237 3431 timorem
1277 3375 1555 3438 timemus,
1591 3376 1683 3432 ubi
1722 3391 1830 3430 non
1851 3386 1935 3434 est

357 3465 546 3532 timor,
577 3476 634 3521 et
657 3466 1073 3536 superstitionis
1095 3467 1280 3537 potius
1304 3485 1466 3539 quam
1515 3470 1738 3539 pietatis
1793 3485 1935 3539 opus

362 3557 600 3628 agimus.
638 3557 807 3613 Multa
841 3557 1059 3614 addidit
1101 3561 1344 3616 secunda
1375 3564 1619 3633 synodus
1651 3563 1720 3617 ad
1761 3561 1936 3618 Nicas-

357 3665 490 3705 num
513 3649 858 3723 Symbolum.
891 3651 1106 3707 Etenim
1133 3652 1202 3709 de
1224 3652 1516 3709 divinitate
1553 3655 1727 3710 sancti
1763 3654 1937 3724 Spiri-

359 3753 471 3809 tus,
504 3743 574 3799 de
601 3743 814 3798 unitate
857 3744 1141 3811 Ecclesia,
1174 3745 1245 3801 de
1297 3744 1601 3815 baptismo,
1633 3745 1702 3801 de
1743 3747 1938 3801 remis-

359 3835 516 3891 sione
576 3847 954 3906 peecatorum,
987 3837 1056 3892 de
1103 3837 1512 3894 resurrectione
1566 3848 1934 3908 mortuorum,

360 3927 430 3982 de
465 3929 574 3982 vita
595 3936 842 3996 :eterna;
875 3929 1045 3984 multa
1083 3929 1188 3984 alia
1226 3929 1394 3984 etiam
1426 3929 1584 3997 dixit,
1610 3929 1678 3984 de
1698 3945 1936 4001 quorum

360 4019 519 4073 nullo
549 4021 725 4088 prima
777 4020 1022 4091 synodus
1062 4021 1388 4091 explicitum
1437 4021 1568 4077 fecit
1598 4037 1935 4077 sermonem.

361 4112 532 4168 Multa
575 4114 916 4183 posteriores
941 4114 1134 4169 Patres
1159 4114 1319 4168 fidem
1346 4114 1691 4170 declarantes
1712 4116 1939 4171 uberius

361 4202 725 4260 docuerunt:
766 4214 950 4260 tamen
1015 4220 1125 4260 non
1179 4204 1428 4264 additio.
1483 4203 1580 4260 sed
1645 4205 1940 4274 explicatio

362 4297 503 4351 facta
531 4307 637 4353 est.
660 4295 776 4354 Cur
817 4298 990 4367 igitur
1009 4298 1178 4352 etiam
1225 4296 1512 4352 catholicae
1546 4297 1808 4354 Ecclesia:
1835 4298 1940 4356 hoc

361 4390 508 4445 idem
543 4391 723 4448 facere
757 4407 867 4446 non
898 4390 1100 4446 licuit?
1133 4388 1396 4446 similiter
1425 4390 1816 4448 haereticorum
1859 4395 1942 4449 in-

363 4491 547 4539 stante
587 4481 921 4538 necessitate
942 4480 968 4534 ’ί

431 4755 731 4824 Quoniam,
762 4757 944 4828 inquit
973 4758 1247 4830 (aliquis),
1285 4769 1418 4815 tunc
1458 4758 1684 4830 quidem
1717 4759 1941 4828 licebat,

361 4857 553 4920 postea
580 4865 713 4906 vero
744 4865 870 4906 cum
903 4851 1063 4908 tertia
1101 4850 1350 4921 synodus
1387 4851 1561 4919 prima
1607 4835 1794 4918 fuerit,
1821 4868 1946 4924 quas

360 4957 581 4999 omnem
627 4939 967 4998 additioncm
1025 4941 1396 5013 prohibuerit,
1433 4943 1568 4998 nulli
1601 4943 1684 5000 fas
1735 4953 1822 5000 est
1848 4945 1946 5000 ad-

362 5036 518 5102 dere,
554 5051 624 5091 ne
658 5037 880 5108 quidem
907 5035 1084 5106 ipsam
1111 5035 1421 5091 veritatem.

434 5125 544 5183 Sed
575 5127 680 5183 ista
710 5127 852 5184 ratio
877 5127 1010 5182 falsa
1038 5138 1144 5194 est,
1170 5129 1395 5193 fratres,
1434 5143 1626 5184 revera
1645 5140 1701 5186 et
1723 5129 1940 5199 futilis;

361 5218 530 5290 legite
560 5219 606 5274 si
644 5218 832 5284 vultis,
871 5233 1038 5289 quam
1066 5221 1133 5274 de
1167 5218 1270 5275 hac
1299 5234 1362 5275 re
1385 5223 1803 5291 composuimus
1823 5238 1946 5277 ora-

361 5313 594 5379 tionem,
629 5310 684 5366 in
708 5327 816 5382 qua
848 5312 1158 5367 luculenter
1191 5313 1509 5369 continetur
1541 5314 1656 5370 haec
1695 5317 1942 5384 veritas;

362 5412 422 5460 et
465 5414 618 5461 certo
651 5405 788 5471 scio,
822 5404 969 5475 quod
1007 5403 1200 5459 eadem
1239 5404 1534 5462 nobiscum
1561 5408 1830 5464 sentietis.
1863 5408 1946 5464 0b

365 5497 487 5553 haec
543 5496 753 5566 igitur,
807 5496 1006 5551 fratres
1075 5504 1132 5550 et
1192 5503 1398 5566 patres,
1459 5497 1630 5552 nolite
1701 5498 1946 5552 :emulari

365 5589 787 5652 contendentes,
817 5603 994 5656 neque
1043 5601 1140 5643 eos
1189 5587 1620 5658 imitamini,qui
1666 5587 1771 5643 hoc
1801 5587 1941 5658 ipso,

367 5681 518 5750 quod
554 5696 683 5734 vera
699 5681 951 5750 dogmata
973 5689 1318 5750 Oppugnant,
1345 5680 1450 5736 sibi
1473 5681 1700 5752 gloriam
1726 5698 1948 5748 compa-

369 5786 497 5828 rare
527 5771 868 5842 opinantur;
899 5771 996 5826 sed
1026 5771 1384 5827 ltumiliantes
1413 5774 1781 5844 vosmetipsos
1811 5774 1943 5842 Deo,

371 5875 429 5924 et
469 5873 552 5922 tot
576 5864 722 5924 viros
747 5862 1185 5934 sapientissimos
1212 5878 1277 5919 ac
1305 5862 1588 5934 piissimus
1620 5875 1945 5923 consectan-

1915 5959 1952 5974 -η

2047 3286 2128 3352 ξίς
2153 3289 2269 3340 ἐστι
2299 3287 2394 3340 καὶ
2421 3287 2483 3340 οὐ
2510 3287 2821 3356 προσθήκη.
2847 3286 2908 3339 Ei
2947 3287 3003 3340 δὲ
3047 3288 3185 3357 μετὰ
3223 3288 3324 3352 τῆς
3363 3287 3629 3356 ἀληθείας

2037 3377 2299 3448 ἔστημεν,
2327 3381 2419 3432 καὶ
2445 3380 2511 3448 τῇ
2540 3378 2670 3450 δόξῃ
2693 3378 2802 3430 τῶν
2822 3378 3166 3432 διδασκάλων
3186 3380 3503 3448 συμϐαίνει,
3525 3383 3626 3450 φό-

2038 3470 2132 3523 ϐον
2169 3469 2372 3537 ἄφοϐον
2426 3471 2701 3540 δεδίαμεν,
2767 3471 2864 3523 καὶ
2905 3470 3323 3541 δεισιδαιμονίας
3359 3475 3560 3542 μᾶλλον
3583 3475 3620 3545 ἢ

2040 3561 2329 3625 εὐσεϐείας
2382 3562 2548 3633 ἔργον
2609 3563 2900 3631 ποιοῦμεν.
2960 3563 3137 3617 Πολλὰ
3191 3564 3534 3636 προσέθηκεν
3581 3567 3620 3637 ὴ

2041 3651 2272 3721 δευτέρα
2308 3652 2529 3717 σύνοδος
2587 3653 2664 3725 τῷ
2699 3654 2801 3723 τῆς
2829 3657 2888 3708 ὲν
2917 3654 3126 3727 Νικαίᾳ
3159 3656 3381 3710 συνόδου
3414 3656 3624 3725 συμϐό-

2043 3742 2121 3814 λῳ
2143 3759 2158 3774 °
2186 3747 2317 3816 περὶ
2371 3744 2482 3813 γὰρ
2515 3745 2612 3816 τῆς
2648 3745 2740 3798 τοῦ
2769 3746 2927 3814 ἁγίου
2962 3747 3281 3817 ΙΙνεύματος
3337 3748 3618 3818 θεότητος,

2046 3852 2112 3888 πε
2123 3835 2174 3905 pi
2192 3836 2289 3905 τῆς
2306 3835 2402 3904 τῆς
2419 3836 2750 3906 Ἐκκλησίας
2770 3836 3044 3906 ἐνότητος,
3065 3837 3192 3908 περὶ
3217 3836 3620 3908 βαπτίσματος,

2041 3927 2171 4000 περὶ
2200 3927 2489 3998 ἁμαρτιῶν
2517 3929 2790 3996 ἀφέσεως,
2826 3929 2957 3999 περὶ
2989 3929 3202 4000 νεκρῶν
3232 3930 3624 3997 ἀναστάσεως,

2039 4021 2170 4091 περὶ
2203 4019 2350 4090 ζωῆς
2378 4021 2624 4076 αἰωνίου.
2659 4019 2841 4074 Πολλά
2863 4036 2922 4073 τε
2956 4020 3051 4076 καὶ
3098 4021 3234 4075 ἄλλα
3263 4023 3509 4093 εἴρηκεν,
3543 4017 3627 4077 ὧν

2042 4115 2170 4184 περὶ
2210 4113 2426 4176 οὐδενὸς
2470 4115 2503 4183 ἡ
2541 4113 2734 4184 πρώτη
2787 4113 3010 4177 σύνοδος
3063 4114 3477 4184 ἁνεπτυγμένον
3525 4133 3630 4170 πε-

2043 4205 2269 4275 ποίηται
2297 4207 2482 4274 λόγον.
2515 4205 2696 4259 Πολλὰ
2739 4207 2788 4260 οί
2847 4208 2990 4276 μετὰ
3025 4206 3200 4260 ταῦτα
3257 4206 3501 4278 Πατσέρες
3522 4209 3628 4277 τὴν

2043 4297 2231 4351 πίστιν
2263 4296 2770 4368 ὲπεξεργαζόμενοι
2820 4297 3164 4368 πλατύτερον
3197 4298 3444 4363 ἐδίδαξαν
3467 4315 3482 4331 ο
3531 4298 3629 4351 καὶ

2044 4391 2195 4461 ὅμως
2222 4391 2285 4444 οὐ
2334 4389 2651 4462 προσθήκη,
2680 4389 2816 4443 ἀλλὰ
2861 4389 3166 4455 ἀνάπτυξις
3214 4392 3430 4459 γέγονε.
3472 4390 3630 4444 Διατί

2045 4484 2138 4540 οὖν
2192 4484 2269 4556 μὴ
2338 4487 2434 4538 xui.
2484 4489 2549 4553 τῇ
2613 4483 2878 4554 καθολικῇ
2923 4483 3224 4555 Ἐκκλησία
3255 4482 3420 4536 ταυτδ
3470 4482 3630 4536 τοῦτο

1974 4579 2020 4637 D
2049 4577 2274 4648 ποιῆσαι
2319 4575 2628 4646 ὲξεγένετο;
2678 4574 2884 4645 ὁμοίως
2948 4576 3245 4647 αἰρετικῶν
3323 4576 3630 4646 ἐπιστάσης

2047 4670 2300 4739 ἀνάγκης
2326 4684 2344 4736 ;

2109 4761 2254 4829 Ὅτι,
2289 4760 2444 4832 φησὶ,
2479 4759 2601 4814 τότε
2650 4759 2750 4829 μὲν
2773 4760 2922 4830 ἐξῆν,
2957 4761 3259 4831 μετέπειτα
3287 4760 3343 4814 δὲ
3381 4762 3483 4832 τῆς
3510 4763 3631 4833 τρί-

2044 4870 2146 4923 της
2200 4852 2420 4906 συνόδου
2457 4851 2685 4923 πρώτης
2745 4854 2931 4906 πᾶταν
2996 4854 3324 4924 κωλυσάσης
3383 4857 3632 4925 προσθή-

2047 4962 2174 5017 κην,
2206 4944 2304 4998 οὐκ
2331 4944 2543 5012 ἔξεστιν
2571 4944 2749 5000 οὐδενὶ
2789 4945 3138 5015 προσθείναι,
3171 4946 3282 4999 οὐδ’
3317 4947 3491 5018 αὐτὴν
3523 4949 3632 5018 τὴν

2045 5038 2325 5107 ἀλήθειαν.

2131 5130 2293 5185 Ἀλλὰ
2324 5129 2526 5201 ψευδὴς
2555 5127 2710 5194 οὗτος
2734 5132 2762 5184 ὁ
2789 5129 2970 5199 λόγος,
2999 5130 3244 5200 ἀδελφοὶ,
3276 5133 3372 5186 καὶ
3405 5133 3483 5204 τῷ
3511 5133 3629 5188 δντι

2052 5223 2236 5295 μωρός
2271 5239 2330 5276 τε
2383 5222 2477 5274 καὶ
2541 5222 2795 5292 μάταιος.
2839 5223 3172 5291 ’Δνάγνωτε,
3235 5226 3283 5278 εί
3342 5224 3627 5295 βούλεσθε,

2047 5317 2141 5369 τὸν
2177 5315 2306 5386 περὶ
2331 5313 2526 5368 τούτου
2566 5315 3069 5385 συγγεγραμμένον
3113 5308 3246 5386 ἡμίν
3277 5316 3458 5386 λόγον,
3491 5321 3550 5371 ὲν
3580 5310 3629 5386 ᾧ

2049 5407 2351 5478 διαρρήδην
2400 5408 2433 5476 ἡ
2473 5406 2699 5478 τοιαύτη
2747 5406 2998 5477 ἀλήθεια,
3030 5408 3128 5462 καὶ
3159 5409 3337 5464 ταυτα
3369 5411 3525 5480 ἡμίν,
3563 5402 3628 5466 εὖ

2049 5493 2188 5565 οῖδα,
2228 5501 2311 5552 ὅτι
2360 5500 2686 5570 φρονήσετε.
2726 5500 2828 5554 Διά
2868 5499 3048 5556 ταῦτα
3097 5499 3214 5567 οὖν,
3266 5503 3489 5574 ἀδελφοὶ
3531 5505 3632 5558 καὶ

2051 5591 2309 5663 πατέρες,
2371 5594 2446 5660 μὴ
2511 5591 2741 5662 ζηλοῦτε
2787 5597 2914 5654 τοὺς
2985 5595 3296 5665 ἐρίζοντας,
3365 5597 3440 5667 μὴ
3499 5598 3632 5660 τοὺς

2051 5685 2226 5754 τούτῳ
2281 5685 2496 5747 ἑαυτοῖς
2525 5684 2694 5753 δόξανῖ
2725 5687 3138 5755 περιποιεῖσθαι
3185 5689 3490 5758 οίομένους,
3549 5691 3632 5760 τῷ

2050 5778 2165 5838 τοῖς
2213 5774 2437 5846 ἀληθέσι
2503 5776 2740 5844 δόγμασι
2797 5778 3096 5847 μάχεσθαι,
3135 5780 3418 5850 μιμεῖσθε.
3464 5782 3632 5836 Ἀλλὰ

2051 5866 2484 5932 ταπεινώσαντες
2515 5867 2745 5933 ἑαυτοὺς
2778 5867 2857 5940 τῷ
2909 5869 3029 5942 Θεῷ
3065 5875 3157 5926 καὶ
3209 5875 3485 5939 τοσούτοις
3533 5877 3627 5928 ἁν-
