3990 6212
303 396 414 466 465

1457 405 1888 468 ENCYCLICA
1947 406 2048 465 AD
2083 407 2420 469 GRAECOS.

3468 401 3571 462 4Γ6

305 519 460 586 δράσι
529 518 867 584 σοφωτάτοις
926 535 1010 585 τε,
1065 519 1159 572 καὶ
1215 519 1653 584 εὐλαϐεστάτοις.
1711 521 1803 586 οὓς
1861 525 1893 592 ἠ

2008 532 2109 589 tes,
2141 540 2283 593 quos
2315 523 2562 578 Romana
2599 519 2834 576 Ecclesia
2861 517 3056 582 tttttrit,
3093 515 3241 571 illius
3269 514 3574 569 doctrinam

317 608 609 678 Ῥωμαῖκὴ
657 607 955 676 Ἐκκλησία
1009 610 1226 680 τρίψει,
1259 611 1541 681 ἑπόμενοι,
1591 613 1690 682 τήν
1722 631 1780 666 τε
1814 613 1892 665 δι-

306 701 608 756 δασκαλίαν
657 703 753 755 καὶ
781 700 967 755 πίστιν
999 703 1218 772 ὲκείνης
1266 703 1626 772 ὑποδέξασθε.
1697 706 1804 758 Τόν
1829 722 1888 756 τε

309 794 574 861 ἀρχιερέα
607 794 701 847 καὶ
736 795 972 863 ποιμένα
1019 796 1194 864 αὐτῆς
1225 796 1325 865 τῆς
1364 798 1694 867 Ἐκκλησίας
1721 815 1889 864 κεφα-

297 885 408 953 ’λήν
433 903 493 938 τε
562 887 658 941 καὶ
718 885 982 956 ἄρχοντα,
1015 889 1112 942 καὶ
1161 889 1260 957 τῆς
1311 890 1551 952 πίστεως
1597 890 1791 958 ὁδηγόν
1829 906 1888 941 τε

311 978 407 1030 καὶ
437 978 764 1030 διδάσκαλον
793 977 1161 1048 ἡγησάμενοι,
1198 979 1425 1032 σέϐεσθὲ
1459 997 1518 1032 τε
1574 978 1760 1044 αὑτὸν,
1796 977 1890 1032 καὶ

311 1069 604 1140 ἡγουμένῳ
623 1069 721 1139 τὴν
757 1071 896 1141 πρὸς
920 1071 1066 1141 ζωὴν
1099 1069 1321 1126 αίὼνιον
1362 1072 1635 1141 φέρουσαν
1665 1071 1885 1124 ἔπεσθε.

311 1156 463 1214 Εῐναι
495 1162 607 1234 γάρ
639 1160 704 1230 δὴ
736 1161 1016 1215 καὶτοῦτο
1053 1157 1113 1216 εὖ
1145 1163 1260 1216 ῐστε
1299 1161 1409 1214 τῶν
1441 1163 1888 1230 ἀναγκαιοτάτων

314 1252 449 1323 πρὸς
485 1252 787 1320 σωτηρίαν,
845 1252 938 1304 τδν
969 1253 1208 1323 ποιμένα
1268 1252 1465 1307 εἰδέναι
1520 1254 1614 1304 τὸν
1666 1251 1886 1315 ἑαυτοῦ,

313 1343 705 1412 ἐπιγινώσκειν
755 1343 856 1411 τὴν
917 1344 1164 1414 κεφαλὴν
1225 1344 1320 1398 τοῦ
1374 1343 1747 1413 πληρώματος
1777 1342 1887 1395 τῶν

311 1437 542 1503 πιστῶν,
578 1437 669 1489 τὸν
726 1435 922 1490 ἑαυτοῦ
969 1437 1212 1505 ἡγεμόνα
1271 1438 1368 1489 καὶ
1417 1435 1737 1504 γνωρίζειν,
1793 1435 1890 1487 καὶ

314 1530 599 1587 σέϐεσθαι.
628 1532 806 1586 Ὅπου
839 1531 948 1602 γάρ
972 1533 1072 1585 οὐκ
1103 1532 1310 1602 ἄρχων,
1344 1533 1464 1584 ἐκεῖ
1484 1531 1682 1598 ἀταξία
1703 1549 1718 1562 ·
1751 1531 1886 1584 ὃπου

309 1621 369 1674 δὲ
399 1622 622 1688 ἀταξία,
654 1624 769 1676 ἐκεῖ
805 1622 981 1687 λύσις,
1021 1623 1324 1692 Γρηγόριος
1346 1625 1372 1676 ὁ
1394 1622 1659 1690 Θεολόγος
1695 1621 1882 1692 φησίν.

310 1716 440 1769 Eis:
481 1716 591 1784 γὰρ
615 1717 708 1768 ἐπὶ
737 1715 918 1782 θείων,
951 1715 1052 1768 εἰτ’
1099 1715 1194 1767 ἐπὶ
1224 1715 1587 1784 ἀνθρωπίνων
1619 1716 1886 1784 πραγμά-

307 1825 419 1860 των
459 1810 684 1862 σκοπεῖν
735 1809 994 1870 ἐθέλοιτε,
1032 1807 1280 1874 ἀδελφοὶ,
1315 1809 1581 1875 εὑρήσετε
1624 1809 1757 1875 μίαν
1778 1809 1887 1860 δεῖν

308 1894 453 1952 εἶναι
486 1902 587 1967 τὴν
632 1897 739 1952 τῶν
771 1900 988 1953 πάντων
1042 1897 1236 1968 ἀρχὴν,
1288 1897 1383 1950 καλ⁴
1415 1897 1592 1960 ἄλλως
1643 1897 1720 1966 μὴ
1749 1893 1890 1950 εἶναι

308 1983 368 2041 εὖ
405 1987 730 2040 διοικεῖσθαι
766 1986 835 2040 τά
871 1985 1024 2042 ὅντα.
1063 1986 1299 2050 Αὐτίκα,
1331 1987 1427 2038 ἐπὶ
1461 1986 1560 2053 μὲν
1587 1987 1699 2039 τῶν
1722 1985 1890 2040 θείων

312 2081 346 2149 ἡ
382 2079 484 2145 μὲν
517 2078 724 2149 ἀληθὴς
747 2077 858 2131 τῶν
887 2077 1238 2147 Χριστιανῶν
1265 2077 1519 2145 θεολογία
1549 2078 1648 2130 ἕνα
1681 2077 1773 2130 τδν
1800 2078 1893 2130 ἐπὶ

301 2177 530 2226 ,πάντων
547 2171 793 2225 διδάσκει
821 2166 962 2223 εἶναι
1003 2169 1160 2232 Θεὸν,
1190 2170 1286 2223 καὶ
1315 2170 1437 2222 ἐπεὶ
1469 2171 1526 2221 ὲν
1546 2170 1724 2238 τρισὶν
1745 2168 1894 2222 ἐστὶν

310 2258 468 2328 οὗτος
526 2264 920 2328 ύποστάσεσιν,
971 2263 1060 2316 τνα
1115 2262 1213 2331 τὴν
1264 2261 1496 2329 ἑνότητα
1529 2260 1741 2330 φυλάξῃ
1789 2259 1892 2327 τῆς

317 2357 492 2424 αὐτῆς
525 2373 584 2408 τε
624 2355 722 2409 καὶ
755 2355 897 2407 κατὰ
930 2354 1110 2409 πάντα
1174 2353 1373 2419 ὁμοίας
1427 2353 1643 2413 οὐσίας,
1677 2353 1745 2404 τὰ
1776 2351 1893 2403 θεῖα

312 2449 496 2504 ικεῖνα
521 2447 730 2501 τίθεται
753 2447 1021 2517 πρόσωπα
1049 2460 1064 2476 ο
1103 2446 1135 2516 ἠ
1166 2444 1222 2498 δὲ
1243 2446 1352 2499 τῶν
1373 2445 1542 2498 ἐθνῶν
1564 2445 1627 2496 ἐκ
1661 2443 1768 2496 τῶν
1803 2443 1892 2494 αί-

313 2540 535 2610 σθητῶν
554 2540 618 2609 δὴ
636 2538 840 2593 τούτων
869 2537 1176 2608 είλημμένη
1197 2537 1419 2604 γνῶσις,
1449 2540 1543 2590 καὶ
1565 2535 1702 2604 αὑτὴ
1725 2535 1894 2587 ταυτὸ

313 2631 473 2686 τοῦτο
518 2631 789 2699 ὁμολογεῖ.
833 2630 894 2682 Ὀ
928 2631 1025 2698 μὲν
1075 2630 1185 2698 γάρ
1213 2646 1295 2690 τις
1345 2627 1454 2682 τῶν
1517 2627 1651 2696 παρ’
1709 2627 1894 2688 αὐτοῖς

313 2724 671 2778 κλεινοτάτων
695 2722 753 2775 ἓν
781 2722 839 2775 τὸ
867 2721 1085 2791 πρῶτον
1116 2722 1308 2786 αἴτιον,
1339 2719 1398 2771 ἓν
1427 2719 1487 2771 τδ
1511 2719 1734 2772 πάντων
1785 2717 1895 2770 τῶν

311 2819 486 2872 ὄντων
511 2816 881 2870 ύποστατικόν
908 2813 1144 2877 τίθεται,
1178 2813 1283 2867 κᾶν
1313 2812 1543 2874 πολλοὺς
1571 2811 1688 2881 μετ’
1721 2813 1896 2864 ἐκεῖνο

312 2912 600 2980 ὀντὸτητος
635 2911 831 2980 εἰσάγῃ
865 2907 1130 2976 Ξαθμοὺς,
1171 2907 1299 2974 μίαν
1337 2904 1536 2973 ἀρχὴν,
1573 2903 1669 2956 καὶ
1696 2903 1896 2965 πολλὰς

312 3001 513 3068 ἀρχὰς,
551 2997 657 3050 ὑπὸ
708 2997 807 3066 τὴν
842 2996 1070 3065 πρώτην
1117 3011 1179 3062 γε
1233 2995 1384 3062 ὅμως
1431 2990 1594 3053 οὔσας
1634 2990 1893 3058 δοξάζων.

331 3092 390 3144 '0
416 3091 476 3144 δέ
504 3107 590 3153 τις
617 3089 784 3142 ταυτί)
819 3089 913 3141 καὶ
941 3087 1124 3153 αὐτὸς,
1155 3085 1244 3140 διὰ
1305 3084 1516 3138 πολλῶν
1565 3083 1760 3151 λόγων,
1795 3078 1896 3135 εἷθ’

315 3181 511 3248 ῶσπερ
552 3179 1084 3247 συμπεραινόμενος,
1136 3175 1232 3227 ὑπ’
1273 3174 1434 3227 ἄλλου
1485 3190 1580 3226 του
1624 3172 1733 3224 τῶν
1761 3171 1895 3225 πολὺ

320 3274 429 3344 πρὸ
484 3269 654 3327 αὐτοῦ
710 3269 992 3335 τὸνλόγον
1044 3268 1458 3334 δανεισάμενος,
1494 3265 1609 3319 υύκ
1665 3263 1892 3331 ἀγαθον,

320 3369 483 3438 φησι,
515 3364 933 3435 πολυκοιρανίη.
965 3357 1058 3426 Εἷς
1104 3362 1358 3432 κοίρανος
1405 3360 1568 3419 ἔστω,
1615 3355 1692 3421 εἷς
1739 3358 1893 3426 βασι-

317 3461 470 3522 λεύς.
501 3459 578 3512 Οὐ
626 3457 734 3526 γὰρ
768 3455 934 3519 θέλει,
970 3453 1126 3524 φησι,
1172 3453 1241 3506 τὰ
1274 3452 1404 3505 ὅντα
1450 3451 1635 3513 κακῶς
1679 3450 1896 3502 διοικετο

317 3555 468 3612 σθαι,
497 3551 572 3612 ὡς
605 3549 670 3619 δὴ
701 3547 887 3610 κακῶς
907 3543 1265 3615 διοικούμενα
1299 3544 1386 3609 ἂν,
1419 3544 1468 3595 εί
1500 3543 1576 3614 μὴ
1596 3543 1692 3595 ἕνα
1721 3541 1895 3612 ἔχοιεν

309 3646 410 3697 τὸν
443 3643 759 3711 ἐπιστάτην.

390 3737 528 3804 Περὶ
577 3733 633 3786 δέ
663 3750 726 3800 γε
788 3732 897 3785 τῶν
947 3731 1309 3803 ἀνθρωπίνων
1339 3749 1398 3785 τε
1455 3729 1552 3784 κοιλ⁸
1604 3729 1895 3783 πολιτικῶν

307 3831 662 3895 διοικήσεων,
719 3826 813 3880 καὶ
867 3825 1033 3878 αὐτοῦ
1098 3824 1194 3878 τοῦ
1257 3823 1538 3878 πολιτικοῦ
1577 3822 1808 3891 ἀγαθοῦ,
1844 3823 1894 3876 οἱ

308 3917 477 3972 αὐτοί
507 3932 565 3968 τε
606 3917 702 3969 καὶ
754 3915 956 3978 πάντες
991 3917 1038 3968 οἱ
1095 3914 1267 3978 ἄλλοι,
1316 3917 1412 3967 καὶ
1477 3914 1582 3984 πρὸ
1629 3913 1812 3968 αὐτῶν
1867 3914 1895 3964 ὁ

307 4011 515 4078 Σωτὴρ
549 4008 708 4078 ἡμῶν
744 4007 954 4076 Ἰησοῦς
995 4007 1228 4076 Χριστὸς
1257 4006 1356 4076 τὴν
1385 4007 1524 4059 κατά
1555 4006 1755 4076 νόμους
1801 4023 1896 4075 μο-

307 4104 552 4172 ναρχίαν
613 4103 742 4170 περὶ
779 4100 1028 4162 πλείονος
1079 4099 1189 4152 τῶν
1225 4099 1401 4153 ἄλλων
1450 4101 1690 4151 ποιεῖται
1745 4099 1896 4151 πολι-

307 4196 503 4252 τειῶν.
532 4193 825 4276 δΑπόδοτε
847 4192 978 4262 γάρ,
1012 4193 1180 4262 φησιν
1217 4193 1444 4253 ἐκεῖνος,
1473 4192 1543 4245 τὰ
1589 4192 1895 4259 Καίσαρος

308 4289 600 4354 Καίσαρι,
627 4288 727 4340 καὶ
787 4285 858 4339 τὰ
909 4284 1016 4339 τοῦ
1049 4284 1198 4339 Θεοῦ
1232 4282 1314 4349 τῷ
1351 4282 1474 4348 Θεῷ
1496 4300 1510 4313 ·
1543 4283 1615 4347 ὡς
1641 4283 1759 4346 ἐνὸς
1795 4283 1894 4352 μὲν

309 4383 372 4434 ὲν
424 4378 678 4448 οὐρανοῖς
723 4377 880 4440 ὄντος
913 4375 1073 4441 Θεοῦ,
1109 4376 1226 4436 ἑνὸς
1255 4376 1312 4428 δὲ
1357 4378 1452 4429 καὶ
1485 4375 1758 4445 μονάρχου
1795 4374 1893 4427 τοῦ

309 4472 599 4539 Καίσαρος
635 4470 726 4522 ἐπὶ
764 4471 888 4536 γῆς.
923 4468 1046 4520 Τῶν
1088 4468 1145 4520 δέ
1179 4483 1240 4536 γε
1274 4468 1368 4519 τού
1403 4467 1614 4534 κόσμου
1649 4465 1830 4533 σοφῶν
1864 4467 1894 4518 δ

1997 625 2053 671 et
2088 616 2250 670 ﬁdem
2277 617 2566 686 suscipite,
2602 631 2664 669 ac
2692 612 3006 684 pontilieem
3034 621 3087 665 et
3109 617 3383 680 pastorem
3404 608 3579 677 ipsius

1997 705 2255 761 Ecclesiae
2292 718 2478 776 caput,
2511 717 2567 761 et
2613 705 2943 775 principem.
2991 711 3047 757 et
3080 701 3204 756 fidei
3258 700 3480 763 ducem,
3524 707 3581 750 et

1996 795 2284 850 doctorem
2315 811 2438 850 esse
2464 796 2868 856 existimantes,
2907 793 3089 862 ipsum
3120 789 3483 850 veneramini,
3524 796 3580 841 et

1996 889 2282 942 ductorem
2315 889 2552 951 itineris,
2589 888 2734 957 quod
2766 885 2918 940 ducit
2945 885 3010 938 ad
3041 885 3233 948 \zitam,
3258 880 3575 951 sequimini.

1996 981 2242 1050 Namque
2299 980 2407 1035 hoc
2455 982 2621 1034 etiam
2669 995 2793 1034 esse
2823 978 3194 1033 necessarium
3232 976 3296 1030 ad
3344 975 3576 1030 salutem

1996 1075 2203 1143 Optime
2235 1073 2412 1138 scitis,
2449 1089 2609 1128 nosse
2643 1072 2926 1143 proprium
2952 1082 3250 1137 pastorem,
3279 1083 3578 1139 agnoscere

1996 1176 2159 1233 caput
2215 1166 2595 1220 universitatis
2647 1165 2913 1226 ﬁdelium,
2961 1165 3244 1233 proprium
3303 1171 3575 1216 rectorem

1995 1266 2052 1309 et
2075 1266 2266 1310 notum
2302 1256 2526 1319 habere,
2558 1268 2614 1312 et
2644 1258 2852 1312 colere.
2892 1256 2991 1313 Ubi
3015 1257 3160 1310 enim
3182 1271 3289 1309 non
3322 1263 3404 1309 est
3427 1254 3578 1323 prin-

1995 1365 2145 1417 ceps.
2205 1350 2280 1404 ibi
2334 1366 2443 1404 non
2478 1360 2562 1405 est
2593 1351 2767 1414 ordo;
2801 1351 2891 1405 ubi
2931 1365 3036 1403 non
3069 1357 3153 1403 est
3195 1348 3352 1409 ordo,
3386 1347 3457 1400 ibi
3495 1353 3579 1399 est

1995 1440 2251 1495 confusio
2283 1458 2345 1496 ac
2369 1442 2684 1503 dissolutio,
2720 1443 2897 1509 inquit
2921 1441 3221 1512 Gregorius
3241 1439 3575 1507 Tlteologus;

1997 1535 2114 1588 sive
2140 1534 2287 1587 enim
2322 1539 2378 1588 in
2421 1533 2651 1594 divinis,
2687 1533 2800 1588 sive
2827 1534 2880 1587 in
2916 1533 3176 1587 humanis
3208 1531 3375 1584 rebus
3396 1529 3579 1584 consi-

1995 1627 2192 1682 derare
2226 1626 2542 1689 volueritis,
2591 1626 2886 1694 reperietis
2942 1641 3110 1680 unum
3161 1635 3416 1693 Oportere
3455 1636 3578 1677 esse

1995 1728 2322 1772 cunctorum
2377 1717 2736 1786 principium,
2785 1726 2844 1771 et
2880 1717 3038 1771 aliter
3093 1715 3209 1769 ﬁeri
3276 1731 3382 1768 non
3417 1727 3579 1783 posse

1997 1816 2056 1862 ιιι
2083 1823 2428 1879 quaecunque
2460 1825 2546 1863 res
2575 1819 2704 1863 sunt
2735 1817 2884 1864 recte
2908 1809 3300 1880 gubernentur.
3335 1809 3576 1861 Primum

1928 1877 1967 1930 Β
1997 1899 2146 1954 enim
2175 1901 2232 1954 in
2261 1900 2462 1954 divinis
2486 1916 2612 1954 vera
2628 1900 3073 1955 Christianorum
3107 1899 3375 1968 theologia
3409 1913 3577 1950 unum

1994 2007 2118 2048 esse
2155 1989 2322 2046 Deum
2352 2006 2523 2061 super
2543 1993 2727 2046 omnia
2753 1991 2934 2054 docet,
2968 1999 3019 2044 et
3039 1992 3297 2060 quoniam
3331 1989 3417 2044 hic
3435 1989 3580 2043 Dens

1997 2084 2052 2138 in
2082 2082 2268 2138 tribus
2296 2092 2382 2138 est
2411 2083 2825 2153 bypostasibus.
2860 2093 2920 2137 ut
2943 2085 3210 2139 unitatem
3229 2094 3404 2137 servet
3436 2081 3582 2150 ejus-

1995 2174 2119 2229 dem
2150 2190 2214 2230 ac
2267 2191 2364 2244 per
2392 2176 2577 2230 omnia
2627 2176 2827 2232 similis
2854 2177 3182 2232 substantia:
3214 2177 3336 2231 illas
3366 2176 3584 2230 divinas

1997 2281 2262 2334 personas
2293 2267 2468 2334 ponit,
2504 2275 2560 2320 et
2591 2267 2810 2322 statuit.
2846 2267 3149 2322 Gentilium
3183 2283 3312 2321 vero
3345 2283 3374 2321 a
3407 2267 3585 2320 sensi.

1997 2355 2204 2411 bilibus
2245 2355 2364 2410 istis
2403 2365 2620 2424 sumpta
2658 2357 2852 2412 notitia
2918 2369 2975 2410 et
3009 2358 3128 2426 ipsa
3160 2357 3263 2412 hoc
3308 2357 3452 2410 idem
3501 2357 3582 2408 fa-

1999 2457 2165 2502 tetur.
2201 2447 2338 2502 Nam
2377 2463 2518 2502 unus
2549 2447 2774 2518 quidem
2802 2449 2945 2518 apud
2979 2449 3129 2518 ipsos
3159 2449 3579 2509 celeberrimus,

1998 2555 2163 2594 unam
2206 2543 2440 2612 primam
2479 2556 2727 2604 causam,
2769 2556 2939 2594 unum
2973 2539 3218 2594 omnium
3257 2556 3438 2595 rerum
3484 2556 3583 2594 au-

1996 2642 2208 2688 ctorem
2247 2642 2305 2689 et
2336 2634 2684 2688 conditorem
2743 2634 2922 2703 ponit.
2957 2633 3219 2700 Quamvis
3266 2644 3389 2704 post
3429 2634 3582 2688 illum

1999 2725 2208 2780 multos
2252 2740 2462 2791 rerum,
2515 2741 2636 2794 qua:
2670 2737 2820 2785 sunt.
2866 2727 3070 2795 gradus
3118 2725 3581 2780 inducat:ununt

1997 2817 2331 2888 principium
2366 2828 2420 2872 et
2447 2818 2619 2871 multa
2651 2817 2943 2886 principia,
2967 2833 3088 2887 qua:
3110 2819 3584 2874 tamenexsistant

1998 2909 2256 2978 Opinatus
2287 2909 2391 2963 sub
2435 2910 2634 2978 primo.
2660 2911 2816 2962 Alter
2847 2926 2980 2965 vero
3013 2910 3156 2964 idem
3193 2911 3347 2980 ponit
3378 2920 3431 2964 et
3466 2911 3584 2978 ipse

1997 3000 2188 3054 multis
2216 3000 2566 3062 rationibus;
2599 2997 2798 3054 deinde
2835 3001 2992 3068 quasi
3024 3000 3364 3056 concludens
3383 3001 3450 3055 ab
3477 3002 3586 3054 alio

1999 3091 2262 3160 quodam,
2308 3089 2402 3160 qui
2442 3091 2676 3145 multum
2727 3107 2851 3146 eum
2885 3093 3209 3157 antecessit,
3250 3093 3582 3148 sententiam

2004 3189 2288 3234 mutuatus
2320 3193 2337 3230 :
2366 3181 2486 3234 Non
2522 3191 2626 3244 est,
2657 3179 2858 3248 inquit,
2891 3179 3033 3234 bona
3072 3181 3373 3235 multorum
3409 3181 3586 3235 donti-

2003 3275 2153 3326 natio
2185 3291 2200 3340 ;
2237 3289 2380 3328 unus
2409 3273 2672 3327 dominus
2718 3282 2860 3336 esto,
2912 3289 3053 3328 unus
3085 3291 3203 3328 rex.
3244 3274 3362 3329 Non
3407 3275 3581 3339 enim,

2004 3366 2210 3435 inquit,
2249 3375 2484 3436 possunt
2513 3367 2664 3420 entia
2699 3375 2848 3421 recte
2883 3365 3582 3423 administrari.Nimirum

2003 3459 2145 3511 male
2201 3457 2754 3522 administrarentur,
2803 3458 2907 3513 nisi
2936 3474 3078 3514 unus
3116 3459 3377 3515 omnibus
3407 3461 3586 3530 praeli-

2002 3561 2222 3607 οὕτω.οΐ

2075 3734 2149 3788 De
2181 3732 2436 3788 humanis
2462 3747 2593 3786 vero
2619 3739 2675 3786 et
2699 3730 2941 3802 politicis
2996 3729 3582 3784 administrationibus

2004 3827 2234 3896 ipsoque
2276 3824 2501 3894 politieo
2548 3824 2696 3878 bono
2744 3823 2912 3878 iidem
2963 3832 3239 3886 auctores,
3284 3831 3341 3876 et
3389 3837 3586 3877 omnes

2003 3919 2118 3985 alii,
2149 3929 2203 3973 et
2247 3928 2372 3971 ante
2419 3916 2568 3985 ipsos
2600 3915 2856 3969 Salvator
2897 3923 3089 3969 noster
3122 3913 3284 3970 Jesus
3333 3913 3588 3970 Christus

2004 4011 2180 4082 pluris
2205 4009 2356 4075 facit,
2387 4023 2548 4075 quam
2571 4007 2678 4061 alia
2710 4007 3000 4076 regimina,
3029 4006 3329 4076 legitimam
3366 4022 3588 4059 monar-

2002 4099 2448 4158 cltiam.Reddile
2489 4099 2659 4159 enim,
2707 4097 2885 4166 inquit
2936 4096 3042 4160 ille,
3074 4111 3192 4167 quae
3237 4105 3360 4149 sunt
3409 4095 3588 4150 (ἴωπε-

2004 4197 2077 4249 ris
2108 4193 2332 4257 Cmsari,
2361 4202 2408 4244 et
2455 4206 2572 4261 qua:
2619 4198 2740 4243 sunt
2787 4189 2880 4243 Dei
2913 4188 3040 4250 Dro,
3093 4198 3151 4242 ut
3207 4203 3317 4241 uno
3364 4187 3586 4256 quidem

2007 4290 2115 4344 Deo
2163 4288 2217 4341 in
2268 4287 2422 4342 cmlis
2477 4287 2797 4348 cxsistr-nte,
2830 4301 2939 4340 uno
2970 4301 3099 4338 vero
3126 4285 3339 4340 Caesare
3367 4300 3588 4338 monar-

2003 4383 2105 4439 cha
2129 4382 2426 4436 exsistente
2456 4379 2509 4432 in
2536 4380 2718 4434 terris.
2765 4378 2845 4432 Ex
2883 4378 3220 4447 sapientibus
3268 4393 3396 4431 vero
3422 4393 3586 4430 mun-

2004 4475 2182 4538 danis,
2231 4475 2324 4543 qui
2383 4473 2525 4543 apud
2571 4488 2668 4526 eos
2704 4471 2910 4541 primas
2940 4481 3121 4540 partes
3167 4471 3450 4538 sapientiae
3479 4471 3582 4524 ob-

312 4566 421 4635 μὲν
446 4563 518 4616 τὰ
557 4563 660 4631 τῆς
695 4559 889 4628 σοφίας
924 4561 1174 4628 πρωτεῖα
1225 4559 1358 4628 παρ’
1383 4559 1614 4621 ἐκείνοις
1646 4557 1893 4626 κατέχων

2004 4567 2175 4630 tinet,
2221 4565 2364 4619 hanc
2410 4565 2650 4634 speciem
2715 4563 2974 4632 imperii,
3017 4571 3074 4616 et
3135 4577 3302 4615 unum
3344 4562 3584 4628 aliquem

308 4657 480 4710 τοῦτο
522 4654 624 4719 τῆς
656 4653 833 4723 ἀρχῆς
862 4651 924 4705 τὸ
973 4648 1137 4714 εἶδος,
1174 4652 1270 4705 καὶ
1293 4651 1354 4704 τὸ
1378 4651 1472 4704 ἕνα
1515 4650 1638 4704 τινὰ
1673 4649 1899 4702 πάντων

313 4747 512 4817 ἄρχειν
539 4743 648 4798 τῶν
681 4744 856 4799 ἄλλων
881 4743 1224 4811 ὑπερέχοντα
1271 4742 1465 4812 ἀρετῇ,
1503 4740 1645 4811 ὑπὲρ
1674 4740 1774 4801 τὰς
1806 4737 1901 4791 ἄλ-

311 4839 416 4902 λας
444 4837 728 4899 πολιτείας
768 4836 940 4888 οἴεται
983 4828 1146 4887 εἶναι.
1185 4832 1304 4886 Κᾶν
1339 4833 1512 4902 αὐτὴν
1555 4832 1733 4894 εἴποις
1779 4831 1900 4900 ἀρι-

315 4927 674 5001 στοκρατίαν,
708 4927 777 4999 ἢν
810 4924 964 4995 παρὰ
995 4923 1133 4977 πολὺ
1186 4923 1296 4976 τῶν
1328 4923 1506 4979 ἄλλων
1531 4921 1777 4992 βελτίονα
1816 4922 1901 4975 τί·-

315 5023 496 5086 θεται,
522 5021 597 5082 ὡς
619 5019 953 5089 ὁμοιοτάτην
982 5035 1041 5072 τε
1064 5019 1134 5088 τῇ
1165 5014 1400 5088 ἀληθείᾳ
1420 5015 1617 5086 ἀρχὴν,
1644 5016 1739 5068 καὶ
1764 5013 1900 5068 πάν-

315 5133 430 5168 των
492 5113 797 5184 βελτίστην,
833 5113 937 5182 τήν
968 5127 1033 5179 γε
1083 5108 1344 5179 τοιαύτην
1395 5108 1646 5179 ἐκκρίνει
1675 5123 1736 5161 τε
1801 5107 1898 5162 καὶ

316 5205 548 5276 ἐξαίρει.
587 5205 657 5256 Ὀ
689 5204 736 5256 τ’
779 5203 992 5256 ικεὶνου
1021 5201 1302 5271 ἀκροατὴς
1341 5199 1526 5255 πάντα
1557 5201 1627 5254 τὰ
1652 5201 1762 5254 τῶν
1793 5216 1898 5254 πο-

317 5296 546 5350 λιτικῶν
583 5293 906 5364 ἐκθέμενος,
940 5292 1147 5362 ταύτην
1212 5292 1414 5360 μᾶλλον
1460 5291 1570 5346 τῶν
1600 5291 1780 5347 ἄλλων
1807 5293 1899 5347 δο-

242 5410 247 5418 ·
324 5388 576 5458 κιμάζει,
607 5386 1016 5457 παμϐασιλείαν
1055 5383 1226 5455 αὐτὴν
1263 5385 1575 5456 ὀνομάζων.

397 5481 509 5551 Τὴν
557 5481 628 5551 δὴ
687 5479 921 5550 ἀρίστην
971 5479 1179 5548 ταύτην
1210 5478 1306 5532 καὶ
1357 5478 1704 5549 τελεωτάτην
1739 5478 1800 5532 ἓν
1830 5494 1896 5548 γε

325 5572 434 5631 τοῖς
466 5572 648 5642 ῥέουσι
678 5571 888 5632 τούτοις
920 5570 1012 5621 καὶ
1041 5568 1217 5638 χαμαὶ
1261 5569 1537 5637 κειμένοις
1569 5569 1897 5638 πράγμασιν

325 5663 495 5727 οὓτως
524 5662 835 5730 ἀναγκαίαν
863 5656 1027 5714 οὖσαν
1060 5661 1118 5712 ὲν
1145 5661 1211 5729 τῇ
1252 5659 1364 5712 τῶν
1391 5659 1583 5730 ψυχῶν
1614 5661 1723 5713 τῶν
1757 5661 1898 5714 αἰω-

326 5753 477 5818 νίων,
512 5755 610 5808 καὶ
666 5754 761 5822 τῆς
793 5753 948 5822 ίερᾶς
989 5749 1084 5804 τοῦ
1133 5749 1271 5804 Θεοῦ
1306 5751 1639 5821 Ἐκκλησίας
1667 5754 1896 5805 ἐπιστασ-

341 5847 452 5910 aia,
487 5847 851 5917 ἐτιμάζομεν,
881 5844 1099 5914 ἀδελφοί
1127 5860 1140 5910 ;
1197 5842 1498 5914 Μηδαμῶς.
1540 5842 1804 5901 Ἐντὰὖθά
1838 5863 1894 5900 τε

2004 4658 2262 4712 Omnibus
2293 4657 2416 4710 aliis
2440 4659 2734 4726 imperare,
2764 4653 2859 4722 qui
2894 4652 3129 4707 excellat
3158 4653 3384 4716 virtute,
3418 4665 3587 4721 super

2001 4747 2106 4802 alia
2133 4746 2402 4816 regimina
2452 4753 2642 4800 censet
2682 4759 2829 4805 esse,
2862 4741 3009 4812 quod
3043 4742 3208 4795 etiam
3259 4741 3412 4795 dicas
3440 4740 3588 4810 opti-

2002 4853 2152 4894 mttm
2183 4837 2580 4908 principatum,
2611 4850 2774 4906 quem
2809 4834 2968 4904 longe
2999 4833 3441 4904 prestantiorem
3463 4833 3586 4887 aliis

2001 4928 2217 4991 statuit,
2276 4937 2535 4996 tanquam
2575 4925 2921 4995 simillimum
2963 4923 3184 4978 veritati
3239 4921 3483 4992 (divinae)
3532 4931 3589 4976 et

2000 5017 2244 5072 omnium
2277 5017 2566 5086 optimum.
2595 5014 2756 5070 Hunc
2782 5014 2944 5070 talem
2996 5015 3220 5084 praefert
3245 5014 3368 5068 aliis
3397 5023 3453 5068 et
3493 5027 3590 5066 ex-

2002 5108 2167 5163 tollit.
2203 5108 2338 5178 Ejus
2378 5123 2508 5164 vero
2541 5107 2769 5162 auditor
2796 5122 2992 5161 omnes
3036 5106 3259 5177 politias
3303 5121 3589 5176 exponens

2001 5199 2148 5255 hanc
2196 5200 2371 5270 magis
2409 5215 2574 5270 quam
2611 5201 2749 5255 alias
2804 5200 3096 5273 approbat,
3138 5214 3261 5255 eam
3307 5199 3591 5270 appellans

2001 5306 2270 5348 summam
2301 5292 2505 5361 regiaru
2541 5300 2893 5362 potestatem.

2069 5478 2225 5533 Hanc
2276 5477 2444 5548 igitur
2498 5479 2762 5549 optimam
2808 5488 2865 5534 et
2920 5479 3414 5549 absolutissimam,
3462 5501 3587 5555 quae

2000 5568 2140 5623 adeo
2165 5568 2218 5624 in
2245 5568 2330 5623 his
2363 5568 2526 5622 ﬂuxis
2573 5579 2628 5625 et
2652 5569 2879 5626 caducis
2914 5571 3080 5627 rebus
3122 5575 3433 5630 necessaria
3475 5587 3580 5638 est,

2001 5664 2054 5717 in
2113 5663 2280 5718 rebus
2319 5665 2540 5718 aeternis
2589 5666 2923 5731 animorum,
2971 5676 3026 5722 et
3069 5682 3434 5726 sacrosancta:
3485 5671 3581 5726 Dei

1998 5754 2255 5810 Ecclesiae
2279 5754 2620 5824 principatus
2644 5756 3122 5815 administratione
3141 5763 3575 5827 contemnimus,

2000 5849 2237 5905 fratres?
2261 5849 2422 5904 absit.
2465 5849 2561 5904 llic
2590 5849 2737 5906 enim
2778 5853 2951 5926 magis
2981 5855 3327 5912 necessarius
3355 5863 3440 5910 est
3474 5853 3571 5908 bo-
