  <div class='ocr_page' id='page_1' title='image "/cluster/home/n/w/nwhite01/storage/ocr_20150623/161/hvd.32044073502700/354.png"; bbox 0 0 3990 6212; ppageno 0'>
   <div class='ocr_carea' id='block_1_1' title="bbox 334 352 438 419">
    <p class='ocr_par' dir='ltr' id='par_1_1' title="bbox 334 352 438 419">
     <span class='ocr_line' id='line_1_1' title="bbox 334 352 438 419; baseline 0.038 -4"><span class='ocrx_word' id='word_1_1' title='bbox 334 352 438 419; x_wconf 63' lang='grc'><strong>481</strong></span> 
     </span>
    </p>
   </div>
   <div class='ocr_carea' id='block_1_2' title="bbox 1500 339 2440 406">
    <p class='ocr_par' dir='ltr' id='par_1_2' title="bbox 1500 339 2440 406">
     <span class='ocr_line' id='line_1_2' title="bbox 1500 339 2440 406; baseline -0.004 -2"><span class='ocrx_word' id='word_1_2' title='bbox 1500 339 1921 406; x_wconf 82' lang='lat' dir='ltr'><strong>ENCYCLlCA</strong></span> <span class='ocrx_word' id='word_1_3' title='bbox 1960 342 2057 402; x_wconf 80' lang='lat' dir='ltr'><strong>AD</strong></span> <span class='ocrx_word' id='word_1_4' title='bbox 2097 342 2141 401; x_wconf 87' lang='lat' dir='ltr'>G</span> <span class='ocrx_word' id='word_1_5' title='bbox 2157 342 2440 403; x_wconf 67' lang='lat' dir='ltr'><strong>RJECOS.</strong></span> 
     </span>
    </p>
   </div>
   <div class='ocr_carea' id='block_1_3' title="bbox 3487 328 3596 392">
    <p class='ocr_par' dir='ltr' id='par_1_3' title="bbox 3487 328 3596 392">
     <span class='ocr_line' id='line_1_3' title="bbox 3487 328 3596 392; baseline -0.028 0"><span class='ocrx_word' id='word_1_6' title='bbox 3487 328 3596 392; x_wconf 66' lang='grc'><strong>482</strong></span> 
     </span>
    </p>
   </div>
   <div class='ocr_carea' id='block_1_4' title="bbox 451 464 3489 553">
    <p class='ocr_par' dir='ltr' id='par_1_4' title="bbox 451 464 3489 553">
     <span class='ocr_line' id='line_1_4' title="bbox 451 464 3489 553; baseline -0.009 1"><span class='ocrx_word' id='word_1_7' title='bbox 451 486 961 553; x_wconf 72' lang='lat' dir='ltr'><strong>SUPERIOREM</strong></span> <span class='ocrx_word' id='word_1_8' title='bbox 1006 466 1856 546; x_wconf 60' lang='lat' dir='ltr'><strong>EPISTOLAM&#39;IPSEMET</strong></span> <span class='ocrx_word' id='word_1_9' title='bbox 1900 478 2343 541; x_wconf 79' lang='lat' dir='ltr'><strong>BESSARION</strong></span> <span class='ocrx_word' id='word_1_10' title='bbox 2382 477 2432 539; x_wconf 85' lang='lat' dir='ltr'><strong>E</strong></span> <span class='ocrx_word' id='word_1_11' title='bbox 2472 472 2766 537; x_wconf 70' lang='lat' dir='ltr'><strong>GRECA</strong></span> <span class='ocrx_word' id='word_1_12' title='bbox 2810 468 3178 533; x_wconf 72' lang='lat' dir='ltr'><strong>LATINAM</strong></span> <span class='ocrx_word' id='word_1_13' title='bbox 3225 464 3489 539; x_wconf 79' lang='lat' dir='ltr'><strong>FECIT,</strong></span> 
     </span>
    </p>
   </div>
   <div class='ocr_carea' id='block_1_5' title="bbox 753 577 3178 667">
    <p class='ocr_par' dir='ltr' id='par_1_5' title="bbox 753 577 3178 667">
     <span class='ocr_line' id='line_1_5' title="bbox 753 577 3178 667; baseline -0.007 -13"><span class='ocrx_word' id='word_1_14' title='bbox 753 591 987 667; x_wconf 85' lang='lat' dir='ltr'><strong>QUAM</strong></span> <span class='ocrx_word' id='word_1_15' title='bbox 1031 586 1187 649; x_wconf 83' lang='lat' dir='ltr'><strong>NOS</strong></span> <span class='ocrx_word' id='word_1_16' title='bbox 1220 584 1523 648; x_wconf 82' lang='lat' dir='ltr'><strong>POSTEA</strong></span> <span class='ocrx_word' id='word_1_17' title='bbox 1571 581 2012 644; x_wconf 79' lang='lat' dir='ltr'><strong>REPERTAM</strong></span> <span class='ocrx_word' id='word_1_18' title='bbox 2060 578 2650 644; x_wconf 62' lang='lat' dir='ltr'><strong>lllPRlMENDAM</strong></span> <span class='ocrx_word' id='word_1_19' title='bbox 2694 577 3178 641; x_wconf 71' lang='lat' dir='ltr'><strong>CURAVIMUS.</strong></span> 
     </span>
    </p>
   </div>
   <div class='ocr_carea' id='block_1_6' title="bbox 347 722 3605 807">
    <p class='ocr_par' dir='ltr' id='par_1_6' title="bbox 347 722 3605 807">
     <span class='ocr_line' id='line_1_6' title="bbox 347 722 3605 807; baseline -0.01 -1"><span class='ocrx_word' id='word_1_20' title='bbox 347 743 766 807; x_wconf 63' lang='lat' dir='ltr'><strong>ltESSAl‘leN,</strong></span> <span class='ocrx_word' id='word_1_21' title='bbox 807 739 993 797; x_wconf 89' lang='lat' dir='ltr'><strong>divina</strong></span> <span class='ocrx_word' id='word_1_22' title='bbox 1027 732 1381 794; x_wconf 98' lang='lat' dir='ltr'><strong>miseratione</strong></span> <span class='ocrx_word' id='word_1_23' title='bbox 1418 737 1729 802; x_wconf 53' lang='lat' dir='ltr'><strong>sanctasque</strong></span> <span class='ocrx_word' id='word_1_24' title='bbox 1767 726 1926 783; x_wconf 74' lang='lat' dir='ltr'><strong>Sedis</strong></span> <span class='ocrx_word' id='word_1_25' title='bbox 1957 737 1998 790; x_wconf 74' lang='grc' dir='ltr'>Α</span> <span class='ocrx_word' id='word_1_26' title='bbox 2030 729 2228 799; x_wconf 65' lang='lat' dir='ltr'><strong>potuit.</strong></span> <span class='ocrx_word' id='word_1_27' title='bbox 2265 738 2323 783; x_wconf 88' lang='lat' dir='ltr'><strong>ut</strong></span> <span class='ocrx_word' id='word_1_28' title='bbox 2351 727 2656 783; x_wconf 83' lang='lat' dir='ltr'><strong>moralibus</strong></span> <span class='ocrx_word' id='word_1_29' title='bbox 2691 725 2994 780; x_wconf 84' lang='lat' dir='ltr'><strong>virtutibus</strong></span> <span class='ocrx_word' id='word_1_30' title='bbox 3023 722 3262 795; x_wconf 70' lang='lat' dir='ltr'><strong>prrediti,</strong></span> <span class='ocrx_word' id='word_1_31' title='bbox 3293 731 3350 779; x_wconf 88' lang='lat' dir='ltr'><strong>et</strong></span> <span class='ocrx_word' id='word_1_32' title='bbox 3383 722 3605 793; x_wconf 86' lang='lat' dir='ltr'><strong>sapien-</strong></span> 
     </span>
    </p>
   </div>
   <div class='ocr_carea' id='block_1_7' title="bbox 418 818 1927 913">
    <p class='ocr_par' dir='ltr' id='par_1_7' title="bbox 418 818 1927 913">
     <span class='ocr_line' id='line_1_7' title="bbox 418 818 1927 913; baseline -0.018 -14"><span class='ocrx_word' id='word_1_33' title='bbox 418 838 750 913; x_wconf 78' lang='lat' dir='ltr'><strong>Apostolicae</strong></span> <span class='ocrx_word' id='word_1_34' title='bbox 794 833 993 904; x_wconf 87' lang='lat' dir='ltr'><strong>gratia,</strong></span> <span class='ocrx_word' id='word_1_35' title='bbox 1036 837 1402 884; x_wconf 72' lang='lat' dir='ltr'><strong>sacrosanetze</strong></span> <span class='ocrx_word' id='word_1_36' title='bbox 1437 825 1698 880; x_wconf 78' lang='lat' dir='ltr'><strong>Romanae</strong></span> <span class='ocrx_word' id='word_1_37' title='bbox 1738 818 1927 876; x_wconf 81' lang='lat' dir='ltr'><strong>Eccle-</strong></span> 
     </span>
    </p>
   </div>
   <div class='ocr_carea' id='block_1_8' title="bbox 421 916 1925 995">
    <p class='ocr_par' dir='ltr' id='par_1_8' title="bbox 421 916 1925 995">
     <span class='ocr_line' id='line_1_8' title="bbox 421 916 1925 995; baseline -0.014 -7"><span class='ocrx_word' id='word_1_38' title='bbox 421 935 517 995; x_wconf 74' lang='lat' dir='ltr'><strong>siae</strong></span> <span class='ocrx_word' id='word_1_39' title='bbox 548 928 872 988; x_wconf 86' lang='lat' dir='ltr'><strong>cardinalis,</strong></span> <span class='ocrx_word' id='word_1_40' title='bbox 901 924 1218 993; x_wconf 79' lang='lat' dir='ltr'><strong>patriarcha</strong></span> <span class='ocrx_word' id='word_1_41' title='bbox 1248 916 1925 986; x_wconf 79' lang='lat' dir='ltr'><strong>Constantinopolitanus.</strong></span> 
     </span>
    </p>
   </div>
   <div class='ocr_carea' id='block_1_9' title="bbox 423 1008 1931 1082">
    <p class='ocr_par' dir='ltr' id='par_1_9' title="bbox 423 1008 1931 1082">
     <span class='ocr_line' id='line_1_9' title="bbox 423 1008 1931 1082; baseline -0.016 0"><span class='ocrx_word' id='word_1_42' title='bbox 423 1027 649 1082; x_wconf 88' lang='lat' dir='ltr'><strong>Dilectis</strong></span> <span class='ocrx_word' id='word_1_43' title='bbox 701 1023 756 1076; x_wconf 91' lang='lat' dir='ltr'><strong>in</strong></span> <span class='ocrx_word' id='word_1_44' title='bbox 804 1019 1028 1074; x_wconf 79' lang='lat' dir='ltr'><strong>Christo</strong></span> <span class='ocrx_word' id='word_1_45' title='bbox 1068 1014 1341 1070; x_wconf 88' lang='lat' dir='ltr'><strong>fratribus</strong></span> <span class='ocrx_word' id='word_1_46' title='bbox 1387 1022 1443 1067; x_wconf 90' lang='lat' dir='ltr'><strong>et</strong></span> <span class='ocrx_word' id='word_1_47' title='bbox 1480 1012 1612 1065; x_wconf 91' lang='lat' dir='ltr'><strong>ﬁliis</strong></span> <span class='ocrx_word' id='word_1_48' title='bbox 1657 1008 1931 1078; x_wconf 83' lang='lat' dir='ltr'><strong>archiepi-</strong></span> 
     </span>
    </p>
   </div>
   <div class='ocr_carea' id='block_1_10' title="bbox 421 1102 1930 1188">
    <p class='ocr_par' dir='ltr' id='par_1_10' title="bbox 421 1102 1930 1188">
     <span class='ocr_line' id='line_1_10' title="bbox 421 1102 1930 1188; baseline -0.017 -12"><span class='ocrx_word' id='word_1_49' title='bbox 421 1118 629 1188; x_wconf 86' lang='lat' dir='ltr'><strong>scopis,</strong></span> <span class='ocrx_word' id='word_1_50' title='bbox 662 1110 963 1184; x_wconf 85' lang='lat' dir='ltr'><strong>episcopis.</strong></span> <span class='ocrx_word' id='word_1_51' title='bbox 1016 1104 1380 1178; x_wconf 82' lang='lat' dir='ltr'><strong>presbyteris.</strong></span> <span class='ocrx_word' id='word_1_52' title='bbox 1426 1102 1740 1166; x_wconf 83' lang='lat' dir='ltr'><strong>monachis,</strong></span> <span class='ocrx_word' id='word_1_53' title='bbox 1772 1110 1930 1154; x_wconf 63' lang='lat' dir='ltr'><strong>caetr-</strong></span> 
     </span>
    </p>
   </div>
   <div class='ocr_carea' id='block_1_11' title="bbox 422 1190 1931 1282">
    <p class='ocr_par' dir='ltr' id='par_1_11' title="bbox 422 1190 1931 1282">
     <span class='ocr_line' id='line_1_11' title="bbox 422 1190 1931 1282; baseline -0.017 -15"><span class='ocrx_word' id='word_1_54' title='bbox 422 1215 611 1282; x_wconf 85' lang='lat' dir='ltr'><strong>risque</strong></span> <span class='ocrx_word' id='word_1_55' title='bbox 660 1200 1051 1262; x_wconf 83' lang='lat' dir='ltr'><strong>ecclesiasticis</strong></span> <span class='ocrx_word' id='word_1_56' title='bbox 1101 1206 1158 1253; x_wconf 91' lang='lat' dir='ltr'><strong>et</strong></span> <span class='ocrx_word' id='word_1_57' title='bbox 1212 1194 1574 1250; x_wconf 67' lang='lat' dir='ltr'><strong>saecularibus</strong></span> <span class='ocrx_word' id='word_1_58' title='bbox 1617 1190 1755 1245; x_wconf 90' lang='lat' dir='ltr'><strong>viris</strong></span> <span class='ocrx_word' id='word_1_59' title='bbox 1807 1205 1931 1260; x_wconf 90' lang='lat' dir='ltr'><strong>pro-</strong></span> 
     </span>
    </p>
   </div>
   <div class='ocr_carea' id='block_1_12' title="bbox 423 1280 1934 1359">
    <p class='ocr_par' dir='ltr' id='par_1_12' title="bbox 423 1280 1934 1359">
     <span class='ocr_line' id='line_1_12' title="bbox 423 1280 1934 1359; baseline -0.019 1"><span class='ocrx_word' id='word_1_60' title='bbox 423 1280 638 1359; x_wconf 81' lang='lat' dir='ltr'><strong>vincias</strong></span> <span class='ocrx_word' id='word_1_61' title='bbox 655 1304 862 1355; x_wconf 73' lang='lat' dir='ltr'><strong>sanctae</strong></span> <span class='ocrx_word' id='word_1_62' title='bbox 885 1291 1004 1349; x_wconf 83' lang='lat' dir='ltr'><strong>sedi</strong></span> <span class='ocrx_word' id='word_1_63' title='bbox 1029 1283 1661 1357; x_wconf 75' lang='lat' dir='ltr'><strong>ConstantinOpolitana:</strong></span> <span class='ocrx_word' id='word_1_64' title='bbox 1682 1280 1934 1336; x_wconf 84' lang='lat' dir='ltr'><strong>subditas</strong></span> 
     </span>
    </p>
   </div>
   <div class='ocr_carea' id='block_1_13' title="bbox 428 1376 1933 1457">
    <p class='ocr_par' dir='ltr' id='par_1_13' title="bbox 428 1376 1933 1457">
     <span class='ocr_line' id='line_1_13' title="bbox 428 1376 1933 1457; baseline -0.017 -3"><span class='ocrx_word' id='word_1_65' title='bbox 428 1391 833 1454; x_wconf 79' lang='lat' dir='ltr'><strong>habitantibus,</strong></span> <span class='ocrx_word' id='word_1_66' title='bbox 870 1386 1126 1457; x_wconf 89' lang='lat' dir='ltr'><strong>gratiam,</strong></span> <span class='ocrx_word' id='word_1_67' title='bbox 1177 1394 1367 1451; x_wconf 85' lang='lat' dir='ltr'><strong>pacem</strong></span> <span class='ocrx_word' id='word_1_68' title='bbox 1396 1389 1452 1434; x_wconf 90' lang='lat' dir='ltr'><strong>et</strong></span> <span class='ocrx_word' id='word_1_69' title='bbox 1482 1376 1933 1432; x_wconf 88' lang='lat' dir='ltr'><strong>benedictionem</strong></span> 
     </span>
    </p>
   </div>
   <div class='ocr_carea' id='block_1_14' title="bbox 428 1471 1937 1551">
    <p class='ocr_par' dir='ltr' id='par_1_14' title="bbox 428 1471 1937 1551">
     <span class='ocr_line' id='line_1_14' title="bbox 428 1471 1937 1551; baseline -0.019 -5"><span class='ocrx_word' id='word_1_70' title='bbox 428 1506 461 1545; x_wconf 86' lang='lat' dir='ltr'><strong>a</strong></span> <span class='ocrx_word' id='word_1_71' title='bbox 496 1489 609 1544; x_wconf 90' lang='lat' dir='ltr'><strong>Deo</strong></span> <span class='ocrx_word' id='word_1_72' title='bbox 655 1481 1066 1551; x_wconf 80' lang='lat' dir='ltr'><strong>omnipotente.</strong></span> <span class='ocrx_word' id='word_1_73' title='bbox 1102 1471 1436 1528; x_wconf 83' lang='lat' dir='ltr'><strong>Volentibus</strong></span> <span class='ocrx_word' id='word_1_74' title='bbox 1463 1471 1753 1534; x_wconf 81' lang='lat' dir='ltr'><strong>duntaxat,</strong></span> <span class='ocrx_word' id='word_1_75' title='bbox 1786 1483 1937 1522; x_wconf 86' lang='lat' dir='ltr'><strong>eam-</strong></span> 
     </span>
    </p>
   </div>
   <div class='ocr_carea' id='block_1_15' title="bbox 433 1559 1934 1653">
    <p class='ocr_par' dir='ltr' id='par_1_15' title="bbox 433 1559 1934 1653">
     <span class='ocr_line' id='line_1_15' title="bbox 433 1559 1934 1653; baseline -0.019 -16"><span class='ocrx_word' id='word_1_76' title='bbox 433 1596 544 1653; x_wconf 86' lang='lat' dir='ltr'><strong>que</strong></span> <span class='ocrx_word' id='word_1_77' title='bbox 601 1576 855 1632; x_wconf 86' lang='lat' dir='ltr'><strong>obtinere</strong></span> <span class='ocrx_word' id='word_1_78' title='bbox 908 1564 1395 1625; x_wconf 71' lang='lat' dir='ltr'><strong>desiderantibus.</strong></span> <span class='ocrx_word' id='word_1_79' title='bbox 1443 1571 1501 1617; x_wconf 91' lang='lat' dir='ltr'><strong>et</strong></span> <span class='ocrx_word' id='word_1_80' title='bbox 1557 1578 1679 1632; x_wconf 66' lang='lat' dir='ltr'><strong>quae</strong></span> <span class='ocrx_word' id='word_1_81' title='bbox 1741 1559 1809 1615; x_wconf 88' lang='lat' dir='ltr'><strong>ad</strong></span> <span class='ocrx_word' id='word_1_82' title='bbox 1868 1559 1934 1612; x_wconf 81' lang='lat' dir='ltr'><strong>il-</strong></span> 
     </span>
    </p>
   </div>
   <div class='ocr_carea' id='block_1_16' title="bbox 430 1656 1938 1730">
    <p class='ocr_par' dir='ltr' id='par_1_16' title="bbox 430 1656 1938 1730">
     <span class='ocr_line' id='line_1_16' title="bbox 430 1656 1938 1730; baseline -0.019 0"><span class='ocrx_word' id='word_1_83' title='bbox 430 1675 541 1730; x_wconf 87' lang='lat' dir='ltr'><strong>lam</strong></span> <span class='ocrx_word' id='word_1_84' title='bbox 610 1664 965 1725; x_wconf 84' lang='lat' dir='ltr'><strong>obtinendam</strong></span> <span class='ocrx_word' id='word_1_85' title='bbox 1022 1661 1236 1716; x_wconf 89' lang='lat' dir='ltr'><strong>ducont</strong></span> <span class='ocrx_word' id='word_1_86' title='bbox 1286 1656 1436 1710; x_wconf 90' lang='lat' dir='ltr'><strong>omni</strong></span> <span class='ocrx_word' id='word_1_87' title='bbox 1495 1662 1699 1709; x_wconf 88' lang='lat' dir='ltr'><strong>conatu</strong></span> <span class='ocrx_word' id='word_1_88' title='bbox 1771 1665 1938 1721; x_wconf 84' lang='lat' dir='ltr'><strong>agen-</strong></span> 
     </span>
    </p>
   </div>
   <div class='ocr_carea' id='block_1_17' title="bbox 437 1768 614 1823">
    <p class='ocr_par' dir='ltr' id='par_1_17' title="bbox 437 1768 614 1823">
     <span class='ocr_line' id='line_1_17' title="bbox 437 1768 614 1823; baseline -0.017 0"><span class='ocrx_word' id='word_1_89' title='bbox 437 1768 614 1823; x_wconf 88' lang='lat' dir='ltr'><strong>tibus.</strong></span> 
     </span>
    </p>
   </div>
   <div class='ocr_carea' id='block_1_18' title="bbox 434 1834 1937 1922">
    <p class='ocr_par' dir='ltr' id='par_1_18' title="bbox 434 1834 1937 1922">
     <span class='ocr_line' id='line_1_18' title="bbox 434 1834 1937 1922; baseline -0.019 -6"><span class='ocrx_word' id='word_1_90' title='bbox 434 1859 814 1916; x_wconf 80' lang='lat' dir='ltr'><strong>Voluissemus</strong></span> <span class='ocrx_word' id='word_1_91' title='bbox 841 1847 1118 1922; x_wconf 88' lang='lat' dir='ltr'><strong>profecto,</strong></span> <span class='ocrx_word' id='word_1_92' title='bbox 1149 1841 1338 1900; x_wconf 86' lang='lat' dir='ltr'><strong>dilecti</strong></span> <span class='ocrx_word' id='word_1_93' title='bbox 1368 1841 1567 1896; x_wconf 76' lang='lat' dir='ltr'><strong>fratres</strong></span> <span class='ocrx_word' id='word_1_94' title='bbox 1594 1848 1650 1895; x_wconf 84' lang='lat' dir='ltr'><strong>et</strong></span> <span class='ocrx_word' id='word_1_95' title='bbox 1683 1836 1803 1902; x_wconf 77' lang='lat' dir='ltr'><strong>ﬁlii,</strong></span> <span class='ocrx_word' id='word_1_96' title='bbox 1833 1834 1937 1905; x_wconf 82' lang='lat' dir='ltr'><strong>ipsi</strong></span> 
     </span>
    </p>
   </div>
   <div class='ocr_carea' id='block_1_19' title="bbox 360 1929 1940 2015">
    <p class='ocr_par' dir='ltr' id='par_1_19' title="bbox 360 1929 1940 2015">
     <span class='ocr_line' id='line_1_19' title="bbox 360 1929 1940 2015; baseline -0.018 -8"><span class='ocrx_word' id='word_1_97' title='bbox 360 1953 648 2010; x_wconf 76' lang='lat' dir='ltr'><strong>vobiscum</strong></span> <span class='ocrx_word' id='word_1_98' title='bbox 698 1948 990 2015; x_wconf 84' lang='lat' dir='ltr'><strong>loquentes</strong></span> <span class='ocrx_word' id='word_1_99' title='bbox 1019 1940 1150 1994; x_wconf 90' lang='lat' dir='ltr'><strong>dare</strong></span> <span class='ocrx_word' id='word_1_100' title='bbox 1181 1946 1344 2006; x_wconf 90' lang='lat' dir='ltr'><strong>atque</strong></span> <span class='ocrx_word' id='word_1_101' title='bbox 1390 1933 1643 2004; x_wconf 87' lang='lat' dir='ltr'><strong>accipere</strong></span> <span class='ocrx_word' id='word_1_102' title='bbox 1670 1929 1940 1984; x_wconf 89' lang='lat' dir='ltr'><strong>rationem</strong></span> 
     </span>
    </p>
   </div>
   <div class='ocr_carea' id='block_1_20' title="bbox 360 2022 1940 2112">
    <p class='ocr_par' dir='ltr' id='par_1_20' title="bbox 360 2022 1940 2112">
     <span class='ocr_line' id='line_1_20' title="bbox 360 2022 1940 2112; baseline -0.021 -8"><span class='ocrx_word' id='word_1_103' title='bbox 360 2060 553 2103; x_wconf 86' lang='lat' dir='ltr'><strong>eorum</strong></span> <span class='ocrx_word' id='word_1_104' title='bbox 591 2056 714 2112; x_wconf 77' lang='lat' dir='ltr'><strong>qua:</strong></span> <span class='ocrx_word' id='word_1_105' title='bbox 746 2039 814 2094; x_wconf 90' lang='lat' dir='ltr'><strong>ad</strong></span> <span class='ocrx_word' id='word_1_106' title='bbox 858 2043 1095 2091; x_wconf 80' lang='lat' dir='ltr'><strong>vestram</strong></span> <span class='ocrx_word' id='word_1_107' title='bbox 1126 2032 1360 2085; x_wconf 87' lang='lat' dir='ltr'><strong>salutem</strong></span> <span class='ocrx_word' id='word_1_108' title='bbox 1401 2022 1719 2081; x_wconf 87' lang='lat' dir='ltr'><strong>necessaria</strong></span> <span class='ocrx_word' id='word_1_109' title='bbox 1762 2029 1889 2090; x_wconf 78' lang='lat' dir='ltr'><strong>sunt</strong></span> <span class='ocrx_word' id='word_1_110' title='bbox 1924 2058 1940 2082; x_wconf 95' lang='lat'><strong>,</strong></span> 
     </span>
    </p>
   </div>
   <div class='ocr_carea' id='block_1_21' title="bbox 365 2118 1943 2211">
    <p class='ocr_par' dir='ltr' id='par_1_21' title="bbox 365 2118 1943 2211">
     <span class='ocr_line' id='line_1_21' title="bbox 365 2118 1943 2211; baseline -0.021 -15"><span class='ocrx_word' id='word_1_111' title='bbox 365 2150 600 2211; x_wconf 70' lang='lat' dir='ltr'><strong>quaeque</strong></span> <span class='ocrx_word' id='word_1_112' title='bbox 624 2148 722 2189; x_wconf 86' lang='lat' dir='ltr'><strong>vos</strong></span> <span class='ocrx_word' id='word_1_113' title='bbox 754 2139 812 2186; x_wconf 92' lang='lat' dir='ltr'><strong>et</strong></span> <span class='ocrx_word' id='word_1_114' title='bbox 838 2127 1012 2198; x_wconf 85' lang='lat' dir='ltr'><strong>loqui,</strong></span> <span class='ocrx_word' id='word_1_115' title='bbox 1046 2134 1102 2179; x_wconf 90' lang='lat' dir='ltr'><strong>et</strong></span> <span class='ocrx_word' id='word_1_116' title='bbox 1139 2136 1301 2193; x_wconf 77' lang='lat' dir='ltr'><strong>agerc</strong></span> <span class='ocrx_word' id='word_1_117' title='bbox 1336 2118 1582 2173; x_wconf 88' lang='lat' dir='ltr'><strong>fraterno</strong></span> <span class='ocrx_word' id='word_1_118' title='bbox 1628 2123 1680 2170; x_wconf 90' lang='lat' dir='ltr'><strong>et</strong></span> <span class='ocrx_word' id='word_1_119' title='bbox 1715 2122 1943 2195; x_wconf 80' lang='lat' dir='ltr'><strong>paterno</strong></span> 
     </span>
    </p>
   </div>
   <div class='ocr_carea' id='block_1_22' title="bbox 362 2206 1945 2288">
    <p class='ocr_par' dir='ltr' id='par_1_22' title="bbox 362 2206 1945 2288">
     <span class='ocr_line' id='line_1_22' title="bbox 362 2206 1945 2288; baseline -0.02 0"><span class='ocrx_word' id='word_1_120' title='bbox 362 2206 560 2288; x_wconf 41' lang='lat' dir='ltr'><strong>a-ﬂectu</strong></span> <span class='ocrx_word' id='word_1_121' title='bbox 623 2224 1029 2281; x_wconf 84' lang='lat' dir='ltr'><strong>desideramus.</strong></span> <span class='ocrx_word' id='word_1_122' title='bbox 1087 2216 1192 2270; x_wconf 89' lang='lat' dir='ltr'><strong>Sed</strong></span> <span class='ocrx_word' id='word_1_123' title='bbox 1251 2211 1513 2284; x_wconf 88' lang='lat' dir='ltr'><strong>quoniam</strong></span> <span class='ocrx_word' id='word_1_124' title='bbox 1582 2217 1637 2262; x_wconf 88' lang='lat' dir='ltr'><strong>ct</strong></span> <span class='ocrx_word' id='word_1_125' title='bbox 1697 2206 1945 2261; x_wconf 89' lang='lat' dir='ltr'><strong>conditio</strong></span> 
     </span>
    </p>
   </div>
   <div class='ocr_carea' id='block_1_23' title="bbox 364 2298 1947 2396">
    <p class='ocr_par' dir='ltr' id='par_1_23' title="bbox 364 2298 1947 2396">
     <span class='ocr_line' id='line_1_23' title="bbox 364 2298 1947 2396; baseline -0.018 -16"><span class='ocrx_word' id='word_1_126' title='bbox 364 2321 718 2396; x_wconf 64' lang='lat' dir='ltr'><strong>prmetttiutn</strong></span> <span class='ocrx_word' id='word_1_127' title='bbox 772 2329 992 2378; x_wconf 88' lang='lat' dir='ltr'><strong>rerum,</strong></span> <span class='ocrx_word' id='word_1_128' title='bbox 1041 2318 1097 2365; x_wconf 92' lang='lat' dir='ltr'><strong>et</strong></span> <span class='ocrx_word' id='word_1_129' title='bbox 1144 2314 1296 2363; x_wconf 85' lang='lat' dir='ltr'><strong>tanta</strong></span> <span class='ocrx_word' id='word_1_130' title='bbox 1351 2303 1582 2358; x_wconf 84' lang='lat' dir='ltr'><strong>vastitas</strong></span> <span class='ocrx_word' id='word_1_131' title='bbox 1629 2298 1833 2370; x_wconf 82' lang='lat' dir='ltr'><strong>pelagi,</strong></span> <span class='ocrx_word' id='word_1_132' title='bbox 1884 2313 1947 2352; x_wconf 88' lang='lat' dir='ltr'><strong>ac</strong></span> 
     </span>
    </p>
   </div>
   <div class='ocr_carea' id='block_1_24' title="bbox 368 2390 1943 2484">
    <p class='ocr_par' dir='ltr' id='par_1_24' title="bbox 368 2390 1943 2484">
     <span class='ocr_line' id='line_1_24' title="bbox 368 2390 1943 2484; baseline -0.018 -12"><span class='ocrx_word' id='word_1_133' title='bbox 368 2390 702 2484; x_wconf 69' lang='lat' dir='ltr'><strong>interiacens</strong></span> <span class='ocrx_word' id='word_1_134' title='bbox 732 2405 1026 2477; x_wconf 79' lang='lat' dir='ltr'><strong>longitudo</strong></span> <span class='ocrx_word' id='word_1_135' title='bbox 1052 2414 1332 2458; x_wconf 84' lang='lat' dir='ltr'><strong>terrarum</strong></span> <span class='ocrx_word' id='word_1_136' title='bbox 1363 2398 1415 2452; x_wconf 91' lang='lat' dir='ltr'><strong>id</strong></span> <span class='ocrx_word' id='word_1_137' title='bbox 1447 2395 1764 2467; x_wconf 81' lang='lat' dir='ltr'><strong>prohibent,</strong></span> <span class='ocrx_word' id='word_1_138' title='bbox 1795 2390 1943 2460; x_wconf 88' lang='lat' dir='ltr'><strong>quod</strong></span> 
     </span>
    </p>
   </div>
   <div class='ocr_carea' id='block_1_25' title="bbox 368 2483 1948 2577">
    <p class='ocr_par' dir='ltr' id='par_1_25' title="bbox 368 2483 1948 2577">
     <span class='ocr_line' id='line_1_25' title="bbox 368 2483 1948 2577; baseline -0.017 -13"><span class='ocrx_word' id='word_1_139' title='bbox 368 2483 645 2577; x_wconf 83' lang='lat' dir='ltr'><strong>reliquum</strong></span> <span class='ocrx_word' id='word_1_140' title='bbox 700 2512 819 2565; x_wconf 88' lang='lat' dir='ltr'><strong>est,</strong></span> <span class='ocrx_word' id='word_1_141' title='bbox 878 2496 1079 2552; x_wconf 84' lang='lat' dir='ltr'><strong>litteris</strong></span> <span class='ocrx_word' id='word_1_142' title='bbox 1130 2493 1371 2550; x_wconf 89' lang='lat' dir='ltr'><strong>ofﬁcium</strong></span> <span class='ocrx_word' id='word_1_143' title='bbox 1424 2498 1676 2545; x_wconf 88' lang='lat' dir='ltr'><strong>nostrum</strong></span> <span class='ocrx_word' id='word_1_144' title='bbox 1722 2483 1948 2555; x_wconf 79' lang='lat' dir='ltr'><strong>exsequi</strong></span> 
     </span>
    </p>
   </div>
   <div class='ocr_carea' id='block_1_26' title="bbox 369 2579 1952 2660">
    <p class='ocr_par' dir='ltr' id='par_1_26' title="bbox 369 2579 1952 2660">
     <span class='ocr_line' id='line_1_26' title="bbox 369 2579 1952 2660; baseline -0.016 -5"><span class='ocrx_word' id='word_1_145' title='bbox 369 2598 720 2660; x_wconf 79' lang='lat' dir='ltr'><strong>conabimur,</strong></span> <span class='ocrx_word' id='word_1_146' title='bbox 747 2602 803 2647; x_wconf 87' lang='lat' dir='ltr'><strong>et</strong></span> <span class='ocrx_word' id='word_1_147' title='bbox 834 2591 937 2645; x_wconf 87' lang='lat' dir='ltr'><strong>hac</strong></span> <span class='ocrx_word' id='word_1_148' title='bbox 966 2586 1198 2658; x_wconf 83' lang='lat' dir='ltr'><strong>epistola</strong></span> <span class='ocrx_word' id='word_1_149' title='bbox 1225 2581 1549 2655; x_wconf 84' lang='lat' dir='ltr'><strong>particulam</strong></span> <span class='ocrx_word' id='word_1_150' title='bbox 1583 2579 1829 2649; x_wconf 80' lang='lat' dir='ltr'><strong>aliquam</strong></span> <span class='ocrx_word' id='word_1_151' title='bbox 1857 2590 1952 2632; x_wconf 82' lang='lat' dir='ltr'><strong>eo-</strong></span> 
     </span>
    </p>
   </div>
   <div class='ocr_carea' id='block_1_27' title="bbox 369 2669 1951 2759">
    <p class='ocr_par' dir='ltr' id='par_1_27' title="bbox 369 2669 1951 2759">
     <span class='ocr_line' id='line_1_27' title="bbox 369 2669 1951 2759; baseline -0.016 -12"><span class='ocrx_word' id='word_1_152' title='bbox 369 2706 491 2747; x_wconf 90' lang='lat' dir='ltr'><strong>rum</strong></span> <span class='ocrx_word' id='word_1_153' title='bbox 517 2704 639 2759; x_wconf 77' lang='lat' dir='ltr'><strong>qua:</strong></span> <span class='ocrx_word' id='word_1_154' title='bbox 665 2699 852 2741; x_wconf 91' lang='lat' dir='ltr'><strong>coram</strong></span> <span class='ocrx_word' id='word_1_155' title='bbox 886 2682 1247 2751; x_wconf 86' lang='lat' dir='ltr'><strong>loqueremur</strong></span> <span class='ocrx_word' id='word_1_156' title='bbox 1285 2675 1676 2745; x_wconf 81' lang='lat' dir='ltr'><strong>exprimemus.</strong></span> <span class='ocrx_word' id='word_1_157' title='bbox 1710 2669 1951 2725; x_wconf 87' lang='lat' dir='ltr'><strong>Obsecro</strong></span> 
     </span>
    </p>
   </div>
   <div class='ocr_carea' id='block_1_28' title="bbox 369 2762 1954 2840">
    <p class='ocr_par' dir='ltr' id='par_1_28' title="bbox 369 2762 1954 2840">
     <span class='ocr_line' id='line_1_28' title="bbox 369 2762 1954 2840; baseline -0.014 -3"><span class='ocrx_word' id='word_1_158' title='bbox 369 2792 554 2837; x_wconf 85' lang='lat' dir='ltr'><strong>autem</strong></span> <span class='ocrx_word' id='word_1_159' title='bbox 584 2778 838 2840; x_wconf 89' lang='lat' dir='ltr'><strong>Domino,</strong></span> <span class='ocrx_word' id='word_1_160' title='bbox 887 2783 949 2828; x_wconf 91' lang='lat' dir='ltr'><strong>ut</strong></span> <span class='ocrx_word' id='word_1_161' title='bbox 984 2788 1048 2826; x_wconf 89' lang='lat' dir='ltr'><strong>ea</strong></span> <span class='ocrx_word' id='word_1_162' title='bbox 1090 2786 1190 2825; x_wconf 89' lang='lat' dir='ltr'><strong>vos</strong></span> <span class='ocrx_word' id='word_1_163' title='bbox 1229 2767 1503 2823; x_wconf 86' lang='lat' dir='ltr'><strong>cbaritate</strong></span> <span class='ocrx_word' id='word_1_164' title='bbox 1533 2762 1797 2825; x_wconf 84' lang='lat' dir='ltr'><strong>audiatis,</strong></span> <span class='ocrx_word' id='word_1_165' title='bbox 1831 2774 1954 2831; x_wconf 64' lang='lat' dir='ltr'><strong>qua:</strong></span> 
     </span>
    </p>
   </div>
   <div class='ocr_carea' id='block_1_29' title="bbox 370 2854 1955 2934">
    <p class='ocr_par' dir='ltr' id='par_1_29' title="bbox 370 2854 1955 2934">
     <span class='ocr_line' id='line_1_29' title="bbox 370 2854 1955 2934; baseline -0.013 -6"><span class='ocrx_word' id='word_1_166' title='bbox 370 2874 630 2929; x_wconf 85' lang='lat' dir='ltr'><strong>dicturus</strong></span> <span class='ocrx_word' id='word_1_167' title='bbox 675 2883 822 2932; x_wconf 89' lang='lat' dir='ltr'><strong>sum,</strong></span> <span class='ocrx_word' id='word_1_168' title='bbox 860 2880 984 2920; x_wconf 85' lang='lat' dir='ltr'><strong>rum</strong></span> <span class='ocrx_word' id='word_1_169' title='bbox 1021 2878 1128 2934; x_wconf 88' lang='lat' dir='ltr'><strong>qua</strong></span> <span class='ocrx_word' id='word_1_170' title='bbox 1172 2861 1290 2931; x_wconf 61' lang='lat' dir='ltr'><strong>ipse</strong></span> <span class='ocrx_word' id='word_1_171' title='bbox 1322 2875 1425 2914; x_wconf 89' lang='lat' dir='ltr'><strong>vos</strong></span> <span class='ocrx_word' id='word_1_172' title='bbox 1470 2857 1744 2926; x_wconf 88' lang='lat' dir='ltr'><strong>alloquor.</strong></span> <span class='ocrx_word' id='word_1_173' title='bbox 1773 2854 1955 2909; x_wconf 82' lang='lat' dir='ltr'><strong>Testis</strong></span> 
     </span>
    </p>
   </div>
   <div class='ocr_carea' id='block_1_30' title="bbox 369 2949 1953 3029">
    <p class='ocr_par' dir='ltr' id='par_1_30' title="bbox 369 2949 1953 3029">
     <span class='ocr_line' id='line_1_30' title="bbox 369 2949 1953 3029; baseline -0.013 -9"><span class='ocrx_word' id='word_1_174' title='bbox 369 2974 455 3020; x_wconf 85' lang='lat' dir='ltr'><strong>est</strong></span> <span class='ocrx_word' id='word_1_175' title='bbox 482 2965 628 3018; x_wconf 89' lang='lat' dir='ltr'><strong>enim</strong></span> <span class='ocrx_word' id='word_1_176' title='bbox 667 2960 802 3016; x_wconf 87' lang='lat' dir='ltr'><strong>mihi</strong></span> <span class='ocrx_word' id='word_1_177' title='bbox 852 2958 970 3028; x_wconf 89' lang='lat' dir='ltr'><strong>ipse</strong></span> <span class='ocrx_word' id='word_1_178' title='bbox 1023 2957 1188 3019; x_wconf 82' lang='lat' dir='ltr'><strong>Deus,</strong></span> <span class='ocrx_word' id='word_1_179' title='bbox 1223 2966 1387 3023; x_wconf 89' lang='lat' dir='ltr'><strong>quem</strong></span> <span class='ocrx_word' id='word_1_180' title='bbox 1424 2949 1588 3029; x_wconf 65' lang='lat' dir='ltr'><strong>nulla:</strong></span> <span class='ocrx_word' id='word_1_181' title='bbox 1621 2957 1826 3003; x_wconf 58' lang='lat' dir='ltr'><strong>nostra:</strong></span> <span class='ocrx_word' id='word_1_182' title='bbox 1865 2961 1953 3000; x_wconf 83' lang='lat' dir='ltr'><strong>ro-</strong></span> 
     </span>
    </p>
   </div>
   <div class='ocr_carea' id='block_1_31' title="bbox 373 3038 1956 3128">
    <p class='ocr_par' dir='ltr' id='par_1_31' title="bbox 373 3038 1956 3128">
     <span class='ocr_line' id='line_1_31' title="bbox 373 3038 1956 3128; baseline -0.01 -21"><span class='ocrx_word' id='word_1_183' title='bbox 373 3056 674 3128; x_wconf 81' lang='lat' dir='ltr'><strong>gitationes</strong></span> <span class='ocrx_word' id='word_1_184' title='bbox 713 3053 883 3107; x_wconf 84' lang='lat' dir='ltr'><strong>latere</strong></span> <span class='ocrx_word' id='word_1_185' title='bbox 927 3057 1180 3120; x_wconf 89' lang='lat' dir='ltr'><strong>possunt,</strong></span> <span class='ocrx_word' id='word_1_186' title='bbox 1213 3044 1357 3116; x_wconf 85' lang='lat' dir='ltr'><strong>quod</strong></span> <span class='ocrx_word' id='word_1_187' title='bbox 1388 3042 1573 3113; x_wconf 90' lang='lat' dir='ltr'><strong>primo</strong></span> <span class='ocrx_word' id='word_1_188' title='bbox 1614 3038 1839 3112; x_wconf 87' lang='lat' dir='ltr'><strong>quidem</strong></span> <span class='ocrx_word' id='word_1_189' title='bbox 1869 3055 1956 3094; x_wconf 78' lang='lat' dir='ltr'><strong>ae-</strong></span> 
     </span>
    </p>
   </div>
   <div class='ocr_carea' id='block_1_32' title="bbox 374 3134 1955 3219">
    <p class='ocr_par' dir='ltr' id='par_1_32' title="bbox 374 3134 1955 3219">
     <span class='ocr_line' id='line_1_32' title="bbox 374 3134 1955 3219; baseline -0.012 -15"><span class='ocrx_word' id='word_1_190' title='bbox 374 3152 463 3205; x_wconf 88' lang='lat' dir='ltr'><strong>lus</strong></span> <span class='ocrx_word' id='word_1_191' title='bbox 492 3150 636 3219; x_wconf 84' lang='lat' dir='ltr'><strong>ejus,</strong></span> <span class='ocrx_word' id='word_1_192' title='bbox 672 3144 873 3200; x_wconf 87' lang='lat' dir='ltr'><strong>deinde</strong></span> <span class='ocrx_word' id='word_1_193' title='bbox 917 3141 1289 3198; x_wconf 89' lang='lat' dir='ltr'><strong>arctissimum</strong></span> <span class='ocrx_word' id='word_1_194' title='bbox 1330 3134 1621 3192; x_wconf 82' lang='lat' dir='ltr'><strong>charitatis</strong></span> <span class='ocrx_word' id='word_1_195' title='bbox 1646 3134 1955 3197; x_wconf 86' lang='lat' dir='ltr'><strong>vinculum,</strong></span> 
     </span>
    </p>
   </div>
   <div class='ocr_carea' id='block_1_33' title="bbox 373 3227 1956 3311">
    <p class='ocr_par' dir='ltr' id='par_1_33' title="bbox 373 3227 1956 3311">
     <span class='ocr_line' id='line_1_33' title="bbox 373 3227 1956 3311; baseline -0.013 -13"><span class='ocrx_word' id='word_1_196' title='bbox 373 3258 488 3311; x_wconf 87' lang='lat' dir='ltr'><strong>quo</strong></span> <span class='ocrx_word' id='word_1_197' title='bbox 514 3240 723 3295; x_wconf 90' lang='lat' dir='ltr'><strong>nationi</strong></span> <span class='ocrx_word' id='word_1_198' title='bbox 763 3245 967 3293; x_wconf 66' lang='lat' dir='ltr'><strong>nostra:</strong></span> <span class='ocrx_word' id='word_1_199' title='bbox 999 3232 1380 3303; x_wconf 89' lang='lat' dir='ltr'><strong>astringimur,</strong></span> <span class='ocrx_word' id='word_1_200' title='bbox 1416 3244 1502 3285; x_wconf 90' lang='lat' dir='ltr'><strong>me</strong></span> <span class='ocrx_word' id='word_1_201' title='bbox 1560 3239 1621 3283; x_wconf 93' lang='lat' dir='ltr'><strong>ut</strong></span> <span class='ocrx_word' id='word_1_202' title='bbox 1661 3227 1777 3283; x_wconf 84' lang='lat' dir='ltr'><strong>haec</strong></span> <span class='ocrx_word' id='word_1_203' title='bbox 1815 3227 1956 3283; x_wconf 85' lang='lat' dir='ltr'><strong>seri-</strong></span> 
     </span>
    </p>
   </div>
   <div class='ocr_carea' id='block_1_34' title="bbox 2032 817 3605 892">
    <p class='ocr_par' dir='ltr' id='par_1_34' title="bbox 2032 817 3605 892">
     <span class='ocr_line' id='line_1_34' title="bbox 2032 817 3605 892; baseline -0.002 -17"><span class='ocrx_word' id='word_1_204' title='bbox 2032 822 2183 886; x_wconf 84' lang='lat' dir='ltr'><strong>tiam,</strong></span> <span class='ocrx_word' id='word_1_205' title='bbox 2226 834 2281 877; x_wconf 88' lang='lat' dir='ltr'><strong>et</strong></span> <span class='ocrx_word' id='word_1_206' title='bbox 2343 823 2740 892; x_wconf 82' lang='lat' dir='ltr'><strong>principatum,</strong></span> <span class='ocrx_word' id='word_1_207' title='bbox 2774 830 2828 876; x_wconf 90' lang='lat' dir='ltr'><strong>et</strong></span> <span class='ocrx_word' id='word_1_208' title='bbox 2886 821 3058 891; x_wconf 87' lang='lat' dir='ltr'><strong>ipsam</strong></span> <span class='ocrx_word' id='word_1_209' title='bbox 3117 817 3364 873; x_wconf 89' lang='lat' dir='ltr'><strong>omnium</strong></span> <span class='ocrx_word' id='word_1_210' title='bbox 3418 832 3605 872; x_wconf 88' lang='lat' dir='ltr'><strong>rerum</strong></span> 
     </span>
    </p>
   </div>
   <div class='ocr_carea' id='block_1_35' title="bbox 2031 909 3612 971">
    <p class='ocr_par' dir='ltr' id='par_1_35' title="bbox 2031 909 3612 971">
     <span class='ocr_line' id='line_1_35' title="bbox 2031 909 3612 971; baseline -0.003 -4"><span class='ocrx_word' id='word_1_211' title='bbox 2031 916 2411 971; x_wconf 48' lang='lat' dir='ltr'><strong>dulcissimam</strong></span> <span class='ocrx_word' id='word_1_212' title='bbox 2444 915 2758 971; x_wconf 83' lang='lat' dir='ltr'><strong>libertatem</strong></span> <span class='ocrx_word' id='word_1_213' title='bbox 2795 912 3120 968; x_wconf 81' lang='lat' dir='ltr'><strong>amiserint?</strong></span> <span class='ocrx_word' id='word_1_214' title='bbox 3169 911 3288 967; x_wconf 81' lang='lat' dir='ltr'><strong>Non</strong></span> <span class='ocrx_word' id='word_1_215' title='bbox 3318 909 3463 965; x_wconf 92' lang='lat' dir='ltr'><strong>enim</strong></span> <span class='ocrx_word' id='word_1_216' title='bbox 3501 909 3612 964; x_wconf 83' lang='lat' dir='ltr'><strong>for-</strong></span> 
     </span>
    </p>
   </div>
   <div class='ocr_carea' id='block_1_36' title="bbox 2035 1005 3610 1075">
    <p class='ocr_par' dir='ltr' id='par_1_36' title="bbox 2035 1005 3610 1075">
     <span class='ocr_line' id='line_1_36' title="bbox 2035 1005 3610 1075; baseline -0.004 -14"><span class='ocrx_word' id='word_1_217' title='bbox 2035 1021 2187 1072; x_wconf 83' lang='lat' dir='ltr'><strong>tuna,</strong></span> <span class='ocrx_word' id='word_1_218' title='bbox 2241 1010 2324 1064; x_wconf 70' lang='lat' dir='ltr'><strong>vel</strong></span> <span class='ocrx_word' id='word_1_219' title='bbox 2380 1024 2562 1075; x_wconf 79' lang='lat' dir='ltr'><strong>casus,</strong></span> <span class='ocrx_word' id='word_1_220' title='bbox 2599 1016 2695 1061; x_wconf 86' lang='lat' dir='ltr'><strong>aut.</strong></span> <span class='ocrx_word' id='word_1_221' title='bbox 2747 1005 3078 1061; x_wconf 83' lang='lat' dir='ltr'><strong>temerarius</strong></span> <span class='ocrx_word' id='word_1_222' title='bbox 3120 1019 3307 1059; x_wconf 89' lang='lat' dir='ltr'><strong>rerum</strong></span> <span class='ocrx_word' id='word_1_223' title='bbox 3350 1014 3610 1066; x_wconf 77' lang='lat' dir='ltr'><strong>eventus,</strong></span> 
     </span>
    </p>
   </div>
   <div class='ocr_carea' id='block_1_37' title="bbox 2034 1097 3616 1157">
    <p class='ocr_par' dir='ltr' id='par_1_37' title="bbox 2034 1097 3616 1157">
     <span class='ocr_line' id='line_1_37' title="bbox 2034 1097 3616 1157; baseline -0.005 -1"><span class='ocrx_word' id='word_1_224' title='bbox 2034 1120 2097 1156; x_wconf 87' lang='lat' dir='ltr'><strong>ac</strong></span> <span class='ocrx_word' id='word_1_225' title='bbox 2130 1101 2310 1157; x_wconf 71' lang='lat' dir='ltr'><strong>ﬁuxns</strong></span> <span class='ocrx_word' id='word_1_226' title='bbox 2339 1101 2617 1157; x_wconf 84' lang='lat' dir='ltr'><strong>instabilis</strong></span> <span class='ocrx_word' id='word_1_227' title='bbox 2647 1110 2855 1156; x_wconf 83' lang='lat' dir='ltr'><strong>tantam</strong></span> <span class='ocrx_word' id='word_1_228' title='bbox 2890 1098 3093 1154; x_wconf 86' lang='lat' dir='ltr'><strong>nostris</strong></span> <span class='ocrx_word' id='word_1_229' title='bbox 3126 1098 3498 1153; x_wconf 84' lang='lat' dir='ltr'><strong>calamitatem</strong></span> <span class='ocrx_word' id='word_1_230' title='bbox 3534 1097 3616 1150; x_wconf 86' lang='lat' dir='ltr'><strong>in-</strong></span> 
     </span>
    </p>
   </div>
   <div class='ocr_carea' id='block_1_38' title="bbox 2035 1193 3618 1267">
    <p class='ocr_par' dir='ltr' id='par_1_38' title="bbox 2035 1193 3618 1267">
     <span class='ocr_line' id='line_1_38' title="bbox 2035 1193 3618 1267; baseline -0.001 -18"><span class='ocrx_word' id='word_1_231' title='bbox 2035 1198 2233 1259; x_wconf 83' lang='lat' dir='ltr'><strong>tulerc,</strong></span> <span class='ocrx_word' id='word_1_232' title='bbox 2264 1196 2368 1251; x_wconf 89' lang='lat' dir='ltr'><strong>nisi</strong></span> <span class='ocrx_word' id='word_1_233' title='bbox 2400 1197 2523 1267; x_wconf 85' lang='lat' dir='ltr'><strong>quis</strong></span> <span class='ocrx_word' id='word_1_234' title='bbox 2552 1205 2708 1267; x_wconf 88' lang='lat' dir='ltr'><strong>putet</strong></span> <span class='ocrx_word' id='word_1_235' title='bbox 2763 1210 2855 1251; x_wconf 92' lang='lat' dir='ltr'><strong>res</strong></span> <span class='ocrx_word' id='word_1_236' title='bbox 2902 1194 3174 1250; x_wconf 81' lang='lat' dir='ltr'><strong>humanas</strong></span> <span class='ocrx_word' id='word_1_237' title='bbox 3206 1193 3393 1248; x_wconf 81' lang='lat' dir='ltr'><strong>divina</strong></span> <span class='ocrx_word' id='word_1_238' title='bbox 3427 1193 3618 1247; x_wconf 82' lang='lat' dir='ltr'><strong>Provi—</strong></span> 
     </span>
    </p>
   </div>
   <div class='ocr_carea' id='block_1_39' title="bbox 2036 1272 3619 1363">
    <p class='ocr_par' dir='ltr' id='par_1_39' title="bbox 2036 1272 3619 1363">
     <span class='ocr_line' id='line_1_39' title="bbox 2036 1272 3619 1363; baseline -0.005 -18"><span class='ocrx_word' id='word_1_239' title='bbox 2036 1289 2222 1345; x_wconf 84' lang='lat' dir='ltr'><strong>dentia</strong></span> <span class='ocrx_word' id='word_1_240' title='bbox 2259 1291 2486 1346; x_wconf 88' lang='lat' dir='ltr'><strong>minime</strong></span> <span class='ocrx_word' id='word_1_241' title='bbox 2514 1272 2840 1363; x_wconf 70' lang='lat' dir='ltr'><strong>gubernari.</strong></span> <span class='ocrx_word' id='word_1_242' title='bbox 2864 1287 3012 1360; x_wconf 88' lang='lat' dir='ltr'><strong>quod</strong></span> <span class='ocrx_word' id='word_1_243' title='bbox 3038 1288 3204 1343; x_wconf 72' lang='lat' dir='ltr'><strong>etiam</strong></span> <span class='ocrx_word' id='word_1_244' title='bbox 3236 1286 3481 1358; x_wconf 86' lang='lat' dir='ltr'><strong>cogitare</strong></span> <span class='ocrx_word' id='word_1_245' title='bbox 3516 1285 3619 1339; x_wconf 85' lang='lat' dir='ltr'><strong>int-</strong></span> 
     </span>
    </p>
   </div>
   <div class='ocr_carea' id='block_1_40' title="bbox 2040 1379 3619 1454">
    <p class='ocr_par' dir='ltr' id='par_1_40' title="bbox 2040 1379 3619 1454">
     <span class='ocr_line' id='line_1_40' title="bbox 2040 1379 3619 1454; baseline -0.004 -17"><span class='ocrx_word' id='word_1_246' title='bbox 2040 1383 2192 1454; x_wconf 91' lang='lat' dir='ltr'><strong>pium</strong></span> <span class='ocrx_word' id='word_1_247' title='bbox 2245 1393 2350 1447; x_wconf 79' lang='lat' dir='ltr'><strong>est,</strong></span> <span class='ocrx_word' id='word_1_248' title='bbox 2406 1392 2571 1452; x_wconf 86' lang='lat' dir='ltr'><strong>atque</strong></span> <span class='ocrx_word' id='word_1_249' title='bbox 2623 1382 2919 1437; x_wconf 80' lang='lat' dir='ltr'><strong>nefarium.</strong></span> <span class='ocrx_word' id='word_1_250' title='bbox 2975 1380 3082 1436; x_wconf 92' lang='lat' dir='ltr'><strong>Sed</strong></span> <span class='ocrx_word' id='word_1_251' title='bbox 3138 1396 3239 1436; x_wconf 88' lang='lat' dir='ltr'><strong>nec</strong></span> <span class='ocrx_word' id='word_1_252' title='bbox 3289 1379 3619 1434; x_wconf 87' lang='lat' dir='ltr'><strong>delictorum</strong></span> 
     </span>
    </p>
   </div>
   <div class='ocr_carea' id='block_1_41' title="bbox 2040 1468 3621 1546">
    <p class='ocr_par' dir='ltr' id='par_1_41' title="bbox 2040 1468 3621 1546">
     <span class='ocr_line' id='line_1_41' title="bbox 2040 1468 3621 1546; baseline -0.003 -18"><span class='ocrx_word' id='word_1_253' title='bbox 2040 1486 2360 1530; x_wconf 88' lang='lat' dir='ltr'><strong>nostrorum</strong></span> <span class='ocrx_word' id='word_1_254' title='bbox 2414 1475 2827 1531; x_wconf 88' lang='lat' dir='ltr'><strong>multitudinem</strong></span> <span class='ocrx_word' id='word_1_255' title='bbox 2881 1475 3002 1546; x_wconf 72' lang='lat' dir='ltr'><strong>ejus</strong></span> <span class='ocrx_word' id='word_1_256' title='bbox 3054 1474 3131 1528; x_wconf 87' lang='lat' dir='ltr'><strong>rei</strong></span> <span class='ocrx_word' id='word_1_257' title='bbox 3179 1488 3400 1529; x_wconf 82' lang='lat' dir='ltr'><strong>causam</strong></span> <span class='ocrx_word' id='word_1_258' title='bbox 3449 1468 3621 1525; x_wconf 86' lang='lat' dir='ltr'><strong>fuisse</strong></span> 
     </span>
    </p>
   </div>
   <div class='ocr_carea' id='block_1_42' title="bbox 2040 1563 3622 1638">
    <p class='ocr_par' dir='ltr' id='par_1_42' title="bbox 2040 1563 3622 1638">
     <span class='ocr_line' id='line_1_42' title="bbox 2040 1563 3622 1638; baseline -0.004 -15"><span class='ocrx_word' id='word_1_259' title='bbox 2040 1568 2336 1623; x_wconf 76' lang='lat' dir='ltr'><strong>dicendum</strong></span> <span class='ocrx_word' id='word_1_260' title='bbox 2367 1580 2472 1634; x_wconf 89' lang='lat' dir='ltr'><strong>est,</strong></span> <span class='ocrx_word' id='word_1_261' title='bbox 2494 1577 2554 1621; x_wconf 91' lang='lat' dir='ltr'><strong>ut</strong></span> <span class='ocrx_word' id='word_1_262' title='bbox 2582 1567 2804 1638; x_wconf 89' lang='lat' dir='ltr'><strong>quidam</strong></span> <span class='ocrx_word' id='word_1_263' title='bbox 2828 1568 2940 1623; x_wconf 85' lang='lat' dir='ltr'><strong>Deo</strong></span> <span class='ocrx_word' id='word_1_264' title='bbox 2969 1583 3026 1622; x_wconf 89' lang='lat' dir='ltr'><strong>se</strong></span> <span class='ocrx_word' id='word_1_265' title='bbox 3052 1566 3415 1621; x_wconf 84' lang='lat' dir='ltr'><strong>humiliantcs</strong></span> <span class='ocrx_word' id='word_1_266' title='bbox 3437 1563 3622 1618; x_wconf 82' lang='lat' dir='ltr'><strong>dicere</strong></span> 
     </span>
    </p>
   </div>
   <div class='ocr_carea' id='block_1_43' title="bbox 2041 1659 3626 1731">
    <p class='ocr_par' dir='ltr' id='par_1_43' title="bbox 2041 1659 3626 1731">
     <span class='ocr_line' id='line_1_43' title="bbox 2041 1659 3626 1731; baseline -0.005 -14"><span class='ocrx_word' id='word_1_267' title='bbox 2041 1670 2468 1717; x_wconf 77' lang='lat' dir='ltr'><strong>consueverunt.</strong></span> <span class='ocrx_word' id='word_1_268' title='bbox 2494 1660 2684 1731; x_wconf 73' lang='lat' dir='ltr'><strong>Neque</strong></span> <span class='ocrx_word' id='word_1_269' title='bbox 2708 1660 2857 1714; x_wconf 90' lang='lat' dir='ltr'><strong>enim</strong></span> <span class='ocrx_word' id='word_1_270' title='bbox 2883 1675 2985 1715; x_wconf 90' lang='lat' dir='ltr'><strong>nos</strong></span> <span class='ocrx_word' id='word_1_271' title='bbox 3015 1659 3187 1730; x_wconf 83' lang='lat' dir='ltr'><strong>magis</strong></span> <span class='ocrx_word' id='word_1_272' title='bbox 3212 1673 3378 1728; x_wconf 88' lang='lat' dir='ltr'><strong>quam</strong></span> <span class='ocrx_word' id='word_1_273' title='bbox 3414 1667 3626 1712; x_wconf 73' lang='lat' dir='ltr'><strong>czrtera-</strong></span> 
     </span>
    </p>
   </div>
   <div class='ocr_carea' id='block_1_44' title="bbox 2042 1750 3625 1822">
    <p class='ocr_par' dir='ltr' id='par_1_44' title="bbox 2042 1750 3625 1822">
     <span class='ocr_line' id='line_1_44' title="bbox 2042 1750 3625 1822; baseline -0.002 -16"><span class='ocrx_word' id='word_1_274' title='bbox 2042 1753 2488 1809; x_wconf 79' lang='lat' dir='ltr'><strong>Christianorum</strong></span> <span class='ocrx_word' id='word_1_275' title='bbox 2521 1753 2798 1816; x_wconf 88' lang='lat' dir='ltr'><strong>nationes,</strong></span> <span class='ocrx_word' id='word_1_276' title='bbox 2836 1768 2973 1822; x_wconf 80' lang='lat' dir='ltr'><strong>quas</strong></span> <span class='ocrx_word' id='word_1_277' title='bbox 3009 1766 3156 1806; x_wconf 91' lang='lat' dir='ltr'><strong>nunc</strong></span> <span class='ocrx_word' id='word_1_278' title='bbox 3190 1753 3472 1805; x_wconf 87' lang='lat' dir='ltr'><strong>mundana</strong></span> <span class='ocrx_word' id='word_1_279' title='bbox 3522 1750 3625 1804; x_wconf 91' lang='lat' dir='ltr'><strong>ista</strong></span> 
     </span>
    </p>
   </div>
   <div class='ocr_carea' id='block_1_45' title="bbox 2048 1843 3627 1916">
    <p class='ocr_par' dir='ltr' id='par_1_45' title="bbox 2048 1843 3627 1916">
     <span class='ocr_line' id='line_1_45' title="bbox 2048 1843 3627 1916; baseline -0.003 -15"><span class='ocrx_word' id='word_1_280' title='bbox 2048 1847 2311 1904; x_wconf 73' lang='lat' dir='ltr'><strong>felicitate</strong></span> <span class='ocrx_word' id='word_1_281' title='bbox 2344 1847 2453 1902; x_wconf 88' lang='lat' dir='ltr'><strong>frui</strong></span> <span class='ocrx_word' id='word_1_282' title='bbox 2494 1845 2771 1908; x_wconf 86' lang='lat' dir='ltr'><strong>videmus.</strong></span> <span class='ocrx_word' id='word_1_283' title='bbox 2812 1846 3053 1916; x_wconf 84' lang='lat' dir='ltr'><strong>peccatis</strong></span> <span class='ocrx_word' id='word_1_284' title='bbox 3089 1843 3301 1900; x_wconf 86' lang='lat' dir='ltr'><strong>nostris</strong></span> <span class='ocrx_word' id='word_1_285' title='bbox 3334 1843 3507 1899; x_wconf 86' lang='lat' dir='ltr'><strong>Deum</strong></span> <span class='ocrx_word' id='word_1_286' title='bbox 3546 1843 3627 1897; x_wconf 86' lang='lat' dir='ltr'><strong>ir-</strong></span> 
     </span>
    </p>
   </div>
   <div class='ocr_carea' id='block_1_46' title="bbox 2048 1934 3628 2011">
    <p class='ocr_par' dir='ltr' id='par_1_46' title="bbox 2048 1934 3628 2011">
     <span class='ocr_line' id='line_1_46' title="bbox 2048 1934 3628 2011; baseline -0.006 -15"><span class='ocrx_word' id='word_1_287' title='bbox 2048 1941 2355 1996; x_wconf 85' lang='lat' dir='ltr'><strong>ritavitnus.</strong></span> <span class='ocrx_word' id='word_1_288' title='bbox 2394 1939 2680 2011; x_wconf 87' lang='lat' dir='ltr'><strong>Siquidem</strong></span> <span class='ocrx_word' id='word_1_289' title='bbox 2710 1948 2767 1995; x_wconf 92' lang='lat' dir='ltr'><strong>et</strong></span> <span class='ocrx_word' id='word_1_290' title='bbox 2798 1940 3008 1994; x_wconf 89' lang='lat' dir='ltr'><strong>dictum</strong></span> <span class='ocrx_word' id='word_1_291' title='bbox 3040 1946 3143 2001; x_wconf 89' lang='lat' dir='ltr'><strong>est,</strong></span> <span class='ocrx_word' id='word_1_292' title='bbox 3177 1946 3232 1992; x_wconf 94' lang='lat' dir='ltr'><strong>et</strong></span> <span class='ocrx_word' id='word_1_293' title='bbox 3259 1951 3392 1991; x_wconf 86' lang='lat' dir='ltr'><strong>vere</strong></span> <span class='ocrx_word' id='word_1_294' title='bbox 3420 1934 3628 1990; x_wconf 89' lang='lat' dir='ltr'><strong>dictum</strong></span> 
     </span>
    </p>
   </div>
   <div class='ocr_carea' id='block_1_47' title="bbox 2047 2028 3654 2102">
    <p class='ocr_par' dir='ltr' id='par_1_47' title="bbox 2047 2028 3654 2102">
     <span class='ocr_line' id='line_1_47' title="bbox 2047 2028 3654 2102; baseline -0.005 -14"><span class='ocrx_word' id='word_1_295' title='bbox 2047 2044 2148 2099; x_wconf 89' lang='lat' dir='ltr'><strong>est,</strong></span> <span class='ocrx_word' id='word_1_296' title='bbox 2181 2043 2239 2088; x_wconf 92' lang='lat' dir='ltr'><strong>ut</strong></span> <span class='ocrx_word' id='word_1_297' title='bbox 2280 2034 2542 2097; x_wconf 87' lang='lat' dir='ltr'><strong>arbitror,</strong></span> <span class='ocrx_word' id='word_1_298' title='bbox 2576 2042 2796 2088; x_wconf 89' lang='lat' dir='ltr'><strong>nostros</strong></span> <span class='ocrx_word' id='word_1_299' title='bbox 2828 2032 2881 2089; x_wconf 89' lang='lat' dir='ltr'><strong>in</strong></span> <span class='ocrx_word' id='word_1_300' title='bbox 2929 2032 2997 2088; x_wconf 88' lang='lat' dir='ltr'><strong>iis</strong></span> <span class='ocrx_word' id='word_1_301' title='bbox 3042 2046 3164 2102; x_wconf 75' lang='lat' dir='ltr'><strong>qua:</strong></span> <span class='ocrx_word' id='word_1_302' title='bbox 3211 2028 3275 2084; x_wconf 88' lang='lat' dir='ltr'><strong>ad</strong></span> <span class='ocrx_word' id='word_1_303' title='bbox 3325 2042 3513 2084; x_wconf 86' lang='lat' dir='ltr'><strong>mores</strong></span> <span class='ocrx_word' id='word_1_304' title='bbox 3572 2035 3654 2099; x_wconf 88' lang='lat' dir='ltr'><strong>et_</strong></span> 
     </span>
    </p>
   </div>
   <div class='ocr_carea' id='block_1_48' title="bbox 2048 2120 3628 2196">
    <p class='ocr_par' dir='ltr' id='par_1_48' title="bbox 2048 2120 3628 2196">
     <span class='ocr_line' id='line_1_48' title="bbox 2048 2120 3628 2196; baseline -0.001 -20"><span class='ocrx_word' id='word_1_305' title='bbox 2048 2127 2174 2182; x_wconf 70' lang='lat' dir='ltr'><strong>vim</strong></span> <span class='ocrx_word' id='word_1_306' title='bbox 2208 2128 2551 2181; x_wconf 86' lang='lat' dir='ltr'><strong>honestatem</strong></span> <span class='ocrx_word' id='word_1_307' title='bbox 2600 2125 2904 2196; x_wconf 87' lang='lat' dir='ltr'><strong>pertinent,</strong></span> <span class='ocrx_word' id='word_1_308' title='bbox 2933 2123 3101 2180; x_wconf 89' lang='lat' dir='ltr'><strong>nullis</strong></span> <span class='ocrx_word' id='word_1_309' title='bbox 3135 2138 3259 2178; x_wconf 86' lang='lat' dir='ltr'><strong>esse</strong></span> <span class='ocrx_word' id='word_1_310' title='bbox 3310 2120 3628 2176; x_wconf 89' lang='lat' dir='ltr'><strong>inferiores.</strong></span> 
     </span>
    </p>
   </div>
   <div class='ocr_carea' id='block_1_49' title="bbox 2052 2212 3632 2287">
    <p class='ocr_par' dir='ltr' id='par_1_49' title="bbox 2052 2212 3632 2287">
     <span class='ocr_line' id='line_1_49' title="bbox 2052 2212 3632 2287; baseline -0.006 -16"><span class='ocrx_word' id='word_1_311' title='bbox 2052 2216 2366 2272; x_wconf 85' lang='lat' dir='ltr'><strong>Verendum</strong></span> <span class='ocrx_word' id='word_1_312' title='bbox 2409 2218 2579 2287; x_wconf 80' lang='lat' dir='ltr'><strong>igitur</strong></span> <span class='ocrx_word' id='word_1_313' title='bbox 2604 2232 2673 2271; x_wconf 90' lang='lat' dir='ltr'><strong>ne</strong></span> <span class='ocrx_word' id='word_1_314' title='bbox 2699 2217 2886 2286; x_wconf 85' lang='lat' dir='ltr'><strong>potius</strong></span> <span class='ocrx_word' id='word_1_315' title='bbox 2921 2225 3001 2270; x_wconf 84' lang='lat' dir='ltr'><strong>tot</strong></span> <span class='ocrx_word' id='word_1_316' title='bbox 3038 2222 3434 2284; x_wconf 86' lang='lat' dir='ltr'><strong>tantorumque</strong></span> <span class='ocrx_word' id='word_1_317' title='bbox 3462 2212 3632 2267; x_wconf 81' lang='lat' dir='ltr'><strong>malo-</strong></span> 
     </span>
    </p>
   </div>
   <div class='ocr_carea' id='block_1_50' title="bbox 2052 2305 3632 2377">
    <p class='ocr_par' dir='ltr' id='par_1_50' title="bbox 2052 2305 3632 2377">
     <span class='ocr_line' id='line_1_50' title="bbox 2052 2305 3632 2377; baseline -0.006 -12"><span class='ocrx_word' id='word_1_318' title='bbox 2052 2325 2173 2365; x_wconf 89' lang='lat' dir='ltr'><strong>rum</strong></span> <span class='ocrx_word' id='word_1_319' title='bbox 2208 2309 2405 2371; x_wconf 88' lang='lat' dir='ltr'><strong>fomes,</strong></span> <span class='ocrx_word' id='word_1_320' title='bbox 2460 2318 2518 2364; x_wconf 89' lang='lat' dir='ltr'><strong>et</strong></span> <span class='ocrx_word' id='word_1_321' title='bbox 2565 2308 2799 2364; x_wconf 86' lang='lat' dir='ltr'><strong>materia</strong></span> <span class='ocrx_word' id='word_1_322' title='bbox 2834 2307 3022 2372; x_wconf 87' lang='lat' dir='ltr'><strong>fuerit,</strong></span> <span class='ocrx_word' id='word_1_323' title='bbox 3068 2307 3215 2377; x_wconf 90' lang='lat' dir='ltr'><strong>quod</strong></span> <span class='ocrx_word' id='word_1_324' title='bbox 3255 2305 3428 2361; x_wconf 64' lang='lat' dir='ltr'><strong>Graeci</strong></span> <span class='ocrx_word' id='word_1_325' title='bbox 3483 2305 3632 2358; x_wconf 79' lang='lat' dir='ltr'><strong>veris</strong></span> 
     </span>
    </p>
   </div>
   <div class='ocr_carea' id='block_1_51' title="bbox 2052 2398 3631 2472">
    <p class='ocr_par' dir='ltr' id='par_1_51' title="bbox 2052 2398 3631 2472">
     <span class='ocr_line' id='line_1_51' title="bbox 2052 2398 3631 2472; baseline -0.006 -15"><span class='ocrx_word' id='word_1_326' title='bbox 2052 2403 2403 2472; x_wconf 80' lang='lat' dir='ltr'><strong>dogmatibus</strong></span> <span class='ocrx_word' id='word_1_327' title='bbox 2444 2416 2545 2472; x_wconf 92' lang='lat' dir='ltr'><strong>per</strong></span> <span class='ocrx_word' id='word_1_328' title='bbox 2599 2400 2913 2456; x_wconf 85' lang='lat' dir='ltr'><strong>socordiam</strong></span> <span class='ocrx_word' id='word_1_329' title='bbox 2945 2399 3166 2455; x_wconf 85' lang='lat' dir='ltr'><strong>omissis</strong></span> <span class='ocrx_word' id='word_1_330' title='bbox 3202 2399 3269 2452; x_wconf 90' lang='lat' dir='ltr'><strong>ab</strong></span> <span class='ocrx_word' id='word_1_331' title='bbox 3305 2398 3631 2452; x_wconf 84' lang='lat' dir='ltr'><strong>intemerata</strong></span> 
     </span>
    </p>
   </div>
   <div class='ocr_carea' id='block_1_52' title="bbox 2056 2489 3632 2555">
    <p class='ocr_par' dir='ltr' id='par_1_52' title="bbox 2056 2489 3632 2555">
     <span class='ocr_line' id='line_1_52' title="bbox 2056 2489 3632 2555; baseline -0.003 -7"><span class='ocrx_word' id='word_1_332' title='bbox 2056 2495 2185 2550; x_wconf 85' lang='lat' dir='ltr'><strong>ﬁdei</strong></span> <span class='ocrx_word' id='word_1_333' title='bbox 2227 2495 2458 2552; x_wconf 82' lang='lat' dir='ltr'><strong>veritate</strong></span> <span class='ocrx_word' id='word_1_334' title='bbox 2494 2502 2869 2555; x_wconf 87' lang='lat' dir='ltr'><strong>secesserunt,</strong></span> <span class='ocrx_word' id='word_1_335' title='bbox 2904 2503 2961 2548; x_wconf 90' lang='lat' dir='ltr'><strong>et</strong></span> <span class='ocrx_word' id='word_1_336' title='bbox 2992 2492 3383 2548; x_wconf 86' lang='lat' dir='ltr'><strong>iuconsutilem</strong></span> <span class='ocrx_word' id='word_1_337' title='bbox 3416 2489 3632 2543; x_wconf 87' lang='lat' dir='ltr'><strong>Domini</strong></span> 
     </span>
    </p>
   </div>
   <div class='ocr_carea' id='block_1_53' title="bbox 2055 2582 3633 2646">
    <p class='ocr_par' dir='ltr' id='par_1_53' title="bbox 2055 2582 3633 2646">
     <span class='ocr_line' id='line_1_53' title="bbox 2055 2582 3633 2646; baseline -0.004 -5"><span class='ocrx_word' id='word_1_338' title='bbox 2055 2589 2304 2646; x_wconf 86' lang='lat' dir='ltr'><strong>tunicam</strong></span> <span class='ocrx_word' id='word_1_339' title='bbox 2330 2588 2647 2645; x_wconf 79' lang='lat' dir='ltr'><strong>sciudenles</strong></span> <span class='ocrx_word' id='word_1_340' title='bbox 2673 2604 2703 2643; x_wconf 88' lang='lat' dir='ltr'><strong>a</strong></span> <span class='ocrx_word' id='word_1_341' title='bbox 2725 2587 2997 2644; x_wconf 87' lang='lat' dir='ltr'><strong>catholica</strong></span> <span class='ocrx_word' id='word_1_342' title='bbox 3024 2584 3269 2641; x_wconf 77' lang='lat' dir='ltr'><strong>Ecclesia</strong></span> <span class='ocrx_word' id='word_1_343' title='bbox 3294 2592 3426 2639; x_wconf 88' lang='lat' dir='ltr'><strong>sunt</strong></span> <span class='ocrx_word' id='word_1_344' title='bbox 3450 2582 3633 2638; x_wconf 80' lang='lat' dir='ltr'><strong>divisi.</strong></span> 
     </span>
    </p>
   </div>
   <div class='ocr_carea' id='block_1_54' title="bbox 2054 2674 3640 2760">
    <p class='ocr_par' dir='ltr' id='par_1_54' title="bbox 2054 2674 3640 2760">
     <span class='ocr_line' id='line_1_54' title="bbox 2054 2674 3640 2760; baseline -0.004 -25"><span class='ocrx_word' id='word_1_345' title='bbox 2054 2677 2226 2750; x_wconf 88' lang='lat' dir='ltr'><strong>Cujus</strong></span> <span class='ocrx_word' id='word_1_346' title='bbox 2256 2679 2334 2733; x_wconf 90' lang='lat' dir='ltr'><strong>rei</strong></span> <span class='ocrx_word' id='word_1_347' title='bbox 2368 2694 2535 2735; x_wconf 87' lang='lat' dir='ltr'><strong>causa</strong></span> <span class='ocrx_word' id='word_1_348' title='bbox 2570 2678 2677 2760; x_wconf 71' lang='lat' dir='ltr'><strong>fuit</strong></span> <span class='ocrx_word' id='word_1_349' title='bbox 2708 2678 2994 2734; x_wconf 86' lang='lat' dir='ltr'><strong>temeritas</strong></span> <span class='ocrx_word' id='word_1_350' title='bbox 3021 2674 3387 2746; x_wconf 83' lang='lat' dir='ltr'><strong>quorumdam</strong></span> <span class='ocrx_word' id='word_1_351' title='bbox 3422 2681 3640 2729; x_wconf 84' lang='lat' dir='ltr'><strong>nostro-</strong></span> 
     </span>
    </p>
   </div>
   <div class='ocr_carea' id='block_1_55' title="bbox 2058 2768 3640 2844">
    <p class='ocr_par' dir='ltr' id='par_1_55' title="bbox 2058 2768 3640 2844">
     <span class='ocr_line' id='line_1_55' title="bbox 2058 2768 3640 2844; baseline -0.003 -19"><span class='ocrx_word' id='word_1_352' title='bbox 2058 2786 2206 2839; x_wconf 88' lang='lat' dir='ltr'><strong>rum,</strong></span> <span class='ocrx_word' id='word_1_353' title='bbox 2235 2787 2303 2827; x_wconf 86' lang='lat' dir='ltr'><strong>ne</strong></span> <span class='ocrx_word' id='word_1_354' title='bbox 2351 2772 2510 2827; x_wconf 88' lang='lat' dir='ltr'><strong>alteri</strong></span> <span class='ocrx_word' id='word_1_355' title='bbox 2560 2771 2904 2844; x_wconf 83' lang='lat' dir='ltr'><strong>principatus</strong></span> <span class='ocrx_word' id='word_1_356' title='bbox 2945 2770 3032 2826; x_wconf 77' lang='lat' dir='ltr'><strong>sui</strong></span> <span class='ocrx_word' id='word_1_357' title='bbox 3079 2771 3351 2826; x_wconf 86' lang='lat' dir='ltr'><strong>rationem</strong></span> <span class='ocrx_word' id='word_1_358' title='bbox 3405 2768 3640 2824; x_wconf 82' lang='lat' dir='ltr'><strong>reddere</strong></span> 
     </span>
    </p>
   </div>
   <div class='ocr_carea' id='block_1_56' title="bbox 2059 2863 3640 2936">
    <p class='ocr_par' dir='ltr' id='par_1_56' title="bbox 2059 2863 3640 2936">
     <span class='ocr_line' id='line_1_56' title="bbox 2059 2863 3640 2936; baseline -0.002 -18"><span class='ocrx_word' id='word_1_359' title='bbox 2059 2876 2413 2936; x_wconf 78' lang='lat' dir='ltr'><strong>cogerentur.</strong></span> <span class='ocrx_word' id='word_1_360' title='bbox 2462 2864 2574 2920; x_wconf 84' lang='lat' dir='ltr'><strong>Hos</strong></span> <span class='ocrx_word' id='word_1_361' title='bbox 2623 2863 2825 2920; x_wconf 87' lang='lat' dir='ltr'><strong>deinde</strong></span> <span class='ocrx_word' id='word_1_362' title='bbox 2874 2864 3213 2935; x_wconf 63' lang='lat' dir='ltr'><strong>posteriores</strong></span> <span class='ocrx_word' id='word_1_363' title='bbox 3265 2878 3488 2933; x_wconf 87' lang='lat' dir='ltr'><strong>quoque</strong></span> <span class='ocrx_word' id='word_1_364' title='bbox 3530 2877 3640 2915; x_wconf 79' lang='lat' dir='ltr'><strong>non</strong></span> 
     </span>
    </p>
   </div>
   <div class='ocr_carea' id='block_1_57' title="bbox 2059 2954 3646 3027">
    <p class='ocr_par' dir='ltr' id='par_1_57' title="bbox 2059 2954 3646 3027">
     <span class='ocr_line' id='line_1_57' title="bbox 2059 2954 3646 3027; baseline -0.003 -15"><span class='ocrx_word' id='word_1_365' title='bbox 2059 2967 2170 3013; x_wconf 84' lang='lat' dir='ltr'><strong>tam</strong></span> <span class='ocrx_word' id='word_1_366' title='bbox 2199 2973 2297 3012; x_wconf 87' lang='lat' dir='ltr'><strong>sua</strong></span> <span class='ocrx_word' id='word_1_367' title='bbox 2341 2958 2613 3027; x_wconf 80' lang='lat' dir='ltr'><strong>pravitate</strong></span> <span class='ocrx_word' id='word_1_368' title='bbox 2642 2958 2802 3018; x_wconf 88' lang='lat' dir='ltr'><strong>moti.</strong></span> <span class='ocrx_word' id='word_1_369' title='bbox 2832 2972 2996 3027; x_wconf 85' lang='lat' dir='ltr'><strong>quam</strong></span> <span class='ocrx_word' id='word_1_370' title='bbox 3029 2956 3251 3013; x_wconf 88' lang='lat' dir='ltr'><strong>illorum</strong></span> <span class='ocrx_word' id='word_1_371' title='bbox 3298 2954 3479 3011; x_wconf 85' lang='lat' dir='ltr'><strong>allecti</strong></span> <span class='ocrx_word' id='word_1_372' title='bbox 3520 2970 3646 3026; x_wconf 89' lang='lat' dir='ltr'><strong>per-</strong></span> 
     </span>
    </p>
   </div>
   <div class='ocr_carea' id='block_1_58' title="bbox 2062 3046 3645 3120">
    <p class='ocr_par' dir='ltr' id='par_1_58' title="bbox 2062 3046 3645 3120">
     <span class='ocr_line' id='line_1_58' title="bbox 2062 3046 3645 3120; baseline -0.003 -15"><span class='ocrx_word' id='word_1_373' title='bbox 2062 3050 2324 3106; x_wconf 77' lang='lat' dir='ltr'><strong>versitate</strong></span> <span class='ocrx_word' id='word_1_374' title='bbox 2354 3060 2480 3105; x_wconf 90' lang='lat' dir='ltr'><strong>sunt</strong></span> <span class='ocrx_word' id='word_1_375' title='bbox 2507 3050 2706 3106; x_wconf 90' lang='lat' dir='ltr'><strong>secuti.</strong></span> <span class='ocrx_word' id='word_1_376' title='bbox 2757 3048 2867 3105; x_wconf 91' lang='lat' dir='ltr'><strong>Sed</strong></span> <span class='ocrx_word' id='word_1_377' title='bbox 2916 3048 3197 3119; x_wconf 88' lang='lat' dir='ltr'><strong>deponere</strong></span> <span class='ocrx_word' id='word_1_378' title='bbox 3227 3046 3550 3120; x_wconf 88' lang='lat' dir='ltr'><strong>aliquando,</strong></span> <span class='ocrx_word' id='word_1_379' title='bbox 3580 3060 3645 3100; x_wconf 86' lang='lat' dir='ltr'><strong>ac</strong></span> 
     </span>
    </p>
   </div>
   <div class='ocr_carea' id='block_1_59' title="bbox 2063 3138 3645 3213">
    <p class='ocr_par' dir='ltr' id='par_1_59' title="bbox 2063 3138 3645 3213">
     <span class='ocr_line' id='line_1_59' title="bbox 2063 3138 3645 3213; baseline -0.003 -16"><span class='ocrx_word' id='word_1_380' title='bbox 2063 3159 2295 3213; x_wconf 76' lang='lat' dir='ltr'><strong>prorsus</strong></span> <span class='ocrx_word' id='word_1_381' title='bbox 2327 3142 2550 3209; x_wconf 74' lang='lat' dir='ltr'><strong>abigere</strong></span> <span class='ocrx_word' id='word_1_382' title='bbox 2583 3141 2727 3196; x_wconf 88' lang='lat' dir='ltr'><strong>hanc</strong></span> <span class='ocrx_word' id='word_1_383' title='bbox 2776 3138 3081 3211; x_wconf 89' lang='lat' dir='ltr'><strong>perniciem</strong></span> <span class='ocrx_word' id='word_1_384' title='bbox 3121 3139 3346 3204; x_wconf 86' lang='lat' dir='ltr'><strong>decens,</strong></span> <span class='ocrx_word' id='word_1_385' title='bbox 3397 3154 3461 3194; x_wconf 90' lang='lat' dir='ltr'><strong>ac</strong></span> <span class='ocrx_word' id='word_1_386' title='bbox 3500 3139 3645 3196; x_wconf 86' lang='lat' dir='ltr'><strong>salu-</strong></span> 
     </span>
    </p>
   </div>
   <div class='ocr_carea' id='block_1_60' title="bbox 2066 3233 3648 3304">
    <p class='ocr_par' dir='ltr' id='par_1_60' title="bbox 2066 3233 3648 3304">
     <span class='ocr_line' id='line_1_60' title="bbox 2066 3233 3648 3304; baseline -0.003 -14"><span class='ocrx_word' id='word_1_387' title='bbox 2066 3237 2289 3290; x_wconf 73' lang='lat' dir='ltr'><strong>tifcrum</strong></span> <span class='ocrx_word' id='word_1_388' title='bbox 2318 3246 2423 3289; x_wconf 67' lang='lat' dir='ltr'><strong>est.</strong></span> <span class='ocrx_word' id='word_1_389' title='bbox 2451 3234 2824 3302; x_wconf 85' lang='lat' dir='ltr'><strong>Quamobrem</strong></span> <span class='ocrx_word' id='word_1_390' title='bbox 2849 3248 2945 3287; x_wconf 84' lang='lat' dir='ltr'><strong>vos</strong></span> <span class='ocrx_word' id='word_1_391' title='bbox 2970 3233 3166 3288; x_wconf 86' lang='lat' dir='ltr'><strong>hortor</strong></span> <span class='ocrx_word' id='word_1_392' title='bbox 3190 3244 3247 3288; x_wconf 88' lang='lat' dir='ltr'><strong>et</strong></span> <span class='ocrx_word' id='word_1_393' title='bbox 3273 3248 3424 3304; x_wconf 84' lang='lat' dir='ltr'><strong>rogo,</strong></span> <span class='ocrx_word' id='word_1_394' title='bbox 3447 3233 3648 3288; x_wconf 76' lang='lat' dir='ltr'><strong>fratres</strong></span> 
     </span>
    </p>
   </div>
   <div class='ocr_carea' id='block_1_61' title="bbox 375 3319 3647 3400">
    <p class='ocr_par' dir='ltr' id='par_1_61' title="bbox 375 3319 3647 3400">
     <span class='ocr_line' id='line_1_61' title="bbox 375 3319 3647 3400; baseline -0.005 -2"><span class='ocrx_word' id='word_1_395' title='bbox 375 3333 504 3389; x_wconf 71' lang='lat' dir='ltr'><strong>bam</strong></span> <span class='ocrx_word' id='word_1_396' title='bbox 541 3338 785 3395; x_wconf 64' lang='lat' dir='ltr'><strong>mum“.</strong></span> <span class='ocrx_word' id='word_1_397' title='bbox 838 3341 1016 3398; x_wconf 74' lang='lat' dir='ltr'><strong>neque</strong></span> <span class='ocrx_word' id='word_1_398' title='bbox 1064 3340 1128 3381; x_wconf 70' lang='lat' dir='ltr'><strong>ea</strong></span> <span class='ocrx_word' id='word_1_399' title='bbox 1180 3324 1469 3395; x_wconf 72' lang='lat' dir='ltr'><strong>patiuntur</strong></span> <span class='ocrx_word' id='word_1_400' title='bbox 1542 3319 1799 3381; x_wconf 71' lang='grc' dir='ltr'><strong>τθιίοθτθο</strong></span> <span class='ocrx_word' id='word_1_401' title='bbox 1838 3334 1959 3389; x_wconf 69' lang='grc' dir='ltr'><strong>(ιυω</strong></span> <span class='ocrx_word' id='word_1_402' title='bbox 1987 3331 2032 3390; x_wconf 83' lang='lat' dir='ltr'><strong><em>C</em></strong></span> <span class='ocrx_word' id='word_1_403' title='bbox 2066 3337 2121 3383; x_wconf 81' lang='lat' dir='ltr'><strong>et</strong></span> <span class='ocrx_word' id='word_1_404' title='bbox 2150 3329 2244 3384; x_wconf 86' lang='lat' dir='ltr'><strong>lilii</strong></span> <span class='ocrx_word' id='word_1_405' title='bbox 2279 3331 2333 3384; x_wconf 92' lang='lat' dir='ltr'><strong>in</strong></span> <span class='ocrx_word' id='word_1_406' title='bbox 2366 3329 2576 3400; x_wconf 87' lang='lat' dir='ltr'><strong>Spiritu</strong></span> <span class='ocrx_word' id='word_1_407' title='bbox 2611 3336 2804 3384; x_wconf 88' lang='lat' dir='ltr'><strong>sancto</strong></span> <span class='ocrx_word' id='word_1_408' title='bbox 2828 3326 3318 3395; x_wconf 89' lang='lat' dir='ltr'><strong>desideratissimi,</strong></span> <span class='ocrx_word' id='word_1_409' title='bbox 3349 3327 3501 3383; x_wconf 88' lang='lat' dir='ltr'><strong>omni</strong></span> <span class='ocrx_word' id='word_1_410' title='bbox 3526 3336 3647 3382; x_wconf 89' lang='lat' dir='ltr'><strong>stu-</strong></span> 
     </span>
    </p>
   </div>
   <div class='ocr_carea' id='block_1_62' title="bbox 375 3411 1958 3493">
    <p class='ocr_par' dir='ltr' id='par_1_62' title="bbox 375 3411 1958 3493">
     <span class='ocr_line' id='line_1_62' title="bbox 375 3411 1958 3493; baseline -0.007 -17"><span class='ocrx_word' id='word_1_411' title='bbox 375 3422 540 3477; x_wconf 79' lang='lat' dir='ltr'><strong>vobis</strong></span> <span class='ocrx_word' id='word_1_412' title='bbox 570 3420 796 3493; x_wconf 82' lang='lat' dir='ltr'><strong>cognitu</strong></span> <span class='ocrx_word' id='word_1_413' title='bbox 848 3417 1162 3473; x_wconf 86' lang='lat' dir='ltr'><strong>necessaria</strong></span> <span class='ocrx_word' id='word_1_414' title='bbox 1212 3423 1362 3470; x_wconf 86' lang='lat' dir='ltr'><strong>sunt.</strong></span> <span class='ocrx_word' id='word_1_415' title='bbox 1398 3413 1537 3469; x_wconf 83' lang='lat' dir='ltr'><strong>Ante</strong></span> <span class='ocrx_word' id='word_1_416' title='bbox 1577 3411 1759 3466; x_wconf 90' lang='lat' dir='ltr'><strong>omnia</strong></span> <span class='ocrx_word' id='word_1_417' title='bbox 1791 3411 1958 3483; x_wconf 54' lang='lat' dir='ltr'><strong>igitur</strong></span> 
     </span>
    </p>
   </div>
   <div class='ocr_carea' id='block_1_63' title="bbox 380 3505 1958 3578">
    <p class='ocr_par' dir='ltr' id='par_1_63' title="bbox 380 3505 1958 3578">
     <span class='ocr_line' id='line_1_63' title="bbox 380 3505 1958 3578; baseline -0.009 -7"><span class='ocrx_word' id='word_1_418' title='bbox 380 3524 741 3576; x_wconf 86' lang='lat' dir='ltr'><strong>mementote.</strong></span> <span class='ocrx_word' id='word_1_419' title='bbox 774 3514 973 3567; x_wconf 87' lang='lat' dir='ltr'><strong>fratres</strong></span> <span class='ocrx_word' id='word_1_420' title='bbox 1005 3522 1063 3565; x_wconf 91' lang='lat' dir='ltr'><strong>et</strong></span> <span class='ocrx_word' id='word_1_421' title='bbox 1114 3508 1236 3572; x_wconf 89' lang='lat' dir='ltr'><strong>ﬁlii,</strong></span> <span class='ocrx_word' id='word_1_422' title='bbox 1282 3507 1465 3578; x_wconf 91' lang='lat' dir='ltr'><strong>qualis</strong></span> <span class='ocrx_word' id='word_1_423' title='bbox 1499 3505 1653 3570; x_wconf 89' lang='lat' dir='ltr'><strong>olim,</strong></span> <span class='ocrx_word' id='word_1_424' title='bbox 1684 3518 1958 3575; x_wconf 88' lang='lat' dir='ltr'><strong>quamque</strong></span> 
     </span>
    </p>
   </div>
   <div class='ocr_carea' id='block_1_64' title="bbox 376 3598 1958 3666">
    <p class='ocr_par' dir='ltr' id='par_1_64' title="bbox 376 3598 1958 3666">
     <span class='ocr_line' id='line_1_64' title="bbox 376 3598 1958 3666; baseline -0.011 -1"><span class='ocrx_word' id='word_1_425' title='bbox 376 3611 655 3666; x_wconf 78' lang='lat' dir='ltr'><strong>excellens</strong></span> <span class='ocrx_word' id='word_1_426' title='bbox 701 3608 868 3662; x_wconf 89' lang='lat' dir='ltr'><strong>fuerit</strong></span> <span class='ocrx_word' id='word_1_427' title='bbox 920 3606 1071 3659; x_wconf 90' lang='lat' dir='ltr'><strong>natio</strong></span> <span class='ocrx_word' id='word_1_428' title='bbox 1117 3610 1329 3666; x_wconf 85' lang='lat' dir='ltr'><strong>nostra,</strong></span> <span class='ocrx_word' id='word_1_429' title='bbox 1377 3609 1492 3654; x_wconf 91' lang='lat' dir='ltr'><strong>tum</strong></span> <span class='ocrx_word' id='word_1_430' title='bbox 1533 3598 1808 3659; x_wconf 82' lang='lat' dir='ltr'><strong>doctrina,</strong></span> <span class='ocrx_word' id='word_1_431' title='bbox 1844 3606 1958 3649; x_wconf 87' lang='lat' dir='ltr'><strong>tum</strong></span> 
     </span>
    </p>
   </div>
   <div class='ocr_carea' id='block_1_65' title="bbox 378 3688 1958 3771">
    <p class='ocr_par' dir='ltr' id='par_1_65' title="bbox 378 3688 1958 3771">
     <span class='ocr_line' id='line_1_65' title="bbox 378 3688 1958 3771; baseline -0.01 -15"><span class='ocrx_word' id='word_1_432' title='bbox 378 3703 530 3757; x_wconf 92' lang='lat' dir='ltr'><strong>omni</strong></span> <span class='ocrx_word' id='word_1_433' title='bbox 585 3699 870 3771; x_wconf 61' lang='lat' dir='ltr'><strong>sapientiae</strong></span> <span class='ocrx_word' id='word_1_434' title='bbox 921 3712 1146 3768; x_wconf 79' lang='lat' dir='ltr'><strong>genere,</strong></span> <span class='ocrx_word' id='word_1_435' title='bbox 1195 3709 1322 3749; x_wconf 89' lang='lat' dir='ltr'><strong>cum</strong></span> <span class='ocrx_word' id='word_1_436' title='bbox 1375 3692 1590 3747; x_wconf 71' lang='lat' dir='ltr'><strong>caeteris</strong></span> <span class='ocrx_word' id='word_1_437' title='bbox 1637 3688 1958 3751; x_wconf 69' lang='lat' dir='ltr'><strong>virtutibus.</strong></span> 
     </span>
    </p>
   </div>
   <div class='ocr_carea' id='block_1_66' title="bbox 379 3782 1963 3867">
    <p class='ocr_par' dir='ltr' id='par_1_66' title="bbox 379 3782 1963 3867">
     <span class='ocr_line' id='line_1_66' title="bbox 379 3782 1963 3867; baseline -0.011 -14"><span class='ocrx_word' id='word_1_438' title='bbox 379 3811 501 3867; x_wconf 66' lang='lat' dir='ltr'><strong>quae</strong></span> <span class='ocrx_word' id='word_1_439' title='bbox 528 3804 789 3865; x_wconf 75' lang='lat' dir='ltr'><strong>przeterea</strong></span> <span class='ocrx_word' id='word_1_440' title='bbox 816 3791 985 3853; x_wconf 87' lang='lat' dir='ltr'><strong>vires,</strong></span> <span class='ocrx_word' id='word_1_441' title='bbox 1017 3804 1139 3858; x_wconf 76' lang='lat' dir='ltr'><strong>qua:</strong></span> <span class='ocrx_word' id='word_1_442' title='bbox 1170 3786 1439 3857; x_wconf 76' lang='lat' dir='ltr'><strong>potentia,</strong></span> <span class='ocrx_word' id='word_1_443' title='bbox 1469 3784 1565 3855; x_wconf 89' lang='lat' dir='ltr'><strong>qui</strong></span> <span class='ocrx_word' id='word_1_444' title='bbox 1616 3782 1963 3854; x_wconf 86' lang='lat' dir='ltr'><strong>principatus</strong></span> 
     </span>
    </p>
   </div>
   <div class='ocr_carea' id='block_1_67' title="bbox 381 3876 1961 3949">
    <p class='ocr_par' dir='ltr' id='par_1_67' title="bbox 381 3876 1961 3949">
     <span class='ocr_line' id='line_1_67' title="bbox 381 3876 1961 3949; baseline -0.01 -6"><span class='ocrx_word' id='word_1_445' title='bbox 381 3899 702 3944; x_wconf 88' lang='lat' dir='ltr'><strong>nostrorum</strong></span> <span class='ocrx_word' id='word_1_446' title='bbox 739 3884 969 3939; x_wconf 88' lang='lat' dir='ltr'><strong>fuerint.</strong></span> <span class='ocrx_word' id='word_1_447' title='bbox 1020 3880 1154 3949; x_wconf 78' lang='lat' dir='ltr'><strong>Quis</strong></span> <span class='ocrx_word' id='word_1_448' title='bbox 1208 3880 1355 3934; x_wconf 89' lang='lat' dir='ltr'><strong>enim</strong></span> <span class='ocrx_word' id='word_1_449' title='bbox 1399 3878 1616 3932; x_wconf 85' lang='lat' dir='ltr'><strong>dubitet</strong></span> <span class='ocrx_word' id='word_1_450' title='bbox 1645 3876 1961 3931; x_wconf 64' lang='lat' dir='ltr'><strong>Graecorum</strong></span> 
     </span>
    </p>
   </div>
   <div class='ocr_carea' id='block_1_68' title="bbox 382 3968 1963 4052">
    <p class='ocr_par' dir='ltr' id='par_1_68' title="bbox 382 3968 1963 4052">
     <span class='ocr_line' id='line_1_68' title="bbox 382 3968 1963 4052; baseline -0.009 -16"><span class='ocrx_word' id='word_1_451' title='bbox 382 3991 598 4052; x_wconf 85' lang='lat' dir='ltr'><strong>gentem</strong></span> <span class='ocrx_word' id='word_1_452' title='bbox 647 3978 893 4031; x_wconf 89' lang='lat' dir='ltr'><strong>omnium</strong></span> <span class='ocrx_word' id='word_1_453' title='bbox 945 3973 1259 4028; x_wconf 90' lang='lat' dir='ltr'><strong>liberalium</strong></span> <span class='ocrx_word' id='word_1_454' title='bbox 1311 3971 1532 4036; x_wconf 83' lang='lat' dir='ltr'><strong>artium,</strong></span> <span class='ocrx_word' id='word_1_455' title='bbox 1564 3985 1627 4025; x_wconf 89' lang='lat' dir='ltr'><strong>ac</strong></span> <span class='ocrx_word' id='word_1_456' title='bbox 1674 3968 1843 4024; x_wconf 88' lang='lat' dir='ltr'><strong>totius</strong></span> <span class='ocrx_word' id='word_1_457' title='bbox 1879 3983 1963 4022; x_wconf 85' lang='lat' dir='ltr'><strong>sa-</strong></span> 
     </span>
    </p>
   </div>
   <div class='ocr_carea' id='block_1_69' title="bbox 382 4062 1966 4145">
    <p class='ocr_par' dir='ltr' id='par_1_69' title="bbox 382 4062 1966 4145">
     <span class='ocr_line' id='line_1_69' title="bbox 382 4062 1966 4145; baseline -0.009 -16"><span class='ocrx_word' id='word_1_458' title='bbox 382 4074 603 4145; x_wconf 82' lang='lat' dir='ltr'><strong>pientiae</strong></span> <span class='ocrx_word' id='word_1_459' title='bbox 639 4087 748 4124; x_wconf 93' lang='lat' dir='ltr'><strong>non</strong></span> <span class='ocrx_word' id='word_1_460' title='bbox 784 4070 947 4124; x_wconf 75' lang='lat' dir='ltr'><strong>modo</strong></span> <span class='ocrx_word' id='word_1_461' title='bbox 988 4067 1372 4127; x_wconf 81' lang='lat' dir='ltr'><strong>inventricem,</strong></span> <span class='ocrx_word' id='word_1_462' title='bbox 1407 4077 1603 4118; x_wconf 90' lang='lat' dir='ltr'><strong>verum</strong></span> <span class='ocrx_word' id='word_1_463' title='bbox 1646 4062 1812 4117; x_wconf 87' lang='lat' dir='ltr'><strong>etiam</strong></span> <span class='ocrx_word' id='word_1_464' title='bbox 1841 4075 1966 4131; x_wconf 91' lang='lat' dir='ltr'><strong>pcr-</strong></span> 
     </span>
    </p>
   </div>
   <div class='ocr_carea' id='block_1_70' title="bbox 384 4154 1967 4226">
    <p class='ocr_par' dir='ltr' id='par_1_70' title="bbox 384 4154 1967 4226">
     <span class='ocr_line' id='line_1_70' title="bbox 384 4154 1967 4226; baseline -0.009 -5"><span class='ocrx_word' id='word_1_465' title='bbox 384 4168 663 4223; x_wconf 71' lang='lat' dir='ltr'><strong>fectrfcem</strong></span> <span class='ocrx_word' id='word_1_466' title='bbox 693 4159 1017 4218; x_wconf 80' lang='lat' dir='ltr'><strong>exstitisse?</strong></span> <span class='ocrx_word' id='word_1_467' title='bbox 1040 4159 1155 4213; x_wconf 90' lang='lat' dir='ltr'><strong>lllic</strong></span> <span class='ocrx_word' id='word_1_468' title='bbox 1191 4172 1408 4226; x_wconf 85' lang='lat' dir='ltr'><strong>semper</strong></span> <span class='ocrx_word' id='word_1_469' title='bbox 1439 4165 1493 4210; x_wconf 90' lang='lat' dir='ltr'><strong>et</strong></span> <span class='ocrx_word' id='word_1_470' title='bbox 1523 4156 1725 4219; x_wconf 90' lang='lat' dir='ltr'><strong>virtus,</strong></span> <span class='ocrx_word' id='word_1_471' title='bbox 1757 4162 1813 4209; x_wconf 91' lang='lat' dir='ltr'><strong>et</strong></span> <span class='ocrx_word' id='word_1_472' title='bbox 1840 4154 1967 4208; x_wconf 84' lang='lat' dir='ltr'><strong>reli-</strong></span> 
     </span>
    </p>
   </div>
   <div class='ocr_carea' id='block_1_71' title="bbox 382 4247 1970 4329">
    <p class='ocr_par' dir='ltr' id='par_1_71' title="bbox 382 4247 1970 4329">
     <span class='ocr_line' id='line_1_71' title="bbox 382 4247 1970 4329; baseline -0.008 -18"><span class='ocrx_word' id='word_1_473' title='bbox 382 4259 495 4329; x_wconf 77' lang='lat' dir='ltr'><strong>gio,</strong></span> <span class='ocrx_word' id='word_1_474' title='bbox 547 4266 603 4311; x_wconf 85' lang='lat' dir='ltr'><strong>ct</strong></span> <span class='ocrx_word' id='word_1_475' title='bbox 650 4252 1013 4309; x_wconf 82' lang='lat' dir='ltr'><strong>sanctimonia</strong></span> <span class='ocrx_word' id='word_1_476' title='bbox 1066 4250 1343 4313; x_wconf 84' lang='lat' dir='ltr'><strong>ﬂoruere;</strong></span> <span class='ocrx_word' id='word_1_477' title='bbox 1389 4248 1505 4303; x_wconf 89' lang='lat' dir='ltr'><strong>illic</strong></span> <span class='ocrx_word' id='word_1_478' title='bbox 1555 4247 1760 4303; x_wconf 87' lang='lat' dir='ltr'><strong>enituit</strong></span> <span class='ocrx_word' id='word_1_479' title='bbox 1799 4247 1970 4301; x_wconf 73' lang='lat' dir='ltr'><strong>tot’us</strong></span> 
     </span>
    </p>
   </div>
   <div class='ocr_carea' id='block_1_72' title="bbox 383 4339 1969 4418">
    <p class='ocr_par' dir='ltr' id='par_1_72' title="bbox 383 4339 1969 4418">
     <span class='ocr_line' id='line_1_72' title="bbox 383 4339 1969 4418; baseline -0.009 -13"><span class='ocrx_word' id='word_1_480' title='bbox 383 4351 541 4405; x_wconf 89' lang='lat' dir='ltr'><strong>orbis</strong></span> <span class='ocrx_word' id='word_1_481' title='bbox 575 4346 892 4418; x_wconf 88' lang='lat' dir='ltr'><strong>imperium,</strong></span> <span class='ocrx_word' id='word_1_482' title='bbox 927 4358 1075 4398; x_wconf 75' lang='lat' dir='ltr'><strong>inme</strong></span> <span class='ocrx_word' id='word_1_483' title='bbox 1109 4356 1241 4397; x_wconf 89' lang='lat' dir='ltr'><strong>vero</strong></span> <span class='ocrx_word' id='word_1_484' title='bbox 1284 4341 1412 4409; x_wconf 89' lang='lat' dir='ltr'><strong>(heu</strong></span> <span class='ocrx_word' id='word_1_485' title='bbox 1445 4339 1748 4404; x_wconf 79' lang='lat' dir='ltr'><strong>infelicem,</strong></span> <span class='ocrx_word' id='word_1_486' title='bbox 1776 4348 1831 4393; x_wconf 89' lang='lat' dir='ltr'><strong>et</strong></span> <span class='ocrx_word' id='word_1_487' title='bbox 1861 4339 1969 4392; x_wconf 78' lang='lat' dir='ltr'><strong>mi-</strong></span> 
     </span>
    </p>
   </div>
   <div class='ocr_carea' id='block_1_73' title="bbox 384 4425 1974 4503">
    <p class='ocr_par' dir='ltr' id='par_1_73' title="bbox 384 4425 1974 4503">
     <span class='ocr_line' id='line_1_73' title="bbox 384 4425 1974 4503; baseline -0.01 -9"><span class='ocrx_word' id='word_1_488' title='bbox 384 4455 564 4495; x_wconf 87' lang='lat' dir='ltr'><strong>seram</strong></span> <span class='ocrx_word' id='word_1_489' title='bbox 595 4437 781 4503; x_wconf 68' lang='lat' dir='ltr'><strong>patriar</strong></span> <span class='ocrx_word' id='word_1_490' title='bbox 802 4445 1004 4489; x_wconf 82' lang='lat' dir='ltr'><strong>nostrae</strong></span> <span class='ocrx_word' id='word_1_491' title='bbox 1026 4431 1402 4488; x_wconf 90' lang='lat' dir='ltr'><strong>conditionem</strong></span> <span class='ocrx_word' id='word_1_492' title='bbox 1425 4429 1467 4500; x_wconf 92' lang='lat' dir='ltr'><strong>l)</strong></span> <span class='ocrx_word' id='word_1_493' title='bbox 1496 4445 1605 4484; x_wconf 92' lang='lat' dir='ltr'><strong>non</strong></span> <span class='ocrx_word' id='word_1_494' title='bbox 1632 4427 1795 4484; x_wconf 87' lang='lat' dir='ltr'><strong>modo</strong></span> <span class='ocrx_word' id='word_1_495' title='bbox 1822 4425 1974 4497; x_wconf 84' lang='lat' dir='ltr'><strong>prin-</strong></span> 
     </span>
    </p>
   </div>
   <div class='ocr_carea' id='block_1_74' title="bbox 393 4520 1971 4603">
    <p class='ocr_par' dir='ltr' id='par_1_74' title="bbox 393 4520 1971 4603">
     <span class='ocr_line' id='line_1_74' title="bbox 393 4520 1971 4603; baseline -0.011 -16"><span class='ocrx_word' id='word_1_496' title='bbox 393 4532 662 4603; x_wconf 83' lang='lat' dir='ltr'><strong>cipatum,</strong></span> <span class='ocrx_word' id='word_1_497' title='bbox 704 4539 872 4598; x_wconf 83' lang='lat' dir='ltr'><strong>atque</strong></span> <span class='ocrx_word' id='word_1_498' title='bbox 917 4523 1215 4596; x_wconf 88' lang='lat' dir='ltr'><strong>imperium</strong></span> <span class='ocrx_word' id='word_1_499' title='bbox 1246 4521 1403 4577; x_wconf 87' lang='lat' dir='ltr'><strong>orbis</strong></span> <span class='ocrx_word' id='word_1_500' title='bbox 1439 4520 1748 4580; x_wconf 90' lang='lat' dir='ltr'><strong>amisimus.</strong></span> <span class='ocrx_word' id='word_1_501' title='bbox 1779 4533 1971 4573; x_wconf 86' lang='lat' dir='ltr'><strong>verum</strong></span> 
     </span>
    </p>
   </div>
   <div class='ocr_carea' id='block_1_75' title="bbox 396 4610 1972 4687">
    <p class='ocr_par' dir='ltr' id='par_1_75' title="bbox 396 4610 1972 4687">
     <span class='ocr_line' id='line_1_75' title="bbox 396 4610 1972 4687; baseline -0.01 -8"><span class='ocrx_word' id='word_1_502' title='bbox 396 4626 564 4679; x_wconf 89' lang='lat' dir='ltr'><strong>etiam</strong></span> <span class='ocrx_word' id='word_1_503' title='bbox 593 4621 913 4678; x_wconf 84' lang='lat' dir='ltr'><strong>servitutem</strong></span> <span class='ocrx_word' id='word_1_504' title='bbox 945 4617 1211 4687; x_wconf 87' lang='lat' dir='ltr'><strong>patimur.</strong></span> <span class='ocrx_word' id='word_1_505' title='bbox 1249 4624 1307 4669; x_wconf 85' lang='lat' dir='ltr'><strong>et</strong></span> <span class='ocrx_word' id='word_1_506' title='bbox 1336 4617 1478 4669; x_wconf 91' lang='lat' dir='ltr'><strong>hanc</strong></span> <span class='ocrx_word' id='word_1_507' title='bbox 1511 4612 1733 4684; x_wconf 89' lang='lat' dir='ltr'><strong>quidem</strong></span> <span class='ocrx_word' id='word_1_508' title='bbox 1778 4610 1972 4665; x_wconf 86' lang='lat' dir='ltr'><strong>crude—</strong></span> 
     </span>
    </p>
   </div>
   <div class='ocr_carea' id='block_1_76' title="bbox 394 4704 1969 4785">
    <p class='ocr_par' dir='ltr' id='par_1_76' title="bbox 394 4704 1969 4785">
     <span class='ocr_line' id='line_1_76' title="bbox 394 4704 1969 4785; baseline -0.01 -14"><span class='ocrx_word' id='word_1_509' title='bbox 394 4717 529 4778; x_wconf 88' lang='lat' dir='ltr'><strong>lem,</strong></span> <span class='ocrx_word' id='word_1_510' title='bbox 560 4727 727 4785; x_wconf 86' lang='lat' dir='ltr'><strong>atque</strong></span> <span class='ocrx_word' id='word_1_511' title='bbox 771 4709 1188 4781; x_wconf 82' lang='lat' dir='ltr'><strong>turpissimam;</strong></span> <span class='ocrx_word' id='word_1_512' title='bbox 1236 4706 1598 4762; x_wconf 90' lang='lat' dir='ltr'><strong>dominantur</strong></span> <span class='ocrx_word' id='word_1_513' title='bbox 1627 4704 1775 4759; x_wconf 88' lang='lat' dir='ltr'><strong>enim</strong></span> <span class='ocrx_word' id='word_1_514' title='bbox 1807 4704 1969 4757; x_wconf 82' lang='lat' dir='ltr'><strong>nonis</strong></span> 
     </span>
    </p>
   </div>
   <div class='ocr_carea' id='block_1_77' title="bbox 390 4797 1969 4869">
    <p class='ocr_par' dir='ltr' id='par_1_77' title="bbox 390 4797 1969 4869">
     <span class='ocr_line' id='line_1_77' title="bbox 390 4797 1969 4869; baseline -0.009 -5"><span class='ocrx_word' id='word_1_515' title='bbox 390 4809 649 4864; x_wconf 86' lang='lat' dir='ltr'><strong>homines</strong></span> <span class='ocrx_word' id='word_1_516' title='bbox 688 4815 896 4866; x_wconf 88' lang='lat' dir='ltr'><strong>truces,</strong></span> <span class='ocrx_word' id='word_1_517' title='bbox 936 4800 1184 4867; x_wconf 89' lang='lat' dir='ltr'><strong>barbari,</strong></span> <span class='ocrx_word' id='word_1_518' title='bbox 1228 4807 1397 4869; x_wconf 90' lang='lat' dir='ltr'><strong>atque</strong></span> <span class='ocrx_word' id='word_1_519' title='bbox 1444 4797 1734 4862; x_wconf 89' lang='lat' dir='ltr'><strong>inﬁdeles;</strong></span> <span class='ocrx_word' id='word_1_520' title='bbox 1788 4810 1969 4866; x_wconf 88' lang='lat' dir='ltr'><strong>neque</strong></span> 
     </span>
    </p>
   </div>
   <div class='ocr_carea' id='block_1_78' title="bbox 389 4890 1973 4969">
    <p class='ocr_par' dir='ltr' id='par_1_78' title="bbox 389 4890 1973 4969">
     <span class='ocr_line' id='line_1_78' title="bbox 389 4890 1973 4969; baseline -0.01 -10"><span class='ocrx_word' id='word_1_521' title='bbox 389 4904 571 4960; x_wconf 84' lang='lat' dir='ltr'><strong>solum</strong></span> <span class='ocrx_word' id='word_1_522' title='bbox 620 4901 725 4954; x_wconf 87' lang='lat' dir='ltr'><strong>hoc</strong></span> <span class='ocrx_word' id='word_1_523' title='bbox 768 4896 918 4969; x_wconf 79' lang='lat' dir='ltr'><strong>passi</strong></span> <span class='ocrx_word' id='word_1_524' title='bbox 970 4911 1189 4958; x_wconf 89' lang='lat' dir='ltr'><strong>sumus,</strong></span> <span class='ocrx_word' id='word_1_525' title='bbox 1229 4892 1327 4948; x_wconf 90' lang='lat' dir='ltr'><strong>sed</strong></span> <span class='ocrx_word' id='word_1_526' title='bbox 1361 4907 1430 4946; x_wconf 91' lang='lat' dir='ltr'><strong>ne</strong></span> <span class='ocrx_word' id='word_1_527' title='bbox 1459 4891 1819 4947; x_wconf 89' lang='lat' dir='ltr'><strong>simulacrum</strong></span> <span class='ocrx_word' id='word_1_528' title='bbox 1852 4890 1973 4960; x_wconf 89' lang='lat' dir='ltr'><strong>qui-</strong></span> 
     </span>
    </p>
   </div>
   <div class='ocr_carea' id='block_1_79' title="bbox 391 4982 1975 5061">
    <p class='ocr_par' dir='ltr' id='par_1_79' title="bbox 391 4982 1975 5061">
     <span class='ocr_line' id='line_1_79' title="bbox 391 4982 1975 5061; baseline -0.009 -12"><span class='ocrx_word' id='word_1_529' title='bbox 391 4995 520 5049; x_wconf 88' lang='lat' dir='ltr'><strong>dem</strong></span> <span class='ocrx_word' id='word_1_530' title='bbox 574 4991 927 5061; x_wconf 67' lang='lat' dir='ltr'><strong>disciplinae,</strong></span> <span class='ocrx_word' id='word_1_531' title='bbox 981 4997 1078 5042; x_wconf 88' lang='lat' dir='ltr'><strong>aut</strong></span> <span class='ocrx_word' id='word_1_532' title='bbox 1129 4985 1302 5040; x_wconf 90' lang='lat' dir='ltr'><strong>ullum</strong></span> <span class='ocrx_word' id='word_1_533' title='bbox 1349 4982 1637 5052; x_wconf 74' lang='lat' dir='ltr'><strong>rapientia:</strong></span> <span class='ocrx_word' id='word_1_534' title='bbox 1681 4982 1975 5052; x_wconf 78' lang='lat' dir='ltr'><strong>vestigium</strong></span> 
     </span>
    </p>
   </div>
   <div class='ocr_carea' id='block_1_80' title="bbox 391 5074 1980 5158">
    <p class='ocr_par' dir='ltr' id='par_1_80' title="bbox 391 5074 1980 5158">
     <span class='ocr_line' id='line_1_80' title="bbox 391 5074 1980 5158; baseline -0.009 -15"><span class='ocrx_word' id='word_1_535' title='bbox 391 5087 541 5158; x_wconf 85' lang='lat' dir='ltr'><strong>apud</strong></span> <span class='ocrx_word' id='word_1_536' title='bbox 582 5092 802 5139; x_wconf 88' lang='lat' dir='ltr'><strong>nostros</strong></span> <span class='ocrx_word' id='word_1_537' title='bbox 830 5082 1084 5136; x_wconf 81' lang='lat' dir='ltr'><strong>relictum</strong></span> <span class='ocrx_word' id='word_1_538' title='bbox 1119 5087 1225 5134; x_wconf 90' lang='lat' dir='ltr'><strong>est.</strong></span> <span class='ocrx_word' id='word_1_539' title='bbox 1250 5076 1444 5132; x_wconf 89' lang='lat' dir='ltr'><strong>Solent</strong></span> <span class='ocrx_word' id='word_1_540' title='bbox 1495 5076 1644 5131; x_wconf 88' lang='lat' dir='ltr'><strong>enim</strong></span> <span class='ocrx_word' id='word_1_541' title='bbox 1672 5074 1980 5146; x_wconf 76' lang='lat' dir='ltr'><strong>disciplina:</strong></span> 
     </span>
    </p>
   </div>
   <div class='ocr_carea' id='block_1_81' title="bbox 393 5169 2005 5244">
    <p class='ocr_par' dir='ltr' id='par_1_81' title="bbox 393 5169 2005 5244">
     <span class='ocr_line' id='line_1_81' title="bbox 393 5169 2005 5244; baseline -0.008 -9"><span class='ocrx_word' id='word_1_542' title='bbox 393 5189 454 5235; x_wconf 87' lang='lat' dir='ltr'><strong>et</strong></span> <span class='ocrx_word' id='word_1_543' title='bbox 484 5179 642 5233; x_wconf 70' lang='lat' dir='ltr'><strong>bonae</strong></span> <span class='ocrx_word' id='word_1_544' title='bbox 668 5185 846 5240; x_wconf 86' lang='lat' dir='ltr'><strong>artes,</strong></span> <span class='ocrx_word' id='word_1_545' title='bbox 884 5173 1098 5244; x_wconf 89' lang='lat' dir='ltr'><strong>paratis</strong></span> <span class='ocrx_word' id='word_1_546' title='bbox 1140 5171 1341 5239; x_wconf 91' lang='lat' dir='ltr'><strong>primo,</strong></span> <span class='ocrx_word' id='word_1_547' title='bbox 1371 5184 1493 5239; x_wconf 77' lang='lat' dir='ltr'><strong>qua:</strong></span> <span class='ocrx_word' id='word_1_548' title='bbox 1533 5169 1599 5223; x_wconf 91' lang='lat' dir='ltr'><strong>ad</strong></span> <span class='ocrx_word' id='word_1_549' title='bbox 1644 5169 1845 5223; x_wconf 72' lang='lat' dir='ltr'><strong>tictum</strong></span> <span class='ocrx_word' id='word_1_550' title='bbox 1885 5181 2005 5223; x_wconf 67' lang='grc' dir='ltr'><strong>πλε--</strong></span> 
     </span>
    </p>
   </div>
   <div class='ocr_carea' id='block_1_82' title="bbox 398 5260 1980 5335">
    <p class='ocr_par' dir='ltr' id='par_1_82' title="bbox 398 5260 1980 5335">
     <span class='ocr_line' id='line_1_82' title="bbox 398 5260 1980 5335; baseline -0.009 -7"><span class='ocrx_word' id='word_1_551' title='bbox 398 5269 643 5328; x_wconf 81' lang='lat' dir='ltr'><strong>cessaria</strong></span> <span class='ocrx_word' id='word_1_552' title='bbox 686 5277 836 5331; x_wconf 87' lang='lat' dir='ltr'><strong>sunt,</strong></span> <span class='ocrx_word' id='word_1_553' title='bbox 874 5265 1047 5335; x_wconf 82' lang='lat' dir='ltr'><strong>quaeri</strong></span> <span class='ocrx_word' id='word_1_554' title='bbox 1114 5272 1280 5332; x_wconf 90' lang='lat' dir='ltr'><strong>atque</strong></span> <span class='ocrx_word' id='word_1_555' title='bbox 1330 5260 1674 5332; x_wconf 79' lang='lat' dir='ltr'><strong>investigari,</strong></span> <span class='ocrx_word' id='word_1_556' title='bbox 1706 5275 1828 5330; x_wconf 63' lang='lat' dir='ltr'><strong>qua</strong></span> <span class='ocrx_word' id='word_1_557' title='bbox 1853 5275 1980 5315; x_wconf 91' lang='lat' dir='ltr'><strong>cum</strong></span> 
     </span>
    </p>
   </div>
   <div class='ocr_carea' id='block_1_83' title="bbox 399 5352 1984 5433">
    <p class='ocr_par' dir='ltr' id='par_1_83' title="bbox 399 5352 1984 5433">
     <span class='ocr_line' id='line_1_83' title="bbox 399 5352 1984 5433; baseline -0.008 -14"><span class='ocrx_word' id='word_1_558' title='bbox 399 5363 566 5419; x_wconf 87' lang='lat' dir='ltr'><strong>nobis</strong></span> <span class='ocrx_word' id='word_1_559' title='bbox 595 5362 650 5416; x_wconf 89' lang='lat' dir='ltr'><strong>in</strong></span> <span class='ocrx_word' id='word_1_560' title='bbox 684 5355 980 5433; x_wconf 62' lang='lat' dir='ltr'><strong>praesentia</strong></span> <span class='ocrx_word' id='word_1_561' title='bbox 1012 5355 1084 5410; x_wconf 91' lang='lat' dir='ltr'><strong>ob</strong></span> <span class='ocrx_word' id='word_1_562' title='bbox 1129 5354 1458 5411; x_wconf 79' lang='lat' dir='ltr'><strong>servitutem</strong></span> <span class='ocrx_word' id='word_1_563' title='bbox 1505 5362 1561 5408; x_wconf 90' lang='lat' dir='ltr'><strong>et</strong></span> <span class='ocrx_word' id='word_1_564' title='bbox 1596 5352 1839 5423; x_wconf 87' lang='lat' dir='ltr'><strong>inopiam</strong></span> <span class='ocrx_word' id='word_1_565' title='bbox 1889 5352 1984 5408; x_wconf 88' lang='lat' dir='ltr'><strong>de-</strong></span> 
     </span>
    </p>
   </div>
   <div class='ocr_carea' id='block_1_84' title="bbox 397 5444 1984 5520">
    <p class='ocr_par' dir='ltr' id='par_1_84' title="bbox 397 5444 1984 5520">
     <span class='ocr_line' id='line_1_84' title="bbox 397 5444 1984 5520; baseline -0.008 -9"><span class='ocrx_word' id='word_1_566' title='bbox 397 5456 533 5520; x_wconf 76' lang='lat' dir='ltr'><strong>sint,</strong></span> <span class='ocrx_word' id='word_1_567' title='bbox 568 5454 721 5508; x_wconf 90' lang='lat' dir='ltr'><strong>nulla</strong></span> <span class='ocrx_word' id='word_1_568' title='bbox 756 5450 1000 5519; x_wconf 87' lang='lat' dir='ltr'><strong>amplius</strong></span> <span class='ocrx_word' id='word_1_569' title='bbox 1049 5447 1342 5517; x_wconf 78' lang='lat' dir='ltr'><strong>sapientia:</strong></span> <span class='ocrx_word' id='word_1_570' title='bbox 1387 5446 1530 5500; x_wconf 86' lang='lat' dir='ltr'><strong>ratio</strong></span> <span class='ocrx_word' id='word_1_571' title='bbox 1568 5454 1676 5509; x_wconf 77' lang='lat' dir='ltr'><strong>est,</strong></span> <span class='ocrx_word' id='word_1_572' title='bbox 1709 5444 1858 5501; x_wconf 89' lang='lat' dir='ltr'><strong>nulla</strong></span> <span class='ocrx_word' id='word_1_573' title='bbox 1900 5445 1984 5500; x_wconf 83' lang='lat' dir='ltr'><strong>di-</strong></span> 
     </span>
    </p>
   </div>
   <div class='ocr_carea' id='block_1_85' title="bbox 398 5535 1984 5617">
    <p class='ocr_par' dir='ltr' id='par_1_85' title="bbox 398 5535 1984 5617">
     <span class='ocr_line' id='line_1_85' title="bbox 398 5535 1984 5617; baseline -0.009 -14"><span class='ocrx_word' id='word_1_574' title='bbox 398 5544 760 5617; x_wconf 86' lang='lat' dir='ltr'><strong>sciplinarum</strong></span> <span class='ocrx_word' id='word_1_575' title='bbox 804 5556 958 5603; x_wconf 89' lang='lat' dir='ltr'><strong>cura,</strong></span> <span class='ocrx_word' id='word_1_576' title='bbox 1006 5538 1221 5593; x_wconf 91' lang='lat' dir='ltr'><strong>nullum</strong></span> <span class='ocrx_word' id='word_1_577' title='bbox 1258 5536 1594 5606; x_wconf 83' lang='lat' dir='ltr'><strong>optirnarum</strong></span> <span class='ocrx_word' id='word_1_578' title='bbox 1626 5535 1830 5590; x_wconf 89' lang='lat' dir='ltr'><strong>artium</strong></span> <span class='ocrx_word' id='word_1_579' title='bbox 1863 5543 1984 5590; x_wconf 87' lang='lat' dir='ltr'><strong>stu-</strong></span> 
     </span>
    </p>
   </div>
   <div class='ocr_carea' id='block_1_86' title="bbox 401 5631 1982 5702">
    <p class='ocr_par' dir='ltr' id='par_1_86' title="bbox 401 5631 1982 5702">
     <span class='ocr_line' id='line_1_86' title="bbox 401 5631 1982 5702; baseline -0.008 -7"><span class='ocrx_word' id='word_1_580' title='bbox 401 5642 572 5695; x_wconf 85' lang='lat' dir='ltr'><strong>dium.</strong></span> <span class='ocrx_word' id='word_1_581' title='bbox 606 5636 794 5692; x_wconf 79' lang='lat' dir='ltr'><strong>Virtus</strong></span> <span class='ocrx_word' id='word_1_582' title='bbox 827 5636 967 5697; x_wconf 82' lang='lat' dir='ltr'><strong>sola,</strong></span> <span class='ocrx_word' id='word_1_583' title='bbox 1001 5647 1124 5702; x_wconf 65' lang='lat' dir='ltr'><strong>qua:</strong></span> <span class='ocrx_word' id='word_1_584' title='bbox 1149 5632 1217 5684; x_wconf 90' lang='lat' dir='ltr'><strong>ad</strong></span> <span class='ocrx_word' id='word_1_585' title='bbox 1258 5645 1444 5684; x_wconf 86' lang='lat' dir='ltr'><strong>mores</strong></span> <span class='ocrx_word' id='word_1_586' title='bbox 1467 5631 1726 5697; x_wconf 88' lang='lat' dir='ltr'><strong>pertinet,</strong></span> <span class='ocrx_word' id='word_1_587' title='bbox 1750 5640 1982 5698; x_wconf 66' lang='lat' dir='ltr'><strong>quaeque</strong></span> 
     </span>
    </p>
   </div>
   <div class='ocr_carea' id='block_1_87' title="bbox 398 5723 1984 5786">
    <p class='ocr_par' dir='ltr' id='par_1_87' title="bbox 398 5723 1984 5786">
     <span class='ocr_line' id='line_1_87' title="bbox 398 5723 1984 5786; baseline -0.007 -1"><span class='ocrx_word' id='word_1_588' title='bbox 398 5731 687 5785; x_wconf 84' lang='lat' dir='ltr'><strong>studiosos</strong></span> <span class='ocrx_word' id='word_1_589' title='bbox 716 5724 803 5781; x_wconf 87' lang='lat' dir='ltr'><strong>sui</strong></span> <span class='ocrx_word' id='word_1_590' title='bbox 854 5726 1032 5779; x_wconf 88' lang='lat' dir='ltr'><strong>bonos</strong></span> <span class='ocrx_word' id='word_1_591' title='bbox 1060 5723 1254 5783; x_wconf 86' lang='lat' dir='ltr'><strong>efﬁcit.</strong></span> <span class='ocrx_word' id='word_1_592' title='bbox 1278 5736 1346 5776; x_wconf 89' lang='lat' dir='ltr'><strong>ea</strong></span> <span class='ocrx_word' id='word_1_593' title='bbox 1378 5736 1510 5774; x_wconf 89' lang='lat' dir='ltr'><strong>vero</strong></span> <span class='ocrx_word' id='word_1_594' title='bbox 1543 5731 1761 5786; x_wconf 87' lang='lat' dir='ltr'><strong>manet;</strong></span> <span class='ocrx_word' id='word_1_595' title='bbox 1797 5731 1984 5774; x_wconf 88' lang='lat' dir='ltr'><strong>mane-</strong></span> 
     </span>
    </p>
   </div>
   <div class='ocr_carea' id='block_1_88' title="bbox 403 5809 1980 5890">
    <p class='ocr_par' dir='ltr' id='par_1_88' title="bbox 403 5809 1980 5890">
     <span class='ocr_line' id='line_1_88' title="bbox 403 5809 1980 5890; baseline -0.005 -16"><span class='ocrx_word' id='word_1_596' title='bbox 403 5831 572 5890; x_wconf 88' lang='lat' dir='ltr'><strong>atque</strong></span> <span class='ocrx_word' id='word_1_597' title='bbox 617 5834 836 5888; x_wconf 85' lang='lat' dir='ltr'><strong>semper</strong></span> <span class='ocrx_word' id='word_1_598' title='bbox 879 5813 1024 5884; x_wconf 86' lang='lat' dir='ltr'><strong>apud</strong></span> <span class='ocrx_word' id='word_1_599' title='bbox 1069 5822 1310 5867; x_wconf 87' lang='lat' dir='ltr'><strong>nostros.</strong></span> <span class='ocrx_word' id='word_1_600' title='bbox 1358 5809 1462 5872; x_wconf 83' lang='lat' dir='ltr'><strong>Sed</strong></span> <span class='ocrx_word' id='word_1_601' title='bbox 1506 5826 1627 5881; x_wconf 69' lang='lat' dir='ltr'><strong>qua:</strong></span> <span class='ocrx_word' id='word_1_602' title='bbox 1661 5824 1824 5865; x_wconf 86' lang='lat' dir='ltr'><strong>causa</strong></span> <span class='ocrx_word' id='word_1_603' title='bbox 1860 5826 1980 5866; x_wconf 87' lang='lat' dir='ltr'><strong>esse</strong></span> 
     </span>
    </p>
   </div>
   <div class='ocr_carea' id='block_1_89' title="bbox 770 5928 1472 5995">
    <p class='ocr_par' dir='ltr' id='par_1_89' title="bbox 770 5928 1472 5995">
     <span class='ocr_line' id='line_1_89' title="bbox 770 5928 1472 5995; baseline -0.01 -2"><span class='ocrx_word' id='word_1_604' title='bbox 770 5934 1049 5995; x_wconf 72' lang='lat' dir='ltr'><strong>Parant.</strong></span> <span class='ocrx_word' id='word_1_605' title='bbox 1091 5934 1209 5994; x_wconf 80' lang='lat' dir='ltr'><strong>Cu.</strong></span> <span class='ocrx_word' id='word_1_606' title='bbox 1261 5928 1472 5991; x_wconf 73' lang='lat' dir='ltr'><strong>CLXl.</strong></span> 
     </span>
    </p>
   </div>
   <div class='ocr_carea' id='block_1_90' title="bbox 2004 4674 2050 4729">
    <p class='ocr_par' dir='ltr' id='par_1_90' title="bbox 2004 4674 2050 4729">
     <span class='ocr_line' id='line_1_90' title="bbox 2004 4674 2050 4729; baseline 0 0"><span class='ocrx_word' id='word_1_607' title='bbox 2004 4674 2050 4729; x_wconf 79' lang='lat' dir='ltr'><strong>D</strong></span> 
     </span>
    </p>
   </div>
   <div class='ocr_carea' id='block_1_91' title="bbox 2062 3420 3644 3492">
    <p class='ocr_par' dir='ltr' id='par_1_91' title="bbox 2062 3420 3644 3492">
     <span class='ocr_line' id='line_1_91' title="bbox 2062 3420 3644 3492; baseline 0.001 -19"><span class='ocrx_word' id='word_1_608' title='bbox 2062 3420 2179 3486; x_wconf 88' lang='lat' dir='ltr'><strong>dio,</strong></span> <span class='ocrx_word' id='word_1_609' title='bbox 2228 3437 2293 3476; x_wconf 88' lang='lat' dir='ltr'><strong>ac</strong></span> <span class='ocrx_word' id='word_1_610' title='bbox 2338 3430 2563 3486; x_wconf 85' lang='lat' dir='ltr'><strong>conatu,</strong></span> <span class='ocrx_word' id='word_1_611' title='bbox 2610 3422 2893 3492; x_wconf 86' lang='lat' dir='ltr'><strong>antiquam</strong></span> <span class='ocrx_word' id='word_1_612' title='bbox 2941 3420 3295 3477; x_wconf 86' lang='lat' dir='ltr'><strong>nobilitatem</strong></span> <span class='ocrx_word' id='word_1_613' title='bbox 3343 3422 3644 3486; x_wconf 85' lang='lat' dir='ltr'><strong>resumite,</strong></span> 
     </span>
    </p>
   </div>
   <div class='ocr_carea' id='block_1_92' title="bbox 2060 3512 3650 3586">
    <p class='ocr_par' dir='ltr' id='par_1_92' title="bbox 2060 3512 3650 3586">
     <span class='ocr_line' id='line_1_92' title="bbox 2060 3512 3650 3586; baseline 0.003 -20"><span class='ocrx_word' id='word_1_614' title='bbox 2060 3512 2340 3568; x_wconf 86' lang='lat' dir='ltr'><strong>vindicate</strong></span> <span class='ocrx_word' id='word_1_615' title='bbox 2399 3513 2564 3568; x_wconf 87' lang='lat' dir='ltr'><strong>nobis</strong></span> <span class='ocrx_word' id='word_1_616' title='bbox 2615 3513 2905 3583; x_wconf 86' lang='lat' dir='ltr'><strong>pristinam</strong></span> <span class='ocrx_word' id='word_1_617' title='bbox 2952 3512 3209 3586; x_wconf 75' lang='lat' dir='ltr'><strong>gloriam.</strong></span> <span class='ocrx_word' id='word_1_618' title='bbox 3249 3514 3477 3570; x_wconf 77' lang='lat' dir='ltr'><strong>Veteres</strong></span> <span class='ocrx_word' id='word_1_619' title='bbox 3522 3516 3650 3570; x_wconf 86' lang='lat' dir='ltr'><strong>illos</strong></span> 
     </span>
    </p>
   </div>
   <div class='ocr_carea' id='block_1_93' title="bbox 2061 3608 3651 3680">
    <p class='ocr_par' dir='ltr' id='par_1_93' title="bbox 2061 3608 3651 3680">
     <span class='ocr_line' id='line_1_93' title="bbox 2061 3608 3651 3680; baseline 0.001 -19"><span class='ocrx_word' id='word_1_620' title='bbox 2061 3622 2124 3662; x_wconf 89' lang='lat' dir='ltr'><strong>ac</strong></span> <span class='ocrx_word' id='word_1_621' title='bbox 2149 3608 2533 3664; x_wconf 86' lang='lat' dir='ltr'><strong>sanctissimos</strong></span> <span class='ocrx_word' id='word_1_622' title='bbox 2575 3609 2770 3665; x_wconf 86' lang='lat' dir='ltr'><strong>Patres</strong></span> <span class='ocrx_word' id='word_1_623' title='bbox 2801 3619 2858 3665; x_wconf 92' lang='lat' dir='ltr'><strong>et</strong></span> <span class='ocrx_word' id='word_1_624' title='bbox 2913 3610 3170 3666; x_wconf 83' lang='lat' dir='ltr'><strong>doctores</strong></span> <span class='ocrx_word' id='word_1_625' title='bbox 3204 3618 3429 3664; x_wconf 88' lang='lat' dir='ltr'><strong>nostros</strong></span> <span class='ocrx_word' id='word_1_626' title='bbox 3464 3610 3651 3680; x_wconf 84' lang='lat' dir='ltr'><strong>sequi-</strong></span> 
     </span>
    </p>
   </div>
   <div class='ocr_carea' id='block_1_94' title="bbox 2064 3701 3652 3771">
    <p class='ocr_par' dir='ltr' id='par_1_94' title="bbox 2064 3701 3652 3771">
     <span class='ocr_line' id='line_1_94' title="bbox 2064 3701 3652 3771; baseline 0.003 -16"><span class='ocrx_word' id='word_1_627' title='bbox 2064 3701 2224 3764; x_wconf 81' lang='lat' dir='ltr'><strong>mini,</strong></span> <span class='ocrx_word' id='word_1_628' title='bbox 2255 3716 2496 3771; x_wconf 57' lang='lat' dir='ltr'><strong>«tuorum</strong></span> <span class='ocrx_word' id='word_1_629' title='bbox 2529 3703 2723 3757; x_wconf 88' lang='lat' dir='ltr'><strong>eadem</strong></span> <span class='ocrx_word' id='word_1_630' title='bbox 2760 3702 3045 3759; x_wconf 84' lang='lat' dir='ltr'><strong>confessio</strong></span> <span class='ocrx_word' id='word_1_631' title='bbox 3086 3704 3241 3769; x_wconf 88' lang='lat' dir='ltr'><strong>ﬁdei,</strong></span> <span class='ocrx_word' id='word_1_632' title='bbox 3274 3701 3468 3759; x_wconf 84' lang='lat' dir='ltr'><strong>eadem</strong></span> <span class='ocrx_word' id='word_1_633' title='bbox 3504 3719 3652 3759; x_wconf 88' lang='lat' dir='ltr'><strong>sem-</strong></span> 
     </span>
    </p>
   </div>
   <div class='ocr_carea' id='block_1_95' title="bbox 2067 3794 3653 3867">
    <p class='ocr_par' dir='ltr' id='par_1_95' title="bbox 2067 3794 3653 3867">
     <span class='ocr_line' id='line_1_95' title="bbox 2067 3794 3653 3867; baseline 0.003 -18"><span class='ocrx_word' id='word_1_634' title='bbox 2067 3811 2168 3864; x_wconf 86' lang='lat' dir='ltr'><strong>per</strong></span> <span class='ocrx_word' id='word_1_635' title='bbox 2198 3794 2304 3849; x_wconf 88' lang='lat' dir='ltr'><strong>fuit</strong></span> <span class='ocrx_word' id='word_1_636' title='bbox 2334 3794 2587 3850; x_wconf 88' lang='lat' dir='ltr'><strong>doctrina</strong></span> <span class='ocrx_word' id='word_1_637' title='bbox 2628 3795 2872 3865; x_wconf 88' lang='lat' dir='ltr'><strong>pietatis,</strong></span> <span class='ocrx_word' id='word_1_638' title='bbox 2902 3811 3026 3852; x_wconf 89' lang='lat' dir='ltr'><strong>cum</strong></span> <span class='ocrx_word' id='word_1_639' title='bbox 3060 3812 3124 3851; x_wconf 88' lang='lat' dir='ltr'><strong>ea</strong></span> <span class='ocrx_word' id='word_1_640' title='bbox 3160 3811 3323 3867; x_wconf 88' lang='lat' dir='ltr'><strong>quam</strong></span> <span class='ocrx_word' id='word_1_641' title='bbox 3362 3812 3509 3852; x_wconf 85' lang='lat' dir='ltr'><strong>nunc</strong></span> <span class='ocrx_word' id='word_1_642' title='bbox 3541 3796 3653 3853; x_wconf 78' lang='lat' dir='ltr'><strong>Ro-</strong></span> 
     </span>
    </p>
   </div>
   <div class='ocr_carea' id='block_1_96' title="bbox 2068 3889 3651 3959">
    <p class='ocr_par' dir='ltr' id='par_1_96' title="bbox 2068 3889 3651 3959">
     <span class='ocr_line' id='line_1_96' title="bbox 2068 3889 3651 3959; baseline 0 -14"><span class='ocrx_word' id='word_1_643' title='bbox 2068 3905 2228 3945; x_wconf 85' lang='lat' dir='ltr'><strong>mana</strong></span> <span class='ocrx_word' id='word_1_644' title='bbox 2284 3889 2529 3944; x_wconf 84' lang='lat' dir='ltr'><strong>Ecclesia</strong></span> <span class='ocrx_word' id='word_1_645' title='bbox 2572 3896 2748 3955; x_wconf 87' lang='lat' dir='ltr'><strong>tenet,</strong></span> <span class='ocrx_word' id='word_1_646' title='bbox 2796 3904 2861 3945; x_wconf 90' lang='lat' dir='ltr'><strong>ac</strong></span> <span class='ocrx_word' id='word_1_647' title='bbox 2916 3891 3235 3959; x_wconf 85' lang='lat' dir='ltr'><strong>proﬁtetur.</strong></span> <span class='ocrx_word' id='word_1_648' title='bbox 3290 3891 3651 3949; x_wconf 81' lang='lat' dir='ltr'><strong>Recentiores</strong></span> 
     </span>
    </p>
   </div>
   <div class='ocr_carea' id='block_1_97' title="bbox 2067 3981 3654 4053">
    <p class='ocr_par' dir='ltr' id='par_1_97' title="bbox 2067 3981 3654 4053">
     <span class='ocr_line' id='line_1_97' title="bbox 2067 3981 3654 4053; baseline 0.001 -15"><span class='ocrx_word' id='word_1_649' title='bbox 2067 3984 2204 4038; x_wconf 85' lang='lat' dir='ltr'><strong>istos</strong></span> <span class='ocrx_word' id='word_1_650' title='bbox 2245 3992 2352 4036; x_wconf 90' lang='lat' dir='ltr'><strong>tam</strong></span> <span class='ocrx_word' id='word_1_651' title='bbox 2393 3981 2673 4053; x_wconf 84' lang='lat' dir='ltr'><strong>pestiferae</strong></span> <span class='ocrx_word' id='word_1_652' title='bbox 2722 3982 3024 4038; x_wconf 76' lang='lat' dir='ltr'><strong>divisionis</strong></span> <span class='ocrx_word' id='word_1_653' title='bbox 3070 3995 3333 4040; x_wconf 83' lang='lat' dir='ltr'><strong>auctores</strong></span> <span class='ocrx_word' id='word_1_654' title='bbox 3380 3986 3654 4041; x_wconf 86' lang='lat' dir='ltr'><strong>condem-</strong></span> 
     </span>
    </p>
   </div>
   <div class='ocr_carea' id='block_1_98' title="bbox 2068 4075 3652 4147">
    <p class='ocr_par' dir='ltr' id='par_1_98' title="bbox 2068 4075 3652 4147">
     <span class='ocr_line' id='line_1_98' title="bbox 2068 4075 3652 4147; baseline 0.002 -15"><span class='ocrx_word' id='word_1_655' title='bbox 2068 4088 2220 4143; x_wconf 87' lang='lat' dir='ltr'><strong>nate,</strong></span> <span class='ocrx_word' id='word_1_656' title='bbox 2272 4075 2719 4147; x_wconf 87' lang='lat' dir='ltr'><strong>persequimini,</strong></span> <span class='ocrx_word' id='word_1_657' title='bbox 2778 4076 3162 4134; x_wconf 81' lang='lat' dir='ltr'><strong>exterminate.</strong></span> <span class='ocrx_word' id='word_1_658' title='bbox 3221 4078 3652 4137; x_wconf 83' lang='lat' dir='ltr'><strong>OEcumenicam</strong></span> 
     </span>
    </p>
   </div>
   <div class='ocr_carea' id='block_1_99' title="bbox 2070 4170 3655 4242">
    <p class='ocr_par' dir='ltr' id='par_1_99' title="bbox 2070 4170 3655 4242">
     <span class='ocr_line' id='line_1_99' title="bbox 2070 4170 3655 4242; baseline 0.003 -18"><span class='ocrx_word' id='word_1_659' title='bbox 2070 4170 2341 4242; x_wconf 72' lang='lat' dir='ltr'><strong>synodum</strong></span> <span class='ocrx_word' id='word_1_660' title='bbox 2382 4170 2677 4226; x_wconf 57' lang='lat' dir='ltr'><strong>Florentia</strong></span> <span class='ocrx_word' id='word_1_661' title='bbox 2713 4170 2956 4227; x_wconf 89' lang='lat' dir='ltr'><strong>habitam</strong></span> <span class='ocrx_word' id='word_1_662' title='bbox 3002 4171 3201 4229; x_wconf 88' lang='lat' dir='ltr'><strong>devota</strong></span> <span class='ocrx_word' id='word_1_663' title='bbox 3238 4182 3423 4228; x_wconf 75' lang='lat' dir='ltr'><strong>mente</strong></span> <span class='ocrx_word' id='word_1_664' title='bbox 3472 4174 3655 4230; x_wconf 87' lang='lat' dir='ltr'><strong>susci-</strong></span> 
     </span>
    </p>
   </div>
   <div class='ocr_carea' id='block_1_100' title="bbox 2074 4264 3656 4338">
    <p class='ocr_par' dir='ltr' id='par_1_100' title="bbox 2074 4264 3656 4338">
     <span class='ocr_line' id='line_1_100' title="bbox 2074 4264 3656 4338; baseline 0.003 -19"><span class='ocrx_word' id='word_1_665' title='bbox 2074 4266 2215 4335; x_wconf 91' lang='lat' dir='ltr'><strong>pite.</strong></span> <span class='ocrx_word' id='word_1_666' title='bbox 2263 4275 2323 4321; x_wconf 90' lang='lat' dir='ltr'><strong>et</strong></span> <span class='ocrx_word' id='word_1_667' title='bbox 2343 4281 2467 4336; x_wconf 74' lang='lat' dir='ltr'><strong>qua:</strong></span> <span class='ocrx_word' id='word_1_668' title='bbox 2499 4264 2571 4321; x_wconf 92' lang='lat' dir='ltr'><strong>ibi</strong></span> <span class='ocrx_word' id='word_1_669' title='bbox 2597 4275 2790 4322; x_wconf 88' lang='lat' dir='ltr'><strong>sancto</strong></span> <span class='ocrx_word' id='word_1_670' title='bbox 2816 4277 3154 4337; x_wconf 77' lang='lat' dir='ltr'><strong>cooperante</strong></span> <span class='ocrx_word' id='word_1_671' title='bbox 3182 4266 3394 4338; x_wconf 87' lang='lat' dir='ltr'><strong>Spiritu</strong></span> <span class='ocrx_word' id='word_1_672' title='bbox 3429 4268 3656 4327; x_wconf 85' lang='lat' dir='ltr'><strong>decreta</strong></span> 
     </span>
    </p>
   </div>
   <div class='ocr_carea' id='block_1_101' title="bbox 2073 4357 3659 4430">
    <p class='ocr_par' dir='ltr' id='par_1_101' title="bbox 2073 4357 3659 4430">
     <span class='ocr_line' id='line_1_101' title="bbox 2073 4357 3659 4430; baseline 0.004 -19"><span class='ocrx_word' id='word_1_673' title='bbox 2073 4369 2226 4421; x_wconf 89' lang='lat' dir='ltr'><strong>sunt,</strong></span> <span class='ocrx_word' id='word_1_674' title='bbox 2257 4358 2476 4413; x_wconf 87' lang='lat' dir='ltr'><strong>sincero</strong></span> <span class='ocrx_word' id='word_1_675' title='bbox 2505 4357 2676 4413; x_wconf 81' lang='lat' dir='ltr'><strong>corde</strong></span> <span class='ocrx_word' id='word_1_676' title='bbox 2708 4359 2941 4421; x_wconf 88' lang='lat' dir='ltr'><strong>credite,</strong></span> <span class='ocrx_word' id='word_1_677' title='bbox 2973 4369 3030 4430; x_wconf 81' lang='lat' dir='ltr'><strong>et</strong></span> <span class='ocrx_word' id='word_1_678' title='bbox 3088 4361 3445 4429; x_wconf 87' lang='lat' dir='ltr'><strong>proﬁtemini.</strong></span> <span class='ocrx_word' id='word_1_679' title='bbox 3472 4361 3659 4418; x_wconf 69' lang='lat' dir='ltr'><strong>Multae</strong></span> 
     </span>
    </p>
   </div>
   <div class='ocr_carea' id='block_1_102' title="bbox 2074 4447 3660 4515">
    <p class='ocr_par' dir='ltr' id='par_1_102' title="bbox 2074 4447 3660 4515">
     <span class='ocr_line' id='line_1_102' title="bbox 2074 4447 3660 4515; baseline 0 -13"><span class='ocrx_word' id='word_1_680' title='bbox 2074 4448 2440 4515; x_wconf 86' lang='lat' dir='ltr'><strong>efticacesque</strong></span> <span class='ocrx_word' id='word_1_681' title='bbox 2468 4461 2536 4503; x_wconf 87' lang='lat' dir='ltr'><strong>eo</strong></span> <span class='ocrx_word' id='word_1_682' title='bbox 2584 4447 2637 4500; x_wconf 90' lang='lat' dir='ltr'><strong>in</strong></span> <span class='ocrx_word' id='word_1_683' title='bbox 2686 4448 2810 4502; x_wconf 85' lang='lat' dir='ltr'><strong>loco</strong></span> <span class='ocrx_word' id='word_1_684' title='bbox 2853 4449 3098 4502; x_wconf 86' lang='lat' dir='ltr'><strong>rationes</strong></span> <span class='ocrx_word' id='word_1_685' title='bbox 3124 4448 3375 4505; x_wconf 68' lang='lat' dir='ltr'><strong>adductae</strong></span> <span class='ocrx_word' id='word_1_686' title='bbox 3407 4458 3541 4503; x_wconf 90' lang='lat' dir='ltr'><strong>sunt</strong></span> <span class='ocrx_word' id='word_1_687' title='bbox 3586 4448 3660 4503; x_wconf 84' lang='lat' dir='ltr'><strong>de</strong></span> 
     </span>
    </p>
   </div>
   <div class='ocr_carea' id='block_1_103' title="bbox 2078 4536 3661 4609">
    <p class='ocr_par' dir='ltr' id='par_1_103' title="bbox 2078 4536 3661 4609">
     <span class='ocr_line' id='line_1_103' title="bbox 2078 4536 3661 4609; baseline 0.001 -18"><span class='ocrx_word' id='word_1_688' title='bbox 2078 4537 2431 4609; x_wconf 86' lang='lat' dir='ltr'><strong>processione</strong></span> <span class='ocrx_word' id='word_1_689' title='bbox 2455 4538 2634 4593; x_wconf 89' lang='lat' dir='ltr'><strong>sancti</strong></span> <span class='ocrx_word' id='word_1_690' title='bbox 2664 4536 2937 4607; x_wconf 66' lang='lat' dir='ltr'><strong>Spiritus.</strong></span> <span class='ocrx_word' id='word_1_691' title='bbox 2968 4537 3135 4593; x_wconf 75' lang='lat' dir='ltr'><strong>Multa</strong></span> <span class='ocrx_word' id='word_1_692' title='bbox 3172 4539 3437 4609; x_wconf 89' lang='lat' dir='ltr'><strong>utrinque</strong></span> <span class='ocrx_word' id='word_1_693' title='bbox 3472 4554 3501 4593; x_wconf 88' lang='lat' dir='ltr'><strong>a</strong></span> <span class='ocrx_word' id='word_1_694' title='bbox 3535 4555 3661 4609; x_wconf 88' lang='lat' dir='ltr'><strong>par-</strong></span> 
     </span>
    </p>
   </div>
   <div class='ocr_carea' id='block_1_104' title="bbox 2081 4626 3659 4697">
    <p class='ocr_par' dir='ltr' id='par_1_104' title="bbox 2081 4626 3659 4697">
     <span class='ocr_line' id='line_1_104' title="bbox 2081 4626 3659 4697; baseline 0.002 -15"><span class='ocrx_word' id='word_1_695' title='bbox 2081 4629 2230 4683; x_wconf 90' lang='lat' dir='ltr'><strong>tibus</strong></span> <span class='ocrx_word' id='word_1_696' title='bbox 2253 4627 2308 4681; x_wconf 91' lang='lat' dir='ltr'><strong>in</strong></span> <span class='ocrx_word' id='word_1_697' title='bbox 2344 4626 2634 4697; x_wconf 87' lang='lat' dir='ltr'><strong>utriusque</strong></span> <span class='ocrx_word' id='word_1_698' title='bbox 2659 4627 2952 4683; x_wconf 71' lang='lat' dir='ltr'><strong>sententia:</strong></span> <span class='ocrx_word' id='word_1_699' title='bbox 2977 4627 3462 4685; x_wconf 88' lang='lat' dir='ltr'><strong>conﬁrmationem</strong></span> <span class='ocrx_word' id='word_1_700' title='bbox 3489 4630 3659 4687; x_wconf 87' lang='lat' dir='ltr'><strong>dicta.</strong></span> 
     </span>
    </p>
   </div>
   <div class='ocr_carea' id='block_1_105' title="bbox 2077 4718 3665 4789">
    <p class='ocr_par' dir='ltr' id='par_1_105' title="bbox 2077 4718 3665 4789">
     <span class='ocr_line' id='line_1_105' title="bbox 2077 4718 3665 4789; baseline 0 -12"><span class='ocrx_word' id='word_1_701' title='bbox 2077 4721 2221 4777; x_wconf 67' lang='lat' dir='ltr'><strong>Vicit</strong></span> <span class='ocrx_word' id='word_1_702' title='bbox 2256 4718 2473 4776; x_wconf 89' lang='lat' dir='ltr'><strong>tandem</strong></span> <span class='ocrx_word' id='word_1_703' title='bbox 2501 4720 2646 4789; x_wconf 89' lang='lat' dir='ltr'><strong>apud</strong></span> <span class='ocrx_word' id='word_1_704' title='bbox 2682 4735 2875 4775; x_wconf 92' lang='lat' dir='ltr'><strong>omnes</strong></span> <span class='ocrx_word' id='word_1_705' title='bbox 2936 4720 3053 4777; x_wconf 62' lang='lat' dir='ltr'><strong>haec</strong></span> <span class='ocrx_word' id='word_1_706' title='bbox 3103 4725 3410 4787; x_wconf 81' lang='lat' dir='ltr'><strong>sententia,</strong></span> <span class='ocrx_word' id='word_1_707' title='bbox 3438 4721 3665 4778; x_wconf 85' lang='lat' dir='ltr'><strong>Patrem</strong></span> 
     </span>
    </p>
   </div>
   <div class='ocr_carea' id='block_1_106' title="bbox 2081 4809 3665 4881">
    <p class='ocr_par' dir='ltr' id='par_1_106' title="bbox 2081 4809 3665 4881">
     <span class='ocr_line' id='line_1_106' title="bbox 2081 4809 3665 4881; baseline -0.001 -13"><span class='ocrx_word' id='word_1_708' title='bbox 2081 4822 2137 4868; x_wconf 83' lang='lat' dir='ltr'><strong>et</strong></span> <span class='ocrx_word' id='word_1_709' title='bbox 2170 4810 2369 4866; x_wconf 83' lang='lat' dir='ltr'><strong>Filium</strong></span> <span class='ocrx_word' id='word_1_710' title='bbox 2422 4825 2593 4864; x_wconf 89' lang='lat' dir='ltr'><strong>unum</strong></span> <span class='ocrx_word' id='word_1_711' title='bbox 2638 4825 2762 4865; x_wconf 87' lang='lat' dir='ltr'><strong>esse</strong></span> <span class='ocrx_word' id='word_1_712' title='bbox 2804 4809 3047 4880; x_wconf 88' lang='lat' dir='ltr'><strong>Spiritus</strong></span> <span class='ocrx_word' id='word_1_713' title='bbox 3078 4811 3255 4866; x_wconf 89' lang='lat' dir='ltr'><strong>sancti</strong></span> <span class='ocrx_word' id='word_1_714' title='bbox 3301 4811 3665 4881; x_wconf 86' lang='lat' dir='ltr'><strong>principium.</strong></span> 
     </span>
    </p>
   </div>
   <div class='ocr_carea' id='block_1_107' title="bbox 2084 4901 3749 4972">
    <p class='ocr_par' dir='ltr' id='par_1_107' title="bbox 2084 4901 3749 4972">
     <span class='ocr_line' id='line_1_107' title="bbox 2084 4901 3749 4972; baseline 0.002 -19"><span class='ocrx_word' id='word_1_715' title='bbox 2084 4913 2323 4968; x_wconf 87' lang='lat' dir='ltr'><strong>eumque</strong></span> <span class='ocrx_word' id='word_1_716' title='bbox 2354 4913 2422 4951; x_wconf 75' lang='lat' dir='ltr'><strong>ex</strong></span> <span class='ocrx_word' id='word_1_717' title='bbox 2454 4907 2691 4971; x_wconf 79' lang='lat' dir='ltr'><strong>utroque</strong></span> <span class='ocrx_word' id='word_1_718' title='bbox 2728 4908 2988 4969; x_wconf 89' lang='lat' dir='ltr'><strong>tanquam</strong></span> <span class='ocrx_word' id='word_1_719' title='bbox 3013 4914 3080 4954; x_wconf 84' lang='lat' dir='ltr'><strong>ex</strong></span> <span class='ocrx_word' id='word_1_720' title='bbox 3114 4916 3225 4954; x_wconf 87' lang='lat' dir='ltr'><strong>uno</strong></span> <span class='ocrx_word' id='word_1_721' title='bbox 3255 4901 3505 4971; x_wconf 87' lang='lat' dir='ltr'><strong>spirante</strong></span> <span class='ocrx_word' id='word_1_722' title='bbox 3539 4916 3669 4972; x_wconf 80' lang='lat' dir='ltr'><strong>pro—</strong></span> <span class='ocrx_word' id='word_1_723' title='bbox 3740 4932 3749 4971; x_wconf 47' lang='grc' dir='ltr'><strong>ί</strong></span> 
     </span>
    </p>
   </div>
   <div class='ocr_carea' id='block_1_108' title="bbox 2086 4989 3748 5055">
    <p class='ocr_par' dir='ltr' id='par_1_108' title="bbox 2086 4989 3748 5055">
     <span class='ocr_line' id='line_1_108' title="bbox 2086 4989 3748 5055; baseline 0.005 -14"><span class='ocrx_word' id='word_1_724' title='bbox 2086 4989 2307 5046; x_wconf 75' lang='lat' dir='ltr'><strong>cedere.</strong></span> <span class='ocrx_word' id='word_1_725' title='bbox 2362 4989 2532 5046; x_wconf 78' lang='lat' dir='ltr'><strong>Multa</strong></span> <span class='ocrx_word' id='word_1_726' title='bbox 2587 5001 2904 5047; x_wconf 82' lang='lat' dir='ltr'><strong>sanctorum</strong></span> <span class='ocrx_word' id='word_1_727' title='bbox 2960 4994 3277 5055; x_wconf 80' lang='lat' dir='ltr'><strong>doctorum.</strong></span> <span class='ocrx_word' id='word_1_728' title='bbox 3335 5009 3446 5048; x_wconf 88' lang='lat' dir='ltr'><strong>non</strong></span> <span class='ocrx_word' id='word_1_729' title='bbox 3492 4996 3666 5050; x_wconf 85' lang='lat' dir='ltr'><strong>modo</strong></span> <span class='ocrx_word' id='word_1_730' title='bbox 3742 5004 3748 5033; x_wconf 64' lang='grc' dir='ltr'><strong>ί</strong></span> 
     </span>
    </p>
   </div>
   <div class='ocr_carea' id='block_1_109' title="bbox 2082 5081 3666 5158">
    <p class='ocr_par' dir='ltr' id='par_1_109' title="bbox 2082 5081 3666 5158">
     <span class='ocr_line' id='line_1_109' title="bbox 2082 5081 3666 5158; baseline 0.004 -22"><span class='ocrx_word' id='word_1_731' title='bbox 2082 5081 2538 5149; x_wconf 80' lang='lat' dir='ltr'><strong>Occidentalium,</strong></span> <span class='ocrx_word' id='word_1_732' title='bbox 2590 5097 2781 5137; x_wconf 79' lang='lat' dir='ltr'><strong>verum</strong></span> <span class='ocrx_word' id='word_1_733' title='bbox 2837 5085 3004 5139; x_wconf 90' lang='lat' dir='ltr'><strong>etiam</strong></span> <span class='ocrx_word' id='word_1_734' title='bbox 3053 5083 3446 5153; x_wconf 86' lang='lat' dir='ltr'><strong>Orientalium,</strong></span> <span class='ocrx_word' id='word_1_735' title='bbox 3496 5097 3666 5158; x_wconf 86' lang='lat' dir='ltr'><strong>atque</strong></span> 
     </span>
    </p>
   </div>
   <div class='ocr_carea' id='block_1_110' title="bbox 2082 5173 3663 5241">
    <p class='ocr_par' dir='ltr' id='par_1_110' title="bbox 2082 5173 3663 5241">
     <span class='ocr_line' id='line_1_110' title="bbox 2082 5173 3663 5241; baseline 0.004 -13"><span class='ocrx_word' id='word_1_736' title='bbox 2082 5184 2398 5229; x_wconf 88' lang='lat' dir='ltr'><strong>nostrorum</strong></span> <span class='ocrx_word' id='word_1_737' title='bbox 2452 5174 2518 5229; x_wconf 91' lang='lat' dir='ltr'><strong>ad</strong></span> <span class='ocrx_word' id='word_1_738' title='bbox 2563 5173 2617 5229; x_wconf 91' lang='lat' dir='ltr'><strong>id</strong></span> <span class='ocrx_word' id='word_1_739' title='bbox 2671 5174 3014 5241; x_wconf 87' lang='lat' dir='ltr'><strong>probandum</strong></span> <span class='ocrx_word' id='word_1_740' title='bbox 3063 5176 3374 5231; x_wconf 83' lang='lat' dir='ltr'><strong>testimonia</strong></span> <span class='ocrx_word' id='word_1_741' title='bbox 3421 5178 3663 5237; x_wconf 83' lang='lat' dir='ltr'><strong>adducta</strong></span> 
     </span>
    </p>
   </div>
   <div class='ocr_carea' id='block_1_111' title="bbox 2083 5265 3665 5342">
    <p class='ocr_par' dir='ltr' id='par_1_111' title="bbox 2083 5265 3665 5342">
     <span class='ocr_line' id='line_1_111' title="bbox 2083 5265 3665 5342; baseline 0.004 -22"><span class='ocrx_word' id='word_1_742' title='bbox 2083 5275 2234 5330; x_wconf 86' lang='lat' dir='ltr'><strong>sunt,</strong></span> <span class='ocrx_word' id='word_1_743' title='bbox 2268 5266 2459 5320; x_wconf 90' lang='lat' dir='ltr'><strong>multis</strong></span> <span class='ocrx_word' id='word_1_744' title='bbox 2498 5266 2552 5320; x_wconf 87' lang='lat' dir='ltr'><strong>id</strong></span> <span class='ocrx_word' id='word_1_745' title='bbox 2602 5265 2920 5322; x_wconf 84' lang='lat' dir='ltr'><strong>rationibus</strong></span> <span class='ocrx_word' id='word_1_746' title='bbox 2966 5266 3434 5337; x_wconf 83' lang='lat' dir='ltr'><strong>demonstratum,</strong></span> <span class='ocrx_word' id='word_1_747' title='bbox 3480 5286 3665 5342; x_wconf 80' lang='lat' dir='ltr'><strong>neque</strong></span> 
     </span>
    </p>
   </div>
   <div class='ocr_carea' id='block_1_112' title="bbox 2085 5357 3665 5433">
    <p class='ocr_par' dir='ltr' id='par_1_112' title="bbox 2085 5357 3665 5433">
     <span class='ocr_line' id='line_1_112' title="bbox 2085 5357 3665 5433; baseline 0.004 -20"><span class='ocrx_word' id='word_1_748' title='bbox 2085 5357 2139 5413; x_wconf 87' lang='lat' dir='ltr'><strong>id</strong></span> <span class='ocrx_word' id='word_1_749' title='bbox 2170 5368 2487 5413; x_wconf 88' lang='lat' dir='ltr'><strong>nostrorum</strong></span> <span class='ocrx_word' id='word_1_750' title='bbox 2538 5357 2749 5413; x_wconf 88' lang='lat' dir='ltr'><strong>incuria</strong></span> <span class='ocrx_word' id='word_1_751' title='bbox 2797 5359 3018 5423; x_wconf 78' lang='lat' dir='ltr'><strong>evenit;</strong></span> <span class='ocrx_word' id='word_1_752' title='bbox 3056 5375 3165 5414; x_wconf 90' lang='lat' dir='ltr'><strong>non</strong></span> <span class='ocrx_word' id='word_1_753' title='bbox 3216 5362 3363 5415; x_wconf 80' lang='lat' dir='ltr'><strong>enim</strong></span> <span class='ocrx_word' id='word_1_754' title='bbox 3390 5363 3665 5433; x_wconf 73' lang='lat' dir='ltr'><strong>segniter.</strong></span> 
     </span>
    </p>
   </div>
   <div class='ocr_carea' id='block_1_113' title="bbox 2085 5442 3668 5522">
    <p class='ocr_par' dir='ltr' id='par_1_113' title="bbox 2085 5442 3668 5522">
     <span class='ocr_line' id='line_1_113' title="bbox 2085 5442 3668 5522; baseline 0.003 -18"><span class='ocrx_word' id='word_1_755' title='bbox 2085 5465 2263 5521; x_wconf 87' lang='lat' dir='ltr'><strong>neque</strong></span> <span class='ocrx_word' id='word_1_756' title='bbox 2291 5450 2639 5521; x_wconf 73' lang='lat' dir='ltr'><strong>negligenter</strong></span> <span class='ocrx_word' id='word_1_757' title='bbox 2684 5466 2807 5506; x_wconf 89' lang='lat' dir='ltr'><strong>eam</strong></span> <span class='ocrx_word' id='word_1_758' title='bbox 2841 5468 2958 5508; x_wconf 90' lang='lat' dir='ltr'><strong>rem</strong></span> <span class='ocrx_word' id='word_1_759' title='bbox 2995 5442 3329 5522; x_wconf 79' lang='lat' dir='ltr'><strong>investigare</strong></span> <span class='ocrx_word' id='word_1_760' title='bbox 3362 5455 3543 5508; x_wconf 88' lang='lat' dir='ltr'><strong>conati</strong></span> <span class='ocrx_word' id='word_1_761' title='bbox 3573 5470 3668 5509; x_wconf 83' lang='lat' dir='ltr'><strong>su-</strong></span> 
     </span>
    </p>
   </div>
   <div class='ocr_carea' id='block_1_114' title="bbox 2084 5541 3664 5617">
    <p class='ocr_par' dir='ltr' id='par_1_114' title="bbox 2084 5541 3664 5617">
     <span class='ocr_line' id='line_1_114' title="bbox 2084 5541 3664 5617; baseline 0.003 -22"><span class='ocrx_word' id='word_1_762' title='bbox 2084 5557 2229 5608; x_wconf 80' lang='lat' dir='ltr'><strong>mus,</strong></span> <span class='ocrx_word' id='word_1_763' title='bbox 2264 5556 2298 5594; x_wconf 91' lang='lat' dir='ltr'><strong>o</strong></span> <span class='ocrx_word' id='word_1_764' title='bbox 2333 5541 2566 5607; x_wconf 84' lang='lat' dir='ltr'><strong>fratres;</strong></span> <span class='ocrx_word' id='word_1_765' title='bbox 2620 5542 2825 5597; x_wconf 85' lang='lat' dir='ltr'><strong>multas</strong></span> <span class='ocrx_word' id='word_1_766' title='bbox 2879 5552 3071 5598; x_wconf 85' lang='lat' dir='ltr'><strong>noctes</strong></span> <span class='ocrx_word' id='word_1_767' title='bbox 3121 5544 3400 5599; x_wconf 85' lang='lat' dir='ltr'><strong>insomnes</strong></span> <span class='ocrx_word' id='word_1_768' title='bbox 3428 5547 3664 5617; x_wconf 74' lang='lat' dir='ltr'><strong>egimus,</strong></span> 
     </span>
    </p>
   </div>
   <div class='ocr_carea' id='block_1_115' title="bbox 2082 5629 3669 5701">
    <p class='ocr_par' dir='ltr' id='par_1_115' title="bbox 2082 5629 3669 5701">
     <span class='ocr_line' id='line_1_115' title="bbox 2082 5629 3669 5701; baseline 0.004 -16"><span class='ocrx_word' id='word_1_769' title='bbox 2082 5644 2342 5700; x_wconf 81' lang='lat' dir='ltr'><strong>magnam</strong></span> <span class='ocrx_word' id='word_1_770' title='bbox 2374 5629 2736 5701; x_wconf 77' lang='lat' dir='ltr'><strong>vigilantiam,</strong></span> <span class='ocrx_word' id='word_1_771' title='bbox 2762 5631 2937 5688; x_wconf 77' lang='lat' dir='ltr'><strong>solers</strong></span> <span class='ocrx_word' id='word_1_772' title='bbox 2966 5632 3242 5701; x_wconf 88' lang='lat' dir='ltr'><strong>studium,</strong></span> <span class='ocrx_word' id='word_1_773' title='bbox 3268 5651 3543 5693; x_wconf 86' lang='lat' dir='ltr'><strong>summam</strong></span> <span class='ocrx_word' id='word_1_774' title='bbox 3569 5653 3669 5692; x_wconf 88' lang='lat' dir='ltr'><strong>cu-</strong></span> 
     </span>
    </p>
   </div>
   <div class='ocr_carea' id='block_1_116' title="bbox 2085 5720 3663 5795">
    <p class='ocr_par' dir='ltr' id='par_1_116' title="bbox 2085 5720 3663 5795">
     <span class='ocr_line' id='line_1_116' title="bbox 2085 5720 3663 5795; baseline 0.005 -19"><span class='ocrx_word' id='word_1_775' title='bbox 2085 5738 2197 5777; x_wconf 89' lang='lat' dir='ltr'><strong>ram</strong></span> <span class='ocrx_word' id='word_1_776' title='bbox 2236 5720 2629 5788; x_wconf 84' lang='lat' dir='ltr'><strong>adhibuimus,</strong></span> <span class='ocrx_word' id='word_1_777' title='bbox 2680 5722 2882 5779; x_wconf 89' lang='lat' dir='ltr'><strong>cedere</strong></span> <span class='ocrx_word' id='word_1_778' title='bbox 2932 5725 3182 5794; x_wconf 89' lang='lat' dir='ltr'><strong>oportuit</strong></span> <span class='ocrx_word' id='word_1_779' title='bbox 3218 5728 3478 5795; x_wconf 83' lang='lat' dir='ltr'><strong>veritati;</strong></span> <span class='ocrx_word' id='word_1_780' title='bbox 3534 5731 3663 5784; x_wconf 88' lang='lat' dir='ltr'><strong>victi</strong></span> 
     </span>
    </p>
   </div>
   <div class='ocr_carea' id='block_1_117' title="bbox 2086 5812 3664 5875">
    <p class='ocr_par' dir='ltr' id='par_1_117' title="bbox 2086 5812 3664 5875">
     <span class='ocr_line' id='line_1_117' title="bbox 2086 5812 3664 5875; baseline 0.005 -9"><span class='ocrx_word' id='word_1_781' title='bbox 2086 5812 2293 5868; x_wconf 83' lang='lat' dir='ltr'><strong>luimus</strong></span> <span class='ocrx_word' id='word_1_782' title='bbox 2344 5813 2638 5868; x_wconf 90' lang='lat' dir='ltr'><strong>doctorum</strong></span> <span class='ocrx_word' id='word_1_783' title='bbox 2689 5815 2981 5871; x_wconf 85' lang='lat' dir='ltr'><strong>sententiis</strong></span> <span class='ocrx_word' id='word_1_784' title='bbox 3044 5817 3203 5873; x_wconf 86' lang='lat' dir='ltr'><strong>Absit</strong></span> <span class='ocrx_word' id='word_1_785' title='bbox 3244 5821 3394 5873; x_wconf 91' lang='lat' dir='ltr'><strong>enim</strong></span> <span class='ocrx_word' id='word_1_786' title='bbox 3441 5836 3470 5875; x_wconf 89' lang='lat' dir='ltr'><strong>a</strong></span> <span class='ocrx_word' id='word_1_787' title='bbox 3525 5821 3664 5874; x_wconf 87' lang='lat' dir='ltr'><strong>bona</strong></span> 
     </span>
    </p>
   </div>
   <div class='ocr_carea' id='block_1_118' title="bbox 3222 5938 3298 5999">
    <p class='ocr_par' dir='ltr' id='par_1_118' title="bbox 3222 5938 3298 5999">
     <span class='ocr_line' id='line_1_118' title="bbox 3222 5938 3298 5999; baseline -0.026 0"><span class='ocrx_word' id='word_1_788' title='bbox 3222 5938 3298 5999; x_wconf 82' lang='grc'><strong>16</strong></span> 
     </span>
    </p>
   </div>
  </div>
