3990 6212
310 411 416 473 483

1248 377 1756 453 BESSARIONIS
1814 384 1877 445 S.
1921 383 1998 442 Β.
2036 379 2106 440 Ε.
2149 367 2626 437 CARDINAUS

3469 359 3573 425 484

309 532 491 586 anima
522 536 576 583 et
612 521 782 589 fideli,
818 528 877 576 ut
907 526 1143 574 ostensae
1177 512 1400 570 veritati
1425 509 1648 567 claudat
1671 506 1885 571 oculos,
1917 505 1964 565 Δ
1993 501 2117 558 dam
2146 459 2585 554 veritatem'dici
2617 491 2821 555 solent,
2861 486 3070 543 nullius
3105 501 3237 589 sane
3271 489 3570 552 momenti;

311 634 543 691 eamque
598 615 845 672 victoriae
901 609 1203 666 ambitione
1253 604 1542 676 despiciat.
1596 599 1887 658 Referrem

312 689 469 764 nunc
492 705 652 766 vobis
679 699 1006 775 particulam
1042 697 1286 767 aliquam
1332 693 1610 748 rationum
1641 689 1885 752 illarum,

310 801 418 857 nisi
476 800 564 856 lex
613 794 861 866 epistolae
907 790 1278 862 prohiberet:
1325 785 1491 842 simul
1533 781 1680 854 quod
1727 780 1890 836 vobis

313 895 442 948 licet
468 890 629 960 longe
662 888 820 958 plura
854 882 988 939 alibi
1034 881 1244 946 videre,
1273 885 1328 934 et
1355 877 1561 947 legere,
1590 887 1757 944 quam
1787 885 1891 926 nos

315 981 523 1037 referre
557 979 610 1032 in
648 974 940 1047 praesentia
990 984 1298 1043 possemus.
1335 968 1593 1038 Plerique
1628 964 1776 1020 enim
1824 977 1890 1017 ex

318 1073 403 1126 his
442 1069 534 1140 qui
583 1083 683 1122 nos
715 1063 1080 1121 antecessisse
1130 1057 1439 1115 doctissimi
1471 1066 1530 1111 et
1557 1050 1891 1111 sanctissimi

314 1163 419 1216 viri
457 1160 630 1216 multa
662 1167 832 1226 atque
869 1155 1128 1225 praeclara
1160 1151 1229 1206 de
1255 1151 1362 1206 hoc
1390 1149 1646 1219 dogmate
1689 1145 1894 1200 litteris

312 1255 740 1311 mandaverunt.
786 1249 898 1304 Nos
942 1261 1163 1321 quoque
1181 1251 1303 1300 "non
1339 1256 1509 1314 pauca
1542 1238 1895 1310 scripsimus,

311 1348 513 1422 partim
548 1355 609 1402 ut
645 1344 948 1400 amicorum
981 1339 1033 1396 id
1065 1337 1269 1396 obnixe
1304 1334 1725 1405 efllagitantium
1778 1348 1895 1388 mo-

313 1455 432 1498 rem
473 1451 793 1510 gereremus
819 1431 1116 1498 voluntati,
1155 1430 1358 1501 partim
1391 1436 1453 1482 ut
1495 1427 1584 1482 vel
1614 1440 1716 1482 nos
1753 1423 1900 1494 cogi-

315 1540 449 1595 tata,
496 1529 578 1584 vel
613 1527 736 1583 aliis
781 1525 990 1582 frustra
1026 1518 1492 1578 contendentibus
1544 1532 1808 1590 responsa
1841 1515 1896 1571 in

316 1635 668 1678 communem
696 1618 990 1674 utilitatem
1017 1615 1383 1670 traderemus.
1408 1611 1540 1678 Quae
1563 1608 1747 1665 omnia
1771 1621 1898 1662 cum

317 1715 462 1785 apud
496 1729 595 1770 vos
629 1711 760 1778 sint,
809 1710 853 1764 si
901 1707 1027 1778 quis
1071 1714 1322 1761 vestrum
1375 1704 1494 1759 sine
1543 1687 1900 1758 contentione

321 1807 405 1863 vel
450 1806 617 1875 leget,
651 1804 736 1858 vel
778 1801 989 1856 audiet.
1039 1797 1260 1868 Legetis
1297 1803 1484 1851 autem
1534 1793 1620 1848 vel
1661 1791 1901 1847 audietis

320 1913 520 1954 omnes
548 1895 617 1967 (si
661 1891 873 1961 licebit)
923 1905 1033 1946 non
1086 1903 1340 1960 parvam,
1368 1887 1513 1958 quod
1548 1885 1616 1941 ad
1649 1885 1744 1941 Dei
1787 1883 1904 1954 glo-

325 1993 461 2046 riam
508 1990 714 2044 dictum
767 1987 859 2050 sit,
911 1983 1209 2038 utilitatem
1265 1987 1662 2050 consequetur.
1695 1978 1902 2034 Verum

327 2094 507 2136 tamen
547 2095 711 2135 unam
747 2076 1035 2143 duntaxat,
1059 2083 1114 2130 et
1146 2089 1265 2130 eam
1297 2073 1650 2143 perbrevem,
1677 2072 1720 2126 si
1749 2070 1900 2137 libet,

326 2179 594 2231 ratiOnem
633 2174 1002 2229 adducamus.

647 2310 721 2366 De
751 2309 979 2378 Spiritus
1017 2308 1188 2362 sancti
1220 2306 1565 2378 processione.

401 2449 648 2522 Spiritus
679 2455 909 2504 sanctus
937 2442 1178 2520 Spiritus
1209 2442 1331 2497 Filii
1367 2442 1596 2506 dicitur,
1619 2450 1760 2496 teste
1784 2441 1908 2511 ipso

327 2547 490 2609 Filio,
532 2543 626 2613 qui
659 2539 926 2611 Spiritum
966 2537 1123 2592 illum
1159 2543 1319 2590 vocat
1344 2533 1610 2604 Spiritum
1637 2533 1906 2588 veritatis.

330 2637 548 2693 Veritas
582 2649 712 2688 vero
760 2631 854 2686 ille
900 2632 1019 2698 ipse
1065 2638 1170 2684 est.
1205 2628 1272 2682 Et
1323 2624 1526 2681 Paulus
1558 2644 1571 2681 :
1611 2625 1780 2692 Misit,
1817 2626 1907 2681 in-

328 2729 467 2799 quit,
514 2726 649 2778 Dens
687 2722 945 2791 Spiritum
995 2717 1130 2773 Filii
1160 2720 1243 2772 sui
1276 2720 1330 2772 in
1363 2715 1522 2771 corda
1552 2727 1734 2770 nostra
1760 2718 1776 2748 ¹
1805 2736 1819 2783 ;
1856 2725 1912 2773 et

331 2831 548 2872 rursum
589 2831 604 2869 :
648 2815 710 2869 Si
758 2813 875 2884 quis
907 2807 1161 2878 Spiritum
1198 2806 1398 2864 Christi
1429 2824 1532 2862 non
1578 2811 1753 2876 habet,
1802 2810 1912 2879 ipse

333 2924 436 2963 non
479 2917 555 2960 est
605 2905 787 2975 cjus'.
833 2902 988 2969 Quod
1039 2900 1162 2956 aliis
1213 2915 1431 2970 quoque
1481 2900 1534 2954 in
1586 2900 1721 2955 locis
1763 2900 1912 2955 idem

331 3001 631 3072 Apostolus
670 2995 1010 3054 creberrime
1047 2993 1303 3064 replicat.
1359 2991 1471 3046 Hoc
1519 2991 1774 3058 verbum,
1800 2991 1914 3045 fra-

338 3104 472 3158 tres,
508 3092 644 3145 satis
675 3101 950 3159 superque
981 3085 1046 3140 ad
1078 3083 1131 3138 id
1169 3082 1512 3153 probandum
1546 3081 1613 3136 de
1653 3097 1764 3151 quo
1801 3082 1916 3152 agi-

1991 592 2146 663 plura
2187 605 2321 646 vero
2352 585 2694 655 melioraque
2725 582 2988 638 dicuntur
3029 580 3098 636 ab
3121 578 3211 635 bis
3239 581 3333 650 qui
3374 579 3574 634 verita-
3631 609 3634 616 ε

1993 694 2101 740 tem
2155 690 2484 752 sequuntur.
2529 678 2662 745 Qum
2706 683 2759 728 et
2806 673 2852 728 si
2894 687 2994 727 nos
3039 672 3247 743 optime
3297 680 3571 736 tenemus,

1993 792 2118 833 cum
2157 790 2302 846 sche
2347 785 2581 829 numero
2632 765 3141 824 contradicentibus
3188 765 3464 819 adversati
3498 765 3576 820 si-

1994 883 2140 935 mus,
2160 863 2448 921 brevitatis
2479 870 2660 916 tamen
2685 859 2858 930 gratia
2890 855 3163 911 mittimus
3191 854 3260 909 ad
3290 854 3573 909 monitos:

1997 961 2043 1015 si
2088 959 2182 1030 qui
2233 964 2399 1012 erunt
2430 949 2830 1023 investiganda:
2875 947 3126 1004 veritatis
3160 946 3369 1018 cupidi,
3403 955 3463 1001 ut
3514 962 3576 1002 ea

1998 1052 2206 1122 legant,
2255 1063 2376 1119 qua:
2410 1047 2540 1102 olim
2591 1043 2660 1100 de
2713 1042 2816 1098 hac
2864 1056 2925 1096 re
2970 1039 3428 1109 conscripsimus.
3462 1038 3576 1092 Hoc

1999 1151 2184 1198 tamen
2217 1140 2370 1196 vobis
2399 1139 2658 1202 dicimus,
2691 1146 2750 1191 et
2783 1131 3044 1202 intrepidi
3074 1131 3396 1196 asserimus,
3423 1131 3464 1186 si
3491 1145 3581 1186 res

2001 1237 2242 1299 tulisset,
2279 1247 2339 1287 ut
2373 1239 2673 1302 prtesentes
2701 1229 2858 1292 dare,
2909 1231 3075 1294 atque
3107 1222 3365 1292 accipere
3416 1221 3584 1274 ratio-

2000 1342 2126 1383 nem
2157 1327 2322 1397 hujus
2351 1323 2428 1378 rei
2458 1324 2855 1394 potuissemus,
2885 1316 3234 1390 iudicaturos
3261 1329 3360 1368 vos
3384 1313 3575 1367 fuisse.

2001 1421 2118 1476 Hoc
2152 1433 2346 1484 unum,
2381 1415 2528 1487 quod
2581 1413 2847 1478 diximus,
2879 1411 3013 1467 satis
3048 1421 3327 1479 superque
3362 1421 3480 1460 esse
3511 1404 3578 1459 ad

2001 1512 2298 1568 veritatem
2341 1506 2766 1572 ostendendam,
2817 1501 3073 1572 nihilque
3105 1498 3469 1556 dubitationis
3497 1514 3583 1552 τεο

2001 1604 2200 1674 linqui,
2231 1601 2365 1674 quin
2413 1599 2652 1671 Spiritus
2699 1597 2774 1652 ita
2821 1611 2888 1651 ex
2930 1593 3070 1650 Filio
3117 1590 3579 1662 quemadmodum

2002 1712 2066 1752 ex
2107 1696 2294 1760 Patre,
2331 1703 2591 1764 tanquam
2637 1706 2703 1746 ex
2756 1704 2866 1744 uno
2917 1687 3193 1758 principio
3228 1692 3285 1741 et
3332 1700 3441 1739 uno
3472 1699 3586 1753 spx--

2005 1794 2162 1842 rante
2193 1785 2476 1856 procedat.
2527 1782 2693 1837 Multa
2727 1794 2949 1851 quoque
2980 1778 3089 1832 alia
3121 1791 3401 1832 sacrarum
3434 1776 3586 1830 testi-

2010 1879 2192 1935 monia
2221 1889 2351 1933 sunt
2393 1877 2726 1941 litterarum,
2770 1882 2831 1928 ut
2879 1879 3010 1942 puta
3046 1870 3382 1930 Paracletus.
3434 1884 3587 1938 quem

2008 1991 2100 2045 ego
2119 1975 2336 2026 mittam
2369 1970 2511 2024 vobis
2537 1985 2568 2020 a
2593 1967 2793 2033 Patre;
2829 1974 2884 2020 ct
2917 1979 3109 2019 rursus
3140 1980 3153 2016 :
3190 1961 3262 2016 De
3308 1978 3424 2015 meo
3451 1962 3590 2014 acci-

2007 2069 2132 2138 piet,
2174 2076 2221 2120 et
2262 2061 2602 2118 annuutiabit
2649 2061 2813 2116 vobis.
2863 2059 2930 2114 Et
2971 2059 3214 2113 iterum:
3253 2054 3588 2122 Quaecunque

2009 2158 2184 2213 audiet
2213 2157 2476 2228 loquetur.
2501 2164 2557 2210 et
2587 2153 2694 2208 alia
2729 2153 2798 2206 iis
2843 2149 3069 2204 similia.
3109 2147 3188 2205 Ex
3231 2147 3436 2219 quibus
3467 2159 3587 2199 om-

2010 2249 2175 2305 nibus
2203 2250 2327 2304 luce
2355 2247 2560 2303 clarius
2581 2259 2642 2300 ea
2669 2243 2797 2299 ﬁdei
2827 2243 3040 2298 veritas
3060 2240 3390 2305 ostenditur,
3425 2253 3582 2309 quam

2011 2352 2068 2397 et
2114 2347 2302 2395 sancta
2345 2337 2590 2394 Romana
2639 2336 2883 2391 Ecclesia
2940 2343 2998 2388 ut
3043 2348 3261 2403 semper
3293 2342 3474 2392 antea.
3512 2330 3586 2384 ita

2012 2450 2162 2489 nunc
2195 2441 2362 2497 tenet,
2417 2441 2473 2485 et
2524 2428 2808 2502 prtedicat,
2861 2438 2916 2483 ct
2962 2425 3093 2482 olim
3128 2424 3308 2479 omnis
3335 2423 3582 2479 Ecclesia

2012 2524 2312 2580 fatebatur.
2368 2519 2475 2578 Sed
2509 2521 2659 2576 dicet
2709 2520 2947 2574 fortasse
2997 2517 3198 2587 aliquis
3245 2534 3258 2571 :
3301 2513 3414 2572 Cur
3470 2515 3590 2586 ipse

2017 2617 2283 2673 Dominus
2315 2630 2441 2671 cum
2475 2614 2542 2671 de
2571 2613 2780 2684 Spiritu
2813 2612 3176 2682 loqueretur:
3205 2610 3464 2682 Spiritus,
3489 2611 3587 2675 ait,

2014 2711 2105 2782 qui
2134 2727 2166 2764 a
2198 2709 2360 2764 Patre
2386 2707 2640 2777 procedit,
2672 2720 2852 2773 neque
2878 2703 3093 2760 addidit
3122 2703 3292 2758 etiam
3322 2719 3352 2756 a
3375 2719 3435 2757 se
3468 2703 3590 2772 ipso

2016 2802 2350 2874 procedere?
2383 2802 2513 2868 Quae
2555 2799 2799 2864 tandem,
2829 2809 2922 2854 aut
2949 2798 3128 2868 qualis
3153 2805 3238 2853 est
3272 2798 3390 2853 haec
3426 2799 3590 2863 ratio,

2014 2896 2262 2951 fratres?
2289 2895 2402 2950 Etsi
2436 2895 2582 2950 enim
2625 2892 2843 2948 dixerat
2869 2909 2898 2946 a
2939 2892 3101 2946 Patre
3136 2891 3436 2962 procedere
3463 2891 3592 2963 δρία

2020 2986 2212 3052 ritum,
2255 3001 2363 3040 non
2398 2994 2579 3039 tamen
2614 2985 2834 3055 negavit
2865 2999 2989 3039 eum
3025 2998 3056 3038 a
3101 2999 3161 3040 se
3196 2999 3419 3055 quoque
3466 3001 3594 3056 pro.

2026 3079 2250 3136 cedere.
2286 3075 2422 3132 Nam
2457 3078 2501 3133 si
2537 3077 2589 3131 id
2628 3076 2880 3143 dixisset,
2923 3076 3136 3148 aliquid
3171 3078 3405 3133 fortasse
3446 3080 3597 3134 vide-

338 3201 485 3240 mus.
519 3183 710 3252 Neque
742 3180 887 3236 enim
915 3176 1184 3232 excedere
1208 3175 1367 3230 decet
1392 3173 1614 3228 modum
1643 3174 1909 3244 epistolaa.
1941 3195 1988 3258 ο
2019 3179 2170 3225 retur
2203 3169 2455 3239 ingerere
2501 3167 2868 3222 difﬁcultatis.
2921 3167 3242 3236 Quanquam
3276 3185 3455 3236 neque
3493 3169 3599 3224 hoc

339 3281 428 3332 l-Zst
465 3279 651 3346 itaque
691 3271 929 3343 Spiritus
963 3277 1186 3325 sanctus
1213 3265 1419 3322 Christi
1467 3264 1710 3335 Spiritus
1756 3274 1915 3320 natu-

337 3370 529 3425 raliter
559 3376 617 3422 et
643 3363 1042 3428 cssentialiter,
1072 3376 1182 3417 non
1218 3359 1652 3414 accidentaliter.
1682 3357 1742 3413 Id
1784 3373 1916 3414 vero

333 3462 494 3532 cujus
526 3456 733 3529 aliquid
769 3457 875 3512 hoc
909 3455 1074 3510 modo
1106 3461 1214 3519 est,
1254 3453 1585 3507 auctoritate
1633 3451 1815 3520 aliqua
1862 3460 1916 3505 et

335 3548 660 3604 excellentia
686 3545 738 3600 id
764 3543 1001 3600 excellat
1031 3556 1260 3598 necesse
1290 3549 1394 3604 est,
1423 3540 1570 3611 quod
1611 3557 1772 3596 suum
1796 3555 1917 3597 esse

336 3640 562 3695 dicitur.
606 3639 732 3693 Haec
756 3651 888 3691 vero
921 3634 1227 3690 auctoritas
1260 3632 1510 3704 profecto
1541 3650 1650 3689 non
1685 3635 1805 3690 talis
1829 3634 1916 3689 di-

336 3733 508 3789 cenda
561 3740 667 3798 est,
713 3729 901 3802 qualis
953 3738 1036 3783 est
1083 3727 1304 3782 Domini
1358 3725 1428 3782 ad
1479 3741 1726 3784 servum.
1781 3726 1915 3793 Quis

337 3829 484 3883 enim
529 3825 760 3880 auderet
813 3829 1122 3876 creatorem
1191 3820 1247 3874 in
1311 3826 1622 3874 creaturam
1670 3827 1913 3882 vertere,

337 3918 485 3988 quod
513 3919 679 3972 etiam
709 3915 954 3987 cogitare
987 3913 1315 3986 sacrilegum
1352 3912 1474 3967 est?
1521 3911 1781 3983 Superest
1813 3910 1915 3980 igi-

339 4021 430 4066 tur
455 4009 867 4072 auctoritatem,
917 4015 1082 4078 atque
1110 4006 1495 4062 excellentiam
1533 4003 1761 4074 originis
1795 4017 1918 4058 esse

337 4105 457 4176 ejus
487 4103 580 4171 qui
611 4102 807 4172 spirat,
837 4100 906 4154 ad
942 4099 1197 4169 spiritum
1230 4099 1328 4168 qui
1362 4099 1626 4168 spiratur.
1661 4098 1724 4153 Et
1766 4106 1917 4154 certe

339 4195 486 4250 aliud
511 4208 760 4249 asserere
794 4190 1066 4245 nefarium
1103 4199 1212 4244 est.
1243 4188 1379 4243 Nam
1421 4188 1568 4257 quod
1602 4199 1918 4244 nostrorum

342 4289 510 4359 aliqui
553 4303 584 4342 a
617 4285 850 4341 veritate
891 4283 1258 4346 declinantes,
1290 4281 1415 4336 ideo
1442 4279 1550 4335 dici
1582 4280 1704 4336 Filii
1742 4281 1918 4350 Spiri-

347 4389 461 4434 tum
491 4375 859 4439 contendunt,
899 4375 1044 4443 quod
1074 4371 1320 4441 ejusdem
1351 4371 1422 4425 sit
1451 4385 1576 4424 cum
1623 4385 1690 4424 eo
1734 4385 1922 4426 essenv

344 4474 453 4537 the,
491 4471 573 4526 vel
629 4467 776 4540 quod
830 4482 898 4523 ex
943 4481 1010 4520 eo
1050 4465 1324 4529 mittatur,
1362 4479 1688 4519 aranearum
1739 4465 1922 4534 potius

2018 3260 2084 3316 ad
2113 3259 2400 3315 tutandam
2429 3267 2674 3314 vestram
2703 3257 3024 3328 opinionem
3074 3258 3377 3315 sufﬁceret.
3417 3259 3603 3330 Siqui-

2019 3355 2144 3411 dem
2193 3357 2313 3424 ipse
2364 3354 2617 3410 Salvator
2654 3369 2668 3406 :
2705 3351 2785 3406 De
2837 3353 2919 3407 die
2956 3351 3056 3406 illa
3107 3361 3155 3407 et
3206 3355 3358 3418 liora,
3397 3355 3598 3425 inquit,

2020 3463 2170 3502 nemo
2200 3449 2361 3512 novit,
2392 3461 2560 3516 neque
2592 3445 2794 3516 angeli,
2823 3461 2988 3515 neque
3023 3445 3191 3500 Filius
3219 3447 3470 3515 hominis,
3498 3447 3600 3503 nisi

2019 3539 2160 3593 solus
2204 3537 2385 3592 Pater.
2416 3537 2479 3592 Et
2512 3554 2702 3594 rursus
2734 3553 2748 3588 :
2789 3533 2908 3592 Mea
2936 3536 3182 3592 doctrina
3213 3556 3318 3593 non
3347 3550 3424 3592 est
3457 3559 3597 3602 mea.

2019 3631 2109 3686 sed
2159 3631 2273 3700 ejus
2317 3632 2406 3701 qui
2437 3631 2578 3684 misit
2627 3647 2707 3686 me
2750 3631 2956 3685 Patris.
3012 3630 3080 3686 Et
3127 3633 3330 3686 iterum
3368 3650 3382 3687 :
3428 3632 3601 3688 Nemo

2021 3727 2159 3780 novit
2206 3723 2408 3780 Filium
2438 3726 2537 3779 nisi
2563 3724 2750 3780 Pater.
2779 3723 3025 3792 Quorum
3061 3727 3308 3781 omnium
3339 3743 3437 3782 nos
3467 3744 3603 3800 pro-

2020 3819 2110 3874 cul
2148 3817 2318 3872 dubio
2349 3817 2692 3873 contrarium
2739 3825 2796 3872 et
2829 3817 3120 3883 sentimus,
3151 3829 3208 3873 et
3250 3821 3594 3890 proﬁtemur.

2019 3912 2098 3966 Ac
2133 3909 2334 3964 Filium
2374 3909 2489 3974 Dei,
2519 3907 2748 3980 perinde
2778 3906 2926 3964 diem
2964 3908 3119 3965 illum
3167 3919 3226 3966 et
3282 3911 3472 3967 horam
3505 3927 3601 3967 co-

2022 4016 2314 4072 gnoscere,
2354 4010 2412 4054 ut
2438 3999 2655 4054 Patrem
2681 3999 3086 4057 existimamus.
3113 4001 3497 4073 Eumdemque
3529 4004 3604 4058 ita

2025 4076 2307 4160 se‘nosse,
2343 4103 2404 4148 ut
2429 4095 2590 4150 Pater
2622 4109 2751 4149 eum
2783 4094 2960 4160 novit,
2991 4095 3416 4168 doctrinamque
3454 4098 3604 4152 illius

2023 4204 2179 4246 suam
2233 4188 2511 4260 przecipue
2571 4188 2882 4243 doctrinam
2915 4203 3062 4244 esse.
3094 4188 3154 4244 Si
3201 4189 3372 4260 igitur
3407 4205 3602 4247 eorum

2023 4297 2144 4352 qua:
2186 4289 2380 4352 aperte
2415 4279 2636 4351 negavit
2667 4279 2945 4346 Christus,
2979 4295 3081 4338 nos
3114 4280 3340 4351 quidem
3385 4291 3532 4338 recte
3573 4297 3606 4339 ο

2023 4375 2246 4428 diverso
2295 4371 2598 4439 credimus,
2631 4387 2734 4427 cur
2779 4388 2890 4428 non
2925 4374 3092 4427 etiam
3129 4373 3259 4438 hoc,
3292 4374 3442 4444 quod
3493 4389 3604 4431 non

2027 4467 2268 4537 negavit.
2302 4467 2390 4537 pie
2421 4465 2734 4522 credimus?
2769 4465 3070 4522 Enimvero
3101 4466 3242 4535 illud
3300 4468 3352 4522 in
3407 4469 3605 4540 primis

344 4567 465 4619 telae
498 4572 647 4626 sunt,
699 4577 864 4631 quam
915 4559 1174 4622 rationes,
1225 4567 1285 4612 ut
1324 4571 1466 4627 saepe
1520 4555 1910 4612 demonstravi-

2029 4562 2400 4618 attentissime
2441 4560 2910 4618 considerandum
2965 4569 3069 4626 est,
3100 4561 3301 4617 fratres
3329 4571 3385 4617 et
3421 4564 3516 4617 filii
3550 4565 3607 4618 in

343 4675 486 4712 nius.
505 4657 574 4734 κδί
604 4657 751 4709 enim
788 4662 1014 4724 propter
1040 4649 1673 4706 consubstantialitatem
1703 4648 1922 4704 dicatur

343 4751 602 4819 Spiritus.
644 4747 766 4801 Filii
819 4745 1084 4816 Spiritus,
1127 4751 1359 4814 propter
1401 4741 1651 4796 eamdem
1698 4755 1922 4796 causam

341 4853 396 4896 et
422 4841 596 4896 Filius
626 4839 843 4893 dicetur
869 4836 1114 4907 Spiritus
1163 4835 1339 4891 sancti
1373 4834 1568 4901 Filius,
1595 4834 1742 4905 quod
1779 4851 1924 4890 nun-

344 4949 508 5004 quam
540 4936 592 4985 in
625 4931 798 4986 sacris
828 4928 1036 4984 litteris
1079 4928 1329 4983 auditum
1359 4936 1468 4983 est.
1505 4925 1560 4983 Si
1614 4943 1748 4984 vero
1793 4930 1920 4998 quia

317 5041 408 5083 'ex
439 5027 578 5081 Filio
611 5025 874 5089 mittitur,
904 5022 980 5077 ita
1018 5021 1244 5086 dicitur,
1274 5035 1339 5076 ea
1379 5030 1532 5077 certe
1569 5022 1710 5076 ratio
1747 5023 1921 5093 magis

341 5121 566 5174 roborat
608 5117 943 5174 sententiam
997 5124 1264 5170 nostram.
1309 5113 1465 5181 Quod
1501 5114 1649 5170 enim
1705 5115 1923 5170 mittere

343 5213 512 5273 istud,
539 5220 596 5265 et
622 5208 920 5272 scaturire,
962 5217 1018 5262 et
1059 5207 1356 5276 proﬂuere,
1387 5215 1696 5277 caeteraque
1723 5207 1923 5261 similia

319 5303 727 5376 'spiratinncm,
755 5316 818 5355 ac
849 5299 1269 5355 suhstantialem
1293 5297 1588 5367 quamdam
1620 5298 1925 5367 processio-

343 5412 470 5451 nem
499 5402 930 5467 praesupponant
948 5408 965 5458 ;
986 5391 1241 5462 quodque
1265 5388 1604 5459 impossibile
1629 5390 1702 5443 sit
1724 5386 1924 5443 Filium

344 5488 565 5544 mittere
597 5486 866 5558 Spiritum
899 5492 1175 5549 sanctum,
1203 5483 1312 5538 nisi
1343 5482 1510 5538 etiam
1544 5481 1697 5536 illum
1729 5481 1922 5552 spiret,

343 5581 621 5650 plerisque
674 5581 728 5633 in
780 5578 918 5634 locis
959 5574 1546 5633 ostendimus‘multis
1597 5573 1923 5644 idoneisque

348 5670 680 5723 rationibus.
719 5668 837 5722 Alia
865 5683 1086 5738 quoque
1122 5667 1294 5722 multa
1331 5681 1360 5722 e
1398 5666 1602 5722 nostris
1630 5665 1696 5721 ad
1733 5666 1921 5721 velan-

423 5853 443 5886 *
474 5850 647 5906 Calat.
680 5867 752 5918 tv,
783 5851 835 5906 6.
867 5853 886 5883 ⁸
921 5852 1077 5906 Rom.
1111 5854 1162 5917 8,
1199 5852 1252 5906 9.

2025 4653 2248 4711 Christo
2294 4651 2778 4710 desideratissimi.
2845 4651 3108 4706 Promisit
3165 4653 3300 4706 olim
3348 4652 3610 4709 Christus

2025 4761 2193 4819 super
2223 4747 2571 4804 confessione
2610 4745 2761 4802 Petri
2787 4742 3063 4800 aediﬁcare
3087 4744 3388 4800 Ecclesiam
3424 4762 3605 4812 suam,

2026 4848 2083 4895 et
2119 4839 2268 4910 quod
2321 4849 2496 4910 portae
2533 4838 2716 4902 inferi,
2755 4837 2859 4892 hoc
2907 4845 3015 4899 est,
3049 4834 3441 4892 haereticorum
3492 4840 3611 4894 bla-

2026 4930 2290 5000 sphemite
2347 4945 2632 5001 nunquam
2696 4927 3062 4999 praevalerent
3131 4925 3402 4982 adversus
3462 4945 3608 4985 eam.

2026 5020 2396 5088 Quaerendum
2426 5029 2535 5088 est,
2569 5019 2788 5088 fratres,
2817 5037 3072 5092 quasnam
3098 5022 3204 5077 ista
3235 5023 3307 5077 sit
3336 5023 3607 5078 Ecclesia.

2027 5115 2162 5170 Nam
2198 5130 2382 5171 veram
2429 5125 2752 5186 certamque
2785 5115 2960 5173 fuisse
3006 5116 3436 5188 promissionem
3487 5116 3610 5172 nul-

2028 5207 2115 5262 lus
2148 5208 2295 5261 ausit
2337 5222 2541 5277 negare
2588 5208 2960 5265 Christianus.
3014 5209 3126 5267 Aut
3171 5209 3342 5280 igitur
3387 5208 3609 5273 Latins,

2031 5308 2125 5352 aut
2151 5297 2343 5353 Graeca
2374 5299 2619 5355 Ecclesia
2664 5311 2772 5356 est.
2804 5301 2992 5357 Tertia
3039 5302 3185 5357 enim
3218 5302 3340 5358 dari
3369 5317 3480 5358 non
3513 5317 3609 5372 po-

2034 5399 2162 5445 test.
2197 5389 2485 5455 Siquidem
2513 5391 2634 5446 alia:
2666 5408 2860 5448 omnes
2890 5392 3200 5449 haeresibus
3227 5404 3354 5448 sunt
3393 5394 3608 5466 plenas;

2032 5497 2171 5554 quas
2203 5481 2378 5537 sancti
2407 5482 2621 5549 Patres,
2648 5491 2703 5538 et
2726 5483 3014 5554 generales
3047 5484 3238 5554 synodi
3271 5485 3606 5540 condemna-

2032 5585 2182 5630 runt.
2217 5574 2272 5629 Si
2294 5590 2426 5645 ergo
2454 5575 2593 5631 hanc
2618 5575 2920 5631 Ecclesiam
2951 5575 3267 5632 Graecorum
3303 5577 3608 5632 Ecclesiam

2032 5659 2192 5739 dicis,
2227 5669 2282 5724 in
2329 5679 2620 5740 angustum
2666 5669 2834 5726 nimis
2871 5679 3078 5726 arctam
3134 5669 3460 5735 Ecclesiam,
3496 5670 3611 5725 imo
