3990 6212
410 412 520 484 εδδ

1573 372 1993 471 ENCi’CLlCA
2039 410 2138 471 AD
2176 372 2518 473 caseos.

3566 377 3674 476 iss

409 530 558 586 illam
584 526 652 583 ad
691 526 924 581 nihilum
960 500 1182 595 redigis.
1212 523 1402 590 Qualis
1436 522 1608 589 enim,
1637 522 1824 578 miseri
1862 536 1984 588 nos,
2019 532 2060 588 Α
2093 531 2373 593 pastorum
2406 539 2516 577 nou
2554 523 2809 589 audiunt,
2833 524 2980 593 quod
3013 540 3081 581 ue
3109 524 3198 580 cui
3226 508 3671 581 Christianorum

409 629 505 676 aut
537 626 743 690 quanta
778 626 865 673 est
898 615 1142 672 Ecclesia
1179 614 1411 672 nostra?
1441 614 1694 678 Labitur,
1740 614 1872 679 heu,
1907 614 1987 668 ia-

410 713 584 777 bitur,
629 711 884 781 peritque
931 708 1204 779 quotidie,
1240 722 1313 764 ne
1365 707 1549 763 dicam
1593 721 1718 763 eam
1771 706 1992 777 penitus

405 807 517 877 iam
547 803 850 859 interiisse.
890 800 1113 857 Subditi
1146 808 1278 857 sunt
1308 799 1626 857 inﬁdelibus
1662 799 1838 856 (ἔνιοί
1876 812 1993 853 om-

415 911 517 951 nes
550 913 565 959 ;
598 895 673 949 ita
725 893 912 950 omnia
943 885 1374 963 pessumdedere
1400 891 1644 948 barbara
1674 900 1887 961 gentes,
1934 900 1995 946 ut

412 1003 525 1042 non
557 997 678 1057 post
711 987 944 1042 multum
975 985 1329 1052 interiectum
1358 992 1579 1055 tempus
1621 982 1805 1054 ipsum
1852 996 1994 1052 quo-

412 1094 523 1149 que
544 1079 747 1150 linguae
771 1078 974 1134 Graecas
1002 1078 1376 1149 splendorem,
1422 1077 1592 1134 libros
1619 1089 1836 1139 omnes,
1866 1071 1994 1128 uni-

412 1186 578 1226 versa
621 1185 795 1241 opera
821 1180 1142 1225 sanctorum
1176 1170 1490 1235 doctorum,
1523 1170 1807 1225 sacrarum
1825 1157 1994 1225 etiam

414 1263 733 1318 litterarum
760 1261 1008 1326 codices,
1047 1271 1105 1317 et
1137 1256 1499 1332 Evangelium
1533 1260 1713 1331 ipsum
1748 1259 1993 1314 nostram

415 1355 697 1411 infelicem
722 1355 957 1425 patriam
984 1355 1278 1410 desertura
1312 1347 1424 1409 non
1452 1352 1724 1419 dubitem,
1745 1350 1851 1405 nisi
1879 1345 1997 1419 pie-

416 1458 502 1502 tas
529 1456 586 1501 et
618 1445 1004 1501 misericordia
1036 1440 1342 1502 Saliaturis
1366 1442 1543 1499 nostri
1575 1450 1784 1499 tantam
1809 1456 1842 1497 a
1869 1455 1998 1495 ver.

415 1540 530 1595 tice
573 1540 764 1595 neutro
819 1528 1194 1593 calamitatem
1241 1536 1549 1608 propulset.
1581 1534 1666 1590 An
1711 1532 1996 1604 ignoratis,

416 1631 640 1693 fratres,
692 1639 753 1685 at
796 1629 1108 1685 Orientales
1141 1644 1362 1693 omnes,
1394 1629 1440 1683 si
1482 1627 1578 1699 qui
1610 1629 1769 1712 [inter
1806 1625 1999 1681 ﬁdeles

419 1722 836 1794 suped'uerant,
870 1722 963 1791 qui
995 1722 1050 1776 in
1086 1721 1316 1778 Oriente
1348 1720 1654 1776 Ecclesiam
1688 1732 1999 1788 sequeren-

422 1825 518 1872 tur
547 1816 881 1881 Grrecorum,
930 1801 1580 1884 Coustantinopolitanis,
1612 1822 1670 1869 et
1707 1812 2001 1883 circumia-

2093 612 2332 677 accidat,
2384 614 2475 671 illa
2514 613 2887 683 praedicanda.
2938 614 3034 670 illa
3086 614 3326 670 tenenda
3375 623 3461 669 est
3513 612 3673 678 ﬁdes,

2093 720 2258 773 quam
2304 704 2454 761 l’etri
2484 705 2747 761 cathedra
2789 706 3105 777 proﬁtetur.
3144 706 3293 764 Hanc
3325 723 3421 764 vos
3464 722 3675 777 quaeso,

2095 795 2314 862 fratres,
2358 811 2483 852 cum
2552 797 2862 853 reverentia
2921 808 2978 853 et
3031 798 3341 853 humilitate
3389 790 3677 869 suscipite,

2097 889 2231 944 huic
2259 889 2548 955 inhaerete,
2581 889 2711 943 huic
2740 889 3003 945 insistite.
3035 890 3155 945 Non
3197 882 3357 947 cesso
3387 896 3487 961 pro
3520 878 3678 949 vobis

2096 972 2264 1059 orare
2317 968 2638 1050 Dominum,
2696 969 2759 1038 ut
2810 983 3141 1054 sapientim
3198 982 3531 1063 induentes,
3581 982 3678 1049 id,

2098 1070 2245 1145 quod
2280 1089 2377 1130 vos
2409 1075 2633 1138 hortor,
2660 1076 2858 1145 agatis.
2898 1076 3105 1132 Vellem
3135 1064 3285 1133 enim
3330 1076 3405 1132 ita
3434 1066 3531 1133 vos
3558 1093 3678 1132 om-

2099 1184 2200 1226 nes
2231 1184 2376 1232 esse.
2429 1177 2492 1223 ut
2531 1183 2658 1241 ego,
2689 1168 2792 1225 nec
2822 1156 3054 1240 parvum
3085 1171 3262 1232 vobis.
3300 1164 3399 1227 aut
3429 1167 3677 1227 euntem-

2100 1260 2341 1319 nendum
2378 1256 2572 1317 videar
2596 1248 2793 1332 optare
2830 1262 3063 1326 bonum,
3095 1278 3130 1317 ο
3173 1262 3418 1328 fratres;
3449 1267 3506 1318 s'r
3526 1262 3677 1332 quod

2101 1353 2234 1409 mihi
2266 1354 2398 1424 ipsi,
2431 1354 2539 1411 hoc
2576 1357 2743 1411 etiam
2775 1355 2929 1412 vobis
2962 1355 3169 1411 bonum
3196 1350 3478 1415 desidero.
3512 1356 3679 1428 Maio-

2102 1460 2223 1501 rem
2252 1448 2401 1501 enim
2446 1446 2776 1504 cbaritatem
2809 1464 2974 1504 nemo
3007 1448 3274 1505 exhibere
3304 1458 3523 1506 tenetur
3548 1464 3678 1518 pro-

2103 1536 2252 1590 ximo
2296 1551 2420 1599 suo.
2467 1552 2633 1605 quam
2666 1537 2859 1609 eadem
2910 1539 2992 1594 illi
3030 1555 3155 1609 quae
3187 1539 3291 1595 sibi
3338 1543 3478 1595 bona
3514 1541 3676 1597 velle.

2101 1622 2302 1694 Diliges
2347 1625 2519 1692 enim,
2558 1628 2659 1695 ait,
2697 1630 3001 1698 proximum
3033 1640 3182 1686 tuum
3213 1632 3347 1687 sicut
3395 1640 3445 1687 te
3483 1633 3679 1702 ipsum,

2102 1715 2229 1787 plus
2275 1716 2381 1774 hoc
2436 1733 2550 1774 non
2582 1721 2817 1791 requirit
2861 1738 2890 1776 a
2932 1723 3090 1779 nobis
3143 1723 3310 1789 Deus,
3364 1726 3530 1795 quasi
3577 1726 3680 1779 hoc

2101 1823 2381 1866 summum
2411 1810 2485 1866 sit
2510 1811 2727 1883 signum
2763 1813 3072 1871 charitatis.
3116 1814 3305 1883 Neque
3329 1831 3416 1875 me
3437 1830 3504 1869 ex
3531 1818 3684 1884 igno-

419 1908 668 1963 centium
722 1909 1026 1963 insularum
1063 1881 1376 1963 cultoribus
1416 1905 1681 1961 duntatat
1727 1881 1996 1975 exceptis,
2034 1881 2075 1938 Β
2106 1898 2309 1963 rantia.
2338 1900 2427 1956 vel
2458 1881 2737 1972 imperitia
2776 1918 2806 1956 a
2854 1902 3113 1969 veritate,
3148 1881 3500 1972 utiarbitror,
3533 1906 3684 1960 dice-

420 2000 563 2055 alios
592 2007 723 2055 ante
750 2007 998 2065 centum,
1030 1999 1171 2055 alios
1191 1998 1338 2055 enim
1367 1997 1772 2070 quinquaginta
1796 2007 1856 2053 et
1889 2012 2005 2052 am-

421 2092 569 2163 plius
603 2098 799 2158 annos,
833 2108 904 2148 ne
936 2093 1227 2148 nominare
1258 2092 1482 2163 quidem
1540 2098 1811 2147 noverant
1864 2090 2006 2146 Scri-

420 2193 644 2256 pturam
676 2199 912 2251 sacram,
941 2199 1045 2241 nec
1083 2185 1205 2255 ejus
1235 2183 1511 2238 volumina
1538 2196 1850 2238 numerare.
1874 2181 2007 2237 Nul-

392 2275 538 2332 lum
586 2275 748 2331 ﬁdele
793 2276 990 2347 dogma
1037 2275 1308 2341 sciebant,
1353 2274 1560 2329 nullam
1612 2274 1999 2345 quaestionem,

419 2368 632 2422 nullam
683 2367 753 2424 de
795 2383 893 2438 sps
941 2367 1141 2423 futurae
1167 2367 1298 2422 vita
1331 2367 1642 2434 rationein;
1689 2365 1743 2420 in
1788 2376 2004 2420 summa

424 2457 566 2513 nihil
599 2472 793 2514 eorum
822 2474 945 2530 quae
966 2460 1022 2515 in
1058 2458 1353 2531 Evangelio
1397 2459 1680 2528 leguntur.
1730 2456 2003 2527 intellige-

429 2551 582 2605 bant.
622 2552 959 2623 Presbyteri,
1009 2566 1329 2623 quanquam
1372 2551 1509 2607 illud
1554 2542 1776 2606 assidue
1824 2548 2006 2621 legen-

425 2652 532 2708 tes,
564 2649 675 2698 non
706 2645 895 2700 minus
921 2659 1089 2715 quam
1125 2643 1308 2701 caueri
1337 2643 1506 2701 rudes
1534 2651 1734 2709 erant;
1773 2656 1880 2699 nec
1920 2643 2005 2697 in-

423 2742 640 2807 tegrum
671 2737 891 2807 quidem
917 2736 1190 2807 habebant
1216 2736 1601 2806 Evangelium,
1625 2737 1721 2792 sed
1751 2736 2003 2807 quaedam

424 2825 546 2895 ejus
586 2825 908 2895 fragmenta,
949 2841 1072 2896 quae
1115 2824 1221 2895 legi
1276 2826 1332 2881 in
1377 2827 1626 2882 ecclesiis
1670 2828 1851 2884 solent
1917 2840 2006 2882 se-

426 2918 599 2973 miesa
637 2919 1127 2975 circumferebant.
1156 2921 1220 2975 Et
1246 2920 1713 2991 quemadmodum
1753 2922 2002 2992 psittaci,

424 3011 646 3082 aliaque
670 3011 950 3083 ejusmodi
978 3014 1240 3069 animalia
1267 3014 1459 3069 conari
1494 3013 1818 3085 aliquando,
1839 3022 2025 3086 atque-

424 3104 690 3174 efﬁngere
734 3105 858 3160 sine
905 3106 1190 3162 intellectu
1236 3115 1425 3162 nostra
1482 3110 1651 3164 verba
1695 3124 2006 3165 consueve-

2110 1990 2178 2046 tis
2214 1990 2529 2058 aberrasse,
2562 2008 2688 2049 cum
2714 2010 2800 2050 me
2829 1995 3020 2051 sciatis
3045 2010 3075 2050 a
3102 1996 3307 2053 teneris
3330 2000 3494 2053 annis
3520 2014 3685 2054 omne

2112 2082 2234 2136 vita:
2273 2096 2412 2138 mete
2462 2090 2680 2153 tempus
2714 2084 2771 2139 in
2819 2076 3131 2141 litterarum
3182 2085 3381 2141 studiis
3428 2101 3689 2142 consum-

2107 2173 2306 2242 psisse,
2364 2174 2692 2245 summaque
2748 2190 2915 2246 opera
2979 2192 3050 2232 ac
3080 2176 3365 2248 diligentia
3410 2178 3562 2245 huic,
3618 2177 3687 2233 de

2105 2278 2217 2334 quo
2266 2264 2571 2335 loquimur,
2619 2268 2862 2337 dogmati
2919 2269 3265 2338 incubuisse,
3307 2283 3364 2326 et
3412 2283 3680 2342 quantum

2107 2354 2225 2410 ﬁeri
2250 2357 2433 2426 potuit
2455 2354 2820 2429 investigasse
2852 2361 3167 2418 veritatem.
3199 2362 3340 2429 Quid
3369 2364 3516 2418 enim
3538 2364 3685 2419 aliud

2106 2448 2315 2518 eligere
2364 2450 2468 2507 sibi
2518 2452 2703 2520 potuit
2741 2453 2927 2520 horno,
2978 2454 3073 2521 qui
3125 2454 3195 2509 ab
3247 2455 3473 2511 ineunte
3525 2466 3686 2513 aetate

2109 2541 2334 2611 propria
2370 2543 2660 2601 abdicatus
2722 2546 3005 2601 voluntate
3058 2547 3111 2601 in
3164 2547 3473 2603 humilitate
3523 2558 3687 2619 atque

2108 2636 2422 2694 obedientia
2477 2637 2720 2704 vixerit,
2767 2650 2824 2694 et
2866 2642 2959 2709 qui
3000 2641 3144 2711 (sine
3182 2642 3448 2712 iactantia
3478 2644 3686 2700 dictum

2107 2730 2202 2800 sit)
2237 2729 2408 2785 multa
2435 2729 2505 2787 de
2534 2732 2781 2788 vanitate
2809 2735 3026 2799 mundi,
3057 2735 3125 2791 de
3150 2736 3543 2793 emetulatioue
3572 2753 3686 2796 Ino-

2108 2834 2256 2882 rum,
2286 2819 2358 2874 de
2401 2821 2670 2890 prmmiis,
2713 2821 2799 2878 vel
2843 2824 3022 2893 puluis
3056 2827 3284 2889 a-ternis
3320 2827 3539 2895 legerit,
3586 2844 3688 2885 au-

2108 2907 2296 2974 dierit,
2330 2911 2648 2981 scripserit,
2682 2928 2859 2981 quam
2882 2916 3051 2971 rectis
3097 2918 3357 2989 verisque
3392 2921 3688 2978 sententiis

2106 2998 2256 3055 alere
2299 3001 2583 3069 animum,
2631 3012 2687 3059 et
2738 3004 3018 3077 inventam
3054 3005 3185 3064 ﬁdei
3231 3011 3520 3067 veritatem
3572 3029 3688 3067 am-

2107 3090 2311 3160 plecti?
2340 3091 2520 3161 Quam
2548 3102 2699 3153 certe
2742 3111 2811 3153 eo
2846 3099 3026 3167 pluris
3053 3116 3219 3171 quam
3251 3103 3414 3158 antea
3456 3103 3514 3160 in
3553 3121 3691 3175 prat—

424 3211 578 3266 ruut,
630 3201 703 3255 ita
753 3200 809 3255 bi
860 3215 1050 3256 vocem
1081 3202 1304 3272 quidem
1349 3203 1676 3259 emittebant
1731 3203 1999 3270 Gracam.
2034 3221 2077 3280 ο
2112 3185 2289 3280 Sed”?
2314 3185 2575 3280 Ῐέείψυει
2606 3193 2717 3261 (ιυο
2743 3191 2918 3260 magis
2944 3193 3368 3262 ῖηεηνθεεειιιε
3390 3197 3503 3268 iam
3525 3208 3686 3254 ειθιε

423 3291 860 3362 lectitabantque
904 3307 965 3346 ea
1006 3293 1209 3356 solum,
1252 3308 1374 3363 qua:
1431 3294 1637 3365 scripta
1682 3304 1867 3361 erant,
1904 3312 2004 3353 nec

425 3385 547 3440 sine
596 3383 884 3449 barbarie;
924 3397 1117 3438 eorum
1165 3399 1300 3439 vero
1354 3400 1477 3454 quae
1526 3386 1782 3456 legebant
1863 3389 2006 3445 nihil

424 3477 1073 3546 prorsus‘percipiebaut
1133 3477 1340 3551 [deest].
1391 3479 1815 3551 Recognoscite,
1852 3487 2006 3538 reco-

423 3568 676 3635 gnoscite
705 3568 1028 3638 aliquando,
1052 3568 1275 3630 fratres.
1299 3578 1464 3638 caput
1490 3570 1887 3638 Ecciesiarum,
1915 3588 2005 3629 ca-

424 3657 682 3711 thedram
709 3657 877 3711 Petri.
915 3658 1316 3728 Recognoscite
1346 3668 1580 3732 matrem
1614 3660 1884 3725 vestram,
1919 3664 2004 3718 al-

422 3762 535 3818 que
559 3749 899 3817 magistram,
931 3749 1328 3819 amplectimini
1362 3742 1525 3806 ﬁdem
1567 3754 1877 3822 apostolico
1905 3769 2002 3811 ore

422 3839 743 3906 laudatam;
790 3840 922 3896 inde
962 3842 1162 3896 animae
1209 3853 1408 3899 vestrae
1463 3846 1737 3915 postulate
1789 3847 1999 3911 cibum,

424 3931 559 3989 inde
592 3931 823 4000 quaerite
872 3930 1192 3988 consilium.
1230 3934 1288 3990 Si
1342 3935 1628 3992 doctorum
1682 3947 2000 3994 nostrorum

423 4023 601 4078 libros
624 4020 965 4088 evolvet-itis,
1000 4025 1047 4077 si
1080 4025 1287 4094 scripta
1325 4040 1520 4082 eorum
1553 4027 1847 4097 diligenter
1870 4044 2003 4085 con-

418 4113 828 4178 sideraveritis,
846 4114 1146 4169 invenietis
1175 4115 1479 4172 Romanam
1505 4115 1807 4175 Ecclesium
1833 4124 2000 4189 supra

422 4202 659 4262 caeteras
693 4221 914 4262 omnem
949 4216 1282 4277 potestatem
1313 4209 1542 4274 habere,
1571 4221 1630 4266 et
1667 4212 1741 4267 ita
1776 4213 2001 4269 univer-

425 4311 511 4352 sa.
538 4309 779 4366 praeses
824 4296 1105 4362 Ecclesiae,
1139 4307 1198 4352 ut
1244 4300 1453 4369 absque
1504 4301 1625 4370 ejus
1670 4304 2001 4360 auctoritate

424 4388 579 4445 nulla
634 4404 863 4459 prorsus
903 4390 1282 4447 ecclesiastica
1314 4393 1551 4461 quaestio
1583 4394 1749 4462 solvi,
1784 4398 1998 4453 nullum

427 4479 629 4550 dogma“
676 4476 956 4548 concludi,
990 4480 1087 4536 aut
1112 4482 1307 4552 possit,
1342 4482 1441 4537 aut
1477 4482 1699 4541 debeat.
1745 4485 1874 4543 Haec
1917 4500 2003 4545 est

2111 3275 2464 3346 multiplicati
2517 3281 2770 3351 corporis
2805 3283 2983 3338 morbi
3035 3296 3269 3342 mortem
3316 3290 3453 3345 mihi
3502 3293 3683 3362 quoti~

2110 3367 2201 3423 die
2253 3369 2555 3437 minantur,
2609 3384 2668 3428 et
2716 3375 2880 3429 vitam
2925 3375 3087 3431 taedio
3132 3391 3256 3434 esse
3283 3378 3514 3439 faciunt.
3560 3384 3687 3440 Scio

2109 3470 2258 3516 certe
2289 3460 2514 3531 fratres,
2544 3474 2601 3521 et
2625 3465 2816 3522 Patres
2837 3508 2851 3528 .
2882 3478 2939 3523 et
2969 3470 3086 3525 seio
3123 3468 3219 3525 lilii
3266 3473 3321 3526 in
3354 3473 3579 3531 Christo
3602 3477 3688 3531 di-

2107 3556 2260 3621 lecti,
2295 3572 2408 3612 non
2441 3558 2677 3616 multum
2709 3576 2831 3617 esse
2869 3563 3020 3632 quod
3052 3563 3217 3620 nobis
3250 3576 3507 3634 superest
3535 3569 3684 3636 vitae,

2107 3654 2168 3700 et
2195 3647 2309 3718 jam
2345 3656 2563 3719 tempus
2613 3663 2818 3708 nostra
2874 3654 3237 3710 resolutionis
3290 3656 3493 3722 instat,
3551 3673 3682 3727 quo,

2109 3745 2170 3792 ut
2200 3739 2481 3808 sapientes
2517 3742 2696 3811 aiunt,
2733 3743 2964 3800 advenit
3002 3745 3324 3803 hominibus
3374 3749 3543 3803 timor
3590 3765 3687 3803 ea-

2106 3845 2231 3883 rum
2266 3845 2477 3898 rerum,
2524 3848 2663 3904 quas
2714 3846 2875 3893 antea
2910 3838 3207 3896 formidare
3250 3856 3363 3895 non
3408 3841 3681 3898 solebant.

2111 3920 2310 3978 Vident
2341 3924 2491 3981 enim
2522 3928 2972 4000 appropinquare
3000 3931 3148 3987 diem
3177 3970 3192 3997 ,
3223 3948 3337 4004 quo
3367 3936 3554 3991 omnis
3582 3953 3686 3992 an-

2109 4021 2299 4072 teactae
2346 4018 2469 4075 vitae
2513 4021 2797 4078 reddenda
2821 4023 2896 4079 ait
2942 4025 3108 4081 ratio.
3159 4026 3245 4082 lle
3293 4029 3516 4099 quidem
3574 4046 3686 4101 quo

2105 4109 2282 4179 magis
2318 4110 2496 4193 vicina
2527 4122 2615 4168 est
2651 4118 2823 4181 more,
2852 4131 2918 4172 eo
2962 4119 3137 4189 magis
3186 4123 3509 4177 consolatur
3539 4124 3684 4180 inte-

2103 4204 2279 4272 gritas
2314 4204 2464 4261 ﬁdei.
2502 4205 2679 4278 Spero
2727 4209 2877 4265 enim
2924 4212 2999 4274 id.
3034 4213 3181 4281 quod
3214 4230 3281 4270 ex
3311 4218 3579 4285 operibus
3613 4220 3681 4273 ad

2104 4294 2343 4351 salutem
2400 4298 2602 4354 anima:
2650 4315 2788 4357 metu
2843 4302 3058 4368 deerit,
3095 4300 3221 4361 ﬁdei
3256 4311 3488 4364 veritate
3522 4322 3685 4380 posse

2106 4386 2378 4456 suppleri.
2421 4389 2506 4446 Ob
2560 4390 2703 4447 hanc
2762 4392 2986 4450 causam
3020 4400 3264 4466 spretis.
3317 4412 3375 4457 et
3432 4415 3684 4458 contem-

2105 4478 2219 4567 ptis
2269 4481 2611 4551 huitoi'ibus,
2667 4485 2712 4541 si
2763 4502 2905 4557 quos
2950 4491 3097 4559 apud
3130 4508 3229 4549 vos
3280 4494 3453 4550 habui
3493 4498 3683 4567 (habui

428 4571 526 4626 illa
553 4572 731 4642 petra,
771 4587 939 4641 supra
985 4586 1150 4643 quam
1195 4573 1455 4631 Christus
1500 4590 1653 4631 suam
1704 4570 2001 4636 aediﬁcavit

2107 4565 2291 4627 alitem
2319 4589 2420 4630 nec
2450 4590 2687 4645 parvos,
2741 4595 2847 4636 nec
2881 4578 3107 4651 paucos)
3163 4582 3311 4641 tutus
3360 4565 3508 4644 banc-
3555 4591 3681 4645 ﬁdei

427 4661 776 4722 Ecclesiam:
811 4663 929 4719 haec
973 4668 1078 4731 est,
1129 4679 1252 4735 qute
1305 4666 1467 4721 ﬁdem
1522 4668 1671 4724 Petri
1717 4680 1889 4737 tenet.
1944 4682 2001 4728 et

431 4754 715 4823 pradicat.
756 4754 882 4810 Hec
913 4756 1032 4811 sola
1061 4765 1172 4821 est,
1203 4762 1477 4815 adversus
1509 4775 1674 4831 quam
1707 4773 1882 4832 poi-tre
1915 4764 2004 4818 in-

430 4843 538 4901 feri
570 4860 682 4900 non
712 4846 1139 4915 praevalueru'nt.
1174 4849 1273 4905 llic
1297 4850 1517 4921 semper
1559 4865 1781 4908 servata
1802 4865 1888 4910 est
1918 4858 2002 4911 in.

430 4934 694 5005 corrupta
725 4937 947 4993 Patrum
982 4941 1321 5007 auctoritas;
1372 4943 1463 4997 hic
1490 4940 1583 4998 Sol
1620 4945 1852 5015 justiti:
1894 4936 2005 5002 ori-

432 5035 561 5096 tur;
590 5028 681 5086 hic
709 5028 825 5085 ιωι
854 5030 1087 5096 mutuli;
1123 5031 1216 5088 hic
1246 5032 1327 5087 sal
1360 5044 1565 5100 terrai;
1602 5027 1693 5091 hic
1712 5046 1843 5092 sunt
1876 5054 2003 5095 vasa

435 5136 602 5177 aurea
653 5133 712 5177 et
758 5134 1040 5192 argentea.
1074 5124 1403 5196 Quicunque
1445 5126 1578 5183 huic
1611 5142 1817 5185 sancta:
1850 5147 2006 5187 con-

436 5212 684 5269 munieui
732 5213 1149 5277 consociantur,
1206 5229 1371 5269 uuam
1420 5231 1546 5271 cum
1593 5234 1658 5273 ea
1701 5219 2002 5276 Ecclesium

434 5298 682 5367 faciunt;
710 5305 803 5372 qui
849 5305 919 5360 ab
945 5321 1009 5360 ea
1054 5315 1183 5361 sunt
1211 5308 1472 5379 Separati,
1517 5312 1752 5367 salutem
1799 5314 2005 5370 habere

443 5410 551 5451 non
593 5406 853 5465 possunt;
897 5399 992 5468 qui
1050 5400 1142 5454 hic
1197 5414 1307 5455 non
1368 5403 1660 5475 colligunt,
1711 5412 2000 5476 ςρσηςυοι.

435 5485 758 5556 Quicunque
801 5498 953 5542 extra
994 5490 1135 5545 hanc
1186 5507 1390 5562 ags-um
1423 5496 1746 5561 comedunt,
1784 5498 2001 5567 ρεόωὶ

435 5582 583 5627 sunt.
617 5572 674 5627 Si
700 5574 793 5644 qui
825 5576 880 5630 in
915 5575 1029 5632 Noe
1057 5596 1185 5635 arca
1223 5597 1331 5635 non
1367 5582 1595 5649 tinniat,
1629 5589 1888 5656 peribunt
1915 5600 2004 5645 ttu-

433 5676 638 5737 gnante
667 5659 897 5723 diluvio.
934 5668 1101 5724 Extra
1137 5672 1281 5727 ovile
1310 5673 1515 5732 Christi
1559 5679 1691 5733 salvi
1725 5695 1849 5735 esse
1885 5697 1995 5737 non

436 5759 796 5824 possunt;-in
845 5759 1003 5828 lupos
1061 5778 1305 5831 rapaces,
1351 5767 1404 5820 in
1452 5766 1603 5823 fures
1653 5771 2002 5844 latronesque

436 5848 703 5904 incident.
754 5852 1207 5924 Quandoquidem
1261 5872 1484 5917 necesse
1520 5872 1627 5923 est.
1682 5865 1777 5935 qui
1834 5868 1999 5924 voces

2108 4656 2395 4719 veritatem
2434 4670 2561 4720 sum
2579 4672 2827 4726 secutus.
2860 4670 3135 4740 Equidem
3177 4675 3307 4732 dico
3352 4681 3680 4747 scientibus,

2105 4760 2165 4807 et
2193 4752 2265 4811 iis
2295 4755 2389 4825 qui
2430 4771 2465 4813 ι
2499 4758 2806 4817 scientibus
2852 4764 3173 4833 audierunt,
3223 4769 3584 4844 audientque,
3634 4778 3679 4829 si

2106 4846 2295 4903 volent
2319 4847 2379 4903 in
2406 4845 2686 4919 posterum
2723 4871 2738 4909 :
2770 4855 3265 4917 Adulescentulum
3312 4852 3424 4929 me,
3475 4878 3534 4922 et
3565 4871 3679 4938 pri-

2110 4951 2198 4992 ma
2229 4938 2412 4996 adhuc
2440 4942 3058 5014 lanugine_csrentem,
3092 4952 3321 5021 plurimi
3366 4957 3678 5023 faciebatis,

2106 5026 2273 5083 etiam
2307 5032 2402 5100 qui
2451 5048 2738 5099 nunquam
2785 5054 2872 5093 me
2907 5040 3147 5105 vidistis,
3174 5055 3366 5101 uotum
3408 5060 3530 5105 erat
3579 5067 3681 5105 lm-

2109 5136 2237 5177 meu
2267 5138 2447 5179 meum
2477 5127 2739 5183 ominibus
2783 5130 3027 5187 Graecam
3086 5136 3523 5208 iutelligentibus
3573 5144 3682 5197 liu-

2105 5228 2288 5284 guam,
2323 5218 2568 5274 nondum
2607 5234 2846 5290 quatuor
2872 5233 2928 5279 et
2974 5226 3166 5297 viginti
3219 5245 3398 5288 annos
3446 5245 3610 5291 natus
3649 5255 3679 5290 a

2108 5306 2455 5378 principibus
2484 5314 2726 5367 nationis
2755 5312 2983 5383 nostrae,
3031 5335 3063 5374 a
3110 5322 3269 5378 vobis
3293 5327 3576 5391 omnibus,
3612 5330 3682 5385 ab

2107 5398 2237 5467 ipsis
2268 5400 2509 5473 destitute
2556 5406 3010 5474 imperatoribus.
3045 5423 3101 5466 et
3132 5415 3365 5480 honore,
3410 5431 3468 5473 et
3502 5421 3682 5491 digni-

2106 5499 2217 5548 tate
2256 5509 2427 5564 supra
2467 5506 2687 5553 aetatem
2735 5501 3058 5557 es‘tollebar.
3093 5503 3496 5577 Praeponebant
3528 5516 3679 5570 enim

2104 5601 2213 5645 me.
2244 5602 2352 5641 non
2382 5588 2547 5643 modo
2576 5592 2880 5659 annalibus
2926 5597 3081 5663 meis,
3138 5602 3232 5655 sed
3280 5603 3445 5659 etiam
3492 5610 3679 5664 seniu-

2105 5679 2280 5742 ribus,
2311 5688 2369 5733 et
2405 5682 2761 5751 auctoritate,
2811 5690 3101 5759 gratiaque
3158 5695 3517 5764 pollentibus,
3566 5718 3679 5757 non

2102 5788 2223 5827 mea
2258 5773 2481 5841 virtute,
2510 5776 2607 5829 sed
2641 5792 2740 5831 sua
2768 5777 3042 5839 bonitate.
3076 5784 3341 5851 Quamvis
3370 5792 3519 5847 enim
3556 5810 3678 5848 ma-

2101 5879 2207 5939 gna
2238 5869 2345 5927 hoc
2378 5881 2624 5942 tempore
2655 5873 2712 5929 in
2735 5873 2943 5933 Christi
2971 5880 3216 5940 Ecclesia
3240 5885 3511 5958 dignitate
3543 5901 3673 5958 pra:-
