  <div class='ocr_page' id='page_1' title='image "/cluster/home/n/w/nwhite01/storage/ocr_20150623/161/hvd.32044073502700/357.png"; bbox 0 0 3990 6212; ppageno 0'>
   <div class='ocr_carea' id='block_1_1' title="bbox 313 382 416 444">
    <p class='ocr_par' dir='ltr' id='par_1_1' title="bbox 313 382 416 444">
     <span class='ocr_line' id='line_1_1' title="bbox 313 382 416 444; baseline 0.01 -1"><span class='ocrx_word' id='word_1_1' title='bbox 313 382 416 444; x_wconf 71' lang='grc'><strong>487</strong></span> 
     </span>
    </p>
   </div>
   <div class='ocr_carea' id='block_1_2' title="bbox 1265 329 2610 439">
    <p class='ocr_par' dir='ltr' id='par_1_2' title="bbox 1265 329 2610 439">
     <span class='ocr_line' id='line_1_2' title="bbox 1265 329 2610 439; baseline -0.004 -2"><span class='ocrx_word' id='word_1_2' title='bbox 1265 374 1774 439; x_wconf 77' lang='lat' dir='ltr'><strong>BESSARIONIS</strong></span> <span class='ocrx_word' id='word_1_3' title='bbox 1810 373 1871 435; x_wconf 91' lang='lat' dir='ltr'><strong>s.</strong></span> <span class='ocrx_word' id='word_1_4' title='bbox 1916 372 1985 433; x_wconf 85' lang='lat' dir='ltr'><strong>n.</strong></span> <span class='ocrx_word' id='word_1_5' title='bbox 2030 370 2100 434; x_wconf 86' lang='lat' dir='ltr'><strong>E.</strong></span> <span class='ocrx_word' id='word_1_6' title='bbox 2143 329 2610 432; x_wconf 61' lang='lat' dir='ltr'><strong>mactmus</strong></span> 
     </span>
    </p>
   </div>
   <div class='ocr_carea' id='block_1_3' title="bbox 3461 368 3566 434">
    <p class='ocr_par' dir='ltr' id='par_1_3' title="bbox 3461 368 3566 434">
     <span class='ocr_line' id='line_1_3' title="bbox 3461 368 3566 434; baseline 0.038 -4"><span class='ocrx_word' id='word_1_7' title='bbox 3461 368 3566 434; x_wconf 68' lang='grc'><strong>488</strong></span> 
     </span>
    </p>
   </div>
   <div class='ocr_carea' id='block_1_4' title="bbox 312 483 3566 565">
    <p class='ocr_par' dir='ltr' id='par_1_4' title="bbox 312 483 3566 565">
     <span class='ocr_line' id='line_1_4' title="bbox 312 483 3566 565; baseline -0.002 -17"><span class='ocrx_word' id='word_1_8' title='bbox 312 496 570 565; x_wconf 74' lang='lat' dir='ltr'><strong>fulgeant,</strong></span> <span class='ocrx_word' id='word_1_9' title='bbox 614 507 949 563; x_wconf 88' lang='lat' dir='ltr'><strong>magnosque</strong></span> <span class='ocrx_word' id='word_1_10' title='bbox 1005 500 1060 548; x_wconf 90' lang='lat' dir='ltr'><strong>et</strong></span> <span class='ocrx_word' id='word_1_11' title='bbox 1095 491 1256 561; x_wconf 88' lang='lat' dir='ltr'><strong>longe</strong></span> <span class='ocrx_word' id='word_1_12' title='bbox 1304 506 1467 562; x_wconf 81' lang='lat' dir='ltr'><strong>supra</strong></span> <span class='ocrx_word' id='word_1_13' title='bbox 1507 489 1702 546; x_wconf 89' lang='lat' dir='ltr'><strong>merita</strong></span> <span class='ocrx_word' id='word_1_14' title='bbox 1765 502 1883 542; x_wconf 87' lang='lat' dir='ltr'><strong>mea</strong></span> <span class='ocrx_word' id='word_1_15' title='bbox 1915 484 2117 556; x_wconf 65' lang='lat' dir='ltr'><strong>Aolim</strong></span> <span class='ocrx_word' id='word_1_16' title='bbox 2149 484 2217 539; x_wconf 89' lang='lat' dir='ltr'><strong>de</strong></span> <span class='ocrx_word' id='word_1_17' title='bbox 2244 484 2347 540; x_wconf 90' lang='lat' dir='ltr'><strong>hac</strong></span> <span class='ocrx_word' id='word_1_18' title='bbox 2376 500 2433 540; x_wconf 91' lang='lat' dir='ltr'><strong>re</strong></span> <span class='ocrx_word' id='word_1_19' title='bbox 2464 484 2772 540; x_wconf 87' lang='lat' dir='ltr'><strong>orationem</strong></span> <span class='ocrx_word' id='word_1_20' title='bbox 2808 483 3107 547; x_wconf 86' lang='lat' dir='ltr'><strong>edidimus,</strong></span> <span class='ocrx_word' id='word_1_21' title='bbox 3130 483 3566 544; x_wconf 80' lang='lat' dir='ltr'><strong>manifestissime</strong></span> 
     </span>
    </p>
   </div>
   <div class='ocr_carea' id='block_1_5' title="bbox 312 583 1880 655">
    <p class='ocr_par' dir='ltr' id='par_1_5' title="bbox 312 583 1880 655">
     <span class='ocr_line' id='line_1_5' title="bbox 312 583 1880 655; baseline -0.002 -15"><span class='ocrx_word' id='word_1_22' title='bbox 312 587 545 655; x_wconf 87' lang='lat' dir='ltr'><strong>adeptus</strong></span> <span class='ocrx_word' id='word_1_23' title='bbox 578 585 679 640; x_wconf 89' lang='lat' dir='ltr'><strong>sim</strong></span> <span class='ocrx_word' id='word_1_24' title='bbox 732 587 991 649; x_wconf 84' lang='lat' dir='ltr'><strong>honores,</strong></span> <span class='ocrx_word' id='word_1_25' title='bbox 1042 594 1223 639; x_wconf 91' lang='lat' dir='ltr'><strong>tamen</strong></span> <span class='ocrx_word' id='word_1_26' title='bbox 1282 583 1398 640; x_wconf 78' lang='lat' dir='ltr'><strong>haec</strong></span> <span class='ocrx_word' id='word_1_27' title='bbox 1453 584 1637 638; x_wconf 85' lang='lat' dir='ltr'><strong>omnia</strong></span> <span class='ocrx_word' id='word_1_28' title='bbox 1689 592 1880 654; x_wconf 90' lang='lat' dir='ltr'><strong>postea</strong></span> 
     </span>
    </p>
   </div>
   <div class='ocr_carea' id='block_1_6' title="bbox 311 675 1884 743">
    <p class='ocr_par' dir='ltr' id='par_1_6' title="bbox 311 675 1884 743">
     <span class='ocr_line' id='line_1_6' title="bbox 311 675 1884 743; baseline -0.003 -8"><span class='ocrx_word' id='word_1_29' title='bbox 311 690 441 735; x_wconf 81' lang='lat' dir='ltr'><strong>sunt</strong></span> <span class='ocrx_word' id='word_1_30' title='bbox 468 688 677 743; x_wconf 88' lang='lat' dir='ltr'><strong>secuta,</strong></span> <span class='ocrx_word' id='word_1_31' title='bbox 729 685 784 731; x_wconf 85' lang='lat' dir='ltr'><strong>et</strong></span> <span class='ocrx_word' id='word_1_32' title='bbox 814 688 868 731; x_wconf 92' lang='lat' dir='ltr'><strong>ut</strong></span> <span class='ocrx_word' id='word_1_33' title='bbox 920 675 1062 732; x_wconf 85' lang='lat' dir='ltr'><strong>Deus</strong></span> <span class='ocrx_word' id='word_1_34' title='bbox 1092 678 1340 731; x_wconf 88' lang='lat' dir='ltr'><strong>omnium</strong></span> <span class='ocrx_word' id='word_1_35' title='bbox 1398 691 1581 731; x_wconf 89' lang='lat' dir='ltr'><strong>rerum</strong></span> <span class='ocrx_word' id='word_1_36' title='bbox 1629 675 1884 730; x_wconf 90' lang='lat' dir='ltr'><strong>conscius</strong></span> 
     </span>
    </p>
   </div>
   <div class='ocr_carea' id='block_1_7' title="bbox 311 764 1886 836">
    <p class='ocr_par' dir='ltr' id='par_1_7' title="bbox 311 764 1886 836">
     <span class='ocr_line' id='line_1_7' title="bbox 311 764 1886 836; baseline 0.002 -18"><span class='ocrx_word' id='word_1_37' title='bbox 311 767 518 836; x_wconf 71' lang='lat' dir='ltr'><strong>optime</strong></span> <span class='ocrx_word' id='word_1_38' title='bbox 550 766 722 831; x_wconf 86' lang='lat' dir='ltr'><strong>novit,</strong></span> <span class='ocrx_word' id='word_1_39' title='bbox 764 780 942 833; x_wconf 88' lang='lat' dir='ltr'><strong>neque</strong></span> <span class='ocrx_word' id='word_1_40' title='bbox 972 768 1287 836; x_wconf 72' lang='lat' dir='ltr'><strong>exspectata</strong></span> <span class='ocrx_word' id='word_1_41' title='bbox 1329 781 1361 821; x_wconf 85' lang='lat' dir='ltr'><strong>a</strong></span> <span class='ocrx_word' id='word_1_42' title='bbox 1395 780 1503 830; x_wconf 90' lang='lat' dir='ltr'><strong>me,</strong></span> <span class='ocrx_word' id='word_1_43' title='bbox 1551 781 1732 836; x_wconf 90' lang='lat' dir='ltr'><strong>neque</strong></span> <span class='ocrx_word' id='word_1_44' title='bbox 1759 764 1886 836; x_wconf 82' lang='lat' dir='ltr'><strong>spe-</strong></span> 
     </span>
    </p>
   </div>
   <div class='ocr_carea' id='block_1_8' title="bbox 316 854 1885 924">
    <p class='ocr_par' dir='ltr' id='par_1_8' title="bbox 316 854 1885 924">
     <span class='ocr_line' id='line_1_8' title="bbox 316 854 1885 924; baseline 0 -16"><span class='ocrx_word' id='word_1_45' title='bbox 316 865 452 910; x_wconf 88' lang='lat' dir='ltr'><strong>rata.</strong></span> <span class='ocrx_word' id='word_1_46' title='bbox 489 855 563 907; x_wconf 79' lang='lat' dir='ltr'><strong>At</strong></span> <span class='ocrx_word' id='word_1_47' title='bbox 594 854 740 909; x_wconf 90' lang='lat' dir='ltr'><strong>enim</strong></span> <span class='ocrx_word' id='word_1_48' title='bbox 772 854 1003 909; x_wconf 77' lang='lat' dir='ltr'><strong>fortasse</strong></span> <span class='ocrx_word' id='word_1_49' title='bbox 1038 854 1147 909; x_wconf 90' lang='lat' dir='ltr'><strong>dici</strong></span> <span class='ocrx_word' id='word_1_50' title='bbox 1197 870 1307 909; x_wconf 89' lang='lat' dir='ltr'><strong>non</strong></span> <span class='ocrx_word' id='word_1_51' title='bbox 1336 854 1616 910; x_wconf 90' lang='lat' dir='ltr'><strong>immerito</strong></span> <span class='ocrx_word' id='word_1_52' title='bbox 1666 870 1885 924; x_wconf 89' lang='lat' dir='ltr'><strong>possem</strong></span> 
     </span>
    </p>
   </div>
   <div class='ocr_carea' id='block_1_9' title="bbox 317 946 1882 1017">
    <p class='ocr_par' dir='ltr' id='par_1_9' title="bbox 317 946 1882 1017">
     <span class='ocr_line' id='line_1_9' title="bbox 317 946 1882 1017; baseline -0.001 -16"><span class='ocrx_word' id='word_1_53' title='bbox 317 947 520 1016; x_wconf 81' lang='lat' dir='ltr'><strong>majora</strong></span> <span class='ocrx_word' id='word_1_54' title='bbox 557 946 650 1000; x_wconf 89' lang='lat' dir='ltr'><strong>illa</strong></span> <span class='ocrx_word' id='word_1_55' title='bbox 684 962 807 1016; x_wconf 71' lang='lat' dir='ltr'><strong>qure</strong></span> <span class='ocrx_word' id='word_1_56' title='bbox 851 946 996 1017; x_wconf 89' lang='lat' dir='ltr'><strong>apud</strong></span> <span class='ocrx_word' id='word_1_57' title='bbox 1041 962 1141 1001; x_wconf 88' lang='lat' dir='ltr'><strong>vos</strong></span> <span class='ocrx_word' id='word_1_58' title='bbox 1189 946 1380 1001; x_wconf 83' lang='lat' dir='ltr'><strong>habui.</strong></span> <span class='ocrx_word' id='word_1_59' title='bbox 1427 946 1882 1016; x_wconf 84' lang='lat' dir='ltr'><strong>Quandoquidem</strong></span> 
     </span>
    </p>
   </div>
   <div class='ocr_carea' id='block_1_10' title="bbox 313 1039 1882 1110">
    <p class='ocr_par' dir='ltr' id='par_1_10' title="bbox 313 1039 1882 1110">
     <span class='ocr_line' id='line_1_10' title="bbox 313 1039 1882 1110; baseline 0 -17"><span class='ocrx_word' id='word_1_60' title='bbox 313 1041 428 1095; x_wconf 91' lang='lat' dir='ltr'><strong>illic</strong></span> <span class='ocrx_word' id='word_1_61' title='bbox 459 1039 617 1094; x_wconf 82' lang='lat' dir='ltr'><strong>facile</strong></span> <span class='ocrx_word' id='word_1_62' title='bbox 667 1039 810 1093; x_wconf 90' lang='lat' dir='ltr'><strong>inter</strong></span> <span class='ocrx_word' id='word_1_63' title='bbox 855 1040 1064 1110; x_wconf 91' lang='lat' dir='ltr'><strong>primos</strong></span> <span class='ocrx_word' id='word_1_64' title='bbox 1109 1039 1535 1104; x_wconf 85' lang='lat' dir='ltr'><strong>adnumerabar,</strong></span> <span class='ocrx_word' id='word_1_65' title='bbox 1591 1040 1683 1094; x_wconf 88' lang='lat' dir='ltr'><strong>hic</strong></span> <span class='ocrx_word' id='word_1_66' title='bbox 1730 1055 1882 1106; x_wconf 87' lang='lat' dir='ltr'><strong>vero,</strong></span> 
     </span>
    </p>
   </div>
   <div class='ocr_carea' id='block_1_11' title="bbox 314 1131 1888 1203">
    <p class='ocr_par' dir='ltr' id='par_1_11' title="bbox 314 1131 1888 1203">
     <span class='ocr_line' id='line_1_11' title="bbox 314 1131 1888 1203; baseline 0 -17"><span class='ocrx_word' id='word_1_67' title='bbox 314 1148 438 1186; x_wconf 86' lang='lat' dir='ltr'><strong>cum</strong></span> <span class='ocrx_word' id='word_1_68' title='bbox 473 1132 627 1185; x_wconf 83' lang='lat' dir='ltr'><strong>nmlti</strong></span> <span class='ocrx_word' id='word_1_69' title='bbox 657 1132 789 1193; x_wconf 90' lang='lat' dir='ltr'><strong>sint,</strong></span> <span class='ocrx_word' id='word_1_70' title='bbox 846 1131 958 1185; x_wconf 91' lang='lat' dir='ltr'><strong>imo</strong></span> <span class='ocrx_word' id='word_1_71' title='bbox 1000 1146 1137 1202; x_wconf 91' lang='lat' dir='ltr'><strong>pene</strong></span> <span class='ocrx_word' id='word_1_72' title='bbox 1173 1132 1626 1197; x_wconf 89' lang='lat' dir='ltr'><strong>innumerabiles,</strong></span> <span class='ocrx_word' id='word_1_73' title='bbox 1659 1132 1752 1203; x_wconf 88' lang='lat' dir='ltr'><strong>qui</strong></span> <span class='ocrx_word' id='word_1_74' title='bbox 1800 1146 1888 1186; x_wconf 89' lang='lat' dir='ltr'><strong>me</strong></span> 
     </span>
    </p>
   </div>
   <div class='ocr_carea' id='block_1_12' title="bbox 314 1223 1888 1295">
    <p class='ocr_par' dir='ltr' id='par_1_12' title="bbox 314 1223 1888 1295">
     <span class='ocr_line' id='line_1_12' title="bbox 314 1223 1888 1295; baseline 0.002 -18"><span class='ocrx_word' id='word_1_75' title='bbox 314 1225 607 1295; x_wconf 73' lang='lat' dir='ltr'><strong>sapientia,</strong></span> <span class='ocrx_word' id='word_1_76' title='bbox 662 1223 917 1278; x_wconf 83' lang='lat' dir='ltr'><strong>doctrina</strong></span> <span class='ocrx_word' id='word_1_77' title='bbox 947 1263 961 1287; x_wconf 93' lang='lat'><strong>,</strong></span> <span class='ocrx_word' id='word_1_78' title='bbox 1002 1224 1329 1293; x_wconf 66' lang='lat' dir='ltr'><strong>ueterisque</strong></span> <span class='ocrx_word' id='word_1_79' title='bbox 1378 1224 1678 1279; x_wconf 77' lang='lat' dir='ltr'><strong>virtutibus</strong></span> <span class='ocrx_word' id='word_1_80' title='bbox 1734 1234 1888 1281; x_wconf 76' lang='lat' dir='ltr'><strong>ante-</strong></span> 
     </span>
    </p>
   </div>
   <div class='ocr_carea' id='block_1_13' title="bbox 313 1316 1886 1387">
    <p class='ocr_par' dir='ltr' id='par_1_13' title="bbox 313 1316 1886 1387">
     <span class='ocr_line' id='line_1_13' title="bbox 313 1316 1886 1387; baseline -0.001 -15"><span class='ocrx_word' id='word_1_81' title='bbox 313 1317 539 1381; x_wconf 88' lang='lat' dir='ltr'><strong>cellunt,</strong></span> <span class='ocrx_word' id='word_1_82' title='bbox 572 1316 657 1371; x_wconf 81' lang='lat' dir='ltr'><strong>vix</strong></span> <span class='ocrx_word' id='word_1_83' title='bbox 695 1316 838 1371; x_wconf 86' lang='lat' dir='ltr'><strong>inter</strong></span> <span class='ocrx_word' id='word_1_84' title='bbox 882 1326 1194 1387; x_wconf 90' lang='lat' dir='ltr'><strong>postremos</strong></span> <span class='ocrx_word' id='word_1_85' title='bbox 1223 1316 1402 1371; x_wconf 73' lang='lat' dir='ltr'><strong>habeo</strong></span> <span class='ocrx_word' id='word_1_86' title='bbox 1450 1316 1654 1372; x_wconf 85' lang='lat' dir='ltr'><strong>locum.</strong></span> <span class='ocrx_word' id='word_1_87' title='bbox 1685 1317 1886 1373; x_wconf 87' lang='lat' dir='ltr'><strong>Notum</strong></span> 
     </span>
    </p>
   </div>
   <div class='ocr_carea' id='block_1_14' title="bbox 312 1411 1887 1483">
    <p class='ocr_par' dir='ltr' id='par_1_14' title="bbox 312 1411 1887 1483">
     <span class='ocr_line' id='line_1_14' title="bbox 312 1411 1887 1483; baseline -0.002 -15"><span class='ocrx_word' id='word_1_88' title='bbox 312 1426 398 1468; x_wconf 85' lang='lat' dir='ltr'><strong>est</strong></span> <span class='ocrx_word' id='word_1_89' title='bbox 428 1423 611 1468; x_wconf 86' lang='lat' dir='ltr'><strong>autem</strong></span> <span class='ocrx_word' id='word_1_90' title='bbox 645 1412 777 1467; x_wconf 89' lang='lat' dir='ltr'><strong>illud</strong></span> <span class='ocrx_word' id='word_1_91' title='bbox 810 1411 1042 1466; x_wconf 81' lang='lat' dir='ltr'><strong>Romani</strong></span> <span class='ocrx_word' id='word_1_92' title='bbox 1079 1412 1341 1482; x_wconf 87' lang='lat' dir='ltr'><strong>principis</strong></span> <span class='ocrx_word' id='word_1_93' title='bbox 1379 1412 1607 1475; x_wconf 90' lang='lat' dir='ltr'><strong>dictum,</strong></span> <span class='ocrx_word' id='word_1_94' title='bbox 1642 1414 1734 1483; x_wconf 87' lang='lat' dir='ltr'><strong>qui</strong></span> <span class='ocrx_word' id='word_1_95' title='bbox 1765 1428 1887 1467; x_wconf 81' lang='lat' dir='ltr'><strong>cum</strong></span> 
     </span>
    </p>
   </div>
   <div class='ocr_carea' id='block_1_15' title="bbox 312 1503 1891 1574">
    <p class='ocr_par' dir='ltr' id='par_1_15' title="bbox 312 1503 1891 1574">
     <span class='ocr_line' id='line_1_15' title="bbox 312 1503 1891 1574; baseline -0.003 -13"><span class='ocrx_word' id='word_1_96' title='bbox 312 1514 462 1561; x_wconf 81' lang='lat' dir='ltr'><strong>esset</strong></span> <span class='ocrx_word' id='word_1_97' title='bbox 492 1504 1174 1560; x_wconf 88' lang='lat' dir='ltr'><strong>bonorisstudiosissimus</strong></span> <span class='ocrx_word' id='word_1_98' title='bbox 1200 1503 1360 1558; x_wconf 88' lang='lat' dir='ltr'><strong>malle</strong></span> <span class='ocrx_word' id='word_1_99' title='bbox 1392 1520 1450 1560; x_wconf 82' lang='lat' dir='ltr'><strong>se</strong></span> <span class='ocrx_word' id='word_1_100' title='bbox 1474 1505 1691 1559; x_wconf 91' lang='lat' dir='ltr'><strong>dicebat</strong></span> <span class='ocrx_word' id='word_1_101' title='bbox 1716 1504 1769 1558; x_wconf 90' lang='lat' dir='ltr'><strong>in</strong></span> <span class='ocrx_word' id='word_1_102' title='bbox 1792 1520 1891 1574; x_wconf 89' lang='lat' dir='ltr'><strong>op-</strong></span> 
     </span>
    </p>
   </div>
   <div class='ocr_carea' id='block_1_16' title="bbox 313 1596 1889 1667">
    <p class='ocr_par' dir='ltr' id='par_1_16' title="bbox 313 1596 1889 1667">
     <span class='ocr_line' id='line_1_16' title="bbox 313 1596 1889 1667; baseline -0.001 -15"><span class='ocrx_word' id='word_1_103' title='bbox 313 1598 462 1667; x_wconf 85' lang='lat' dir='ltr'><strong>pido,</strong></span> <span class='ocrx_word' id='word_1_104' title='bbox 496 1598 749 1667; x_wconf 78' lang='lat' dir='ltr'><strong>quamvis</strong></span> <span class='ocrx_word' id='word_1_105' title='bbox 778 1598 976 1651; x_wconf 86' lang='lat' dir='ltr'><strong>humili</strong></span> <span class='ocrx_word' id='word_1_106' title='bbox 1044 1606 1207 1665; x_wconf 91' lang='lat' dir='ltr'><strong>atque</strong></span> <span class='ocrx_word' id='word_1_107' title='bbox 1248 1596 1486 1651; x_wconf 90' lang='lat' dir='ltr'><strong>obscuro</strong></span> <span class='ocrx_word' id='word_1_108' title='bbox 1518 1599 1754 1667; x_wconf 88' lang='lat' dir='ltr'><strong>primum</strong></span> <span class='ocrx_word' id='word_1_109' title='bbox 1790 1597 1889 1651; x_wconf 79' lang='lat' dir='ltr'><strong>ha-</strong></span> 
     </span>
    </p>
   </div>
   <div class='ocr_carea' id='block_1_17' title="bbox 316 1688 1889 1769">
    <p class='ocr_par' dir='ltr' id='par_1_17' title="bbox 316 1688 1889 1769">
     <span class='ocr_line' id='line_1_17' title="bbox 316 1688 1889 1769; baseline -0.001 -25"><span class='ocrx_word' id='word_1_110' title='bbox 316 1691 451 1745; x_wconf 88' lang='lat' dir='ltr'><strong>bere</strong></span> <span class='ocrx_word' id='word_1_111' title='bbox 477 1691 683 1769; x_wconf 80' lang='lat' dir='ltr'><strong>locum,</strong></span> <span class='ocrx_word' id='word_1_112' title='bbox 716 1706 878 1759; x_wconf 90' lang='lat' dir='ltr'><strong>quam</strong></span> <span class='ocrx_word' id='word_1_113' title='bbox 916 1690 971 1742; x_wconf 91' lang='lat' dir='ltr'><strong>in</strong></span> <span class='ocrx_word' id='word_1_114' title='bbox 1023 1688 1450 1757; x_wconf 85' lang='lat' dir='ltr'><strong>gloriosissima,</strong></span> <span class='ocrx_word' id='word_1_115' title='bbox 1494 1697 1658 1759; x_wconf 89' lang='lat' dir='ltr'><strong>atque</strong></span> <span class='ocrx_word' id='word_1_116' title='bbox 1706 1690 1889 1743; x_wconf 74' lang='lat' dir='ltr'><strong>excel-</strong></span> 
     </span>
    </p>
   </div>
   <div class='ocr_carea' id='block_1_18' title="bbox 316 1780 1887 1836">
    <p class='ocr_par' dir='ltr' id='par_1_18' title="bbox 316 1780 1887 1836">
     <span class='ocr_line' id='line_1_18' title="bbox 316 1780 1887 1836; baseline 0.001 -2"><span class='ocrx_word' id='word_1_117' title='bbox 316 1782 620 1836; x_wconf 87' lang='lat' dir='ltr'><strong>lentissima</strong></span> <span class='ocrx_word' id='word_1_118' title='bbox 655 1783 791 1835; x_wconf 82' lang='lat' dir='ltr'><strong>urbe</strong></span> <span class='ocrx_word' id='word_1_119' title='bbox 825 1780 996 1835; x_wconf 84' lang='lat' dir='ltr'><strong>Roma</strong></span> <span class='ocrx_word' id='word_1_120' title='bbox 1023 1780 1329 1835; x_wconf 87' lang='lat' dir='ltr'><strong>secundum</strong></span> <span class='ocrx_word' id='word_1_121' title='bbox 1359 1795 1501 1836; x_wconf 90' lang='lat' dir='ltr'><strong>esse.</strong></span> <span class='ocrx_word' id='word_1_122' title='bbox 1539 1780 1713 1835; x_wconf 83' lang='lat' dir='ltr'><strong>Habet</strong></span> <span class='ocrx_word' id='word_1_123' title='bbox 1742 1781 1887 1835; x_wconf 89' lang='lat' dir='ltr'><strong>enim</strong></span> 
     </span>
    </p>
   </div>
   <div class='ocr_carea' id='block_1_19' title="bbox 1986 575 3567 643">
    <p class='ocr_par' dir='ltr' id='par_1_19' title="bbox 1986 575 3567 643">
     <span class='ocr_line' id='line_1_19' title="bbox 1986 575 3567 643; baseline 0.004 -13"><span class='ocrx_word' id='word_1_124' title='bbox 1986 576 2099 630; x_wconf 90' lang='lat' dir='ltr'><strong>illic</strong></span> <span class='ocrx_word' id='word_1_125' title='bbox 2153 576 2437 632; x_wconf 81' lang='lat' dir='ltr'><strong>veritatem</strong></span> <span class='ocrx_word' id='word_1_126' title='bbox 2473 576 2787 642; x_wconf 77' lang='lat' dir='ltr'><strong>invenietis,</strong></span> <span class='ocrx_word' id='word_1_127' title='bbox 2846 585 2902 631; x_wconf 90' lang='lat' dir='ltr'><strong>et</strong></span> <span class='ocrx_word' id='word_1_128' title='bbox 2956 576 3060 630; x_wconf 79' lang='lat' dir='ltr'><strong>nisi</strong></span> <span class='ocrx_word' id='word_1_129' title='bbox 3100 575 3363 643; x_wconf 89' lang='lat' dir='ltr'><strong>fallimur,</strong></span> <span class='ocrx_word' id='word_1_130' title='bbox 3424 579 3567 636; x_wconf 65' lang='lat' dir='ltr'><strong>idem</strong></span> 
     </span>
    </p>
   </div>
   <div class='ocr_carea' id='block_1_20' title="bbox 1988 668 3571 728">
    <p class='ocr_par' dir='ltr' id='par_1_20' title="bbox 1988 668 3571 728">
     <span class='ocr_line' id='line_1_20' title="bbox 1988 668 3571 728; baseline 0.002 -4"><span class='ocrx_word' id='word_1_131' title='bbox 1988 670 2277 725; x_wconf 89' lang='lat' dir='ltr'><strong>nobiscum</strong></span> <span class='ocrx_word' id='word_1_132' title='bbox 2311 670 2645 727; x_wconf 87' lang='lat' dir='ltr'><strong>fatebimini.</strong></span> <span class='ocrx_word' id='word_1_133' title='bbox 2674 668 2857 724; x_wconf 84' lang='lat' dir='ltr'><strong>Nolite</strong></span> <span class='ocrx_word' id='word_1_134' title='bbox 2899 670 3141 724; x_wconf 86' lang='lat' dir='ltr'><strong>aemulari</strong></span> <span class='ocrx_word' id='word_1_135' title='bbox 3197 672 3571 728; x_wconf 87' lang='lat' dir='ltr'><strong>contentiosos</strong></span> 
     </span>
    </p>
   </div>
   <div class='ocr_carea' id='block_1_21' title="bbox 1988 761 3568 832">
    <p class='ocr_par' dir='ltr' id='par_1_21' title="bbox 1988 761 3568 832">
     <span class='ocr_line' id='line_1_21' title="bbox 1988 761 3568 832; baseline 0.001 -16"><span class='ocrx_word' id='word_1_136' title='bbox 1988 762 2263 829; x_wconf 89' lang='lat' dir='ltr'><strong>homines,</strong></span> <span class='ocrx_word' id='word_1_137' title='bbox 2291 776 2469 832; x_wconf 88' lang='lat' dir='ltr'><strong>neque</strong></span> <span class='ocrx_word' id='word_1_138' title='bbox 2521 762 2721 817; x_wconf 90' lang='lat' dir='ltr'><strong>imitari</strong></span> <span class='ocrx_word' id='word_1_139' title='bbox 2765 762 2887 816; x_wconf 90' lang='lat' dir='ltr'><strong>illos</strong></span> <span class='ocrx_word' id='word_1_140' title='bbox 2940 761 3189 830; x_wconf 91' lang='lat' dir='ltr'><strong>quicum</strong></span> <span class='ocrx_word' id='word_1_141' title='bbox 3247 762 3407 817; x_wconf 84' lang='lat' dir='ltr'><strong>aliter</strong></span> <span class='ocrx_word' id='word_1_142' title='bbox 3458 779 3568 817; x_wconf 86' lang='lat' dir='ltr'><strong>non</strong></span> 
     </span>
    </p>
   </div>
   <div class='ocr_carea' id='block_1_22' title="bbox 1988 854 3573 925">
    <p class='ocr_par' dir='ltr' id='par_1_22' title="bbox 1988 854 3573 925">
     <span class='ocr_line' id='line_1_22' title="bbox 1988 854 3573 925; baseline 0.001 -16"><span class='ocrx_word' id='word_1_143' title='bbox 1988 855 2223 925; x_wconf 86' lang='lat' dir='ltr'><strong>possint,</strong></span> <span class='ocrx_word' id='word_1_144' title='bbox 2279 855 2472 910; x_wconf 79' lang='lat' dir='ltr'><strong>saltem</strong></span> <span class='ocrx_word' id='word_1_145' title='bbox 2522 854 2822 925; x_wconf 84' lang='lat' dir='ltr'><strong>pugnando</strong></span> <span class='ocrx_word' id='word_1_146' title='bbox 2856 855 3167 919; x_wconf 89' lang='lat' dir='ltr'><strong>veritatem,</strong></span> <span class='ocrx_word' id='word_1_147' title='bbox 3196 854 3425 925; x_wconf 88' lang='lat' dir='ltr'><strong>gloriam</strong></span> <span class='ocrx_word' id='word_1_148' title='bbox 3475 870 3573 911; x_wconf 77' lang='lat' dir='ltr'><strong>au-</strong></span> 
     </span>
    </p>
   </div>
   <div class='ocr_carea' id='block_1_23' title="bbox 1990 946 3571 1017">
    <p class='ocr_par' dir='ltr' id='par_1_23' title="bbox 1990 946 3571 1017">
     <span class='ocr_line' id='line_1_23' title="bbox 1990 946 3571 1017; baseline 0 -15"><span class='ocrx_word' id='word_1_149' title='bbox 1990 946 2178 1017; x_wconf 90' lang='lat' dir='ltr'><strong>cupari</strong></span> <span class='ocrx_word' id='word_1_150' title='bbox 2198 955 2491 1003; x_wconf 89' lang='lat' dir='ltr'><strong>conantur.</strong></span> <span class='ocrx_word' id='word_1_151' title='bbox 2513 946 2837 1001; x_wconf 86' lang='lat' dir='ltr'><strong>Humilitate</strong></span> <span class='ocrx_word' id='word_1_152' title='bbox 2864 962 2964 1001; x_wconf 88' lang='lat' dir='ltr'><strong>vos</strong></span> <span class='ocrx_word' id='word_1_153' title='bbox 2985 946 3117 1009; x_wconf 88' lang='lat' dir='ltr'><strong>Deo,</strong></span> <span class='ocrx_word' id='word_1_154' title='bbox 3139 956 3194 1001; x_wconf 90' lang='lat' dir='ltr'><strong>et</strong></span> <span class='ocrx_word' id='word_1_155' title='bbox 3220 955 3299 1001; x_wconf 90' lang='lat' dir='ltr'><strong>tot</strong></span> <span class='ocrx_word' id='word_1_156' title='bbox 3327 948 3571 1016; x_wconf 88' lang='lat' dir='ltr'><strong>talesque</strong></span> 
     </span>
    </p>
   </div>
   <div class='ocr_carea' id='block_1_24' title="bbox 1991 1038 3565 1109">
    <p class='ocr_par' dir='ltr' id='par_1_24' title="bbox 1991 1038 3565 1109">
     <span class='ocr_line' id='line_1_24' title="bbox 1991 1038 3565 1109; baseline -0.001 -15"><span class='ocrx_word' id='word_1_157' title='bbox 1991 1040 2138 1094; x_wconf 88' lang='lat' dir='ltr'><strong>viros</strong></span> <span class='ocrx_word' id='word_1_158' title='bbox 2197 1038 2463 1109; x_wconf 78' lang='lat' dir='ltr'><strong>singulari</strong></span> <span class='ocrx_word' id='word_1_159' title='bbox 2496 1038 2758 1109; x_wconf 72' lang='lat' dir='ltr'><strong>praeditos</strong></span> <span class='ocrx_word' id='word_1_160' title='bbox 2806 1038 3123 1102; x_wconf 82' lang='lat' dir='ltr'><strong>devotione,</strong></span> <span class='ocrx_word' id='word_1_161' title='bbox 3159 1054 3221 1093; x_wconf 90' lang='lat' dir='ltr'><strong>ac</strong></span> <span class='ocrx_word' id='word_1_162' title='bbox 3271 1038 3565 1108; x_wconf 83' lang='lat' dir='ltr'><strong>sapientia.</strong></span> 
     </span>
    </p>
   </div>
   <div class='ocr_carea' id='block_1_25' title="bbox 1992 1132 3571 1209">
    <p class='ocr_par' dir='ltr' id='par_1_25' title="bbox 1992 1132 3571 1209">
     <span class='ocr_line' id='line_1_25' title="bbox 1992 1132 3571 1209; baseline 0.001 -23"><span class='ocrx_word' id='word_1_163' title='bbox 1992 1132 2249 1187; x_wconf 67' lang='lat' dir='ltr'><strong>Romanae</strong></span> <span class='ocrx_word' id='word_1_164' title='bbox 2278 1133 2533 1188; x_wconf 70' lang='lat' dir='ltr'><strong>Ecclesia:</strong></span> <span class='ocrx_word' id='word_1_165' title='bbox 2581 1132 2833 1188; x_wconf 87' lang='lat' dir='ltr'><strong>alumnos</strong></span> <span class='ocrx_word' id='word_1_166' title='bbox 2867 1135 3065 1199; x_wconf 86' lang='lat' dir='ltr'><strong>secuti,</strong></span> <span class='ocrx_word' id='word_1_167' title='bbox 3106 1133 3262 1188; x_wconf 84' lang='lat' dir='ltr'><strong>ﬁdem</strong></span> <span class='ocrx_word' id='word_1_168' title='bbox 3300 1134 3420 1209; x_wconf 85' lang='lat' dir='ltr'><strong>ejus</strong></span> <span class='ocrx_word' id='word_1_169' title='bbox 3450 1149 3571 1187; x_wconf 85' lang='lat' dir='ltr'><strong>sus-</strong></span> 
     </span>
    </p>
   </div>
   <div class='ocr_carea' id='block_1_26' title="bbox 1990 1225 3568 1295">
    <p class='ocr_par' dir='ltr' id='par_1_26' title="bbox 1990 1225 3568 1295">
     <span class='ocr_line' id='line_1_26' title="bbox 1990 1225 3568 1295; baseline -0.001 -15"><span class='ocrx_word' id='word_1_170' title='bbox 1990 1225 2178 1295; x_wconf 88' lang='lat' dir='ltr'><strong>cipite,</strong></span> <span class='ocrx_word' id='word_1_171' title='bbox 2214 1225 2527 1295; x_wconf 90' lang='lat' dir='ltr'><strong>pontiﬁcem</strong></span> <span class='ocrx_word' id='word_1_172' title='bbox 2566 1226 2871 1280; x_wconf 79' lang='lat' dir='ltr'><strong>Romanum</strong></span> <span class='ocrx_word' id='word_1_173' title='bbox 2922 1241 3111 1280; x_wconf 87' lang='lat' dir='ltr'><strong>verum</strong></span> <span class='ocrx_word' id='word_1_174' title='bbox 3166 1226 3342 1295; x_wconf 89' lang='lat' dir='ltr'><strong>ipsius</strong></span> <span class='ocrx_word' id='word_1_175' title='bbox 3386 1236 3568 1294; x_wconf 60' lang='lat' dir='ltr'><strong>pastoo</strong></span> 
     </span>
    </p>
   </div>
   <div class='ocr_carea' id='block_1_27' title="bbox 1993 1317 3569 1388">
    <p class='ocr_par' dir='ltr' id='par_1_27' title="bbox 1993 1317 3569 1388">
     <span class='ocr_line' id='line_1_27' title="bbox 1993 1317 3569 1388; baseline 0 -16"><span class='ocrx_word' id='word_1_176' title='bbox 1993 1335 2133 1381; x_wconf 89' lang='lat' dir='ltr'><strong>rem,</strong></span> <span class='ocrx_word' id='word_1_177' title='bbox 2174 1320 2342 1373; x_wconf 87' lang='lat' dir='ltr'><strong>totius</strong></span> <span class='ocrx_word' id='word_1_178' title='bbox 2361 1327 2523 1388; x_wconf 85' lang='lat' dir='ltr'><strong>caput</strong></span> <span class='ocrx_word' id='word_1_179' title='bbox 2549 1318 2844 1380; x_wconf 67' lang='lat' dir='ltr'><strong>Ecclesiae,</strong></span> <span class='ocrx_word' id='word_1_180' title='bbox 2880 1319 3167 1373; x_wconf 86' lang='lat' dir='ltr'><strong>ductorem</strong></span> <span class='ocrx_word' id='word_1_181' title='bbox 3225 1317 3374 1381; x_wconf 87' lang='lat' dir='ltr'><strong>ﬁdei,</strong></span> <span class='ocrx_word' id='word_1_182' title='bbox 3405 1328 3569 1385; x_wconf 79' lang='lat' dir='ltr'><strong>atque</strong></span> 
     </span>
    </p>
   </div>
   <div class='ocr_carea' id='block_1_28' title="bbox 1994 1406 3566 1477">
    <p class='ocr_par' dir='ltr' id='par_1_28' title="bbox 1994 1406 3566 1477">
     <span class='ocr_line' id='line_1_28' title="bbox 1994 1406 3566 1477; baseline -0.001 -17"><span class='ocrx_word' id='word_1_183' title='bbox 1994 1410 2312 1477; x_wconf 89' lang='lat' dir='ltr'><strong>magistrum</strong></span> <span class='ocrx_word' id='word_1_184' title='bbox 2347 1407 2637 1462; x_wconf 86' lang='lat' dir='ltr'><strong>credentes</strong></span> <span class='ocrx_word' id='word_1_185' title='bbox 2668 1407 3034 1471; x_wconf 83' lang='lat' dir='ltr'><strong>veneramini,</strong></span> <span class='ocrx_word' id='word_1_186' title='bbox 3069 1414 3125 1461; x_wconf 90' lang='lat' dir='ltr'><strong>et</strong></span> <span class='ocrx_word' id='word_1_187' title='bbox 3155 1408 3318 1467; x_wconf 84' lang='lat' dir='ltr'><strong>viam,</strong></span> <span class='ocrx_word' id='word_1_188' title='bbox 3352 1422 3468 1475; x_wconf 76' lang='lat' dir='ltr'><strong>qua:</strong></span> <span class='ocrx_word' id='word_1_189' title='bbox 3502 1406 3566 1459; x_wconf 82' lang='lat' dir='ltr'><strong>ad</strong></span> 
     </span>
    </p>
   </div>
   <div class='ocr_carea' id='block_1_29' title="bbox 1992 1498 3567 1568">
    <p class='ocr_par' dir='ltr' id='par_1_29' title="bbox 1992 1498 3567 1568">
     <span class='ocr_line' id='line_1_29' title="bbox 1992 1498 3567 1568; baseline -0.001 -15"><span class='ocrx_word' id='word_1_190' title='bbox 1992 1509 2253 1555; x_wconf 79' lang='lat' dir='ltr'><strong>aeternam</strong></span> <span class='ocrx_word' id='word_1_191' title='bbox 2287 1499 2437 1554; x_wconf 89' lang='lat' dir='ltr'><strong>ducit</strong></span> <span class='ocrx_word' id='word_1_192' title='bbox 2464 1499 2631 1553; x_wconf 89' lang='lat' dir='ltr'><strong>vitam</strong></span> <span class='ocrx_word' id='word_1_193' title='bbox 2659 1509 3056 1564; x_wconf 83' lang='lat' dir='ltr'><strong>ostentantem,</strong></span> <span class='ocrx_word' id='word_1_194' title='bbox 3089 1498 3405 1568; x_wconf 81' lang='lat' dir='ltr'><strong>sequimini.</strong></span> <span class='ocrx_word' id='word_1_195' title='bbox 3434 1498 3567 1552; x_wconf 84' lang='lat' dir='ltr'><strong>Nam</strong></span> 
     </span>
    </p>
   </div>
   <div class='ocr_carea' id='block_1_30' title="bbox 1992 1591 3570 1661">
    <p class='ocr_par' dir='ltr' id='par_1_30' title="bbox 1992 1591 3570 1661">
     <span class='ocr_line' id='line_1_30' title="bbox 1992 1591 3570 1661; baseline -0.001 -16"><span class='ocrx_word' id='word_1_196' title='bbox 1992 1602 2049 1646; x_wconf 87' lang='lat' dir='ltr'><strong>et</strong></span> <span class='ocrx_word' id='word_1_197' title='bbox 2070 1592 2173 1646; x_wconf 88' lang='lat' dir='ltr'><strong>hoc</strong></span> <span class='ocrx_word' id='word_1_198' title='bbox 2208 1607 2375 1646; x_wconf 91' lang='lat' dir='ltr'><strong>unum</strong></span> <span class='ocrx_word' id='word_1_199' title='bbox 2404 1607 2592 1647; x_wconf 90' lang='lat' dir='ltr'><strong>eorum</strong></span> <span class='ocrx_word' id='word_1_200' title='bbox 2613 1599 2719 1653; x_wconf 90' lang='lat' dir='ltr'><strong>est.</strong></span> <span class='ocrx_word' id='word_1_201' title='bbox 2749 1608 2872 1661; x_wconf 80' lang='lat' dir='ltr'><strong>quae</strong></span> <span class='ocrx_word' id='word_1_202' title='bbox 2894 1591 2960 1647; x_wconf 92' lang='lat' dir='ltr'><strong>ad</strong></span> <span class='ocrx_word' id='word_1_203' title='bbox 2994 1592 3225 1647; x_wconf 85' lang='lat' dir='ltr'><strong>salutem</strong></span> <span class='ocrx_word' id='word_1_204' title='bbox 3264 1592 3570 1646; x_wconf 79' lang='lat' dir='ltr'><strong>necessaria</strong></span> 
     </span>
    </p>
   </div>
   <div class='ocr_carea' id='block_1_31' title="bbox 1994 1686 3573 1762">
    <p class='ocr_par' dir='ltr' id='par_1_31' title="bbox 1994 1686 3573 1762">
     <span class='ocr_line' id='line_1_31' title="bbox 1994 1686 3573 1762; baseline 0.001 -24"><span class='ocrx_word' id='word_1_205' title='bbox 1994 1694 2143 1750; x_wconf 90' lang='lat' dir='ltr'><strong>sunt,</strong></span> <span class='ocrx_word' id='word_1_206' title='bbox 2214 1686 2495 1756; x_wconf 88' lang='lat' dir='ltr'><strong>proprium</strong></span> <span class='ocrx_word' id='word_1_207' title='bbox 2539 1701 2700 1741; x_wconf 91' lang='lat' dir='ltr'><strong>nosse</strong></span> <span class='ocrx_word' id='word_1_208' title='bbox 2740 1697 3017 1755; x_wconf 84' lang='lat' dir='ltr'><strong>pastorem</strong></span> <span class='ocrx_word' id='word_1_209' title='bbox 3045 1726 3060 1752; x_wconf 94' lang='lat'><strong>,</strong></span> <span class='ocrx_word' id='word_1_210' title='bbox 3092 1695 3146 1741; x_wconf 89' lang='lat' dir='ltr'><strong>et</strong></span> <span class='ocrx_word' id='word_1_211' title='bbox 3182 1700 3573 1762; x_wconf 72' lang='lat' dir='ltr'><strong>recogngscere</strong></span> 
     </span>
    </p>
   </div>
   <div class='ocr_carea' id='block_1_32' title="bbox 1998 1776 3575 1848">
    <p class='ocr_par' dir='ltr' id='par_1_32' title="bbox 1998 1776 3575 1848">
     <span class='ocr_line' id='line_1_32' title="bbox 1998 1776 3575 1848; baseline -0.001 -17"><span class='ocrx_word' id='word_1_212' title='bbox 1998 1779 2324 1848; x_wconf 89' lang='lat' dir='ltr'><strong>principem,</strong></span> <span class='ocrx_word' id='word_1_213' title='bbox 2359 1789 2413 1833; x_wconf 89' lang='lat' dir='ltr'><strong>et</strong></span> <span class='ocrx_word' id='word_1_214' title='bbox 2458 1778 2595 1833; x_wconf 88' lang='lat' dir='ltr'><strong>scire</strong></span> <span class='ocrx_word' id='word_1_215' title='bbox 2631 1787 2793 1848; x_wconf 86' lang='lat' dir='ltr'><strong>atque</strong></span> <span class='ocrx_word' id='word_1_216' title='bbox 2844 1779 3118 1833; x_wconf 86' lang='lat' dir='ltr'><strong>honorare</strong></span> <span class='ocrx_word' id='word_1_217' title='bbox 3142 1776 3575 1833; x_wconf 83' lang='lat' dir='ltr'><strong>ductorem.Ubi</strong></span> 
     </span>
    </p>
   </div>
   <div class='ocr_carea' id='block_1_33' title="bbox 316 1866 3577 1943">
    <p class='ocr_par' dir='ltr' id='par_1_33' title="bbox 316 1866 3577 1943">
     <span class='ocr_line' id='line_1_33' title="bbox 316 1866 3577 1943; baseline -0.001 -19"><span class='ocrx_word' id='word_1_218' title='bbox 316 1873 654 1943; x_wconf 66' lang='lat' dir='ltr'><strong>principatus</strong></span> <span class='ocrx_word' id='word_1_219' title='bbox 677 1873 972 1942; x_wconf 80' lang='lat' dir='ltr'><strong>quamdam</strong></span> <span class='ocrx_word' id='word_1_220' title='bbox 1006 1872 1110 1926; x_wconf 84' lang='lat' dir='ltr'><strong>etsi</strong></span> <span class='ocrx_word' id='word_1_221' title='bbox 1152 1874 1209 1928; x_wconf 83' lang='lat' dir='ltr'><strong>in</strong></span> <span class='ocrx_word' id='word_1_222' title='bbox 1264 1873 1534 1939; x_wconf 84' lang='lat' dir='ltr'><strong>minimis,</strong></span> <span class='ocrx_word' id='word_1_223' title='bbox 1591 1875 1886 1928; x_wconf 68' lang='lat' dir='ltr'><strong>maximam</strong></span> <span class='ocrx_word' id='word_1_224' title='bbox 1922 1866 1965 1921; x_wconf 87' lang='grc' dir='ltr'><strong><em>Β</em></strong></span> <span class='ocrx_word' id='word_1_225' title='bbox 1994 1869 2137 1923; x_wconf 88' lang='lat' dir='ltr'><strong>enim</strong></span> <span class='ocrx_word' id='word_1_226' title='bbox 2172 1883 2278 1921; x_wconf 92' lang='lat' dir='ltr'><strong>non</strong></span> <span class='ocrx_word' id='word_1_227' title='bbox 2301 1877 2384 1923; x_wconf 86' lang='lat' dir='ltr'><strong>est</strong></span> <span class='ocrx_word' id='word_1_228' title='bbox 2418 1868 2693 1937; x_wconf 86' lang='lat' dir='ltr'><strong>princeps,</strong></span> <span class='ocrx_word' id='word_1_229' title='bbox 2743 1867 2821 1921; x_wconf 89' lang='lat' dir='ltr'><strong>ibi</strong></span> <span class='ocrx_word' id='word_1_230' title='bbox 2871 1867 3253 1934; x_wconf 89' lang='lat' dir='ltr'><strong>inordinatio;</strong></span> <span class='ocrx_word' id='word_1_231' title='bbox 3299 1867 3393 1922; x_wconf 88' lang='lat' dir='ltr'><strong>ubi</strong></span> <span class='ocrx_word' id='word_1_232' title='bbox 3431 1867 3577 1921; x_wconf 87' lang='lat' dir='ltr'><strong>inor-</strong></span> 
     </span>
    </p>
   </div>
   <div class='ocr_carea' id='block_1_34' title="bbox 318 1963 1893 2036">
    <p class='ocr_par' dir='ltr' id='par_1_34' title="bbox 318 1963 1893 2036">
     <span class='ocr_line' id='line_1_34' title="bbox 318 1963 1893 2036; baseline 0.003 -18"><span class='ocrx_word' id='word_1_233' title='bbox 318 1976 499 2019; x_wconf 83' lang='lat' dir='ltr'><strong>tamen</strong></span> <span class='ocrx_word' id='word_1_234' title='bbox 532 1980 593 2018; x_wconf 89' lang='lat' dir='ltr'><strong>ac</strong></span> <span class='ocrx_word' id='word_1_235' title='bbox 618 1963 994 2017; x_wconf 87' lang='lat' dir='ltr'><strong>dulcissimam</strong></span> <span class='ocrx_word' id='word_1_236' title='bbox 1032 1964 1391 2034; x_wconf 84' lang='lat' dir='ltr'><strong>voluptatem.</strong></span> <span class='ocrx_word' id='word_1_237' title='bbox 1425 1966 1493 2019; x_wconf 87' lang='lat' dir='ltr'><strong>At</strong></span> <span class='ocrx_word' id='word_1_238' title='bbox 1519 1981 1618 2021; x_wconf 84' lang='lat' dir='ltr'><strong>nos</strong></span> <span class='ocrx_word' id='word_1_239' title='bbox 1640 2005 1653 2030; x_wconf 93' lang='lat'><strong>,</strong></span> <span class='ocrx_word' id='word_1_240' title='bbox 1687 1974 1743 2020; x_wconf 83' lang='lat' dir='ltr'><strong>et</strong></span> <span class='ocrx_word' id='word_1_241' title='bbox 1771 1981 1893 2036; x_wconf 69' lang='lat' dir='ltr'><strong>qua:</strong></span> 
     </span>
    </p>
   </div>
   <div class='ocr_carea' id='block_1_35' title="bbox 316 2056 1892 2129">
    <p class='ocr_par' dir='ltr' id='par_1_35' title="bbox 316 2056 1892 2129">
     <span class='ocr_line' id='line_1_35' title="bbox 316 2056 1892 2129; baseline 0.001 -19"><span class='ocrx_word' id='word_1_242' title='bbox 316 2056 463 2127; x_wconf 87' lang='lat' dir='ltr'><strong>apud</strong></span> <span class='ocrx_word' id='word_1_243' title='bbox 497 2072 595 2112; x_wconf 90' lang='lat' dir='ltr'><strong>vos</strong></span> <span class='ocrx_word' id='word_1_244' title='bbox 642 2056 981 2112; x_wconf 84' lang='lat' dir='ltr'><strong>habebamus</strong></span> <span class='ocrx_word' id='word_1_245' title='bbox 1012 2072 1123 2112; x_wconf 90' lang='lat' dir='ltr'><strong>non</strong></span> <span class='ocrx_word' id='word_1_246' title='bbox 1154 2059 1333 2129; x_wconf 83' lang='lat' dir='ltr'><strong>magni</strong></span> <span class='ocrx_word' id='word_1_247' title='bbox 1371 2057 1623 2123; x_wconf 86' lang='lat' dir='ltr'><strong>fecimus,</strong></span> <span class='ocrx_word' id='word_1_248' title='bbox 1676 2066 1733 2112; x_wconf 90' lang='lat' dir='ltr'><strong>et</strong></span> <span class='ocrx_word' id='word_1_249' title='bbox 1770 2072 1892 2127; x_wconf 71' lang='lat' dir='ltr'><strong>quae</strong></span> 
     </span>
    </p>
   </div>
   <div class='ocr_carea' id='block_1_36' title="bbox 317 2152 1891 2222">
    <p class='ocr_par' dir='ltr' id='par_1_36' title="bbox 317 2152 1891 2222">
     <span class='ocr_line' id='line_1_36' title="bbox 317 2152 1891 2222; baseline 0 -15"><span class='ocrx_word' id='word_1_250' title='bbox 317 2167 466 2207; x_wconf 88' lang='lat' dir='ltr'><strong>nunc</strong></span> <span class='ocrx_word' id='word_1_251' title='bbox 525 2152 789 2206; x_wconf 85' lang='lat' dir='ltr'><strong>habemus</strong></span> <span class='ocrx_word' id='word_1_252' title='bbox 844 2161 1037 2206; x_wconf 86' lang='lat' dir='ltr'><strong>testem</strong></span> <span class='ocrx_word' id='word_1_253' title='bbox 1087 2152 1410 2207; x_wconf 89' lang='lat' dir='ltr'><strong>invocamus</strong></span> <span class='ocrx_word' id='word_1_254' title='bbox 1468 2152 1680 2217; x_wconf 89' lang='lat' dir='ltr'><strong>Deum,</strong></span> <span class='ocrx_word' id='word_1_255' title='bbox 1736 2166 1891 2222; x_wconf 69' lang='lat' dir='ltr'><strong>aeque</strong></span> 
     </span>
    </p>
   </div>
   <div class='ocr_carea' id='block_1_37' title="bbox 316 2243 1889 2314">
    <p class='ocr_par' dir='ltr' id='par_1_37' title="bbox 316 2243 1889 2314">
     <span class='ocr_line' id='line_1_37' title="bbox 316 2243 1889 2314; baseline 0.001 -16"><span class='ocrx_word' id='word_1_256' title='bbox 316 2243 804 2314; x_wconf 85' lang='lat' dir='ltr'><strong>parvifecissemus</strong></span> <span class='ocrx_word' id='word_1_257' title='bbox 828 2284 842 2308; x_wconf 95' lang='lat'><strong>,</strong></span> <span class='ocrx_word' id='word_1_258' title='bbox 883 2244 1014 2312; x_wconf 88' lang='lat' dir='ltr'><strong>quin</strong></span> <span class='ocrx_word' id='word_1_259' title='bbox 1048 2246 1229 2314; x_wconf 90' lang='lat' dir='ltr'><strong>potius</strong></span> <span class='ocrx_word' id='word_1_260' title='bbox 1278 2244 1500 2314; x_wconf 87' lang='lat' dir='ltr'><strong>spretis,</strong></span> <span class='ocrx_word' id='word_1_261' title='bbox 1527 2246 1889 2314; x_wconf 87' lang='lat' dir='ltr'><strong>contemptis-</strong></span> 
     </span>
    </p>
   </div>
   <div class='ocr_carea' id='block_1_38' title="bbox 318 2325 1886 2406">
    <p class='ocr_par' dir='ltr' id='par_1_38' title="bbox 318 2325 1886 2406">
     <span class='ocr_line' id='line_1_38' title="bbox 318 2325 1886 2406; baseline 0.003 -19"><span class='ocrx_word' id='word_1_262' title='bbox 318 2352 428 2406; x_wconf 86' lang='lat' dir='ltr'><strong>que</strong></span> <span class='ocrx_word' id='word_1_263' title='bbox 484 2335 765 2400; x_wconf 90' lang='lat' dir='ltr'><strong>omnibus,</strong></span> <span class='ocrx_word' id='word_1_264' title='bbox 814 2336 981 2390; x_wconf 91' lang='lat' dir='ltr'><strong>etiam</strong></span> <span class='ocrx_word' id='word_1_265' title='bbox 1017 2336 1061 2391; x_wconf 89' lang='lat' dir='ltr'><strong>si</strong></span> <span class='ocrx_word' id='word_1_266' title='bbox 1115 2325 1287 2390; x_wconf 78' lang='lat' dir='ltr'><strong>multo</strong></span> <span class='ocrx_word' id='word_1_267' title='bbox 1332 2336 1487 2406; x_wconf 89' lang='lat' dir='ltr'><strong>plura</strong></span> <span class='ocrx_word' id='word_1_268' title='bbox 1536 2336 1886 2402; x_wconf 84' lang='lat' dir='ltr'><strong>haberemus,</strong></span> 
     </span>
    </p>
   </div>
   <div class='ocr_carea' id='block_1_39' title="bbox 317 2427 1891 2498">
    <p class='ocr_par' dir='ltr' id='par_1_39' title="bbox 317 2427 1891 2498">
     <span class='ocr_line' id='line_1_39' title="bbox 317 2427 1891 2498; baseline 0.003 -17"><span class='ocrx_word' id='word_1_269' title='bbox 317 2429 382 2483; x_wconf 89' lang='lat' dir='ltr'><strong>ad</strong></span> <span class='ocrx_word' id='word_1_270' title='bbox 414 2442 512 2483; x_wconf 85' lang='lat' dir='ltr'><strong>vos</strong></span> <span class='ocrx_word' id='word_1_271' title='bbox 538 2443 703 2498; x_wconf 87' lang='lat' dir='ltr'><strong>quam</strong></span> <span class='ocrx_word' id='word_1_272' title='bbox 741 2429 1035 2484; x_wconf 87' lang='lat' dir='ltr'><strong>celerrime</strong></span> <span class='ocrx_word' id='word_1_273' title='bbox 1081 2427 1505 2491; x_wconf 85' lang='lat' dir='ltr'><strong>defecissemus,</strong></span> <span class='ocrx_word' id='word_1_274' title='bbox 1565 2430 1670 2485; x_wconf 90' lang='lat' dir='ltr'><strong>nisi</strong></span> <span class='ocrx_word' id='word_1_275' title='bbox 1728 2429 1891 2485; x_wconf 87' lang='lat' dir='ltr'><strong>nobis</strong></span> 
     </span>
    </p>
   </div>
   <div class='ocr_carea' id='block_1_40' title="bbox 315 2520 1888 2592">
    <p class='ocr_par' dir='ltr' id='par_1_40' title="bbox 315 2520 1888 2592">
     <span class='ocr_line' id='line_1_40' title="bbox 315 2520 1888 2592; baseline 0 -17"><span class='ocrx_word' id='word_1_276' title='bbox 315 2534 563 2575; x_wconf 86' lang='lat' dir='ltr'><strong>essemus</strong></span> <span class='ocrx_word' id='word_1_277' title='bbox 590 2520 801 2575; x_wconf 89' lang='lat' dir='ltr'><strong>conscii</strong></span> <span class='ocrx_word' id='word_1_278' title='bbox 838 2520 1071 2590; x_wconf 78' lang='lat' dir='ltr'><strong>elegisse</strong></span> <span class='ocrx_word' id='word_1_279' title='bbox 1104 2521 1357 2588; x_wconf 89' lang='lat' dir='ltr'><strong>meliora,</strong></span> <span class='ocrx_word' id='word_1_280' title='bbox 1388 2522 1495 2576; x_wconf 91' lang='lat' dir='ltr'><strong>nisi</strong></span> <span class='ocrx_word' id='word_1_281' title='bbox 1542 2522 1888 2592; x_wconf 81' lang='lat' dir='ltr'><strong>exploratqu</strong></span> 
     </span>
    </p>
   </div>
   <div class='ocr_carea' id='block_1_41' title="bbox 317 2612 1887 2671">
    <p class='ocr_par' dir='ltr' id='par_1_41' title="bbox 317 2612 1887 2671">
     <span class='ocr_line' id='line_1_41' title="bbox 317 2612 1887 2671; baseline 0.003 -5"><span class='ocrx_word' id='word_1_282' title='bbox 317 2612 651 2668; x_wconf 85' lang='lat' dir='ltr'><strong>haberemus</strong></span> <span class='ocrx_word' id='word_1_283' title='bbox 705 2612 848 2668; x_wconf 90' lang='lat' dir='ltr'><strong>hanc</strong></span> <span class='ocrx_word' id='word_1_284' title='bbox 905 2622 1149 2667; x_wconf 89' lang='lat' dir='ltr'><strong>sanctam</strong></span> <span class='ocrx_word' id='word_1_285' title='bbox 1209 2621 1264 2668; x_wconf 91' lang='lat' dir='ltr'><strong>et</strong></span> <span class='ocrx_word' id='word_1_286' title='bbox 1319 2613 1648 2671; x_wconf 89' lang='lat' dir='ltr'><strong>catholicam</strong></span> <span class='ocrx_word' id='word_1_287' title='bbox 1698 2615 1887 2670; x_wconf 84' lang='lat' dir='ltr'><strong>Eccle-</strong></span> 
     </span>
    </p>
   </div>
   <div class='ocr_carea' id='block_1_42' title="bbox 319 2704 1889 2777">
    <p class='ocr_par' dir='ltr' id='par_1_42' title="bbox 319 2704 1889 2777">
     <span class='ocr_line' id='line_1_42' title="bbox 319 2704 1889 2777; baseline 0.001 -17"><span class='ocrx_word' id='word_1_288' title='bbox 319 2705 459 2760; x_wconf 88' lang='lat' dir='ltr'><strong>siam</strong></span> <span class='ocrx_word' id='word_1_289' title='bbox 497 2705 587 2759; x_wconf 90' lang='lat' dir='ltr'><strong>illa</strong></span> <span class='ocrx_word' id='word_1_290' title='bbox 624 2704 874 2769; x_wconf 80' lang='lat' dir='ltr'><strong>credere,</strong></span> <span class='ocrx_word' id='word_1_291' title='bbox 907 2704 998 2759; x_wconf 92' lang='lat' dir='ltr'><strong>illa</strong></span> <span class='ocrx_word' id='word_1_292' title='bbox 1033 2705 1270 2770; x_wconf 86' lang='lat' dir='ltr'><strong>tradere,</strong></span> <span class='ocrx_word' id='word_1_293' title='bbox 1315 2716 1370 2760; x_wconf 91' lang='lat' dir='ltr'><strong>et</strong></span> <span class='ocrx_word' id='word_1_294' title='bbox 1400 2707 1621 2772; x_wconf 89' lang='lat' dir='ltr'><strong>docere,</strong></span> <span class='ocrx_word' id='word_1_295' title='bbox 1670 2722 1791 2777; x_wconf 84' lang='lat' dir='ltr'><strong>quae</strong></span> <span class='ocrx_word' id='word_1_296' title='bbox 1821 2707 1889 2762; x_wconf 89' lang='lat' dir='ltr'><strong>ad</strong></span> 
     </span>
    </p>
   </div>
   <div class='ocr_carea' id='block_1_43' title="bbox 317 2792 1889 2866">
    <p class='ocr_par' dir='ltr' id='par_1_43' title="bbox 317 2792 1889 2866">
     <span class='ocr_line' id='line_1_43' title="bbox 317 2792 1889 2866; baseline 0.001 -15"><span class='ocrx_word' id='word_1_297' title='bbox 317 2795 487 2851; x_wconf 89' lang='lat' dir='ltr'><strong>vitam</strong></span> <span class='ocrx_word' id='word_1_298' title='bbox 528 2802 794 2849; x_wconf 64' lang='lat' dir='ltr'><strong>aternam</strong></span> <span class='ocrx_word' id='word_1_299' title='bbox 845 2792 950 2850; x_wconf 89' lang='lat' dir='ltr'><strong>iter</strong></span> <span class='ocrx_word' id='word_1_300' title='bbox 984 2793 1216 2849; x_wconf 88' lang='lat' dir='ltr'><strong>faciunt.</strong></span> <span class='ocrx_word' id='word_1_301' title='bbox 1248 2795 1305 2850; x_wconf 92' lang='lat' dir='ltr'><strong>Si</strong></span> <span class='ocrx_word' id='word_1_302' title='bbox 1340 2796 1510 2866; x_wconf 79' lang='lat' dir='ltr'><strong>igitur</strong></span> <span class='ocrx_word' id='word_1_303' title='bbox 1560 2797 1627 2851; x_wconf 91' lang='lat' dir='ltr'><strong>ad</strong></span> <span class='ocrx_word' id='word_1_304' title='bbox 1681 2813 1746 2852; x_wconf 88' lang='lat' dir='ltr'><strong>ea</strong></span> <span class='ocrx_word' id='word_1_305' title='bbox 1792 2814 1889 2853; x_wconf 91' lang='lat' dir='ltr'><strong>vos</strong></span> 
     </span>
    </p>
   </div>
   <div class='ocr_carea' id='block_1_44' title="bbox 320 2882 1889 2955">
    <p class='ocr_par' dir='ltr' id='par_1_44' title="bbox 320 2882 1889 2955">
     <span class='ocr_line' id='line_1_44' title="bbox 320 2882 1889 2955; baseline 0.003 -18"><span class='ocrx_word' id='word_1_306' title='bbox 320 2884 537 2948; x_wconf 86' lang='lat' dir='ltr'><strong>hortor,</strong></span> <span class='ocrx_word' id='word_1_307' title='bbox 591 2897 712 2953; x_wconf 69' lang='lat' dir='ltr'><strong>quae</strong></span> <span class='ocrx_word' id='word_1_308' title='bbox 743 2882 908 2939; x_wconf 83' lang='lat' dir='ltr'><strong>saluti</strong></span> <span class='ocrx_word' id='word_1_309' title='bbox 949 2891 1144 2939; x_wconf 74' lang='lat' dir='ltr'><strong>vestrre</strong></span> <span class='ocrx_word' id='word_1_310' title='bbox 1184 2884 1472 2955; x_wconf 84' lang='lat' dir='ltr'><strong>profutura</strong></span> <span class='ocrx_word' id='word_1_311' title='bbox 1528 2901 1637 2940; x_wconf 91' lang='lat' dir='ltr'><strong>non</strong></span> <span class='ocrx_word' id='word_1_312' title='bbox 1679 2887 1889 2953; x_wconf 91' lang='lat' dir='ltr'><strong>dubito,</strong></span> 
     </span>
    </p>
   </div>
   <div class='ocr_carea' id='block_1_45' title="bbox 319 2972 1890 3039">
    <p class='ocr_par' dir='ltr' id='par_1_45' title="bbox 319 2972 1890 3039">
     <span class='ocr_line' id='line_1_45' title="bbox 319 2972 1890 3039; baseline 0.001 -12"><span class='ocrx_word' id='word_1_313' title='bbox 319 2989 445 3027; x_wconf 86' lang='lat' dir='ltr'><strong>cum</strong></span> <span class='ocrx_word' id='word_1_314' title='bbox 496 2972 829 3039; x_wconf 82' lang='lat' dir='ltr'><strong>humilitate,</strong></span> <span class='ocrx_word' id='word_1_315' title='bbox 870 2980 925 3026; x_wconf 90' lang='lat' dir='ltr'><strong>ct</strong></span> <span class='ocrx_word' id='word_1_316' title='bbox 960 2972 1269 3027; x_wconf 87' lang='lat' dir='ltr'><strong>reverentia</strong></span> <span class='ocrx_word' id='word_1_317' title='bbox 1314 2973 1511 3027; x_wconf 87' lang='lat' dir='ltr'><strong>audire</strong></span> <span class='ocrx_word' id='word_1_318' title='bbox 1553 2972 1790 3037; x_wconf 88' lang='lat' dir='ltr'><strong>debetis,</strong></span> <span class='ocrx_word' id='word_1_319' title='bbox 1825 2988 1890 3029; x_wconf 90' lang='lat' dir='ltr'><strong>ac</strong></span> 
     </span>
    </p>
   </div>
   <div class='ocr_carea' id='block_1_46' title="bbox 318 3061 1888 3132">
    <p class='ocr_par' dir='ltr' id='par_1_46' title="bbox 318 3061 1888 3132">
     <span class='ocr_line' id='line_1_46' title="bbox 318 3061 1888 3132; baseline 0.002 -15"><span class='ocrx_word' id='word_1_320' title='bbox 318 3078 442 3117; x_wconf 88' lang='lat' dir='ltr'><strong>cum</strong></span> <span class='ocrx_word' id='word_1_321' title='bbox 482 3061 712 3132; x_wconf 89' lang='lat' dir='ltr'><strong>gaudio,</strong></span> <span class='ocrx_word' id='word_1_322' title='bbox 771 3071 827 3116; x_wconf 89' lang='lat' dir='ltr'><strong>et</strong></span> <span class='ocrx_word' id='word_1_323' title='bbox 876 3061 1162 3118; x_wconf 85' lang='lat' dir='ltr'><strong>alacritate</strong></span> <span class='ocrx_word' id='word_1_324' title='bbox 1216 3063 1389 3118; x_wconf 89' lang='lat' dir='ltr'><strong>animi</strong></span> <span class='ocrx_word' id='word_1_325' title='bbox 1440 3064 1646 3119; x_wconf 92' lang='lat' dir='ltr'><strong>monita</strong></span> <span class='ocrx_word' id='word_1_326' title='bbox 1702 3072 1888 3120; x_wconf 85' lang='lat' dir='ltr'><strong>nostra</strong></span> 
     </span>
    </p>
   </div>
   <div class='ocr_carea' id='block_1_47' title="bbox 318 3156 924 3224">
    <p class='ocr_par' dir='ltr' id='par_1_47' title="bbox 318 3156 924 3224">
     <span class='ocr_line' id='line_1_47' title="bbox 318 3156 924 3224; baseline 0.005 -16"><span class='ocrx_word' id='word_1_327' title='bbox 318 3158 600 3224; x_wconf 75' lang='lat' dir='ltr'><strong>suscipere</strong></span> <span class='ocrx_word' id='word_1_328' title='bbox 637 3156 924 3211; x_wconf 87' lang='lat' dir='ltr'><strong>salutaria.</strong></span> 
     </span>
    </p>
   </div>
   <div class='ocr_carea' id='block_1_48' title="bbox 387 3224 1961 3321">
    <p class='ocr_par' dir='ltr' id='par_1_48' title="bbox 387 3224 1961 3321">
     <span class='ocr_line' id='line_1_48' title="bbox 387 3224 1961 3321; baseline 0.006 -22"><span class='ocrx_word' id='word_1_329' title='bbox 387 3252 455 3301; x_wconf 81' lang='lat' dir='ltr'><strong>At</strong></span> <span class='ocrx_word' id='word_1_330' title='bbox 482 3262 735 3318; x_wconf 87' lang='lat' dir='ltr'><strong>magnum</strong></span> <span class='ocrx_word' id='word_1_331' title='bbox 766 3248 908 3318; x_wconf 89' lang='lat' dir='ltr'><strong>apud</strong></span> <span class='ocrx_word' id='word_1_332' title='bbox 939 3264 1035 3304; x_wconf 86' lang='lat' dir='ltr'><strong>vos</strong></span> <span class='ocrx_word' id='word_1_333' title='bbox 1067 3250 1381 3305; x_wconf 89' lang='lat' dir='ltr'><strong>scandalum</strong></span> <span class='ocrx_word' id='word_1_334' title='bbox 1412 3251 1666 3321; x_wconf 75' lang='lat' dir='ltr'><strong>genuisse</strong></span> <span class='ocrx_word' id='word_1_335' title='bbox 1698 3250 1888 3307; x_wconf 88' lang='lat' dir='ltr'><strong>dicitis</strong></span> <span class='ocrx_word' id='word_1_336' title='bbox 1915 3224 1961 3288; x_wconf 64' lang='grc' dir='ltr'>α</span> 
     </span>
    </p>
   </div>
   <div class='ocr_carea' id='block_1_49' title="bbox 313 3338 1897 3415">
    <p class='ocr_par' dir='ltr' id='par_1_49' title="bbox 313 3338 1897 3415">
     <span class='ocr_line' id='line_1_49' title="bbox 313 3338 1897 3415; baseline 0.002 -22"><span class='ocrx_word' id='word_1_337' title='bbox 313 3338 648 3395; x_wconf 87' lang='lat' dir='ltr'><strong>additionem</strong></span> <span class='ocrx_word' id='word_1_338' title='bbox 674 3340 994 3397; x_wconf 87' lang='lat' dir='ltr'><strong>Latinorum</strong></span> <span class='ocrx_word' id='word_1_339' title='bbox 1025 3342 1079 3398; x_wconf 90' lang='lat' dir='ltr'><strong>in</strong></span> <span class='ocrx_word' id='word_1_340' title='bbox 1113 3343 1526 3415; x_wconf 83' lang='lat' dir='ltr'><strong>Symbolo.Cur</strong></span> <span class='ocrx_word' id='word_1_341' title='bbox 1559 3344 1632 3398; x_wconf 88' lang='lat' dir='ltr'><strong>ita</strong></span> <span class='ocrx_word' id='word_1_342' title='bbox 1659 3343 1897 3400; x_wconf 88' lang='lat' dir='ltr'><strong>fratres?</strong></span> 
     </span>
    </p>
   </div>
   <div class='ocr_carea' id='block_1_50' title="bbox 312 3430 1893 3501">
    <p class='ocr_par' dir='ltr' id='par_1_50' title="bbox 312 3430 1893 3501">
     <span class='ocr_line' id='line_1_50' title="bbox 312 3430 1893 3501; baseline 0.004 -15"><span class='ocrx_word' id='word_1_343' title='bbox 312 3430 475 3487; x_wconf 87' lang='lat' dir='ltr'><strong>Certe</strong></span> <span class='ocrx_word' id='word_1_344' title='bbox 508 3430 552 3487; x_wconf 90' lang='lat' dir='ltr'><strong>si</strong></span> <span class='ocrx_word' id='word_1_345' title='bbox 588 3441 735 3487; x_wconf 85' lang='lat' dir='ltr'><strong>recte</strong></span> <span class='ocrx_word' id='word_1_346' title='bbox 779 3433 1137 3490; x_wconf 86' lang='lat' dir='ltr'><strong>considerare</strong></span> <span class='ocrx_word' id='word_1_347' title='bbox 1167 3435 1475 3501; x_wconf 82' lang='lat' dir='ltr'><strong>volueritis,</strong></span> <span class='ocrx_word' id='word_1_348' title='bbox 1525 3451 1634 3491; x_wconf 92' lang='lat' dir='ltr'><strong>non</strong></span> <span class='ocrx_word' id='word_1_349' title='bbox 1687 3436 1893 3492; x_wconf 88' lang='lat' dir='ltr'><strong>additio</strong></span> 
     </span>
    </p>
   </div>
   <div class='ocr_carea' id='block_1_51' title="bbox 314 3522 1890 3597">
    <p class='ocr_par' dir='ltr' id='par_1_51' title="bbox 314 3522 1890 3597">
     <span class='ocr_line' id='line_1_51' title="bbox 314 3522 1890 3597; baseline 0.005 -20"><span class='ocrx_word' id='word_1_350' title='bbox 314 3522 406 3579; x_wconf 91' lang='lat' dir='ltr'><strong>illa</strong></span> <span class='ocrx_word' id='word_1_351' title='bbox 435 3522 561 3585; x_wconf 90' lang='lat' dir='ltr'><strong>fuit,</strong></span> <span class='ocrx_word' id='word_1_352' title='bbox 584 3524 678 3578; x_wconf 91' lang='lat' dir='ltr'><strong>sed</strong></span> <span class='ocrx_word' id='word_1_353' title='bbox 707 3526 996 3594; x_wconf 80' lang='lat' dir='ltr'><strong>expositio,</strong></span> <span class='ocrx_word' id='word_1_354' title='bbox 1049 3527 1143 3581; x_wconf 85' lang='lat' dir='ltr'><strong>sed</strong></span> <span class='ocrx_word' id='word_1_355' title='bbox 1192 3528 1526 3597; x_wconf 74' lang='lat' dir='ltr'><strong>eXplanatio,</strong></span> <span class='ocrx_word' id='word_1_356' title='bbox 1564 3530 1657 3585; x_wconf 90' lang='lat' dir='ltr'><strong>sed</strong></span> <span class='ocrx_word' id='word_1_357' title='bbox 1711 3531 1890 3585; x_wconf 82' lang='lat' dir='ltr'><strong>decla-</strong></span> 
     </span>
    </p>
   </div>
   <div class='ocr_carea' id='block_1_52' title="bbox 315 3614 1894 3689">
    <p class='ocr_par' dir='ltr' id='par_1_52' title="bbox 315 3614 1894 3689">
     <span class='ocr_line' id='line_1_52' title="bbox 315 3614 1894 3689; baseline 0.008 -25"><span class='ocrx_word' id='word_1_358' title='bbox 315 3614 472 3668; x_wconf 83' lang='lat' dir='ltr'><strong>ratio.</strong></span> <span class='ocrx_word' id='word_1_359' title='bbox 522 3615 742 3669; x_wconf 81' lang='lat' dir='ltr'><strong>Additio</strong></span> <span class='ocrx_word' id='word_1_360' title='bbox 788 3631 1022 3685; x_wconf 90' lang='lat' dir='ltr'><strong>namque</strong></span> <span class='ocrx_word' id='word_1_361' title='bbox 1072 3618 1237 3672; x_wconf 89' lang='lat' dir='ltr'><strong>etiam</strong></span> <span class='ocrx_word' id='word_1_362' title='bbox 1269 3619 1420 3689; x_wconf 70' lang='lat' dir='ltr'><strong>juxta</strong></span> <span class='ocrx_word' id='word_1_363' title='bbox 1452 3620 1742 3676; x_wconf 87' lang='lat' dir='ltr'><strong>doctorum</strong></span> <span class='ocrx_word' id='word_1_364' title='bbox 1795 3637 1894 3676; x_wconf 87' lang='lat' dir='ltr'><strong>no-</strong></span> 
     </span>
    </p>
   </div>
   <div class='ocr_carea' id='block_1_53' title="bbox 313 3708 1891 3783">
    <p class='ocr_par' dir='ltr' id='par_1_53' title="bbox 313 3708 1891 3783">
     <span class='ocr_line' id='line_1_53' title="bbox 313 3708 1891 3783; baseline 0.002 -21"><span class='ocrx_word' id='word_1_365' title='bbox 313 3717 547 3763; x_wconf 89' lang='lat' dir='ltr'><strong>strorum</strong></span> <span class='ocrx_word' id='word_1_366' title='bbox 596 3708 925 3762; x_wconf 88' lang='lat' dir='ltr'><strong>sententiam</strong></span> <span class='ocrx_word' id='word_1_367' title='bbox 992 3708 1083 3762; x_wconf 93' lang='lat' dir='ltr'><strong>illa</strong></span> <span class='ocrx_word' id='word_1_368' title='bbox 1129 3718 1235 3773; x_wconf 92' lang='lat' dir='ltr'><strong>est,</strong></span> <span class='ocrx_word' id='word_1_369' title='bbox 1269 3725 1390 3779; x_wconf 79' lang='lat' dir='ltr'><strong>quze</strong></span> <span class='ocrx_word' id='word_1_370' title='bbox 1441 3713 1714 3767; x_wconf 86' lang='lat' dir='ltr'><strong>contraria</strong></span> <span class='ocrx_word' id='word_1_371' title='bbox 1762 3712 1891 3783; x_wconf 89' lang='lat' dir='ltr'><strong>dog-</strong></span> 
     </span>
    </p>
   </div>
   <div class='ocr_carea' id='block_1_54' title="bbox 314 3800 1891 3873">
    <p class='ocr_par' dir='ltr' id='par_1_54' title="bbox 314 3800 1891 3873">
     <span class='ocr_line' id='line_1_54' title="bbox 314 3800 1891 3873; baseline 0.003 -20"><span class='ocrx_word' id='word_1_372' title='bbox 314 3811 456 3855; x_wconf 86' lang='lat' dir='ltr'><strong>mata</strong></span> <span class='ocrx_word' id='word_1_373' title='bbox 519 3800 862 3855; x_wconf 76' lang='lat' dir='ltr'><strong>introducit:</strong></span> <span class='ocrx_word' id='word_1_374' title='bbox 923 3815 1045 3870; x_wconf 71' lang='lat' dir='ltr'><strong>qute</strong></span> <span class='ocrx_word' id='word_1_375' title='bbox 1102 3816 1233 3856; x_wconf 87' lang='lat' dir='ltr'><strong>vero</strong></span> <span class='ocrx_word' id='word_1_376' title='bbox 1288 3803 1522 3870; x_wconf 88' lang='lat' dir='ltr'><strong>eadem,</strong></span> <span class='ocrx_word' id='word_1_377' title='bbox 1578 3804 1891 3873; x_wconf 87' lang='lat' dir='ltr'><strong>similiaque</strong></span> 
     </span>
    </p>
   </div>
   <div class='ocr_carea' id='block_1_55' title="bbox 314 3892 1892 3966">
    <p class='ocr_par' dir='ltr' id='par_1_55' title="bbox 314 3892 1892 3966">
     <span class='ocr_line' id='line_1_55' title="bbox 314 3892 1892 3966; baseline 0.003 -19"><span class='ocrx_word' id='word_1_378' title='bbox 314 3893 621 3962; x_wconf 87' lang='lat' dir='ltr'><strong>proﬁtetur,</strong></span> <span class='ocrx_word' id='word_1_379' title='bbox 674 3892 995 3956; x_wconf 88' lang='lat' dir='ltr'><strong>declaratio,</strong></span> <span class='ocrx_word' id='word_1_380' title='bbox 1031 3909 1142 3947; x_wconf 89' lang='lat' dir='ltr'><strong>non</strong></span> <span class='ocrx_word' id='word_1_381' title='bbox 1201 3893 1410 3949; x_wconf 89' lang='lat' dir='ltr'><strong>additio</strong></span> <span class='ocrx_word' id='word_1_382' title='bbox 1467 3906 1569 3951; x_wconf 88' lang='lat' dir='ltr'><strong>est.</strong></span> <span class='ocrx_word' id='word_1_383' title='bbox 1600 3895 1811 3966; x_wconf 81' lang='lat' dir='ltr'><strong>Quippe</strong></span> <span class='ocrx_word' id='word_1_384' title='bbox 1846 3897 1892 3951; x_wconf 90' lang='lat' dir='ltr'><strong>si</strong></span> 
     </span>
    </p>
   </div>
   <div class='ocr_carea' id='block_1_56' title="bbox 314 3985 1891 4059">
    <p class='ocr_par' dir='ltr' id='par_1_56' title="bbox 314 3985 1891 4059">
     <span class='ocr_line' id='line_1_56' title="bbox 314 3985 1891 4059; baseline 0.004 -22"><span class='ocrx_word' id='word_1_385' title='bbox 314 4002 504 4040; x_wconf 79' lang='lat' dir='ltr'><strong>verum</strong></span> <span class='ocrx_word' id='word_1_386' title='bbox 560 4000 670 4039; x_wconf 91' lang='lat' dir='ltr'><strong>non</strong></span> <span class='ocrx_word' id='word_1_387' title='bbox 720 3994 887 4048; x_wconf 87' lang='lat' dir='ltr'><strong>esset,</strong></span> <span class='ocrx_word' id='word_1_388' title='bbox 920 3986 1065 4056; x_wconf 90' lang='lat' dir='ltr'><strong>quod</strong></span> <span class='ocrx_word' id='word_1_389' title='bbox 1113 3985 1340 4053; x_wconf 89' lang='lat' dir='ltr'><strong>dicitur,</strong></span> <span class='ocrx_word' id='word_1_390' title='bbox 1387 3986 1644 4058; x_wconf 82' lang='lat' dir='ltr'><strong>fugienda</strong></span> <span class='ocrx_word' id='word_1_391' title='bbox 1703 3990 1891 4059; x_wconf 87' lang='lat' dir='ltr'><strong>utique</strong></span> 
     </span>
    </p>
   </div>
   <div class='ocr_carea' id='block_1_57' title="bbox 316 4078 1893 4145">
    <p class='ocr_par' dir='ltr' id='par_1_57' title="bbox 316 4078 1893 4145">
     <span class='ocr_line' id='line_1_57' title="bbox 316 4078 1893 4145; baseline 0.002 -13"><span class='ocrx_word' id='word_1_392' title='bbox 316 4081 431 4133; x_wconf 74' lang='lat' dir='ltr'><strong>haec</strong></span> <span class='ocrx_word' id='word_1_393' title='bbox 452 4078 659 4133; x_wconf 89' lang='lat' dir='ltr'><strong>additio</strong></span> <span class='ocrx_word' id='word_1_394' title='bbox 688 4078 847 4134; x_wconf 87' lang='lat' dir='ltr'><strong>foret.</strong></span> <span class='ocrx_word' id='word_1_395' title='bbox 881 4078 1037 4145; x_wconf 85' lang='lat' dir='ltr'><strong>Quod</strong></span> <span class='ocrx_word' id='word_1_396' title='bbox 1069 4078 1115 4135; x_wconf 90' lang='lat' dir='ltr'><strong>si</strong></span> <span class='ocrx_word' id='word_1_397' title='bbox 1155 4095 1341 4134; x_wconf 84' lang='lat' dir='ltr'><strong>verum</strong></span> <span class='ocrx_word' id='word_1_398' title='bbox 1375 4090 1478 4145; x_wconf 88' lang='lat' dir='ltr'><strong>est,</strong></span> <span class='ocrx_word' id='word_1_399' title='bbox 1515 4090 1569 4135; x_wconf 89' lang='lat' dir='ltr'><strong>et</strong></span> <span class='ocrx_word' id='word_1_400' title='bbox 1614 4080 1737 4135; x_wconf 88' lang='lat' dir='ltr'><strong>ﬁdei</strong></span> <span class='ocrx_word' id='word_1_401' title='bbox 1769 4097 1893 4136; x_wconf 85' lang='lat' dir='ltr'><strong>san-</strong></span> 
     </span>
    </p>
   </div>
   <div class='ocr_carea' id='block_1_58' title="bbox 314 4168 1888 4235">
    <p class='ocr_par' dir='ltr' id='par_1_58' title="bbox 314 4168 1888 4235">
     <span class='ocr_line' id='line_1_58' title="bbox 314 4168 1888 4235; baseline 0.001 -12"><span class='ocrx_word' id='word_1_402' title='bbox 314 4179 527 4224; x_wconf 81' lang='lat' dir='ltr'><strong>etorum</strong></span> <span class='ocrx_word' id='word_1_403' title='bbox 556 4184 885 4235; x_wconf 72' lang='lat' dir='ltr'><strong>consonans,</strong></span> <span class='ocrx_word' id='word_1_404' title='bbox 922 4170 995 4223; x_wconf 88' lang='lat' dir='ltr'><strong>ibi</strong></span> <span class='ocrx_word' id='word_1_405' title='bbox 1041 4171 1300 4224; x_wconf 86' lang='lat' dir='ltr'><strong>timemus</strong></span> <span class='ocrx_word' id='word_1_406' title='bbox 1340 4168 1613 4233; x_wconf 88' lang='lat' dir='ltr'><strong>timorem,</strong></span> <span class='ocrx_word' id='word_1_407' title='bbox 1661 4170 1754 4225; x_wconf 90' lang='lat' dir='ltr'><strong>ubi</strong></span> <span class='ocrx_word' id='word_1_408' title='bbox 1780 4187 1888 4225; x_wconf 92' lang='lat' dir='ltr'><strong>non</strong></span> 
     </span>
    </p>
   </div>
   <div class='ocr_carea' id='block_1_59' title="bbox 314 4261 1893 4333">
    <p class='ocr_par' dir='ltr' id='par_1_59' title="bbox 314 4261 1893 4333">
     <span class='ocr_line' id='line_1_59' title="bbox 314 4261 1893 4333; baseline 0.003 -20"><span class='ocrx_word' id='word_1_409' title='bbox 314 4271 397 4315; x_wconf 77' lang='lat' dir='ltr'><strong>cst</strong></span> <span class='ocrx_word' id='word_1_410' title='bbox 428 4262 614 4325; x_wconf 88' lang='lat' dir='ltr'><strong>timor,</strong></span> <span class='ocrx_word' id='word_1_411' title='bbox 666 4272 721 4315; x_wconf 91' lang='lat' dir='ltr'><strong>et</strong></span> <span class='ocrx_word' id='word_1_412' title='bbox 751 4261 1131 4331; x_wconf 85' lang='lat' dir='ltr'><strong>superstitioni</strong></span> <span class='ocrx_word' id='word_1_413' title='bbox 1161 4262 1354 4331; x_wconf 87' lang='lat' dir='ltr'><strong>magis,</strong></span> <span class='ocrx_word' id='word_1_414' title='bbox 1386 4276 1547 4332; x_wconf 86' lang='lat' dir='ltr'><strong>quam</strong></span> <span class='ocrx_word' id='word_1_415' title='bbox 1577 4262 1768 4333; x_wconf 89' lang='lat' dir='ltr'><strong>pietati</strong></span> <span class='ocrx_word' id='word_1_416' title='bbox 1810 4264 1893 4317; x_wconf 91' lang='lat' dir='ltr'><strong>in-</strong></span> 
     </span>
    </p>
   </div>
   <div class='ocr_carea' id='block_1_60' title="bbox 314 4352 1890 4426">
    <p class='ocr_par' dir='ltr' id='par_1_60' title="bbox 314 4352 1890 4426">
     <span class='ocr_line' id='line_1_60' title="bbox 314 4352 1890 4426; baseline 0.003 -21"><span class='ocrx_word' id='word_1_417' title='bbox 314 4354 622 4424; x_wconf 87' lang='lat' dir='ltr'><strong>dulgemus.</strong></span> <span class='ocrx_word' id='word_1_418' title='bbox 648 4352 812 4409; x_wconf 81' lang='lat' dir='ltr'><strong>Multa</strong></span> <span class='ocrx_word' id='word_1_419' title='bbox 843 4352 1059 4408; x_wconf 71' lang='lat' dir='ltr'><strong>Nicaeno</strong></span> <span class='ocrx_word' id='word_1_420' title='bbox 1092 4352 1353 4424; x_wconf 88' lang='lat' dir='ltr'><strong>Symbolo</strong></span> <span class='ocrx_word' id='word_1_421' title='bbox 1378 4355 1621 4410; x_wconf 89' lang='lat' dir='ltr'><strong>secunda</strong></span> <span class='ocrx_word' id='word_1_422' title='bbox 1648 4355 1890 4426; x_wconf 90' lang='lat' dir='ltr'><strong>synodus</strong></span> 
     </span>
    </p>
   </div>
   <div class='ocr_carea' id='block_1_61' title="bbox 314 4443 1888 4516">
    <p class='ocr_par' dir='ltr' id='par_1_61' title="bbox 314 4443 1888 4516">
     <span class='ocr_line' id='line_1_61' title="bbox 314 4443 1888 4516; baseline 0.003 -17"><span class='ocrx_word' id='word_1_423' title='bbox 314 4446 528 4500; x_wconf 85' lang='lat' dir='ltr'><strong>addidit</strong></span> <span class='ocrx_word' id='word_1_424' title='bbox 580 4446 649 4501; x_wconf 91' lang='lat' dir='ltr'><strong>de</strong></span> <span class='ocrx_word' id='word_1_425' title='bbox 703 4446 990 4502; x_wconf 79' lang='lat' dir='ltr'><strong>divinitate</strong></span> <span class='ocrx_word' id='word_1_426' title='bbox 1040 4443 1278 4516; x_wconf 85' lang='lat' dir='ltr'><strong>Spiritus</strong></span> <span class='ocrx_word' id='word_1_427' title='bbox 1320 4446 1515 4513; x_wconf 89' lang='lat' dir='ltr'><strong>sancti,</strong></span> <span class='ocrx_word' id='word_1_428' title='bbox 1546 4447 1615 4502; x_wconf 91' lang='lat' dir='ltr'><strong>de</strong></span> <span class='ocrx_word' id='word_1_429' title='bbox 1681 4448 1888 4503; x_wconf 87' lang='lat' dir='ltr'><strong>unitate</strong></span> 
     </span>
    </p>
   </div>
   <div class='ocr_carea' id='block_1_62' title="bbox 317 4537 1884 4610">
    <p class='ocr_par' dir='ltr' id='par_1_62' title="bbox 317 4537 1884 4610">
     <span class='ocr_line' id='line_1_62' title="bbox 317 4537 1884 4610; baseline 0.001 -17"><span class='ocrx_word' id='word_1_430' title='bbox 317 4538 594 4602; x_wconf 77' lang='lat' dir='ltr'><strong>Ecclesiae,</strong></span> <span class='ocrx_word' id='word_1_431' title='bbox 617 4538 685 4591; x_wconf 91' lang='lat' dir='ltr'><strong>de</strong></span> <span class='ocrx_word' id='word_1_432' title='bbox 708 4537 1056 4608; x_wconf 88' lang='lat' dir='ltr'><strong>baptismate,</strong></span> <span class='ocrx_word' id='word_1_433' title='bbox 1075 4537 1144 4593; x_wconf 89' lang='lat' dir='ltr'><strong>de</strong></span> <span class='ocrx_word' id='word_1_434' title='bbox 1172 4538 1492 4594; x_wconf 84' lang='lat' dir='ltr'><strong>remissione</strong></span> <span class='ocrx_word' id='word_1_435' title='bbox 1509 4551 1884 4610; x_wconf 88' lang='lat' dir='ltr'><strong>peccatorum.</strong></span> 
     </span>
    </p>
   </div>
   <div class='ocr_carea' id='block_1_63' title="bbox 316 4630 1889 4696">
    <p class='ocr_par' dir='ltr' id='par_1_63' title="bbox 316 4630 1889 4696">
     <span class='ocr_line' id='line_1_63' title="bbox 316 4630 1889 4696; baseline 0.003 -12"><span class='ocrx_word' id='word_1_436' title='bbox 316 4631 382 4685; x_wconf 88' lang='lat' dir='ltr'><strong>de</strong></span> <span class='ocrx_word' id='word_1_437' title='bbox 427 4631 831 4684; x_wconf 87' lang='lat' dir='ltr'><strong>resurrectione</strong></span> <span class='ocrx_word' id='word_1_438' title='bbox 873 4638 1239 4696; x_wconf 87' lang='lat' dir='ltr'><strong>mortuorum,</strong></span> <span class='ocrx_word' id='word_1_439' title='bbox 1276 4630 1344 4685; x_wconf 85' lang='lat' dir='ltr'><strong>de</strong></span> <span class='ocrx_word' id='word_1_440' title='bbox 1394 4632 1505 4686; x_wconf 89' lang='lat' dir='ltr'><strong>vita</strong></span> <span class='ocrx_word' id='word_1_441' title='bbox 1556 4642 1779 4687; x_wconf 82' lang='lat' dir='ltr'><strong>a:terna.</strong></span> <span class='ocrx_word' id='word_1_442' title='bbox 1814 4634 1889 4689; x_wconf 90' lang='lat' dir='ltr'><strong>De</strong></span> 
     </span>
    </p>
   </div>
   <div class='ocr_carea' id='block_1_64' title="bbox 313 4722 1891 4794">
    <p class='ocr_par' dir='ltr' id='par_1_64' title="bbox 313 4722 1891 4794">
     <span class='ocr_line' id='line_1_64' title="bbox 313 4722 1891 4794; baseline 0.002 -17"><span class='ocrx_word' id='word_1_443' title='bbox 313 4723 513 4793; x_wconf 84' lang='lat' dir='ltr'><strong>quibus</strong></span> <span class='ocrx_word' id='word_1_444' title='bbox 545 4724 781 4793; x_wconf 89' lang='lat' dir='ltr'><strong>primum</strong></span> <span class='ocrx_word' id='word_1_445' title='bbox 817 4723 1110 4777; x_wconf 89' lang='lat' dir='ltr'><strong>concilium</strong></span> <span class='ocrx_word' id='word_1_446' title='bbox 1143 4722 1348 4777; x_wconf 91' lang='lat' dir='ltr'><strong>nullam</strong></span> <span class='ocrx_word' id='word_1_447' title='bbox 1381 4724 1607 4779; x_wconf 88' lang='lat' dir='ltr'><strong>omnino</strong></span> <span class='ocrx_word' id='word_1_448' title='bbox 1636 4726 1891 4794; x_wconf 84' lang='lat' dir='ltr'><strong>expedite</strong></span> 
     </span>
    </p>
   </div>
   <div class='ocr_carea' id='block_1_65' title="bbox 313 4815 1894 4888">
    <p class='ocr_par' dir='ltr' id='par_1_65' title="bbox 313 4815 1894 4888">
     <span class='ocr_line' id='line_1_65' title="bbox 313 4815 1894 4888; baseline 0.002 -18"><span class='ocrx_word' id='word_1_449' title='bbox 313 4817 653 4871; x_wconf 83' lang='lat' dir='ltr'><strong>mentionem</strong></span> <span class='ocrx_word' id='word_1_450' title='bbox 705 4815 929 4870; x_wconf 83' lang='lat' dir='ltr'><strong>fecerat.</strong></span> <span class='ocrx_word' id='word_1_451' title='bbox 982 4816 1147 4869; x_wconf 84' lang='lat' dir='ltr'><strong>Multa</strong></span> <span class='ocrx_word' id='word_1_452' title='bbox 1201 4824 1463 4885; x_wconf 77' lang='lat' dir='ltr'><strong>prretcrea</strong></span> <span class='ocrx_word' id='word_1_453' title='bbox 1525 4818 1616 4871; x_wconf 90' lang='lat' dir='ltr'><strong>alii</strong></span> <span class='ocrx_word' id='word_1_454' title='bbox 1674 4833 1894 4888; x_wconf 89' lang='lat' dir='ltr'><strong>quoque</strong></span> 
     </span>
    </p>
   </div>
   <div class='ocr_carea' id='block_1_66' title="bbox 314 4906 1895 4978">
    <p class='ocr_par' dir='ltr' id='par_1_66' title="bbox 314 4906 1895 4978">
     <span class='ocr_line' id='line_1_66' title="bbox 314 4906 1895 4978; baseline 0.001 -18"><span class='ocrx_word' id='word_1_455' title='bbox 314 4908 587 4971; x_wconf 86' lang='lat' dir='ltr'><strong>doctores,</strong></span> <span class='ocrx_word' id='word_1_456' title='bbox 617 4909 708 4977; x_wconf 89' lang='lat' dir='ltr'><strong>qui</strong></span> <span class='ocrx_word' id='word_1_457' title='bbox 770 4908 877 4962; x_wconf 90' lang='lat' dir='ltr'><strong>illis</strong></span> <span class='ocrx_word' id='word_1_458' title='bbox 925 4915 1310 4962; x_wconf 87' lang='lat' dir='ltr'><strong>successerunt</strong></span> <span class='ocrx_word' id='word_1_459' title='bbox 1362 4906 1563 4973; x_wconf 89' lang='lat' dir='ltr'><strong>Latini,</strong></span> <span class='ocrx_word' id='word_1_460' title='bbox 1621 4922 1781 4978; x_wconf 89' lang='lat' dir='ltr'><strong>quam</strong></span> <span class='ocrx_word' id='word_1_461' title='bbox 1818 4909 1895 4963; x_wconf 89' lang='lat' dir='ltr'><strong>illi</strong></span> 
     </span>
    </p>
   </div>
   <div class='ocr_carea' id='block_1_67' title="bbox 313 5000 1890 5071">
    <p class='ocr_par' dir='ltr' id='par_1_67' title="bbox 313 5000 1890 5071">
     <span class='ocr_line' id='line_1_67' title="bbox 313 5000 1890 5071; baseline 0.001 -17"><span class='ocrx_word' id='word_1_462' title='bbox 313 5000 596 5066; x_wconf 84' lang='lat' dir='ltr'><strong>fecerant,</strong></span> <span class='ocrx_word' id='word_1_463' title='bbox 637 5000 955 5065; x_wconf 85' lang='lat' dir='ltr'><strong>tradidere;</strong></span> <span class='ocrx_word' id='word_1_464' title='bbox 1007 5016 1129 5069; x_wconf 73' lang='lat' dir='ltr'><strong>qua:</strong></span> <span class='ocrx_word' id='word_1_465' title='bbox 1168 5008 1347 5054; x_wconf 88' lang='lat' dir='ltr'><strong>tamen</strong></span> <span class='ocrx_word' id='word_1_466' title='bbox 1395 5016 1503 5055; x_wconf 91' lang='lat' dir='ltr'><strong>non</strong></span> <span class='ocrx_word' id='word_1_467' title='bbox 1560 5001 1890 5071; x_wconf 76' lang='lat' dir='ltr'><strong>additiopes,</strong></span> 
     </span>
    </p>
   </div>
   <div class='ocr_carea' id='block_1_68' title="bbox 316 5092 1890 5163">
    <p class='ocr_par' dir='ltr' id='par_1_68' title="bbox 316 5092 1890 5163">
     <span class='ocr_line' id='line_1_68' title="bbox 316 5092 1890 5163; baseline 0.003 -18"><span class='ocrx_word' id='word_1_468' title='bbox 316 5092 412 5147; x_wconf 77' lang='lat' dir='ltr'><strong>sed</strong></span> <span class='ocrx_word' id='word_1_469' title='bbox 443 5093 845 5148; x_wconf 75' lang='lat' dir='ltr'><strong>tleclarationes</strong></span> <span class='ocrx_word' id='word_1_470' title='bbox 896 5092 1137 5148; x_wconf 82' lang='lat' dir='ltr'><strong>fuerunt.</strong></span> <span class='ocrx_word' id='word_1_471' title='bbox 1179 5092 1291 5147; x_wconf 89' lang='lat' dir='ltr'><strong>Cur</strong></span> <span class='ocrx_word' id='word_1_472' title='bbox 1321 5094 1486 5163; x_wconf 84' lang='lat' dir='ltr'><strong>igitur</strong></span> <span class='ocrx_word' id='word_1_473' title='bbox 1525 5103 1581 5148; x_wconf 90' lang='lat' dir='ltr'><strong>et</strong></span> <span class='ocrx_word' id='word_1_474' title='bbox 1607 5095 1890 5150; x_wconf 71' lang='lat' dir='ltr'><strong>catholica:</strong></span> 
     </span>
    </p>
   </div>
   <div class='ocr_carea' id='block_1_69' title="bbox 315 5183 1893 5251">
    <p class='ocr_par' dir='ltr' id='par_1_69' title="bbox 315 5183 1893 5251">
     <span class='ocr_line' id='line_1_69' title="bbox 315 5183 1893 5251; baseline 0.003 -14"><span class='ocrx_word' id='word_1_475' title='bbox 315 5183 573 5239; x_wconf 66' lang='lat' dir='ltr'><strong>Ecclesiae</strong></span> <span class='ocrx_word' id='word_1_476' title='bbox 606 5200 711 5238; x_wconf 87' lang='lat' dir='ltr'><strong>non</strong></span> <span class='ocrx_word' id='word_1_477' title='bbox 740 5184 959 5238; x_wconf 88' lang='lat' dir='ltr'><strong>licuerit</strong></span> <span class='ocrx_word' id='word_1_478' title='bbox 1002 5184 1106 5239; x_wconf 88' lang='lat' dir='ltr'><strong>hoc</strong></span> <span class='ocrx_word' id='word_1_479' title='bbox 1140 5184 1285 5239; x_wconf 90' lang='lat' dir='ltr'><strong>idem</strong></span> <span class='ocrx_word' id='word_1_480' title='bbox 1336 5186 1536 5251; x_wconf 88' lang='lat' dir='ltr'><strong>facere,</strong></span> <span class='ocrx_word' id='word_1_481' title='bbox 1567 5186 1731 5240; x_wconf 87' lang='lat' dir='ltr'><strong>simili</strong></span> <span class='ocrx_word' id='word_1_482' title='bbox 1784 5188 1893 5241; x_wconf 70' lang='lat' dir='ltr'><strong>ha:-</strong></span> 
     </span>
    </p>
   </div>
   <div class='ocr_carea' id='block_1_70' title="bbox 316 5276 1894 5349">
    <p class='ocr_par' dir='ltr' id='par_1_70' title="bbox 316 5276 1894 5349">
     <span class='ocr_line' id='line_1_70' title="bbox 316 5276 1894 5349; baseline 0.003 -20"><span class='ocrx_word' id='word_1_483' title='bbox 316 5276 610 5331; x_wconf 76' lang='lat' dir='ltr'><strong>rcticorum</strong></span> <span class='ocrx_word' id='word_1_484' title='bbox 637 5278 960 5331; x_wconf 88' lang='lat' dir='ltr'><strong>necessitate</strong></span> <span class='ocrx_word' id='word_1_485' title='bbox 1002 5277 1433 5348; x_wconf 84' lang='lat' dir='ltr'><strong>urgente?Nam</strong></span> <span class='ocrx_word' id='word_1_486' title='bbox 1466 5279 1609 5347; x_wconf 91' lang='lat' dir='ltr'><strong>quod</strong></span> <span class='ocrx_word' id='word_1_487' title='bbox 1665 5294 1894 5349; x_wconf 83' lang='lat' dir='ltr'><strong>respon-</strong></span> 
     </span>
    </p>
   </div>
   <div class='ocr_carea' id='block_1_71' title="bbox 314 5369 1893 5439">
    <p class='ocr_par' dir='ltr' id='par_1_71' title="bbox 314 5369 1893 5439">
     <span class='ocr_line' id='line_1_71' title="bbox 314 5369 1893 5439; baseline 0.002 -15"><span class='ocrx_word' id='word_1_488' title='bbox 314 5370 447 5425; x_wconf 89' lang='lat' dir='ltr'><strong>dere</strong></span> <span class='ocrx_word' id='word_1_489' title='bbox 501 5369 709 5435; x_wconf 85' lang='lat' dir='ltr'><strong>soletis,</strong></span> <span class='ocrx_word' id='word_1_490' title='bbox 772 5370 1189 5439; x_wconf 86' lang='lat' dir='ltr'><strong>tuncquidem,</strong></span> <span class='ocrx_word' id='word_1_491' title='bbox 1248 5370 1497 5435; x_wconf 88' lang='lat' dir='ltr'><strong>licuisse,</strong></span> <span class='ocrx_word' id='word_1_492' title='bbox 1557 5387 1705 5428; x_wconf 87' lang='lat' dir='ltr'><strong>nunc</strong></span> <span class='ocrx_word' id='word_1_493' title='bbox 1763 5386 1893 5427; x_wconf 87' lang='lat' dir='ltr'><strong>vero</strong></span> 
     </span>
    </p>
   </div>
   <div class='ocr_carea' id='block_1_72' title="bbox 315 5462 1893 5534">
    <p class='ocr_par' dir='ltr' id='par_1_72' title="bbox 315 5462 1893 5534">
     <span class='ocr_line' id='line_1_72' title="bbox 315 5462 1893 5534; baseline 0.002 -19"><span class='ocrx_word' id='word_1_494' title='bbox 315 5471 606 5533; x_wconf 83' lang='lat' dir='ltr'><strong>postquam</strong></span> <span class='ocrx_word' id='word_1_495' title='bbox 640 5463 796 5517; x_wconf 91' lang='lat' dir='ltr'><strong>tertia</strong></span> <span class='ocrx_word' id='word_1_496' title='bbox 847 5462 1090 5533; x_wconf 87' lang='lat' dir='ltr'><strong>synodus</strong></span> <span class='ocrx_word' id='word_1_497' title='bbox 1139 5479 1356 5518; x_wconf 90' lang='lat' dir='ltr'><strong>omnem</strong></span> <span class='ocrx_word' id='word_1_498' title='bbox 1389 5463 1727 5519; x_wconf 88' lang='lat' dir='ltr'><strong>additionem</strong></span> <span class='ocrx_word' id='word_1_499' title='bbox 1764 5478 1893 5534; x_wconf 90' lang='lat' dir='ltr'><strong>pro-</strong></span> 
     </span>
    </p>
   </div>
   <div class='ocr_carea' id='block_1_73' title="bbox 316 5556 1891 5627">
    <p class='ocr_par' dir='ltr' id='par_1_73' title="bbox 316 5556 1891 5627">
     <span class='ocr_line' id='line_1_73' title="bbox 316 5556 1891 5627; baseline 0.003 -21"><span class='ocrx_word' id='word_1_500' title='bbox 316 5556 515 5616; x_wconf 85' lang='lat' dir='ltr'><strong>hibuit.</strong></span> <span class='ocrx_word' id='word_1_501' title='bbox 556 5572 624 5611; x_wconf 88' lang='lat' dir='ltr'><strong>ne</strong></span> <span class='ocrx_word' id='word_1_502' title='bbox 670 5556 841 5625; x_wconf 78' lang='lat' dir='ltr'><strong>ipsam</strong></span> <span class='ocrx_word' id='word_1_503' title='bbox 876 5557 1098 5627; x_wconf 90' lang='lat' dir='ltr'><strong>quidem</strong></span> <span class='ocrx_word' id='word_1_504' title='bbox 1153 5558 1439 5612; x_wconf 86' lang='lat' dir='ltr'><strong>veritatem</strong></span> <span class='ocrx_word' id='word_1_505' title='bbox 1470 5556 1675 5612; x_wconf 90' lang='lat' dir='ltr'><strong>addere</strong></span> <span class='ocrx_word' id='word_1_506' title='bbox 1700 5558 1891 5624; x_wconf 89' lang='lat' dir='ltr'><strong>licere,</strong></span> 
     </span>
    </p>
   </div>
   <div class='ocr_carea' id='block_1_74' title="bbox 317 5645 1887 5720">
    <p class='ocr_par' dir='ltr' id='par_1_74' title="bbox 317 5645 1887 5720">
     <span class='ocr_line' id='line_1_74' title="bbox 317 5645 1887 5720; baseline 0.006 -24"><span class='ocrx_word' id='word_1_507' title='bbox 317 5645 481 5698; x_wconf 74' lang='lat' dir='ltr'><strong>stulta</strong></span> <span class='ocrx_word' id='word_1_508' title='bbox 511 5662 640 5702; x_wconf 88' lang='lat' dir='ltr'><strong>sane</strong></span> <span class='ocrx_word' id='word_1_509' title='bbox 672 5657 724 5701; x_wconf 90' lang='lat' dir='ltr'><strong>et</strong></span> <span class='ocrx_word' id='word_1_510' title='bbox 778 5664 910 5703; x_wconf 83' lang='lat' dir='ltr'><strong>vana</strong></span> <span class='ocrx_word' id='word_1_511' title='bbox 950 5651 1087 5704; x_wconf 86' lang='lat' dir='ltr'><strong>ratio</strong></span> <span class='ocrx_word' id='word_1_512' title='bbox 1110 5660 1212 5706; x_wconf 83' lang='lat' dir='ltr'><strong>est.</strong></span> <span class='ocrx_word' id='word_1_513' title='bbox 1247 5650 1450 5720; x_wconf 81' lang='lat' dir='ltr'><strong>Legite,</strong></span> <span class='ocrx_word' id='word_1_514' title='bbox 1477 5650 1520 5705; x_wconf 90' lang='lat' dir='ltr'><strong>si</strong></span> <span class='ocrx_word' id='word_1_515' title='bbox 1553 5650 1701 5718; x_wconf 88' lang='lat' dir='ltr'><strong>libet,</strong></span> <span class='ocrx_word' id='word_1_516' title='bbox 1722 5666 1887 5720; x_wconf 90' lang='lat' dir='ltr'><strong>quam</strong></span> 
     </span>
    </p>
   </div>
   <div class='ocr_carea' id='block_1_75' title="bbox 389 5824 921 5891">
    <p class='ocr_par' dir='ltr' id='par_1_75' title="bbox 389 5824 921 5891">
     <span class='ocr_line' id='line_1_75' title="bbox 389 5824 921 5891; baseline 0.004 -13"><span class='ocrx_word' id='word_1_517' title='bbox 389 5828 402 5859; x_wconf 81' lang='grc'><strong><em>⁸</em></strong></span> <span class='ocrx_word' id='word_1_518' title='bbox 439 5824 629 5880; x_wconf 75' lang='lat' dir='ltr'><strong>Matth.</strong></span> <span class='ocrx_word' id='word_1_519' title='bbox 662 5842 789 5891; x_wconf 79' lang='lat' dir='ltr'><strong>un,</strong></span> <span class='ocrx_word' id='word_1_520' title='bbox 828 5828 921 5881; x_wconf 69' lang='lat'><strong>2|.</strong></span> 
     </span>
    </p>
   </div>
   <div class='ocr_carea' id='block_1_76' title="bbox 2002 1958 3574 2029">
    <p class='ocr_par' dir='ltr' id='par_1_76' title="bbox 2002 1958 3574 2029">
     <span class='ocr_line' id='line_1_76' title="bbox 2002 1958 3574 2029; baseline -0.001 -17"><span class='ocrx_word' id='word_1_521' title='bbox 2002 1958 2231 2021; x_wconf 85' lang='lat' dir='ltr'><strong>dinatio,</strong></span> <span class='ocrx_word' id='word_1_522' title='bbox 2261 1959 2333 2013; x_wconf 88' lang='lat' dir='ltr'><strong>ibi</strong></span> <span class='ocrx_word' id='word_1_523' title='bbox 2368 1959 2593 2025; x_wconf 86' lang='lat' dir='ltr'><strong>solutio,</strong></span> <span class='ocrx_word' id='word_1_524' title='bbox 2630 1968 2687 2013; x_wconf 89' lang='lat' dir='ltr'><strong>ut</strong></span> <span class='ocrx_word' id='word_1_525' title='bbox 2721 1958 3021 2029; x_wconf 85' lang='lat' dir='ltr'><strong>Gregorius</strong></span> <span class='ocrx_word' id='word_1_526' title='bbox 3044 1958 3422 2013; x_wconf 85' lang='lat' dir='ltr'><strong>Nazianzenus</strong></span> <span class='ocrx_word' id='word_1_527' title='bbox 3456 1958 3574 2024; x_wconf 85' lang='lat' dir='ltr'><strong>ait;</strong></span> 
     </span>
    </p>
   </div>
   <div class='ocr_carea' id='block_1_77' title="bbox 2003 2050 3577 2112">
    <p class='ocr_par' dir='ltr' id='par_1_77' title="bbox 2003 2050 3577 2112">
     <span class='ocr_line' id='line_1_77' title="bbox 2003 2050 3577 2112; baseline 0.001 -10"><span class='ocrx_word' id='word_1_528' title='bbox 2003 2061 2057 2104; x_wconf 82' lang='lat' dir='ltr'><strong>et</strong></span> <span class='ocrx_word' id='word_1_529' title='bbox 2083 2059 2230 2106; x_wconf 86' lang='lat' dir='ltr'><strong>certe</strong></span> <span class='ocrx_word' id='word_1_530' title='bbox 2260 2050 2374 2105; x_wconf 90' lang='lat' dir='ltr'><strong>sive</strong></span> <span class='ocrx_word' id='word_1_531' title='bbox 2409 2050 2646 2112; x_wconf 90' lang='lat' dir='ltr'><strong>divinas,</strong></span> <span class='ocrx_word' id='word_1_532' title='bbox 2685 2066 2780 2106; x_wconf 90' lang='lat' dir='ltr'><strong>seu</strong></span> <span class='ocrx_word' id='word_1_533' title='bbox 2813 2050 3081 2106; x_wconf 82' lang='lat' dir='ltr'><strong>humanas</strong></span> <span class='ocrx_word' id='word_1_534' title='bbox 3114 2066 3203 2105; x_wconf 92' lang='lat' dir='ltr'><strong>res</strong></span> <span class='ocrx_word' id='word_1_535' title='bbox 3235 2050 3577 2106; x_wconf 89' lang='lat' dir='ltr'><strong>considerate</strong></span> 
     </span>
    </p>
   </div>
   <div class='ocr_carea' id='block_1_78' title="bbox 2000 2140 3578 2205">
    <p class='ocr_par' dir='ltr' id='par_1_78' title="bbox 2000 2140 3578 2205">
     <span class='ocr_line' id='line_1_78' title="bbox 2000 2140 3578 2205; baseline 0.001 -12"><span class='ocrx_word' id='word_1_536' title='bbox 2000 2140 2303 2205; x_wconf 86' lang='lat' dir='ltr'><strong>volueritis,</strong></span> <span class='ocrx_word' id='word_1_537' title='bbox 2338 2140 2553 2205; x_wconf 87' lang='lat' dir='ltr'><strong>fratres,</strong></span> <span class='ocrx_word' id='word_1_538' title='bbox 2588 2140 2879 2195; x_wconf 88' lang='lat' dir='ltr'><strong>invenietis</strong></span> <span class='ocrx_word' id='word_1_539' title='bbox 2905 2156 3075 2195; x_wconf 90' lang='lat' dir='ltr'><strong>unum</strong></span> <span class='ocrx_word' id='word_1_540' title='bbox 3115 2141 3359 2195; x_wconf 88' lang='lat' dir='ltr'><strong>omnium</strong></span> <span class='ocrx_word' id='word_1_541' title='bbox 3376 2140 3578 2194; x_wconf 90' lang='lat' dir='ltr'><strong>debere</strong></span> 
     </span>
    </p>
   </div>
   <div class='ocr_carea' id='block_1_79' title="bbox 1999 2230 3578 2301">
    <p class='ocr_par' dir='ltr' id='par_1_79' title="bbox 1999 2230 3578 2301">
     <span class='ocr_line' id='line_1_79' title="bbox 1999 2230 3578 2301; baseline 0 -16"><span class='ocrx_word' id='word_1_542' title='bbox 1999 2247 2119 2285; x_wconf 85' lang='lat' dir='ltr'><strong>esse</strong></span> <span class='ocrx_word' id='word_1_543' title='bbox 2148 2231 2498 2301; x_wconf 65' lang='lat' dir='ltr'><strong>principium,</strong></span> <span class='ocrx_word' id='word_1_544' title='bbox 2535 2244 2637 2285; x_wconf 88' lang='lat' dir='ltr'><strong>nec</strong></span> <span class='ocrx_word' id='word_1_545' title='bbox 2694 2238 2843 2284; x_wconf 89' lang='lat' dir='ltr'><strong>recte</strong></span> <span class='ocrx_word' id='word_1_546' title='bbox 2868 2231 3028 2286; x_wconf 77' lang='lat' dir='ltr'><strong>aliter</strong></span> <span class='ocrx_word' id='word_1_547' title='bbox 3069 2246 3158 2286; x_wconf 86' lang='lat' dir='ltr'><strong>res</strong></span> <span class='ocrx_word' id='word_1_548' title='bbox 3186 2247 3343 2300; x_wconf 88' lang='lat' dir='ltr'><strong>posse</strong></span> <span class='ocrx_word' id='word_1_549' title='bbox 3371 2230 3578 2301; x_wconf 84' lang='lat' dir='ltr'><strong>guber-</strong></span> 
     </span>
    </p>
   </div>
   <div class='ocr_carea' id='block_1_80' title="bbox 2000 2324 3578 2395">
    <p class='ocr_par' dir='ltr' id='par_1_80' title="bbox 2000 2324 3578 2395">
     <span class='ocr_line' id='line_1_80' title="bbox 2000 2324 3578 2395; baseline 0.001 -17"><span class='ocrx_word' id='word_1_550' title='bbox 2000 2324 2157 2391; x_wconf 83' lang='lat' dir='ltr'><strong>nari;</strong></span> <span class='ocrx_word' id='word_1_551' title='bbox 2186 2340 2308 2378; x_wconf 90' lang='lat' dir='ltr'><strong>nam</strong></span> <span class='ocrx_word' id='word_1_552' title='bbox 2346 2333 2405 2379; x_wconf 90' lang='lat' dir='ltr'><strong>ut</strong></span> <span class='ocrx_word' id='word_1_553' title='bbox 2435 2339 2463 2378; x_wconf 90' lang='lat' dir='ltr'><strong>a</strong></span> <span class='ocrx_word' id='word_1_554' title='bbox 2497 2324 2702 2380; x_wconf 83' lang='lat' dir='ltr'><strong>divinis</strong></span> <span class='ocrx_word' id='word_1_555' title='bbox 2754 2325 3107 2395; x_wconf 87' lang='lat' dir='ltr'><strong>incipiamus,</strong></span> <span class='ocrx_word' id='word_1_556' title='bbox 3138 2326 3578 2380; x_wconf 84' lang='lat' dir='ltr'><strong>Christianorum</strong></span> 
     </span>
    </p>
   </div>
   <div class='ocr_carea' id='block_1_81' title="bbox 2002 2416 3575 2491">
    <p class='ocr_par' dir='ltr' id='par_1_81' title="bbox 2002 2416 3575 2491">
     <span class='ocr_line' id='line_1_81' title="bbox 2002 2416 3575 2491; baseline -0.001 -20"><span class='ocrx_word' id='word_1_557' title='bbox 2002 2417 2271 2486; x_wconf 76' lang='lat' dir='ltr'><strong>theologia</strong></span> <span class='ocrx_word' id='word_1_558' title='bbox 2306 2434 2474 2472; x_wconf 89' lang='lat' dir='ltr'><strong>unum</strong></span> <span class='ocrx_word' id='word_1_559' title='bbox 2505 2421 2595 2491; x_wconf 82' lang='lat' dir='ltr'><strong>qui</strong></span> <span class='ocrx_word' id='word_1_560' title='bbox 2637 2434 2802 2488; x_wconf 89' lang='lat' dir='ltr'><strong>supra</strong></span> <span class='ocrx_word' id='word_1_561' title='bbox 2833 2433 3025 2473; x_wconf 88' lang='lat' dir='ltr'><strong>onmes</strong></span> <span class='ocrx_word' id='word_1_562' title='bbox 3064 2428 3169 2482; x_wconf 92' lang='lat' dir='ltr'><strong>est,</strong></span> <span class='ocrx_word' id='word_1_563' title='bbox 3218 2417 3376 2472; x_wconf 86' lang='lat' dir='ltr'><strong>docet</strong></span> <span class='ocrx_word' id='word_1_564' title='bbox 3406 2416 3575 2471; x_wconf 91' lang='lat' dir='ltr'><strong>Deum</strong></span> 
     </span>
    </p>
   </div>
   <div class='ocr_carea' id='block_1_82' title="bbox 2000 2509 3578 2581">
    <p class='ocr_par' dir='ltr' id='par_1_82' title="bbox 2000 2509 3578 2581">
     <span class='ocr_line' id='line_1_82' title="bbox 2000 2509 3578 2581; baseline 0.001 -20"><span class='ocrx_word' id='word_1_565' title='bbox 2000 2523 2140 2574; x_wconf 80' lang='lat' dir='ltr'><strong>esse,</strong></span> <span class='ocrx_word' id='word_1_566' title='bbox 2169 2509 2261 2578; x_wconf 86' lang='lat' dir='ltr'><strong>qui</strong></span> <span class='ocrx_word' id='word_1_567' title='bbox 2297 2524 2422 2563; x_wconf 84' lang='lat' dir='ltr'><strong>cum</strong></span> <span class='ocrx_word' id='word_1_568' title='bbox 2456 2509 2509 2563; x_wconf 92' lang='lat' dir='ltr'><strong>in</strong></span> <span class='ocrx_word' id='word_1_569' title='bbox 2554 2511 2732 2566; x_wconf 88' lang='lat' dir='ltr'><strong>tribus</strong></span> <span class='ocrx_word' id='word_1_570' title='bbox 2762 2511 3011 2581; x_wconf 88' lang='lat' dir='ltr'><strong>personis</strong></span> <span class='ocrx_word' id='word_1_571' title='bbox 3053 2510 3125 2565; x_wconf 90' lang='lat' dir='ltr'><strong>sit</strong></span> <span class='ocrx_word' id='word_1_572' title='bbox 3156 2510 3233 2564; x_wconf 92' lang='lat' dir='ltr'><strong>uti</strong></span> <span class='ocrx_word' id='word_1_573' title='bbox 3275 2510 3439 2565; x_wconf 68' lang='lat' dir='ltr'><strong>illaesa</strong></span> <span class='ocrx_word' id='word_1_574' title='bbox 3466 2524 3578 2564; x_wconf 81' lang='lat' dir='ltr'><strong>ser-</strong></span> 
     </span>
    </p>
   </div>
   <div class='ocr_carea' id='block_1_83' title="bbox 2000 2601 3575 2672">
    <p class='ocr_par' dir='ltr' id='par_1_83' title="bbox 2000 2601 3575 2672">
     <span class='ocr_line' id='line_1_83' title="bbox 2000 2601 3575 2672; baseline 0.003 -20"><span class='ocrx_word' id='word_1_575' title='bbox 2000 2609 2159 2655; x_wconf 81' lang='lat' dir='ltr'><strong>vetur</strong></span> <span class='ocrx_word' id='word_1_576' title='bbox 2187 2601 2385 2661; x_wconf 86' lang='lat' dir='ltr'><strong>unitas,</strong></span> <span class='ocrx_word' id='word_1_577' title='bbox 2415 2601 2663 2672; x_wconf 86' lang='lat' dir='ltr'><strong>ejusdem</strong></span> <span class='ocrx_word' id='word_1_578' title='bbox 2688 2603 2997 2672; x_wconf 89' lang='lat' dir='ltr'><strong>similisque</strong></span> <span class='ocrx_word' id='word_1_579' title='bbox 3025 2602 3345 2657; x_wconf 81' lang='lat' dir='ltr'><strong>substantiae</strong></span> <span class='ocrx_word' id='word_1_580' title='bbox 3377 2602 3575 2656; x_wconf 70' lang='lat' dir='ltr'><strong>divina:</strong></span> 
     </span>
    </p>
   </div>
   <div class='ocr_carea' id='block_1_84' title="bbox 2002 2691 3575 2762">
    <p class='ocr_par' dir='ltr' id='par_1_84' title="bbox 2002 2691 3575 2762">
     <span class='ocr_line' id='line_1_84' title="bbox 2002 2691 3575 2762; baseline 0.003 -18"><span class='ocrx_word' id='word_1_581' title='bbox 2002 2691 2105 2745; x_wconf 69' lang='lat' dir='ltr'><strong>illa:</strong></span> <span class='ocrx_word' id='word_1_582' title='bbox 2140 2701 2421 2761; x_wconf 91' lang='lat' dir='ltr'><strong>ponuntur</strong></span> <span class='ocrx_word' id='word_1_583' title='bbox 2452 2708 2571 2747; x_wconf 90' lang='lat' dir='ltr'><strong>esse</strong></span> <span class='ocrx_word' id='word_1_584' title='bbox 2602 2707 2875 2762; x_wconf 66' lang='lat' dir='ltr'><strong>personae.</strong></span> <span class='ocrx_word' id='word_1_585' title='bbox 2903 2691 3201 2748; x_wconf 88' lang='lat' dir='ltr'><strong>Gentilium</strong></span> <span class='ocrx_word' id='word_1_586' title='bbox 3238 2707 3369 2748; x_wconf 84' lang='lat' dir='ltr'><strong>vero</strong></span> <span class='ocrx_word' id='word_1_587' title='bbox 3398 2708 3466 2747; x_wconf 77' lang='lat' dir='ltr'><strong>ex</strong></span> <span class='ocrx_word' id='word_1_588' title='bbox 3505 2693 3575 2748; x_wconf 88' lang='lat' dir='ltr'><strong>iis</strong></span> 
     </span>
    </p>
   </div>
   <div class='ocr_carea' id='block_1_85' title="bbox 1999 2785 3574 2857">
    <p class='ocr_par' dir='ltr' id='par_1_85' title="bbox 1999 2785 3574 2857">
     <span class='ocr_line' id='line_1_85' title="bbox 1999 2785 3574 2857; baseline 0.001 -17"><span class='ocrx_word' id='word_1_589' title='bbox 1999 2785 2372 2853; x_wconf 88' lang='lat' dir='ltr'><strong>sensibilibus,</strong></span> <span class='ocrx_word' id='word_1_590' title='bbox 2392 2797 2615 2857; x_wconf 86' lang='lat' dir='ltr'><strong>accepta</strong></span> <span class='ocrx_word' id='word_1_591' title='bbox 2635 2787 2883 2852; x_wconf 89' lang='lat' dir='ltr'><strong>scientia,</strong></span> <span class='ocrx_word' id='word_1_592' title='bbox 2911 2786 3026 2856; x_wconf 83' lang='lat' dir='ltr'><strong>ipsa</strong></span> <span class='ocrx_word' id='word_1_593' title='bbox 3057 2802 3275 2857; x_wconf 87' lang='lat' dir='ltr'><strong>quoque</strong></span> <span class='ocrx_word' id='word_1_594' title='bbox 3301 2787 3405 2842; x_wconf 89' lang='lat' dir='ltr'><strong>hoc</strong></span> <span class='ocrx_word' id='word_1_595' title='bbox 3430 2787 3574 2843; x_wconf 90' lang='lat' dir='ltr'><strong>idem</strong></span> 
     </span>
    </p>
   </div>
   <div class='ocr_carea' id='block_1_86' title="bbox 2000 2876 3574 2952">
    <p class='ocr_par' dir='ltr' id='par_1_86' title="bbox 2000 2876 3574 2952">
     <span class='ocr_line' id='line_1_86' title="bbox 2000 2876 3574 2952; baseline 0.003 -21"><span class='ocrx_word' id='word_1_596' title='bbox 2000 2876 2222 2932; x_wconf 90' lang='lat' dir='ltr'><strong>fatetur.</strong></span> <span class='ocrx_word' id='word_1_597' title='bbox 2256 2878 2487 2945; x_wconf 89' lang='lat' dir='ltr'><strong>Quidam</strong></span> <span class='ocrx_word' id='word_1_598' title='bbox 2513 2879 2654 2933; x_wconf 91' lang='lat' dir='ltr'><strong>enim</strong></span> <span class='ocrx_word' id='word_1_599' title='bbox 2710 2879 2849 2934; x_wconf 91' lang='lat' dir='ltr'><strong>inter</strong></span> <span class='ocrx_word' id='word_1_600' title='bbox 2891 2888 3118 2936; x_wconf 64' lang='lat' dir='ltr'><strong>caeteros</strong></span> <span class='ocrx_word' id='word_1_601' title='bbox 3147 2894 3339 2936; x_wconf 89' lang='lat' dir='ltr'><strong>eorum</strong></span> <span class='ocrx_word' id='word_1_602' title='bbox 3395 2881 3574 2952; x_wconf 85' lang='lat' dir='ltr'><strong>philo-</strong></span> 
     </span>
    </p>
   </div>
   <div class='ocr_carea' id='block_1_87' title="bbox 1998 2970 3575 3041">
    <p class='ocr_par' dir='ltr' id='par_1_87' title="bbox 1998 2970 3575 3041">
     <span class='ocr_line' id='line_1_87' title="bbox 1998 2970 3575 3041; baseline 0.003 -19"><span class='ocrx_word' id='word_1_603' title='bbox 1998 2970 2201 3040; x_wconf 89' lang='lat' dir='ltr'><strong>sophos</strong></span> <span class='ocrx_word' id='word_1_604' title='bbox 2228 2970 2486 3037; x_wconf 88' lang='lat' dir='ltr'><strong>nobilior,</strong></span> <span class='ocrx_word' id='word_1_605' title='bbox 2508 2987 2668 3026; x_wconf 88' lang='lat' dir='ltr'><strong>unam</strong></span> <span class='ocrx_word' id='word_1_606' title='bbox 2700 2986 2821 3026; x_wconf 74' lang='lat' dir='ltr'><strong>esse</strong></span> <span class='ocrx_word' id='word_1_607' title='bbox 2862 2972 3092 3041; x_wconf 88' lang='lat' dir='ltr'><strong>primam</strong></span> <span class='ocrx_word' id='word_1_608' title='bbox 3127 2987 3370 3037; x_wconf 86' lang='lat' dir='ltr'><strong>causam,</strong></span> <span class='ocrx_word' id='word_1_609' title='bbox 3408 2988 3575 3029; x_wconf 88' lang='lat' dir='ltr'><strong>unum</strong></span> 
     </span>
    </p>
   </div>
   <div class='ocr_carea' id='block_1_88' title="bbox 2003 3059 3577 3133">
    <p class='ocr_par' dir='ltr' id='par_1_88' title="bbox 2003 3059 3577 3133">
     <span class='ocr_line' id='line_1_88' title="bbox 2003 3059 3577 3133; baseline 0.003 -20"><span class='ocrx_word' id='word_1_610' title='bbox 2003 3059 2250 3114; x_wconf 88' lang='lat' dir='ltr'><strong>omnium</strong></span> <span class='ocrx_word' id='word_1_611' title='bbox 2297 3075 2479 3114; x_wconf 86' lang='lat' dir='ltr'><strong>rerum</strong></span> <span class='ocrx_word' id='word_1_612' title='bbox 2541 3063 2738 3116; x_wconf 87' lang='lat' dir='ltr'><strong>asserit</strong></span> <span class='ocrx_word' id='word_1_613' title='bbox 2804 3060 3163 3130; x_wconf 84' lang='lat' dir='ltr'><strong>Creatorem;</strong></span> <span class='ocrx_word' id='word_1_614' title='bbox 3226 3075 3280 3117; x_wconf 91' lang='lat' dir='ltr'><strong>et</strong></span> <span class='ocrx_word' id='word_1_615' title='bbox 3327 3063 3577 3133; x_wconf 82' lang='lat' dir='ltr'><strong>quamvis</strong></span> 
     </span>
    </p>
   </div>
   <div class='ocr_carea' id='block_1_89' title="bbox 2000 3151 3574 3224">
    <p class='ocr_par' dir='ltr' id='par_1_89' title="bbox 2000 3151 3574 3224">
     <span class='ocr_line' id='line_1_89' title="bbox 2000 3151 3574 3224; baseline -0.001 -18"><span class='ocrx_word' id='word_1_616' title='bbox 2000 3151 2202 3207; x_wconf 87' lang='lat' dir='ltr'><strong>multos</strong></span> <span class='ocrx_word' id='word_1_617' title='bbox 2253 3152 2417 3207; x_wconf 89' lang='lat' dir='ltr'><strong>etiam</strong></span> <span class='ocrx_word' id='word_1_618' title='bbox 2466 3163 2591 3223; x_wconf 89' lang='lat' dir='ltr'><strong>post</strong></span> <span class='ocrx_word' id='word_1_619' title='bbox 2647 3155 2798 3209; x_wconf 90' lang='lat' dir='ltr'><strong>illum</strong></span> <span class='ocrx_word' id='word_1_620' title='bbox 2855 3156 3060 3224; x_wconf 89' lang='lat' dir='ltr'><strong>gradus</strong></span> <span class='ocrx_word' id='word_1_621' title='bbox 3096 3155 3304 3210; x_wconf 89' lang='lat' dir='ltr'><strong>entium</strong></span> <span class='ocrx_word' id='word_1_622' title='bbox 3362 3156 3574 3223; x_wconf 78' lang='lat' dir='ltr'><strong>credar,</strong></span> 
     </span>
    </p>
   </div>
   <div class='ocr_carea' id='block_1_90' title="bbox 1998 3245 3576 3318">
    <p class='ocr_par' dir='ltr' id='par_1_90' title="bbox 1998 3245 3576 3318">
     <span class='ocr_line' id='line_1_90' title="bbox 1998 3245 3576 3318; baseline 0.003 -19"><span class='ocrx_word' id='word_1_623' title='bbox 1998 3260 2165 3299; x_wconf 89' lang='lat' dir='ltr'><strong>unum</strong></span> <span class='ocrx_word' id='word_1_624' title='bbox 2222 3245 2577 3315; x_wconf 86' lang='lat' dir='ltr'><strong>principium,</strong></span> <span class='ocrx_word' id='word_1_625' title='bbox 2616 3256 2672 3301; x_wconf 86' lang='lat' dir='ltr'><strong>et</strong></span> <span class='ocrx_word' id='word_1_626' title='bbox 2718 3247 2885 3301; x_wconf 89' lang='lat' dir='ltr'><strong>multa</strong></span> <span class='ocrx_word' id='word_1_627' title='bbox 2921 3247 3216 3318; x_wconf 87' lang='lat' dir='ltr'><strong>principia,</strong></span> <span class='ocrx_word' id='word_1_628' title='bbox 3257 3250 3441 3303; x_wconf 89' lang='lat' dir='ltr'><strong>omnia</strong></span> <span class='ocrx_word' id='word_1_629' title='bbox 3496 3260 3576 3303; x_wconf 85' lang='lat' dir='ltr'><strong>ta-</strong></span> 
     </span>
    </p>
   </div>
   <div class='ocr_carea' id='block_1_91' title="bbox 1999 3337 3580 3407">
    <p class='ocr_par' dir='ltr' id='par_1_91' title="bbox 1999 3337 3580 3407">
     <span class='ocr_line' id='line_1_91' title="bbox 1999 3337 3580 3407; baseline 0.005 -17"><span class='ocrx_word' id='word_1_630' title='bbox 1999 3352 2123 3391; x_wconf 86' lang='lat' dir='ltr'><strong>men</strong></span> <span class='ocrx_word' id='word_1_631' title='bbox 2160 3337 2262 3391; x_wconf 84' lang='lat' dir='ltr'><strong>sub</strong></span> <span class='ocrx_word' id='word_1_632' title='bbox 2309 3338 2489 3407; x_wconf 90' lang='lat' dir='ltr'><strong>primo</strong></span> <span class='ocrx_word' id='word_1_633' title='bbox 2534 3338 2628 3393; x_wconf 90' lang='lat' dir='ltr'><strong>illo</strong></span> <span class='ocrx_word' id='word_1_634' title='bbox 2658 3338 2968 3395; x_wconf 86' lang='lat' dir='ltr'><strong>constituit.</strong></span> <span class='ocrx_word' id='word_1_635' title='bbox 3004 3341 3159 3397; x_wconf 82' lang='lat' dir='ltr'><strong>Alius</strong></span> <span class='ocrx_word' id='word_1_636' title='bbox 3205 3356 3333 3397; x_wconf 90' lang='lat' dir='ltr'><strong>vero</strong></span> <span class='ocrx_word' id='word_1_637' title='bbox 3392 3344 3580 3399; x_wconf 88' lang='lat' dir='ltr'><strong>multis</strong></span> 
     </span>
    </p>
   </div>
   <div class='ocr_carea' id='block_1_92' title="bbox 1997 3428 3573 3504">
    <p class='ocr_par' dir='ltr' id='par_1_92' title="bbox 1997 3428 3573 3504">
     <span class='ocr_line' id='line_1_92' title="bbox 1997 3428 3573 3504; baseline 0.006 -23"><span class='ocrx_word' id='word_1_638' title='bbox 1997 3428 2102 3482; x_wconf 92' lang='lat' dir='ltr'><strong>hoc</strong></span> <span class='ocrx_word' id='word_1_639' title='bbox 2163 3429 2303 3483; x_wconf 89' lang='lat' dir='ltr'><strong>idem</strong></span> <span class='ocrx_word' id='word_1_640' title='bbox 2340 3446 2594 3487; x_wconf 89' lang='lat' dir='ltr'><strong>asserens</strong></span> <span class='ocrx_word' id='word_1_641' title='bbox 2627 3430 2828 3497; x_wconf 85' lang='lat' dir='ltr'><strong>verbis,</strong></span> <span class='ocrx_word' id='word_1_642' title='bbox 2882 3438 3482 3504; x_wconf 75' lang='lat' dir='ltr'><strong>mutuataquctan-lem</strong></span> <span class='ocrx_word' id='word_1_643' title='bbox 3543 3454 3573 3490; x_wconf 91' lang='lat' dir='ltr'><strong>a</strong></span> 
     </span>
    </p>
   </div>
   <div class='ocr_carea' id='block_1_93' title="bbox 1995 3520 3570 3598">
    <p class='ocr_par' dir='ltr' id='par_1_93' title="bbox 1995 3520 3570 3598">
     <span class='ocr_line' id='line_1_93' title="bbox 1995 3520 3570 3598; baseline 0.007 -26"><span class='ocrx_word' id='word_1_644' title='bbox 1995 3520 2231 3589; x_wconf 88' lang='lat' dir='ltr'><strong>quodam</strong></span> <span class='ocrx_word' id='word_1_645' title='bbox 2259 3522 2571 3591; x_wconf 89' lang='lat' dir='ltr'><strong>antiquiore</strong></span> <span class='ocrx_word' id='word_1_646' title='bbox 2605 3524 2875 3578; x_wconf 89' lang='lat' dir='ltr'><strong>sententia</strong></span> <span class='ocrx_word' id='word_1_647' title='bbox 2906 3540 2917 3576; x_wconf 94' lang='lat'>:</span> <span class='ocrx_word' id='word_1_648' title='bbox 2952 3525 3069 3580; x_wconf 89' lang='lat' dir='ltr'><strong>Non</strong></span> <span class='ocrx_word' id='word_1_649' title='bbox 3103 3535 3207 3588; x_wconf 90' lang='lat' dir='ltr'><strong>est,</strong></span> <span class='ocrx_word' id='word_1_650' title='bbox 3245 3527 3448 3598; x_wconf 87' lang='lat' dir='ltr'><strong>inquit,</strong></span> <span class='ocrx_word' id='word_1_651' title='bbox 3475 3530 3570 3583; x_wconf 86' lang='lat' dir='ltr'><strong>bo-</strong></span> 
     </span>
    </p>
   </div>
   <div class='ocr_carea' id='block_1_94' title="bbox 1996 3612 3572 3690">
    <p class='ocr_par' dir='ltr' id='par_1_94' title="bbox 1996 3612 3572 3690">
     <span class='ocr_line' id='line_1_94' title="bbox 1996 3612 3572 3690; baseline 0.007 -26"><span class='ocrx_word' id='word_1_652' title='bbox 1996 3626 2100 3664; x_wconf 89' lang='lat' dir='ltr'><strong>nus</strong></span> <span class='ocrx_word' id='word_1_653' title='bbox 2153 3612 2448 3666; x_wconf 88' lang='lat' dir='ltr'><strong>multorum</strong></span> <span class='ocrx_word' id='word_1_654' title='bbox 2494 3613 2874 3684; x_wconf 85' lang='lat' dir='ltr'><strong>principatus;</strong></span> <span class='ocrx_word' id='word_1_655' title='bbox 2911 3632 3053 3671; x_wconf 90' lang='lat' dir='ltr'><strong>unus</strong></span> <span class='ocrx_word' id='word_1_656' title='bbox 3086 3619 3368 3690; x_wconf 87' lang='lat' dir='ltr'><strong>princeps,</strong></span> <span class='ocrx_word' id='word_1_657' title='bbox 3428 3637 3572 3676; x_wconf 90' lang='lat' dir='ltr'><strong>unus</strong></span> 
     </span>
    </p>
   </div>
   <div class='ocr_carea' id='block_1_95' title="bbox 1996 3705 3574 3782">
    <p class='ocr_par' dir='ltr' id='par_1_95' title="bbox 1996 3705 3574 3782">
     <span class='ocr_line' id='line_1_95' title="bbox 1996 3705 3574 3782; baseline 0.008 -26"><span class='ocrx_word' id='word_1_658' title='bbox 1996 3718 2087 3756; x_wconf 81' lang='lat' dir='ltr'><strong>rex</strong></span> <span class='ocrx_word' id='word_1_659' title='bbox 2112 3714 2257 3758; x_wconf 87' lang='lat' dir='ltr'><strong>esto.</strong></span> <span class='ocrx_word' id='word_1_660' title='bbox 2286 3705 2476 3776; x_wconf 84' lang='lat' dir='ltr'><strong>Neque</strong></span> <span class='ocrx_word' id='word_1_661' title='bbox 2507 3706 2653 3760; x_wconf 88' lang='lat' dir='ltr'><strong>enim</strong></span> <span class='ocrx_word' id='word_1_662' title='bbox 2683 3707 2874 3761; x_wconf 86' lang='lat' dir='ltr'><strong>volunt</strong></span> <span class='ocrx_word' id='word_1_663' title='bbox 2897 3710 3043 3764; x_wconf 89' lang='lat' dir='ltr'><strong>entia</strong></span> <span class='ocrx_word' id='word_1_664' title='bbox 3080 3712 3219 3766; x_wconf 87' lang='lat' dir='ltr'><strong>male</strong></span> <span class='ocrx_word' id='word_1_665' title='bbox 3253 3714 3574 3782; x_wconf 80' lang='lat' dir='ltr'><strong>gubernari,</strong></span> 
     </span>
    </p>
   </div>
   <div class='ocr_carea' id='block_1_96' title="bbox 1995 3797 3575 3876">
    <p class='ocr_par' dir='ltr' id='par_1_96' title="bbox 1995 3797 3575 3876">
     <span class='ocr_line' id='line_1_96' title="bbox 1995 3797 3575 3876; baseline 0.01 -29"><span class='ocrx_word' id='word_1_666' title='bbox 1995 3797 2146 3866; x_wconf 89' lang='lat' dir='ltr'><strong>quasi</strong></span> <span class='ocrx_word' id='word_1_667' title='bbox 2185 3798 2325 3850; x_wconf 86' lang='lat' dir='ltr'><strong>male</strong></span> <span class='ocrx_word' id='word_1_668' title='bbox 2350 3798 2641 3867; x_wconf 84' lang='lat' dir='ltr'><strong>gubernari</strong></span> <span class='ocrx_word' id='word_1_669' title='bbox 2671 3799 2986 3865; x_wconf 90' lang='lat' dir='ltr'><strong>videantur,</strong></span> <span class='ocrx_word' id='word_1_670' title='bbox 3024 3803 3128 3856; x_wconf 84' lang='lat' dir='ltr'><strong>nisi</strong></span> <span class='ocrx_word' id='word_1_671' title='bbox 3167 3819 3310 3859; x_wconf 91' lang='lat' dir='ltr'><strong>unus</strong></span> <span class='ocrx_word' id='word_1_672' title='bbox 3347 3808 3438 3870; x_wconf 91' lang='lat' dir='ltr'><strong>sit,</strong></span> <span class='ocrx_word' id='word_1_673' title='bbox 3478 3810 3575 3876; x_wconf 82' lang='lat' dir='ltr'><strong>qui</strong></span> 
     </span>
    </p>
   </div>
   <div class='ocr_carea' id='block_1_97' title="bbox 1994 3890 3574 3969">
    <p class='ocr_par' dir='ltr' id='par_1_97' title="bbox 1994 3890 3574 3969">
     <span class='ocr_line' id='line_1_97' title="bbox 1994 3890 3574 3969; baseline 0.009 -28"><span class='ocrx_word' id='word_1_674' title='bbox 1994 3891 2177 3959; x_wconf 72' lang='lat' dir='ltr'><strong>prmsit</strong></span> <span class='ocrx_word' id='word_1_675' title='bbox 2221 3890 2510 3945; x_wconf 86' lang='lat' dir='ltr'><strong>universis.</strong></span> <span class='ocrx_word' id='word_1_676' title='bbox 2555 3893 2613 3945; x_wconf 87' lang='lat' dir='ltr'><strong>ln</strong></span> <span class='ocrx_word' id='word_1_677' title='bbox 2654 3892 2819 3946; x_wconf 87' lang='lat' dir='ltr'><strong>rebus</strong></span> <span class='ocrx_word' id='word_1_678' title='bbox 2851 3904 3033 3948; x_wconf 89' lang='lat' dir='ltr'><strong>autem</strong></span> <span class='ocrx_word' id='word_1_679' title='bbox 3081 3896 3358 3959; x_wconf 87' lang='lat' dir='ltr'><strong>humanis.</strong></span> <span class='ocrx_word' id='word_1_680' title='bbox 3408 3911 3574 3969; x_wconf 84' lang='lat' dir='ltr'><strong>atque</strong></span> 
     </span>
    </p>
   </div>
   <div class='ocr_carea' id='block_1_98' title="bbox 1993 3981 3574 4057">
    <p class='ocr_par' dir='ltr' id='par_1_98' title="bbox 1993 3981 3574 4057">
     <span class='ocr_line' id='line_1_98' title="bbox 1993 3981 3574 4057; baseline 0.007 -21"><span class='ocrx_word' id='word_1_681' title='bbox 1993 3981 2246 4036; x_wconf 86' lang='lat' dir='ltr'><strong>civilibus</strong></span> <span class='ocrx_word' id='word_1_682' title='bbox 2270 3982 2430 4036; x_wconf 87' lang='lat' dir='ltr'><strong>iidem</strong></span> <span class='ocrx_word' id='word_1_683' title='bbox 2463 3982 2587 4051; x_wconf 82' lang='lat' dir='ltr'><strong>ipsi,</strong></span> <span class='ocrx_word' id='word_1_684' title='bbox 2644 3998 2880 4052; x_wconf 91' lang='lat' dir='ltr'><strong>quorum</strong></span> <span class='ocrx_word' id='word_1_685' title='bbox 2920 3985 3259 4041; x_wconf 86' lang='lat' dir='ltr'><strong>mentionem</strong></span> <span class='ocrx_word' id='word_1_686' title='bbox 3317 3989 3574 4057; x_wconf 88' lang='lat' dir='ltr'><strong>fecimus,</strong></span> 
     </span>
    </p>
   </div>
   <div class='ocr_carea' id='block_1_99' title="bbox 1976 4075 3572 4144">
    <p class='ocr_par' dir='ltr' id='par_1_99' title="bbox 1976 4075 3572 4144">
     <span class='ocr_line' id='line_1_99' title="bbox 1976 4075 3572 4144; baseline 0.008 -16"><span class='ocrx_word' id='word_1_687' title='bbox 1976 4075 2283 4144; x_wconf 59' lang='lat' dir='ltr'><strong>exterique</strong></span> <span class='ocrx_word' id='word_1_688' title='bbox 2311 4091 2519 4142; x_wconf 87' lang='lat' dir='ltr'><strong>omnes,</strong></span> <span class='ocrx_word' id='word_1_689' title='bbox 2553 4084 2606 4129; x_wconf 90' lang='lat' dir='ltr'><strong>et</strong></span> <span class='ocrx_word' id='word_1_690' title='bbox 2642 4086 2767 4131; x_wconf 90' lang='lat' dir='ltr'><strong>ante</strong></span> <span class='ocrx_word' id='word_1_691' title='bbox 2798 4092 2894 4132; x_wconf 90' lang='lat' dir='ltr'><strong>eos</strong></span> <span class='ocrx_word' id='word_1_692' title='bbox 2922 4076 3172 4135; x_wconf 87' lang='lat' dir='ltr'><strong>Salvator</strong></span> <span class='ocrx_word' id='word_1_693' title='bbox 3198 4092 3385 4138; x_wconf 89' lang='lat' dir='ltr'><strong>noster</strong></span> <span class='ocrx_word' id='word_1_694' title='bbox 3408 4083 3572 4141; x_wconf 79' lang='lat' dir='ltr'><strong>Jesus</strong></span> 
     </span>
    </p>
   </div>
   <div class='ocr_carea' id='block_1_100' title="bbox 1991 4165 3575 4243">
    <p class='ocr_par' dir='ltr' id='par_1_100' title="bbox 1991 4165 3575 4243">
     <span class='ocr_line' id='line_1_100' title="bbox 1991 4165 3575 4243; baseline 0.006 -21"><span class='ocrx_word' id='word_1_695' title='bbox 1991 4165 2241 4222; x_wconf 85' lang='lat' dir='ltr'><strong>Christus</strong></span> <span class='ocrx_word' id='word_1_696' title='bbox 2264 4168 2560 4237; x_wconf 81' lang='lat' dir='ltr'><strong>legitimam</strong></span> <span class='ocrx_word' id='word_1_697' title='bbox 2590 4169 2964 4225; x_wconf 88' lang='lat' dir='ltr'><strong>monarcbiam</strong></span> <span class='ocrx_word' id='word_1_698' title='bbox 2993 4175 3207 4228; x_wconf 69' lang='lat' dir='ltr'><strong>caeteris</strong></span> <span class='ocrx_word' id='word_1_699' title='bbox 3232 4175 3575 4243; x_wconf 80' lang='lat' dir='ltr'><strong>gubernandi</strong></span> 
     </span>
    </p>
   </div>
   <div class='ocr_carea' id='block_1_101' title="bbox 1992 4259 3575 4336">
    <p class='ocr_par' dir='ltr' id='par_1_101' title="bbox 1992 4259 3575 4336">
     <span class='ocr_line' id='line_1_101' title="bbox 1992 4259 3575 4336; baseline 0.003 -24"><span class='ocrx_word' id='word_1_700' title='bbox 1992 4259 2169 4313; x_wconf 91' lang='lat' dir='ltr'><strong>modis</strong></span> <span class='ocrx_word' id='word_1_701' title='bbox 2207 4269 2561 4328; x_wconf 87' lang='lat' dir='ltr'><strong>anteponunt.</strong></span> <span class='ocrx_word' id='word_1_702' title='bbox 2614 4259 2859 4324; x_wconf 79' lang='lat' dir='ltr'><strong>Reddite,</strong></span> <span class='ocrx_word' id='word_1_703' title='bbox 2917 4263 3094 4333; x_wconf 89' lang='lat' dir='ltr'><strong>inquit</strong></span> <span class='ocrx_word' id='word_1_704' title='bbox 3143 4265 3256 4331; x_wconf 90' lang='lat' dir='ltr'><strong>ille,</strong></span> <span class='ocrx_word' id='word_1_705' title='bbox 3286 4282 3404 4336; x_wconf 69' lang='lat' dir='ltr'><strong>qua:</strong></span> <span class='ocrx_word' id='word_1_706' title='bbox 3452 4274 3575 4322; x_wconf 76' lang='lat' dir='ltr'><strong>sunt</strong></span> 
     </span>
    </p>
   </div>
   <div class='ocr_carea' id='block_1_102' title="bbox 1992 4348 3578 4428">
    <p class='ocr_par' dir='ltr' id='par_1_102' title="bbox 1992 4348 3578 4428">
     <span class='ocr_line' id='line_1_102' title="bbox 1992 4348 3578 4428; baseline 0.005 -24"><span class='ocrx_word' id='word_1_707' title='bbox 1992 4348 2217 4404; x_wconf 77' lang='lat' dir='ltr'><strong>Cwsaris</strong></span> <span class='ocrx_word' id='word_1_708' title='bbox 2251 4349 2466 4415; x_wconf 68' lang='grc' dir='ltr'><strong>(Σιωπή,</strong></span> <span class='ocrx_word' id='word_1_709' title='bbox 2497 4359 2548 4404; x_wconf 90' lang='lat' dir='ltr'><strong>et</strong></span> <span class='ocrx_word' id='word_1_710' title='bbox 2580 4367 2695 4420; x_wconf 69' lang='lat' dir='ltr'><strong>qua:</strong></span> <span class='ocrx_word' id='word_1_711' title='bbox 2726 4351 2824 4406; x_wconf 80' lang='lat' dir='ltr'><strong>Dei</strong></span> <span class='ocrx_word' id='word_1_712' title='bbox 2858 4353 2962 4407; x_wconf 85' lang='lat' dir='ltr'><strong>Deo</strong></span> <span class='ocrx_word' id='word_1_713' title='bbox 2985 4357 2999 4385; x_wconf 73' lang='grc' dir='ltr'>ι</span> <span class='ocrx_word' id='word_1_714' title='bbox 3028 4370 3057 4419; x_wconf 85' lang='grc'><strong>;·</strong></span> <span class='ocrx_word' id='word_1_715' title='bbox 3102 4358 3256 4426; x_wconf 88' lang='lat' dir='ltr'><strong>quasi</strong></span> <span class='ocrx_word' id='word_1_716' title='bbox 3287 4373 3429 4412; x_wconf 91' lang='lat' dir='ltr'><strong>unus</strong></span> <span class='ocrx_word' id='word_1_717' title='bbox 3460 4360 3578 4428; x_wconf 85' lang='lat' dir='ltr'><strong>qui-</strong></span> 
     </span>
    </p>
   </div>
   <div class='ocr_carea' id='block_1_103' title="bbox 1992 4441 3572 4517">
    <p class='ocr_par' dir='ltr' id='par_1_103' title="bbox 1992 4441 3572 4517">
     <span class='ocr_line' id='line_1_103' title="bbox 1992 4441 3572 4517; baseline 0.008 -25"><span class='ocrx_word' id='word_1_718' title='bbox 1992 4441 2115 4494; x_wconf 85' lang='lat' dir='ltr'><strong>dem</strong></span> <span class='ocrx_word' id='word_1_719' title='bbox 2156 4441 2227 4495; x_wconf 87' lang='lat' dir='ltr'><strong>sit</strong></span> <span class='ocrx_word' id='word_1_720' title='bbox 2265 4441 2408 4496; x_wconf 89' lang='lat' dir='ltr'><strong>Deus</strong></span> <span class='ocrx_word' id='word_1_721' title='bbox 2459 4444 2511 4497; x_wconf 92' lang='lat' dir='ltr'><strong>in</strong></span> <span class='ocrx_word' id='word_1_722' title='bbox 2542 4443 2715 4507; x_wconf 73' lang='lat' dir='ltr'><strong>cmlis,</strong></span> <span class='ocrx_word' id='word_1_723' title='bbox 2748 4452 2804 4499; x_wconf 88' lang='lat' dir='ltr'><strong>et</strong></span> <span class='ocrx_word' id='word_1_724' title='bbox 2837 4460 2977 4499; x_wconf 88' lang='lat' dir='ltr'><strong>unus</strong></span> <span class='ocrx_word' id='word_1_725' title='bbox 3016 4447 3274 4517; x_wconf 89' lang='lat' dir='ltr'><strong>princeps</strong></span> <span class='ocrx_word' id='word_1_726' title='bbox 3303 4450 3354 4503; x_wconf 90' lang='lat' dir='ltr'><strong>in</strong></span> <span class='ocrx_word' id='word_1_727' title='bbox 3383 4451 3572 4516; x_wconf 88' lang='lat' dir='ltr'><strong>terris;</strong></span> 
     </span>
    </p>
   </div>
   <div class='ocr_carea' id='block_1_104' title="bbox 1995 4535 3574 4611">
    <p class='ocr_par' dir='ltr' id='par_1_104' title="bbox 1995 4535 3574 4611">
     <span class='ocr_line' id='line_1_104' title="bbox 1995 4535 3574 4611; baseline 0.008 -22"><span class='ocrx_word' id='word_1_728' title='bbox 1995 4535 2085 4589; x_wconf 89' lang='lat' dir='ltr'><strong>hic</strong></span> <span class='ocrx_word' id='word_1_729' title='bbox 2139 4551 2268 4589; x_wconf 86' lang='lat' dir='ltr'><strong>vero</strong></span> <span class='ocrx_word' id='word_1_730' title='bbox 2321 4537 2414 4605; x_wconf 89' lang='lat' dir='ltr'><strong>qui</strong></span> <span class='ocrx_word' id='word_1_731' title='bbox 2467 4537 2609 4591; x_wconf 92' lang='lat' dir='ltr'><strong>inter</strong></span> <span class='ocrx_word' id='word_1_732' title='bbox 2668 4537 3028 4609; x_wconf 87' lang='lat' dir='ltr'><strong>philosophos</strong></span> <span class='ocrx_word' id='word_1_733' title='bbox 3087 4542 3326 4611; x_wconf 89' lang='lat' dir='ltr'><strong>primum</strong></span> <span class='ocrx_word' id='word_1_734' title='bbox 3360 4545 3574 4600; x_wconf 88' lang='lat' dir='ltr'><strong>obtinet</strong></span> 
     </span>
    </p>
   </div>
   <div class='ocr_carea' id='block_1_105' title="bbox 1996 4627 3577 4706">
    <p class='ocr_par' dir='ltr' id='par_1_105' title="bbox 1996 4627 3577 4706">
     <span class='ocr_line' id='line_1_105' title="bbox 1996 4627 3577 4706; baseline 0.007 -24"><span class='ocrx_word' id='word_1_735' title='bbox 1996 4628 2197 4692; x_wconf 89' lang='lat' dir='ltr'><strong>locum,</strong></span> <span class='ocrx_word' id='word_1_736' title='bbox 2234 4627 2369 4681; x_wconf 88' lang='lat' dir='ltr'><strong>illud</strong></span> <span class='ocrx_word' id='word_1_737' title='bbox 2396 4628 2708 4697; x_wconf 77' lang='lat' dir='ltr'><strong>reipublica:</strong></span> <span class='ocrx_word' id='word_1_738' title='bbox 2747 4647 2918 4701; x_wconf 88' lang='lat' dir='ltr'><strong>genus</strong></span> <span class='ocrx_word' id='word_1_739' title='bbox 2955 4648 3064 4687; x_wconf 91' lang='lat' dir='ltr'><strong>non</strong></span> <span class='ocrx_word' id='word_1_740' title='bbox 3093 4636 3256 4689; x_wconf 87' lang='lat' dir='ltr'><strong>modo</strong></span> <span class='ocrx_word' id='word_1_741' title='bbox 3285 4641 3577 4706; x_wconf 79' lang='lat' dir='ltr'><strong>generibus</strong></span> 
     </span>
    </p>
   </div>
   <div class='ocr_carea' id='block_1_106' title="bbox 1995 4720 3575 4799">
    <p class='ocr_par' dir='ltr' id='par_1_106' title="bbox 1995 4720 3575 4799">
     <span class='ocr_line' id='line_1_106' title="bbox 1995 4720 3575 4799; baseline 0.006 -24"><span class='ocrx_word' id='word_1_742' title='bbox 1995 4720 2229 4787; x_wconf 65' lang='lat' dir='ltr'><strong>caeteris,</strong></span> <span class='ocrx_word' id='word_1_743' title='bbox 2263 4720 2357 4776; x_wconf 84' lang='lat' dir='ltr'><strong>sed</strong></span> <span class='ocrx_word' id='word_1_744' title='bbox 2388 4721 2553 4776; x_wconf 84' lang='lat' dir='ltr'><strong>etiam</strong></span> <span class='ocrx_word' id='word_1_745' title='bbox 2601 4725 2930 4792; x_wconf 83' lang='lat' dir='ltr'><strong>optimatum</strong></span> <span class='ocrx_word' id='word_1_746' title='bbox 2980 4729 3312 4797; x_wconf 82' lang='lat' dir='ltr'><strong>principatui</strong></span> <span class='ocrx_word' id='word_1_747' title='bbox 3347 4740 3575 4799; x_wconf 84' lang='lat' dir='ltr'><strong>antepo-</strong></span> 
     </span>
    </p>
   </div>
   <div class='ocr_carea' id='block_1_107' title="bbox 1996 4813 3570 4884">
    <p class='ocr_par' dir='ltr' id='par_1_107' title="bbox 1996 4813 3570 4884">
     <span class='ocr_line' id='line_1_107' title="bbox 1996 4813 3570 4884; baseline 0.006 -16"><span class='ocrx_word' id='word_1_748' title='bbox 1996 4813 2098 4878; x_wconf 89' lang='lat' dir='ltr'><strong>nit,</strong></span> <span class='ocrx_word' id='word_1_749' title='bbox 2141 4824 2196 4868; x_wconf 87' lang='lat' dir='ltr'><strong>et</strong></span> <span class='ocrx_word' id='word_1_750' title='bbox 2239 4813 2427 4868; x_wconf 89' lang='lat' dir='ltr'><strong>divino</strong></span> <span class='ocrx_word' id='word_1_751' title='bbox 2481 4830 2645 4884; x_wconf 87' lang='lat' dir='ltr'><strong>quam</strong></span> <span class='ocrx_word' id='word_1_752' title='bbox 2706 4816 3046 4872; x_wconf 87' lang='lat' dir='ltr'><strong>simillimum</strong></span> <span class='ocrx_word' id='word_1_753' title='bbox 3109 4837 3229 4875; x_wconf 86' lang='lat' dir='ltr'><strong>esse</strong></span> <span class='ocrx_word' id='word_1_754' title='bbox 3278 4822 3434 4878; x_wconf 89' lang='lat' dir='ltr'><strong>dicit.</strong></span> <span class='ocrx_word' id='word_1_755' title='bbox 3470 4823 3570 4879; x_wconf 86' lang='lat' dir='ltr'><strong>Ubi</strong></span> 
     </span>
    </p>
   </div>
   <div class='ocr_carea' id='block_1_108' title="bbox 1997 4908 3571 4983">
    <p class='ocr_par' dir='ltr' id='par_1_108' title="bbox 1997 4908 3571 4983">
     <span class='ocr_line' id='line_1_108' title="bbox 1997 4908 3571 4983; baseline 0.009 -23"><span class='ocrx_word' id='word_1_756' title='bbox 1997 4923 2160 4973; x_wconf 87' lang='lat' dir='ltr'><strong>unus,</strong></span> <span class='ocrx_word' id='word_1_757' title='bbox 2193 4908 2284 4977; x_wconf 91' lang='lat' dir='ltr'><strong>qui</strong></span> <span class='ocrx_word' id='word_1_758' title='bbox 2322 4909 2619 4963; x_wconf 89' lang='lat' dir='ltr'><strong>virtutibus</strong></span> <span class='ocrx_word' id='word_1_759' title='bbox 2649 4920 2904 4977; x_wconf 68' lang='lat' dir='ltr'><strong>,czeteros</strong></span> <span class='ocrx_word' id='word_1_760' title='bbox 2961 4917 3275 4983; x_wconf 86' lang='lat' dir='ltr'><strong>antecellat,</strong></span> <span class='ocrx_word' id='word_1_761' title='bbox 3314 4920 3571 4974; x_wconf 88' lang='lat' dir='ltr'><strong>omnibus</strong></span> 
     </span>
    </p>
   </div>
   <div class='ocr_carea' id='block_1_109' title="bbox 1998 4999 3573 5073">
    <p class='ocr_par' dir='ltr' id='par_1_109' title="bbox 1998 4999 3573 5073">
     <span class='ocr_line' id='line_1_109' title="bbox 1998 4999 3573 5073; baseline 0.01 -20"><span class='ocrx_word' id='word_1_762' title='bbox 1998 4999 2333 5054; x_wconf 89' lang='lat' dir='ltr'><strong>dominetur.</strong></span> <span class='ocrx_word' id='word_1_763' title='bbox 2392 5000 2549 5056; x_wconf 85' lang='lat' dir='ltr'><strong>Alius</strong></span> <span class='ocrx_word' id='word_1_764' title='bbox 2596 5013 2779 5057; x_wconf 89' lang='lat' dir='ltr'><strong>autem</strong></span> <span class='ocrx_word' id='word_1_765' title='bbox 2835 5004 3001 5073; x_wconf 85' lang='lat' dir='ltr'><strong>hujus</strong></span> <span class='ocrx_word' id='word_1_766' title='bbox 3049 5009 3267 5062; x_wconf 88' lang='lat' dir='ltr'><strong>auditor</strong></span> <span class='ocrx_word' id='word_1_767' title='bbox 3317 5012 3573 5067; x_wconf 86' lang='lat' dir='ltr'><strong>omnibus</strong></span> 
     </span>
    </p>
   </div>
   <div class='ocr_carea' id='block_1_110' title="bbox 2000 5093 3577 5174">
    <p class='ocr_par' dir='ltr' id='par_1_110' title="bbox 2000 5093 3577 5174">
     <span class='ocr_line' id='line_1_110' title="bbox 2000 5093 3577 5174; baseline 0.006 -26"><span class='ocrx_word' id='word_1_768' title='bbox 2000 5093 2202 5164; x_wconf 82' lang='lat' dir='ltr'><strong>politiae</strong></span> <span class='ocrx_word' id='word_1_769' title='bbox 2229 5096 2567 5150; x_wconf 83' lang='lat' dir='ltr'><strong>enumeratis</strong></span> <span class='ocrx_word' id='word_1_770' title='bbox 2616 5096 2943 5165; x_wconf 81' lang='lat' dir='ltr'><strong>generibus,</strong></span> <span class='ocrx_word' id='word_1_771' title='bbox 2984 5103 3235 5155; x_wconf 87' lang='lat' dir='ltr'><strong>eumdem</strong></span> <span class='ocrx_word' id='word_1_772' title='bbox 3285 5103 3431 5157; x_wconf 88' lang='lat' dir='ltr'><strong>hunc</strong></span> <span class='ocrx_word' id='word_1_773' title='bbox 3483 5120 3577 5174; x_wconf 65' lang='grc' dir='ltr'><strong>ευρ</strong></span> 
     </span>
    </p>
   </div>
   <div class='ocr_carea' id='block_1_111' title="bbox 2001 5186 3581 5264">
    <p class='ocr_par' dir='ltr' id='par_1_111' title="bbox 2001 5186 3581 5264">
     <span class='ocr_line' id='line_1_111' title="bbox 2001 5186 3581 5264; baseline 0.004 -22"><span class='ocrx_word' id='word_1_774' title='bbox 2001 5186 2271 5242; x_wconf 87' lang='lat' dir='ltr'><strong>bernandi</strong></span> <span class='ocrx_word' id='word_1_775' title='bbox 2304 5187 2526 5241; x_wconf 85' lang='lat' dir='ltr'><strong>modum</strong></span> <span class='ocrx_word' id='word_1_776' title='bbox 2553 5199 2679 5241; x_wconf 91' lang='lat' dir='ltr'><strong>ante</strong></span> <span class='ocrx_word' id='word_1_777' title='bbox 2702 5204 2892 5243; x_wconf 87' lang='lat' dir='ltr'><strong>omnes</strong></span> <span class='ocrx_word' id='word_1_778' title='bbox 2920 5192 3227 5257; x_wconf 86' lang='lat' dir='ltr'><strong>constituit,</strong></span> <span class='ocrx_word' id='word_1_779' title='bbox 3250 5195 3581 5264; x_wconf 83' lang='lat' dir='ltr'><strong>perfectissi-</strong></span> 
     </span>
    </p>
   </div>
   <div class='ocr_carea' id='block_1_112' title="bbox 2004 5281 3573 5353">
    <p class='ocr_par' dir='ltr' id='par_1_112' title="bbox 2004 5281 3573 5353">
     <span class='ocr_line' id='line_1_112' title="bbox 2004 5281 3573 5353; baseline 0.006 -21"><span class='ocrx_word' id='word_1_780' title='bbox 2004 5294 2153 5333; x_wconf 90' lang='lat' dir='ltr'><strong>mum</strong></span> <span class='ocrx_word' id='word_1_781' title='bbox 2184 5294 2410 5347; x_wconf 82' lang='lat' dir='ltr'><strong>regnum</strong></span> <span class='ocrx_word' id='word_1_782' title='bbox 2439 5281 2742 5349; x_wconf 85' lang='lat' dir='ltr'><strong>appellans.</strong></span> <span class='ocrx_word' id='word_1_783' title='bbox 2784 5282 2938 5337; x_wconf 87' lang='lat' dir='ltr'><strong>llunc</strong></span> <span class='ocrx_word' id='word_1_784' title='bbox 2967 5285 3131 5353; x_wconf 86' lang='lat' dir='ltr'><strong>igitur</strong></span> <span class='ocrx_word' id='word_1_785' title='bbox 3163 5302 3192 5339; x_wconf 92' lang='lat' dir='ltr'><strong>a</strong></span> <span class='ocrx_word' id='word_1_786' title='bbox 3231 5284 3342 5341; x_wconf 85' lang='lat' dir='ltr'><strong>Deo</strong></span> <span class='ocrx_word' id='word_1_787' title='bbox 3374 5288 3573 5342; x_wconf 87' lang='lat' dir='ltr'><strong>bonum</strong></span> 
     </span>
    </p>
   </div>
   <div class='ocr_carea' id='block_1_113' title="bbox 2002 5370 3580 5441">
    <p class='ocr_par' dir='ltr' id='par_1_113' title="bbox 2002 5370 3580 5441">
     <span class='ocr_line' id='line_1_113' title="bbox 2002 5370 3580 5441; baseline 0.006 -17"><span class='ocrx_word' id='word_1_788' title='bbox 2002 5379 2059 5425; x_wconf 88' lang='lat' dir='ltr'><strong>et</strong></span> <span class='ocrx_word' id='word_1_789' title='bbox 2111 5370 2434 5441; x_wconf 84' lang='lat' dir='ltr'><strong>perfectum,</strong></span> <span class='ocrx_word' id='word_1_790' title='bbox 2485 5382 2541 5426; x_wconf 87' lang='lat' dir='ltr'><strong>et</strong></span> <span class='ocrx_word' id='word_1_791' title='bbox 2592 5375 2965 5428; x_wconf 86' lang='lat' dir='ltr'><strong>necessarium</strong></span> <span class='ocrx_word' id='word_1_792' title='bbox 3024 5378 3277 5433; x_wconf 89' lang='lat' dir='ltr'><strong>ordinem</strong></span> <span class='ocrx_word' id='word_1_793' title='bbox 3328 5380 3382 5434; x_wconf 92' lang='lat' dir='ltr'><strong>in</strong></span> <span class='ocrx_word' id='word_1_794' title='bbox 3418 5380 3580 5436; x_wconf 84' lang='lat' dir='ltr'><strong>rebus</strong></span> 
     </span>
    </p>
   </div>
   <div class='ocr_carea' id='block_1_114' title="bbox 1999 5461 3577 5536">
    <p class='ocr_par' dir='ltr' id='par_1_114' title="bbox 1999 5461 3577 5536">
     <span class='ocr_line' id='line_1_114' title="bbox 1999 5461 3577 5536; baseline 0.006 -19"><span class='ocrx_word' id='word_1_795' title='bbox 1999 5461 2319 5530; x_wconf 82' lang='lat' dir='ltr'><strong>ﬂuentibus,</strong></span> <span class='ocrx_word' id='word_1_796' title='bbox 2343 5474 2507 5533; x_wconf 87' lang='lat' dir='ltr'><strong>atque</strong></span> <span class='ocrx_word' id='word_1_797' title='bbox 2569 5466 2803 5521; x_wconf 87' lang='lat' dir='ltr'><strong>terrenis</strong></span> <span class='ocrx_word' id='word_1_798' title='bbox 2843 5470 3212 5536; x_wconf 86' lang='lat' dir='ltr'><strong>servabimus,</strong></span> <span class='ocrx_word' id='word_1_799' title='bbox 3244 5472 3488 5529; x_wconf 86' lang='lat' dir='ltr'><strong>fratres:</strong></span> <span class='ocrx_word' id='word_1_800' title='bbox 3524 5477 3577 5527; x_wconf 89' lang='lat' dir='ltr'><strong>in</strong></span> 
     </span>
    </p>
   </div>
   <div class='ocr_carea' id='block_1_115' title="bbox 2000 5558 3581 5625">
    <p class='ocr_par' dir='ltr' id='par_1_115' title="bbox 2000 5558 3581 5625">
     <span class='ocr_line' id='line_1_115' title="bbox 2000 5558 3581 5625; baseline 0.004 -12"><span class='ocrx_word' id='word_1_801' title='bbox 2000 5568 2329 5613; x_wconf 59' lang='lat' dir='ltr'><strong>internarum</strong></span> <span class='ocrx_word' id='word_1_802' title='bbox 2357 5573 2487 5614; x_wconf 87' lang='lat' dir='ltr'><strong>vero</strong></span> <span class='ocrx_word' id='word_1_803' title='bbox 2518 5558 2847 5625; x_wconf 88' lang='lat' dir='ltr'><strong>animarum,</strong></span> <span class='ocrx_word' id='word_1_804' title='bbox 2875 5570 2931 5615; x_wconf 87' lang='lat' dir='ltr'><strong>et</strong></span> <span class='ocrx_word' id='word_1_805' title='bbox 2956 5574 3160 5618; x_wconf 74' lang='lat' dir='ltr'><strong>sanctae</strong></span> <span class='ocrx_word' id='word_1_806' title='bbox 3196 5563 3286 5618; x_wconf 91' lang='lat' dir='ltr'><strong>Dci</strong></span> <span class='ocrx_word' id='word_1_807' title='bbox 3323 5565 3581 5621; x_wconf 64' lang='lat' dir='ltr'><strong>Ecclesia</strong></span> 
     </span>
    </p>
   </div>
   <div class='ocr_carea' id='block_1_116' title="bbox 1999 5634 3576 5725">
    <p class='ocr_par' dir='ltr' id='par_1_116' title="bbox 1999 5634 3576 5725">
     <span class='ocr_line' id='line_1_116' title="bbox 1999 5634 3576 5725; baseline 0.003 -19"><span class='ocrx_word' id='word_1_808' title='bbox 1999 5650 2395 5721; x_wconf 83' lang='lat' dir='ltr'><strong>gubernatione</strong></span> <span class='ocrx_word' id='word_1_809' title='bbox 2450 5654 2914 5709; x_wconf 84' lang='lat' dir='ltr'><strong>contemnemus?</strong></span> <span class='ocrx_word' id='word_1_810' title='bbox 2965 5634 3231 5712; x_wconf 72' lang='lat' dir='ltr'><strong>Iridecens</strong></span> <span class='ocrx_word' id='word_1_811' title='bbox 3285 5667 3436 5713; x_wconf 87' lang='lat' dir='ltr'><strong>certe</strong></span> <span class='ocrx_word' id='word_1_812' title='bbox 3472 5668 3576 5725; x_wconf 92' lang='lat' dir='ltr'><strong>est,</strong></span> 
     </span>
    </p>
   </div>
  </div>
