3990 6212
400 348 510 407 489

1466 353 1562 418 DE
1602 354 1888 420 VERBIS
1927 355 2612 420 CONSECRATIONIS.’

3557 359 3698 423 490‘

401 475 456 523 et
482 467 552 523 ab
591 468 742 524 omni
769 468 983 526 ratione
1007 470 1270 530 alienum.
1299 473 1398 530 Hie
1425 476 1574 530 enim
1601 479 1837 532 maxime
1861 492 1979 532 om-
2007 481 2054 540 Α
2083 476 2414 547 pontiﬁcalis
2440 476 2713 533 sententia
2753 472 2969 530 roboris
3023 474 3304 529 habuisset
3331 511 3348 536 ,
3397 489 3506 530 non
3550 476 3660 533 illis

398 561 551 615 nium
589 567 674 615 est
699 565 837 615 ordo
866 562 1191 620 servandus.
1246 564 1533 636 Siquidem
1571 577 1837 638 perpetua
1891 569 1978 624 di-

397 651 584 722 gniora
617 661 744 706 sunt
796 651 980 718 ﬂuxis,
1029 659 1466 724 momentaneis,
1531 667 1697 730 atque
1733 661 1976 720 caducis.

398 741 540 798 llinc
586 743 872 813 legislator
902 755 1112 812 noster,
1145 758 1202 802 et
1236 747 1500 805 Dominus
1528 750 1689 806 Jesus
1719 751 1976 809 Christus

396 851 616 890 omnem
646 835 942 890 humanam
959 835 1307 907 sapientiam,
1336 842 1493 912 cujus
1521 845 1638 912 ipse
1677 843 1836 898 dator
1869 855 1976 911 est,

395 927 688 990 excedens,
721 929 989 996 optimum
1014 931 1353 1000 gubernandi
1381 935 1602 988 modum
1623 949 1735 990 suae
1753 937 1978 1006 reliquit

395 1017 675 1084 Ecclesiae,
697 1033 821 1073 cum
853 1020 1037 1086 Petro,
1065 1029 1119 1075 et
1148 1034 1246 1091 per
1265 1037 1392 1076 eum
1421 1025 1836 1080 successoribus
1856 1026 1978 1098 ejus

395 1110 764 1180 principatum
785 1111 932 1167 illius
956 1113 1200 1168 tradidit.
1234 1114 1309 1168 Tu
1343 1131 1421 1178 es,
1445 1114 1648 1185 inquit,
1677 1115 1894 1185 Petrus,
1923 1129 1976 1173 et

393 1217 550 1270 super
599 1202 737 1255 hanc
768 1212 973 1271 petram
1004 1204 1277 1271 wdiﬁcabo
1312 1206 1608 1261 Ecclesium
1654 1226 1825 1264 meam
1845 1212 1882 1266 ί.
1910 1212 1978 1266 Ει

395 1307 590 1348 rursus
615 1311 628 1346 :
657 1292 769 1348 Tibi
800 1295 934 1348 dabo
957 1295 1126 1351 claves
1145 1299 1294 1367 regni
1316 1298 1564 1353 caelorum
1582 1302 1624 1355 ².
1642 1301 1712 1355 Et
1739 1303 1974 1356 iterum:

393 1384 563 1441 Pasce
588 1401 704 1439 oves
739 1402 904 1449 meas,
925 1403 1082 1456 pasce
1119 1404 1282 1458 agnos
1307 1405 1444 1444 meas
1467 1391 1508 1448 ³.
1533 1392 1598 1445 Et
1620 1393 1749 1446 alibi
1775 1411 1788 1446 :
1828 1393 1894 1446 Et
1919 1403 1976 1446 tu

393 1479 682 1548 aliquando
708 1495 987 1534 conversus
1021 1481 1275 1549 conﬁrma
1325 1487 1515 1551 fratres
1542 1496 1657 1540 tuos
1677 1487 1718 1541 ⁸.
1749 1486 1862 1543 Nec
1888 1503 1975 1543 me

393 1570 604 1638 putetis
627 1569 826 1624 fratres
883 1585 1079 1624 novam
1130 1573 1304 1641 legem
1357 1573 1732 1641 introducere,
1768 1594 1974 1633 novum

397 1662 594 1730 dogma
627 1662 842 1717 docere.
879 1663 1132 1731 Repetite
1175 1664 1435 1719 memoria
1461 1705 1476 1729 ,
1515 1668 1609 1736 qui
1642 1669 1848 1738 priscas
1894 1671 1976 1724 hi-

394 1752 660 1814 storicas,
694 1754 787 1822 qui
841 1753 1198 1808 conciliorum
1245 1766 1364 1810 acta
1417 1756 1662 1828 legistis,
1704 1769 1972 1829 quantum

2087 569 2364 624 attulisset
2410 569 2826 631 detrimentum,
2859 565 2964 622 nisi
3009 565 3254 621 Romano
3285 567 3508 636 praesuli
3534 570 3669 624 sub-

2088 660 2189 715 diti
2222 660 2579 716 exstitissent.
2613 659 2871 714 Photium
2923 659 3123 714 deinde
3157 657 3668 729 Constantinopoli-

2088 760 2269 807 tanam
2320 751 2509 808 sedem
2559 761 2961 818 occupantem,
2999 751 3093 820 qui
3136 751 3490 807 sanctissimo
3540 752 3665 808 viro

2086 843 2296 913 lgnatio
2342 845 2519 915 ejecto
2558 842 2860 899 Ecclesiam
2913 843 3017 900 sibi
3071 843 3287 898 viribus
3353 844 3666 917 subegerat,

2086 950 2271 990 nonne
2321 935 2581 990 Nicolaus
2628 934 2906 991 Romanus
2934 934 3186 1005 pontifex
3219 935 3465 991 fidelium
3512 952 3664 992 com-

2086 1026 2344 1083 munione
2372 1026 2626 1098 privavit,
2661 1036 2718 1082 et
2752 1027 3023 1082 'restituto
3075 1025 3282 1098 lgnatio
3309 1027 3379 1083 ab
3417 1028 3667 1085 Ecclesia
3716 1070 3720 1091 .

2086 1121 2330 1190 repulit?
2365 1119 2480 1187 Qua
2539 1119 2753 1174 ratione
2783 1119 2836 1174 id
2881 1119 2995 1190 egit
3039 1119 3318 1186 Nicolaus,
3367 1120 3475 1177 nisi
3534 1121 3665 1191 quia
3708 1141 3719 1186 ι

2085 1227 2253 1281 super
2290 1225 2484 1267 omnes
2515 1210 2788 1265 Ecclesias
2837 1218 3161 1279 potestatem
3200 1209 3462 1267 habebat.
3508 1212 3666 1267 Post-
3697 1195 3714 1251 ι’

2087 1317 2250 1372 quam
2283 1317 2413 1356 vero
2443 1301 2525 1356 vir
2567 1310 2792 1357 sanctus
2846 1301 3088 1372 lgnatius
3110 1301 3178 1356 ad
3229 1301 3522 1357 Dominum
3565 1304 3667 1359 mi-

2084 1393 2308 1462 gravit,
2366 1407 2548 1447 nonne
2631 1392 2995 1462 imperatores
3064 1391 3662 1463 Constantinopolitani

2086 1483 2294 1548 multis,
2326 1499 2389 1537 ac
2421 1483 2631 1539 crebris
2663 1485 2921 1554 precibus
2961 1483 3017 1538 in
3052 1483 3297 1539 favorem
3330 1483 3511 1539 Pltolii
3553 1485 3662 1541 Ro-

2086 1588 2249 1627 mano
2274 1572 2519 1641 pontitici
2551 1573 3008 1642 interpellarunt?
3046 1573 3240 1628 Nonne
3268 1574 3533 1640 Joannes,
3563 1574 3661 1643 qui

2085 1671 2208 1732 post
2249 1664 2555 1726 Nicolaum,
2598 1673 2654 1718 et
2683 1663 2985 1718 Adrianum
3014 1663 3343 1720 universalis
3401 1663 3662 1719 Ecclesia

2084 1754 2460 1824 gubernacula
2493 1763 2830 1824 susceperat,
2865 1755 2918 1808 in
2960 1755 3385 1823 patriarcbalem
3416 1754 3660 1810 restituit

395 1859 616 1914 semper
645 1845 921 1899 Romanus
953 1845 1195 1915 pontifex
1218 1862 1386 1916 super
1417 1865 1633 1903 onmem
1669 1851 1969 1906 Ecclesiam
1998 1841 2048 1898 Β
2081 1843 2286 1908 sedem,
2318 1845 2654 1914 palliumque
2686 1846 2763 1898 illi
2814 1845 2984 1906 misit,
3015 1845 3068 1898 in
3115 1861 3224 1914 quo
3256 1846 3488 1914 refulget
3523 1860 3660 1914 pon-

392 1938 776 1991 auctoritatem
847 1938 1064 1992 habuit.
1124 1939 1456 1995 Caelestinus
1531 1958 1669 2011 papa
1739 1944 1970 2013 primam

393 2027 727 2096 Ephesinam
762 2028 1031 2098 synodum
1066 2028 1216 2082 solus
1237 2031 1569 2098 reprobavit,
1599 2033 1970 2102 irritavitque,

391 2117 648 2187 quamvis
682 2118 863 2172 omnis
907 2115 1201 2174 Orientalis
1226 2119 1493 2185 Ecclesia,
1521 2132 1575 2176 et
1604 2121 1705 2191 ipsi
1745 2125 1974 2191 patriar-

391 2209 511 2264 clue
555 2209 842 2264 unanimes
898 2209 954 2262 in
1003 2225 1066 2264 ea
1119 2205 1537 2267 convenissent.
1567 2213 1765 2268 Leonis
1795 2214 1970 2285 Magni

389 2299 683 2367 epistolam
723 2298 912 2354 Patres
935 2297 1414 2357 Cltalcedonenses
1446 2318 1678 2358 numero
1702 2307 1970 2369 sexcenti,

393 2400 452 2445 et
501 2391 722 2460 triginta
765 2391 1007 2461 episcopi
1038 2393 1214 2447 instar
1252 2395 1394 2450 sacri
1433 2395 1714 2465 Evangelii
1751 2411 1973 2466 recepe-

393 2493 549 2548 runt,
569 2499 803 2552 eamque
835 2485 1156 2540 orthodoxa:
1199 2485 1326 2542 fidei
1357 2487 1668 2542 columnam
1718 2490 1971 2544 nomina-

396 2582 565 2639 runt;
612 2589 827 2628 necnon
859 2575 1013 2644 juxta
1044 2576 1163 2645 ejus
1183 2577 1546 2643 sententiam,
1586 2593 1729 2642 eam,
1758 2580 1825 2633 de
1866 2594 1974 2648 qua

391 2666 679 2734 agebatur,
728 2666 1098 2720 terminat-unt
1142 2669 1520 2737 quaestionem.
1554 2669 1723 2725 fidem
1780 2670 1974 2727 Patres

391 2755 765 2811 Alexandrino
783 2755 1454 2828 Cpnstantinopolitanum
1486 2777 1585 2831 per
1609 2761 1973 2818 imitationem

393 2847 628 2903 secundi
674 2847 894 2902 concilii
949 2861 1390 2918 pra-posuerunt,
1418 2865 1521 2906 nec
1553 2860 1735 2906 tamen
1778 2852 1974 2908 fecisse

393 2953 457 3014 se
517 2939 725 3010 aliquid
769 2951 1125 3008 censuerunt,
1159 2944 1262 2998 nisi
1314 2945 1417 2998 hoc
1449 2945 1594 2999 idem
1621 2942 1728 3000 Leo
1775 2946 1977 3001 confir-

393 3042 576 3086 maret
599 3031 779 3102 :quod
808 3043 865 3087 ut
886 3034 1268 3098 impetrarent,
1293 3035 1478 3090 multis
1496 3045 1552 3090 et
1578 3036 1970 3106 legationibus,

392 3131 452 3176 et
481 3123 736 3189 precibus
765 3124 1190 3191 contenderunt,
1209 3126 1417 3195 quibus
1437 3134 1620 3182 tamen
1639 3128 1723 3182 vir
1751 3139 1975 3183 sanctus

2083 1934 2246 1988 tilicis
2277 1933 2535 2003 dignitas.
2587 1932 2723 2000 Quid
2773 1934 2991 1988 tandem
3029 1933 3143 1988 haec
3187 1935 3370 1988 omnia
3399 1933 3658 2003 prtesefe-

2082 2033 2239 2088 runt,
2275 2023 2492 2089 fratres,
2521 2024 2627 2080 nisi
2663 2039 2932 2079 summam
2967 2040 3090 2080 esse
3126 2024 3357 2080 Romani
3385 2025 3660 2094 pontiﬁcis

2080 2131 2246 2185 super
2305 2131 2524 2172 omnem
2579 2117 2878 2172 Ecclesium
2930 2117 3338 2182 auctoritatem,
3378 2131 3651 2172 summam

2081 2209 2449 2276 potestatem?
2478 2209 2603 2264 Haec
2633 2209 2801 2278 igitur
2827 2211 3010 2263 omnia
3033 2213 3360 2278 cogitantes,
3381 2208 3498 2264 haec
3527 2223 3655 2265 cum

2080 2299 2248 2355 animi
2282 2301 2586 2356 attentione
2613 2300 3029 2355 considerantes
3056 2315 3280 2355 omnem
3318 2315 3512 2354 vanam
3541 2301 3660 2370 opi-

2081 2393 2300 2447 nionem
2330 2392 2514 2446 exuite
2547 2431 2563 2455 ,
2596 2407 2759 2447 omne
2786 2391 3125 2446 immeritum
3159 2391 3348 2445 odium
3373 2391 3657 2460 deponite,

2080 2497 2242 2538 omne
2273 2481 2406 2536 illud
2440 2482 2508 2538 de
2543 2481 2757 2537 Latinis
2788 2497 2897 2536 non
2924 2490 3136 2536 rectum
3165 2479 3434 2551 judicium
3457 2481 3512 2534 in
3547 2496 3661 2535 me-

2080 2575 2187 2630 lius
2215 2583 2454 2640 mutate;
2486 2573 2884 2645 amplectimini
2925 2573 3251 2638 veritatem;
3286 2573 3656 2642 integritatem

2083 2665 2206 2718 fidei
2247 2681 2354 2719 una
2380 2679 2506 2719 cum
2537 2663 2813 2719 catholica
2841 2670 2896 2718 et
2921 2670 3112 2718 sancta
3145 2663 3388 2717 Romana
3414 2661 3658 2717 Ecclesia

2083 2756 2182 2826 ipsi
2235 2772 2457 2827 quoque
2504 2755 2724 2811 maximi
2765 2755 3148 2810 existimantes
3174 2753 3464 2810 nobiscum
3525 2768 3660 2808 con-

2084 2849 2286 2904 venite.
2324 2848 2518 2904 Missos
2567 2847 2729 2902 facite
2759 2861 2857 2903 eos
2914 2845 3007 2916 qui
3058 2844 3434 2901 contentionis
3476 2845 3662 2915 potius

2082 2943 2277 3009 gratia,
2308 2955 2472 3008 quam
2498 2938 2750 2995 veritatis
2789 2952 2931 2992 vana
2971 2937 3281 3007 loquentes,
3318 2951 3470 2992 voss
3508 2944 3658 2992 recta

2085 3033 2192 3088 fide
2215 3033 2506 3087 seducunt.
2535 3032 2822 3086 Pastorem
2859 3031 3117 3087 Ecclesiae
3147 3031 3408 3086 Romana
3440 3029 3662 3083 univer-

2085 3126 2250 3181 salem
2311 3125 2548 3185 Patrem,
2581 3131 2748 3192 atque
2775 3123 3096 3192 magistrum
3141 3122 3471 3179 existimate.
3505 3125 3661 3181 Hunc

392 3229 646 3268 annuere
672 3217 940 3269 recusavit
966 3233 982 3280 ;
1030 3224 1086 3270 et
1117 3217 1222 3271 nisi
1252 3227 1439 3287 postea
1493 3220 1560 3273 ab
1586 3219 1695 3274 alio
1726 3221 1973 3274 Romano
1999 3193 2046 3250 θ
2080 3217 2226 3271 enim
2261 3216 2496 3280 honore,
2526 3215 2686 3269 laude
2745 3227 2810 3268 ac
2841 3214 3198 3270 veneratione
3238 3217 3660 3285 prosequitnini.

390 3307 666 3364 Pontifice
697 3323 1019 3362 concessum
1044 3307 1371 3371 exstitisset.
1398 3311 1605 3367 nullius
1629 3312 1825 3366 fuisset
1844 3327 1976 3366 sane
2075 3305 2189 3361 Nos
2231 3319 2363 3360 vero
2387 3319 2706 3374 quanquam
2743 3303 3088 3371 immeritos,
3135 3313 3314 3361 tamen
3359 3309 3529 3378 gratia
3563 3305 3660 3363 Dei

391 3402 844 3456 momenti.Ante
870 3406 1017 3458 hunc
1043 3405 1396 3458 Innocentius
1427 3405 1714 3459 Romanus
1731 3403 1974 3475 pontifex

391 3487 696 3543 Arcadium
745 3496 801 3544 et
838 3490 1138 3546 Eudoxiam
1211 3508 1386 3563 rcges,
1443 3495 1588 3564 quod
1615 3494 1880 3549 Joannem
1918 3509 1978 3549 os

392 3594 627 3633 aureum
660 3580 845 3650 inique
869 3581 936 3636 de
961 3582 1201 3638 Ecclesia
1237 3586 1598 3656 pepulissent,
1620 3587 1972 3642 anathemate
2015 3631 2018 3634 .

391 3670 584 3736 feriit,
645 3681 699 3726 et
755 3673 1192 3730 Christianorum
1258 3678 1648 3732 communione
1722 3677 1977 3748 privavit.

391 3764 560 3833 Quod
593 3776 741 3821 certe
779 3782 887 3821 non
936 3767 1176 3832 fecisset,
1214 3768 1320 3822 nisi
1347 3784 1510 3834 supra
1541 3784 1758 3825 omnem
1790 3769 1978 3824 Eccle-

391 3858 536 3913 siam
597 3856 877 3913 habuisset
938 3858 1254 3928 imperium.
1286 3858 1498 3930 Quippe
1546 3859 1594 3915 si
1633 3875 1743 3914 non
1790 3859 1984 3915 luisset

393 3949 728 4004 universalis
759 3961 967 4019 pastor,
999 3961 1054 4006 et
1107 3952 1373 4021 pontifex,
1417 3962 1470 4007 et
1515 3951 1823 4006 communis
1871 3966 1986 4006 om-

392 4038 558 4092 nium
614 4037 1050 4095 Christianorum
1084 4042 1266 4108 Pater,
1326 4051 1378 4096 et
1435 4042 1716 4113 magister.
1752 4041 1808 4097 Si
1845 4040 1989 4097 Con-

393 4131 885 4202 stantinopolitana
918 4133 1052 4188 urbs
1109 4140 1163 4188 et
1205 4134 1568 4203 imperatores
1633 4133 1740 4203 illi,
1768 4134 1836 4188 de
1869 4134 1988 4206 ejus

397 4240 569 4297 grege
590 4241 697 4280 non
721 4225 971 4292 fuissent,
1006 4242 1114 4281 non
1139 4234 1558 4296 separasseteos
1584 4227 1707 4282 talis
1737 4225 1988 4296 pontifex

398 4317 474 4372 ab
522 4317 751 4382 unitate,
809 4327 864 4373 et
903 4317 1292 4373 communione
1347 4316 1611 4372 fidelium.
1659 4315 1809 4371 Nihil
1839 4316 1986 4370 enim

2079 3413 2178 3468 per
2202 3397 2563 3465 apostolicam
2594 3395 2781 3450 sedem
2815 3403 2868 3476 et
2898 3410 3174 3450 summum
3209 3397 3524 3466 pontificem
3553 3397 3662 3454 Do-

2083 3490 2296 3544 minum
2321 3497 2591 3550 nostrum,
2624 3487 2780 3541 vobis
2801 3487 2858 3540 in
2893 3487 3260 3556 patriarchsm
3290 3488 3534 3560 legitime
3557 3489 3660 3545 da-

2083 3589 2224 3644 tum,
2259 3589 2317 3633 ut
2340 3593 2439 3648 par
2461 3587 2565 3642 est,
2595 3578 2885 3646 suscipite.
2934 3577 3140 3633 Monita
3180 3585 3368 3634 nostra
3401 3588 3658 3650 tanquam

2083 3683 2337 3741 paternas
2365 3671 2780 3726 adhortationes
2803 3669 3010 3727 audite.
3049 3669 3310 3724 Eamdem
3343 3685 3558 3725 mecum
3607 3683 3664 3727 et

2083 3764 2406 3820 sententiam
2459 3771 2514 3818 et
2544 3761 2704 3826 ﬁdem
2737 3762 2924 3826 colite,
2964 3770 3023 3816 ut
3059 3762 3116 3816 in
3144 3763 3340 3817 eodem
3380 3763 3578 3833 spiritu
3605 3774 3664 3819 et

2086 3865 2270 3912 tuente
2300 3855 2610 3920 credentes,
2634 3853 2891 3924 idemque
2923 3854 2990 3909 de
3023 3854 3127 3908 fide
3158 3853 3461 3910 sentientes
3488 3869 3664 3925 quan-

2083 3947 2178 4002 diu
2208 3948 2310 4004 hac
2340 3947 2624 4017 fungimur
2660 3945 2769 4000 vita
2801 3947 3040 4002 invicem
3074 3946 3391 4017 diligamus,
3426 3947 3664 4003 invicem

2085 4041 2457 4096 consolemur.
2492 4040 2626 4094 Post
2671 4053 2803 4093 vero
2833 4037 3001 4108 hujus
3035 4038 3286 4093 mortalis
3321 4038 3546 4094 sarcina:
3573 4037 3670 4094 de-

2084 4132 2416 4204 positionem
2445 4129 2696 4186 eamdem
2722 4131 2778 4184 in
2800 4129 3019 4185 Christo
3036 4129 3266 4200 gloriam
3293 4131 3664 4194 obtineamus,

2084 4233 2142 4280 et
2170 4223 2540 4280 desideratum
2566 4223 2730 4278 linem
2763 4220 2973 4293 adepti,
3011 4223 3122 4278 vita
3155 4222 3405 4278 fruamur
3435 4231 3663 4278 aeterna.

2086 4314 2281 4371 Amen.

480 4457 498 4488 ⁸
525 4457 718 4514 Matth.
754 4475 865 4526 xw,
922 4459 1008 4513 18.
1079 4461 1099 4490 ¹
1130 4458 1268 4514 Ibid.
1306 4459 1394 4515 19.
1474 4458 1495 4489 ³
1524 4457 1682 4512 Joan.
1719 4471 1864 4524 xxvt,
1904 4456 2096 4512 15-17.
2173 4456 2195 4488 ι
2230 4454 2364 4511 Luc.
2397 4469 2531 4523 xxtt,
2568 4453 2659 4509 3‘2.

1183 4722 2021 4837 GB/ECORUM
2108 4719 2898 4834 CONFESSIO

882 4930 982 4990 DE
1015 4928 1301 4990 VERBIS
1337 4927 2029 4991 CONSECRATIONIS
2058 4929 2160 4989 ET
2198 4922 3226 5003 TRANSSUBSTANTIATIONE,

773 5056 827 5116 A
881 5053 1422 5118 BESSARIONE
1479 5052 1917 5118 EXPOSITA
1969 5050 2072 5114 IN
2131 5049 2534 5114 CONCILIO
2589 5045 3140 5111 FLORENTINO
3200 5042 3310 5124 (ι).

1463 5174 1759 5239 (Mutuom,
1785 5175 2030 5226 Musarum
2053 5170 2302 5236 Italicum,
2332 5174 2370 5236 Ι,
2409 5186 2460 5233 ιι,
2486 5170 2620 5233 243.)

487 5428 580 5484 Die
611 5424 911 5490 Dominica,
934 5421 1123 5493 quinta
1152 5420 1283 5476 Julii
1321 5419 1369 5475 Μ
1389 5412 1562 5475 CCCC
1585 5409 1900 5488 XXXVII",
1934 5421 1989 5476 in

415 5519 657 5593 generali
708 5515 1165 5587 congregatione,
1203 5511 1528 5584 praesidente
1559 5513 1614 5566 in
1650 5512 1839 5568 eadem
1867 5529 1991 5567 san-

414 5612 661 5669 ctissimo
709 5610 935 5666 domino
983 5615 1172 5661 nostro
1221 5604 1446 5660 domino
1501 5604 1767 5674 Eugenio,
1805 5603 1991 5659 divina

489 5727 566 5798 (l)
623 5725 803 5798 liuius,
842 5725 1116 5798 t'ersioAnis
1168 5723 1570 5798 autographum
1617 5721 1671 5775 in
1727 5721 1984 5777 thesauro

419 5793 757 5854 serenissitni
791 5797 962 5867 Magni
1005 5794 1237 5851 Etruria:
1285 5793 1447 5848 Ducis
1477 5799 1814 5858 asscrvatur,
1862 5807 1986 5846 cum

2097 5417 2439 5489 providentia
2478 5429 2614 5484 papa
2650 5421 2870 5484 quarto,
2914 5413 3277 5483 praesentibus
3323 5415 3670 5472 reverendis-

2097 5511 2251 5566 simis
2294 5507 2722 5575 reverendisque
2771 5504 3032 5560 Patribus—
3070 5514 3126 5560 et
3183 5505 3422 5560 dominis
3467 5516 3670 5562 sanctae

2097 5604 2357 5658 Romanae
2382 5597 2640 5655 Ecclesia:
2666 5595 3059 5656 cardinalibus.
3085 5596 3432 5666 patriarchis,
3455 5599 3669 5655 archic-

2097 5717 2429 5780 authenticis
2487 5714 2688 5770 litteris
2742 5712 2988 5777 unionis,
3039 5712 3460 5770 Latinos'inter
3508 5724 3672 5783 atque

2095 5797 2312 5846 Caecus
2344 5788 2500 5842 factae
2530 5786 2585 5840 in
2616 5784 2853 5840 concilio
2895 5783 3238 5838 Florentino.
3279 5784 3430 5850 lianc
3468 5789 3674 5840 versio-

3693 4770 3710 4902 ἱ
