3990 6212
399 313 511 379 493

1397 318 1496 380 DE
1550 320 2056 383 SACRAMENTO
2113 319 2680 413 EUCHARISTUE.

3560 327 3675 399 Δθι

400 442 529 486 cum
600 427 1085 484 reverendissimis
1136 430 1571 503 reverendisque
1622 432 1881 491 Palribus
1931 444 1987 491 et
2016 433 2327 504 Aquisitus
2380 431 2435 486 in
2476 432 2634 487 iidem
2685 442 2742 488 et
2800 434 3182 491 testimonium
3234 436 3665 508 pramissorum.

399 522 646 577 dominis
696 518 941 591 praefatis
976 528 1040 576 ac
1069 523 1396 579 connotario
1428 530 1551 581 meo
1595 527 1977 597 suprascripto

398 624 645 683 praesens
693 611 943 676 interfui,
970 622 1147 682 eaque
1186 612 1268 669 sic
1318 612 1436 669 ﬂeri
1491 615 1603 671 vidi
1656 626 1710 673 et
1758 616 1982 673 audivi:

398 704 525 760 ideo
553 703 660 759 hoc
686 712 931 774 presens
960 702 1244 774 publicum
1276 708 1729 776 instrumentum,
1767 725 1867 781 per
1896 710 1981 766 in-

399 796 700 865 terpretem
729 793 894 864 hujus
928 795 1073 850 sacri
1105 794 1415 868 ycumenici
1466 798 1687 855 concilii
1737 800 1984 858 subscri-

398 892 577 954 ptum,
612 894 722 938 una
748 894 874 938 cum
910 880 1061 941 dicto
1090 887 1415 944 connotario
1464 889 1767 961 subscripsi
1794 932 1809 957 ,
1840 901 1897 948 et
1924 892 1981 950 in

402 975 545 1031 hanc
591 975 871 1047 publicam
924 971 1157 1031 fortnam
1212 974 1423 1050 redegi,
1457 978 1614 1052 signo
1662 990 1722 1037 et
1755 983 1980 1042 nomine

2163 526 2277 597 Ego
2325 514 2620 594 Julianus,
2668 525 2813 583 tituli
2863 524 3074 584 Sanctae
3119 524 3336 585 Sabinae
3381 529 3687 611 presbyter.

2095 618 2415 685 cardinalis,
2456 616 2647 674 Sancti
2682 618 2874 689 Angeli
2922 621 3224 692 vulgariter
3271 630 3624 692 nuncupatus
3653 661 3671 690 ,

2088 725 2335 780 praesens
2372 709 2453 767 fui
2484 709 2742 768 omnibus
2765 710 3078 783 praedictis;
3112 721 3168 768 et
3208 727 3544 785 recognosco
3568 713 3670 773 .lit-

2087 810 2265 857 teram
2309 801 2573 873 scriptam
2621 819 2788 859 manu
2821 803 3033 876 praefati
3081 804 3293 862 Nicolai
3326 805 3626 878 Sagudinei
3652 849 3670 876 ,

2088 892 2401 949 communis
2428 890 2745 966 interpretis
2773 884 3094 951 Latinorum
3124 905 3181 951 et
3207 893 3525 953 Graecorum
3568 914 3583 953 :
3614 908 3672 955 et

2086 986 2157 1042 ad
2206 994 2529 1057 perpetuam
2578 985 2660 1044 rei
2712 984 3036 1043 memoriam
3067 986 3295 1059 propria
3327 1002 3493 1045 manu
3533 988 3671 1045 sub-

404 1067 545 1124 meis
572 1068 754 1129 solitis
783 1068 839 1124 et
892 1069 1178 1128 consuetis
1222 1070 1435 1143 signavi
1496 1072 1721 1145 rogatus
1785 1085 1842 1132 et
1888 1091 1979 1133 re-
2085 1077 2299 1149 scripsi.

421 1226 3348 1259 mm

1390 1406 2666 1573 BESSARIONIS
2798 1400 2806 1415 ³

1592 1679 1952 1744 EPISCOPI
1997 1676 2469 1760 TUSCULAN],

634 1829 969 1899 SANCTJE
1016 1830 1387 1897 ROMANJE
1441 1828 1850 1895 ECCLESIIE
1897 1832 2405 1914 CARDlNALlS,
2446 1837 2878 1903 CPOLITANI
2923 1833 3465 1904 PATBIARCHE

890 2000 1072 2117 DE
1152 1988 2115 2122 SACRAMENTO
2191 1988 3213 2124 EUCHARISTl/E

913 2208 1036 2270 ET
1081 2207 1388 2284 QUIBUS
1438 2207 1746 2272 VERBIS
1788 2207 2137 2272 CHRISTI
2175 2207 2495 2276 CORPUS
2535 2211 3130 2278 CONFICIATUR.

1096 2357 1284 2424 (Claud.
1322 2358 1568 2421 Sainctes,
1604 2359 1836 2424 Liturgla:
1858 2358 1955 2409 SS.
1978 2360 2206 2411 Patrum.
2232 2350 2556 2423 Antwerptse.
2591 2362 2729 2413 1562.
2753 2362 2975 2424 Latine.)

1981 2516 2053 2535 ..ι-

475 2632 705 2695 Sacrum
741 2634 1098 2727 divinumque
1126 2638 1217 2727 est
1248 2630 1613 2696 Eucharistiae
1639 2639 1987 2714 mysterium,
2019 2654 2064 2712 Β
2092 2644 2567 2720 praesumpsissem
2586 2684 2603 2709 ,
2634 2642 2740 2699 nisi
2772 2658 2861 2699 me
2890 2653 2946 2700 et
2970 2640 3121 2716 juste
3152 2641 3500 2727 precantium
3524 2644 3674 2717 peti-

398 2744 502 2803 per
533 2724 677 2801 quod
723 2720 819 2785 ﬁlii
856 2728 987 2797 Dei,
1018 2738 1077 2785 et
1108 2726 1392 2800 haeredes,
1448 2739 1506 2788 et
1536 2731 1855 2791 coharedes
1878 2775 1892 2798 ,
1926 2746 1984 2789 et

402 2823 655 2897 ejusdem
691 2836 820 2879 cum
859 2820 1098 2881 Domino
1134 2825 1385 2896 corporis
1421 2810 1694 2883 efficimur
1726 2842 1854 2884 cum
1894 2826 1983 2884 di-

404 2933 511 2990 gne
543 2930 613 2973 eo
643 2917 1065 2989 participamus.
1103 2916 1211 2975 Sed
1249 2919 1425 2990 quani
1455 2920 1602 2977 inter
1629 2921 1982 2979 Christianos

403 3008 583 3075 solet,
619 3008 824 3080 quibus
862 3010 1213 3079 potissimum
1254 3008 1443 3070 verbis
1465 3051 1481 3078 ,
1518 3013 1666 3069 intra
1705 3013 1983 3071 solemnes

403 3098 695 3159 Missurum
736 3103 879 3159 ritus
907 3143 923 3167 ,
964 3104 1379 3164 sacrosanctum
1421 3104 1636 3164 Domini
1677 3121 1879 3177 corpus
1928 3114 1986 3162 et

403 3192 636 3262 sanguis
692 3193 1040 3251 conﬁciatur.
1102 3197 1213 3253 Alii
1270 3196 1418 3254 enim
1471 3196 1579 3254 hoc
1634 3197 1817 3253 facere
1876 3196 1985 3252 alia

405 3284 832 3353 existimantes,
892 3286 1077 3345 Latini
1132 3289 1489 3346 Ambrosium
1517 3333 1532 3357 ,
1576 3290 1984 3360 Augustinum,

405 3374 737 3448 Gregorium
764 3417 780 3443 ,
822 3377 1074 3450 aliosque
1109 3379 1369 3437 doctores
1406 3395 1541 3436 suos
1579 3381 1758 3436 secuti
1786 3421 1802 3447 ,
1858 3396 1984 3436 cum

401 3468 657 3524 doctrina
684 3509 701 3535 ,
736 3472 853 3524 tum
885 3470 1010 3526 vita:
1042 3473 1334 3529 sanctitate
1365 3483 1724 3544 praestantes,
1756 3473 1847 3530 illa
1875 3473 1987 3530 Do-

405 3559 549 3616 mini
589 3560 757 3617 verba
796 3562 851 3618 id
892 3561 1076 3620 facere
1134 3564 1581 3621 manifestissime
1633 3573 1986 3634 asseverant,

399 3646 520 3709 Hoc
556 3654 634 3704 est
672 3660 864 3722 carpas
904 3662 1115 3720 meum;
1154 3664 1232 3723 et,
1278 3654 1381 3711 Hic
1433 3666 1509 3711 est
1546 3659 1768 3730 sanguis
1800 3674 1984 3724 meus,

399 3754 716 3812 vanamque
754 3750 985 3812 prorsus
1019 3745 1141 3802 sine
1175 3745 1247 3803 iis
1286 3762 1410 3805 esse
1451 3749 1763 3805 orationem
1801 3764 1988 3807 sacer-

397 3830 554 3889 dotis
584 3836 903 3904 opinantur.
938 3836 1124 3895 (ἓνκοί
1158 3852 1291 3895 vero
1317 3878 1333 3905 ,
1368 3841 1672 3912 praesertim
1710 3841 1989 3897 recentio-

399 3940 499 3981 res
525 3965 544 3991 ,
580 3938 709 3982 cum
736 3927 940 3985 Iacobo
976 3928 1145 3986 fratre
1178 3929 1432 3998 Domini,
1465 3931 1668 3989 Basilio
1708 3942 1763 3989 et
1807 3933 1987 4007 Chry-

2088 2740 2303 2805 tiones,
2350 2752 2417 2794 ac
2454 2736 2658 2809 cupido
2692 2736 2948 2794 utilitatis
2982 2742 3307 2793 nostrorum
3337 2737 3627 2795 hominum
3649 2777 3667 2805 ,

2088 2850 2327 2908 quorum
2378 2834 2574 2890 salutis
2604 2841 2660 2890 et
2690 2833 2878 2904 gloriae
2909 2847 3129 2905 semper
3161 2832 3519 2905 avidissimis
3551 2831 3667 2891 fui.

2095 2927 2162 2984 ad
2215 2926 2273 2982 id
2317 2925 2427 2982 mei
2476 2924 2654 2995 ipsius
2697 2923 2930 2980 oblitum
2974 2923 3406 2997 compulissent,
3446 2931 3503 2980 et
3547 2922 3672 2978 illos

2094 3020 2244 3076 inter
2278 3032 2338 3075 se
2368 3014 2677 3073 concordes
2708 3015 2943 3072 reddere
2966 3054 2982 3081 ,
3016 3015 3204 3072 divino
3233 3014 3411 3072 fretus
3440 3008 3670 3080 auxilio,

2088 3125 2390 3184 sperarem.
2422 3108 2496 3167 Ut
2531 3108 2701 3181 igitur
2734 3117 2886 3165 recte
2925 3117 3117 3166 nostra
3152 3107 3418 3179 procedat
3452 3106 3666 3171 oratio,

2095 3209 2151 3259 et
2184 3201 2387 3258 veritas
2423 3200 2506 3257 rei
2548 3215 2712 3272 quant
2759 3198 3061 3269 quaerimus
3100 3197 3317 3256 facilius
3353 3196 3664 3263 elucescat,

2090 3294 2276 3365 aliqua
2312 3294 2481 3351 altius
2513 3290 2814 3363 repetenda
2843 3299 3005 3356 sunt,
3053 3300 3348 3362 antequam
3398 3288 3665 3346 institutae

2090 3384 2418 3457 quaestionis
2450 3385 2650 3441 seriem
2687 3383 3093 3454 aggrediamur.

2159 3475 2303 3532 Ante
2331 3475 2521 3533 omnia
2558 3471 2729 3545 igitur
2770 3472 3061 3530 sciendum
3103 3480 3224 3539 est,
3260 3480 3369 3527 tam
3415 3469 3522 3526 hoc
3571 3482 3666 3525 sa-

2089 3578 2443 3627 crosanctum
2480 3567 2925 3636 communionis,
2962 3566 3035 3624 de
3065 3576 3177 3639 quo
3213 3565 3465 3640 agimus,
3499 3581 3667 3637 quam

2090 3671 2287 3719 caetera
2318 3658 2582 3717 Ecclesiae
2614 3669 2960 3717 sacramenta
3010 3659 3134 3716 ideo
3180 3650 3525 3716 sacramenta
3567 3672 3664 3711 vo-

2089 3751 2292 3821 citari,
2324 3752 2588 3823 quoniam
2622 3746 2772 3807 aliud
2808 3750 2866 3806 in
2900 3764 2960 3807 se
2995 3750 3204 3807 habent
3233 3750 3382 3824 quod
3422 3747 3668 3814 videtur,

2088 3842 2237 3899 aliud
2268 3842 2416 3913 quod
2445 3858 2556 3898 non
2588 3843 2842 3913 corporis
2870 3842 3073 3911 oculis,
3107 3843 3205 3899 sed
3233 3842 3351 3903 solo
3380 3841 3663 3898 intellectu

2089 3919 2603 4005 comprehenditur.
2651 3934 2784 4002 Quae
2826 3935 3110 4002 videntur,
3160 3930 3447 3995 sensibilis
3497 3941 3667 4000 sunt;

397 4029 653 4076 sostomo
690 4022 994 4079 sentientes
1016 4062 1032 4090 ,
1065 4024 1365 4096 singularis
1402 3994 1637 4097 exempli
1677 4037 1731 4083 et
1772 3994 1986 4084 sancti-
2014 3994 2060 4056 Ο
2091 3994 2383 4099 quat-vero
2418 4027 2703 4083 intellectu
2738 4025 3145 4098 percipiuntur,
3178 4024 3486 4105 spiritalia:
3523 4023 3671 4080 unde

400 4112 612 4168 monia;
665 4111 835 4181 viris,
889 4131 1001 4172 non
1058 4115 1170 4173 illis
1224 4114 1529 4173 Salvatoris
1575 4119 1755 4175 nostri
1800 4118 1989 4176 verbis

403 4206 625 4263 Christi
665 4218 867 4277 corpus
903 4218 961 4264 et
1000 4210 1322 4281 sanguinem
1366 4206 1568 4265 conﬁci
1609 4217 1846 4279 putant,
1888 4206 1987 4274 sed

397 4296 737 4369 quibusdam
776 4315 902 4370 quae
939 4311 1253 4371 sequuntur
1289 4298 1552 4371 precibus
1609 4301 1984 4357 sacerdotum.

398 4391 622 4458 Quibus
668 4392 725 4446 in
767 4378 1057 4447 Elissarum
1099 4390 1339 4458 ofﬁciis,
1381 4404 1503 4462 qua:
1542 4390 1742 4461 singuli
1784 4392 1989 4463 quique

346 4534 349 4535 ν
399 4496 605 4537 eorum
646 4495 1056 4553 composuere,
1092 4480 1189 4537 diu
1226 4491 1350 4552 post
1382 4479 1765 4539 recitationem
1800 4483 1989 4537 verbo-

400 4588 529 4628 rum
583 4572 853 4637 Domini,
912 4587 1034 4642 quae
1080 4584 1246 4642 supra
1296 4571 1759 4637 memoravimus,
1808 4573 1991 4628 adhuc

400 4679 606 4733 panem
647 4672 703 4719 et
738 4664 932 4719 vinum
970 4663 1154 4720 oblata
1188 4661 1301 4718 Deo
1332 4677 1563 4718 munera
1593 4662 1905 4734 appellant,
1930 4670 1992 4719 et

403 4758 676 4828 Spiritum
716 4766 1009 4825 sanctum,
1052 4764 1113 4813 ut
1146 4773 1313 4829 super
1351 4775 1415 4815 ea
1445 4757 1777 4825 descendat,
1815 4757 1988 4813 bene-

402 4850 595 4917 dicat,
623 4849 933 4906 sanetiticet
955 4892 970 4917 ,
999 4865 1063 4907 ac
1095 4865 1299 4921 corpus
1327 4860 1383 4906 et
1413 4851 1737 4923 sanguinem
1765 4845 1987 4905 Domini

402 4942 649 5010 eﬂiciat,
693 4944 956 5000 invocant
995 4954 1053 5001 et
1090 4956 1413 5017 precantur.
1454 4944 1592 5001 Cum
1636 4943 1760 5000 talis
1800 4944 1987 5012 itaque

2089 4120 2321 4191 spiritus
2370 4128 2429 4176 et
2480 4118 2590 4174 vita
2646 4119 2932 4174 dicuntur.
2977 4116 3144 4172 Verba
3186 4127 3365 4172 autem
3400 4132 3518 4185 qua:
3558 4112 3672 4170 dixi

2089 4212 2233 4266 vobis
2259 4252 2274 4279 ,
2312 4212 2492 4283 inquit
2521 4211 2824 4277 Dominus,
2868 4211 3088 4281 spiritus
3129 4217 3252 4266 sunt
3294 4219 3344 4264 et
3390 4209 3525 4265 vita.
3557 4205 3672 4263 Ho-

2092 4319 2214 4359 rum
2284 4313 2555 4374 prmterea
2618 4312 3094 4357 sacramentorum
3156 4300 3372 4372 singula
3434 4312 3670 4370 quaeque

2089 4388 2310 4449 duobus
2334 4393 2681 4463 accipiuntur
2708 4390 2889 4447 modis
2916 4411 2930 4447 :
2960 4399 3057 4446 aut
3083 4392 3233 4446 enim
3262 4399 3666 4446 sacramentum

2089 4486 2306 4556 signum
2363 4496 2485 4547 est,
2548 4495 2644 4539 aut
2677 4484 2728 4539 id
2789 4483 2937 4554 quod
2994 4483 3356 4555 signiﬁcatur.
3421 4476 3677 4539 Prim‘um’

2089 4576 2311 4647 quidem
2343 4576 2563 4647 signum
2597 4574 2981 4630 tantummodo
3013 4583 3069 4629 et
3099 4583 3188 4630 est
3221 4586 3275 4630 et
3305 4573 3526 4631 dicitur.
3565 4572 3671 4629 Se-

2090 4668 2331 4722 cundum
2381 4681 2513 4721 vero
2560 4682 2650 4722 res
2681 4675 2765 4722 est
2789 4709 2806 4734 ,
2842 4683 2963 4737 qua:
2996 4680 3065 4720 eo
3094 4664 3255 4737 signo
3284 4654 3626 4736 significatur
3650 4664 3673 4718 ε’

2090 4754 2283 4816 Omnis
2313 4762 2463 4816 enim
2504 4762 2813 4832 theologica
2848 4758 3139 4824 doctrina,
3175 4767 3312 4814 teste
3336 4758 3668 4829 Augustino,

2090 4852 2261 4924 signis
2292 4863 2511 4909 constat
2542 4863 2600 4909 et
2634 4856 2822 4910 rebus.
2852 4852 2920 4909 Et
2945 4870 3035 4910 res
3071 4852 3295 4923 quidem
3345 4860 3511 4915 sunt,
3548 4862 3670 4935 quae

2090 4938 2150 5001 ut
2198 4944 2519 5018 significata:
2569 4946 2941 5017 accipiuntur,
2992 4944 3148 5017 signa
3205 4946 3371 5010 vero,
3426 4956 3662 5014 quorum

405 5045 668 5106 tantaque
708 5035 779 5092 sit
814 5036 884 5093 de
934 5053 994 5094 re
1028 5016 1266 5093 maxima
1300 5038 1450 5092 inter
1477 5037 1705 5092 Latinos
1734 5035 1986 5092 Graecos-
2019 5016 2063 5071 Ῑ)
2092 5016 2273 5093 omnis
2318 5039 2373 5092 in
2419 5016 2780 5108 signiﬁcando
2822 5046 2909 5093 est
2954 5052 3110 5093 usus.
3160 5032 3276 5092 Etsi
3318 5035 3466 5091 enim
3497 5048 3663 5089 omne

404 5141 515 5197 que
556 5126 871 5193 dissensio,
904 5128 951 5184 si
982 5126 1203 5199 quidem
1242 5128 1387 5182 inter
1431 5112 1732 5198 praesentes
1774 5137 1985 5182 tantum
2088 5130 2304 5199 signum
2339 5144 2428 5184 res
2458 5130 2529 5182 sit
2560 5129 2727 5198 (nam
2779 5128 2924 5199 quod
2970 5144 3082 5183 non
3126 5139 3213 5185 est
3261 5142 3384 5193 res,
3418 5137 3479 5182 ut
3518 5124 3661 5180 idem

406 5233 473 5273 ac
510 5226 712 5275 nostra
746 5221 926 5276 artatis
958 5222 1107 5276 viros
1140 5221 1518 5275 controversia
1555 5218 1733 5286 foret,
1770 5212 1988 5274 facilius
2085 5216 2425 5287 Augustinus
2455 5216 2661 5287 inquit,
2692 5216 2830 5272 nihil
2858 5218 3085 5273 omnino
3109 5221 3232 5285 est,
3253 5226 3310 5272 et
3339 5216 3421 5271 sic
3444 5215 3659 5285 signum

406 5308 475 5366 de
518 5310 586 5365 iis
635 5322 823 5383 posset
872 5309 1056 5382 quivis
1098 5326 1199 5381 pro
1239 5327 1336 5364 sua
1373 5310 1634 5380 opinione
1665 5310 1983 5364 disserere:
2085 5323 2206 5363 esse
2242 5323 2348 5361 non
2395 5308 2653 5378 pittcsl),
2694 5308 2799 5362 hoc
2844 5317 3028 5364 tamen
3072 5311 3195 5363 loco
3248 5308 3464 5377 signum
3511 5303 3660 5360 acci-

404 5417 529 5457 cum
566 5418 701 5459 vero
734 5404 879 5459 inter
913 5417 1233 5459 communes
1280 5401 1534 5458 Ecclesiae
1565 5403 1851 5463 doctores,
1888 5415 1985 5456 ve-
2086 5396 2279 5484 piturb
2310 5416 2418 5453 non
2468 5407 2528 5452 ut
2573 5415 2659 5455 res
2693 5399 2997 5469 significata
3021 5440 3037 5466 ,
3071 5398 3166 5454 sed
3202 5406 3262 5453 ut
3295 5399 3514 5468 signum
3545 5408 3659 5450 rem
3690 5482 3695 5487 ν

409 5502 664 5564 teresque
709 5506 765 5551 et
814 5494 1191 5551 sanctissimos
1227 5492 1416 5550 Patres
1448 5504 1668 5550 nostros
1698 5492 1981 5548 contentio
2092 5491 2264 5559 ipsam
2315 5489 2666 5560 signiﬁcans,
2711 5501 2985 5562 quatenus
3031 5491 3241 5547 scilicet
3288 5491 3502 5561 signum
3544 5496 3662 5554 est,

404 5585 649 5659 agitetur
682 5587 758 5657 (ii
795 5601 924 5644 sunt
962 5589 1111 5643 enim
1144 5588 1239 5658 qui
1282 5597 1333 5644 el
1367 5586 1664 5643 dissentire
1706 5584 1981 5648 invicem,
2090 5590 2148 5635 et
2193 5598 2304 5636 non
2356 5592 2633 5651 quatenus
2687 5599 2776 5638 res
2816 5583 2998 5653 aliqua
3046 5592 3150 5638 est.
3186 5578 3659 5649 Quemadmodum

403 5690 458 5734 et
484 5688 545 5735 ut
575 5679 667 5734 alii
697 5696 918 5751 quoque
945 5681 1315 5745 dissentiant,
1345 5679 1529 5734 facere
1557 5677 1840 5749 videntur)
1865 5676 1983 5746 ipse
2090 5688 2218 5727 cum
2277 5672 2668 5727 ascendentem
2721 5673 3001 5728 cernimus
3054 5672 3264 5727 fumum
3289 5713 3307 5740 ,
3366 5687 3476 5728 non
3523 5685 3665 5742 qna-

402 5787 491 5829 me
523 5773 674 5827 inter
703 5787 802 5828 eos
852 5772 1143 5828 arbitrium
1198 5773 1541 5828 constituere
1584 5769 1728 5824 haud
1776 5778 1983 5825 temere
2095 5774 2255 5820 tenus
2292 5763 2596 5819 substantia
2624 5763 2805 5835 aliqua
2840 5764 2958 5821 sive
2988 5779 3076 5818 res
3112 5775 3193 5820 est
3215 5805 3229 5830 ,
3264 5763 3359 5820 sed
3394 5776 3672 5834 quatenus.
