3990 6212
247 351 355 412 495

1209 355 1713 417 BESSARIONIS
1753 359 1809 420 S.
1852 361 1924 420 Β.
1967 358 2036 424 Ε.
2081 361 2551 428 CARDINALIS

2815 309 2922 325 εφη-αι-
2937 308 2991 326 διλ-

3392 373 3500 436 496

245 469 426 524 solum
478 477 564 522 est
624 468 842 536 signum
891 467 1066 540 ignis,
1105 469 1323 540 signum
1376 485 1497 525 esse
1547 468 1823 534 dicimus,

1947 475 2366 540 :ramentaliter,
2419 489 2475 533 et
2527 496 2636 536 non
2691 481 3077 551 spiritualitcr,
3131 483 3170 538 ii
3229 491 3356 538 sunt
3407 487 3501 556 qui

242 561 374 632 quia
407 561 715 616 substantia
749 577 804 615 et
840 577 931 616 res
966 561 1153 631 aliqua
1190 571 1297 617 est.
1334 562 1469 617 Nam
1506 578 1668 617 omne
1700 562 1822 631 qui-

243 651 370 707 dem
406 652 625 724 signum
663 669 749 708 res
784 655 962 722 aliqua
995 664 1113 718 est,
1153 670 1265 709 non
1307 664 1492 708 tamen
1525 656 1706 708 omnis
1739 669 1825 708 res

244 746 474 801 alterius
501 747 578 801 rei
610 756 692 801 est
723 746 964 814 signum.
997 745 1138 801 Sunt
1160 746 1307 801 enim
1342 759 1431 800 res
1461 745 1654 815 aliquae
1687 746 1826 799 dun-

245 850 397 897 taxat
438 853 496 895 ut
547 841 902 911 signiﬁcata,
940 857 1050 894 non
1089 849 1271 895 autem
1307 847 1368 894 ut
1404 840 1560 908 signa
1610 839 1821 909 aliquid

250 933 400 989 aliud
431 933 797 1003 signiﬁcantia
818 975 830 996 ,
857 931 1004 1003 quod
1037 932 1089 986 in
1123 931 1246 987 aliis
1279 930 1639 988 sacramentis
1666 930 1825 984 facile

244 1021 642 1092 comprehendi
677 1032 882 1091 potesr.

322 1115 541 1170 Etenim
577 1114 630 1168 in
657 1123 1002 1169 sacramento
1028 1111 1378 1182 baptismatis
1405 1108 1615 1165 ablutio
1641 1108 1828 1163 Carnis

243 1224 344 1278 per
376 1222 575 1278 aquam
615 1207 687 1260 ita
725 1217 811 1262 est
845 1213 1251 1261 sacramentum
1275 1244 1289 1268 ,
1342 1211 1402 1257 ut
1448 1203 1714 1258 duntaxat
1755 1201 1828 1254 si-

244 1317 412 1370 gnum
462 1302 532 1354 sit
581 1297 885 1370 ablutijniis
929 1307 1306 1366 peccatorum.
1361 1295 1482 1364 Ipsa
1515 1293 1664 1347 enim
1702 1306 1829 1361 pec-

244 1403 499 1448 catorum
534 1389 792 1444 remissio
834 1405 922 1442 res
974 1396 1061 1442 est
1109 1387 1458 1458 signiﬁcata,
1505 1384 1642 1438 nihil
1686 1383 1831 1438 ultra

249 1484 598 1555 signiﬁcans.
664 1480 779 1535 Hoc
843 1478 987 1533 idem
1051 1478 1102 1532 iu
1163 1477 1392 1548 reliquis
1431 1463 1829 1531 sacramentis.

250 1578 397 1648 Ergo
431 1587 484 1631 et
525 1576 577 1628 in
616 1581 964 1629 sacramento
1010 1570 1407 1632 Eucharistiae,
1459 1569 1696 1622 alterum
1745 1576 1832 1619 est

251 1670 435 1724 solum
477 1668 694 1735 signum
725 1705 740 1730 ,
779 1677 839 1720 ut
873 1662 1031 1734 panis
1059 1672 1117 1716 et
1151 1661 1263 1715 vini
1300 1658 1538 1714 visibilis
1568 1656 1783 1727 species
1816 1673 1828 1706 :

252 1759 486 1813 alterum
536 1773 622 1813 res
664 1754 1011 1824 signiﬁcata.
1062 1760 1123 1805 ut
1168 1750 1347 1820 ipsum
1385 1763 1577 1800 verum
1613 1745 1828 1800 Domini

1929 565 2153 636 indigne
2185 572 2599 627 communicant
2629 591 2643 626 :
2676 586 2911 630 sumunt
2935 576 3084 630 enim
3136 592 3329 632 verum
3382 594 3509 634 cor-

1926 670 2028 724 pus
2061 656 2268 714 Christi
2295 701 2309 722 ,
2342 675 2452 716 non
2488 670 2668 718 tamen
2702 664 3036 720 sacramenti
3068 664 3327 722 eﬂ‘eclum
3363 670 3508 724 acci-

1929 744 2117 813 piunt,
2155 761 2255 803 nec
2281 748 2504 804 Christo
2576 752 2870 807 uniuntur.
2912 754 2988 810 De
3035 753 3102 809 iis
3144 755 3325 825 inquit
3367 757 3509 826 Apo-

1928 834 2140 900 stolus,
2173 840 2322 906 quod
2347 839 2617 908 judicium
2667 842 2772 898 sibi
2804 843 3142 900 manducant
3188 855 3246 901 et
3287 847 3505 903 bibunt.

1927 923 2048 981 Non
2079 929 2229 983 enim
2275 931 2549 1001 judicium
2596 941 2652 987 et
2699 937 3230 993 condemnationem
3276 939 3510 996 mandu-

1934 1029 2127 1073 carent
2181 1031 2238 1073 et
2283 1021 2574 1087 biberent,
2627 1026 2672 1079 si
2725 1027 3053 1096 spiritaliter
3101 1033 3508 1090 communicasc

1929 1117 2086 1172 sent,
2135 1110 2245 1165 imo
2269 1113 2377 1183 jam
2427 1113 2652 1170 Christo
2703 1119 3020 1175 unirentur.
3077 1121 3223 1177 Sunt
3250 1123 3346 1177 alii
3376 1127 3506 1192 qui,

1931 1202 2035 1255 etsi
2068 1219 2176 1257 non
2212 1204 2351 1260 ﬁunt
2385 1211 2865 1265 sacramentaliter
2910 1214 3232 1283 participes,
3284 1216 3508 1285 spirita-

1932 1292 2059 1346 liter
2093 1305 2272 1351 tamen
2318 1300 2770 1363 communicant,
2815 1305 3285 1372 quemadmodum
3333 1308 3377 1361 si
3423 1309 3507 1363 vel

1934 1385 2116 1444 infans
2143 1397 2270 1456 post
2299 1389 2635 1458 baptismum
2659 1434 2673 1455 ,
2711 1395 2796 1449 vel
2826 1405 2986 1451 aetate
3019 1408 3342 1466 provectus.
3374 1415 3511 1454 non-

1935 1476 2097 1542 dum,
2133 1477 2202 1530 ob
2231 1479 2472 1548 aliquam
2519 1482 2898 1539 inevitabilem
2950 1489 3340 1545 necessitatem
3365 1531 3380 1553 ,
3427 1507 3511 1544 re-

1934 1579 2092 1638 cepto
2138 1570 2346 1628 Christi
2393 1589 2622 1643 corpore
2649 1619 2663 1642 ,
2698 1579 2988 1647 repentina
3024 1591 3199 1636 morte
3229 1583 3508 1640 deﬁciant.

1913 1659 2085 1726 ⁵Νῌιὶι
2144 1661 2291 1716 enim
2351 1663 2535 1720 minus
2587 1671 2924 1724 sacramenti
2979 1674 3281 1743 participes
3334 1676 3510 1740 ﬁunt,

1937 1767 2101 1820 quam
2161 1755 2206 1807 si
2263 1759 2707 1813 communionem
2769 1764 3098 1833 cepiSsent:
3163 1767 3302 1822 ﬁunt
3363 1770 3510 1823 enim

249 1868 453 1919 corpus
505 1863 561 1907 et
611 1848 854 1918 sanguis,
910 1845 1055 1915 quod
1110 1858 1174 1898 ex
1230 1838 1604 1895 immaculatis
1656 1837 1830 1892 beata:
1867 1834 1906 1888 Β
1937 1843 2184 1896 membra
2211 1843 2418 1900 Christi
2447 1856 2504 1902 et
2537 1850 2688 1917 regni
2723 1851 2968 1908 cmlestis
3001 1854 3272 1911 haercdes.

251 1944 496 2016 Virginis
543 1941 908 2011 sanguinibus
951 1935 1273 2005 assumpsit.
1309 1934 1512 2003 Verum
1558 1931 1664 1985 hoc
1707 1945 1836 2000 pro-

254 2038 431 2106 prium
459 2037 627 2090 habet
663 2042 860 2103 praeter
881 2031 986 2084 alia
1017 2029 1264 2084 divinum
1298 2025 1403 2081 hoc
1431 2032 1832 2080 sacramentum

254 2126 655 2191 Eucharistiaa,
704 2123 852 2194 quod
903 2125 958 2177 in
1005 2138 1072 2176 eo
1121 2135 1208 2174 res
1251 2118 1556 2189 signiﬁcata
1607 2115 1836 2170 alterius

251 2226 422 2278 etiam
460 2223 535 2274 rei
570 2221 785 2289 signum
821 2225 928 2271 est.
966 2215 1147 2284 Ipsum
1193 2211 1341 2266 enim
1386 2225 1577 2264 verum
1617 2204 1836 2261 Domini

253 2327 458 2380 corpus
487 2319 543 2365 et
573 2309 832 2378 sanguis,
869 2321 994 2360 cum
1031 2319 1118 2358 res
1148 2306 1220 2358 sit
1256 2302 1412 2370 signo
1445 2301 1605 2370 panis
1637 2306 1690 2352 et
1726 2296 1836 2350 viui

254 2403 564 2472 signiﬁcata
593 2440 606 2461 ,
640 2408 699 2454 ut
729 2414 849 2453 mox
888 2395 1281 2456 ostendemus,
1333 2401 1420 2447 est
1470 2401 1650 2445 tamen
1701 2390 1837 2444 alte-

254 2496 373 2547 rius
424 2492 503 2546 rei
538 2491 755 2560 signum
782 2529 795 2553 ,
832 2502 958 2543 cum
997 2486 1273 2557 signiﬁcet
1309 2483 1601 2556 mysticum
1631 2480 1836 2536 Christi

253 2599 494 2655 corpus,
528 2595 585 2639 et
619 2582 882 2638 Ecclesiae
917 2582 971 2633 in
1010 2577 1222 2648 Spiritu
1273 2583 1468 2632 sancto
1519 2573 1788 2628 unitatem
1820 2590 1832 2626 :

260 2679 547 2739 hoc.vero
584 2691 690 2728 non
738 2673 977 2742 amplius
1009 2670 1174 2725 aliam
1221 2684 1335 2723 rem
1377 2665 1692 2737 signiﬁcat,
1741 2663 1835 2719 sed

258 2777 471 2827 tantum
522 2765 885 2836 signiﬁcatur.
929 2763 1008 2818 ita
1051 2762 1110 2816 ﬁt
1163 2771 1222 2815 ut
1273 2759 1512 2814 visibilis
1559 2755 1722 2812 simul
1775 2770 1840 2812 ac

257 2861 543 2920 sensibilis
578 2861 790 2934 species
826 2859 984 2930 panis
1011 2865 1065 2912 et
1104 2855 1254 2920 vini,
1287 2852 1520 2924 duplicis
1557 2851 1636 2906 rei
1671 2849 1838 2920 signi-

261 2955 475 3011 licatrix
527 2954 598 3009 sit
630 2969 643 3008 :
694 2951 972 3022 signiﬁcat
998 2949 1146 3004 enim
1179 2958 1234 3002 et
1265 2961 1455 3003 verum
1489 2957 1694 3015 corpus
1729 2941 1855 3015 Do-l

263 3047 397 3104 mini
421 3086 437 3111 ,
471 3055 528 3105 et
565 3059 654 3102 res
684 3042 992 3114 signiﬁcata
1028 3050 1082 3096 et
1110 3041 1329 3111 signum
1373 3054 1593 3094 sacrum
1639 3048 1756 3102 est,
1786 3044 1841 3091 et

261 3143 557 3212 mysticum
589 3137 851 3194 Ecclesiae
882 3151 1104 3208 corpus.
1149 3132 1330 3200 Quare
1379 3133 1536 3204 panis
1565 3143 1620 3188 et
1652 3131 1838 3186 vinum
1868 3175 1914 3233 α

259 3231 476 3304 signum
511 3239 597 3285 est
627 3227 923 3290 duntaxat,
958 3225 1136 3295 ipsum
1173 3235 1360 3279 autem
1395 3238 1584 3278 verum
1633 3221 1839 3278 Christi

265 3339 471 3396 corpus
518 3335 573 3380 et
608 3320 869 3393 sanguis,
909 3320 1055 3391 quod
1089 3322 1192 3373 sub
1225 3316 1416 3381 umbra
1450 3315 1654 3386 tegitur
1680 3314 1840 3390 panis

261 3429 319 3475 ct
362 3418 476 3473 vini
498 3459 514 3486 ,
560 3415 932 3492 signiﬁcatum
979 3412 1205 3482 quidem
1239 3426 1268 3464 a
1304 3426 1444 3479 pane
1479 3418 1534 3464 et
1566 3407 1696 3463 vino
1720 3446 1736 3472 ,
1768 3406 1842 3462 si-

267 3511 539 3584 gniﬁcans
569 3519 752 3567 autem
785 3507 1077 3587 mysticum
1113 3502 1374 3558 Ecclesia:
1405 3516 1603 3571 corpus
1629 3542 1642 3566 ,
1671 3509 1728 3554 et
1755 3513 1844 3553 res

267 3611 353 3658 est
389 3609 445 3656 et
472 3600 692 3672 signum
725 3616 738 3652 :
774 3598 1070 3665 mysticum
1103 3609 1231 3649 vero
1265 3609 1330 3648 ex
1371 3602 1604 3661 utroque
1639 3589 1846 3660 signiﬁ-

265 3703 447 3758 catum
472 3735 488 3759 ,
522 3710 610 3750 res
647 3700 859 3748 tantum
895 3699 1017 3755 est,
1050 3704 1148 3744 nec
1178 3688 1320 3743 ultra
1355 3688 1583 3742 alterius
1606 3687 1844 3755 signum.

267 3787 544 3843 Praterea
575 3785 724 3856 quod
761 3793 972 3841 tantum
1001 3782 1215 3850 signum
1244 3788 1326 3833 est
1348 3818 1362 3842 ,
1394 3777 1627 3832 duarum
1663 3790 1848 3830 rerum

263 3891 350 3935 cst
403 3880 619 3948 signum
654 3917 669 3939 ,
728 3874 844 3930 veri
906 3872 1121 3933 scilicet
1178 3879 1236 3926 et
1296 3870 1512 3940 mystici
1570 3869 1844 3938 corporis.

265 3972 423 4038 Quod
479 3980 664 4025 autem
726 3981 816 4022 res
872 3974 992 4030 est,
1048 3975 1104 4019 et
1148 3978 1259 4019 non
1312 3961 1548 4031 amplius
1598 3961 1846 4028 signum.

267 4067 506 4118 duorum
552 4074 839 4115 sacrorum
875 4057 1164 4127 signorum
1199 4070 1286 4108 res
1315 4065 1436 4117 est,
1472 4052 1575 4108 hoc
1607 4061 1691 4106 e=t
1723 4049 1848 4104 visi-

271 4156 400 4218 bilis
429 4155 632 4228 speciei
667 4154 822 4222 panis
854 4159 910 4205 et
941 4150 1056 4204 vini
1088 4187 1102 4213 ,
1136 4157 1190 4202 et
1224 4148 1340 4202 veri
1374 4147 1426 4200 iu
1473 4149 1555 4201 eis
1602 4144 1847 4198 contenti

269 4250 523 4321 corporis
555 4247 792 4304 Domini.
826 4245 1025 4300 Verum
1059 4251 1244 4295 autem
1281 4254 1482 4309 corpus
1507 4247 1563 4292 et
1594 4237 1846 4307 sanguis,

267 4342 316 4399 si
347 4340 416 4397 ad
449 4342 687 4396 alterum
721 4336 962 4406 aspicias
993 4329 1251 4386 invisible
1280 4337 1690 4384 sacramentum
1715 4367 1730 4392 ,
1764 4344 1852 4384 res

268 4445 392 4502 est;
428 4434 472 4490 si
504 4435 569 4489 ad
606 4429 896 4503 mysticum
942 4439 1178 4496 corpus,
1221 4433 1306 4478 est
1349 4421 1586 4491 signum.
1638 4420 1854 4475 Rursus

2008 1931 2134 1990 Haec
2171 1936 2335 2006 igitur
2365 1953 2491 1994 cum
2538 1943 2794 1998 omnibus
2845 1945 3134 2002 manifesta
3185 1950 3296 2004 sint
3346 1951 3512 2022 (quis

1939 2027 2085 2081 cnim
2132 2040 2333 2098 neget,
2367 2047 2431 2085 ex
2483 2031 2567 2087 his
2615 2035 2710 2102 qui
2759 2039 3204 2095 communionem
3251 2053 3512 2109 sumunt,

1938 2117 2075 2173 alios
2104 2121 2326 2189 quidem
2356 2125 2563 2178 nullam
2591 2128 2821 2197 gratiam
2847 2171 2861 2196 ,
2893 2132 3002 2185 imo
3051 2147 3188 2188 vero
3216 2149 3316 2204 pro
3340 2139 3513 2205 gratia

1931 2209 2205 2276 judicium
2231 2224 2284 2266 et
2311 2229 2533 2284 pmnam
2557 2258 2570 2281 ,
2605 2220 2743 2275 alios
2773 2237 2907 2277 vero
2935 2224 3172 2293 gratiam
3201 2225 3514 2296 largissime

1942 2305 2264 2374 consequi:
2330 2309 2601 2378 quosdam
2663 2312 2829 2370 etiam
2889 2315 3011 2370 sine
3074 2318 3514 2385 communione,

1939 2391 2242 2450 dummodo
2276 2396 2329 2450 id
2363 2415 2472 2454 non
2503 2409 2825 2473 contemptu
2851 2446 2865 2472 ,
2899 2405 2986 2460 vel
3016 2407 3346 2479 negligentia
3374 2451 3388 2476 ,
3419 2412 3516 2467 sed

1940 2488 2268 2545 necessitate
2299 2489 2426 2557 ﬁat,
2461 2492 2705 2549 divinam
2732 2498 2931 2552 mereri
2971 2500 3200 2569 gratiam
3225 2502 3320 2572 2):
3352 2518 3479 2560 curn
3502 2546 3518 2571 ,

1942 2577 2196 2649 inquam,
2261 2581 2378 2638 haec
2417 2583 2556 2639 adeo
2594 2585 2740 2640 clara
2779 2595 2834 2641 et
2874 2590 3170 2660 perspicua
3207 2593 3354 2657 sint,
3419 2596 3520 2649 tri-

1941 2671 2200 2740 partitam
2259 2661 2403 2731 hanc
2445 2675 2762 2732 divinorum
2808 2691 3282 2738 sacramentorum
3325 2685 3517 2741 distri-

1944 2761 2231 2820 butionem
2271 2780 2458 2822 veram
2493 2777 2550 2824 et
2579 2769 2948 2825 necessariam
2975 2785 3096 2828 esse
3139 2775 3407 2845 probant,
3449 2793 3514 2834 ex

1942 2855 2030 2912 his
2083 2858 2244 2927 sequi
2277 2859 2500 2916 videtur
2537 2863 2742 2921 Christi
2793 2881 3013 2937 quoque
3060 2881 3264 2934 corpus
3313 2868 3517 2940 duplex

1942 2954 2101 3012 esse,
2134 2965 2326 3005 verum
2364 2952 2599 3008 alterum
2628 2993 2644 3020 ,
2682 2957 2918 3012 alterum
2955 2958 3272 3026 mysticum.
3314 2958 3384 3014 Et
3421 2976 3520 3015 ve-

1945 3057 2065 3096 rum
2099 3041 2320 3112 quidem
2351 3053 2437 3101 est
2459 3086 2472 3111 ,
2505 3045 2651 3118 quod
2685 3048 2742 3104 in
2778 3049 2882 3104 hoc
2922 3050 3112 3105 divino
3153 3050 3518 3106 Eucharistiae

1944 3145 2290 3192 sacramento
2318 3151 2690 3197 consecratur
2725 3153 2893 3214 atque
2927 3143 3218 3200 conﬁcitur
3251 3145 3354 3201 sub
3392 3145 3519 3201 visi-

1953 3225 2049 3282 bili
2107 3231 2288 3298 specie
2343 3231 2500 3301 panis
2545 3243 2602 3287 et
2647 3233 2784 3289 vini.
2825 3234 2942 3290 Hoc
2981 3235 3126 3292 idem
3165 3247 3251 3292 est
3285 3253 3410 3292 cum
3450 3253 3521 3293 eo

1945 3337 2176 3392 corpore
2215 3323 2362 3393 quod
2401 3322 2509 3379 fuit
2543 3340 2608 3380 ex
2644 3325 2802 3381 beata
2825 3325 3048 3399 Virgine
3076 3327 3320 3397 Spiritus
3343 3330 3522 3385 sancti

1947 3417 2370 3472 obumbratione
2420 3427 2773 3488 conceptum.
2829 3419 2903 3474 De
2955 3436 3065 3490 quo
3100 3420 3217 3491 ipse
3261 3421 3524 3478 Dominus

1947 3509 2004 3562 in
2036 3508 2378 3564 exhibitione
2425 3511 2796 3577 sacramenti,
2834 3526 2958 3566 cum
3003 3513 3162 3568 nobis
3205 3514 3520 3572 sensibile.)

1948 3617 2142 3672 panem
2181 3602 2477 3672 vinumque
2513 3604 2886 3669 ostendisset,
2921 3605 2996 3660 ait
3025 3623 3040 3660 :
3075 3605 3185 3661 Hoc
3215 3615 3295 3661 est
3328 3623 3518 3677 corpus

1950 3708 2158 3756 meum;
2190 3702 2278 3757 et,
2310 3693 2410 3757 Hic
2443 3705 2521 3748 est
2558 3699 2775 3768 sanguis
2812 3713 2998 3762 meus;
3029 3697 3231 3759 deinde
3267 3699 3481 3754 addidit
3505 3741 3520 3764 ,

1950 3787 2096 3856 quod
2123 3803 2218 3858 pro
2245 3787 2401 3846 vobis
2432 3787 2688 3853 traditur,
2709 3798 2763 3845 et
2796 3779 2888 3860 qui
2919 3807 3019 3862 pro
3045 3791 3202 3847 vobis
3227 3792 3527 3852 eﬁ‘unditcr

1954 3881 2007 3933 in
2045 3881 2430 3940 remissionem
2463 3892 2841 3948 peccatorum.
2875 3883 3164 3954 Mysticum
3201 3894 3382 3943 autem
3410 3887 3529 3956 ejus

1953 3985 2160 4038 corpus
2189 3982 2274 4027 est
2309 3973 2574 4039 Ecclesia,
2601 3983 2657 4028 et
2687 3975 3038 4046 congregatio
3069 3961 3344 4032 ﬁdelium.
3379 3975 3530 4030 Hanc

1952 4061 2103 4114 enim
2141 4075 2340 4132 negare
2374 4075 2572 4130 corpus
2594 4060 2798 4116 Christi
2831 4075 2994 4116 nemo
3021 4062 3203 4126 ausit,
3233 4063 3529 4131 praesertim

1955 4151 2186 4207 audiens
2251 4154 2576 4222 Apostolum
2641 4153 2970 4219 dicentem,
3040 4153 3308 4208 Ecclesia:
3365 4164 3532 4224 caput

1955 4243 2234 4298 Christum
2263 4260 2405 4299 esse.
2435 4243 2611 4314 Caput
2637 4246 2784 4299 enim
2811 4246 2932 4299 sine
2989 4246 3250 4301 membris
3297 4261 3404 4300 non
3447 4263 3536 4302 ρει-

1955 4351 2038 4392 set
2066 4347 2253 4405 caput.
2281 4335 2626 4407 Quapropter
2647 4337 2891 4391 membra
2916 4335 3120 4390 Christi
3155 4351 3258 4391 nos
3288 4352 3482 4393 sumus
3516 4377 3534 4402 ,

1955 4437 2012 4482 et
2087 4436 2253 4497 caput
2314 4436 2562 4481 nostrum
2621 4435 2706 4481 est
2772 4425 3048 4482 Christus.
3108 4424 3266 4482 Unde
3336 4428 3541 4483 clamat

271 4528 513 4594 primum
562 4523 823 4594 quidem,
867 4523 1012 4592 quod
1053 4520 1272 4590 signum
1325 4515 1707 4574 tantummodo
1737 4524 1855 4577 est.
1885 4519 1936 4579 D
1962 4520 2256 4588 Apostolus
2288 4535 2304 4572 :
2348 4515 2451 4572 Vos
2487 4520 2609 4571 estis
2645 4534 2834 4587 corpus
2870 4517 3065 4572 Christi
3107 4527 3158 4571 et
3212 4519 3442 4572 membra
3473 4533 3541 4572 ea:

271 4621 452 4678 oculis
489 4619 720 4681 subest;
754 4615 1059 4670 secundum
1083 4652 1096 4673 ,
1133 4609 1279 4679 quod
1319 4624 1405 4663 res
1438 4618 1520 4662 εει
1550 4615 1604 4660 et
1635 4604 1850 4677 signum

273 4715 464 4778 animo
515 4710 841 4774 cxceditur;
899 4706 1166 4770 tertium,
1224 4701 1368 4773 quod
1431 4715 1518 4754 res
1567 4699 1682 4752 sola
1735 4707 1854 4763 est,

274 4808 443 4867 corde
493 4803 819 4876 percipitur.
872 4799 954 4854 Ad
1013 4799 1126 4852 haec
1181 4796 1419 4865 primum
1470 4791 1693 4862 quidem
1747 4805 1854 4843 non

276 4900 442 4963 modo
473 4897 779 4970 signiﬁcat,
816 4894 915 4950 sed
949 4894 1114 4946 etiam
1147 4889 1397 4943 continet
1431 4883 1760 4940 secundum.
1795 4882 1854 4935 lu

277 4991 466 5061 specie
508 4989 655 5044 enim
705 4987 860 5057 panis
907 4992 962 5039 et
992 4980 1105 5036 vini
1139 4980 1339 5034 veritas
1371 4977 1618 5046 corporis
1647 4984 1704 5028 et
1734 4988 1860 5025 sau-

281 5082 466 5153 guinis
498 5080 837 5143 continetur,
873 5090 998 5130 cum
1036 5072 1090 5126 in
1128 5069 1220 5125 illa
1252 5067 1560 5122 substantia
1595 5064 1757 5135 panis
1784 5064 1862 5115 vi-

188 5189 198 5220 ?
282 5177 452 5245 nique
505 5183 770 5232 mutetur.
822 5169 1067 5232 Tertium
1120 5179 1254 5219 vero
1309 5176 1628 5232 quanquam
1688 5157 1863 5226 signi-

285 5272 448 5335 licet.
506 5281 616 5318 non
670 5275 850 5317 tamen
901 5260 1170 5317 continet.
1223 5253 1348 5307 llmc
1401 5267 1526 5306 cum
1576 5249 1860 5303 verissima

286 5363 442 5428 sint,
479 5359 614 5416 illud
648 5357 812 5417 etiam
855 5353 1127 5422 sequitur,
1163 5365 1225 5402 ex
1272 5347 1338 5400 iis
1382 5344 1476 5413 qui
1527 5341 1699 5397 divini
1743 5357 1865 5396 cor-

256 5455 438 5521 'poris
467 5450 764 5524 participes
809 5448 982 5511 ﬁunt,
1030 5444 1171 5498 alios
1216 5437 1443 5510 quidem
1489 5444 1861 5489 sacrainenta-

287 5524 413 5608 liter
445 5541 918 5615 spiritualiterque
952 5535 1249 5608 participes
1294 5530 1448 5594 ﬁeri,
1501 5527 1692 5601 quales
1735 5534 1864 5579 sunt

287 5639 380 5708 qui
417 5637 578 5706 digne
610 5633 1056 5695 communionem
1091 5624 1410 5694 accipiunt,
1445 5622 1582 5674 alios
1617 5633 1747 5674 vero
1778 5633 1863 5673 sa-

365 5820 376 5852 ⁸
413 5817 428 5869 l
461 5818 586 5872 Cor.
623 5831 718 5880 ait,
753 5815 842 5868 ‘27.
888 5819 903 5844 ²
946 5814 1126 5870 lCor.
1171 5827 1220 5878 χ,
1283 5811 1361 5864 16.
1399 5809 1416 5838 ³
1450 5805 1585 5864 ibid.
1632 5801 1717 5858 17.

1961 4619 2116 4679 parte
2150 4610 2191 4663 ³.
2224 4608 2291 4665 Et
2329 4625 2558 4666 rursus:
2595 4609 2764 4663 Panis
2802 4626 2958 4679 quem
2993 4610 3325 4678 frangimus,
3361 4626 3540 4664 nonne

1957 4703 2366 4755 communicatio
2413 4702 2646 4770 corporis
2699 4699 2910 4754 Domini
2959 4701 3144 4758 est“!
3188 4701 3254 4754 Et
3293 4703 3537 4754 iterum:

1965 4793 2111 4849 Unus
2165 4796 2352 4863 panis,
2390 4793 2500 4856 ait.
2537 4802 2585 4846 et
2641 4809 2803 4846 unum
2844 4809 3033 4862 corpus
3081 4792 3236 4845 mulli
3279 4808 3460 4844 sumus
3495 4792 3540 4844 ³.

1968 4887 2293 4942 Etreddeus
2348 4887 2468 4956 ejus
2515 4884 2786 4940 rationem
2832 4883 3025 4939 addit:
3075 4882 3265 4939 Omnes
3301 4885 3443 4937 enim
3474 4899 3543 4936 σε

1966 4995 2072 5033 uno
2107 4994 2245 5046 parte
2279 4977 2690 5047 participantus.
2736 4974 2868 5040 Quae
2899 4975 3062 5029 verba
3095 4976 3224 5028 dum
3260 4989 3545 5043 exponere

1960 5071 2154 5124 nititur
2182 5069 2604 5137 Chrysostomus
2638 5077 2850 5130 noster,
2884 5066 2957 5120 ita
2990 5065 3171 5134 inquit
3198 5083 3212 5118 :
3240 5064 3380 5132 Quid
3412 5063 3542 5118 dico

1960 5158 2649 5228 communionem?ipsum
2698 5157 2834 5211 illud
2883 5173 3084 5226 corpus
3132 5172 3348 5211 sumus.
3396 5155 3541 5224 Quid

1960 5250 2112 5306 enim
2147 5257 2231 5304 est
2274 5248 2451 5319 panis,
2496 5247 2602 5301 nisi
2639 5263 2835 5316 corpus
2863 5245 3101 5302 Christi?
3143 5263 3254 5301 non
3305 5263 3543 5318 corpora

1969 5343 2162 5405 multa,
2219 5341 2316 5396 sed
2373 5353 2575 5408 corpus
2617 5353 2810 5392 unum.
2861 5336 3334 5402 Quemadmodqu
3393 5337 3542 5392 enim

1973 5431 2157 5503 panis,
2201 5445 2274 5489 ex
2327 5429 2512 5483 multis
2555 5437 2814 5482 constans
2847 5428 3069 5498 granis,
3107 5429 3178 5482 ita
3208 5428 3546 5498 compesitus

1971 5534 2075 5586 est,
2105 5533 2163 5576 ut
2201 5536 2467 5590 nusquam
2525 5533 2690 5590 grana
2726 5517 3046 5587 videantur;
3075 5529 3131 5573 et
3159 5531 3288 5574 sunt
3319 5519 3542 5588 quidem

1971 5628 2161 5686 grana,
2185 5613 2278 5667 sed
2310 5620 2536 5682 propter
2564 5609 3010 5681 conjunctionem
3040 5612 3192 5667 nullo
3219 5605 3544 5668 discrimine

3096 5689 3107 5713 I
