3990 6212
353 357 456 421 497

1357 357 1455 416 DE
1507 354 2013 417 SACRAMENTO
2059 358 2623 424 EUCHARISTIE.

3521 365 3628 425 498

354 478 754 532 discernuntur
792 491 806 528 :
841 472 912 527 ita
966 487 1065 527 nos
1102 488 1323 542 quoque
1356 483 1413 528 et
1449 474 1685 528 invicem
1735 475 1788 528 in
1829 468 1931 543 [αι.
1959 463 2008 524 Δ
2038 473 2307 528 vinitatis.
2344 477 2500 542 Quod
2550 475 2798 545 apertius
2840 484 2897 530 et
2945 472 3247 546 Gregorius
3271 472 3429 538 dicit,
3477 481 3626 544 quod

353 569 434 640 et]
460 567 686 623 Christo
730 565 1140 636 conjungimur.
1177 565 1550 621 Damascenus
1596 583 1812 636 quoque
1848 566 1939 620 ubi

354 661 425 716 de
454 658 826 715 sacrosanctis
853 657 1130 728 mysteriis
1165 667 1364 714 tractat
1392 676 1405 712 :
1433 657 1798 720 Honoremus,
1840 659 1939 722 ait,

353 753 559 811 Christi
597 768 799 822 corpus
851 752 1000 805 omni
1048 752 1217 806 animi
1262 753 1617 822 corporisque
1674 754 1939 822 puritate,

357 849 561 920 duplex
596 849 799 904 etenim
830 858 933 902 est.
970 848 1310 918 Augustinus
1349 850 1539 909 etiam,
1575 846 1943 903 Occidentalis

359 939 620 995 Ecclesia
647 939 836 994 lumen
874 954 888 991 :
927 937 1403 1004 Quemadmodum
1427 977 1442 1001 ,
1480 938 1679 1006 inquit,
1707 952 1771 991 ex
1805 935 1943 990 mul-

362 1033 434 1088 tis
482 1031 673 1104 granis
721 1047 864 1085 unus
904 1031 1198 1086 conﬁcitur
1245 1029 1437 1099 panis,
1486 1037 1542 1084 et
1593 1046 1660 1085 ex
1711 1031 1944 1085 racemis

360 1123 550 1180 multis
573 1137 717 1178 unus
741 1124 883 1178 calix
910 1122 1262 1192 exprimitur,
1289 1122 1369 1177 sic
1394 1138 1459 1176 ex
1486 1122 1671 1176 multis
1695 1122 1945 1178 ﬁdelibus

361 1231 530 1271 unum
583 1230 790 1286 corpus
824 1215 1113 1286 mysticum
1168 1215 1492 1284 integratur.
1536 1215 1832 1271 Enimvero
1873 1217 1947 1271 si-

359 1319 455 1368 cut
486 1325 553 1366 ex
590 1311 780 1366 multis
819 1311 1082 1365 membris
1110 1322 1163 1366 et
1214 1311 1460 1380 partibus
1513 1315 1947 1382 unumquodque

359 1417 565 1473 corpus
593 1410 833 1467 constat,
859 1403 928 1456 ita
959 1401 1220 1458 Ecclesiae
1249 1403 1433 1458 unitas
1462 1419 1526 1458 ex
1553 1405 1788 1459 diversis
1821 1421 1947 1474 perv

362 1495 522 1550 sonis
553 1494 872 1558 coniicitur,
913 1494 1168 1550 videlicet
1200 1511 1267 1549 ex
1295 1495 1563 1562 prmscitis
1587 1537 1599 1559 ,
1660 1496 1947 1563 prmdcsti-

364 1588 532 1651 natis,
556 1586 786 1645 vocatis.
809 1586 1148 1655 justiﬁcatis,
1174 1597 1228 1640 et
1259 1586 1604 1656 gloriﬁcatis.
1629 1586 1773 1652 Quos
1799 1588 1944 1640 cnim

361 1680 629 1749 prascivit
665 1679 824 1739 Deus,
866 1681 956 1732 hos
984 1689 1033 1731 ct
1063 1680 1490 1748 prcedestinavit;
1546 1689 1594 1732 et
1651 1695 1778 1748 quos
1807 1694 1945 1748 ρνω·

2047 585 2195 624 nunc
2240 567 2463 638 quidem
2525 570 2918 639 participamus
2953 570 3156 638 corpus
3209 580 3265 623 et
3304 571 3627 639 sanguinem

2048 659 2152 716 sub
2179 663 2470 732 speciebus
2499 663 2656 731 panis
2689 673 2745 717 et
2778 663 2887 717 vini
2917 703 2932 728 ,
2991 672 3121 717 tunc
3155 675 3337 716 autem
3370 663 3518 718 clara
3549 665 3630 718 vi-

2055 755 2233 818 sione,
2269 765 2325 809 et
2360 754 2504 809 sicut
2534 771 2664 810 vere
2697 765 2801 819 est,
2830 754 3144 810 videbimus
3171 755 3325 810 illud.

2121 843 2446 902 Cavendum
2483 859 2672 902 autem
2704 890 2719 911 ,
2761 864 2829 903 ne
2866 848 2992 917 quis
3022 858 3316 917 propterea
3349 847 3496 916 quod
3531 863 3630 902 eu-

2051 940 2328 996 charistia:
2375 943 2698 1012 mysterium
2732 941 2903 1012 ﬁgura
2933 956 3053 996 esse
3079 939 3304 1003 dicitur,
3325 941 3507 994 dicere
3537 949 3632 994 aut

2051 1036 2278 1089 omnino
2319 1035 2596 1106 suspicari
2637 1036 2859 1099 audeat,
2893 1050 3001 1089 non
3035 1049 3162 1089 esse
3189 1050 3384 1088 verum
3412 1034 3629 1088 Domini

2051 1144 2275 1198 corpus.
2297 1129 2452 1183 Absit
2477 1139 2625 1184 tanta
2650 1127 2988 1198 blasphemia
3013 1143 3040 1180 a
3066 1127 3306 1182 ﬁdelium
3334 1127 3633 1182 mentibus.

2054 1220 2168 1276 Hoc
2200 1222 2364 1275 ntodo
2418 1232 2473 1276 et
2520 1223 2758 1292 pretiosa
2796 1235 2945 1275 mors
2974 1221 3097 1292 ejus
3135 1235 3245 1274 non
3295 1232 3444 1275 esset
3503 1237 3632 1274 vera

2053 1330 2223 1378 mors,
2275 1313 2420 1382 quod
2460 1315 2659 1382 partim
2697 1313 2999 1369 ablutionis
3039 1313 3370 1366 delictorum
3400 1323 3632 1366 nostro-

2054 1421 2199 1470 rum,
2240 1406 2439 1474 partim
2472 1403 2889 1474 jnstiﬁcationis
2921 1413 3127 1458 nostra:
3158 1406 3328 1472 lignra
3383 1404 3473 1458 sit.
3527 1404 3634 1458 Vas

2054 1511 2292 1563 namque
2324 1495 2614 1548 electionis
2657 1503 2742 1548 est
2773 1495 2867 1562 qui
2900 1495 3035 1548 dicit
3065 1512 3078 1548 :
3120 1493 3356 1547 Christus
3397 1503 3633 1546 martum

2054 1596 2131 1640 est
2162 1605 2258 1658 pro
2288 1587 2515 1657 peccatis
2564 1589 2778 1647 nostris,
2812 1595 2861 1639 et
2910 1587 3203 1638 resurrexit
3241 1593 3455 1654 propter
3476 1585 3637 1652 justi-

2053 1681 2360 1748 ﬁcationem
2389 1681 2686 1733 uostram’.
2722 1679 2788 1732 Et
2819 1679 3014 1733 Petrus
3041 1700 3049 1730 :
3078 1677 3320 1733 Christus
3350 1695 3534 1746 passus
3557 1684 3636 1730 est

360 1771 670 1832 destinavit,
704 1772 795 1823 Iros
831 1771 1069 1834 vocavit;
1099 1781 1148 1823 et
1175 1786 1300 1839 quos
1331 1772 1564 1832 vocarit,
1598 1774 1688 1824 llos
1719 1781 1767 1824 et
1784 1772 1948 1842 justi-
1988 1804 2028 1858 Β
2056 1792 2150 1845 pro
2179 1777 2323 1830 nobis
2373 1777 2674 1845 relinquens
2723 1775 2869 1828 nobis
2901 1773 3203 1842 exemplum
3227 1772 3246 1802 ³
3290 1771 3435 1825 Mors
3467 1772 3636 1840 igitur

357 1863 548 1932 litavit
573 1879 592 1926 ;
622 1873 668 1915 et
689 1879 815 1932 quos
831 1862 1177 1930 justiﬁcavit,
1207 1863 1296 1915 Iros
1333 1872 1380 1914 et
1406 1861 1745 1932 gloriﬁcavit,
1772 1863 1953 1932 inquit

358 1955 663 2024 Apostolus
688 1955 726 2008 ί.
766 1953 1024 2008 Eﬁiciens
1059 1969 1186 2008 vero
1220 1955 1385 2024 hujus
1416 1955 1630 2026 mystici
1677 1956 1950 2024 Corporis,

359 2056 453 2103 est
485 2047 664 2116 ipsum
697 2060 885 2099 verum
921 2045 1122 2099 Christi
1165 2059 1365 2113 corpus
1391 2057 1446 2100 et
1485 2047 1604 2116 ejus
1647 2047 1954 2102 communi-

366 2139 545 2204 catio,
582 2141 627 2194 si
661 2139 828 2208 digne
857 2139 966 2193 ﬁat.
999 2138 1156 2204 Quod
1191 2137 1505 2207 signiﬁcant
1538 2142 1697 2197 verba
1731 2143 1950 2197 iilnrutn

359 2232 463 2302 qui
510 2231 703 2286 dicunt
736 2247 751 2286 :
793 2231 1028 2286 Oramus
1069 2242 1129 2285 ut
1160 2232 1264 2286 hoc
1295 2247 1497 2301 corpus
1531 2243 1680 2286 tttum
1735 2246 1954 2304 prrestet

366 2324 837 2396 participantibus
889 2324 1246 2379 sobrietatem
1279 2325 1476 2380 animat
1502 2370 1516 2389 ,
1571 2329 1951 2383 remissionem

361 2428 765 2489 peccatorum,
809 2419 1254 2473 communionem
1313 2429 1516 2474 tecum.
1588 2420 1730 2487 Quid
1805 2424 1952 2478 enim

361 2509 520 2564 aliud
546 2519 634 2566 est
662 2510 1002 2574 communio,
1029 2527 1192 2581 quam
1218 2512 1398 2567 unitas
1429 2528 1552 2567 cunt
1585 2513 1826 2578 Christo,
1859 2533 1957 2570 an-

364 2607 537 2658 nexio
574 2603 946 2658 membrorum
981 2604 1049 2658 ad
1084 2614 1268 2673 caput,
1301 2607 1684 2662 convenientia
1717 2609 1955 2677 partium

363 2693 443 2748 ad
475 2695 690 2748 totum?
723 2695 868 2750 unde
894 2705 948 2750 et
982 2697 1299 2751 communio
1335 2707 1564 2753 vocatur
1599 2701 1820 2770 proprie
1852 2701 1958 2757 hoc

361 2795 805 2842 sacramentum.
836 2789 900 2843 Et
931 2790 1153 2860 synaxis
1186 2789 1333 2860 apud
1365 2789 1687 2864 Dionysium
1727 2794 1953 2863 dicitur,

360 2884 480 2936 hoc
505 2892 588 2937 est
615 2883 874 2938 collectio.
897 2883 1118 2953 Colligit
1140 2885 1286 2938 enim
1318 2901 1438 2954 qua:
1468 2887 1616 2954 apud
1635 2903 1694 2942 se
1727 2886 1956 2954 distant,

357 2986 429 3029 et
466 2975 634 3030 multa
685 2991 856 3029 unuut
911 2975 1062 3043 facit,
1093 2988 1144 3031 et
1189 2978 1475 3033 dissimiiia
1529 2991 1727 3050 aquat,
1783 2991 1840 3036 et
1900 2982 1960 3037 in

360 3080 546 3120 unum
580 3080 768 3135 sparsa
806 3068 1042 3123 reducit.
1084 3066 1452 3132 Quamobrem
1488 3071 1631 3125 ident
1669 3074 1957 3130 Damasce-

358 3174 481 3215 nus
518 3175 585 3214 eo
616 3177 726 3230 quo
756 3175 920 3232 supra
968 3163 1396 3218 memoravimus
1439 3165 1580 3231 loco,
1630 3166 1958 3223 Communio
1990 3137 2035 3198 θ

360 3249 579 3316 inquit,
613 3248 837 3314 dicitur,
875 3260 933 3306 et
965 3259 1051 3306 est
1080 3253 1226 3312 ideo.
1255 3254 1381 3324 quia
1415 3270 1511 3322 per
1539 3271 1659 3310 eam
1707 3272 1957 3314 commu-

356 3338 628 3396 nicamus
651 3355 776 3395 cum
805 3342 1045 3408 Christo,
1079 3354 1134 3398 et
1159 3346 1345 3401 carnis
1375 3347 1798 3419 divinitatisque
1841 3351 1961 3422 ejus

356 3433 678 3504 participes
724 3450 938 3502 sumus,
986 3446 1042 3490 et
1083 3437 1316 3494 invicem
1365 3441 1754 3512 conjungimur
1797 3455 1962 3514 atque

357 3525 624 3581 unimur.
675 3525 812 3582 Cum
861 3529 1007 3583 enim
1061 3546 1127 3586 ex
1179 3547 1288 3586 uno
1355 3548 1497 3604 pane
1546 3536 1960 3606 participantus,

358 3633 570 3674 omnes
599 3634 768 3674 unum
810 3618 1014 3676 Christi
1050 3636 1275 3694 corpus,
1322 3635 1379 3679 et
1415 3642 1558 3682 unus
1613 3629 1858 3698 sanguis.
1909 3638 1964 3684 et

360 3710 652 3775 membra,
681 3711 821 3766 alter
844 3713 1094 3775 alterius.
1121 3715 1370 3785 ejusdem
1425 3733 1548 3772 cum
1581 3719 1808 3774 Christo
1837 3735 1965 3774 cor-

360 3803 530 3876 poris
559 3803 845 3859 etiicimur.
881 3805 947 3860 Et
979 3823 1172 3862 rursus
1199 3809 1405 3864 ibidem
1432 3827 1445 3863 :
1471 3810 1574 3866 Per
1603 3810 1811 3865 Christi
1845 3827 1968 3866 cor-

363 3911 482 3966 pus
507 3904 564 3950 et
593 3897 922 3968 sanguinem
965 3901 1206 3970 purgati,
1244 3901 1468 3956 unimur
1498 3906 1718 3973 corpori
1749 3904 1964 3959 Domini

363 4000 428 4045 et
463 3989 692 4056 spiritui
726 3991 868 4060 ejus,
908 4002 966 4046 et
1002 4007 1203 4062 corpus
1253 3995 1455 4051 Christi
1493 3996 1782 4052 eﬁicimur.
1811 3996 1966 4053 Unde

365 4091 429 4136 et
464 4081 719 4144 Messias,
753 4098 851 4137 seu
892 4092 948 4138 et
983 4082 1273 4148 Mediator,
1307 4099 1362 4140 et
1387 4088 1528 4154 lapis
1567 4090 1851 4156 angularis
1882 4089 1966 4144 di-

367 4177 529 4232 citur
564 4171 850 4237 Dominus,
875 4177 1028 4247 quasi
1055 4179 1397 4249 conjungens
1417 4190 1660 4236 extrema
1684 4192 1741 4238 et
1769 4184 1968 4239 unicus

371 4269 583 4325 divisa.
638 4269 904 4325 Mediator
936 4274 1101 4328 unius
1131 4288 1242 4326 non
1279 4284 1401 4340 est,
1439 4275 1533 4328 sed
1569 4276 1842 4344 duorum,
1880 4277 1963 4331 in-

370 4364 508 4434 quit
555 4361 758 4419 Paulus
805 4372 860 4419 et
905 4366 1047 4435 iapis
1098 4367 1374 4436 angularis
1409 4368 1647 4422 duorum
1695 4369 1963 4440 parietum

2055 1867 2260 1922 Christi
2299 1869 2497 1922 mortis
2553 1878 2756 1922 nostra:
2805 1867 3108 1921 secundum
3142 1874 3424 1934 peccatum
3471 1873 3634 1917 etre-

2057 1962 2329 2016 surrectio
2377 1960 2500 2030 ejus
2543 1961 2670 2014 vita:
2735 1968 2936 2014 nostra:
2995 1973 3097 2028 per
3141 1957 3636 2026 justiﬁcationem,

2051 2053 2206 2124 juxta
2245 2054 2638 2122 primariorum
2664 2052 3041 2121 apostolorum
3073 2048 3428 2112 sententiam,
3451 2063 3637 2102 exem-

2057 2145 2204 2214 plum
2240 2155 2294 2199 et
2333 2146 2505 2215 ﬁgura
2553 2145 2676 2199 fuit.
2709 2144 2817 2199 Nec
2851 2153 3030 2197 tamen
3077 2141 3214 2195 adeo
3249 2155 3397 2194 mors
3442 2147 3498 2192 et
3547 2152 3636 2192 re.

2057 2236 2331 2291 surrectio
2367 2238 2485 2306 ejus
2521 2255 2628 2290 non
2663 2236 2770 2290 fuit
2811 2251 2937 2289 vera
2978 2249 3125 2288 mors
3154 2243 3207 2288 et
3252 2231 3586 2286 resurrectio
3620 2249 3634 2285 :

2057 2336 2142 2380 est
2175 2327 2344 2396 igitur
2370 2327 2725 2380 eucltarisua:
2767 2335 3199 2388 sacramentum,
3244 2331 3300 2376 et
3329 2323 3556 2384 veritas,
3583 2329 3639 2374 et

2059 2419 2268 2490 ﬁgura;
2301 2434 2366 2473 ex
2389 2434 2500 2490 quo
2530 2418 2666 2472 nihil
2703 2417 2929 2471 absurdi
2962 2417 3118 2486 sequi
3151 2414 3396 2469 videtur.
3421 2412 3637 2466 Etenim

2060 2514 2240 2583 ipsum
2288 2527 2510 2582 quoque
2560 2511 2894 2567 sacramenti
2946 2525 3144 2564 nomen
3194 2507 3333 2562 nihil
3369 2506 3644 2576 signiﬁcat

2059 2603 2207 2658 aliud
2240 2620 2404 2672 quam
2439 2603 2664 2673 figuram
2691 2601 2928 2669 alicujus
2959 2610 3013 2655 et
3035 2601 3252 2670 signum
3273 2599 3524 2653 alterius.
3556 2596 3643 2652 Si-

2067 2695 2290 2764 quidem
2329 2705 2737 2751 sacramentum
2776 2704 2977 2749 tectum
3021 2692 3300 2764 mysteriis
3342 2699 3644 2747 secretum-

2061 2802 2169 2858 que
2200 2802 2322 2842 esse
2355 2786 2537 2852 decet,
2570 2797 2627 2842 et
2668 2786 2817 2840 aliud
2852 2785 3202 2839 extrinsecus
3234 2798 3348 2852 prae
3384 2797 3442 2837 se
3471 2782 3641 2846 ferre,

2063 2883 2212 2938 aliud
2244 2883 2450 2939 habere
2484 2883 2634 2953 quod
2666 2883 3009 2952 intelligatur
3044 2881 3399 2936 intrinsecus.
3433 2879 3636 2934 'Nemi-

2061 2992 2189 3031 nem
2219 2985 2402 3030 autem
2439 2974 2774 3030 conturbare
2821 2973 2985 3027 debet
3019 2985 3219 3026 nomen
3256 2970 3397 3025 istud
3433 2970 3642 3038 ﬁgurae,

2065 3085 2166 3126 nec
2200 3069 2253 3124 id
2308 3068 2454 3139 quod
2489 3068 2563 3122 ait
2604 3065 2980 3121 Datnascenus
3030 3064 3187 3134 panis
3223 3073 3278 3118 et
3303 3062 3496 3117 vinum
3531 3078 3641 3117 non

2065 3173 2149 3218 est
2179 3163 2279 3217 nisi
2317 3160 2487 3230 ﬁgura
2523 3160 2773 3229 corporis
2805 3171 2859 3212 et
2885 3157 3169 3226 sanguinis
3192 3155 3420 3211 Christi.
3448 3155 3641 3211 Absit!

2063 3257 2159 3313 sed
2191 3257 2370 3327 ipsum
2397 3269 2598 3324 corpus
2632 3251 2848 3307 Domini
2882 3252 3195 3305 deiﬁcatnm
3219 3290 3233 3314 ,
3270 3249 3388 3318 ipso
3414 3247 3646 3302 Dontino

2063 3349 2444 3421 dicenteJioc
2484 3357 2562 3402 est
2606 3363 2798 3417 corpus
2831 3361 2999 3400 meum
3026 3383 3040 3406 ,
3069 3355 3125 3398 et
3155 3357 3288 3405 non,
3325 3343 3492 3409 ﬁgura
3525 3356 3648 3396 cor-

2063 3439 2216 3510 poris
2249 3439 2353 3492 tnei
2380 3457 2392 3502 ;
2427 3449 2502 3503 ct,
2535 3437 2629 3490 llic
2654 3445 2728 3490 est
2769 3435 2987 3504 sanguis
3020 3447 3183 3493 meus,
3226 3440 3283 3484 ct
3314 3445 3446 3492 non,
3475 3430 3646 3497 figura

2065 3533 2352 3604 sanguinis
2384 3529 2510 3585 tnei.
2549 3529 2915 3585 Primo-cnim
2952 3527 3110 3596 panis
3139 3533 3195 3579 et
3229 3522 3343 3577 vini
3394 3523 3641 3582 nomine.

2066 3639 2176 3678 non
2228 3624 2401 3692 ipsam
2443 3620 2716 3676 visibilem
2767 3618 3007 3688 speciem
3052 3616 3211 3686 pattis
3251 3628 3305 3669 et
3347 3613 3485 3677 vini,
3547 3613 3640 3668 sed

2067 3717 2507 3774 substantialiter
2542 3722 2964 3770 transmutatam
3001 3713 3055 3764 in
3085 3723 3286 3778 corpus
3333 3717 3390 3762 et
3419 3707 3648 3776 sangui-

2069 3829 2194 3868 nem
2232 3811 2510 3878 intelligit.
2547 3809 2754 3865 Deinde
2812 3807 3042 3877 ﬁguram
3089 3805 3195 3861 hoc
3235 3804 3360 3858 loco
3395 3800 3652 3870 intelligit

2071 3907 2321 3962 umbram
2354 3906 2501 3959 illam
2525 3944 2540 3971 ,
2567 3919 2688 3973 quae
2717 3903 2850 3956 nihil
2876 3900 3025 3954 aliud
3075 3912 3440 3969 praeterquam
3478 3895 3649 3964 ﬁgura

2031 4063 2034 4067 ‘
2069 4007 2174 4061 est,
2205 3996 2534 4066 simpliciter
2567 3993 2715 4048 aliud
2763 3993 3112 4062 signiﬁcans,
3160 3990 3368 4044 nullatn
3421 3987 3648 4042 omnino

2070 4088 2310 4144 faciendi
2331 4091 2443 4142 vim
2473 4095 2531 4142 et
2562 4095 2887 4156 potestatem
2920 4082 3147 4137 habens.
3176 4079 3648 4148 Quemadmodum

2070 4194 2412 4237 sacramenta
2445 4178 2646 4232 veteris
2694 4176 2862 4246 legis,
2896 4175 3032 4230 Novi
3085 4173 3424 4228 Testamenti
3465 4186 3652 4226 sacra.

2072 4285 2384 4329 mentorum
2416 4271 2587 4340 ﬁgura
2621 4271 2864 4332 fuerunt,
2891 4277 2948 4323 ut
2975 4265 3326 4320 circumcisio
3354 4263 3653 4333 baptisma-

2073 4367 2166 4429 tis.
2197 4368 2419 4434 sanguis
2461 4365 2742 4418 hircorum
2779 4373 2833 4416 ct
2871 4362 3172 4416 vitulorum
3222 4355 3492 4411 υοιιιὶιιίιὶ
3527 4371 3650 4409 san-

369 4454 674 4511 vinculum
711 4466 767 4511 et
797 4458 1114 4527 conjunctio
1145 4469 1247 4514 est.
1283 4460 1412 4514 Post
1441 4461 1553 4515 haec
1587 4462 1720 4516 illud
1747 4477 1965 4531 quoque
1992 4471 2048 4532 ι)
2074 4459 2257 4529 guinis
2304 4459 2358 4512 iu
2408 4472 2536 4511 arca
2584 4456 2767 4510 crucis
2799 4455 2988 4514 effusi.
3026 4468 3082 4509 et
3130 4469 3356 4522 serpens
3405 4451 3654 4523 pendens

373 4551 553 4606 tertio
584 4550 705 4604 loco
735 4549 1049 4604 addendum
1100 4563 1204 4616 est,
1262 4554 1409 4622 quod
1469 4553 1697 4606 verbum
1753 4553 1966 4606 Domini

374 4657 592 4710 corpus
631 4651 688 4696 et
722 4643 924 4696 veritas
952 4653 1038 4700 est
1072 4657 1122 4698 et
1159 4646 1350 4713 ﬁgura.
1379 4643 1662 4714 Siquidem
1689 4655 1967 4698 ostensum

375 4744 493 4794 est,
525 4736 992 4802 quemadmodum
1026 4736 1185 4806 panis
1231 4745 1286 4790 et
1325 4737 1437 4790 vini
1475 4736 1709 4791 visibilis
1737 4737 1968 4816 species;

379 4826 564 4897 ﬁgura
601 4842 696 4881 seu
729 4827 942 4898 signum
969 4838 1051 4883 est
1085 4829 1198 4883 veri
1233 4841 1287 4883 et
1319 4830 1370 4882 in
1405 4829 1488 4884 eis
1513 4831 1758 4884 contenti
1793 4829 1975 4883 Domi-

379 4919 498 4974 nici
539 4921 788 4988 corporis
817 4931 871 4975 et
901 4923 1065 4975 etiam
1103 4921 1315 4993 mystici
1352 4924 1597 4990 corporis
1622 4964 1636 4986 ,
1672 4924 1742 4975 ita
1773 4938 1974 4992 corpus

380 5025 583 5065 verum
608 5013 836 5079 ﬁguram
861 5011 1069 5080 mystici
1087 5018 1144 5064 et
1173 5010 1529 5064 ecclesiastici
1556 5011 1803 5078 corporis
1830 5025 1974 5064 esse.

383 5103 471 5159 Ad
513 5103 632 5157 haec
665 5118 856 5157 verum
885 5103 1103 5157 Domini
1150 5117 1353 5170 corpus
1385 5102 1529 5171 quod
1563 5102 1616 5156 in
1652 5102 1810 5156 altari
1842 5118 1975 5157 con-

381 5211 664 5262 secratur,
709 5197 1018 5252 futurorum
1049 5197 1278 5266 ﬁguram
1313 5197 1421 5251 dici
1447 5237 1463 5260 ,
1510 5196 1880 5251 Dantascenus
1909 5214 1973 5252 eo

384 5308 503 5363 quo
530 5308 696 5362 supra
751 5293 1181 5347 memoravimus
1215 5293 1360 5357 loco,
1393 5300 1650 5346 testatur.
1686 5291 1980 5360 Signiﬁca-

389 5387 528 5447 tiva,
572 5384 774 5454 inquit,
811 5386 1128 5439 futurorum
1161 5383 1447 5448 dicuntur,
1496 5399 1602 5438 non
1635 5385 1762 5454 quia
1791 5400 1979 5438 verum

389 5481 510 5532 sint
569 5493 772 5548 corpus
815 5482 1148 5548 sanguisque
1194 5477 1398 5531 Christi
1454 5493 1656 5540 verus,
1705 5478 1800 5532 sed
1853 5479 1979 5548 quia

390 5587 548 5626 nunc
573 5571 794 5642 quidem
820 5587 916 5640 per
940 5572 1028 5624 illa
1052 5570 1362 5624 divinitatis
1385 5569 1688 5638 participes
1711 5569 1982 5625 ellicintur

395 5673 533 5720 tunc
563 5679 696 5720 vero
729 5680 826 5734 per
858 5664 1195 5719 intellectum
1233 5663 1349 5717 sola
1377 5661 1587 5716 visione
1617 5661 1866 5716 fruemur
1898 5662 1983 5717 die

475 5843 492 5876 ¹
527 5844 686 5901 item.
723 5859 838 5912 vui,
870 5847 958 5900 50.
1036 5844 1091 5898 'l
1130 5845 1257 5898 Cor.
1304 5857 1393 5909 xv,
1425 5841 1478 5895 5.
1557 5839 1620 5892 ³1
1654 5837 1798 5896 l'ctr.
1839 5855 1896 5906 ll,
1932 5839 2022 5892 2i.

2077 4555 2130 4607 itt
2161 4568 2349 4606 eremo
2377 4551 2626 4620 corporis
2657 4551 2874 4604 Domini
2908 4550 2960 4602 in
2992 4565 3155 4602 cruce
3193 4547 3508 4617 pendentis.
3553 4545 3656 4599 Ve-

2075 4663 2194 4701 rqu
2233 4645 2324 4699 illa
2352 4644 2574 4713 quidem
2618 4642 2805 4711 ﬁgura:
2855 4651 3065 4695 tantum
3092 4652 3271 4702 erant.
3317 4650 3374 4695 ct
3419 4642 3651 4694 aliorum

2075 4739 2458 4810 signiﬁcativa,
2507 4753 2617 4791 non
2665 4736 2941 4798 eﬁ'ectiva.
2991 4744 3045 4788 et
3098 4749 3381 4788 sacrorum
3431 4732 3654 4802 quidem

2076 4826 2480 4896 signiﬁcativa,
2536 4840 2644 4878 non
2696 4825 2815 4894 ipsa
2870 4839 3048 4879 sacra.
3111 4823 3304 4877 Nostra
3357 4838 3489 4877 vero
3548 4837 3656 4874 non

2079 4920 2244 4973 modo
2277 4919 2640 4988 signiﬁcativa
2675 4927 2729 4971 et
2781 4917 2968 4987 ﬁgura:
3013 4915 3208 4969 salutis
3243 4925 3410 4978 sunt,
3467 4929 3655 4968 verum

2079 5012 2243 5066 etiam
2271 5011 2549 5066 salutifera
2569 5051 2584 5074 ,
2614 5009 2720 5064 hoc
2768 5019 2854 5063 cst
2908 5007 3161 5062 cti‘ectiva
3185 5007 3399 5070 salutis,
3431 5005 3656 5074 ipsaque

2081 5122 2238 5161 sacra
2271 5116 2328 5159 et
2367 5120 2537 5159 sacrae
2585 5119 2867 5159 sacrarunt
2899 5118 3084 5156 rerum
3118 5099 3321 5170 ﬁgurat.
3356 5099 3472 5153 Hoc
3506 5096 3654 5152 enim

2084 5201 2316 5254 interest
2367 5196 2512 5250 inter
2563 5198 2766 5250 veteris
2795 5205 2850 5248 et
2889 5209 3042 5248 nova:
3090 5191 3225 5261 legis
3267 5200 3613 5246 sacramenta
3641 5229 3656 5252 ,

2079 5291 2226 5360 quod
2264 5291 2355 5344 illa
2392 5290 2616 5359 quidem
2653 5288 2921 5342 duntaxat
2964 5285 3353 5355 signiﬁcabant
3399 5284 3655 5349 salutem,

2080 5383 2195 5437 haec
2223 5383 2388 5437 etiam
2419 5381 2684 5452 prasbcut,
2721 5390 2775 5434 et
2809 5378 2899 5432 illa
2954 5378 3176 5448 quidem
3211 5391 3321 5430 non
3352 5390 3532 5440 sacra,
3557 5374 3656 5430 sed

2079 5490 2362 5531 Sacrarum
2417 5470 2797 5528 tantummodo
2845 5485 3028 5524 rerum
3079 5467 3438 5539 signiﬁcativa
3485 5484 3500 5524 :
3541 5466 3658 5520 haec

2079 5580 2262 5623 autem
2298 5577 2354 5622 et
2400 5566 2760 5636 signiﬁcativa
2807 5577 3088 5617 sacrarum
3123 5576 3306 5614 rerum
3357 5567 3520 5627 atque
3577 5556 3659 5611 ef-

2081 5662 2277 5718 fectiva
2324 5671 2473 5716 sunt.
2531 5658 2669 5716 llinc
2718 5667 2940 5714 sanctus
2990 5654 3230 5717 Hilarius
3279 5654 3357 5713 ait
3391 5673 3402 5712 :
3441 5653 3656 5726 Corpus
